  <div class='ocr_page' id='page_1' title='image "/cluster/home/n/w/nwhite01/storage/ocr_20150623/24/hvd.32044019207729/570.png"; bbox 0 0 3956 6510; ppageno 0'>
   <div class='ocr_carea' id='block_1_1' title="bbox 266 434 408 490">
    <p class='ocr_par' dir='ltr' id='par_1_1' title="bbox 266 434 408 490">
     <span class='ocr_line' id='line_1_1' title="bbox 266 434 408 490; baseline 0.042 -5"><span class='ocrx_word' id='word_1_1' title='bbox 266 434 408 490; x_wconf 75' lang='lat'><strong>“09</strong></span> 
     </span>
    </p>
   </div>
   <div class='ocr_carea' id='block_1_2' title="bbox 1332 446 2444 518">
    <p class='ocr_par' dir='ltr' id='par_1_2' title="bbox 1332 446 2444 518">
     <span class='ocr_line' id='line_1_2' title="bbox 1332 446 2444 518; baseline 0.014 -16"><span class='ocrx_word' id='word_1_2' title='bbox 1332 446 1420 503; x_wconf 88' lang='lat' dir='ltr'><strong>DE</strong></span> <span class='ocrx_word' id='word_1_3' title='bbox 1474 449 1701 508; x_wconf 77' lang='lat' dir='ltr'><strong>RESUR</strong></span> <span class='ocrx_word' id='word_1_4' title='bbox 1717 451 2075 511; x_wconf 62' lang='lat' dir='ltr'><strong>RECTIObE.</strong></span> <span class='ocrx_word' id='word_1_5' title='bbox 2114 488 2179 500; x_wconf 90' lang='lat'><strong><em>—</em></strong></span> <span class='ocrx_word' id='word_1_6' title='bbox 2218 459 2344 515; x_wconf 81' lang='lat' dir='ltr'><strong>LIB.</strong></span> <span class='ocrx_word' id='word_1_7' title='bbox 2381 463 2444 518; x_wconf 87' lang='lat' dir='ltr'><strong>ll.</strong></span> 
     </span>
    </p>
   </div>
   <div class='ocr_carea' id='block_1_3' title="bbox 3362 480 3492 534">
    <p class='ocr_par' dir='ltr' id='par_1_3' title="bbox 3362 480 3492 534">
     <span class='ocr_line' id='line_1_3' title="bbox 3362 480 3492 534; baseline 0.031 -4"><span class='ocrx_word' id='word_1_8' title='bbox 3362 480 3492 534; x_wconf 70' lang='lat' dir='ltr'><strong>illi!</strong></span> 
     </span>
    </p>
   </div>
   <div class='ocr_carea' id='block_1_4' title="bbox 261 546 3492 651">
    <p class='ocr_par' dir='ltr' id='par_1_4' title="bbox 261 546 3492 651">
     <span class='ocr_line' id='line_1_4' title="bbox 261 546 3492 651; baseline 0.015 -54"><span class='ocrx_word' id='word_1_9' title='bbox 261 546 562 651; x_wconf 42' lang='lat' dir='ltr'><strong>Quomodo.</strong></span> <span class='ocrx_word' id='word_1_10' title='bbox 577 548 696 651; x_wconf 65' lang='lat' dir='ltr'><strong>vult</strong></span> <span class='ocrx_word' id='word_1_11' title='bbox 724 548 1056 651; x_wconf 80' lang='lat' dir='ltr'><strong>Stephanum</strong></span> <span class='ocrx_word' id='word_1_12' title='bbox 1074 555 1109 651; x_wconf 65' lang='grc' dir='ltr'><strong>2Δ</strong></span> <span class='ocrx_word' id='word_1_13' title='bbox 1122 555 1195 612; x_wconf 90' lang='lat' dir='ltr'><strong>De</strong></span> <span class='ocrx_word' id='word_1_14' title='bbox 1234 559 1337 614; x_wconf 86' lang='lat' dir='ltr'><strong>hoc</strong></span> <span class='ocrx_word' id='word_1_15' title='bbox 1370 565 1618 619; x_wconf 90' lang='lat' dir='ltr'><strong>concedit</strong></span> <span class='ocrx_word' id='word_1_16' title='bbox 1658 566 1839 621; x_wconf 89' lang='lat' dir='ltr'><strong>Domi-</strong></span> <span class='ocrx_word' id='word_1_17' title='bbox 1866 574 1913 630; x_wconf 84' lang='grc' dir='ltr'>Α</span> <span class='ocrx_word' id='word_1_18' title='bbox 1941 570 2174 624; x_wconf 66' lang='lat' dir='ltr'><strong>decorum</strong></span> <span class='ocrx_word' id='word_1_19' title='bbox 2215 574 2452 642; x_wconf 85' lang='lat' dir='ltr'><strong>primarii</strong></span> <span class='ocrx_word' id='word_1_20' title='bbox 2487 575 2803 651; x_wconf 70' lang='lat' dir='ltr'><strong>Synagogae,</strong></span> <span class='ocrx_word' id='word_1_21' title='bbox 2838 590 2931 639; x_wconf 91' lang='lat' dir='ltr'><strong>aut</strong></span> <span class='ocrx_word' id='word_1_22' title='bbox 2957 586 3311 645; x_wconf 87' lang='lat' dir='ltr'><strong>transferrent</strong></span> <span class='ocrx_word' id='word_1_23' title='bbox 3337 596 3492 646; x_wconf 79' lang='lat' dir='ltr'><strong>corda</strong></span> 
     </span>
    </p>
   </div>
   <div class='ocr_carea' id='block_1_5' title="bbox 261 634 1835 716">
    <p class='ocr_par' dir='ltr' id='par_1_5' title="bbox 261 634 1835 716">
     <span class='ocr_line' id='line_1_5' title="bbox 261 634 1835 716; baseline 0.014 -27"><span class='ocrx_word' id='word_1_24' title='bbox 261 652 365 689; x_wconf 91' lang='lat' dir='ltr'><strong>nus</strong></span> <span class='ocrx_word' id='word_1_25' title='bbox 401 654 415 690; x_wconf 90' lang='lat'><strong>:</strong></span> <span class='ocrx_word' id='word_1_26' title='bbox 447 634 637 693; x_wconf 70' lang='lat' dir='ltr'><strong>suﬁcit</strong></span> <span class='ocrx_word' id='word_1_27' title='bbox 683 641 781 696; x_wconf 88' lang='lat' dir='ltr'><strong>hoc</strong></span> <span class='ocrx_word' id='word_1_28' title='bbox 826 643 892 697; x_wconf 91' lang='lat' dir='ltr'><strong>ad</strong></span> <span class='ocrx_word' id='word_1_29' title='bbox 923 646 1222 702; x_wconf 92' lang='lat' dir='ltr'><strong>victoriam.</strong></span> <span class='ocrx_word' id='word_1_30' title='bbox 1280 653 1557 716; x_wconf 84' lang='lat' dir='ltr'><strong>Quomodo</strong></span> <span class='ocrx_word' id='word_1_31' title='bbox 1591 656 1835 711; x_wconf 86' lang='lat' dir='ltr'><strong>concedit</strong></span> 
     </span>
    </p>
   </div>
   <div class='ocr_carea' id='block_1_6' title="bbox 262 726 1835 816">
    <p class='ocr_par' dir='ltr' id='par_1_6' title="bbox 262 726 1835 816">
     <span class='ocr_line' id='line_1_6' title="bbox 262 726 1835 816; baseline 0.015 -37"><span class='ocrx_word' id='word_1_32' title='bbox 262 726 624 797; x_wconf 78' lang='lat' dir='ltr'><strong>Stephanum,</strong></span> <span class='ocrx_word' id='word_1_33' title='bbox 655 741 709 784; x_wconf 91' lang='lat' dir='ltr'><strong>et</strong></span> <span class='ocrx_word' id='word_1_34' title='bbox 740 748 844 787; x_wconf 89' lang='lat' dir='ltr'><strong>non</strong></span> <span class='ocrx_word' id='word_1_35' title='bbox 876 738 1122 791; x_wconf 84' lang='lat' dir='ltr'><strong>concedit</strong></span> <span class='ocrx_word' id='word_1_36' title='bbox 1165 747 1219 792; x_wconf 88' lang='lat' dir='ltr'><strong>et</strong></span> <span class='ocrx_word' id='word_1_37' title='bbox 1265 742 1436 797; x_wconf 81' lang='lat' dir='ltr'><strong>alios?</strong></span> <span class='ocrx_word' id='word_1_38' title='bbox 1463 744 1532 800; x_wconf 90' lang='lat' dir='ltr'><strong>Ut</strong></span> <span class='ocrx_word' id='word_1_39' title='bbox 1575 761 1835 816; x_wconf 64' lang='lat' dir='ltr'><strong>agnosce.</strong></span> 
     </span>
    </p>
   </div>
   <div class='ocr_carea' id='block_1_7' title="bbox 262 822 1830 905">
    <p class='ocr_par' dir='ltr' id='par_1_7' title="bbox 262 822 1830 905">
     <span class='ocr_line' id='line_1_7' title="bbox 262 822 1830 905; baseline 0.013 -32"><span class='ocrx_word' id='word_1_40' title='bbox 262 830 414 874; x_wconf 91' lang='lat' dir='ltr'><strong>retur</strong></span> <span class='ocrx_word' id='word_1_41' title='bbox 443 822 568 891; x_wconf 85' lang='lat' dir='ltr'><strong>quia</strong></span> <span class='ocrx_word' id='word_1_42' title='bbox 621 834 829 879; x_wconf 91' lang='lat' dir='ltr'><strong>mortua</strong></span> <span class='ocrx_word' id='word_1_43' title='bbox 877 837 961 882; x_wconf 91' lang='lat' dir='ltr'><strong>est</strong></span> <span class='ocrx_word' id='word_1_44' title='bbox 1006 847 1169 899; x_wconf 89' lang='lat' dir='ltr'><strong>mors,</strong></span> <span class='ocrx_word' id='word_1_45' title='bbox 1206 842 1259 889; x_wconf 93' lang='lat' dir='ltr'><strong>et</strong></span> <span class='ocrx_word' id='word_1_46' title='bbox 1290 837 1413 903; x_wconf 93' lang='lat' dir='ltr'><strong>quia</strong></span> <span class='ocrx_word' id='word_1_47' title='bbox 1462 850 1557 905; x_wconf 87' lang='lat' dir='ltr'><strong>per</strong></span> <span class='ocrx_word' id='word_1_48' title='bbox 1604 850 1830 893; x_wconf 90' lang='lat' dir='ltr'><strong>mortem</strong></span> 
     </span>
    </p>
   </div>
   <div class='ocr_carea' id='block_1_8' title="bbox 260 911 1829 997">
    <p class='ocr_par' dir='ltr' id='par_1_8' title="bbox 260 911 1829 997">
     <span class='ocr_line' id='line_1_8' title="bbox 260 911 1829 997; baseline 0.012 -33"><span class='ocrx_word' id='word_1_49' title='bbox 260 911 513 966; x_wconf 80' lang='lat' dir='ltr'><strong>firmatur</strong></span> <span class='ocrx_word' id='word_1_50' title='bbox 542 918 895 982; x_wconf 86' lang='lat' dir='ltr'><strong>resurrectio;</strong></span> <span class='ocrx_word' id='word_1_51' title='bbox 932 929 989 975; x_wconf 93' lang='lat' dir='ltr'><strong>ut</strong></span> <span class='ocrx_word' id='word_1_52' title='bbox 1024 935 1409 990; x_wconf 83' lang='lat' dir='ltr'><strong>agnosceretur</strong></span> <span class='ocrx_word' id='word_1_53' title='bbox 1434 928 1556 996; x_wconf 86' lang='lat' dir='ltr'><strong>quia</strong></span> <span class='ocrx_word' id='word_1_54' title='bbox 1585 929 1717 983; x_wconf 85' lang='lat' dir='ltr'><strong>vivit</strong></span> <span class='ocrx_word' id='word_1_55' title='bbox 1742 932 1829 997; x_wconf 93' lang='lat' dir='ltr'><strong>qui</strong></span> 
     </span>
    </p>
   </div>
   <div class='ocr_carea' id='block_1_9' title="bbox 260 1002 1830 1090">
    <p class='ocr_par' dir='ltr' id='par_1_9' title="bbox 260 1002 1830 1090">
     <span class='ocr_line' id='line_1_9' title="bbox 260 1002 1830 1090; baseline 0.013 -35"><span class='ocrx_word' id='word_1_56' title='bbox 260 1002 522 1058; x_wconf 79' lang='lat' dir='ltr'><strong>vivificat.</strong></span> <span class='ocrx_word' id='word_1_57' title='bbox 554 1005 751 1060; x_wconf 85' lang='lat' dir='ltr'><strong>Volunt</strong></span> <span class='ocrx_word' id='word_1_58' title='bbox 779 1007 947 1064; x_wconf 69' lang='lat' dir='ltr'><strong>Judaai</strong></span> <span class='ocrx_word' id='word_1_59' title='bbox 980 1021 1035 1066; x_wconf 92' lang='lat' dir='ltr'><strong>et</strong></span> <span class='ocrx_word' id='word_1_60' title='bbox 1082 1030 1184 1068; x_wconf 91' lang='lat' dir='ltr'><strong>non</strong></span> <span class='ocrx_word' id='word_1_61' title='bbox 1220 1027 1465 1085; x_wconf 90' lang='lat' dir='ltr'><strong>possunt.</strong></span> <span class='ocrx_word' id='word_1_62' title='bbox 1507 1019 1723 1090; x_wconf 85' lang='lat' dir='ltr'><strong>Moysen</strong></span> <span class='ocrx_word' id='word_1_63' title='bbox 1749 1021 1830 1075; x_wconf 92' lang='lat' dir='ltr'><strong>fa-</strong></span> 
     </span>
    </p>
   </div>
   <div class='ocr_carea' id='block_1_10' title="bbox 260 1094 1833 1181">
    <p class='ocr_par' dir='ltr' id='par_1_10' title="bbox 260 1094 1833 1181">
     <span class='ocr_line' id='line_1_10' title="bbox 260 1094 1833 1181; baseline 0.013 -34"><span class='ocrx_word' id='word_1_64' title='bbox 260 1094 494 1149; x_wconf 89' lang='lat' dir='ltr'><strong>cientem</strong></span> <span class='ocrx_word' id='word_1_65' title='bbox 526 1097 676 1168; x_wconf 91' lang='lat' dir='ltr'><strong>signa</strong></span> <span class='ocrx_word' id='word_1_66' title='bbox 710 1101 875 1154; x_wconf 90' lang='lat' dir='ltr'><strong>voluit</strong></span> <span class='ocrx_word' id='word_1_67' title='bbox 927 1100 1090 1159; x_wconf 90' lang='lat' dir='ltr'><strong>Israel</strong></span> <span class='ocrx_word' id='word_1_68' title='bbox 1136 1107 1398 1177; x_wconf 84' lang='lat' dir='ltr'><strong>lapidare,</strong></span> <span class='ocrx_word' id='word_1_69' title='bbox 1447 1118 1503 1165; x_wconf 89' lang='lat' dir='ltr'><strong>et</strong></span> <span class='ocrx_word' id='word_1_70' title='bbox 1546 1113 1833 1181; x_wconf 87' lang='lat' dir='ltr'><strong>prophetas</strong></span> 
     </span>
    </p>
   </div>
   <div class='ocr_carea' id='block_1_11' title="bbox 259 1184 1828 1267">
    <p class='ocr_par' dir='ltr' id='par_1_11' title="bbox 259 1184 1828 1267">
     <span class='ocr_line' id='line_1_11' title="bbox 259 1184 1828 1267; baseline 0.011 -28"><span class='ocrx_word' id='word_1_71' title='bbox 259 1184 600 1249; x_wconf 90' lang='lat' dir='ltr'><strong>occiderunt,</strong></span> <span class='ocrx_word' id='word_1_72' title='bbox 638 1194 692 1242; x_wconf 90' lang='lat' dir='ltr'><strong>et</strong></span> <span class='ocrx_word' id='word_1_73' title='bbox 733 1188 834 1243; x_wconf 91' lang='lat' dir='ltr'><strong>hoc</strong></span> <span class='ocrx_word' id='word_1_74' title='bbox 876 1191 948 1245; x_wconf 90' lang='lat' dir='ltr'><strong>ita</strong></span> <span class='ocrx_word' id='word_1_75' title='bbox 985 1195 1305 1261; x_wconf 90' lang='lat' dir='ltr'><strong>prohibente</strong></span> <span class='ocrx_word' id='word_1_76' title='bbox 1332 1198 1467 1267; x_wconf 83' lang='lat' dir='ltr'><strong>lege.</strong></span> <span class='ocrx_word' id='word_1_77' title='bbox 1500 1199 1828 1264; x_wconf 89' lang='lat' dir='ltr'><strong>Piscatores,</strong></span> 
     </span>
    </p>
   </div>
   <div class='ocr_carea' id='block_1_12' title="bbox 260 1282 1829 1354">
    <p class='ocr_par' dir='ltr' id='par_1_12' title="bbox 260 1282 1829 1354">
     <span class='ocr_line' id='line_1_12' title="bbox 260 1282 1829 1354; baseline 0.011 -29"><span class='ocrx_word' id='word_1_78' title='bbox 260 1283 554 1343; x_wconf 83' lang='lat' dir='ltr'><strong>arguentes</strong></span> <span class='ocrx_word' id='word_1_79' title='bbox 589 1291 682 1332; x_wconf 91' lang='lat' dir='ltr'><strong>eos</strong></span> <span class='ocrx_word' id='word_1_80' title='bbox 719 1287 770 1333; x_wconf 91' lang='lat' dir='ltr'><strong>et</strong></span> <span class='ocrx_word' id='word_1_81' title='bbox 797 1282 1147 1349; x_wconf 66' lang='lat' dir='ltr'><strong>praedicantes</strong></span> <span class='ocrx_word' id='word_1_82' title='bbox 1174 1283 1526 1354; x_wconf 78' lang='lat' dir='ltr'><strong>Crucillxum,</strong></span> <span class='ocrx_word' id='word_1_83' title='bbox 1558 1302 1662 1343; x_wconf 91' lang='lat' dir='ltr'><strong>non</strong></span> <span class='ocrx_word' id='word_1_84' title='bbox 1684 1290 1829 1345; x_wconf 84' lang='lat' dir='ltr'><strong>occi—</strong></span> 
     </span>
    </p>
   </div>
   <div class='ocr_carea' id='block_1_13' title="bbox 260 1367 1827 1447">
    <p class='ocr_par' dir='ltr' id='par_1_13' title="bbox 260 1367 1827 1447">
     <span class='ocr_line' id='line_1_13' title="bbox 260 1367 1827 1447; baseline 0.013 -28"><span class='ocrx_word' id='word_1_85' title='bbox 260 1367 458 1421; x_wconf 91' lang='lat' dir='ltr'><strong>derunt</strong></span> <span class='ocrx_word' id='word_1_86' title='bbox 491 1384 507 1421; x_wconf 92' lang='lat'><strong>:</strong></span> <span class='ocrx_word' id='word_1_87' title='bbox 544 1367 829 1436; x_wconf 82' lang='lat' dir='ltr'><strong>Lazarum,</strong></span> <span class='ocrx_word' id='word_1_88' title='bbox 860 1374 986 1442; x_wconf 90' lang='lat' dir='ltr'><strong>quia</strong></span> <span class='ocrx_word' id='word_1_89' title='bbox 1036 1378 1332 1431; x_wconf 81' lang='lat' dir='ltr'><strong>resurrexit</strong></span> <span class='ocrx_word' id='word_1_90' title='bbox 1380 1393 1410 1433; x_wconf 91' lang='lat' dir='ltr'><strong>a</strong></span> <span class='ocrx_word' id='word_1_91' title='bbox 1462 1384 1709 1447; x_wconf 90' lang='lat' dir='ltr'><strong>mortuis,</strong></span> <span class='ocrx_word' id='word_1_92' title='bbox 1731 1398 1827 1438; x_wconf 91' lang='lat' dir='ltr'><strong>vo-</strong></span> 
     </span>
    </p>
   </div>
   <div class='ocr_carea' id='block_1_14' title="bbox 258 1456 1826 1537">
    <p class='ocr_par' dir='ltr' id='par_1_14' title="bbox 258 1456 1826 1537">
     <span class='ocr_line' id='line_1_14' title="bbox 258 1456 1826 1537; baseline 0.012 -30"><span class='ocrx_word' id='word_1_93' title='bbox 258 1456 477 1512; x_wconf 91' lang='lat' dir='ltr'><strong>luerunt</strong></span> <span class='ocrx_word' id='word_1_94' title='bbox 518 1459 788 1524; x_wconf 90' lang='lat' dir='ltr'><strong>occidere,</strong></span> <span class='ocrx_word' id='word_1_95' title='bbox 840 1471 900 1516; x_wconf 93' lang='lat' dir='ltr'><strong>ut</strong></span> <span class='ocrx_word' id='word_1_96' title='bbox 948 1464 1340 1521; x_wconf 81' lang='lat' dir='ltr'><strong>mortificarent</strong></span> <span class='ocrx_word' id='word_1_97' title='bbox 1376 1469 1826 1537; x_wconf 85' lang='lat' dir='ltr'><strong>admirationem;</strong></span> 
     </span>
    </p>
   </div>
   <div class='ocr_carea' id='block_1_15' title="bbox 258 1540 1830 1616">
    <p class='ocr_par' dir='ltr' id='par_1_15' title="bbox 258 1540 1830 1616">
     <span class='ocr_line' id='line_1_15' title="bbox 258 1540 1830 1616; baseline 0.007 -17"><span class='ocrx_word' id='word_1_98' title='bbox 258 1555 315 1599; x_wconf 89' lang='lat' dir='ltr'><strong>et</strong></span> <span class='ocrx_word' id='word_1_99' title='bbox 342 1540 557 1616; x_wconf 49' lang='lat' dir='ltr'><strong>eos&#39;qui</strong></span> <span class='ocrx_word' id='word_1_100' title='bbox 598 1549 889 1612; x_wconf 78' lang='lat' dir='ltr'><strong>praedicant</strong></span> <span class='ocrx_word' id='word_1_101' title='bbox 926 1555 1371 1610; x_wconf 85' lang='lat' dir='ltr'><strong>resurrectionem</strong></span> <span class='ocrx_word' id='word_1_102' title='bbox 1402 1555 1549 1612; x_wconf 82' lang='lat' dir='ltr'><strong>afﬁxi</strong></span> <span class='ocrx_word' id='word_1_103' title='bbox 1583 1560 1726 1614; x_wconf 89' lang='lat' dir='ltr'><strong>cruci</strong></span> <span class='ocrx_word' id='word_1_104' title='bbox 1763 1559 1830 1612; x_wconf 91' lang='lat' dir='ltr'><strong>ab</strong></span> 
     </span>
    </p>
   </div>
   <div class='ocr_carea' id='block_1_16' title="bbox 259 1636 1826 1715">
    <p class='ocr_par' dir='ltr' id='par_1_16' title="bbox 259 1636 1826 1715">
     <span class='ocr_line' id='line_1_16' title="bbox 259 1636 1826 1715; baseline 0.01 -25"><span class='ocrx_word' id='word_1_105' title='bbox 259 1636 414 1705; x_wconf 87' lang='lat' dir='ltr'><strong>ipsis,</strong></span> <span class='ocrx_word' id='word_1_106' title='bbox 471 1654 576 1693; x_wconf 90' lang='lat' dir='ltr'><strong>non</strong></span> <span class='ocrx_word' id='word_1_107' title='bbox 617 1640 953 1695; x_wconf 81' lang='lat' dir='ltr'><strong>occiderunt.</strong></span> <span class='ocrx_word' id='word_1_108' title='bbox 1004 1641 1107 1698; x_wconf 91' lang='lat' dir='ltr'><strong>Sed</strong></span> <span class='ocrx_word' id='word_1_109' title='bbox 1158 1654 1279 1714; x_wconf 86' lang='lat' dir='ltr'><strong>puta</strong></span> <span class='ocrx_word' id='word_1_110' title='bbox 1330 1648 1456 1715; x_wconf 87' lang='lat' dir='ltr'><strong>quia</strong></span> <span class='ocrx_word' id='word_1_111' title='bbox 1498 1646 1668 1703; x_wconf 66' lang='lat' dir='ltr'><strong>Judaei</strong></span> <span class='ocrx_word' id='word_1_112' title='bbox 1702 1650 1826 1705; x_wconf 86' lang='lat' dir='ltr'><strong>victi</strong></span> 
     </span>
    </p>
   </div>
   <div class='ocr_carea' id='block_1_17' title="bbox 256 1730 1824 1804">
    <p class='ocr_par' dir='ltr' id='par_1_17' title="bbox 256 1730 1824 1804">
     <span class='ocr_line' id='line_1_17' title="bbox 256 1730 1824 1804; baseline 0.008 -22"><span class='ocrx_word' id='word_1_113' title='bbox 256 1738 407 1783; x_wconf 88' lang='lat' dir='ltr'><strong>sunt.</strong></span> <span class='ocrx_word' id='word_1_114' title='bbox 452 1730 835 1800; x_wconf 88' lang='lat' dir='ltr'><strong>Cogitaverunt</strong></span> <span class='ocrx_word' id='word_1_115' title='bbox 888 1743 1064 1788; x_wconf 87' lang='lat' dir='ltr'><strong>autem</strong></span> <span class='ocrx_word' id='word_1_116' title='bbox 1121 1736 1413 1804; x_wconf 89' lang='lat' dir='ltr'><strong>piscatores</strong></span> <span class='ocrx_word' id='word_1_117' title='bbox 1457 1738 1523 1793; x_wconf 93' lang='lat' dir='ltr'><strong>ad</strong></span> <span class='ocrx_word' id='word_1_118' title='bbox 1570 1740 1824 1794; x_wconf 92' lang='lat' dir='ltr'><strong>mundum</strong></span> 
     </span>
    </p>
   </div>
   <div class='ocr_carea' id='block_1_18' title="bbox 256 1821 1822 1897">
    <p class='ocr_par' dir='ltr' id='par_1_18' title="bbox 256 1821 1822 1897">
     <span class='ocr_line' id='line_1_18' title="bbox 256 1821 1822 1897; baseline 0.006 -21"><span class='ocrx_word' id='word_1_119' title='bbox 256 1821 432 1879; x_wconf 76' lang='lat' dir='ltr'><strong>exire.</strong></span> <span class='ocrx_word' id='word_1_120' title='bbox 462 1822 505 1877; x_wconf 88' lang='lat' dir='ltr'><strong>si</strong></span> <span class='ocrx_word' id='word_1_121' title='bbox 543 1821 789 1878; x_wconf 85' lang='lat' dir='ltr'><strong>homines</strong></span> <span class='ocrx_word' id='word_1_122' title='bbox 816 1825 882 1878; x_wconf 91' lang='lat' dir='ltr'><strong>ad</strong></span> <span class='ocrx_word' id='word_1_123' title='bbox 923 1826 1182 1881; x_wconf 82' lang='lat' dir='ltr'><strong>terminos</strong></span> <span class='ocrx_word' id='word_1_124' title='bbox 1232 1828 1413 1882; x_wconf 92' lang='lat' dir='ltr'><strong>mundi</strong></span> <span class='ocrx_word' id='word_1_125' title='bbox 1464 1830 1579 1884; x_wconf 86' lang='lat' dir='ltr'><strong>sine</strong></span> <span class='ocrx_word' id='word_1_126' title='bbox 1609 1830 1822 1897; x_wconf 89' lang='lat' dir='ltr'><strong>litteris,</strong></span> 
     </span>
    </p>
   </div>
   <div class='ocr_carea' id='block_1_19' title="bbox 258 1912 1898 1991">
    <p class='ocr_par' dir='ltr' id='par_1_19' title="bbox 258 1912 1898 1991">
     <span class='ocr_line' id='line_1_19' title="bbox 258 1912 1898 1991; baseline 0.005 -27"><span class='ocrx_word' id='word_1_127' title='bbox 258 1912 326 1964; x_wconf 80' lang='lat' dir='ltr'><strong>ad</strong></span> <span class='ocrx_word' id='word_1_128' title='bbox 354 1913 595 1967; x_wconf 90' lang='lat' dir='ltr'><strong>eruditos</strong></span> <span class='ocrx_word' id='word_1_129' title='bbox 627 1914 886 1982; x_wconf 87' lang='lat' dir='ltr'><strong>imperiti,</strong></span> <span class='ocrx_word' id='word_1_130' title='bbox 914 1917 1173 1984; x_wconf 87' lang='lat' dir='ltr'><strong>ignobiles</strong></span> <span class='ocrx_word' id='word_1_131' title='bbox 1203 1919 1269 1970; x_wconf 92' lang='lat' dir='ltr'><strong>ad</strong></span> <span class='ocrx_word' id='word_1_132' title='bbox 1304 1921 1595 1987; x_wconf 88' lang='lat' dir='ltr'><strong>ingenuos;</strong></span> <span class='ocrx_word' id='word_1_133' title='bbox 1626 1922 1825 1991; x_wconf 81' lang='lat' dir='ltr'><strong>cogita-</strong></span> <span class='ocrx_word' id='word_1_134' title='bbox 1856 1918 1898 1972; x_wconf 89' lang='grc' dir='ltr'><strong>Β</strong></span> 
     </span>
    </p>
   </div>
   <div class='ocr_carea' id='block_1_20' title="bbox 257 2008 1822 2079">
    <p class='ocr_par' dir='ltr' id='par_1_20' title="bbox 257 2008 1822 2079">
     <span class='ocr_line' id='line_1_20' title="bbox 257 2008 1822 2079; baseline 0.007 -23"><span class='ocrx_word' id='word_1_135' title='bbox 257 2014 453 2059; x_wconf 90' lang='lat' dir='ltr'><strong>verunt</strong></span> <span class='ocrx_word' id='word_1_136' title='bbox 481 2014 536 2059; x_wconf 91' lang='lat' dir='ltr'><strong>et</strong></span> <span class='ocrx_word' id='word_1_137' title='bbox 566 2014 716 2061; x_wconf 89' lang='lat' dir='ltr'><strong>tanto</strong></span> <span class='ocrx_word' id='word_1_138' title='bbox 757 2008 1091 2062; x_wconf 87' lang='lat' dir='ltr'><strong>donaverunt</strong></span> <span class='ocrx_word' id='word_1_139' title='bbox 1125 2009 1237 2079; x_wconf 78' lang='grc'><strong>(91)</strong></span> <span class='ocrx_word' id='word_1_140' title='bbox 1289 2008 1545 2079; x_wconf 77' lang='lat' dir='ltr'><strong>Magistro</strong></span> <span class='ocrx_word' id='word_1_141' title='bbox 1590 2022 1822 2077; x_wconf 90' lang='lat' dir='ltr'><strong>mortuo,</strong></span> 
     </span>
    </p>
   </div>
   <div class='ocr_carea' id='block_1_21' title="bbox 255 2098 1823 2171">
    <p class='ocr_par' dir='ltr' id='par_1_21' title="bbox 255 2098 1823 2171">
     <span class='ocr_line' id='line_1_21' title="bbox 255 2098 1823 2171; baseline 0.004 -21"><span class='ocrx_word' id='word_1_142' title='bbox 255 2112 380 2150; x_wconf 89' lang='lat' dir='ltr'><strong>cum</strong></span> <span class='ocrx_word' id='word_1_143' title='bbox 418 2111 524 2166; x_wconf 93' lang='lat' dir='ltr'><strong>quo</strong></span> <span class='ocrx_word' id='word_1_144' title='bbox 554 2105 607 2152; x_wconf 91' lang='lat' dir='ltr'><strong>et</strong></span> <span class='ocrx_word' id='word_1_145' title='bbox 642 2098 842 2153; x_wconf 84' lang='lat' dir='ltr'><strong>fuere:</strong></span> <span class='ocrx_word' id='word_1_146' title='bbox 902 2110 1027 2169; x_wconf 85' lang='lat' dir='ltr'><strong>puta</strong></span> <span class='ocrx_word' id='word_1_147' title='bbox 1084 2102 1211 2169; x_wconf 90' lang='lat' dir='ltr'><strong>quia</strong></span> <span class='ocrx_word' id='word_1_148' title='bbox 1275 2101 1371 2171; x_wconf 91' lang='lat' dir='ltr'><strong>ipsi</strong></span> <span class='ocrx_word' id='word_1_149' title='bbox 1430 2103 1823 2171; x_wconf 88' lang='lat' dir='ltr'><strong>cogitaverunt,</strong></span> 
     </span>
    </p>
   </div>
   <div class='ocr_carea' id='block_1_22' title="bbox 257 2190 1823 2262">
    <p class='ocr_par' dir='ltr' id='par_1_22' title="bbox 257 2190 1823 2262">
     <span class='ocr_line' id='line_1_22' title="bbox 257 2190 1823 2262; baseline 0.003 -19"><span class='ocrx_word' id='word_1_150' title='bbox 257 2199 384 2257; x_wconf 92' lang='lat' dir='ltr'><strong>puta</strong></span> <span class='ocrx_word' id='word_1_151' title='bbox 419 2190 544 2258; x_wconf 87' lang='lat' dir='ltr'><strong>quia</strong></span> <span class='ocrx_word' id='word_1_152' title='bbox 578 2190 751 2244; x_wconf 89' lang='lat' dir='ltr'><strong>victus</strong></span> <span class='ocrx_word' id='word_1_153' title='bbox 777 2202 859 2244; x_wconf 80' lang='lat' dir='ltr'><strong>est</strong></span> <span class='ocrx_word' id='word_1_154' title='bbox 886 2210 899 2245; x_wconf 91' lang='lat'><strong>:</strong></span> <span class='ocrx_word' id='word_1_155' title='bbox 932 2192 1201 2261; x_wconf 91' lang='lat' dir='ltr'><strong>quomodo</strong></span> <span class='ocrx_word' id='word_1_156' title='bbox 1233 2202 1421 2260; x_wconf 83' lang='lat' dir='ltr'><strong>gentes</strong></span> <span class='ocrx_word' id='word_1_157' title='bbox 1446 2205 1823 2262; x_wconf 89' lang='lat' dir='ltr'><strong>susceperunt,</strong></span> 
     </span>
    </p>
   </div>
   <div class='ocr_carea' id='block_1_23' title="bbox 254 2281 1825 2351">
    <p class='ocr_par' dir='ltr' id='par_1_23' title="bbox 254 2281 1825 2351">
     <span class='ocr_line' id='line_1_23' title="bbox 254 2281 1825 2351; baseline 0.004 -16"><span class='ocrx_word' id='word_1_158' title='bbox 254 2289 313 2335; x_wconf 89' lang='lat' dir='ltr'><strong>et</strong></span> <span class='ocrx_word' id='word_1_159' title='bbox 362 2290 551 2351; x_wconf 79' lang='lat' dir='ltr'><strong>gentes</strong></span> <span class='ocrx_word' id='word_1_160' title='bbox 603 2281 890 2351; x_wconf 91' lang='lat' dir='ltr'><strong>discipulos</strong></span> <span class='ocrx_word' id='word_1_161' title='bbox 944 2283 1264 2338; x_wconf 75' lang='lat' dir='ltr'><strong>audiebant?</strong></span> <span class='ocrx_word' id='word_1_162' title='bbox 1327 2282 1443 2340; x_wconf 83' lang='lat' dir='ltr'><strong>Non</strong></span> <span class='ocrx_word' id='word_1_163' title='bbox 1497 2288 1825 2341; x_wconf 85' lang='lat' dir='ltr'><strong>consuetudo</strong></span> 
     </span>
    </p>
   </div>
   <div class='ocr_carea' id='block_1_24' title="bbox 255 2375 1823 2447">
    <p class='ocr_par' dir='ltr' id='par_1_24' title="bbox 255 2375 1823 2447">
     <span class='ocr_line' id='line_1_24' title="bbox 255 2375 1823 2447; baseline 0.001 -19"><span class='ocrx_word' id='word_1_164' title='bbox 255 2382 378 2428; x_wconf 89' lang='lat' dir='ltr'><strong>erat</strong></span> <span class='ocrx_word' id='word_1_165' title='bbox 415 2384 591 2436; x_wconf 91' lang='lat' dir='ltr'><strong>vetus,</strong></span> <span class='ocrx_word' id='word_1_166' title='bbox 647 2392 754 2429; x_wconf 92' lang='lat' dir='ltr'><strong>non</strong></span> <span class='ocrx_word' id='word_1_167' title='bbox 804 2375 1088 2431; x_wconf 89' lang='lat' dir='ltr'><strong>simulacra</strong></span> <span class='ocrx_word' id='word_1_168' title='bbox 1142 2376 1423 2442; x_wconf 90' lang='lat' dir='ltr'><strong>adornata,</strong></span> <span class='ocrx_word' id='word_1_169' title='bbox 1478 2392 1582 2432; x_wconf 93' lang='lat' dir='ltr'><strong>non</strong></span> <span class='ocrx_word' id='word_1_170' title='bbox 1630 2378 1823 2447; x_wconf 90' lang='lat' dir='ltr'><strong>templa</strong></span> 
     </span>
    </p>
   </div>
   <div class='ocr_carea' id='block_1_25' title="bbox 257 2465 1826 2538">
    <p class='ocr_par' dir='ltr' id='par_1_25' title="bbox 257 2465 1826 2538">
     <span class='ocr_line' id='line_1_25' title="bbox 257 2465 1826 2538; baseline 0.002 -19"><span class='ocrx_word' id='word_1_171' title='bbox 257 2465 502 2528; x_wconf 74' lang='lat' dir='ltr'><strong>excelsa,</strong></span> <span class='ocrx_word' id='word_1_172' title='bbox 533 2482 636 2519; x_wconf 90' lang='lat' dir='ltr'><strong>non</strong></span> <span class='ocrx_word' id='word_1_173' title='bbox 686 2469 922 2522; x_wconf 89' lang='lat' dir='ltr'><strong>sacraria</strong></span> <span class='ocrx_word' id='word_1_174' title='bbox 975 2484 1097 2538; x_wconf 68' lang='lat' dir='ltr'><strong>qua:</strong></span> <span class='ocrx_word' id='word_1_175' title='bbox 1146 2468 1314 2522; x_wconf 93' lang='lat' dir='ltr'><strong>multo</strong></span> <span class='ocrx_word' id='word_1_176' title='bbox 1367 2478 1649 2523; x_wconf 86' lang='lat' dir='ltr'><strong>tenuerant</strong></span> <span class='ocrx_word' id='word_1_177' title='bbox 1688 2482 1826 2523; x_wconf 84' lang='lat' dir='ltr'><strong>tem-</strong></span> 
     </span>
    </p>
   </div>
   <div class='ocr_carea' id='block_1_26' title="bbox 256 2561 1828 2632">
    <p class='ocr_par' dir='ltr' id='par_1_26' title="bbox 256 2561 1828 2632">
     <span class='ocr_line' id='line_1_26' title="bbox 256 2561 1828 2632; baseline 0.002 -22"><span class='ocrx_word' id='word_1_178' title='bbox 256 2573 412 2626; x_wconf 88' lang='lat' dir='ltr'><strong>pore,</strong></span> <span class='ocrx_word' id='word_1_179' title='bbox 468 2574 571 2613; x_wconf 90' lang='lat' dir='ltr'><strong>non</strong></span> <span class='ocrx_word' id='word_1_180' title='bbox 604 2574 793 2613; x_wconf 90' lang='lat' dir='ltr'><strong>versus</strong></span> <span class='ocrx_word' id='word_1_181' title='bbox 825 2561 1132 2628; x_wconf 87' lang='lat' dir='ltr'><strong>compositi,</strong></span> <span class='ocrx_word' id='word_1_182' title='bbox 1181 2575 1286 2614; x_wconf 91' lang='lat' dir='ltr'><strong>non</strong></span> <span class='ocrx_word' id='word_1_183' title='bbox 1319 2562 1565 2629; x_wconf 90' lang='lat' dir='ltr'><strong>superbia</strong></span> <span class='ocrx_word' id='word_1_184' title='bbox 1615 2564 1828 2632; x_wconf 90' lang='lat' dir='ltr'><strong>sapien-</strong></span> 
     </span>
    </p>
   </div>
   <div class='ocr_carea' id='block_1_27' title="bbox 255 2650 1826 2723">
    <p class='ocr_par' dir='ltr' id='par_1_27' title="bbox 255 2650 1826 2723">
     <span class='ocr_line' id='line_1_27' title="bbox 255 2650 1826 2723; baseline 0.001 -19"><span class='ocrx_word' id='word_1_185' title='bbox 255 2650 417 2716; x_wconf 91' lang='lat' dir='ltr'><strong>tium,</strong></span> <span class='ocrx_word' id='word_1_186' title='bbox 455 2667 557 2705; x_wconf 91' lang='lat' dir='ltr'><strong>non</strong></span> <span class='ocrx_word' id='word_1_187' title='bbox 595 2651 882 2706; x_wconf 90' lang='lat' dir='ltr'><strong>multitudo</strong></span> <span class='ocrx_word' id='word_1_188' title='bbox 914 2662 1213 2723; x_wconf 89' lang='lat' dir='ltr'><strong>poetarum,</strong></span> <span class='ocrx_word' id='word_1_189' title='bbox 1253 2669 1357 2707; x_wconf 89' lang='lat' dir='ltr'><strong>non</strong></span> <span class='ocrx_word' id='word_1_190' title='bbox 1390 2653 1635 2709; x_wconf 87' lang='lat' dir='ltr'><strong>remissio</strong></span> <span class='ocrx_word' id='word_1_191' title='bbox 1669 2653 1826 2707; x_wconf 85' lang='lat' dir='ltr'><strong>feria—</strong></span> 
     </span>
    </p>
   </div>
   <div class='ocr_carea' id='block_1_28' title="bbox 258 2744 1822 2813">
    <p class='ocr_par' dir='ltr' id='par_1_28' title="bbox 258 2744 1822 2813">
     <span class='ocr_line' id='line_1_28' title="bbox 258 2744 1822 2813; baseline 0.001 -17"><span class='ocrx_word' id='word_1_192' title='bbox 258 2759 404 2808; x_wconf 84' lang='lat' dir='ltr'><strong>rum,</strong></span> <span class='ocrx_word' id='word_1_193' title='bbox 440 2760 548 2799; x_wconf 88' lang='lat' dir='ltr'><strong>non</strong></span> <span class='ocrx_word' id='word_1_194' title='bbox 587 2744 807 2799; x_wconf 89' lang='lat' dir='ltr'><strong>traditio</strong></span> <span class='ocrx_word' id='word_1_195' title='bbox 838 2755 1145 2813; x_wconf 86' lang='lat' dir='ltr'><strong>parentum,</strong></span> <span class='ocrx_word' id='word_1_196' title='bbox 1189 2760 1295 2798; x_wconf 91' lang='lat' dir='ltr'><strong>non</strong></span> <span class='ocrx_word' id='word_1_197' title='bbox 1345 2744 1607 2798; x_wconf 89' lang='lat' dir='ltr'><strong>mirabilia</strong></span> <span class='ocrx_word' id='word_1_198' title='bbox 1651 2744 1735 2798; x_wconf 90' lang='lat' dir='ltr'><strong>illa</strong></span> <span class='ocrx_word' id='word_1_199' title='bbox 1771 2746 1822 2798; x_wconf 90' lang='lat' dir='ltr'><strong>in</strong></span> 
     </span>
    </p>
   </div>
   <div class='ocr_carea' id='block_1_29' title="bbox 262 2837 1827 2907">
    <p class='ocr_par' dir='ltr' id='par_1_29' title="bbox 262 2837 1827 2907">
     <span class='ocr_line' id='line_1_29' title="bbox 262 2837 1827 2907; baseline 0.001 -18"><span class='ocrx_word' id='word_1_200' title='bbox 262 2837 581 2901; x_wconf 83' lang='lat' dir='ltr'><strong>ambitione,</strong></span> <span class='ocrx_word' id='word_1_201' title='bbox 610 2852 727 2907; x_wconf 63' lang='lat' dir='ltr'><strong>quas</strong></span> <span class='ocrx_word' id='word_1_202' title='bbox 759 2853 855 2907; x_wconf 90' lang='lat' dir='ltr'><strong>per</strong></span> <span class='ocrx_word' id='word_1_203' title='bbox 892 2846 1037 2892; x_wconf 90' lang='lat' dir='ltr'><strong>artes</strong></span> <span class='ocrx_word' id='word_1_204' title='bbox 1077 2847 1129 2892; x_wconf 92' lang='lat' dir='ltr'><strong>et</strong></span> <span class='ocrx_word' id='word_1_205' title='bbox 1162 2838 1441 2892; x_wconf 88' lang='lat' dir='ltr'><strong>machinas</strong></span> <span class='ocrx_word' id='word_1_206' title='bbox 1470 2847 1523 2891; x_wconf 91' lang='lat' dir='ltr'><strong>et</strong></span> <span class='ocrx_word' id='word_1_207' title='bbox 1562 2839 1827 2906; x_wconf 90' lang='lat' dir='ltr'><strong>composi-</strong></span> 
     </span>
    </p>
   </div>
   <div class='ocr_carea' id='block_1_30' title="bbox 260 2929 1822 2997">
    <p class='ocr_par' dir='ltr' id='par_1_30' title="bbox 260 2929 1822 2997">
     <span class='ocr_line' id='line_1_30' title="bbox 260 2929 1822 2997; baseline 0.001 -14"><span class='ocrx_word' id='word_1_208' title='bbox 260 2931 437 2985; x_wconf 88' lang='lat' dir='ltr'><strong>tiones</strong></span> <span class='ocrx_word' id='word_1_209' title='bbox 486 2939 667 2984; x_wconf 92' lang='lat' dir='ltr'><strong>vatum</strong></span> <span class='ocrx_word' id='word_1_210' title='bbox 722 2930 835 2986; x_wconf 83' lang='lat' dir='ltr'><strong>fieri</strong></span> <span class='ocrx_word' id='word_1_211' title='bbox 895 2929 1328 2985; x_wconf 83' lang='lat' dir='ltr'><strong>consueverant?</strong></span> <span class='ocrx_word' id='word_1_212' title='bbox 1378 2931 1657 2997; x_wconf 89' lang='lat' dir='ltr'><strong>Quomodo</strong></span> <span class='ocrx_word' id='word_1_213' title='bbox 1708 2931 1822 2987; x_wconf 91' lang='lat' dir='ltr'><strong>ausi</strong></span> 
     </span>
    </p>
   </div>
   <div class='ocr_carea' id='block_1_31' title="bbox 260 3021 1823 3092">
    <p class='ocr_par' dir='ltr' id='par_1_31' title="bbox 260 3021 1823 3092">
     <span class='ocr_line' id='line_1_31' title="bbox 260 3021 1823 3092; baseline 0.001 -17"><span class='ocrx_word' id='word_1_214' title='bbox 260 3030 392 3076; x_wconf 84' lang='lat' dir='ltr'><strong>sunt</strong></span> <span class='ocrx_word' id='word_1_215' title='bbox 428 3021 724 3090; x_wconf 88' lang='lat' dir='ltr'><strong>piscatores</strong></span> <span class='ocrx_word' id='word_1_216' title='bbox 766 3038 832 3075; x_wconf 91' lang='lat' dir='ltr'><strong>ne</strong></span> <span class='ocrx_word' id='word_1_217' title='bbox 864 3024 1079 3089; x_wconf 86' lang='lat' dir='ltr'><strong>quidem</strong></span> <span class='ocrx_word' id='word_1_218' title='bbox 1122 3037 1286 3092; x_wconf 90' lang='lat' dir='ltr'><strong>panes</strong></span> <span class='ocrx_word' id='word_1_219' title='bbox 1316 3031 1590 3092; x_wconf 86' lang='lat' dir='ltr'><strong>portantes</strong></span> <span class='ocrx_word' id='word_1_220' title='bbox 1620 3022 1823 3092; x_wconf 79' lang='lat' dir='ltr'><strong>ingredi</strong></span> 
     </span>
    </p>
   </div>
   <div class='ocr_carea' id='block_1_32' title="bbox 260 3112 1822 3184">
    <p class='ocr_par' dir='ltr' id='par_1_32' title="bbox 260 3112 1822 3184">
     <span class='ocr_line' id='line_1_32' title="bbox 260 3112 1822 3184; baseline -0.001 -17"><span class='ocrx_word' id='word_1_221' title='bbox 260 3115 480 3168; x_wconf 89' lang='lat' dir='ltr'><strong>domum</strong></span> <span class='ocrx_word' id='word_1_222' title='bbox 509 3112 775 3183; x_wconf 83' lang='lat' dir='ltr'><strong>alicujus?</strong></span> <span class='ocrx_word' id='word_1_223' title='bbox 803 3116 870 3168; x_wconf 92' lang='lat' dir='ltr'><strong>ad</strong></span> <span class='ocrx_word' id='word_1_224' title='bbox 906 3130 1067 3183; x_wconf 91' lang='lat' dir='ltr'><strong>quam</strong></span> <span class='ocrx_word' id='word_1_225' title='bbox 1111 3113 1524 3184; x_wconf 79' lang='lat' dir='ltr'><strong>cognationem?</strong></span> <span class='ocrx_word' id='word_1_226' title='bbox 1568 3114 1633 3166; x_wconf 90' lang='lat' dir='ltr'><strong>ad</strong></span> <span class='ocrx_word' id='word_1_227' title='bbox 1662 3127 1822 3181; x_wconf 86' lang='lat' dir='ltr'><strong>quam</strong></span> 
     </span>
    </p>
   </div>
   <div class='ocr_carea' id='block_1_33' title="bbox 258 3200 1823 3276">
    <p class='ocr_par' dir='ltr' id='par_1_33' title="bbox 258 3200 1823 3276">
     <span class='ocr_line' id='line_1_33' title="bbox 258 3200 1823 3276; baseline -0.003 -15"><span class='ocrx_word' id='word_1_228' title='bbox 258 3200 493 3261; x_wconf 84' lang='lat' dir='ltr'><strong>similem</strong></span> <span class='ocrx_word' id='word_1_229' title='bbox 550 3206 824 3274; x_wconf 73' lang='lat' dir='ltr'><strong>linguam?</strong></span> <span class='ocrx_word' id='word_1_230' title='bbox 868 3209 933 3260; x_wconf 94' lang='lat' dir='ltr'><strong>ad</strong></span> <span class='ocrx_word' id='word_1_231' title='bbox 986 3206 1454 3276; x_wconf 85' lang='lat' dir='ltr'><strong>quamcivitatem</strong></span> <span class='ocrx_word' id='word_1_232' title='bbox 1503 3215 1556 3259; x_wconf 91' lang='lat' dir='ltr'><strong>et</strong></span> <span class='ocrx_word' id='word_1_233' title='bbox 1608 3206 1823 3259; x_wconf 89' lang='lat' dir='ltr'><strong>domum</strong></span> 
     </span>
    </p>
   </div>
   <div class='ocr_carea' id='block_1_34' title="bbox 258 3298 1827 3369">
    <p class='ocr_par' dir='ltr' id='par_1_34' title="bbox 258 3298 1827 3369">
     <span class='ocr_line' id='line_1_34' title="bbox 258 3298 1827 3369; baseline 0 -16"><span class='ocrx_word' id='word_1_234' title='bbox 258 3299 689 3369; x_wconf 86' lang='lat' dir='ltr'><strong>agnoscentum?</strong></span> <span class='ocrx_word' id='word_1_235' title='bbox 729 3298 833 3354; x_wconf 91' lang='lat' dir='ltr'><strong>Sed</strong></span> <span class='ocrx_word' id='word_1_236' title='bbox 874 3299 1181 3368; x_wconf 64' lang='lat' dir='ltr'><strong>praedicatio</strong></span> <span class='ocrx_word' id='word_1_237' title='bbox 1210 3313 1329 3353; x_wconf 90' lang='lat' dir='ltr'><strong>erat</strong></span> <span class='ocrx_word' id='word_1_238' title='bbox 1358 3299 1603 3355; x_wconf 85' lang='lat' dir='ltr'><strong>honesta.</strong></span> <span class='ocrx_word' id='word_1_239' title='bbox 1642 3299 1827 3353; x_wconf 84' lang='lat' dir='ltr'><strong>Cruci-</strong></span> 
     </span>
    </p>
   </div>
   <div class='ocr_carea' id='block_1_35' title="bbox 260 3391 1829 3461">
    <p class='ocr_par' dir='ltr' id='par_1_35' title="bbox 260 3391 1829 3461">
     <span class='ocr_line' id='line_1_35' title="bbox 260 3391 1829 3461; baseline 0 -16"><span class='ocrx_word' id='word_1_240' title='bbox 260 3392 403 3447; x_wconf 82' lang='lat' dir='ltr'><strong>lixus</strong></span> <span class='ocrx_word' id='word_1_241' title='bbox 434 3391 853 3460; x_wconf 66' lang='lat' dir='ltr'><strong>praedicabatur,</strong></span> <span class='ocrx_word' id='word_1_242' title='bbox 885 3402 938 3446; x_wconf 90' lang='lat' dir='ltr'><strong>et</strong></span> <span class='ocrx_word' id='word_1_243' title='bbox 971 3392 1058 3460; x_wconf 86' lang='lat' dir='ltr'><strong>qui</strong></span> <span class='ocrx_word' id='word_1_244' title='bbox 1088 3392 1454 3461; x_wconf 74' lang='lat' dir='ltr'><strong>praedicabant</strong></span> <span class='ocrx_word' id='word_1_245' title='bbox 1491 3392 1747 3457; x_wconf 87' lang='lat' dir='ltr'><strong>humiles,</strong></span> <span class='ocrx_word' id='word_1_246' title='bbox 1774 3401 1829 3446; x_wconf 90' lang='lat' dir='ltr'><strong>et</strong></span> 
     </span>
    </p>
   </div>
   <div class='ocr_carea' id='block_1_36' title="bbox 258 3481 1826 3553">
    <p class='ocr_par' dir='ltr' id='par_1_36' title="bbox 258 3481 1826 3553">
     <span class='ocr_line' id='line_1_36' title="bbox 258 3481 1826 3553; baseline 0.003 -20"><span class='ocrx_word' id='word_1_247' title='bbox 258 3482 461 3552; x_wconf 87' lang='lat' dir='ltr'><strong>quibus</strong></span> <span class='ocrx_word' id='word_1_248' title='bbox 500 3481 899 3553; x_wconf 65' lang='lat' dir='ltr'><strong>pra&#39;dicabatur</strong></span> <span class='ocrx_word' id='word_1_249' title='bbox 937 3485 1194 3552; x_wconf 70' lang='lat' dir='ltr'><strong>praeventi</strong></span> <span class='ocrx_word' id='word_1_250' title='bbox 1242 3494 1418 3539; x_wconf 86' lang='lat' dir='ltr'><strong>erant.</strong></span> <span class='ocrx_word' id='word_1_251' title='bbox 1454 3484 1605 3539; x_wconf 82' lang='lat' dir='ltr'><strong>Nunc</strong></span> <span class='ocrx_word' id='word_1_252' title='bbox 1638 3500 1826 3538; x_wconf 81' lang='lat' dir='ltr'><strong>ascen-</strong></span> 
     </span>
    </p>
   </div>
   <div class='ocr_carea' id='block_1_37' title="bbox 258 3574 1826 3645">
    <p class='ocr_par' dir='ltr' id='par_1_37' title="bbox 258 3574 1826 3645">
     <span class='ocr_line' id='line_1_37' title="bbox 258 3574 1826 3645; baseline -0.003 -14"><span class='ocrx_word' id='word_1_253' title='bbox 258 3577 353 3631; x_wconf 89' lang='lat' dir='ltr'><strong>dat</strong></span> <span class='ocrx_word' id='word_1_254' title='bbox 408 3576 529 3645; x_wconf 78' lang='lat' dir='ltr'><strong>quis</strong></span> <span class='ocrx_word' id='word_1_255' title='bbox 574 3575 640 3628; x_wconf 91' lang='lat' dir='ltr'><strong>ad</strong></span> <span class='ocrx_word' id='word_1_256' title='bbox 684 3574 964 3642; x_wconf 88' lang='lat' dir='ltr'><strong>templum,</strong></span> <span class='ocrx_word' id='word_1_257' title='bbox 1015 3575 1160 3629; x_wconf 85' lang='lat' dir='ltr'><strong>dicat</strong></span> <span class='ocrx_word' id='word_1_258' title='bbox 1188 3576 1330 3645; x_wconf 92' lang='lat' dir='ltr'><strong>quod</strong></span> <span class='ocrx_word' id='word_1_259' title='bbox 1373 3590 1556 3629; x_wconf 87' lang='lat' dir='ltr'><strong>verum</strong></span> <span class='ocrx_word' id='word_1_260' title='bbox 1588 3586 1673 3630; x_wconf 91' lang='lat' dir='ltr'><strong>est</strong></span> <span class='ocrx_word' id='word_1_261' title='bbox 1704 3574 1826 3644; x_wconf 85' lang='lat' dir='ltr'><strong>quia</strong></span> 
     </span>
    </p>
   </div>
   <div class='ocr_carea' id='block_1_38' title="bbox 257 3664 1828 3735">
    <p class='ocr_par' dir='ltr' id='par_1_38' title="bbox 257 3664 1828 3735">
     <span class='ocr_line' id='line_1_38' title="bbox 257 3664 1828 3735; baseline -0.002 -13"><span class='ocrx_word' id='word_1_262' title='bbox 257 3683 365 3722; x_wconf 86' lang='lat' dir='ltr'><strong>non</strong></span> <span class='ocrx_word' id='word_1_263' title='bbox 412 3674 539 3720; x_wconf 91' lang='lat' dir='ltr'><strong>sunt</strong></span> <span class='ocrx_word' id='word_1_264' title='bbox 582 3665 654 3718; x_wconf 89' lang='lat' dir='ltr'><strong>dii</strong></span> <span class='ocrx_word' id='word_1_265' title='bbox 692 3664 897 3731; x_wconf 86' lang='lat' dir='ltr'><strong>lapides</strong></span> <span class='ocrx_word' id='word_1_266' title='bbox 931 3683 943 3718; x_wconf 91' lang='lat'>:</span> <span class='ocrx_word' id='word_1_267' title='bbox 984 3666 1028 3719; x_wconf 91' lang='lat' dir='ltr'><strong>si</strong></span> <span class='ocrx_word' id='word_1_268' title='bbox 1060 3668 1293 3735; x_wconf 88' lang='lat' dir='ltr'><strong>potuerit</strong></span> <span class='ocrx_word' id='word_1_269' title='bbox 1345 3666 1688 3719; x_wconf 87' lang='lat' dir='ltr'><strong>dinumerare</strong></span> <span class='ocrx_word' id='word_1_270' title='bbox 1732 3680 1828 3719; x_wconf 91' lang='lat' dir='ltr'><strong>eos</strong></span> 
     </span>
    </p>
   </div>
   <div class='ocr_carea' id='block_1_39' title="bbox 259 3756 1827 3827">
    <p class='ocr_par' dir='ltr' id='par_1_39' title="bbox 259 3756 1827 3827">
     <span class='ocr_line' id='line_1_39' title="bbox 259 3756 1827 3827; baseline -0.001 -14"><span class='ocrx_word' id='word_1_271' title='bbox 259 3759 355 3827; x_wconf 89' lang='lat' dir='ltr'><strong>qui</strong></span> <span class='ocrx_word' id='word_1_272' title='bbox 389 3757 673 3812; x_wconf 90' lang='lat' dir='ltr'><strong>adversum</strong></span> <span class='ocrx_word' id='word_1_273' title='bbox 720 3772 776 3811; x_wconf 91' lang='lat' dir='ltr'><strong>se</strong></span> <span class='ocrx_word' id='word_1_274' title='bbox 809 3756 1097 3823; x_wconf 84' lang='lat' dir='ltr'><strong>iaciuntur.</strong></span> <span class='ocrx_word' id='word_1_275' title='bbox 1144 3756 1198 3810; x_wconf 88' lang='lat' dir='ltr'><strong>Si</strong></span> <span class='ocrx_word' id='word_1_276' title='bbox 1248 3768 1424 3811; x_wconf 87' lang='lat' dir='ltr'><strong>autem</strong></span> <span class='ocrx_word' id='word_1_277' title='bbox 1461 3773 1636 3825; x_wconf 86' lang='lat' dir='ltr'><strong>reges,</strong></span> <span class='ocrx_word' id='word_1_278' title='bbox 1672 3771 1827 3811; x_wconf 79' lang='lat' dir='ltr'><strong>exer-</strong></span> 
     </span>
    </p>
   </div>
   <div class='ocr_carea' id='block_1_40' title="bbox 260 3847 1830 3919">
    <p class='ocr_par' dir='ltr' id='par_1_40' title="bbox 260 3847 1830 3919">
     <span class='ocr_line' id='line_1_40' title="bbox 260 3847 1830 3919; baseline -0.001 -15"><span class='ocrx_word' id='word_1_279' title='bbox 260 3852 401 3905; x_wconf 91' lang='lat' dir='ltr'><strong>citus</strong></span> <span class='ocrx_word' id='word_1_280' title='bbox 430 3858 483 3903; x_wconf 93' lang='lat' dir='ltr'><strong>et</strong></span> <span class='ocrx_word' id='word_1_281' title='bbox 524 3847 667 3919; x_wconf 89' lang='lat' dir='ltr'><strong>leges</strong></span> <span class='ocrx_word' id='word_1_282' title='bbox 703 3863 800 3917; x_wconf 89' lang='lat' dir='ltr'><strong>pro</strong></span> <span class='ocrx_word' id='word_1_283' title='bbox 841 3848 1101 3917; x_wconf 89' lang='lat' dir='ltr'><strong>religione</strong></span> <span class='ocrx_word' id='word_1_284' title='bbox 1135 3858 1282 3913; x_wconf 91' lang='lat' dir='ltr'><strong>sunt,</strong></span> <span class='ocrx_word' id='word_1_285' title='bbox 1311 3856 1364 3902; x_wconf 93' lang='lat' dir='ltr'><strong>et</strong></span> <span class='ocrx_word' id='word_1_286' title='bbox 1389 3848 1671 3902; x_wconf 87' lang='lat' dir='ltr'><strong>multitudo</strong></span> <span class='ocrx_word' id='word_1_287' title='bbox 1700 3849 1830 3902; x_wconf 84' lang='lat' dir='ltr'><strong>fide-</strong></span> 
     </span>
    </p>
   </div>
   <div class='ocr_carea' id='block_1_41' title="bbox 257 3940 1831 4012">
    <p class='ocr_par' dir='ltr' id='par_1_41' title="bbox 257 3940 1831 4012">
     <span class='ocr_line' id='line_1_41' title="bbox 257 3940 1831 4012; baseline 0.001 -16"><span class='ocrx_word' id='word_1_288' title='bbox 257 3942 415 4005; x_wconf 91' lang='lat' dir='ltr'><strong>lium,</strong></span> <span class='ocrx_word' id='word_1_289' title='bbox 443 3949 603 3995; x_wconf 62' lang='lat' dir='ltr'><strong>tanta:</strong></span> <span class='ocrx_word' id='word_1_290' title='bbox 634 3940 791 3994; x_wconf 73' lang='lat' dir='ltr'><strong>minae</strong></span> <span class='ocrx_word' id='word_1_291' title='bbox 826 3941 1110 3996; x_wconf 88' lang='lat' dir='ltr'><strong>adversum</strong></span> <span class='ocrx_word' id='word_1_292' title='bbox 1136 3956 1231 3997; x_wconf 91' lang='lat' dir='ltr'><strong>eos</strong></span> <span class='ocrx_word' id='word_1_293' title='bbox 1255 3943 1345 4012; x_wconf 88' lang='lat' dir='ltr'><strong>qui</strong></span> <span class='ocrx_word' id='word_1_294' title='bbox 1376 3943 1490 3998; x_wconf 68' lang='lat' dir='ltr'><strong>haec</strong></span> <span class='ocrx_word' id='word_1_295' title='bbox 1525 3960 1626 3997; x_wconf 92' lang='lat' dir='ltr'><strong>non</strong></span> <span class='ocrx_word' id='word_1_296' title='bbox 1657 3943 1831 3997; x_wconf 90' lang='lat' dir='ltr'><strong>susci-</strong></span> 
     </span>
    </p>
   </div>
   <div class='ocr_carea' id='block_1_42' title="bbox 258 4034 1826 4105">
    <p class='ocr_par' dir='ltr' id='par_1_42' title="bbox 258 4034 1826 4105">
     <span class='ocr_line' id='line_1_42' title="bbox 258 4034 1826 4105; baseline 0.001 -17"><span class='ocrx_word' id='word_1_297' title='bbox 258 4036 436 4105; x_wconf 90' lang='lat' dir='ltr'><strong>piunt,</strong></span> <span class='ocrx_word' id='word_1_298' title='bbox 478 4034 652 4088; x_wconf 90' lang='lat' dir='ltr'><strong>nullus</strong></span> <span class='ocrx_word' id='word_1_299' title='bbox 681 4049 846 4088; x_wconf 86' lang='lat' dir='ltr'><strong>ausus</strong></span> <span class='ocrx_word' id='word_1_300' title='bbox 880 4043 963 4089; x_wconf 90' lang='lat' dir='ltr'><strong>est</strong></span> <span class='ocrx_word' id='word_1_301' title='bbox 1001 4050 1016 4087; x_wconf 88' lang='lat'><strong>:</strong></span> <span class='ocrx_word' id='word_1_302' title='bbox 1072 4044 1126 4089; x_wconf 93' lang='lat' dir='ltr'><strong>et</strong></span> <span class='ocrx_word' id='word_1_303' title='bbox 1172 4034 1220 4091; x_wconf 89' lang='lat' dir='ltr'><strong>si</strong></span> <span class='ocrx_word' id='word_1_304' title='bbox 1274 4034 1437 4089; x_wconf 83' lang='lat' dir='ltr'><strong>fuerit</strong></span> <span class='ocrx_word' id='word_1_305' title='bbox 1490 4051 1678 4099; x_wconf 91' lang='lat' dir='ltr'><strong>ausus,</strong></span> <span class='ocrx_word' id='word_1_306' title='bbox 1722 4051 1826 4089; x_wconf 90' lang='lat' dir='ltr'><strong>non</strong></span> 
     </span>
    </p>
   </div>
   <div class='ocr_carea' id='block_1_43' title="bbox 261 4128 1828 4192">
    <p class='ocr_par' dir='ltr' id='par_1_43' title="bbox 261 4128 1828 4192">
     <span class='ocr_line' id='line_1_43' title="bbox 261 4128 1828 4192; baseline 0 -10"><span class='ocrx_word' id='word_1_307' title='bbox 261 4132 427 4184; x_wconf 85' lang='lat' dir='ltr'><strong>vivet.</strong></span> <span class='ocrx_word' id='word_1_308' title='bbox 490 4129 546 4183; x_wconf 90' lang='lat' dir='ltr'><strong>Si</strong></span> <span class='ocrx_word' id='word_1_309' title='bbox 602 4129 820 4192; x_wconf 82' lang='lat' dir='ltr'><strong>dixerit,</strong></span> <span class='ocrx_word' id='word_1_310' title='bbox 874 4128 960 4183; x_wconf 89' lang='lat' dir='ltr'><strong>isti</strong></span> <span class='ocrx_word' id='word_1_311' title='bbox 1019 4130 1091 4184; x_wconf 88' lang='lat' dir='ltr'><strong>dii</strong></span> <span class='ocrx_word' id='word_1_312' title='bbox 1158 4144 1262 4185; x_wconf 88' lang='lat' dir='ltr'><strong>non</strong></span> <span class='ocrx_word' id='word_1_313' title='bbox 1306 4141 1431 4184; x_wconf 88' lang='lat' dir='ltr'><strong>sunt</strong></span> <span class='ocrx_word' id='word_1_314' title='bbox 1472 4130 1566 4192; x_wconf 92' lang='lat' dir='ltr'><strong>dii,</strong></span> <span class='ocrx_word' id='word_1_315' title='bbox 1631 4130 1725 4184; x_wconf 91' lang='lat' dir='ltr'><strong>sed</strong></span> <span class='ocrx_word' id='word_1_316' title='bbox 1784 4129 1828 4184; x_wconf 92' lang='lat' dir='ltr'><strong>si</strong></span> 
     </span>
    </p>
   </div>
   <div class='ocr_carea' id='block_1_44' title="bbox 264 4224 1832 4295">
    <p class='ocr_par' dir='ltr' id='par_1_44' title="bbox 264 4224 1832 4295">
     <span class='ocr_line' id='line_1_44' title="bbox 264 4224 1832 4295; baseline -0.001 -15"><span class='ocrx_word' id='word_1_317' title='bbox 264 4241 409 4280; x_wconf 87' lang='lat' dir='ltr'><strong>nunc</strong></span> <span class='ocrx_word' id='word_1_318' title='bbox 438 4224 548 4294; x_wconf 75' lang='lat'><strong>(9‘2)</strong></span> <span class='ocrx_word' id='word_1_319' title='bbox 580 4224 649 4276; x_wconf 91' lang='lat' dir='ltr'><strong>ita</strong></span> <span class='ocrx_word' id='word_1_320' title='bbox 688 4233 1047 4292; x_wconf 87' lang='lat' dir='ltr'><strong>repetentem,</strong></span> <span class='ocrx_word' id='word_1_321' title='bbox 1081 4225 1199 4280; x_wconf 89' lang='lat' dir='ltr'><strong>vide</strong></span> <span class='ocrx_word' id='word_1_322' title='bbox 1230 4241 1348 4295; x_wconf 63' lang='lat' dir='ltr'><strong>qua:</strong></span> <span class='ocrx_word' id='word_1_323' title='bbox 1372 4233 1489 4280; x_wconf 83' lang='lat' dir='ltr'><strong>erat</strong></span> <span class='ocrx_word' id='word_1_324' title='bbox 1520 4224 1687 4278; x_wconf 83' lang='lat' dir='ltr'><strong>virtus</strong></span> <span class='ocrx_word' id='word_1_325' title='bbox 1716 4224 1832 4279; x_wconf 91' lang='lat' dir='ltr'><strong>sine</strong></span> 
     </span>
    </p>
   </div>
   <div class='ocr_carea' id='block_1_45' title="bbox 261 4315 1829 4387">
    <p class='ocr_par' dir='ltr' id='par_1_45' title="bbox 261 4315 1829 4387">
     <span class='ocr_line' id='line_1_45' title="bbox 261 4315 1829 4387; baseline -0.001 -15"><span class='ocrx_word' id='word_1_326' title='bbox 261 4316 485 4387; x_wconf 78' lang='lat' dir='ltr'><strong>his(93)</strong></span> <span class='ocrx_word' id='word_1_327' title='bbox 519 4316 608 4384; x_wconf 89' lang='lat' dir='ltr'><strong>qui</strong></span> <span class='ocrx_word' id='word_1_328' title='bbox 647 4315 949 4370; x_wconf 88' lang='lat' dir='ltr'><strong>circuibaut</strong></span> <span class='ocrx_word' id='word_1_329' title='bbox 994 4317 1249 4370; x_wconf 83' lang='lat' dir='ltr'><strong>mundum</strong></span> <span class='ocrx_word' id='word_1_330' title='bbox 1302 4334 1316 4370; x_wconf 91' lang='lat'><strong>:</strong></span> <span class='ocrx_word' id='word_1_331' title='bbox 1369 4327 1423 4371; x_wconf 93' lang='lat' dir='ltr'><strong>et</strong></span> <span class='ocrx_word' id='word_1_332' title='bbox 1469 4317 1653 4371; x_wconf 86' lang='lat' dir='ltr'><strong>dicunt</strong></span> <span class='ocrx_word' id='word_1_333' title='bbox 1705 4318 1829 4386; x_wconf 87' lang='lat' dir='ltr'><strong>quia</strong></span> 
     </span>
    </p>
   </div>
   <div class='ocr_carea' id='block_1_46' title="bbox 262 4410 1828 4479">
    <p class='ocr_par' dir='ltr' id='par_1_46' title="bbox 262 4410 1828 4479">
     <span class='ocr_line' id='line_1_46' title="bbox 262 4410 1828 4479; baseline -0.004 -11"><span class='ocrx_word' id='word_1_334' title='bbox 262 4414 371 4468; x_wconf 84' lang='lat' dir='ltr'><strong>ista</strong></span> <span class='ocrx_word' id='word_1_335' title='bbox 398 4427 503 4464; x_wconf 89' lang='lat' dir='ltr'><strong>non</strong></span> <span class='ocrx_word' id='word_1_336' title='bbox 551 4420 673 4465; x_wconf 88' lang='lat' dir='ltr'><strong>sunt</strong></span> <span class='ocrx_word' id='word_1_337' title='bbox 706 4426 824 4479; x_wconf 66' lang='lat' dir='ltr'><strong>quae</strong></span> <span class='ocrx_word' id='word_1_338' title='bbox 852 4420 1135 4479; x_wconf 90' lang='lat' dir='ltr'><strong>apparent,</strong></span> <span class='ocrx_word' id='word_1_339' title='bbox 1170 4425 1343 4479; x_wconf 91' lang='lat' dir='ltr'><strong>neque</strong></span> <span class='ocrx_word' id='word_1_340' title='bbox 1398 4410 1499 4465; x_wconf 91' lang='lat' dir='ltr'><strong>ista</strong></span> <span class='ocrx_word' id='word_1_341' title='bbox 1555 4419 1828 4476; x_wconf 89' lang='lat' dir='ltr'><strong>putantur,</strong></span> 
     </span>
    </p>
   </div>
   <div class='ocr_carea' id='block_1_47' title="bbox 263 4501 1831 4575">
    <p class='ocr_par' dir='ltr' id='par_1_47' title="bbox 263 4501 1831 4575">
     <span class='ocr_line' id='line_1_47' title="bbox 263 4501 1831 4575; baseline -0.004 -16"><span class='ocrx_word' id='word_1_342' title='bbox 263 4519 441 4575; x_wconf 87' lang='lat' dir='ltr'><strong>neque</strong></span> <span class='ocrx_word' id='word_1_343' title='bbox 493 4503 579 4558; x_wconf 91' lang='lat' dir='ltr'><strong>illa</strong></span> <span class='ocrx_word' id='word_1_344' title='bbox 610 4518 730 4573; x_wconf 69' lang='lat' dir='ltr'><strong>qua:</strong></span> <span class='ocrx_word' id='word_1_345' title='bbox 773 4502 1043 4572; x_wconf 82' lang='lat' dir='ltr'><strong>sapientes</strong></span> <span class='ocrx_word' id='word_1_346' title='bbox 1074 4504 1258 4558; x_wconf 92' lang='lat' dir='ltr'><strong>dicunt</strong></span> <span class='ocrx_word' id='word_1_347' title='bbox 1311 4511 1403 4556; x_wconf 90' lang='lat' dir='ltr'><strong>aut</strong></span> <span class='ocrx_word' id='word_1_348' title='bbox 1431 4512 1600 4572; x_wconf 59' lang='lat' dir='ltr'><strong>poeta!</strong></span> <span class='ocrx_word' id='word_1_349' title='bbox 1628 4501 1831 4556; x_wconf 78' lang='lat' dir='ltr'><strong>coutin-</strong></span> 
     </span>
    </p>
   </div>
   <div class='ocr_carea' id='block_1_48' title="bbox 1932 662 3490 749">
    <p class='ocr_par' dir='ltr' id='par_1_48' title="bbox 1932 662 3490 749">
     <span class='ocr_line' id='line_1_48' title="bbox 1932 662 3490 749; baseline 0.016 -37"><span class='ocrx_word' id='word_1_350' title='bbox 1932 674 2026 714; x_wconf 87' lang='lat' dir='ltr'><strong>sua</strong></span> <span class='ocrx_word' id='word_1_351' title='bbox 2061 662 2266 732; x_wconf 88' lang='lat' dir='ltr'><strong>lapidea</strong></span> <span class='ocrx_word' id='word_1_352' title='bbox 2313 667 2379 719; x_wconf 92' lang='lat' dir='ltr'><strong>ad</strong></span> <span class='ocrx_word' id='word_1_353' title='bbox 2430 668 2608 735; x_wconf 79' lang='lat' dir='ltr'><strong>fidem,</strong></span> <span class='ocrx_word' id='word_1_354' title='bbox 2642 684 2734 727; x_wconf 90' lang='lat' dir='ltr'><strong>aut</strong></span> <span class='ocrx_word' id='word_1_355' title='bbox 2761 682 3003 732; x_wconf 88' lang='lat' dir='ltr'><strong>tacentes</strong></span> <span class='ocrx_word' id='word_1_356' title='bbox 3050 680 3234 749; x_wconf 90' lang='lat' dir='ltr'><strong>utique</strong></span> <span class='ocrx_word' id='word_1_357' title='bbox 3263 682 3490 736; x_wconf 84' lang='lat' dir='ltr'><strong>confun-</strong></span> 
     </span>
    </p>
   </div>
   <div class='ocr_carea' id='block_1_49' title="bbox 1932 754 3489 842">
    <p class='ocr_par' dir='ltr' id='par_1_49' title="bbox 1932 754 3489 842">
     <span class='ocr_line' id='line_1_49' title="bbox 1932 754 3489 842; baseline 0.014 -35"><span class='ocrx_word' id='word_1_358' title='bbox 1932 754 2206 810; x_wconf 91' lang='lat' dir='ltr'><strong>derentur.</strong></span> <span class='ocrx_word' id='word_1_359' title='bbox 2238 758 2557 816; x_wconf 87' lang='lat' dir='ltr'><strong>Scribantur</strong></span> <span class='ocrx_word' id='word_1_360' title='bbox 2590 763 2706 817; x_wconf 71' lang='lat' dir='ltr'><strong>ista:</strong></span> <span class='ocrx_word' id='word_1_361' title='bbox 2746 768 3029 823; x_wconf 87' lang='lat' dir='ltr'><strong>suasiones</strong></span> <span class='ocrx_word' id='word_1_362' title='bbox 3059 770 3109 823; x_wconf 92' lang='lat' dir='ltr'><strong>in</strong></span> <span class='ocrx_word' id='word_1_363' title='bbox 3159 772 3489 842; x_wconf 89' lang='lat' dir='ltr'><strong>uniuscujus-</strong></span> 
     </span>
    </p>
   </div>
   <div class='ocr_carea' id='block_1_50' title="bbox 1930 852 3491 922">
    <p class='ocr_par' dir='ltr' id='par_1_50' title="bbox 1930 852 3491 922">
     <span class='ocr_line' id='line_1_50' title="bbox 1930 852 3491 922; baseline 0.013 -21"><span class='ocrx_word' id='word_1_364' title='bbox 1930 861 2035 916; x_wconf 89' lang='lat' dir='ltr'><strong>que</strong></span> <span class='ocrx_word' id='word_1_365' title='bbox 2088 852 2270 919; x_wconf 81' lang='lat' dir='ltr'><strong>corde,</strong></span> <span class='ocrx_word' id='word_1_366' title='bbox 2319 869 2423 908; x_wconf 93' lang='lat' dir='ltr'><strong>non</strong></span> <span class='ocrx_word' id='word_1_367' title='bbox 2464 864 2811 914; x_wconf 90' lang='lat' dir='ltr'><strong>atramento:</strong></span> <span class='ocrx_word' id='word_1_368' title='bbox 2853 877 2956 917; x_wconf 86' lang='lat' dir='ltr'><strong>non</strong></span> <span class='ocrx_word' id='word_1_369' title='bbox 2977 864 3136 922; x_wconf 88' lang='lat' dir='ltr'><strong>.enim</strong></span> <span class='ocrx_word' id='word_1_370' title='bbox 3188 875 3491 922; x_wconf 87' lang='lat' dir='ltr'><strong>atramento</strong></span> 
     </span>
    </p>
   </div>
   <div class='ocr_carea' id='block_1_51' title="bbox 1931 942 3490 1025">
    <p class='ocr_par' dir='ltr' id='par_1_51' title="bbox 1931 942 3490 1025">
     <span class='ocr_line' id='line_1_51' title="bbox 1931 942 3490 1025; baseline 0.012 -30"><span class='ocrx_word' id='word_1_371' title='bbox 1931 950 2054 995; x_wconf 90' lang='lat' dir='ltr'><strong>sunt</strong></span> <span class='ocrx_word' id='word_1_372' title='bbox 2084 942 2242 1013; x_wconf 88' lang='lat' dir='ltr'><strong>digna</strong></span> <span class='ocrx_word' id='word_1_373' title='bbox 2288 962 2303 999; x_wconf 91' lang='lat'><strong>:</strong></span> <span class='ocrx_word' id='word_1_374' title='bbox 2350 946 2395 1001; x_wconf 90' lang='lat' dir='ltr'><strong>si</strong></span> <span class='ocrx_word' id='word_1_375' title='bbox 2429 948 2556 1016; x_wconf 92' lang='lat' dir='ltr'><strong>quid</strong></span> <span class='ocrx_word' id='word_1_376' title='bbox 2608 960 2784 1003; x_wconf 90' lang='lat' dir='ltr'><strong>autem</strong></span> <span class='ocrx_word' id='word_1_377' title='bbox 2829 969 2951 1008; x_wconf 89' lang='lat' dir='ltr'><strong>cum</strong></span> <span class='ocrx_word' id='word_1_378' title='bbox 2984 955 3032 1009; x_wconf 88' lang='lat' dir='ltr'><strong>vi</strong></span> <span class='ocrx_word' id='word_1_379' title='bbox 3083 956 3339 1025; x_wconf 86' lang='lat' dir='ltr'><strong>loquitur,</strong></span> <span class='ocrx_word' id='word_1_380' title='bbox 3383 958 3490 1014; x_wconf 86' lang='lat' dir='ltr'><strong>noli</strong></span> 
     </span>
    </p>
   </div>
   <div class='ocr_carea' id='block_1_52' title="bbox 1931 1033 3491 1118">
    <p class='ocr_par' dir='ltr' id='par_1_52' title="bbox 1931 1033 3491 1118">
     <span class='ocr_line' id='line_1_52' title="bbox 1931 1033 3491 1118; baseline 0.014 -33"><span class='ocrx_word' id='word_1_381' title='bbox 1931 1033 2040 1101; x_wconf 91' lang='lat' dir='ltr'><strong>pati</strong></span> <span class='ocrx_word' id='word_1_382' title='bbox 2081 1036 2395 1091; x_wconf 79' lang='lat' dir='ltr'><strong>mentientes</strong></span> <span class='ocrx_word' id='word_1_383' title='bbox 2416 1038 2528 1111; x_wconf 81' lang='lat'><strong>(95)</strong></span> <span class='ocrx_word' id='word_1_384' title='bbox 2563 1058 2576 1094; x_wconf 92' lang='lat'><strong>:</strong></span> <span class='ocrx_word' id='word_1_385' title='bbox 2610 1051 2661 1095; x_wconf 92' lang='lat' dir='ltr'><strong>et</strong></span> <span class='ocrx_word' id='word_1_386' title='bbox 2691 1042 2733 1096; x_wconf 92' lang='lat' dir='ltr'><strong>si</strong></span> <span class='ocrx_word' id='word_1_387' title='bbox 2762 1044 3024 1102; x_wconf 88' lang='lat' dir='ltr'><strong>donamus</strong></span> <span class='ocrx_word' id='word_1_388' title='bbox 3063 1048 3261 1118; x_wconf 91' lang='lat' dir='ltr'><strong>aliquid</strong></span> <span class='ocrx_word' id='word_1_389' title='bbox 3287 1065 3491 1106; x_wconf 90' lang='lat' dir='ltr'><strong>sermo-</strong></span> 
     </span>
    </p>
   </div>
   <div class='ocr_carea' id='block_1_53' title="bbox 1932 1123 3490 1212">
    <p class='ocr_par' dir='ltr' id='par_1_53' title="bbox 1932 1123 3490 1212">
     <span class='ocr_line' id='line_1_53' title="bbox 1932 1123 3490 1212; baseline 0.015 -37"><span class='ocrx_word' id='word_1_390' title='bbox 1932 1123 2008 1187; x_wconf 93' lang='lat' dir='ltr'><strong>ni,</strong></span> <span class='ocrx_word' id='word_1_391' title='bbox 2061 1125 2226 1180; x_wconf 88' lang='lat' dir='ltr'><strong>nolite</strong></span> <span class='ocrx_word' id='word_1_392' title='bbox 2275 1128 2479 1184; x_wconf 92' lang='lat' dir='ltr'><strong>seduci.</strong></span> <span class='ocrx_word' id='word_1_393' title='bbox 2535 1130 2590 1185; x_wconf 94' lang='lat' dir='ltr'><strong>Si</strong></span> <span class='ocrx_word' id='word_1_394' title='bbox 2640 1142 2817 1188; x_wconf 90' lang='lat' dir='ltr'><strong>autem</strong></span> <span class='ocrx_word' id='word_1_395' title='bbox 2865 1138 2977 1192; x_wconf 91' lang='lat' dir='ltr'><strong>sole</strong></span> <span class='ocrx_word' id='word_1_396' title='bbox 3015 1140 3240 1195; x_wconf 84' lang='lat' dir='ltr'><strong>clariora</strong></span> <span class='ocrx_word' id='word_1_397' title='bbox 3279 1144 3490 1212; x_wconf 88' lang='lat' dir='ltr'><strong>negotia</strong></span> 
     </span>
    </p>
   </div>
   <div class='ocr_carea' id='block_1_54' title="bbox 1930 1218 3487 1289">
    <p class='ocr_par' dir='ltr' id='par_1_54' title="bbox 1930 1218 3487 1289">
     <span class='ocr_line' id='line_1_54' title="bbox 1930 1218 3487 1289; baseline 0.012 -19"><span class='ocrx_word' id='word_1_398' title='bbox 1930 1226 2075 1280; x_wconf 89' lang='lat' dir='ltr'><strong>sunt,</strong></span> <span class='ocrx_word' id='word_1_399' title='bbox 2124 1218 2290 1275; x_wconf 90' lang='lat' dir='ltr'><strong>nolite</strong></span> <span class='ocrx_word' id='word_1_400' title='bbox 2344 1222 2456 1276; x_wconf 86' lang='lat' dir='ltr'><strong>ﬁeri</strong></span> <span class='ocrx_word' id='word_1_401' title='bbox 2508 1225 2654 1279; x_wconf 74' lang='lat' dir='ltr'><strong>caeci.</strong></span> <span class='ocrx_word' id='word_1_402' title='bbox 2709 1226 2895 1283; x_wconf 82' lang='lat' dir='ltr'><strong>Videte</strong></span> <span class='ocrx_word' id='word_1_403' title='bbox 2932 1229 3210 1286; x_wconf 92' lang='lat' dir='ltr'><strong>Dominum</strong></span> <span class='ocrx_word' id='word_1_404' title='bbox 3239 1232 3418 1287; x_wconf 82' lang='lat' dir='ltr'><strong>Jesum</strong></span> <span class='ocrx_word' id='word_1_405' title='bbox 3459 1251 3487 1289; x_wconf 94' lang='lat' dir='ltr'><strong>a</strong></span> 
     </span>
    </p>
   </div>
   <div class='ocr_carea' id='block_1_55' title="bbox 1930 1310 3491 1383">
    <p class='ocr_par' dir='ltr' id='par_1_55' title="bbox 1930 1310 3491 1383">
     <span class='ocr_line' id='line_1_55' title="bbox 1930 1310 3491 1383; baseline 0.01 -21"><span class='ocrx_word' id='word_1_406' title='bbox 1930 1310 2157 1364; x_wconf 85' lang='lat' dir='ltr'><strong>mortuis</strong></span> <span class='ocrx_word' id='word_1_407' title='bbox 2183 1323 2571 1383; x_wconf 86' lang='lat' dir='ltr'><strong>resurgentem.</strong></span> <span class='ocrx_word' id='word_1_408' title='bbox 2604 1317 2795 1372; x_wconf 86' lang='lat' dir='ltr'><strong>Videte</strong></span> <span class='ocrx_word' id='word_1_409' title='bbox 2824 1336 2946 1375; x_wconf 90' lang='lat' dir='ltr'><strong>eum</strong></span> <span class='ocrx_word' id='word_1_410' title='bbox 2983 1323 3048 1376; x_wconf 92' lang='lat' dir='ltr'><strong>ad</strong></span> <span class='ocrx_word' id='word_1_411' title='bbox 3078 1323 3352 1379; x_wconf 79' lang='lat' dir='ltr'><strong>dexteram</strong></span> <span class='ocrx_word' id='word_1_412' title='bbox 3390 1324 3491 1378; x_wconf 84' lang='lat' dir='ltr'><strong>Pa-</strong></span> 
     </span>
    </p>
   </div>
   <div class='ocr_carea' id='block_1_56' title="bbox 1932 1401 3491 1485">
    <p class='ocr_par' dir='ltr' id='par_1_56' title="bbox 1932 1401 3491 1485">
     <span class='ocr_line' id='line_1_56' title="bbox 1932 1401 3491 1485; baseline 0.013 -32"><span class='ocrx_word' id='word_1_413' title='bbox 1932 1401 2029 1455; x_wconf 88' lang='lat' dir='ltr'><strong>tris</strong></span> <span class='ocrx_word' id='word_1_414' title='bbox 2063 1417 2182 1456; x_wconf 88' lang='lat' dir='ltr'><strong>cum</strong></span> <span class='ocrx_word' id='word_1_415' title='bbox 2215 1404 2383 1473; x_wconf 85' lang='lat' dir='ltr'><strong>gloria</strong></span> <span class='ocrx_word' id='word_1_416' title='bbox 2426 1407 2724 1464; x_wconf 87' lang='lat' dir='ltr'><strong>sedentem.</strong></span> <span class='ocrx_word' id='word_1_417' title='bbox 2758 1410 2960 1478; x_wconf 84' lang='lat' dir='ltr'><strong>Quibus</strong></span> <span class='ocrx_word' id='word_1_418' title='bbox 2988 1415 3158 1470; x_wconf 88' lang='lat' dir='ltr'><strong>oculis</strong></span> <span class='ocrx_word' id='word_1_419' title='bbox 3178 1417 3201 1469; x_wconf 88' lang='lat'><strong>?</strong></span> <span class='ocrx_word' id='word_1_420' title='bbox 3223 1418 3491 1485; x_wconf 83' lang='lat' dir='ltr'><strong>apostolo-</strong></span> 
     </span>
    </p>
   </div>
   <div class='ocr_carea' id='block_1_57' title="bbox 1931 1493 3489 1575">
    <p class='ocr_par' dir='ltr' id='par_1_57' title="bbox 1931 1493 3489 1575">
     <span class='ocr_line' id='line_1_57' title="bbox 1931 1493 3489 1575; baseline 0.013 -32"><span class='ocrx_word' id='word_1_421' title='bbox 1931 1506 2047 1544; x_wconf 90' lang='lat' dir='ltr'><strong>rum</strong></span> <span class='ocrx_word' id='word_1_422' title='bbox 2087 1493 2285 1563; x_wconf 88' lang='lat' dir='ltr'><strong>quippe</strong></span> <span class='ocrx_word' id='word_1_423' title='bbox 2316 1495 2525 1551; x_wconf 89' lang='lat' dir='ltr'><strong>illorum</strong></span> <span class='ocrx_word' id='word_1_424' title='bbox 2568 1500 2784 1567; x_wconf 83' lang='lat' dir='ltr'><strong>virtute,</strong></span> <span class='ocrx_word' id='word_1_425' title='bbox 2814 1504 3028 1558; x_wconf 91' lang='lat' dir='ltr'><strong>illorum</strong></span> <span class='ocrx_word' id='word_1_426' title='bbox 3065 1506 3309 1562; x_wconf 88' lang='lat' dir='ltr'><strong>scientia.</strong></span> <span class='ocrx_word' id='word_1_427' title='bbox 3344 1508 3489 1575; x_wconf 88' lang='lat' dir='ltr'><strong>Quo-</strong></span> 
     </span>
    </p>
   </div>
   <div class='ocr_carea' id='block_1_58' title="bbox 1930 1583 3491 1669">
    <p class='ocr_par' dir='ltr' id='par_1_58' title="bbox 1930 1583 3491 1669">
     <span class='ocr_line' id='line_1_58' title="bbox 1930 1583 3491 1669; baseline 0.012 -34"><span class='ocrx_word' id='word_1_428' title='bbox 1930 1583 2088 1637; x_wconf 89' lang='lat' dir='ltr'><strong>modo</strong></span> <span class='ocrx_word' id='word_1_429' title='bbox 2117 1588 2349 1656; x_wconf 89' lang='lat' dir='ltr'><strong>suseepti</strong></span> <span class='ocrx_word' id='word_1_430' title='bbox 2396 1590 2557 1643; x_wconf 83' lang='lat' dir='ltr'><strong>sunt?</strong></span> <span class='ocrx_word' id='word_1_431' title='bbox 2582 1596 2847 1661; x_wconf 91' lang='lat' dir='ltr'><strong>quomodo</strong></span> <span class='ocrx_word' id='word_1_432' title='bbox 2885 1596 3147 1651; x_wconf 90' lang='lat' dir='ltr'><strong>creditum</strong></span> <span class='ocrx_word' id='word_1_433' title='bbox 3194 1599 3315 1654; x_wconf 81' lang='lat' dir='ltr'><strong>eSt?</strong></span> <span class='ocrx_word' id='word_1_434' title='bbox 3356 1616 3491 1669; x_wconf 92' lang='lat' dir='ltr'><strong>quo-</strong></span> 
     </span>
    </p>
   </div>
   <div class='ocr_carea' id='block_1_59' title="bbox 1932 1676 3490 1756">
    <p class='ocr_par' dir='ltr' id='par_1_59' title="bbox 1932 1676 3490 1756">
     <span class='ocr_line' id='line_1_59' title="bbox 1932 1676 3490 1756; baseline 0.011 -30"><span class='ocrx_word' id='word_1_435' title='bbox 1932 1676 2087 1729; x_wconf 91' lang='lat' dir='ltr'><strong>modo</strong></span> <span class='ocrx_word' id='word_1_436' title='bbox 2109 1678 2379 1734; x_wconf 81' lang='lat' dir='ltr'><strong>destructa</strong></span> <span class='ocrx_word' id='word_1_437' title='bbox 2414 1690 2540 1736; x_wconf 91' lang='lat' dir='ltr'><strong>sunt</strong></span> <span class='ocrx_word' id='word_1_438' title='bbox 2583 1687 2840 1740; x_wconf 88' lang='lat' dir='ltr'><strong>veterna?</strong></span> <span class='ocrx_word' id='word_1_439' title='bbox 2878 1690 3146 1756; x_wconf 87' lang='lat' dir='ltr'><strong>quomodo</strong></span> <span class='ocrx_word' id='word_1_440' title='bbox 3189 1690 3490 1744; x_wconf 89' lang='lat' dir='ltr'><strong>introducta</strong></span> 
     </span>
    </p>
   </div>
   <div class='ocr_carea' id='block_1_60' title="bbox 1929 1769 3492 1847">
    <p class='ocr_par' dir='ltr' id='par_1_60' title="bbox 1929 1769 3492 1847">
     <span class='ocr_line' id='line_1_60' title="bbox 1929 1769 3492 1847; baseline 0.01 -28"><span class='ocrx_word' id='word_1_441' title='bbox 1929 1780 2048 1834; x_wconf 77' lang='lat' dir='ltr'><strong>qua:</strong></span> <span class='ocrx_word' id='word_1_442' title='bbox 2088 1769 2138 1822; x_wconf 90' lang='lat' dir='ltr'><strong>in</strong></span> <span class='ocrx_word' id='word_1_443' title='bbox 2176 1772 2551 1839; x_wconf 73' lang='lat' dir='ltr'><strong>przedicatione</strong></span> <span class='ocrx_word' id='word_1_444' title='bbox 2595 1786 2753 1831; x_wconf 89' lang='lat' dir='ltr'><strong>erant</strong></span> <span class='ocrx_word' id='word_1_445' title='bbox 2787 1787 3038 1847; x_wconf 87' lang='lat' dir='ltr'><strong>tanquam</strong></span> <span class='ocrx_word' id='word_1_446' title='bbox 3073 1781 3391 1837; x_wconf 88' lang='lat' dir='ltr'><strong>inhonesta?</strong></span> <span class='ocrx_word' id='word_1_447' title='bbox 3426 1782 3492 1837; x_wconf 85' lang='lat' dir='ltr'><strong>Et</strong></span> 
     </span>
    </p>
   </div>
   <div class='ocr_carea' id='block_1_61' title="bbox 1929 1866 3490 1942">
    <p class='ocr_par' dir='ltr' id='par_1_61' title="bbox 1929 1866 3490 1942">
     <span class='ocr_line' id='line_1_61' title="bbox 1929 1866 3490 1942; baseline 0.012 -32"><span class='ocrx_word' id='word_1_448' title='bbox 1929 1869 2074 1913; x_wconf 86' lang='lat' dir='ltr'><strong>certe</strong></span> <span class='ocrx_word' id='word_1_449' title='bbox 2106 1866 2268 1917; x_wconf 92' lang='lat' dir='ltr'><strong>multa</strong></span> <span class='ocrx_word' id='word_1_450' title='bbox 2324 1875 2477 1919; x_wconf 88' lang='lat' dir='ltr'><strong>erant</strong></span> <span class='ocrx_word' id='word_1_451' title='bbox 2506 1867 2888 1938; x_wconf 91' lang='lat' dir='ltr'><strong>impedimenta</strong></span> <span class='ocrx_word' id='word_1_452' title='bbox 2922 1873 3059 1942; x_wconf 89' lang='lat' dir='ltr'><strong>apud</strong></span> <span class='ocrx_word' id='word_1_453' title='bbox 3103 1889 3229 1935; x_wconf 86' lang='lat' dir='ltr'><strong>eos;</strong></span> <span class='ocrx_word' id='word_1_454' title='bbox 3263 1889 3490 1929; x_wconf 84' lang='lat' dir='ltr'><strong>consue-</strong></span> 
     </span>
    </p>
   </div>
   <div class='ocr_carea' id='block_1_62' title="bbox 1929 1950 3481 2032">
    <p class='ocr_par' dir='ltr' id='par_1_62' title="bbox 1929 1950 3481 2032">
     <span class='ocr_line' id='line_1_62' title="bbox 1929 1950 3481 2032; baseline 0.014 -32"><span class='ocrx_word' id='word_1_455' title='bbox 1929 1950 2054 2003; x_wconf 90' lang='lat' dir='ltr'><strong>tudo</strong></span> <span class='ocrx_word' id='word_1_456' title='bbox 2076 1967 2194 2020; x_wconf 65' lang='lat' dir='ltr'><strong>qua?</strong></span> <span class='ocrx_word' id='word_1_457' title='bbox 2214 1957 2499 2022; x_wconf 90' lang='lat' dir='ltr'><strong>putabatur</strong></span> <span class='ocrx_word' id='word_1_458' title='bbox 2520 1967 2693 2026; x_wconf 91' lang='lat' dir='ltr'><strong>vetus,</strong></span> <span class='ocrx_word' id='word_1_459' title='bbox 2719 1961 2999 2032; x_wconf 88' lang='lat' dir='ltr'><strong>imperium</strong></span> <span class='ocrx_word' id='word_1_460' title='bbox 3026 1968 3481 2030; x_wconf 88' lang='lat' dir='ltr'><strong>adversariorum,</strong></span> 
     </span>
    </p>
   </div>
   <div class='ocr_carea' id='block_1_63' title="bbox 1929 2044 3485 2129">
    <p class='ocr_par' dir='ltr' id='par_1_63' title="bbox 1929 2044 3485 2129">
     <span class='ocr_line' id='line_1_63' title="bbox 1929 2044 3485 2129; baseline 0.013 -36"><span class='ocrx_word' id='word_1_461' title='bbox 1929 2044 2174 2099; x_wconf 88' lang='lat' dir='ltr'><strong>remissio</strong></span> <span class='ocrx_word' id='word_1_462' title='bbox 2208 2044 2562 2115; x_wconf 87' lang='lat' dir='ltr'><strong>feriarum,et</strong></span> <span class='ocrx_word' id='word_1_463' title='bbox 2592 2067 2654 2107; x_wconf 90' lang='lat' dir='ltr'><strong>ea</strong></span> <span class='ocrx_word' id='word_1_464' title='bbox 2692 2070 2811 2122; x_wconf 65' lang='lat' dir='ltr'><strong>quae</strong></span> <span class='ocrx_word' id='word_1_465' title='bbox 2836 2057 3196 2125; x_wconf 86' lang='lat' dir='ltr'><strong>particulatim</strong></span> <span class='ocrx_word' id='word_1_466' title='bbox 3226 2055 3485 2129; x_wconf 67' lang='lat' dir='ltr'><strong>&#39;przedicsa</strong></span> 
     </span>
    </p>
   </div>
   <div class='ocr_carea' id='block_1_64' title="bbox 1926 2138 3488 2222">
    <p class='ocr_par' dir='ltr' id='par_1_64' title="bbox 1926 2138 3488 2222">
     <span class='ocr_line' id='line_1_64' title="bbox 1926 2138 3488 2222; baseline 0.011 -33"><span class='ocrx_word' id='word_1_467' title='bbox 1926 2145 2049 2189; x_wconf 84' lang='lat' dir='ltr'><strong>sunt</strong></span> <span class='ocrx_word' id='word_1_468' title='bbox 2076 2154 2089 2189; x_wconf 92' lang='lat'><strong>:</strong></span> <span class='ocrx_word' id='word_1_469' title='bbox 2115 2138 2183 2191; x_wconf 89' lang='lat' dir='ltr'><strong>ab</strong></span> <span class='ocrx_word' id='word_1_470' title='bbox 2216 2152 2280 2193; x_wconf 91' lang='lat' dir='ltr'><strong>eo</strong></span> <span class='ocrx_word' id='word_1_471' title='bbox 2313 2153 2492 2195; x_wconf 90' lang='lat' dir='ltr'><strong>autem</strong></span> <span class='ocrx_word' id='word_1_472' title='bbox 2536 2144 2625 2213; x_wconf 91' lang='lat' dir='ltr'><strong>qui</strong></span> <span class='ocrx_word' id='word_1_473' title='bbox 2659 2148 3054 2216; x_wconf 68' lang='lat' dir='ltr'><strong>praedicabatur</strong></span> <span class='ocrx_word' id='word_1_474' title='bbox 3079 2166 3232 2217; x_wconf 81' lang='lat' dir='ltr'><strong>crux,</strong></span> <span class='ocrx_word' id='word_1_475' title='bbox 3260 2162 3313 2207; x_wconf 90' lang='lat' dir='ltr'><strong>et</strong></span> <span class='ocrx_word' id='word_1_476' title='bbox 3346 2156 3488 2222; x_wconf 77' lang='lat' dir='ltr'><strong>quod</strong></span> 
     </span>
    </p>
   </div>
   <div class='ocr_carea' id='block_1_65' title="bbox 1927 2227 3486 2299">
    <p class='ocr_par' dir='ltr' id='par_1_65' title="bbox 1927 2227 3486 2299">
     <span class='ocr_line' id='line_1_65' title="bbox 1927 2227 3486 2299; baseline 0.013 -20"><span class='ocrx_word' id='word_1_477' title='bbox 1927 2227 1978 2281; x_wconf 90' lang='lat' dir='ltr'><strong>iu</strong></span> <span class='ocrx_word' id='word_1_478' title='bbox 2008 2242 2073 2281; x_wconf 93' lang='lat' dir='ltr'><strong>eo</strong></span> <span class='ocrx_word' id='word_1_479' title='bbox 2102 2240 2220 2283; x_wconf 87' lang='lat' dir='ltr'><strong>erat</strong></span> <span class='ocrx_word' id='word_1_480' title='bbox 2273 2231 2589 2290; x_wconf 88' lang='lat' dir='ltr'><strong>incredibile</strong></span> <span class='ocrx_word' id='word_1_481' title='bbox 2639 2246 2693 2292; x_wconf 91' lang='lat' dir='ltr'><strong>et</strong></span> <span class='ocrx_word' id='word_1_482' title='bbox 2742 2240 2861 2294; x_wconf 89' lang='lat' dir='ltr'><strong>sine</strong></span> <span class='ocrx_word' id='word_1_483' title='bbox 2903 2242 3124 2298; x_wconf 81' lang='lat' dir='ltr'><strong>honore.</strong></span> <span class='ocrx_word' id='word_1_484' title='bbox 3173 2244 3486 2299; x_wconf 75' lang='lat' dir='ltr'><strong>Praeconum</strong></span> 
     </span>
    </p>
   </div>
   <div class='ocr_carea' id='block_1_66' title="bbox 1926 2320 3486 2407">
    <p class='ocr_par' dir='ltr' id='par_1_66' title="bbox 1926 2320 3486 2407">
     <span class='ocr_line' id='line_1_66' title="bbox 1926 2320 3486 2407; baseline 0.013 -36"><span class='ocrx_word' id='word_1_485' title='bbox 1926 2332 2105 2374; x_wconf 87' lang='lat' dir='ltr'><strong>autem</strong></span> <span class='ocrx_word' id='word_1_486' title='bbox 2124 2320 2380 2390; x_wconf 86' lang='lat' dir='ltr'><strong>abjectio,</strong></span> <span class='ocrx_word' id='word_1_487' title='bbox 2414 2326 2746 2396; x_wconf 85' lang='lat' dir='ltr'><strong>ignobilitas,</strong></span> <span class='ocrx_word' id='word_1_488' title='bbox 2782 2333 2922 2387; x_wconf 91' lang='lat' dir='ltr'><strong>nulla</strong></span> <span class='ocrx_word' id='word_1_489' title='bbox 2956 2334 3224 2398; x_wconf 90' lang='lat' dir='ltr'><strong>doctrina,</strong></span> <span class='ocrx_word' id='word_1_490' title='bbox 3252 2346 3486 2407; x_wconf 87' lang='lat' dir='ltr'><strong>egestas,</strong></span> 
     </span>
    </p>
   </div>
   <div class='ocr_carea' id='block_1_67' title="bbox 1928 2418 3490 2497">
    <p class='ocr_par' dir='ltr' id='par_1_67' title="bbox 1928 2418 3490 2497">
     <span class='ocr_line' id='line_1_67' title="bbox 1928 2418 3490 2497; baseline 0.011 -35"><span class='ocrx_word' id='word_1_491' title='bbox 1928 2426 2185 2466; x_wconf 88' lang='lat' dir='ltr'><strong>numerus</strong></span> <span class='ocrx_word' id='word_1_492' title='bbox 2213 2428 2427 2481; x_wconf 90' lang='lat' dir='ltr'><strong>parvus.</strong></span> <span class='ocrx_word' id='word_1_493' title='bbox 2464 2418 2544 2473; x_wconf 89' lang='lat' dir='ltr'><strong>Ab</strong></span> <span class='ocrx_word' id='word_1_494' title='bbox 2573 2418 2689 2490; x_wconf 89' lang='lat' dir='ltr'><strong>ipsa</strong></span> <span class='ocrx_word' id='word_1_495' title='bbox 2729 2434 2908 2477; x_wconf 90' lang='lat' dir='ltr'><strong>autem</strong></span> <span class='ocrx_word' id='word_1_496' title='bbox 2943 2427 3324 2493; x_wconf 65' lang='lat' dir='ltr'><strong>prtedicatione</strong></span> <span class='ocrx_word' id='word_1_497' title='bbox 3350 2426 3490 2497; x_wconf 76' lang='lat' dir='ltr'><strong>jeju-</strong></span> 
     </span>
    </p>
   </div>
   <div class='ocr_carea' id='block_1_68' title="bbox 1928 2500 3490 2585">
    <p class='ocr_par' dir='ltr' id='par_1_68' title="bbox 1928 2500 3490 2585">
     <span class='ocr_line' id='line_1_68' title="bbox 1928 2500 3490 2585; baseline 0.013 -33"><span class='ocrx_word' id='word_1_498' title='bbox 1928 2500 2075 2553; x_wconf 90' lang='lat' dir='ltr'><strong>nium</strong></span> <span class='ocrx_word' id='word_1_499' title='bbox 2119 2518 2217 2570; x_wconf 83' lang='lat' dir='ltr'><strong>pro</strong></span> <span class='ocrx_word' id='word_1_500' title='bbox 2247 2505 2533 2571; x_wconf 92' lang='lat' dir='ltr'><strong>ebrietate,</strong></span> <span class='ocrx_word' id='word_1_501' title='bbox 2563 2512 2822 2577; x_wconf 85' lang='lat' dir='ltr'><strong>pudicitia</strong></span> <span class='ocrx_word' id='word_1_502' title='bbox 2872 2530 2970 2585; x_wconf 92' lang='lat' dir='ltr'><strong>pro</strong></span> <span class='ocrx_word' id='word_1_503' title='bbox 3011 2515 3249 2580; x_wconf 87' lang='lat' dir='ltr'><strong>libidine,</strong></span> <span class='ocrx_word' id='word_1_504' title='bbox 3288 2518 3490 2572; x_wconf 89' lang='lat' dir='ltr'><strong>donare</strong></span> 
     </span>
    </p>
   </div>
   <div class='ocr_carea' id='block_1_69' title="bbox 1927 2602 3493 2678">
    <p class='ocr_par' dir='ltr' id='par_1_69' title="bbox 1927 2602 3493 2678">
     <span class='ocr_line' id='line_1_69' title="bbox 1927 2602 3493 2678; baseline 0.01 -31"><span class='ocrx_word' id='word_1_505' title='bbox 1927 2606 2021 2647; x_wconf 91' lang='lat' dir='ltr'><strong>sua</strong></span> <span class='ocrx_word' id='word_1_506' title='bbox 2057 2609 2217 2662; x_wconf 89' lang='lat' dir='ltr'><strong>quam</strong></span> <span class='ocrx_word' id='word_1_507' title='bbox 2269 2613 2479 2667; x_wconf 90' lang='lat' dir='ltr'><strong>rapere.</strong></span> <span class='ocrx_word' id='word_1_508' title='bbox 2527 2602 2583 2657; x_wconf 90' lang='lat' dir='ltr'><strong>Si</strong></span> <span class='ocrx_word' id='word_1_509' title='bbox 2622 2604 2786 2676; x_wconf 90' lang='lat' dir='ltr'><strong>igitur</strong></span> <span class='ocrx_word' id='word_1_510' title='bbox 2836 2608 2925 2677; x_wconf 92' lang='lat' dir='ltr'><strong>qui</strong></span> <span class='ocrx_word' id='word_1_511' title='bbox 2969 2610 3367 2678; x_wconf 70' lang='lat' dir='ltr'><strong>praedicabatur</strong></span> <span class='ocrx_word' id='word_1_512' title='bbox 3410 2611 3493 2664; x_wconf 78' lang='lat' dir='ltr'><strong>iu-</strong></span> 
     </span>
    </p>
   </div>
   <div class='ocr_carea' id='block_1_70' title="bbox 1926 2685 3492 2771">
    <p class='ocr_par' dir='ltr' id='par_1_70' title="bbox 1926 2685 3492 2771">
     <span class='ocr_line' id='line_1_70' title="bbox 1926 2685 3492 2771; baseline 0.011 -33"><span class='ocrx_word' id='word_1_513' title='bbox 1926 2685 2295 2743; x_wconf 85' lang='lat' dir='ltr'><strong>credulitatem</strong></span> <span class='ocrx_word' id='word_1_514' title='bbox 2358 2691 2594 2747; x_wconf 89' lang='lat' dir='ltr'><strong>habebat</strong></span> <span class='ocrx_word' id='word_1_515' title='bbox 2663 2706 2881 2765; x_wconf 88' lang='lat' dir='ltr'><strong>propter</strong></span> <span class='ocrx_word' id='word_1_516' title='bbox 2942 2699 3311 2768; x_wconf 87' lang='lat' dir='ltr'><strong>impotentiam</strong></span> <span class='ocrx_word' id='word_1_517' title='bbox 3371 2718 3492 2771; x_wconf 70' lang='lat' dir='ltr'><strong>qua:</strong></span> 
     </span>
    </p>
   </div>
   <div class='ocr_carea' id='block_1_71' title="bbox 1926 2778 3488 2855">
    <p class='ocr_par' dir='ltr' id='par_1_71' title="bbox 1926 2778 3488 2855">
     <span class='ocr_line' id='line_1_71' title="bbox 1926 2778 3488 2855; baseline 0.012 -27"><span class='ocrx_word' id='word_1_518' title='bbox 1926 2778 2213 2845; x_wconf 85' lang='lat' dir='ltr'><strong>putabatur</strong></span> <span class='ocrx_word' id='word_1_519' title='bbox 2236 2781 2434 2848; x_wconf 91' lang='lat' dir='ltr'><strong>crucis,</strong></span> <span class='ocrx_word' id='word_1_520' title='bbox 2477 2795 2533 2838; x_wconf 90' lang='lat' dir='ltr'><strong>et</strong></span> <span class='ocrx_word' id='word_1_521' title='bbox 2572 2785 2662 2854; x_wconf 91' lang='lat' dir='ltr'><strong>qui</strong></span> <span class='ocrx_word' id='word_1_522' title='bbox 2695 2788 3063 2855; x_wconf 65' lang='lat' dir='ltr'><strong>prmdicabant</strong></span> <span class='ocrx_word' id='word_1_523' title='bbox 3094 2792 3271 2846; x_wconf 91' lang='lat' dir='ltr'><strong>omnia</strong></span> <span class='ocrx_word' id='word_1_524' title='bbox 3309 2792 3488 2846; x_wconf 74' lang='lat' dir='ltr'><strong>incre-</strong></span> 
     </span>
    </p>
   </div>
   <div class='ocr_carea' id='block_1_72' title="bbox 1926 2869 3487 2953">
    <p class='ocr_par' dir='ltr' id='par_1_72' title="bbox 1926 2869 3487 2953">
     <span class='ocr_line' id='line_1_72' title="bbox 1926 2869 3487 2953; baseline 0.011 -30"><span class='ocrx_word' id='word_1_525' title='bbox 1926 2869 2141 2936; x_wconf 87' lang='lat' dir='ltr'><strong>dibilia;</strong></span> <span class='ocrx_word' id='word_1_526' title='bbox 2174 2874 2307 2928; x_wconf 87' lang='lat' dir='ltr'><strong>adde</strong></span> <span class='ocrx_word' id='word_1_527' title='bbox 2348 2885 2528 2930; x_wconf 91' lang='lat' dir='ltr'><strong>autem</strong></span> <span class='ocrx_word' id='word_1_528' title='bbox 2563 2886 2615 2933; x_wconf 93' lang='lat' dir='ltr'><strong>et</strong></span> <span class='ocrx_word' id='word_1_529' title='bbox 2638 2883 3067 2949; x_wconf 89' lang='lat' dir='ltr'><strong>persecutionem</strong></span> <span class='ocrx_word' id='word_1_530' title='bbox 3101 2885 3334 2953; x_wconf 85' lang='lat' dir='ltr'><strong>ipsorum</strong></span> <span class='ocrx_word' id='word_1_531' title='bbox 3362 2901 3487 2940; x_wconf 91' lang='lat' dir='ltr'><strong>cum</strong></span> 
     </span>
    </p>
   </div>
   <div class='ocr_carea' id='block_1_73' title="bbox 1927 2960 3491 3038">
    <p class='ocr_par' dir='ltr' id='par_1_73' title="bbox 1927 2960 3491 3038">
     <span class='ocr_line' id='line_1_73' title="bbox 1927 2960 3491 3038; baseline 0.013 -29"><span class='ocrx_word' id='word_1_532' title='bbox 1927 2960 2261 3028; x_wconf 83' lang='lat' dir='ltr'><strong>vapularent,</strong></span> <span class='ocrx_word' id='word_1_533' title='bbox 2303 2979 2422 3021; x_wconf 80' lang='lat' dir='ltr'><strong>cum</strong></span> <span class='ocrx_word' id='word_1_534' title='bbox 2477 2965 2699 3035; x_wconf 85' lang='lat' dir='ltr'><strong>injurias</strong></span> <span class='ocrx_word' id='word_1_535' title='bbox 2754 2972 3100 3038; x_wconf 90' lang='lat' dir='ltr'><strong>sustinerent,</strong></span> <span class='ocrx_word' id='word_1_536' title='bbox 3141 2989 3262 3028; x_wconf 91' lang='lat' dir='ltr'><strong>cum</strong></span> <span class='ocrx_word' id='word_1_537' title='bbox 3318 2976 3491 3030; x_wconf 86' lang='lat' dir='ltr'><strong>reclu-</strong></span> 
     </span>
    </p>
   </div>
   <div class='ocr_carea' id='block_1_74' title="bbox 1928 3048 3490 3131">
    <p class='ocr_par' dir='ltr' id='par_1_74' title="bbox 1928 3048 3490 3131">
     <span class='ocr_line' id='line_1_74' title="bbox 1928 3048 3490 3131; baseline 0.01 -29"><span class='ocrx_word' id='word_1_538' title='bbox 1928 3048 2179 3104; x_wconf 88' lang='lat' dir='ltr'><strong>derentur</strong></span> <span class='ocrx_word' id='word_1_539' title='bbox 2225 3065 2280 3107; x_wconf 65' lang='lat' dir='ltr'><strong>et</strong></span> <span class='ocrx_word' id='word_1_540' title='bbox 2332 3053 2798 3124; x_wconf 84' lang='lat' dir='ltr'><strong>interﬁcerentur;</strong></span> <span class='ocrx_word' id='word_1_541' title='bbox 2864 3059 2909 3112; x_wconf 88' lang='lat' dir='ltr'><strong>si</strong></span> <span class='ocrx_word' id='word_1_542' title='bbox 2953 3062 3043 3130; x_wconf 90' lang='lat' dir='ltr'><strong>qui</strong></span> <span class='ocrx_word' id='word_1_543' title='bbox 3096 3064 3490 3131; x_wconf 75' lang='lat' dir='ltr'><strong>przedieahatur</strong></span> 
     </span>
    </p>
   </div>
   <div class='ocr_carea' id='block_1_75' title="bbox 1927 3138 3484 3225">
    <p class='ocr_par' dir='ltr' id='par_1_75' title="bbox 1927 3138 3484 3225">
     <span class='ocr_line' id='line_1_75' title="bbox 1927 3138 3484 3225; baseline 0.011 -32"><span class='ocrx_word' id='word_1_544' title='bbox 1927 3138 2242 3197; x_wconf 80' lang='lat' dir='ltr'><strong>interfectus</strong></span> <span class='ocrx_word' id='word_1_545' title='bbox 2281 3154 2384 3209; x_wconf 91' lang='lat' dir='ltr'><strong>est,</strong></span> <span class='ocrx_word' id='word_1_546' title='bbox 2416 3147 2507 3215; x_wconf 89' lang='lat' dir='ltr'><strong>qui</strong></span> <span class='ocrx_word' id='word_1_547' title='bbox 2539 3149 2832 3217; x_wconf 60' lang='lat' dir='ltr'><strong>praedicant</strong></span> <span class='ocrx_word' id='word_1_548' title='bbox 2861 3152 3279 3219; x_wconf 15' lang='lat' dir='ltr'><strong>iirtterflciuntur,</strong></span> <span class='ocrx_word' id='word_1_549' title='bbox 3303 3166 3357 3209; x_wconf 91' lang='lat' dir='ltr'><strong>et</strong></span> <span class='ocrx_word' id='word_1_550' title='bbox 3392 3156 3484 3225; x_wconf 92' lang='lat' dir='ltr'><strong>qui</strong></span> 
     </span>
    </p>
   </div>
   <div class='ocr_carea' id='block_1_76' title="bbox 1853 3233 3488 3311">
    <p class='ocr_par' dir='ltr' id='par_1_76' title="bbox 1853 3233 3488 3311">
     <span class='ocr_line' id='line_1_76' title="bbox 1853 3233 3488 3311; baseline 0.01 -27"><span class='ocrx_word' id='word_1_551' title='bbox 1853 3249 1895 3311; x_wconf 62' lang='grc' dir='ltr'><strong>(ς</strong></span> <span class='ocrx_word' id='word_1_552' title='bbox 1929 3233 2156 3286; x_wconf 86' lang='lat' dir='ltr'><strong>credunt</strong></span> <span class='ocrx_word' id='word_1_553' title='bbox 2204 3238 2630 3303; x_wconf 88' lang='lat' dir='ltr'><strong>persecutionem</strong></span> <span class='ocrx_word' id='word_1_554' title='bbox 2680 3241 2966 3296; x_wconf 90' lang='lat' dir='ltr'><strong>sustinent.</strong></span> <span class='ocrx_word' id='word_1_555' title='bbox 3018 3244 3172 3300; x_wconf 85' lang='lat' dir='ltr'><strong>Unde</strong></span> <span class='ocrx_word' id='word_1_556' title='bbox 3206 3246 3488 3301; x_wconf 84' lang='lat' dir='ltr'><strong>creditur?</strong></span> 
     </span>
    </p>
   </div>
   <div class='ocr_carea' id='block_1_77' title="bbox 1928 3323 3489 3404">
    <p class='ocr_par' dir='ltr' id='par_1_77' title="bbox 1928 3323 3489 3404">
     <span class='ocr_line' id='line_1_77' title="bbox 1928 3323 3489 3404; baseline 0.01 -29"><span class='ocrx_word' id='word_1_557' title='bbox 1928 3323 1994 3376; x_wconf 93' lang='lat' dir='ltr'><strong>ab</strong></span> <span class='ocrx_word' id='word_1_558' title='bbox 2024 3323 2172 3392; x_wconf 80' lang='lat' dir='ltr'><strong>ipso.</strong></span> <span class='ocrx_word' id='word_1_559' title='bbox 2209 3340 2237 3377; x_wconf 92' lang='lat' dir='ltr'><strong>a</strong></span> <span class='ocrx_word' id='word_1_560' title='bbox 2268 3326 2380 3380; x_wconf 92' lang='lat' dir='ltr'><strong>suis</strong></span> <span class='ocrx_word' id='word_1_561' title='bbox 2411 3330 2891 3396; x_wconf 72' lang='lat' dir='ltr'><strong>przedicatorihus?</strong></span> <span class='ocrx_word' id='word_1_562' title='bbox 2919 3332 2986 3386; x_wconf 90' lang='lat' dir='ltr'><strong>ab</strong></span> <span class='ocrx_word' id='word_1_563' title='bbox 3008 3334 3093 3388; x_wconf 86' lang='lat' dir='ltr'><strong>his</strong></span> <span class='ocrx_word' id='word_1_564' title='bbox 3117 3336 3206 3403; x_wconf 89' lang='lat' dir='ltr'><strong>qui</strong></span> <span class='ocrx_word' id='word_1_565' title='bbox 3238 3350 3489 3404; x_wconf 90' lang='lat' dir='ltr'><strong>suscepe-</strong></span> 
     </span>
    </p>
   </div>
   <div class='ocr_carea' id='block_1_78' title="bbox 1929 3414 3485 3498">
    <p class='ocr_par' dir='ltr' id='par_1_78' title="bbox 1929 3414 3485 3498">
     <span class='ocr_line' id='line_1_78' title="bbox 1929 3414 3485 3498; baseline 0.009 -30"><span class='ocrx_word' id='word_1_566' title='bbox 1929 3415 2092 3468; x_wconf 85' lang='lat' dir='ltr'><strong>runt?</strong></span> <span class='ocrx_word' id='word_1_567' title='bbox 2118 3414 2224 3472; x_wconf 90' lang='lat' dir='ltr'><strong>Sed</strong></span> <span class='ocrx_word' id='word_1_568' title='bbox 2254 3432 2320 3472; x_wconf 85' lang='lat' dir='ltr'><strong>ex</strong></span> <span class='ocrx_word' id='word_1_569' title='bbox 2357 3421 2745 3478; x_wconf 67' lang='lat' dir='ltr'><strong>consuetudine</strong></span> <span class='ocrx_word' id='word_1_570' title='bbox 2786 3438 2905 3492; x_wconf 71' lang='lat' dir='ltr'><strong>qua:</strong></span> <span class='ocrx_word' id='word_1_571' title='bbox 2929 3428 3201 3481; x_wconf 90' lang='lat' dir='ltr'><strong>contraria</strong></span> <span class='ocrx_word' id='word_1_572' title='bbox 3234 3443 3485 3498; x_wconf 85' lang='lat' dir='ltr'><strong>suggere-</strong></span> 
     </span>
    </p>
   </div>
   <div class='ocr_carea' id='block_1_79' title="bbox 1928 3505 3488 3583">
    <p class='ocr_par' dir='ltr' id='par_1_79' title="bbox 1928 3505 3488 3583">
     <span class='ocr_line' id='line_1_79' title="bbox 1928 3505 3488 3583; baseline 0.009 -25"><span class='ocrx_word' id='word_1_573' title='bbox 1928 3505 2057 3560; x_wconf 81' lang='lat' dir='ltr'><strong>bat?</strong></span> <span class='ocrx_word' id='word_1_574' title='bbox 2083 3508 2176 3562; x_wconf 92' lang='lat' dir='ltr'><strong>sed</strong></span> <span class='ocrx_word' id='word_1_575' title='bbox 2200 3511 2270 3565; x_wconf 92' lang='lat' dir='ltr'><strong>ab</strong></span> <span class='ocrx_word' id='word_1_576' title='bbox 2300 3512 2601 3567; x_wconf 90' lang='lat' dir='ltr'><strong>acerbitate</strong></span> <span class='ocrx_word' id='word_1_577' title='bbox 2632 3515 3032 3583; x_wconf 85' lang='lat' dir='ltr'><strong>praedicationis</strong></span> <span class='ocrx_word' id='word_1_578' title='bbox 3062 3519 3147 3574; x_wconf 90' lang='lat' dir='ltr'><strong>cui</strong></span> <span class='ocrx_word' id='word_1_579' title='bbox 3173 3519 3488 3573; x_wconf 80' lang='lat' dir='ltr'><strong>adversaba-</strong></span> 
     </span>
    </p>
   </div>
   <div class='ocr_carea' id='block_1_80' title="bbox 1930 3599 3489 3678">
    <p class='ocr_par' dir='ltr' id='par_1_80' title="bbox 1930 3599 3489 3678">
     <span class='ocr_line' id='line_1_80' title="bbox 1930 3599 3489 3678; baseline 0.012 -30"><span class='ocrx_word' id='word_1_580' title='bbox 1930 3603 2016 3648; x_wconf 91' lang='lat' dir='ltr'><strong>tur</strong></span> <span class='ocrx_word' id='word_1_581' title='bbox 2049 3599 2264 3666; x_wconf 90' lang='lat' dir='ltr'><strong>requies</strong></span> <span class='ocrx_word' id='word_1_582' title='bbox 2287 3615 2405 3671; x_wconf 74' lang='lat' dir='ltr'><strong>quze</strong></span> <span class='ocrx_word' id='word_1_583' title='bbox 2433 3602 2484 3655; x_wconf 90' lang='lat' dir='ltr'><strong>in</strong></span> <span class='ocrx_word' id='word_1_584' title='bbox 2519 3601 2697 3659; x_wconf 88' lang='lat' dir='ltr'><strong>Veteri</strong></span> <span class='ocrx_word' id='word_1_585' title='bbox 2742 3616 2859 3660; x_wconf 87' lang='lat' dir='ltr'><strong>erat</strong></span> <span class='ocrx_word' id='word_1_586' title='bbox 2894 3606 3239 3663; x_wconf 89' lang='lat' dir='ltr'><strong>Testamento</strong></span> <span class='ocrx_word' id='word_1_587' title='bbox 3265 3611 3489 3678; x_wconf 84' lang='lat' dir='ltr'><strong>permis-</strong></span> 
     </span>
    </p>
   </div>
   <div class='ocr_carea' id='block_1_81' title="bbox 1927 3690 3487 3771">
    <p class='ocr_par' dir='ltr' id='par_1_81' title="bbox 1927 3690 3487 3771">
     <span class='ocr_line' id='line_1_81' title="bbox 1927 3690 3487 3771; baseline 0.008 -30"><span class='ocrx_word' id='word_1_588' title='bbox 1927 3703 1985 3742; x_wconf 90' lang='lat' dir='ltr'><strong>sa</strong></span> <span class='ocrx_word' id='word_1_589' title='bbox 2019 3690 2169 3761; x_wconf 86' lang='lat'><strong>(96)?</strong></span> <span class='ocrx_word' id='word_1_590' title='bbox 2194 3693 2286 3747; x_wconf 86' lang='lat' dir='ltr'><strong>sed</strong></span> <span class='ocrx_word' id='word_1_591' title='bbox 2319 3709 2347 3747; x_wconf 93' lang='lat' dir='ltr'><strong>a</strong></span> <span class='ocrx_word' id='word_1_592' title='bbox 2375 3698 2863 3763; x_wconf 88' lang='lat' dir='ltr'><strong>promissionibus?</strong></span> <span class='ocrx_word' id='word_1_593' title='bbox 2892 3702 3132 3755; x_wconf 84' lang='lat' dir='ltr'><strong>Mortuus</strong></span> <span class='ocrx_word' id='word_1_594' title='bbox 3154 3712 3258 3765; x_wconf 90' lang='lat' dir='ltr'><strong>est,</strong></span> <span class='ocrx_word' id='word_1_595' title='bbox 3292 3702 3487 3771; x_wconf 85' lang='lat' dir='ltr'><strong>inquit,</strong></span> 
     </span>
    </p>
   </div>
   <div class='ocr_carea' id='block_1_82' title="bbox 1927 3782 3490 3862">
    <p class='ocr_par' dir='ltr' id='par_1_82' title="bbox 1927 3782 3490 3862">
     <span class='ocr_line' id='line_1_82' title="bbox 1927 3782 3490 3862; baseline 0.01 -32"><span class='ocrx_word' id='word_1_596' title='bbox 1927 3782 2167 3850; x_wconf 89' lang='lat' dir='ltr'><strong>quidam,</strong></span> <span class='ocrx_word' id='word_1_597' title='bbox 2201 3793 2255 3839; x_wconf 94' lang='lat' dir='ltr'><strong>et</strong></span> <span class='ocrx_word' id='word_1_598' title='bbox 2301 3788 2933 3858; x_wconf 85' lang='lat' dir='ltr'><strong>resurrexitaliquando;</strong></span> <span class='ocrx_word' id='word_1_599' title='bbox 2966 3801 3021 3847; x_wconf 90' lang='lat' dir='ltr'><strong>et</strong></span> <span class='ocrx_word' id='word_1_600' title='bbox 3047 3793 3345 3861; x_wconf 90' lang='lat' dir='ltr'><strong>persecutio</strong></span> <span class='ocrx_word' id='word_1_601' title='bbox 3370 3792 3490 3862; x_wconf 88' lang='lat' dir='ltr'><strong>qui-</strong></span> 
     </span>
    </p>
   </div>
   <div class='ocr_carea' id='block_1_83' title="bbox 1927 3871 3487 3944">
    <p class='ocr_par' dir='ltr' id='par_1_83' title="bbox 1927 3871 3487 3944">
     <span class='ocr_line' id='line_1_83' title="bbox 1927 3871 3487 3944; baseline 0.008 -19"><span class='ocrx_word' id='word_1_602' title='bbox 1927 3871 2047 3927; x_wconf 90' lang='lat' dir='ltr'><strong>dem</strong></span> <span class='ocrx_word' id='word_1_603' title='bbox 2093 3877 2301 3941; x_wconf 89' lang='lat' dir='ltr'><strong>aderat,</strong></span> <span class='ocrx_word' id='word_1_604' title='bbox 2353 3880 2739 3944; x_wconf 89' lang='lat' dir='ltr'><strong>promissiones</strong></span> <span class='ocrx_word' id='word_1_605' title='bbox 2784 3891 2962 3936; x_wconf 88' lang='lat' dir='ltr'><strong>autem</strong></span> <span class='ocrx_word' id='word_1_606' title='bbox 2995 3883 3327 3938; x_wconf 90' lang='lat' dir='ltr'><strong>dicebantur.</strong></span> <span class='ocrx_word' id='word_1_607' title='bbox 3379 3883 3487 3937; x_wconf 90' lang='lat' dir='ltr'><strong>Sed</strong></span> 
     </span>
    </p>
   </div>
   <div class='ocr_carea' id='block_1_84' title="bbox 1928 3968 3487 4042">
    <p class='ocr_par' dir='ltr' id='par_1_84' title="bbox 1928 3968 3487 4042">
     <span class='ocr_line' id='line_1_84' title="bbox 1928 3968 3487 4042; baseline 0.011 -32"><span class='ocrx_word' id='word_1_608' title='bbox 1928 3971 2084 4027; x_wconf 87' lang='lat' dir='ltr'><strong>putas</strong></span> <span class='ocrx_word' id='word_1_609' title='bbox 2131 3977 2497 4031; x_wconf 88' lang='lat' dir='ltr'><strong>provenerunt.</strong></span> <span class='ocrx_word' id='word_1_610' title='bbox 2547 3968 2667 4033; x_wconf 93' lang='lat' dir='ltr'><strong>ista,</strong></span> <span class='ocrx_word' id='word_1_611' title='bbox 2711 3978 2767 4023; x_wconf 89' lang='lat' dir='ltr'><strong>et</strong></span> <span class='ocrx_word' id='word_1_612' title='bbox 2796 3981 3082 4025; x_wconf 88' lang='lat' dir='ltr'><strong>suaserunt</strong></span> <span class='ocrx_word' id='word_1_613' title='bbox 3128 3972 3396 4042; x_wconf 89' lang='lat' dir='ltr'><strong>discipuli,</strong></span> <span class='ocrx_word' id='word_1_614' title='bbox 3435 3985 3487 4027; x_wconf 88' lang='lat' dir='ltr'><strong>et</strong></span> 
     </span>
    </p>
   </div>
   <div class='ocr_carea' id='block_1_85' title="bbox 1932 4052 3487 4132">
    <p class='ocr_par' dir='ltr' id='par_1_85' title="bbox 1932 4052 3487 4132">
     <span class='ocr_line' id='line_1_85' title="bbox 1932 4052 3487 4132; baseline 0.006 -29"><span class='ocrx_word' id='word_1_615' title='bbox 1932 4052 2222 4107; x_wconf 88' lang='lat' dir='ltr'><strong>translatus</strong></span> <span class='ocrx_word' id='word_1_616' title='bbox 2248 4062 2332 4109; x_wconf 90' lang='lat' dir='ltr'><strong>est</strong></span> <span class='ocrx_word' id='word_1_617' title='bbox 2363 4057 2615 4125; x_wconf 88' lang='lat' dir='ltr'><strong>nmudus,</strong></span> <span class='ocrx_word' id='word_1_618' title='bbox 2655 4067 2710 4112; x_wconf 93' lang='lat' dir='ltr'><strong>et</strong></span> <span class='ocrx_word' id='word_1_619' title='bbox 2738 4058 2904 4115; x_wconf 77' lang='lat' dir='ltr'><strong>Judzei</strong></span> <span class='ocrx_word' id='word_1_620' title='bbox 2937 4062 3258 4116; x_wconf 88' lang='lat' dir='ltr'><strong>cessarunt?</strong></span> <span class='ocrx_word' id='word_1_621' title='bbox 3288 4061 3487 4132; x_wconf 51' lang='lat' dir='ltr'><strong>Impos.</strong></span> 
     </span>
    </p>
   </div>
   <div class='ocr_carea' id='block_1_86' title="bbox 1930 4140 3488 4213">
    <p class='ocr_par' dir='ltr' id='par_1_86' title="bbox 1930 4140 3488 4213">
     <span class='ocr_line' id='line_1_86' title="bbox 1930 4140 3488 4213; baseline 0.006 -19"><span class='ocrx_word' id='word_1_622' title='bbox 1930 4140 2104 4194; x_wconf 88' lang='lat' dir='ltr'><strong>sibilia</strong></span> <span class='ocrx_word' id='word_1_623' title='bbox 2150 4142 2289 4196; x_wconf 90' lang='lat' dir='ltr'><strong>facta</strong></span> <span class='ocrx_word' id='word_1_624' title='bbox 2323 4154 2449 4197; x_wconf 88' lang='lat' dir='ltr'><strong>sunt</strong></span> <span class='ocrx_word' id='word_1_625' title='bbox 2490 4147 2791 4213; x_wconf 85' lang='lat' dir='ltr'><strong>possibilia,</strong></span> <span class='ocrx_word' id='word_1_626' title='bbox 2821 4157 2876 4202; x_wconf 92' lang='lat' dir='ltr'><strong>et</strong></span> <span class='ocrx_word' id='word_1_627' title='bbox 2920 4150 3111 4203; x_wconf 90' lang='lat' dir='ltr'><strong>iterum</strong></span> <span class='ocrx_word' id='word_1_628' title='bbox 3142 4151 3359 4205; x_wconf 87' lang='lat' dir='ltr'><strong>silentio</strong></span> <span class='ocrx_word' id='word_1_629' title='bbox 3387 4167 3401 4203; x_wconf 89' lang='lat'><strong>:</strong></span> <span class='ocrx_word' id='word_1_630' title='bbox 3434 4161 3488 4205; x_wconf 86' lang='lat' dir='ltr'><strong>et</strong></span> 
     </span>
    </p>
   </div>
   <div class='ocr_carea' id='block_1_87' title="bbox 1877 4230 3531 4308">
    <p class='ocr_par' dir='ltr' id='par_1_87' title="bbox 1877 4230 3531 4308">
     <span class='ocr_line' id='line_1_87' title="bbox 1877 4230 3531 4308; baseline 0.013 -28"><span class='ocrx_word' id='word_1_631' title='bbox 1877 4276 1881 4280; x_wconf 85' lang='lat'><strong>.</strong></span> <span class='ocrx_word' id='word_1_632' title='bbox 1929 4230 1976 4286; x_wconf 89' lang='lat' dir='ltr'><strong>si</strong></span> <span class='ocrx_word' id='word_1_633' title='bbox 2010 4232 2230 4287; x_wconf 83' lang='lat' dir='ltr'><strong>fortuitu</strong></span> <span class='ocrx_word' id='word_1_634' title='bbox 2275 4234 2408 4306; x_wconf 83' lang='lat'><strong>(97).</strong></span> <span class='ocrx_word' id='word_1_635' title='bbox 2442 4235 2498 4292; x_wconf 91' lang='lat' dir='ltr'><strong>Si</strong></span> <span class='ocrx_word' id='word_1_636' title='bbox 2549 4248 2728 4293; x_wconf 90' lang='lat' dir='ltr'><strong>autem</strong></span> <span class='ocrx_word' id='word_1_637' title='bbox 2774 4241 3021 4308; x_wconf 63' lang='lat' dir='ltr'><strong>praedixit</strong></span> <span class='ocrx_word' id='word_1_638' title='bbox 3070 4256 3133 4295; x_wconf 92' lang='lat' dir='ltr'><strong>ea</strong></span> <span class='ocrx_word' id='word_1_639' title='bbox 3178 4239 3337 4297; x_wconf 86' lang='lat' dir='ltr'><strong>Jesus</strong></span> <span class='ocrx_word' id='word_1_640' title='bbox 3364 4253 3489 4298; x_wconf 91' lang='lat' dir='ltr'><strong>ante</strong></span> 
     </span>
    </p>
   </div>
   <div class='ocr_carea' id='block_1_88' title="bbox 1928 4328 3487 4402">
    <p class='ocr_par' dir='ltr' id='par_1_88' title="bbox 1928 4328 3487 4402">
     <span class='ocr_line' id='line_1_88' title="bbox 1928 4328 3487 4402; baseline 0.005 -23"><span class='ocrx_word' id='word_1_641' title='bbox 1928 4338 2164 4389; x_wconf 90' lang='lat' dir='ltr'><strong>crucem,</strong></span> <span class='ocrx_word' id='word_1_642' title='bbox 2198 4328 2425 4396; x_wconf 87' lang='lat' dir='ltr'><strong>perfecit</strong></span> <span class='ocrx_word' id='word_1_643' title='bbox 2460 4339 2638 4384; x_wconf 91' lang='lat' dir='ltr'><strong>autem</strong></span> <span class='ocrx_word' id='word_1_644' title='bbox 2679 4341 2798 4399; x_wconf 92' lang='lat' dir='ltr'><strong>post</strong></span> <span class='ocrx_word' id='word_1_645' title='bbox 2832 4346 3069 4393; x_wconf 89' lang='lat' dir='ltr'><strong>crucem,</strong></span> <span class='ocrx_word' id='word_1_646' title='bbox 3103 4333 3232 4402; x_wconf 92' lang='lat' dir='ltr'><strong>quid</strong></span> <span class='ocrx_word' id='word_1_647' title='bbox 3268 4349 3371 4389; x_wconf 93' lang='lat' dir='ltr'><strong>nou</strong></span> <span class='ocrx_word' id='word_1_648' title='bbox 3403 4334 3487 4387; x_wconf 92' lang='lat' dir='ltr'><strong>vi-</strong></span> 
     </span>
    </p>
   </div>
   <div class='ocr_carea' id='block_1_89' title="bbox 1930 4415 3487 4492">
    <p class='ocr_par' dir='ltr' id='par_1_89' title="bbox 1930 4415 3487 4492">
     <span class='ocr_line' id='line_1_89' title="bbox 1930 4415 3487 4492; baseline 0.006 -22"><span class='ocrx_word' id='word_1_649' title='bbox 1930 4415 2118 4471; x_wconf 88' lang='lat' dir='ltr'><strong>demus</strong></span> <span class='ocrx_word' id='word_1_650' title='bbox 2148 4418 2214 4471; x_wconf 92' lang='lat' dir='ltr'><strong>ad</strong></span> <span class='ocrx_word' id='word_1_651' title='bbox 2266 4419 2456 4485; x_wconf 87' lang='lat' dir='ltr'><strong>solem,</strong></span> <span class='ocrx_word' id='word_1_652' title='bbox 2504 4421 2591 4474; x_wconf 88' lang='lat' dir='ltr'><strong>ubi</strong></span> <span class='ocrx_word' id='word_1_653' title='bbox 2629 4432 2683 4475; x_wconf 87' lang='lat' dir='ltr'><strong>et</strong></span> <span class='ocrx_word' id='word_1_654' title='bbox 2732 4423 3015 4492; x_wconf 69' lang='lat' dir='ltr'><strong>praedixit?</strong></span> <span class='ocrx_word' id='word_1_655' title='bbox 3060 4423 3157 4479; x_wconf 89' lang='lat' dir='ltr'><strong>Ubi</strong></span> <span class='ocrx_word' id='word_1_656' title='bbox 3189 4427 3332 4480; x_wconf 89' lang='lat' dir='ltr'><strong>enim</strong></span> <span class='ocrx_word' id='word_1_657' title='bbox 3382 4443 3487 4483; x_wconf 91' lang='lat' dir='ltr'><strong>non</strong></span> 
     </span>
    </p>
   </div>
   <div class='ocr_carea' id='block_1_90' title="bbox 1931 4506 3492 4585">
    <p class='ocr_par' dir='ltr' id='par_1_90' title="bbox 1931 4506 3492 4585">
     <span class='ocr_line' id='line_1_90' title="bbox 1931 4506 3492 4585; baseline 0.011 -28"><span class='ocrx_word' id='word_1_658' title='bbox 1931 4506 2213 4573; x_wconf 65' lang='lat' dir='ltr'><strong>praedixit?</strong></span> <span class='ocrx_word' id='word_1_659' title='bbox 2242 4508 2297 4563; x_wconf 92' lang='lat' dir='ltr'><strong>Si</strong></span> <span class='ocrx_word' id='word_1_660' title='bbox 2343 4510 2465 4578; x_wconf 92' lang='lat' dir='ltr'><strong>quis</strong></span> <span class='ocrx_word' id='word_1_661' title='bbox 2509 4520 2685 4565; x_wconf 89' lang='lat' dir='ltr'><strong>autem</strong></span> <span class='ocrx_word' id='word_1_662' title='bbox 2717 4522 2991 4568; x_wconf 88' lang='lat' dir='ltr'><strong>scrutatus</strong></span> <span class='ocrx_word' id='word_1_663' title='bbox 3027 4514 3187 4569; x_wconf 88' lang='lat' dir='ltr'><strong>fuerit</strong></span> <span class='ocrx_word' id='word_1_664' title='bbox 3228 4517 3344 4585; x_wconf 84' lang='lat' dir='ltr'><strong>ejus</strong></span> <span class='ocrx_word' id='word_1_665' title='bbox 3372 4534 3492 4573; x_wconf 80' lang='lat' dir='ltr'><strong>ser-</strong></span> 
     </span>
    </p>
   </div>
   <div class='ocr_carea' id='block_1_91' title="bbox 262 4594 3490 4677">
    <p class='ocr_par' dir='ltr' id='par_1_91' title="bbox 262 4594 3490 4677">
     <span class='ocr_line' id='line_1_91' title="bbox 262 4594 3490 4677; baseline 0.005 -27"><span class='ocrx_word' id='word_1_666' title='bbox 262 4607 397 4669; x_wconf 83' lang='lat' dir='ltr'><strong>gunt</strong></span> <span class='ocrx_word' id='word_1_667' title='bbox 444 4608 499 4651; x_wconf 90' lang='lat' dir='ltr'><strong>et</strong></span> <span class='ocrx_word' id='word_1_668' title='bbox 540 4610 659 4665; x_wconf 79' lang='lat' dir='ltr'><strong>quae</strong></span> <span class='ocrx_word' id='word_1_669' title='bbox 689 4597 1002 4665; x_wconf 89' lang='lat' dir='ltr'><strong>loquuntur.</strong></span> <span class='ocrx_word' id='word_1_670' title='bbox 1042 4594 1372 4650; x_wconf 82' lang='lat' dir='ltr'><strong>Mentiuntur</strong></span> <span class='ocrx_word' id='word_1_671' title='bbox 1405 4594 1640 4649; x_wconf 86' lang='lat' dir='ltr'><strong>sacraria</strong></span> <span class='ocrx_word' id='word_1_672' title='bbox 1674 4611 1688 4646; x_wconf 85' lang='lat'><strong>:</strong></span> <span class='ocrx_word' id='word_1_673' title='bbox 1722 4608 1825 4647; x_wconf 89' lang='lat' dir='ltr'><strong>non</strong></span> <span class='ocrx_word' id='word_1_674' title='bbox 1858 4600 1903 4654; x_wconf 92' lang='lat' dir='ltr'><strong>D</strong></span> <span class='ocrx_word' id='word_1_675' title='bbox 1936 4614 2138 4664; x_wconf 90' lang='lat' dir='ltr'><strong>mones,</strong></span> <span class='ocrx_word' id='word_1_676' title='bbox 2167 4616 2271 4655; x_wconf 91' lang='lat' dir='ltr'><strong>non</strong></span> <span class='ocrx_word' id='word_1_677' title='bbox 2311 4611 2395 4657; x_wconf 89' lang='lat' dir='ltr'><strong>est</strong></span> <span class='ocrx_word' id='word_1_678' title='bbox 2442 4604 2558 4670; x_wconf 84' lang='lat' dir='ltr'><strong>ejus</strong></span> <span class='ocrx_word' id='word_1_679' title='bbox 2602 4617 2803 4666; x_wconf 90' lang='lat' dir='ltr'><strong>sermo,</strong></span> <span class='ocrx_word' id='word_1_680' title='bbox 2833 4606 2886 4660; x_wconf 91' lang='lat' dir='ltr'><strong>in</strong></span> <span class='ocrx_word' id='word_1_681' title='bbox 2916 4622 3024 4677; x_wconf 89' lang='lat' dir='ltr'><strong>quo</strong></span> <span class='ocrx_word' id='word_1_682' title='bbox 3058 4624 3161 4663; x_wconf 92' lang='lat' dir='ltr'><strong>non</strong></span> <span class='ocrx_word' id='word_1_683' title='bbox 3194 4620 3274 4665; x_wconf 90' lang='lat' dir='ltr'><strong>est</strong></span> <span class='ocrx_word' id='word_1_684' title='bbox 3309 4612 3490 4667; x_wconf 87' lang='lat' dir='ltr'><strong>statim</strong></span> 
     </span>
    </p>
   </div>
   <div class='ocr_carea' id='block_1_92' title="bbox 263 4684 1824 4753">
    <p class='ocr_par' dir='ltr' id='par_1_92' title="bbox 263 4684 1824 4753">
     <span class='ocr_line' id='line_1_92' title="bbox 263 4684 1824 4753; baseline -0.004 -9"><span class='ocrx_word' id='word_1_685' title='bbox 263 4708 393 4746; x_wconf 85' lang='lat' dir='ltr'><strong>vera</strong></span> <span class='ocrx_word' id='word_1_686' title='bbox 449 4690 702 4745; x_wconf 89' lang='lat' dir='ltr'><strong>dicuntur</strong></span> <span class='ocrx_word' id='word_1_687' title='bbox 743 4689 1172 4743; x_wconf 88' lang='lat' dir='ltr'><strong>vaticinationes.</strong></span> <span class='ocrx_word' id='word_1_688' title='bbox 1213 4686 1517 4741; x_wconf 74' lang='lat' dir='ltr'><strong>Praemissio</strong></span> <span class='ocrx_word' id='word_1_689' title='bbox 1566 4684 1677 4753; x_wconf 70' lang='grc'><strong>(94)</strong></span> <span class='ocrx_word' id='word_1_690' title='bbox 1710 4684 1824 4753; x_wconf 85' lang='lat' dir='ltr'><strong>ipsa</strong></span> 
     </span>
    </p>
   </div>
   <div class='ocr_carea' id='block_1_93' title="bbox 264 4777 1824 4848">
    <p class='ocr_par' dir='ltr' id='par_1_93' title="bbox 264 4777 1824 4848">
     <span class='ocr_line' id='line_1_93' title="bbox 264 4777 1824 4848; baseline -0.006 -9"><span class='ocrx_word' id='word_1_691' title='bbox 264 4798 467 4839; x_wconf 89' lang='lat' dir='ltr'><strong>nocens</strong></span> <span class='ocrx_word' id='word_1_692' title='bbox 495 4795 548 4837; x_wconf 91' lang='lat' dir='ltr'><strong>et</strong></span> <span class='ocrx_word' id='word_1_693' title='bbox 577 4798 667 4836; x_wconf 88' lang='lat' dir='ltr'><strong>ars</strong></span> <span class='ocrx_word' id='word_1_694' title='bbox 710 4782 929 4837; x_wconf 91' lang='lat' dir='ltr'><strong>mentita</strong></span> <span class='ocrx_word' id='word_1_695' title='bbox 960 4792 1062 4835; x_wconf 92' lang='lat' dir='ltr'><strong>est.</strong></span> <span class='ocrx_word' id='word_1_696' title='bbox 1089 4778 1307 4848; x_wconf 82' lang='lat' dir='ltr'><strong>Templa</strong></span> <span class='ocrx_word' id='word_1_697' title='bbox 1348 4777 1484 4832; x_wconf 90' lang='lat' dir='ltr'><strong>male</strong></span> <span class='ocrx_word' id='word_1_698' title='bbox 1514 4786 1824 4832; x_wconf 89' lang='lat' dir='ltr'><strong>constructa</strong></span> 
     </span>
    </p>
   </div>
   <div class='ocr_carea' id='block_1_94' title="bbox 262 4868 1823 4943">
    <p class='ocr_par' dir='ltr' id='par_1_94' title="bbox 262 4868 1823 4943">
     <span class='ocr_line' id='line_1_94' title="bbox 262 4868 1823 4943; baseline -0.004 -13"><span class='ocrx_word' id='word_1_699' title='bbox 262 4883 413 4938; x_wconf 90' lang='lat' dir='ltr'><strong>sunt,</strong></span> <span class='ocrx_word' id='word_1_700' title='bbox 437 4872 672 4929; x_wconf 86' lang='lat' dir='ltr'><strong>recedite</strong></span> <span class='ocrx_word' id='word_1_701' title='bbox 696 4886 724 4926; x_wconf 89' lang='lat' dir='ltr'><strong>a</strong></span> <span class='ocrx_word' id='word_1_702' title='bbox 767 4872 1006 4943; x_wconf 89' lang='lat' dir='ltr'><strong>paternis</strong></span> <span class='ocrx_word' id='word_1_703' title='bbox 1034 4881 1089 4926; x_wconf 92' lang='lat' dir='ltr'><strong>et</strong></span> <span class='ocrx_word' id='word_1_704' title='bbox 1130 4872 1330 4926; x_wconf 91' lang='lat' dir='ltr'><strong>credite</strong></span> <span class='ocrx_word' id='word_1_705' title='bbox 1370 4870 1659 4925; x_wconf 72' lang='lat' dir='ltr'><strong>Cruciﬁxo.</strong></span> <span class='ocrx_word' id='word_1_706' title='bbox 1693 4868 1823 4936; x_wconf 87' lang='lat' dir='ltr'><strong>Quis</strong></span> 
     </span>
    </p>
   </div>
   <div class='ocr_carea' id='block_1_95' title="bbox 263 4962 1822 5038">
    <p class='ocr_par' dir='ltr' id='par_1_95' title="bbox 263 4962 1822 5038">
     <span class='ocr_line' id='line_1_95' title="bbox 263 4962 1822 5038; baseline -0.003 -18"><span class='ocrx_word' id='word_1_707' title='bbox 263 4976 425 5038; x_wconf 91' lang='lat' dir='ltr'><strong>putas</strong></span> <span class='ocrx_word' id='word_1_708' title='bbox 454 4966 525 5019; x_wconf 91' lang='lat' dir='ltr'><strong>ita</strong></span> <span class='ocrx_word' id='word_1_709' title='bbox 572 4966 841 5035; x_wconf 79' lang='lat' dir='ltr'><strong>lapideum</strong></span> <span class='ocrx_word' id='word_1_710' title='bbox 872 4966 1035 5020; x_wconf 82' lang='lat' dir='ltr'><strong>habet</strong></span> <span class='ocrx_word' id='word_1_711' title='bbox 1063 4964 1192 5019; x_wconf 91' lang='lat' dir='ltr'><strong>cor?</strong></span> <span class='ocrx_word' id='word_1_712' title='bbox 1223 4964 1332 5025; x_wconf 80' lang='lat' dir='ltr'><strong>Ego</strong></span> <span class='ocrx_word' id='word_1_713' title='bbox 1375 4972 1502 5033; x_wconf 92' lang='lat' dir='ltr'><strong>puto</strong></span> <span class='ocrx_word' id='word_1_714' title='bbox 1533 4962 1653 5031; x_wconf 91' lang='lat' dir='ltr'><strong>quia</strong></span> <span class='ocrx_word' id='word_1_715' title='bbox 1695 4971 1749 5014; x_wconf 90' lang='lat' dir='ltr'><strong>et</strong></span> <span class='ocrx_word' id='word_1_716' title='bbox 1778 4962 1822 5015; x_wconf 87' lang='lat' dir='ltr'><strong>si</strong></span> 
     </span>
    </p>
   </div>
   <div class='ocr_carea' id='block_1_96' title="bbox 264 5052 1821 5130">
    <p class='ocr_par' dir='ltr' id='par_1_96' title="bbox 264 5052 1821 5130">
     <span class='ocr_line' id='line_1_96' title="bbox 264 5052 1821 5130; baseline -0.003 -18"><span class='ocrx_word' id='word_1_717' title='bbox 264 5058 545 5130; x_wconf 86' lang='lat' dir='ltr'><strong>gentilium</strong></span> <span class='ocrx_word' id='word_1_718' title='bbox 578 5058 815 5127; x_wconf 90' lang='lat' dir='ltr'><strong>ipsorum</strong></span> <span class='ocrx_word' id='word_1_719' title='bbox 852 5057 1066 5127; x_wconf 91' lang='lat' dir='ltr'><strong>quidem</strong></span> <span class='ocrx_word' id='word_1_720' title='bbox 1105 5057 1351 5113; x_wconf 90' lang='lat' dir='ltr'><strong>adessent</strong></span> <span class='ocrx_word' id='word_1_721' title='bbox 1380 5055 1604 5125; x_wconf 90' lang='lat' dir='ltr'><strong>priores,</strong></span> <span class='ocrx_word' id='word_1_722' title='bbox 1636 5064 1689 5107; x_wconf 89' lang='lat' dir='ltr'><strong>et</strong></span> <span class='ocrx_word' id='word_1_723' title='bbox 1728 5052 1821 5107; x_wconf 82' lang='lat' dir='ltr'><strong>Ju-</strong></span> 
     </span>
    </p>
   </div>
   <div class='ocr_carea' id='block_1_97' title="bbox 335 5196 808 5261">
    <p class='ocr_par' dir='ltr' id='par_1_97' title="bbox 335 5196 808 5261">
     <span class='ocr_line' id='line_1_97' title="bbox 335 5196 808 5261; baseline -0.002 -9"><span class='ocrx_word' id='word_1_724' title='bbox 335 5197 384 5231; x_wconf 78' lang='grc'>⁸⁶</span> <span class='ocrx_word' id='word_1_725' title='bbox 405 5196 594 5252; x_wconf 85' lang='lat' dir='ltr'><strong>Matth.</strong></span> <span class='ocrx_word' id='word_1_726' title='bbox 624 5212 698 5261; x_wconf 87' lang='lat' dir='ltr'><strong>tv,</strong></span> <span class='ocrx_word' id='word_1_727' title='bbox 724 5197 808 5253; x_wconf 77' lang='grc'><strong>19.</strong></span> 
     </span>
    </p>
   </div>
   <div class='ocr_carea' id='block_1_98' title="bbox 343 5334 1826 5407">
    <p class='ocr_par' dir='ltr' id='par_1_98' title="bbox 343 5334 1826 5407">
     <span class='ocr_line' id='line_1_98' title="bbox 343 5334 1826 5407; baseline -0.004 -15"><span class='ocrx_word' id='word_1_728' title='bbox 343 5337 456 5407; x_wconf 81' lang='lat'><strong>(9|)</strong></span> <span class='ocrx_word' id='word_1_729' title='bbox 495 5335 665 5390; x_wconf 82' lang='lat' dir='ltr'><strong>Tanta</strong></span> <span class='ocrx_word' id='word_1_730' title='bbox 687 5334 1026 5407; x_wconf 78' lang='lat' dir='ltr'><strong>donaverunt.</strong></span> <span class='ocrx_word' id='word_1_731' title='bbox 1051 5334 1319 5407; x_wconf 77' lang='lat' dir='ltr'><strong>Forte,_Et</strong></span> <span class='ocrx_word' id='word_1_732' title='bbox 1344 5346 1487 5387; x_wconf 83' lang='lat' dir='ltr'><strong>tanta</strong></span> <span class='ocrx_word' id='word_1_733' title='bbox 1510 5334 1826 5388; x_wconf 79' lang='lat' dir='ltr'><strong>donaverunt</strong></span> 
     </span>
    </p>
   </div>
   <div class='ocr_carea' id='block_1_99' title="bbox 265 5403 1831 5477">
    <p class='ocr_par' dir='ltr' id='par_1_99' title="bbox 265 5403 1831 5477">
     <span class='ocr_line' id='line_1_99' title="bbox 265 5403 1831 5477; baseline -0.003 -15"><span class='ocrx_word' id='word_1_734' title='bbox 265 5403 563 5477; x_wconf 75' lang='lat' dir='ltr'><strong>magistro;</strong></span> <span class='ocrx_word' id='word_1_735' title='bbox 593 5417 654 5459; x_wconf 93' lang='lat' dir='ltr'><strong>ut</strong></span> <span class='ocrx_word' id='word_1_736' title='bbox 673 5420 831 5472; x_wconf 88' lang='lat' dir='ltr'><strong>supra</strong></span> <span class='ocrx_word' id='word_1_737' title='bbox 860 5406 963 5459; x_wconf 91' lang='lat' dir='ltr'><strong>col.</strong></span> <span class='ocrx_word' id='word_1_738' title='bbox 986 5405 1120 5459; x_wconf 76' lang='grc'><strong>1106</strong></span> <span class='ocrx_word' id='word_1_739' title='bbox 1143 5405 1204 5471; x_wconf 84' lang='grc' dir='ltr'><strong>Β,</strong></span> <span class='ocrx_word' id='word_1_740' title='bbox 1233 5403 1416 5458; x_wconf 78' lang='lat' dir='ltr'><strong>Petrus</strong></span> <span class='ocrx_word' id='word_1_741' title='bbox 1440 5406 1613 5458; x_wconf 86' lang='lat' dir='ltr'><strong>omnia</strong></span> <span class='ocrx_word' id='word_1_742' title='bbox 1629 5408 1831 5458; x_wconf 85' lang='lat' dir='ltr'><strong>donans</strong></span> 
     </span>
    </p>
   </div>
   <div class='ocr_carea' id='block_1_100' title="bbox 264 5482 540 5534">
    <p class='ocr_par' dir='ltr' id='par_1_100' title="bbox 264 5482 540 5534">
     <span class='ocr_line' id='line_1_100' title="bbox 264 5482 540 5534; baseline 0.014 -8"><span class='ocrx_word' id='word_1_743' title='bbox 264 5482 540 5534; x_wconf 72' lang='lat' dir='ltr'><strong>magistro.</strong></span> 
     </span>
    </p>
   </div>
   <div class='ocr_carea' id='block_1_101' title="bbox 341 5495 1832 5617">
    <p class='ocr_par' dir='ltr' id='par_1_101' title="bbox 341 5495 1832 5617">
     <span class='ocr_line' id='line_1_101' title="bbox 341 5495 1832 5617; baseline -0.001 -17"><span class='ocrx_word' id='word_1_744' title='bbox 341 5495 598 5617; x_wconf 52' lang='lat' dir='ltr'><strong>299;;rged</strong></span> <span class='ocrx_word' id='word_1_745' title='bbox 625 5546 669 5600; x_wconf 92' lang='lat' dir='ltr'><strong>si</strong></span> <span class='ocrx_word' id='word_1_746' title='bbox 682 5616 689 5617; x_wconf 16' lang='grc' dir='ltr'><em>γ</em></span> <span class='ocrx_word' id='word_1_747' title='bbox 711 5560 869 5617; x_wconf 71' lang='lat' dir='ltr'><strong>nunc.</strong></span> <span class='ocrx_word' id='word_1_748' title='bbox 910 5543 1178 5605; x_wconf 85' lang='lat' dir='ltr'><strong>Fortasse.</strong></span> <span class='ocrx_word' id='word_1_749' title='bbox 1213 5549 1303 5599; x_wconf 85' lang='lat' dir='ltr'><strong>sed</strong></span> <span class='ocrx_word' id='word_1_750' title='bbox 1346 5545 1389 5598; x_wconf 85' lang='lat' dir='ltr'><strong>si</strong></span> <span class='ocrx_word' id='word_1_751' title='bbox 1421 5561 1555 5617; x_wconf 77' lang='lat' dir='ltr'><strong>nunc</strong></span> <span class='ocrx_word' id='word_1_752' title='bbox 1583 5546 1659 5598; x_wconf 84' lang='lat' dir='ltr'><strong>ita</strong></span> <span class='ocrx_word' id='word_1_753' title='bbox 1687 5560 1832 5613; x_wconf 86' lang='lat' dir='ltr'><strong>repe-</strong></span> 
     </span>
    </p>
   </div>
   <div class='ocr_carea' id='block_1_102' title="bbox 272 5615 1830 5684">
    <p class='ocr_par' dir='ltr' id='par_1_102' title="bbox 272 5615 1830 5684">
     <span class='ocr_line' id='line_1_102' title="bbox 272 5615 1830 5684; baseline -0.001 -13"><span class='ocrx_word' id='word_1_754' title='bbox 272 5615 397 5671; x_wconf 73' lang='lat' dir='ltr'><strong>tat?</strong></span> <span class='ocrx_word' id='word_1_755' title='bbox 425 5617 476 5670; x_wconf 92' lang='lat' dir='ltr'><strong>id</strong></span> <span class='ocrx_word' id='word_1_756' title='bbox 497 5627 579 5671; x_wconf 86' lang='lat' dir='ltr'><strong>est</strong></span> <span class='ocrx_word' id='word_1_757' title='bbox 604 5616 730 5684; x_wconf 89' lang='lat' dir='ltr'><strong>quid</strong></span> <span class='ocrx_word' id='word_1_758' title='bbox 765 5616 810 5668; x_wconf 90' lang='lat' dir='ltr'><strong>si</strong></span> <span class='ocrx_word' id='word_1_759' title='bbox 852 5615 956 5668; x_wconf 82' lang='lat' dir='ltr'><strong>ista</strong></span> <span class='ocrx_word' id='word_1_760' title='bbox 980 5630 1083 5668; x_wconf 92' lang='lat' dir='ltr'><strong>non</strong></span> <span class='ocrx_word' id='word_1_761' title='bbox 1120 5616 1308 5681; x_wconf 91' lang='lat' dir='ltr'><strong>semel,</strong></span> <span class='ocrx_word' id='word_1_762' title='bbox 1335 5618 1427 5671; x_wconf 91' lang='lat' dir='ltr'><strong>sed</strong></span> <span class='ocrx_word' id='word_1_763' title='bbox 1460 5616 1653 5669; x_wconf 89' lang='lat' dir='ltr'><strong>iterum</strong></span> <span class='ocrx_word' id='word_1_764' title='bbox 1693 5625 1830 5683; x_wconf 83' lang='lat' dir='ltr'><strong>apud</strong></span> 
     </span>
    </p>
   </div>
   <div class='ocr_carea' id='block_1_103' title="bbox 268 5685 757 5759">
    <p class='ocr_par' dir='ltr' id='par_1_103' title="bbox 268 5685 757 5759">
     <span class='ocr_line' id='line_1_103' title="bbox 268 5685 757 5759; baseline 0 -21"><span class='ocrx_word' id='word_1_765' title='bbox 268 5685 757 5759; x_wconf 68' lang='lat' dir='ltr'><strong>paganos_dixerit?</strong></span> 
     </span>
    </p>
   </div>
   <div class='ocr_carea' id='block_1_104' title="bbox 347 5753 1825 5827">
    <p class='ocr_par' dir='ltr' id='par_1_104' title="bbox 347 5753 1825 5827">
     <span class='ocr_line' id='line_1_104' title="bbox 347 5753 1825 5827; baseline -0.004 -15"><span class='ocrx_word' id='word_1_766' title='bbox 347 5753 458 5827; x_wconf 74' lang='lat'><strong>(95)</strong></span> <span class='ocrx_word' id='word_1_767' title='bbox 499 5757 628 5820; x_wconf 66' lang='lat' dir='ltr'><strong>Qum</strong></span> <span class='ocrx_word' id='word_1_768' title='bbox 656 5765 765 5809; x_wconf 86' lang='lat' dir='ltr'><strong>erat</strong></span> <span class='ocrx_word' id='word_1_769' title='bbox 792 5754 953 5827; x_wconf 77' lang='lat' dir='ltr'><strong>uirtus</strong></span> <span class='ocrx_word' id='word_1_770' title='bbox 978 5754 1215 5827; x_wconf 66' lang='lat' dir='ltr'><strong>sine/tis.</strong></span> <span class='ocrx_word' id='word_1_771' title='bbox 1245 5753 1405 5810; x_wconf 78' lang='lat' dir='ltr'><strong>Forte</strong></span> <span class='ocrx_word' id='word_1_772' title='bbox 1431 5771 1544 5825; x_wconf 81' lang='lat' dir='ltr'><strong>qua:</strong></span> <span class='ocrx_word' id='word_1_773' title='bbox 1572 5764 1682 5809; x_wconf 83' lang='lat' dir='ltr'><strong>erat</strong></span> <span class='ocrx_word' id='word_1_774' title='bbox 1721 5754 1825 5808; x_wconf 79' lang='lat' dir='ltr'><strong>vir-</strong></span> 
     </span>
    </p>
   </div>
   <div class='ocr_carea' id='block_1_105' title="bbox 272 5824 1173 5893">
    <p class='ocr_par' dir='ltr' id='par_1_105' title="bbox 272 5824 1173 5893">
     <span class='ocr_line' id='line_1_105' title="bbox 272 5824 1173 5893; baseline -0.001 -13"><span class='ocrx_word' id='word_1_775' title='bbox 272 5824 447 5880; x_wconf 69' lang='lat' dir='ltr'><strong>mm</strong></span> <span class='ocrx_word' id='word_1_776' title='bbox 467 5826 567 5889; x_wconf 85' lang='lat' dir='ltr'><strong>his,</strong></span> <span class='ocrx_word' id='word_1_777' title='bbox 597 5839 788 5892; x_wconf 86' lang='lat' dir='ltr'><strong>nempe</strong></span> <span class='ocrx_word' id='word_1_778' title='bbox 819 5824 870 5877; x_wconf 88' lang='lat' dir='ltr'><strong>in</strong></span> <span class='ocrx_word' id='word_1_779' title='bbox 902 5824 1173 5893; x_wconf 88' lang='lat' dir='ltr'><strong>apostolis.</strong></span> 
     </span>
    </p>
   </div>
   <div class='ocr_carea' id='block_1_106' title="bbox 348 5894 1334 5961">
    <p class='ocr_par' dir='ltr' id='par_1_106' title="bbox 348 5894 1334 5961">
     <span class='ocr_line' id='line_1_106' title="bbox 348 5894 1334 5961; baseline -0.005 -9"><span class='ocrx_word' id='word_1_780' title='bbox 348 5896 458 5959; x_wconf 66' lang='grc'><strong>(94)</strong></span> <span class='ocrx_word' id='word_1_781' title='bbox 502 5894 816 5950; x_wconf 71' lang='lat' dir='ltr'><strong>Prwmissio.</strong></span> <span class='ocrx_word' id='word_1_782' title='bbox 851 5894 1008 5950; x_wconf 85' lang='lat' dir='ltr'><strong>Forte</strong></span> <span class='ocrx_word' id='word_1_783' title='bbox 1042 5898 1334 5961; x_wconf 77' lang='lat' dir='ltr'><strong>promissio.</strong></span> 
     </span>
    </p>
   </div>
   <div class='ocr_carea' id='block_1_107' title="bbox 1930 4693 3491 4773">
    <p class='ocr_par' dir='ltr' id='par_1_107' title="bbox 1930 4693 3491 4773">
     <span class='ocr_line' id='line_1_107' title="bbox 1930 4693 3491 4773; baseline 0.008 -27"><span class='ocrx_word' id='word_1_784' title='bbox 1930 4702 1983 4746; x_wconf 92' lang='lat' dir='ltr'><strong>et</strong></span> <span class='ocrx_word' id='word_1_785' title='bbox 2006 4693 2337 4760; x_wconf 71' lang='lat' dir='ltr'><strong>praedicatio.</strong></span> <span class='ocrx_word' id='word_1_786' title='bbox 2364 4695 2668 4753; x_wconf 87' lang='lat' dir='ltr'><strong>Piscatores</strong></span> <span class='ocrx_word' id='word_1_787' title='bbox 2695 4698 2838 4753; x_wconf 90' lang='lat' dir='ltr'><strong>enim</strong></span> <span class='ocrx_word' id='word_1_788' title='bbox 2871 4700 3174 4757; x_wconf 90' lang='lat' dir='ltr'><strong>nominavit</strong></span> <span class='ocrx_word' id='word_1_789' title='bbox 3202 4704 3491 4773; x_wconf 89' lang='lat' dir='ltr'><strong>discipulos</strong></span> 
     </span>
    </p>
   </div>
   <div class='ocr_carea' id='block_1_108' title="bbox 1929 4785 3488 4864">
    <p class='ocr_par' dir='ltr' id='par_1_108' title="bbox 1929 4785 3488 4864">
     <span class='ocr_line' id='line_1_108' title="bbox 1929 4785 3488 4864; baseline 0.008 -26"><span class='ocrx_word' id='word_1_790' title='bbox 1929 4797 2101 4838; x_wconf 89' lang='lat' dir='ltr'><strong>suos:</strong></span> <span class='ocrx_word' id='word_1_791' title='bbox 2144 4785 2195 4839; x_wconf 90' lang='lat' dir='ltr'><strong>in</strong></span> <span class='ocrx_word' id='word_1_792' title='bbox 2242 4801 2309 4841; x_wconf 91' lang='lat' dir='ltr'><strong>eo</strong></span> <span class='ocrx_word' id='word_1_793' title='bbox 2357 4787 2483 4842; x_wconf 87' lang='lat' dir='ltr'><strong>dum</strong></span> <span class='ocrx_word' id='word_1_794' title='bbox 2519 4801 2740 4845; x_wconf 89' lang='lat' dir='ltr'><strong>vocaret</strong></span> <span class='ocrx_word' id='word_1_795' title='bbox 2775 4790 3089 4858; x_wconf 86' lang='lat' dir='ltr'><strong>piscatores,</strong></span> <span class='ocrx_word' id='word_1_796' title='bbox 3137 4794 3488 4864; x_wconf 88' lang='lat' dir='ltr'><strong>piscationem</strong></span> 
     </span>
    </p>
   </div>
   <div class='ocr_carea' id='block_1_109' title="bbox 1928 4874 3491 4950">
    <p class='ocr_par' dir='ltr' id='par_1_109' title="bbox 1928 4874 3491 4950">
     <span class='ocr_line' id='line_1_109' title="bbox 1928 4874 3491 4950; baseline 0.007 -24"><span class='ocrx_word' id='word_1_797' title='bbox 1928 4874 2268 4929; x_wconf 85' lang='lat' dir='ltr'><strong>annuntiavit</strong></span> <span class='ocrx_word' id='word_1_798' title='bbox 2328 4876 2501 4943; x_wconf 91' lang='lat' dir='ltr'><strong>Ipsum</strong></span> <span class='ocrx_word' id='word_1_799' title='bbox 2534 4878 2676 4932; x_wconf 90' lang='lat' dir='ltr'><strong>enim</strong></span> <span class='ocrx_word' id='word_1_800' title='bbox 2724 4894 2941 4946; x_wconf 90' lang='lat' dir='ltr'><strong>nomen,</strong></span> <span class='ocrx_word' id='word_1_801' title='bbox 2979 4882 3373 4950; x_wconf 64' lang='lat' dir='ltr'><strong>praedicationis</strong></span> <span class='ocrx_word' id='word_1_802' title='bbox 3409 4892 3491 4937; x_wconf 85' lang='lat' dir='ltr'><strong>est</strong></span> 
     </span>
    </p>
   </div>
   <div class='ocr_carea' id='block_1_110' title="bbox 1930 4967 3489 5041">
    <p class='ocr_par' dir='ltr' id='par_1_110' title="bbox 1930 4967 3489 5041">
     <span class='ocr_line' id='line_1_110' title="bbox 1930 4967 3489 5041; baseline 0.006 -22"><span class='ocrx_word' id='word_1_803' title='bbox 1930 4967 2277 5034; x_wconf 89' lang='lat' dir='ltr'><strong>nuncupatio.</strong></span> <span class='ocrx_word' id='word_1_804' title='bbox 2328 4968 2551 5023; x_wconf 88' lang='lat' dir='ltr'><strong>Vocavit</strong></span> <span class='ocrx_word' id='word_1_805' title='bbox 2601 4985 2695 5024; x_wconf 89' lang='lat' dir='ltr'><strong>eos</strong></span> <span class='ocrx_word' id='word_1_806' title='bbox 2751 4973 3045 5041; x_wconf 81' lang='lat' dir='ltr'><strong>piscatores</strong></span> <span class='ocrx_word' id='word_1_807' title='bbox 3094 4974 3370 5028; x_wconf 84' lang='lat' dir='ltr'><strong>hominum</strong></span> <span class='ocrx_word' id='word_1_808' title='bbox 3420 4976 3489 5029; x_wconf 91' lang='lat' dir='ltr'><strong>ad</strong></span> 
     </span>
    </p>
   </div>
   <div class='ocr_carea' id='block_1_111' title="bbox 1927 5056 3485 5136">
    <p class='ocr_par' dir='ltr' id='par_1_111' title="bbox 1927 5056 3485 5136">
     <span class='ocr_line' id='line_1_111' title="bbox 1927 5056 3485 5136; baseline 0.007 -27"><span class='ocrx_word' id='word_1_809' title='bbox 1927 5056 2154 5111; x_wconf 91' lang='lat' dir='ltr'><strong>salutem</strong></span> <span class='ocrx_word' id='word_1_810' title='bbox 2181 5058 2247 5113; x_wconf 76' lang='grc'><strong>⁸⁸.</strong></span> <span class='ocrx_word' id='word_1_811' title='bbox 2282 5058 2478 5116; x_wconf 87' lang='lat' dir='ltr'><strong>Piscati</strong></span> <span class='ocrx_word' id='word_1_812' title='bbox 2505 5074 2631 5117; x_wconf 87' lang='lat' dir='ltr'><strong>sunt</strong></span> <span class='ocrx_word' id='word_1_813' title='bbox 2659 5079 2861 5119; x_wconf 66' lang='lat' dir='ltr'><strong>autem.</strong></span> <span class='ocrx_word' id='word_1_814' title='bbox 2889 5064 2947 5118; x_wconf 91' lang='lat' dir='ltr'><strong>Si</strong></span> <span class='ocrx_word' id='word_1_815' title='bbox 2977 5080 3080 5119; x_wconf 88' lang='lat' dir='ltr'><strong>non</strong></span> <span class='ocrx_word' id='word_1_816' title='bbox 3113 5075 3237 5120; x_wconf 87' lang='lat' dir='ltr'><strong>sunt</strong></span> <span class='ocrx_word' id='word_1_817' title='bbox 3263 5066 3485 5136; x_wconf 85' lang='lat' dir='ltr'><strong>piscati,</strong></span> 
     </span>
    </p>
   </div>
   <div class='ocr_carea' id='block_1_112' title="bbox 2007 5332 2945 5403">
    <p class='ocr_par' dir='ltr' id='par_1_112' title="bbox 2007 5332 2945 5403">
     <span class='ocr_line' id='line_1_112' title="bbox 2007 5332 2945 5403; baseline 0 -16"><span class='ocrx_word' id='word_1_818' title='bbox 2007 5332 2117 5403; x_wconf 79' lang='lat'><strong>(95)</strong></span> <span class='ocrx_word' id='word_1_819' title='bbox 2160 5333 2256 5403; x_wconf 71' lang='lat' dir='ltr'><strong>Ms.</strong></span> <span class='ocrx_word' id='word_1_820' title='bbox 2289 5333 2466 5388; x_wconf 81' lang='lat' dir='ltr'><strong>Nolite</strong></span> <span class='ocrx_word' id='word_1_821' title='bbox 2496 5336 2600 5402; x_wconf 84' lang='lat' dir='ltr'><strong>pati</strong></span> <span class='ocrx_word' id='word_1_822' title='bbox 2626 5335 2945 5387; x_wconf 78' lang='lat' dir='ltr'><strong>mentientes.</strong></span> 
     </span>
    </p>
   </div>
   <div class='ocr_carea' id='block_1_113' title="bbox 2005 5402 2926 5473">
    <p class='ocr_par' dir='ltr' id='par_1_113' title="bbox 2005 5402 2926 5473">
     <span class='ocr_line' id='line_1_113' title="bbox 2005 5402 2926 5473; baseline -0.002 -14"><span class='ocrx_word' id='word_1_823' title='bbox 2005 5402 2114 5473; x_wconf 85' lang='lat'><strong>(96)</strong></span> <span class='ocrx_word' id='word_1_824' title='bbox 2162 5402 2441 5458; x_wconf 82' lang='lat' dir='ltr'><strong>Permissa.</strong></span> <span class='ocrx_word' id='word_1_825' title='bbox 2469 5405 2625 5458; x_wconf 87' lang='lat' dir='ltr'><strong>Forte</strong></span> <span class='ocrx_word' id='word_1_826' title='bbox 2652 5406 2926 5471; x_wconf 85' lang='lat' dir='ltr'><strong>promissa.</strong></span> 
     </span>
    </p>
   </div>
   <div class='ocr_carea' id='block_1_114' title="bbox 2006 5472 3482 5544">
    <p class='ocr_par' dir='ltr' id='par_1_114' title="bbox 2006 5472 3482 5544">
     <span class='ocr_line' id='line_1_114' title="bbox 2006 5472 3482 5544; baseline 0.001 -15"><span class='ocrx_word' id='word_1_827' title='bbox 2006 5474 2117 5544; x_wconf 87' lang='lat'><strong>(9&#39;7)</strong></span> <span class='ocrx_word' id='word_1_828' title='bbox 2159 5473 2226 5527; x_wconf 82' lang='lat' dir='ltr'><strong>Et</strong></span> <span class='ocrx_word' id='word_1_829' title='bbox 2257 5476 2445 5544; x_wconf 80' lang='lat' dir='ltr'><strong>iterum</strong></span> <span class='ocrx_word' id='word_1_830' title='bbox 2475 5474 2679 5544; x_wconf 81' lang='lat' dir='ltr'><strong>silentio</strong></span> <span class='ocrx_word' id='word_1_831' title='bbox 2718 5489 2736 5526; x_wconf 91' lang='lat'><strong><em>:</em></strong></span> <span class='ocrx_word' id='word_1_832' title='bbox 2766 5484 2813 5526; x_wconf 82' lang='lat' dir='ltr'><strong>et</strong></span> <span class='ocrx_word' id='word_1_833' title='bbox 2857 5474 2901 5527; x_wconf 83' lang='lat' dir='ltr'><strong>si</strong></span> <span class='ocrx_word' id='word_1_834' title='bbox 2927 5472 3166 5540; x_wconf 73' lang='lat' dir='ltr'><strong>fortuitu.</strong></span> <span class='ocrx_word' id='word_1_835' title='bbox 3203 5472 3482 5531; x_wconf 81' lang='lat' dir='ltr'><strong>Sententia</strong></span> 
     </span>
    </p>
   </div>
   <div class='ocr_carea' id='block_1_115' title="bbox 1936 5542 3479 5611">
    <p class='ocr_par' dir='ltr' id='par_1_115' title="bbox 1936 5542 3479 5611">
     <span class='ocr_line' id='line_1_115' title="bbox 1936 5542 3479 5611; baseline 0 -14"><span class='ocrx_word' id='word_1_836' title='bbox 1936 5542 2149 5599; x_wconf 81' lang='lat' dir='ltr'><strong>videtur</strong></span> <span class='ocrx_word' id='word_1_837' title='bbox 2177 5558 2296 5596; x_wconf 90' lang='lat' dir='ltr'><strong>esse</strong></span> <span class='ocrx_word' id='word_1_838' title='bbox 2331 5561 2343 5594; x_wconf 91' lang='lat'><strong>:</strong></span> <span class='ocrx_word' id='word_1_839' title='bbox 2372 5543 2435 5596; x_wconf 90' lang='lat' dir='ltr'><strong>Et</strong></span> <span class='ocrx_word' id='word_1_840' title='bbox 2471 5542 2665 5595; x_wconf 91' lang='lat' dir='ltr'><strong>iterum</strong></span> <span class='ocrx_word' id='word_1_841' title='bbox 2693 5544 3003 5611; x_wconf 84' lang='lat' dir='ltr'><strong>dices,quid</strong></span> <span class='ocrx_word' id='word_1_842' title='bbox 3034 5544 3077 5595; x_wconf 88' lang='lat' dir='ltr'><strong>si</strong></span> <span class='ocrx_word' id='word_1_843' title='bbox 3102 5544 3213 5597; x_wconf 67' lang='lat' dir='ltr'><strong>haac</strong></span> <span class='ocrx_word' id='word_1_844' title='bbox 3242 5544 3479 5607; x_wconf 85' lang='lat' dir='ltr'><strong>silentio,</strong></span> 
     </span>
    </p>
   </div>
   <div class='ocr_carea' id='block_1_116' title="bbox 1938 5612 3479 5681">
    <p class='ocr_par' dir='ltr' id='par_1_116' title="bbox 1938 5612 3479 5681">
     <span class='ocr_line' id='line_1_116' title="bbox 1938 5612 3479 5681; baseline -0.001 -13"><span class='ocrx_word' id='word_1_845' title='bbox 1938 5615 1992 5669; x_wconf 86' lang='lat' dir='ltr'><strong>id</strong></span> <span class='ocrx_word' id='word_1_846' title='bbox 2023 5624 2106 5668; x_wconf 91' lang='lat' dir='ltr'><strong>est</strong></span> <span class='ocrx_word' id='word_1_847' title='bbox 2133 5614 2268 5667; x_wconf 92' lang='lat' dir='ltr'><strong>clam</strong></span> <span class='ocrx_word' id='word_1_848' title='bbox 2300 5621 2351 5666; x_wconf 90' lang='lat' dir='ltr'><strong>et</strong></span> <span class='ocrx_word' id='word_1_849' title='bbox 2386 5612 2615 5665; x_wconf 87' lang='lat' dir='ltr'><strong>obscure</strong></span> <span class='ocrx_word' id='word_1_850' title='bbox 2654 5624 2865 5681; x_wconf 85' lang='lat' dir='ltr'><strong>peracta</strong></span> <span class='ocrx_word' id='word_1_851' title='bbox 2906 5613 3062 5666; x_wconf 88' lang='lat' dir='ltr'><strong>sttnt?</strong></span> <span class='ocrx_word' id='word_1_852' title='bbox 3086 5612 3213 5681; x_wconf 88' lang='lat' dir='ltr'><strong>quid</strong></span> <span class='ocrx_word' id='word_1_853' title='bbox 3244 5613 3287 5667; x_wconf 89' lang='lat' dir='ltr'><strong>si</strong></span> <span class='ocrx_word' id='word_1_854' title='bbox 3315 5616 3479 5668; x_wconf 83' lang='lat' dir='ltr'><strong>etiam</strong></span> 
     </span>
    </p>
   </div>
   <div class='ocr_carea' id='block_1_117' title="bbox 1940 5682 3481 5751">
    <p class='ocr_par' dir='ltr' id='par_1_117' title="bbox 1940 5682 3481 5751">
     <span class='ocr_line' id='line_1_117' title="bbox 1940 5682 3481 5751; baseline -0.001 -13"><span class='ocrx_word' id='word_1_855' title='bbox 1940 5684 2160 5738; x_wconf 83' lang='lat' dir='ltr'><strong>fortuito</strong></span> <span class='ocrx_word' id='word_1_856' title='bbox 2194 5691 2247 5737; x_wconf 88' lang='lat' dir='ltr'><strong>et</strong></span> <span class='ocrx_word' id='word_1_857' title='bbox 2283 5692 2480 5735; x_wconf 85' lang='lat' dir='ltr'><strong>temere</strong></span> <span class='ocrx_word' id='word_1_858' title='bbox 2522 5683 2896 5751; x_wconf 87' lang='lat' dir='ltr'><strong>contigerunt?</strong></span> <span class='ocrx_word' id='word_1_859' title='bbox 2940 5682 3267 5750; x_wconf 75' lang='lat' dir='ltr'><strong>Respondet,</strong></span> <span class='ocrx_word' id='word_1_860' title='bbox 3306 5700 3481 5750; x_wconf 85' lang='lat' dir='ltr'><strong>neque</strong></span> 
     </span>
    </p>
   </div>
   <div class='ocr_carea' id='block_1_118' title="bbox 1931 5752 3483 5820">
    <p class='ocr_par' dir='ltr' id='par_1_118' title="bbox 1931 5752 3483 5820">
     <span class='ocr_line' id='line_1_118' title="bbox 1931 5752 3483 5820; baseline 0 -13"><span class='ocrx_word' id='word_1_861' title='bbox 1931 5755 2068 5807; x_wconf 86' lang='lat' dir='ltr'><strong>clam</strong></span> <span class='ocrx_word' id='word_1_862' title='bbox 2097 5766 2217 5807; x_wconf 89' lang='lat' dir='ltr'><strong>esse</strong></span> <span class='ocrx_word' id='word_1_863' title='bbox 2248 5761 2485 5819; x_wconf 87' lang='lat' dir='ltr'><strong>peracta,</strong></span> <span class='ocrx_word' id='word_1_864' title='bbox 2535 5753 2657 5819; x_wconf 90' lang='lat' dir='ltr'><strong>quia</strong></span> <span class='ocrx_word' id='word_1_865' title='bbox 2684 5752 2748 5804; x_wconf 90' lang='lat' dir='ltr'><strong>ad</strong></span> <span class='ocrx_word' id='word_1_866' title='bbox 2773 5752 2962 5815; x_wconf 88' lang='lat' dir='ltr'><strong>solem,</strong></span> <span class='ocrx_word' id='word_1_867' title='bbox 2997 5753 3048 5805; x_wconf 90' lang='lat' dir='ltr'><strong>id</strong></span> <span class='ocrx_word' id='word_1_868' title='bbox 3096 5763 3181 5806; x_wconf 91' lang='lat' dir='ltr'><strong>est</strong></span> <span class='ocrx_word' id='word_1_869' title='bbox 3225 5754 3396 5820; x_wconf 80' lang='lat' dir='ltr'><strong>palam</strong></span> <span class='ocrx_word' id='word_1_870' title='bbox 3427 5764 3483 5807; x_wconf 91' lang='lat' dir='ltr'><strong>et</strong></span> 
     </span>
    </p>
   </div>
   <div class='ocr_carea' id='block_1_119' title="bbox 1931 5821 3480 5893">
    <p class='ocr_par' dir='ltr' id='par_1_119' title="bbox 1931 5821 3480 5893">
     <span class='ocr_line' id='line_1_119' title="bbox 1931 5821 3480 5893; baseline 0.002 -18"><span class='ocrx_word' id='word_1_871' title='bbox 1931 5831 2111 5890; x_wconf 86' lang='lat' dir='ltr'><strong>aperte</strong></span> <span class='ocrx_word' id='word_1_872' title='bbox 2142 5830 2287 5891; x_wconf 84' lang='lat' dir='ltr'><strong>gesta</strong></span> <span class='ocrx_word' id='word_1_873' title='bbox 2318 5832 2469 5884; x_wconf 89' lang='lat' dir='ltr'><strong>sunt;</strong></span> <span class='ocrx_word' id='word_1_874' title='bbox 2501 5837 2673 5890; x_wconf 86' lang='lat' dir='ltr'><strong>neque</strong></span> <span class='ocrx_word' id='word_1_875' title='bbox 2726 5822 2963 5889; x_wconf 85' lang='lat' dir='ltr'><strong>fortuito,</strong></span> <span class='ocrx_word' id='word_1_876' title='bbox 2997 5823 3119 5893; x_wconf 88' lang='lat' dir='ltr'><strong>quia</strong></span> <span class='ocrx_word' id='word_1_877' title='bbox 3170 5823 3281 5876; x_wconf 62' lang='lat' dir='ltr'><strong>haec</strong></span> <span class='ocrx_word' id='word_1_878' title='bbox 3324 5821 3480 5878; x_wconf 84' lang='lat' dir='ltr'><strong>.lesus</strong></span> 
     </span>
    </p>
   </div>
   <div class='ocr_carea' id='block_1_120' title="bbox 1929 5893 2609 5953">
    <p class='ocr_par' dir='ltr' id='par_1_120' title="bbox 1929 5893 2609 5953">
     <span class='ocr_line' id='line_1_120' title="bbox 1929 5893 2609 5953; baseline -0.004 -6"><span class='ocrx_word' id='word_1_879' title='bbox 1929 5893 2093 5947; x_wconf 90' lang='lat' dir='ltr'><strong>multo</strong></span> <span class='ocrx_word' id='word_1_880' title='bbox 2122 5903 2244 5947; x_wconf 90' lang='lat' dir='ltr'><strong>aute</strong></span> <span class='ocrx_word' id='word_1_881' title='bbox 2272 5894 2609 5953; x_wconf 68' lang='lat' dir='ltr'><strong>praedixerat.</strong></span> 
     </span>
    </p>
   </div>
  </div>
