3956 6516
472 460 593 513 Hll

1134 456 1405 514 EL'SEBII
1444 457 1922 515 CAESAHIENSIS
1958 460 2107 517 OPP.
2150 462 2327 518 PARS
2367 461 2454 519 IV.
2494 493 2563 503 —
2602 450 3019 518 DOGMA'I'ICA.

3564 459 3699 513 “19

468 572 726 628 mentitus
747 581 831 631 est
852 580 906 627 et
937 580 1202 629 mortuus.
1235 572 1293 627 Si
1319 584 1499 627 autem
1527 583 1580 627 et
1615 574 1864 628 absentes
1886 588 2027 628 nunc
2056 581 2103 639 Α
2132 579 2515 643 ργανιιὶεαὺὶιην
2540 588 2587 630 et
2628 578 2723 629 hoc
2762 578 2901 639 quod
2931 572 3048 642 fecit
3074 578 3176 625 ista
3211 572 3277 628 ".
3309 571 3375 624 Et
3401 585 3566 640 parva
3599 569 3687 621 illa

468 680 635 734 usque
660 654 938 733 piscamur
969 663 1238 728 homines,
1261 680 1436 719 nonne
1476 674 1698 734 apparet
1721 666 1847 734 quia
1878 666 2029 720 adest

466 757 557 825 qui
605 755 753 812 misit
783 756 1084 826 piscatores
1122 755 1187 808 ad
1237 756 1596 826 piscantium?
1647 756 1713 811 Et
1759 772 1882 812 cum
1925 758 2034 812 sint

466 852 739 915 absentes,
772 849 916 905 sales
947 864 1042 919 eos
1074 849 1455 919 appellavit".
1501 851 1558 904 Si
1594 866 1700 904 non
1728 858 2035 905 statuerunt

466 950 707 997 nostram
754 941 1129 1011 putredinem,
1174 941 1219 994 si
1286 958 1389 995 non
1437 943 1777 996 deterserunt
1825 951 2035 994 nostras

466 1034 673 1100 sordes,
707 1033 751 1087 si
784 1048 889 1087 non
933 1033 1603 1087 emundaveruntnostras
1640 1031 1952 1100 spurcitias,
1989 1030 2034 1086 si

468 1141 574 1183 non
607 1127 947 1180 immiserunt
989 1124 1039 1178 in
1077 1124 1233 1179 nobis
1277 1139 1555 1193 saporem,
1590 1136 1695 1176 non
1743 1124 1851 1177 sint
1892 1122 2035 1192 quod

466 1218 594 1272 dicti
625 1227 769 1272 sunt.
809 1217 865 1271 Si
891 1226 1073 1272 autem
1098 1233 1127 1270 a
1158 1216 1434 1285 Spurcitiis
1469 1230 1567 1269 nos
1600 1223 1653 1267 et
1685 1214 1877 1270 fanore
1904 1215 2035 1269 lihe-

467 1318 675 1374 rarunt,
716 1318 1025 1365 statuerunt
1065 1319 1246 1364 autem
1280 1317 1497 1363 nostras
1543 1308 1893 1367 defluxiones.
1946 1308 2038 1361 de-

467 1411 745 1457 tersernnt
779 1411 998 1457 nostras
1033 1402 1245 1467 sordes,
1272 1401 1427 1455 suavi
1476 1412 1655 1456 autem
1692 1402 1860 1455 odore
1896 1400 2036 1469 pleni

465 1506 652 1549 sumus
686 1507 782 1561 per
812 1492 955 1555 illos,
986 1501 1042 1545 et
1066 1504 1253 1546 sumus
1282 1504 1407 1545 esca
1439 1490 1618 1545 divina
1654 1508 1667 1545 :
1701 1491 2037 1560 reprehendo

468 1582 928 1652 praedicationem,
965 1582 1010 1637 si
1052 1581 1316 1637 concedet
1360 1580 1455 1635 tibi
1487 1580 1664 1635 exitus
1710 1595 1916 1634 rerum.
1951 1579 2039 1633 Pi-

466 1684 713 1730 scatores
762 1673 903 1730 sales
937 1688 1033 1728 eos
1066 1672 1202 1728 dixit
1240 1680 1294 1727 et
1323 1671 1587 1727 exhibuit.
1633 1671 1876 1740 Denique
1904 1681 1956 1725 et
1985 1671 2037 1725 in

470 1766 580 1820 alia
606 1765 989 1834 prtedicatione
1012 1764 1191 1821 lumen
1215 1778 1311 1820 eos
1339 1762 1465 1817 facit
1488 1772 1544 1818 et
1565 1762 1693 1818 dicit
1730 1780 1744 1817 :
1792 1759 1891 1817 Vos
1918 1766 2040 1817 estis

466 1857 640 1911 lumen
671 1858 852 1911 mundi
869 1856 935 1910 ⁸⁸.
961 1855 1271 1911 Piscatores
1296 1854 1515 1923 privati,
1540 1854 1824 1926 ignobiles,
1856 1855 2034 1925 egeni,

2129 673 2345 725 occasio
2377 670 2636 740 unguenti
2688 677 2892 722 tantam
2940 665 3362 735 magnitudinem
3399 663 3699 717 introduxit

2130 762 2535 832 praedicationis
2562 779 2575 815 ε
2611 771 2662 814 et
2686 762 2886 813 dictum
2919 770 2999 813 est
3029 759 3155 827 quia
3183 768 3293 811 toto
3334 758 3533 812 mundo
3562 771 3676 826 pra:

2132 854 2399 909 dicabitur
2438 869 2635 908 nomen
2676 869 2875 915 meum,
2910 862 2963 906 et
3012 852 3157 906 illius
3201 848 3442 903 mulieris
3470 847 3621 902 lusus
3650 848 3701 900 in

2136 949 2456 1003 memoriam
2506 948 2630 1002 erit.
2660 946 2788 1012 Quae
2824 945 3121 999 auctoritas
3156 944 3308 998 istius
3343 941 3529 997 vocis?
3564 939 3701 1008 Quid

2134 1042 2280 1095 enim
2324 1041 2452 1095 dicit
2497 1040 2587 1109 qni
2624 1050 2868 1095 mortuus
2903 1048 2987 1093 est
3036 1046 3158 1107 post
3194 1046 3421 1091 mortem
3477 1036 3565 1090 bis
3611 1032 3701 1102 qui

2133 1130 2535 1199 praedicarunt?
2568 1128 2723 1183 Exite
2757 1126 2825 1181 ad
2871 1128 3170 1181 universum
3217 1128 3491 1181 mundum.
3537 1126 3703 1188 Dixit,

2134 1232 2227 1276 aut
2272 1238 2376 1276 non
2424 1221 2597 1275 dixit?
2641 1221 2697 1275 Si
2758 1236 2863 1274 non
2920 1220 3073 1287 dixit,
3127 1221 3393 1290 quomodo
3446 1230 3705 1274 exeuntes

2138 1312 2482 1382 perfecerunt
2502 1328 2621 1382 qu:e
2645 1310 2840 1381 jussit?
2862 1312 3131 1383 quomodo
3149 1312 3382 1381 suspecti
3400 1321 3528 1366 sunt
3552 1311 3704 1380 (99)!

2137 1406 2407 1478 quomodo
2429 1408 2519 1477 qui
2550 1414 2794 1460 mortuus
2823 1413 2925 1471 est,
2958 1414 3201 1459 mortuus
3229 1404 3342 1459 est?
3370 1402 3470 1464 Ite.
3506 1404 3704 1468 docete,

2140 1498 2335 1567 inquit,
2367 1513 2545 1550 omnes
2577 1506 2791 1565 gentes:
2827 1510 2859 1549 ο
2892 1496 3033 1565 regia
3064 1510 3189 1558 vox,
3226 1508 3258 1548 o
3286 1493 3522 1549 tenentis
3552 1509 3706 1547 mnu-

2140 1591 2264 1645 dmn
2317 1588 2637 1658 promissio!
2678 1587 2779 1653 Ite,
2824 1589 3002 1640 docete
3041 1602 3216 1639 omnes
3250 1596 3442 1654 gentes.
3477 1585 3708 1651 Quantis

2141 1681 2277 1735 dicis
2313 1681 2449 1741 haec,
2481 1694 2513 1733 o
2552 1679 2813 1733 Domine?
2846 1677 3135 1731 Duodecim
3186 1675 3494 1730 hominibus
3526 1676 3592 1728 ad
3623 1676 3705 1729 in-

2142 1771 2530 1825 numerabilem
2562 1770 2811 1840 p0pulnm
2840 1785 2855 1823 :
2892 1778 2939 1823 et
2973 1769 3231 1834 baptisate
3264 1784 3351 1821 eos
3381 1767 3447 1831 ⁸³,
3489 1766 3705 1836 inquit;

2140 1872 2196 1917 et
2223 1860 2469 1916 fecerunt
2511 1877 2631 1931 qua:
2681 1860 2941 1914 videmus.
2991 1860 3185 1914 lterum
3215 1875 3347 1913 sane
3378 1872 3707 1927 comparans

469 1950 647 2006 Ιιιωϐη
702 1947 884 2003 mundi
933 1947 1203 2002 ἀίευηιιπο
1257 1945 1455 2000 Domus
1500 1945 1646 2000 enim
1698 1945 1744 2000 Si
1791 1945 2037 2011 dixisset.
2072 1936 2112 1991 Β
2142 1953 2423 2024 parabolas
2447 1953 2686 2023 prtedicit
2713 1970 2727 2008 :
2758 1952 2944 2008 Simile
2965 1962 3040 2005 est
3069 1967 3281 2020 regnum
3309 1950 3579 2014 caelorum,
3605 1949 3708 2007 hoc

467 2056 575 2098 non
600 2049 749 2095 esset
774 2054 1049 2109 magnum,
1079 2038 1124 2092 si
1153 2036 1237 2090 via
1273 2035 1499 2104 alicujus
1524 2050 1629 2090 non
1652 2044 1820 2090 esset.
1852 2036 2040 2089 Adhuc

469 2133 663 2203 majus.
698 2132 951 2188 Civitatis
993 2130 1137 2185 enim
1169 2128 1327 2183 unius
1362 2128 1406 2183 si
1435 2128 1679 2184 dixisset.
1711 2128 1816 2183 Sed
1855 2128 2036 2182 lumen

467 2243 561 2284 eos
593 2243 714 2283 esse
745 2242 849 2281 non
877 2232 962 2280 est
1001 2223 1318 2279 incredibile
1360 2221 1599 2276 nationis
1626 2220 1851 2292 integra:
1890 2238 1904 2275 :
1945 2220 2038 2275 sed

468 2321 677 2382 mundi,
730 2317 927 2388 inquit,
974 2316 1106 2371 estis
1141 2315 1342 2369 lumen.
1389 2314 1445 2369 Si
1496 2314 1632 2369 dixit
1676 2328 1949 2381 maguum,
1987 2320 2041 2365 et

470 2427 580 2468 non
626 2411 753 2466 fecit
783 2407 1102 2474 maximum,
1138 2421 1264 2461 num
1308 2406 1565 2461 mentitus
1595 2414 1681 2460 est
1711 2403 1950 2472 aliquid?
1982 2402 2038 2458 Si

470 2514 650 2557 autem
682 2501 815 2555 dicit
856 2513 1073 2569 magna,
1114 2506 1374 2566 operatur
1414 2508 1590 2551 autem
1635 2495 1863 2563 majora,
1910 2495 2040 2564 quid

471 2592 732 2650 faciemus
762 2590 828 2645 de
855 2589 940 2644 his
966 2602 1087 2658 quae
1132 2586 1421 2641 videntur?
1458 2585 1606 2639 Dicit
1633 2585 1792 2640 Petro
1826 2601 1840 2638 :
1872 2583 1951 2638 Tu
1985 2600 2040 2637 es

472 2682 684 2748 Petrus,
715 2690 765 2737 et
794 2697 952 2750 super
981 2681 1138 2733 istam
1182 2688 1384 2747 petram
1424 2677 1697 2746 adiﬁcabo
1739 2674 2035 2730 Ecclesium

471 2791 638 2831 meam
669 2772 735 2827 ".
767 2771 926 2827 Certe
953 2769 1345 2826 aedificaturum
1383 2784 1441 2825 se
1472 2766 1818 2839 promittebat
1852 2768 2041 2821 Eccleo

470 2867 607 2921 siam
654 2879 832 2919 suam.
866 2863 923 2918 Si
960 2877 1063 2916 non
1094 2860 1401 2922 aediﬁcavit,
1440 2868 1687 2914 mortuus
1714 2868 1815 2914 est.
1853 2858 1910 2913 Si
1947 2873 2040 2911 au-

471 2966 578 3014 tem
608 2953 900 3010 aedificavit
923 2952 1013 3022 qui
1051 2966 1153 3004 non
1193 2950 1344 3012 vivit,
1373 2950 1556 3003 dii-ant
1585 2949 1854 3017 quomodo
1876 2948 2042 3002 sedili-

470 3050 613 3103 cavit
661 3066 675 3104 :
727 3046 822 3102 sed
871 3042 1181 3108 aedificavit,
1235 3042 1367 3096 nihil
1418 3050 1600 3096 autem
1643 3039 1887 3093 addidit?
1946 3039 2041 3093 sed

471 3140 603 3194 divit
620 3158 632 3193 :
652 3149 698 3193 et
721 3146 887 3203 porta:
908 3136 1066 3204 inferi
1090 3150 1191 3188 non
1206 3132 1555 3202 praevalebunt
1574 3132 1822 3185 adversus
1843 3146 1954 3183 eam
1970 3130 2039 3182 ".

473 3229 528 3285 Si
565 3245 671 3285 non
710 3229 839 3283 moti
865 3227 1027 3299 gladii
1058 3235 1203 3290 sunt,
1233 3235 1286 3279 et
1310 3223 1609 3287 exercitus,
1638 3233 1692 3276 et
1721 3222 1958 3294 tyranni,
1986 3230 2042 3277 et

474 3322 636 3392 leges,
686 3330 742 3375 et
773 3335 969 3389 paena,
1019 3328 1075 3372 et
1124 3332 1291 3380 mors,
1345 3327 1399 3370 et
1441 3316 1674 3368 varietas
1724 3314 1939 3381 horum,
1988 3323 2045 3369 et

474 3412 634 3483 ignis,
662 3422 716 3467 et
746 3425 917 3475 mare,
958 3420 1013 3464 et
1056 3408 1226 3474 ﬂuvii,
1259 3415 1311 3464 et
1356 3406 1536 3462 omnia
1584 3404 1744 3459 simul
1787 3405 2045 3462 adversus

473 3505 631 3561 istam
672 3500 1133 3573 praedicationem,
1168 3510 1221 3555 et
1264 3515 1359 3568 per
1397 3498 1577 3553 omnia
1615 3498 1881 3553 transiens
1910 3512 2053 3567 praa-_

473 3595 674 3648 tlicatio
704 3593 934 3648 conﬂata
972 3603 1091 3659 est;
1118 3601 1172 3647 et
1196 3594 1260 3645 de
1290 3601 1459 3652 terra,
1493 3601 1547 3645 et
1576 3589 1833 3659 castigata
1860 3604 2043 3643 osten-

475 3684 622 3739 ditur
654 3685 777 3752 quia
801 3684 959 3739 inferi
985 3694 1042 3740 et
1074 3694 1276 3738 mortes
1306 3683 1547 3753 plurimae
1569 3697 1673 3735 non
1708 3680 2046 3737 transferunt

478 3776 687 3832 Domini
724 3776 1183 3843 prtedieationem.
1221 3775 1278 3829 Si
1325 3791 1431 3830 non
1476 3774 1619 3829 facta
1662 3772 1892 3828 fuissent
1921 3773 2044 3841 ista,

477 3868 617 3924 forte
667 3867 1062 3937 relinqueretur
1092 3867 1376 3923 dubitatio.
1420 3865 1475 3921 Si
1521 3875 1699 3921 autem
1736 3881 1831 3936 per
1864 3866 2044 3920 omnia

480 3971 587 4015 tota
624 3961 721 4015 ista
755 3960 1066 4030 praedicatio
1100 3969 1230 4025 stat,
1262 3960 1393 4014 vivit
1437 3959 1621 4028 utique
1652 3958 1808 4029 cujus
1850 3956 2048 4028 praedi-

476 4058 621 4112 catio
661 4071 766 4111 non
804 4056 1089 4111 evertitur.
1130 4056 1237 4110 Sed
1267 4071 1331 4110 ex
1366 4054 1594 4111 modicis
1621 4068 1825 4124 magum
1854 4052 2049 4122 praedi-

476 4154 722 4208 cationes
753 4162 882 4208 sunt
915 4152 1091 4207 facta.
1130 4149 1499 4215 Recumbebat,
1540 4147 1735 4217 inquit,
1772 4146 2046 4213 Dominus,

476 4254 525 4299 st
556 4246 691 4299 venit
736 4245 805 4297 ad
839 4260 955 4296 eum
998 4244 1240 4312 quadam
1278 4241 1467 4294 mulier
1493 4239 1559 4292 “.
1598 4239 1663 4294 Et
1695 4237 1837 4306 quod
1863 4244 2049 4304 porta-

478 4334 595 4391 vit?
627 4345 959 4405 unguentum
1013 4333 1201 4389 ell‘ndit
1246 4348 1412 4400 super
1455 4340 1616 4402 caput
1659 4331 1796 4399 ejus.
1842 4327 2048 4383 Irasce-

480 4426 675 4480 bantur
696 4436 874 4478 autem
900 4424 1169 4493 discipuli,
1200 4422 1434 4478 scientes
1464 4421 1605 4489 quod
1642 4426 1915 4488 unguento
1941 4430 2046 4470 non

480 4516 685 4586 indiget
721 4514 998 4586 Magister.
1034 4514 1371 4569 Irascebatur
1405 4522 1582 4567 autem
1622 4520 1677 4565 et
1711 4510 1876 4563 Judas
1920 4520 2046 4577 pro-

2138 2058 2218 2101 est
2261 2044 2573 2114 praedicatio
2631 2046 2753 2119 ista,
2806 2048 3059 2108 fermento
3104 2046 3171 2097 ".
3216 2043 3523 2097 Secundum
3572 2042 3708 2111 quid

2138 2136 2500 2192 fermentum?
2549 2136 2672 2205 quia
2716 2144 2771 2191 et
2823 2136 3088 2189 fermento
3124 2135 3334 2189 modico
3385 2149 3416 2187 a
3482 2133 3708 2188 muliere

2139 2226 2193 2281 in
2227 2224 2392 2279 nmlta
2428 2226 2805 2294 conspersioue
2862 2224 3209 2289 abscondito,
3267 2225 3439 2294 ipsum
3488 2223 3707 2293 quidem

2140 2334 2241 2372 non
2276 2319 2597 2371 obscuratur
2629 2334 2657 2370 a
2688 2319 3091 2386 conspersione,
3119 2318 3212 2372 sed
3244 2332 3366 2370 cum
3409 2318 3480 2370 sit
3514 2330 3707 2385 parum

2140 2418 2309 2462 totum
2358 2407 2667 2470 fermentat,
2705 2417 2760 2461 et
2809 2404 3101 2460 fermentat
3154 2406 3269 2459 sine
3316 2404 3566 2473 strepitu.
3607 2404 3708 2470 Ita,

2139 2499 2336 2569 inquit,
2385 2514 2503 2552 mea
2536 2497 2849 2569 przedicatio
2897 2497 3076 2551 brevis
3130 2511 3224 2565 per
3267 2496 3574 2561 duodecim,
3614 2510 3703 2563 per

2138 2594 2280 2649 istud
2333 2591 2690 2655 fermentum,
2745 2599 2881 2653 toto,
2951 2589 3163 2659 inquit,
3228 2588 3533 2658 insparsum
3600 2602 3709 2641 non

2141 2680 2616 2739 transmutabitur,
2652 2679 2745 2733 sed
2774 2694 2986 2732 omnem
3014 2678 3269 2731 mundum
3312 2675 3604 2731 transferet
3641 2676 3709 2731 ad

2142 2774 2574 2844 religiositatem.
2636 2770 2749 2827 Hoc
2811 2772 3014 2825 dictum
3078 2779 3157 2824 est
3219 2784 3315 2838 per
3372 2768 3707 2839 parabolam.

2139 2863 2457 2918 Praedicatio
2485 2874 2663 2917 autem
2694 2862 2835 2917 facta
2863 2871 2967 2925 est,
3013 2870 3105 2914 aut
3142 2860 3291 2913 non?
3335 2859 3390 2913 Si
3428 2858 3569 2914 facta
3599 2870 3709 2927 est,

2141 2955 2269 3025 quid
2297 2954 2545 3011 dubitas?
2578 2955 2622 3009 si
2653 2964 2829 3007 autem
2862 2970 2967 3008 non
2998 2964 3080 3007 est
3112 2953 3276 3017 facta,
3316 2966 3500 3022 argue.
3528 2951 3709 3004 Aliam

2142 3050 2336 3105 iterum
2388 3049 2696 3120 parabolam
2746 3048 2974 3102 similem
3027 3046 3153 3101 huic
3202 3045 3516 3100 introducit.
3569 3044 3710 3110 Quid

2141 3143 2283 3197 enim
2312 3140 2476 3195 dicit?
2503 3139 2692 3194 Simile
2724 3149 2798 3193 est
2836 3155 3051 3208 regnum
3090 3137 3335 3191 cwlorum
3367 3152 3531 3207 grano
3563 3135 3713 3187 sina-

2069 3273 2109 3331 Ο
2142 3236 2242 3303 pis,
2266 3234 2405 3304 quod
2436 3234 2635 3287 brevius
2667 3231 2874 3302 quidem
2905 3242 2978 3285 est
3010 3230 3074 3283 ab
3108 3231 3348 3284 omnibus
3376 3229 3662 3282 seminibus
3691 3241 3714 3283 :

2144 3342 2257 3379 cum
2292 3337 2469 3379 au'rm
2515 3327 2755 3388 creverit,
2790 3322 2960 3393 majus
2994 3322 3053 3391 ﬁt
3102 3322 3342 3376 omnibus
3382 3321 3612 3374 oleribus
3641 3321 3711 3373 ’⁸.

2146 3417 2209 3473 Ει
2237 3416 2548 3487 praedicatio
2576 3418 2624 3469 in
2661 3415 2941 3469 duodecim
2969 3422 3086 3468 erat
3108 3413 3387 3480 apostolis,
3416 3421 3469 3464 et
3493 3409 3717 3464 .lndais-

2146 3525 2265 3563 mus
2292 3518 2345 3562 et
2372 3489 2651 3577 gentilitas
2673 3516 2809 3561 erat.
2841 3503 2973 3559 Cum
3007 3516 3183 3558 autem
3224 3505 3413 3567 crevit,
3434 3502 3718 3572 superavit

2145 3612 2391 3671 utraque.
2438 3598 2527 3653 lsti
2578 3609 2703 3653 ante
2752 3611 2965 3652 crucem
3018 3608 3293 3649 sermones
3342 3602 3507 3657 sunt,
3591 3601 3717 3661 post

2146 3708 2363 3749 erucem
2403 3701 2582 3746 autem
2620 3705 2782 3758 Opera
2827 3703 2948 3758 quae
2990 3687 3250 3741 videmus.
3298 3685 3516 3738 Interim
3553 3700 3718 3737 vene-

2147 3795 2270 3840 runt
2297 3784 2511 3854 quidem
2546 3782 2800 3852 gentiles,
2830 3789 2883 3835 et
2912 3780 3101 3833 dicunt
3125 3775 3373 3846 Philippo
3408 3794 3421 3829 :
3462 3774 3717 3829 Volumus

2144 3877 2324 3933 Iesum
2355 3877 2526 3933 videre
2555 3876 2626 3941 ",
2678 3882 2732 3927 et
2774 3873 2903 3926 dicit
2938 3869 3135 3925 Jesus:
3172 3867 3320 3923 Venit
3348 3869 3501 3931 liora,
3535 3870 3716 3920 crucis

2150 3971 2331 4033 timor,
2376 3981 2429 4021 ut
2461 3968 2787 4037 gloriﬁcatur
2824 3962 2998 4017 Filius
3038 3963 3259 4016 hominis
3285 3962 3346 4015 ⁸⁷.
3388 3962 3545 4025 Dicit,
3589 3959 3713 4029 quia

2146 4078 2267 4118 cum
2318 4062 2608 4114 crucifixus
2666 4060 2822 4112 fuero
2872 4056 3232 4124 glorificabor.
3278 4053 3387 4108 Hoc
3417 4053 3575 4117 dixit,
3610 4069 3712 4105 non

2148 4155 2259 4217 liat,
2301 4165 2356 4206 et
2389 4162 2634 4205 mortuus
2660 4160 2761 4203 est.
2800 4148 2855 4201 Si
2886 4156 3063 4201 autem
3095 4145 3341 4214 praedixit
3369 4155 3419 4197 et
3445 4160 3540 4212 per
3570 4159 3713 4195 mor-

2147 4254 2252 4299 tem
2303 4242 2550 4311 perfecit,
2600 4257 2633 4296 o
2680 4240 2913 4310 potentia
2965 4238 3180 4290 virtutis
3228 4252 3322 4305 per
3344 4251 3406 4289 ea
3438 4250 3559 4304 quze
3608 4252 3709 4287 tum

2146 4345 2272 4392 sunt
2316 4335 2515 4389 fortia!
2566 4334 2672 4387 Sed
2719 4330 2881 4385 nolite
2913 4328 3140 4397 fatigare
3179 4329 3244 4381 de
3286 4327 3707 4389 resurrectione,

2145 4429 2199 4484 in
2253 4428 2342 4483 die
2377 4426 2759 4495 assumptiouis
2806 4424 3011 4477 audire.
3063 4419 3351 4474 Festivitas
3396 4428 3480 4473 est
3530 4420 3705 4488 primo

2146 4521 2374 4583 animas,
2414 4530 2470 4573 et
2508 4520 2579 4573 ita
2620 4526 2833 4573 ventres
2866 4516 2964 4588 (Ι).
3000 4515 3182 4569 Primo
3213 4514 3372 4568 debes
3398 4513 3713 4565 condiscere

480 4616 602 4678 βίον
635 4606 901 4672 [memmi
934 4615 988 4660 εί
1028 4606 1153 4677 (Ιηίθ
1200 4614 1255 4659 ει
1294 4602 1621 4674 Pauperi!“8
1648 4603 1816 4655 doni“
1861 4600 2045 4653 ίηευν·
2077 4612 2122 4668 Ι)
2146 4614 2230 4669 cui
2272 4612 2487 4667 feriaris
2518 4628 2531 4679 ;
2569 4611 2746 4681 primo
2794 4612 2955 4665 debes
2986 4620 3281 4677 agnoscere
3312 4607 3435 4674 quia
3481 4605 3615 4656 vivit
3660 4603 3711 4655 it.

481 4699 677 4753 rentia.
713 4698 969 4753 Dominus
996 4709 1175 4752 autem
1223 4698 1289 4751 ad
1324 4698 1624 4751 irascentes
1673 4709 1689 4745 :
1734 4691 1928 4751 Nolite.
1967 4689 2048 4743 itt-

479 4792 617 4859 quit,
658 4805 901 4858 quaerere
927 4792 1053 4861 quid
1082 4806 1184 4861 ego
1216 4790 1401 4855 velim,
1445 4788 1538 4844 sed
1567 4785 1691 4857 quis
1730 4794 1783 4839 et
1819 4800 1938 4853 quae
1966 4793 2051 4836 est

481 4882 738 4938 voluntas
761 4887 881 4952 ejus
910 4883 999 4952 qui
1024 4883 1245 4937 immisit
1280 4882 1414 4952 (98).
1448 4879 1620 4935 Nolite
1648 4892 1767 4931 esse
1796 4875 2003 4929 molesti
2030 4890 2046 4927 :

482 4974 611 5030 fecit
650 4976 821 5033 enim.
870 4975 1024 5042 Quod
1058 4984 1253 5029 autem
1306 4973 1433 5028 fecit
1476 4973 1601 5036 ista,
1654 4986 1758 5026 non
1812 4969 2045 5038 ignorat.

480 5067 816 5123 Praenuntiat
861 5068 966 5124 ista
1012 5082 1187 5123 meam
1234 5077 1486 5122 mortem.
1542 5064 1855 5121 lmmittitnr
1898 5063 2042 5117 enim

481 5159 733 5230 gentibus
763 5159 852 5226 qui
891 5141 1196 5214 moriuntur
1218 5168 1567 5227 unguentum.
1600 5157 1666 5211 Et
1700 5171 1801 5209 una
1826 5154 2043 5225 quidem

482 5250 793 5320 praedicatio
838 5252 963 5320 quia
1010 5251 1271 5304 morietur
1306 5266 1322 5304 :
1368 5250 1459 5304 sed
1505 5249 1607 5303 ista
1645 5263 1750 5301 non
1786 5247 1856 5301 sit
1885 5246 2047 5299 mira-

484 5342 625 5397 bilis.
660 5343 823 5396 Addit
851 5345 995 5398 enim
1028 5363 1043 5398 :
1077 5346 1237 5398 Amen
1266 5361 1420 5397 amen
1449 5342 1565 5395 dico
1599 5341 1755 5402 vobis,
1784 5339 1904 5408 quia
1927 5354 2045 5391 cum

484 5434 830 5501 prwdicatum
874 5433 1035 5504 fuerit
1093 5450 1277 5489 nomen
1322 5450 1493 5487 meum
1551 5436 1606 5488 in
1657 5432 1797 5487 omni
1828 5431 2042 5494 mundo,

554 5616 597 5648 ⁸⁷
625 5616 816 5673 Hatth.
842 5630 896 5678 ν,
937 5616 1019 5668 i3.
1097 5615 1143 5647 ⁸⁸
1187 5615 1315 5668 ibid;
1350 5615 1434 5667 14.
1506 5613 1551 5643 ⁸⁸
1581 5612 1765 5665 Matth.
1789 5625 1899 5670 XVI.
1930 5609 2016 5662 18.
2094 5611 2139 5642 ⁹⁰
2171 5610 2297 5666 ibid.

561 5702 679 5733 vm-
707 5685 792 5733 19-
892 5686 939 5720 ⁸⁵
964 5686 1149 5733 Malth.
1182 5700 1299 5733 xm-
1342 5685 1430 5733 35.
1510 5684 1551 5714 ³⁸
1586 5683 1713 5733 ibid.
1742 5682 1830 5733 51.
1904 5680 1948 5711 ⁵⁸
1975 5678 2129 5733 Juan.
2168 5698 2268 5733 XII.
2302 5680 2363 5733 21

2009 5696 2129 5737 oan.
2168 5698 2268 5745 xu,
2302 5696 2390 5734 ιι.

486 5702 680 5753 xxvut,
707 5685 793 5742 i9.
892 5686 939 5720 °‘
964 5686 1149 5739 Matth.
1182 5700 1299 5749 ιιιιι,
1342 5685 1430 5739 35.
1510 5684 1551 5714 ³⁸
1586 5683 1713 5737 ibid.
1742 5682 1830 5739 51.

560 5847 674 5915 (98)
718 5845 821 5910 Qui
855 5845 1089 5897 immisit.
1122 5844 1281 5915 [orte
1310 5843 1397 5911 qui
1429 5858 1505 5915 me
1533 5842 1691 5897 misit.

558 5912 666 5978 (‘99)
706 5914 940 5971 διηπειὲ
970 5925 1110 5968 sunt.
1140 5912 1243 5969 Pro
1273 5912 1491 5978 suscepti
1520 5923 1656 5966 sunt.

2149 4720 2256 4773 quo
2303 4704 2533 4758 habetur
2579 4718 2723 4772 spes,
2771 4712 2830 4756 ut
2869 4717 3091 4757 securus
3125 4703 3437 4753 manduces.
3472 4694 3527 4748 Si
3575 4709 3716 4748 mor-

2150 4806 2273 4850 tuus
2320 4804 2397 4849 eSI
2447 4795 2535 4863 qui
2574 4794 2916 4858 adhortatur,
2966 4791 3129 4862 lugeri
3164 4797 3395 4860 oportet.
3440 4784 3496 4839 Si
3532 4794 3713 4838 autem

2149 4886 2295 4942 suasi
2350 4886 2613 4939 fuerimus
2641 4887 2765 4955 quia
2801 4886 2933 4939 vivit
2974 4895 3026 4938 et
3057 4882 3311 4947 vivificat,
3333 4888 3387 4934 et
3414 4878 3459 4933 si
3493 4877 3716 4931 mandu-

2150 4977 2461 5031 caverimus
2488 4986 2543 5031 et
2588 4977 2906 5040 biberimus,
2946 4984 3000 5029 et
3039 4987 3373 5044 quacunque
3421 4969 3523 5023 alia
3571 4967 3714 5021 fece-

2151 5066 2357 5130 rimus,
2412 5065 2463 5119 in
2513 5064 2737 5136 gloriam
2792 5064 3027 5118 viventis
3079 5062 3357 5116 faciemus.
3415 5059 3717 5113 Suademus

2150 5156 2314 5226 igitur
2345 5166 2401 5210 et
2447 5166 2499 5211 ut
2532 5159 2830 5226 gaudentes
2854 5156 3153 5227 epulemur.
3199 5154 3365 5209 Putas
3391 5153 3535 5206 enim
3583 5151 3710 5220 quia

2151 5249 2326 5303 adhuc
2358 5250 2692 5305 necessarius
2730 5265 2907 5303 sermo
2945 5258 3047 5304 est.
3099 5248 3287 5303 Adhuc
3328 5246 3471 5301 enim
3518 5244 3711 5298 suade-

2152 5355 2290 5392 tnur.
2319 5338 2495 5393 Unum
2521 5341 2664 5394 enim
2714 5356 2778 5393 ex
2840 5338 2924 5392 his
2950 5355 3069 5408 qme
3097 5340 3238 5392 dicta
3274 5348 3401 5393 sunt
3439 5351 3543 5391 non
3600 5334 3711 5391 suf-

2164 5432 2276 5486 ﬁcit
2307 5441 2361 5485 et
2403 5433 2631 5502 lapidem
2661 5434 3027 5487 comminuere
3060 5450 3075 5487 :
3108 5442 3284 5485 tamen
3322 5446 3484 5483 unum
3516 5446 3582 5484 ex
3630 5429 3709 5483 bis

2378 5608 2419 5640 "
2455 5608 2640 5662 Matth.
2675 5625 2825 5670 χχιιι,
2852 5609 2907 5672 6,
2933 5611 2984 5664 7.

2466 5680 2508 5710 ⁸⁷
2562 5680 2686 5733 ibid.
2720 5681 2810 5734 ‘25.

3063 5611 3111 5642 "
3144 5609 3271 5663 ibid.
3308 5609 3394 5662 1'5.
3447 5608 3497 5640 ⁸³
3521 5604 3705 5663 Matth.

2226 5838 2301 5907 (l)
2343 5837 2407 5890 Et
2441 5839 2513 5890 ita
2550 5851 2764 5908 ventres.
2798 5841 3056 5902 Subamli,
3108 5857 3313 5899 curare.
3356 5841 3419 5895 Et
3459 5839 3705 5908 iunior“

2152 5924 2215 5964 ex
2246 5908 2431 5964 Graeco
2460 5909 2549 5962 καὶ
2582 5906 2717 5975 εἶτα,
2754 5911 2804 5967 id
2834 5921 2918 5967 est
2952 5922 2995 5965 et
3019 5912 3222 5967 deinde.
