3956 6534
249 491 385 540 IIIS

1228 487 1315 540 DE
1352 484 1813 543 INCOBPORALI
1851 485 1937 541 ET
1978 487 2320 543 lNVlSlBiLl
2362 488 2513 544 DEO.

3333 488 3465 545 HN

248 609 470 660 addam.
507 607 698 661 Omnia
728 608 871 662 enim
915 618 975 662 ut
1016 608 1215 672 dicam,
1262 624 1361 663 nec
1393 608 1645 664 saeculum
1696 609 1810 664 sul'-
1840 623 1883 680 Α
1921 611 2044 677 quia
2074 611 2367 665 moriturus
2395 626 2533 677 sum,
2574 620 2628 666 ct
2652 611 2934 668 exaltabor
2962 613 3014 666 in
3040 626 3275 675 crucem,
3300 614 3469 667 autin

246 696 378 749 licit.
434 696 758 752 Mensurabo
811 715 942 753 sane
990 707 1270 753 tractaturo
1304 710 1521 768 propter
1550 714 1798 766 corpora,

246 788 467 848 propter
513 781 890 845 festivitatem,
948 792 1164 850 propter
1221 782 1587 838 refectionem.
1659 783 1806 838 Dicit

246 871 443 924 iterum
494 872 748 925 Dominus
786 892 799 927 :
836 873 1070 927 Granum
1118 876 1281 928 tritici
1314 875 1415 927 nisi
1449 876 1636 929 cadens
1668 891 1811 929 mor-

246 972 396 1017 tuum
431 965 614 1031 fuerit,
665 965 833 1033 ipsum
881 965 1048 1018 solum
1100 976 1273 1020 manet
1307 966 1373 1018 ’3.
1422 965 1490 1022 Ut
1542 967 1704 1021 habet
1750 983 1809 1022 se

247 1066 442 1108 natura
480 1054 687 1109 locutus
729 1065 832 1111 est.
876 1055 930 1109 Si
963 1056 1105 1110 enim
1139 1056 1457 1110 seminatum
1491 1073 1595 1113 non
1624 1057 1806 1124 fuerit,

246 1147 448 1199 nudum
485 1162 710 1216 granum
744 1147 996 1201 manebit.
1038 1147 1095 1200 Si
1148 1158 1327 1202 autem
1355 1149 1574 1213 cadens,
1614 1150 1806 1220 inquit,

246 1234 413 1291 fuerit
464 1249 761 1302 mortuum,
792 1248 849 1292 ut
887 1249 1111 1293 testatur
1140 1254 1169 1293 a
1211 1251 1397 1294 natura
1425 1282 1439 1306 ,
1473 1242 1666 1298 multos
1695 1245 1808 1297 fru-

243 1339 368 1382 ctus
414 1326 592 1384 aﬂ‘ert.
638 1329 703 1383 Et
732 1345 852 1398 ego,
892 1333 1082 1399 inquit,
1116 1335 1161 1386 si
1206 1349 1311 1388 non
1357 1332 1510 1390 fuero
1542 1345 1805 1400 mortuus,

246 1431 356 1467 non
383 1415 577 1483 colligo
621 1436 633 1471 :
673 1418 714 1471 si
771 1433 949 1472 autem
987 1422 1186 1476 cadens
1234 1423 1284 1476 in
1336 1432 1533 1477 terram
1568 1434 1809 1482 mortuus

246 1508 422 1569 fuero,
457 1510 653 1562 multos
685 1508 889 1566 fructus
915 1510 1082 1566 aﬂ'ero
1123 1516 1413 1568 secundum
1448 1530 1674 1586 granum
1708 1517 1808 1570 tri—

248 1598 362 1653 tici.
397 1598 460 1653 Et
495 1616 589 1669 per
629 1603 897 1656 modicqu
930 1605 1142 1670 quidem
1173 1620 1397 1674 granum
1441 1606 1693 1676 parabola
1727 1608 1811 1662 di-

247 1702 333 1744 cta
372 1702 476 1755 est,
521 1708 813 1764 permagna
848 1705 1025 1749 autem
1074 1696 1428 1750 admiratione
1471 1713 1605 1767 opus
1632 1708 1810 1753 osten-

247 1782 413 1836 ditur.
452 1782 509 1838 Si
562 1784 727 1849 enim,
783 1786 978 1854 inquit,
1017 1798 1257 1842 mortuus
1310 1804 1415 1844 nou
1477 1789 1649 1854 fuero,
1703 1806 1806 1846 non

246 1876 463 1945 colligo.
516 1877 817 1944 Antequam
875 1878 1016 1934 enim
1066 1890 1387 1944 moreretur,
1436 1889 1491 1935 et
1543 1881 1805 1935 mirabilia

1911 699 2082 753 caelos
2114 700 2267 770 (nihil
2304 704 2447 755 enim
2482 703 2728 771 prohibet
2760 715 2985 774 utraque
3017 705 3089 759 ita
3121 704 3390 776 intelligi),
3416 715 3471 761 et

1912 789 2123 842 traham
2164 805 2354 845 omnes
2402 792 2466 844 ad
2508 808 2592 846 me
2627 811 2641 846 :
2679 795 2817 847 dixit
2857 795 3160 849 modicum?
3191 795 3471 851 miremur.

1909 879 2014 932 Sed
2049 894 2301 948 magnum
2334 881 2462 949 quid
2498 880 2651 945 dixit,
2685 891 2739 935 et
2765 884 3028 936 modicum
3072 882 3236 939 fecit?
3258 885 3469 938 minua-

1909 985 2030 1023 mus
2072 970 2508 1023 admirationem.
2566 969 2621 1023 Si
2674 982 2851 1025 autem
2889 989 3137 1043 magnum
3177 976 3331 1039 dixit,
3364 990 3472 1028 ma-

1908 1073 2071 1128 gnum
2103 1071 2155 1114 et
2187 1058 2336 1123 fecit,
2368 1070 2419 1116 et
2458 1062 2557 1115 hoc
2586 1076 2679 1132 per
2709 1077 2942 1124 crucem.
2977 1074 3031 1119 et
3061 1075 3180 1133 post
3206 1076 3467 1132 mortem;

1908 1150 2169 1218 pellamus
2214 1151 2606 1205 dubitationem
2658 1163 2710 1205 et
2757 1154 3110 1223 suscipiamus
3168 1156 3347 1212 ﬁdem.
3404 1156 3469 1211 Et

1910 1240 2103 1294 iterum
2137 1242 2203 1293 ad
2240 1238 2453 1295 Judaeos
2478 1243 2608 1294 dicit
2636 1242 2823 1295 eadem
2859 1259 2873 1296 :
2904 1243 3053 1308 Cum,
3093 1245 3287 1315 inquit,
3325 1247 3471 1300 exol-

1909 1332 2137 1384 taveritis
2175 1329 2375 1384 Filium
2406 1332 2656 1395 hominis,
2686 1341 2808 1385 tunc
2831 1334 2998 1387 scietis
3032 1337 3153 1404 quia
3184 1353 3275 1405 ego
3305 1354 3418 1391 sum
3449 1353 3469 1392 .'

1908 1433 1958 1476 et
1985 1442 2014 1475 α
2047 1439 2132 1476 me
2165 1425 2274 1490 ipso
2303 1439 2405 1476 non
2444 1426 2581 1489 reni,
2604 1427 2693 1478 sed
2718 1443 2749 1478 α
2787 1425 2912 1492 Deo,
2943 1443 3059 1480 cum
3099 1443 3252 1491 opera
3282 1440 3469 1484 testata

1908 1513 2099 1583 fuerint
2148 1515 2228 1566 Itis
2257 1530 2370 1584 quae
2402 1514 2519 1566 dico
2553 1515 2593 1567 ¹.
2642 1514 2704 1568 lli
2741 1528 2866 1570 sunt
2910 1527 3095 1586 gustus
3141 1518 3471 1585 praedicatio-

1910 1622 2034 1658 num
2079 1606 2286 1660 Domini
2331 1621 2347 1658 :
2384 1605 2537 1673 plena
2574 1616 2754 1660 autem
2794 1605 3082 1673 Evangelia
3131 1618 3256 1661 sunt
3293 1609 3473 1663 volen-

1912 1696 2055 1751 tibus
2087 1697 2220 1751 bene
2266 1697 2479 1766 degere,
2513 1695 2651 1764 pleni
2697 1696 2865 1751 Actus
2913 1699 3276 1766 apostolorum
3324 1710 3473 1765 sunt,

1909 1798 1961 1842 et
1993 1788 2245 1856 Epistula:
2275 1788 2446 1851 Pauli,
2488 1798 2542 1843 et
2580 1789 2820 1843 civitates
2868 1790 3133 1844 mirabilia
3168 1792 3268 1863 (ὅ).
3305 1791 3474 1860 plena:

1913 1888 2039 1933 sunt
2070 1880 2232 1934 urbes
2269 1880 2390 1933 ﬁde.
2432 1879 2575 1934 Laus
2620 1881 2710 1934 uni
2748 1897 2852 1935 nun
2884 1891 3012 1936 nato
3043 1880 3173 1944 Deo,
3204 1884 3293 1952 qui
3326 1885 3475 1938 misit

247 1964 471 2032 faceret,
506 1983 609 2024 nec
650 1969 928 2023 duodecim
956 1970 1212 2040 collegit;
1268 1986 1373 2023 non
1402 1983 1811 2039 permanserunt
1844 1972 1884 2025 Β
1914 1970 2067 2025 nobis
2114 1985 2277 2024 unum
2328 1970 2493 2026 Deum
2543 1973 2871 2044 unigenitum
2926 1988 3080 2028 suum
3110 1973 3325 2038 Filium,
3381 1990 3474 2044 per

246 2058 392 2111 enim
428 2075 549 2113 cum
596 2075 680 2117 eo.
734 2062 874 2116 Dicit
915 2064 1057 2116 enim
1092 2080 1105 2116 :
1137 2063 1267 2128 Quia
1301 2062 1345 2116 si
1389 2077 1493 2115 non
1536 2078 1631 2117 ero
1663 2079 1803 2115 mor-

246 2159 391 2215 tuus,
425 2165 527 2204 non
562 2151 804 2223 colligam
832 2154 907 2223 (2)
934 2168 949 2207 :
982 2152 1111 2206 Cum
1144 2164 1315 2207 autem
1348 2153 1613 2206 exaltatus
1654 2153 1804 2221 [uero

248 2255 279 2290 ἰ
319 2252 484 2307 terra,
516 2257 689 2296 omnes
739 2244 946 2298 traham
993 2247 1063 2297 ad
1094 2261 1175 2298 me
1202 2245 1269 2297 ”.
1320 2243 1430 2298 lloc
1474 2243 1616 2314 quod
1645 2243 1801 2306 dixit,

1914 2078 2071 2130 quem
2117 2072 2200 2116 est
2242 2063 2290 2116 ei
2327 2064 2517 2134 gloria,
2549 2069 2740 2131 honor,
2793 2067 3096 2136 imperium,
3136 2067 3386 2137 tnajestas
3417 2067 3470 2121 in

1911 2151 2116 2220 Spiritu
2164 2162 2375 2219 sancto,
2411 2164 2466 2209 et
2519 2173 2684 2222 nunc,
2718 2168 2773 2214 et
2820 2174 3036 2229 semper
3065 2167 3119 2215 et
3153 2174 3247 2229 per
3289 2174 3471 2213 omma

1909 2244 2101 2298 saecula
2132 2248 2468 2302 saeculorum.
2513 2249 2703 2303 Amen.

1192 2542 1748 2660 EUSEBII
1834 2544 2512 2658 PAMPHlLl

684 2782 835 2872 DE
914 2777 1727 2874 INCORPOBALI
1801 2781 1954 2870 ET
2029 2781 2673 2873 INVISIBILI
2755 2784 3032 2879 ΠΕΟ.

316 3131 711 3204 incorporalem
745 3146 865 3188 esse
894 3132 1055 3187 Deum
1082 3146 1213 3188 voce
1245 3146 1436 3200 magna
1472 3132 1795 3199 clamemus,
1830 3134 1877 3199 ο
1906 3131 1997 3203 qui
2039 3141 2092 3188 et
2132 3132 2328 3187 animis
2382 3132 2564 3186 tribuit
2607 3141 2663 3187 et
2723 3131 3230 3202 incorporalitatem.
3278 3131 3474 3190 Paulus

242 3239 297 3281 et
329 3230 381 3282 in
411 3241 638 3296 corpore
662 3226 960 3292 constituti,
984 3236 1039 3279 et
1065 3242 1092 3277 a
1122 3226 1439 3293 corporibus
1470 3229 1806 3282 recedentes.

245 3318 443 3375 Vivent
480 3319 622 3374 enim
656 3320 847 3373 animm
882 3318 1309 3387 incorporaliter,
1340 3326 1393 3373 et
1428 3328 1549 3387 post
1581 3328 1808 3374 mortem

245 3414 636 3482 incorporalem
665 3412 758 3482 (l),
789 3422 842 3466 et
871 3412 1096 3465 necdum
1129 3426 1247 3480 qua:
1274 3427 1303 3465 a
1337 3409 1445 3466 Deo
1474 3420 1654 3466 creata
1686 3420 1811 3467 sunt

248 3514 449 3557 tantam
490 3505 687 3558 habent
723 3503 1059 3573 dignitatem.
1092 3504 1206 3573 Ipse
1249 3512 1427 3559 autem
1471 3505 1559 3574 qui
1599 3520 1727 3574 pttra
1760 3515 1812 3560 et

246 3597 528 3667 perspicua
555 3606 802 3665 operatus
824 3606 936 3662 est;
967 3597 1319 3665 incorporalia
1350 3606 1503 3666 putas
1537 3600 1811 3668 operietur

247 3698 429 3742 mente
475 3688 841 3758 insipientium
889 3687 1154 3755 corpore?
1213 3686 1599 3757 Cousignemus
1648 3689 1810 3756 igitur

246 3789 464 3836 nostros
510 3782 773 3850 cogitatus
818 3794 849 3835 a
884 3779 1075 3833 divinis
1108 3780 1421 3848 Scripturis.
1475 3780 1608 3847 Quia
1666 3781 1806 3835 enim

246 3872 373 3926 inde
425 3881 707 3926 moventur
756 3873 1108 3941 qumstiones,
1156 3872 1277 3925 inde
1304 3872 1516 3926 veniant
1565 3881 1620 3926 et
1661 3873 1809 3927 solu-

248 3968 440 4019 tiones.
471 3966 662 4018 Anima
694 3964 1009 4019 immortalis
1048 3974 1149 4027 est,
1176 3974 1230 4017 et
1261 3964 1535 4028 passiones
1570 3966 1811 4034 corporis

247 4074 355 4113 non
409 4060 628 4111 veniunt
672 4058 736 4110 ad
782 4072 922 4111 eam.
974 4056 1074 4112 Per
1122 4073 1241 4110 eum
1310 4057 1451 4111 enim
1505 4072 1601 4125 per
1650 4072 1810 4127 quem

245 4150 425 4204 omnia
464 4151 601 4203 facta
647 4159 792 4213 sunt,
829 4159 883 4203 et
911 4150 1101 4202 anima:
1139 4159 1336 4201 creatae
1380 4159 1527 4202 sunt.
1562 4148 1677 4218 Ipse
1712 4151 1812 4204 hoc

247 4243 611 4310 pronuntiavit
659 4241 912 4295 Dominus
954 4251 1006 4295 et
1050 4241 1183 4293 dixit
1225 4259 1239 4295 :
1286 4238 1463 4293 Nolite
1508 4243 1685 4295 timere
1725 4258 1811 4295 eos

243 4334 336 4402 qui
390 4336 631 4388 occidunt
683 4349 894 4395 coruus,
947 4335 1174 4387 animam
1220 4344 1393 4388 autem
1451 4350 1553 4388 non
1595 4343 1811 4405 possunt

245 4428 481 4482 occidere
535 4430 578 4481 ¹.
628 4427 741 4481 Non
789 4427 923 4479 dixit
975 4426 1097 4493 quia
1149 4425 1331 4479 nolunt
1378 4428 1660 4491 occidere,
1712 4427 1805 4482 sed

244 4523 370 4591 quia
418 4537 518 4573 nou
557 4528 809 4589 possunt,
852 4519 1059 4588 inquit,
1095 4520 1359 4573 occidere.
1410 4516 1628 4574 Natura:
1665 4520 1809 4574 enim

245 4615 441 4668 animae
481 4612 773 4683 potentiam
819 4612 1015 4680 posuit,
1055 4618 1107 4665 et
1151 4626 1253 4664 non
1292 4611 1620 4680 propositum
1670 4611 1812 4665 deci-

242 4706 528 4778 pientium.
575 4704 631 4758 Si
672 4705 831 4773 igitur
879 4713 1073 4757 nostrae
1112 4703 1326 4766 animae,
1366 4717 1484 4771 qua:
1524 4702 1575 4754 in
1617 4715 1810 4771 corpo-

244 4799 395 4853 ribus
445 4808 499 4852 et
540 4798 683 4852 circa
737 4812 958 4865 corpora
1011 4796 1293 4860 habentur,
1342 4810 1627 4863 corporum
1689 4809 1811 4861 pas-

243 4894 428 4946 siones
456 4906 559 4943 non
599 4889 910 4951 admittunt,
946 4889 1106 4941 etiam
1142 4887 1269 4940 dum
1305 4886 1500 4939 adsunt
1536 4885 1589 4939 in
1619 4899 1810 4953 corpo-

245 4984 431 5046 ribus;
477 4990 679 5050 quanto
713 4982 881 5050 inagis
913 4980 989 5051 (5)
1022 4980 1104 5034 his
1146 4979 1235 5049 qui
1276 4978 1558 5032 honoravit
1602 4978 1809 5033 animas

245 5075 574 5145 incorporali
626 5084 839 5139 natura,
887 5075 998 5143 ipse
1034 5074 1203 5144 magis
1231 5081 1311 5126 est
1340 5070 1709 5140 incorporalis,
1754 5080 1809 5125 et

243 5186 351 5223 non
389 5170 462 5222 ita
502 5167 852 5237 incorporalis
896 5176 952 5220 ut
990 5165 1217 5220 animm?
1251 5163 1383 5218 Cum
1429 5164 1571 5216 enim
1612 5164 1678 5216 de
1726 5162 1808 5216 his

243 5264 575 5316 moverimus
622 5275 954 5325 sermonem,
999 5256 1493 5328 et'inquisierimus
1540 5254 1807 5324 quomodo

243 5350 601 5419 incorporalis
636 5350 704 5403 ab
761 5348 1185 5417 incorporalibus
1244 5345 1461 5411 differt;
1509 5355 1632 5399 tunc
1686 5359 1803 5398 cum

243 5444 358 5511 ipse
387 5442 526 5497 Deus
558 5442 876 5513 impertierit
901 5441 965 5495 de
997 5442 1081 5495 bis
1120 5441 1421 5509 loquemur.
1465 5437 1680 5491 Interim
1712 5451 1808 5488 au-

243 5546 354 5591 tem
388 5550 563 5592 motus
600 5544 681 5590 est
727 5547 938 5596 sermo,
965 5533 1089 5602 quia
1135 5533 1270 5586 Deus
1322 5528 1673 5599 incorporalis
1703 5537 1807 5590 est,

314 5631 360 5662 9°
383 5625 538 5680 Joan.
588 5640 683 5690 XII,
716 5623 807 5679 24.
921 5624 967 5655 ’⁸
1006 5622 1134 5677 ibid.
1192 5622 1278 5678 51.

243 5700 269 5732 ⁸
309 5699 499 5754 Matth.
536 5712 588 5758 ν,
626 5697 677 5750 8.

318 5788 398 5857 (Ξ)
438 5787 533 5840 Ms.
570 5784 733 5852 Dicit,
761 5784 885 5854 quia
937 5784 982 5837 si
1016 5799 1115 5837 non
1148 5797 1236 5835 ero
1279 5791 1531 5846 mortuus,
1567 5797 1667 5834 non
1709 5780 1812 5833 cul-

249 5861 509 5931 59m---,
760 5924 790 5931 _
947 5925 956 5931 .
1028 5922 1069 5931 ..

320 5929 397 5987 t5)
438 5925 726 5981 Mirabilia.
758 5924 860 5983 Pro
890 5922 1232 5977 mirabilibus.

1369 5622 1384 5651 ¹
1424 5618 1578 5674 Joan.
1612 5632 1738 5683 vm,
1779 5617 1869 5674 28.

1910 3235 2088 3280 autem
2119 3237 2173 3281 et
2222 3227 2274 3280 in
2324 3241 2548 3295 corpore
2599 3225 2942 3290 constitutus,
2984 3236 3039 3280 et
3091 3226 3145 3280 in
3194 3242 3353 3285 carne
3387 3220 3472 3282 ‘vi-

1910 3334 2061 3383 vens,
2097 3334 2201 3373 non
2231 3318 2443 3374 volebat
2486 3319 2539 3372 in
2570 3333 2734 3373 carne
2774 3333 2912 3373 esse.
2956 3318 3090 3372 Dicit
3138 3319 3324 3374 enim:
3366 3319 3478 3372 Au-

1909 3412 2036 3466 dent
2063 3412 2280 3481 quidam
2312 3420 2561 3481 putantes
2596 3426 2694 3464 nos
2725 3410 2775 3463 in
2803 3426 2963 3464 carne
2999 3409 3218 3476 vivere;
3258 3418 3312 3462 et
3346 3410 3474 3478 quia

1910 3504 2123 3557 vivebat
2156 3504 2207 3557 in
2237 3518 2421 3567 carne,
2460 3502 2606 3557 addit
2639 3520 2653 3557 :
2690 3500 2745 3556 ln
2786 3516 2946 3557 carne
2981 3502 3128 3556 enim
3168 3501 3475 3568 constituti,

1913 3573 2017 3653 non
2047 3613 2108 3651 ea
2150 3612 2271 3666 qua;
2298 3596 2481 3651 carnis
2519 3604 2643 3649 sunt
2686 3609 2972 3663 operantur
2996 3596 3038 3649 ⁸.
3076 3594 3129 3649 Si
3177 3596 3340 3664 igitur
3381 3596 3474 3664 qui

1910 3701 2026 3745 erat
2064 3690 2116 3742 itt
2154 3704 2317 3742 carne
2355 3687 2691 3741 alacritatem
2727 3685 3014 3742 refundens
3063 3686 3113 3740 in
3154 3686 3343 3756 Spiritu
3394 3699 3478 3739 reo

1912 3784 2052 3838 cedit
2088 3799 2116 3835 a
2155 3796 2402 3850 corpore,
2435 3789 2634 3849 quanto
2670 3780 2838 3847 magis
2878 3778 3219 3832 immaculata
3243 3787 3297 3831 et
3330 3777 3477 3829 inac-

1911 3875 2175 3930 cessibilis
2211 3883 2265 3928 et
2303 3889 2433 3943 pura
2481 3874 2565 3925 illa
2612 3883 2800 3926 natura
2837 3872 2938 3924 hoc
2971 3872 3074 3924 erit
3114 3879 3169 3923 ct
3208 3884 3477 3935 sermone,

1910 3969 2050 4037 quod
2088 3977 2170 4022 est
2207 3968 2265 4020 'et
2327 3965 2562 4019 natura?
2614 3964 2882 4018 Habemus
2927 3978 3055 4017 sane
3096 3973 3150 4014 et
3198 3963 3248 4015 in
3296 3959 3476 4013 Evan-

1912 4061 2063 4130 geliis
2089 4060 2370 4127 scriptum,
2402 4058 2515 4127 ipso
2544 4055 2823 4111 Salvatore
2853 4056 3063 4108 dicente
3088 4072 3101 4107 :
3134 4053 3295 4105 Deum
3326 4068 3477 4104 nemo

1912 4152 2035 4205 vidit
2094 4165 2323 4203 unauam
2356 4149 2399 4203 δ.
2463 4147 2689 4211 Nullus,
2749 4148 2954 4216 inquit,
3009 4160 3241 4213 unquam
3296 4144 3473 4199 vidit:

1910 4259 2097 4298 omnes
2134 4258 2391 4312 personas
2423 4239 2829 4308 comprehendit
2854 4255 2869 4293 :
2897 4237 3075 4291 omnia
3119 4251 3224 4289 non
3271 4234 3470 4299 simul,

1913 4353 2017 4389 non
2043 4336 2374 4405 separatim;
2409 4349 2644 4403 unquam
2674 4331 2911 4403 potuisse
2941 4329 3123 4383 ridere
3158 4327 3322 4382 Deum
3355 4341 3477 4394 pro-

1915 4428 2214 4481 nuntiavit?
2240 4429 2419 4482 omnia
2457 4427 2627 4495 spatia
2665 4423 3112 4493 comprehendit:
3149 4431 3207 4476 ut
3239 4436 3307 4475 ne
3356 4419 3477 4488 quis

1915 4519 2140 4585 diceret,
2177 4520 2448 4589 prophetis
2482 4516 2748 4587 apparuit,
2780 4527 2871 4568 aut
2903 4511 3336 4584 legislatorihaut
3372 4511 3478 4563 alio

1914 4612 2094 4666 alicui.
2132 4610 2270 4678 Quid
2317 4610 2484 4679 ergo?
2535 4610 2862 4662 mentiuntur
2906 4605 3195 4673 Scriptura:
3226 4618 3347 4674 quze
3397 4603 3476 4655 di-

1913 4715 2078 4759 cunt:
2116 4704 2246 4757 Veni
2284 4713 2337 4757 et
2365 4702 2502 4765 vidi,
2531 4708 2585 4755 et
2615 4699 2825 4752 audivi?
2853 4696 3100 4751 Vultibus
3142 4711 3244 4750 non
3285 4706 3368 4750 est
3402 4696 3477 4748 vi-

1913 4796 2087 4849 sibilis
2122 4794 2279 4849 Deus.
2321 4792 2781 4859 Quemadmodum
2806 4806 2934 4859 ergo
2971 4787 3349 4859 agnoscibilis?
3377 4786 3474 4850 Qui

1912 4897 2089 4942 autem
2127 4888 2273 4941 solus
2310 4887 2456 4941 novit
2486 4899 2608 4939 eum
2652 4884 2744 4953 qui
2791 4898 2849 4938 se
2891 4882 3093 4949 genuit,
3126 4880 3292 4932 dicit:
3329 4875 3475 4929 Beati

1914 4981 2106 5033 mundo
2140 4980 2315 5045 corde,
2364 4980 2608 5045 quoniam
2663 4978 2762 5037 ipsi
2817 4974 2983 5029 Deum
3036 4974 3273 5025 videbunt
3319 4970 3361 5022 ⁸.
3418 4968 3473 5022 Si

1912 5074 2056 5128 enim
2104 5073 2354 5137 dixisset,
2400 5071 2544 5125 Beati
2589 5071 2679 5140 qui
2728 5069 2871 5122 acuti
2920 5075 3042 5120 sunt
3078 5061 3268 5118 oculis.
3309 5060 3458 5112 dice-

1914 5181 2095 5220 remus
2140 5166 2259 5234 quia
2310 5166 2481 5219 ocnlis
2544 5161 2880 5230 mancipavit
2931 5158 3127 5211 visum.
3185 5154 3239 5207 Si
3296 5163 3472 5205 autem

1917 5257 2054 5311 sicut
2082 5258 2266 5311 oculus
2296 5272 2460 5325 purus
2502 5256 2641 5309 videt
2669 5268 2790 5321 qua:
2821 5250 2986 5305 oculis
3031 5256 3156 5302 sunt
3187 5243 3474 5306 naturalia,

1916 5348 1986 5400 ita
2037 5358 2091 5400 et
2123 5348 2300 5401 anima
2358 5345 2552 5401 munda
2598 5347 2745 5399 videt
2817 5358 2933 5412 qua:
2980 5350 3104 5396 sunt
3147 5353 3306 5407 supra
3356 5338 3474 5388 ani-

1916 5454 2095 5503 mam;
2130 5439 2221 5508 qui
2255 5439 2417 5493 corde
2449 5438 2679 5501 videtur,
2721 5434 2891 5490 oculis
2922 5449 3024 5487 non
3071 5431 3321 5486 videtur:
3358 5442 3475 5498 qua:

1917 5539 2096 5585 autem
2130 5531 2300 5586 oculis
2330 5531 2600 5590 videntur,
2646 5526 2925 5594 subjacent
2959 5525 3282 5580 motionibus
3327 5538 3474 5576 meu-

1963 5624 1982 5653 ³
2024 5622 2208 5676 Matth.
2247 5620 2393 5684 x38.
2480 5620 2502 5652 ³
2540 5619 2582 5673 ll
2607 5619 2730 5675 Cor.
2777 5636 2827 5686 It,
2876 5619 2930 5674 '5.
3028 5617 3049 5649 δ
3083 5616 3236 5672 Joan.
3294 5631 3334 5682 ι,
3384 5614 3468 5668 l8.

1987 5776 2064 5843 (ιι.)
2116 5774 2211 5829 Ms.
2252 5784 2302 5827 et
2339 5785 2449 5841 post
2500 5783 2716 5829 mortem
2762 5784 2971 5843 propter
3000 5769 3401 5840 incorporalem.

1986 5847 2058 5915 (5)
2106 5845 2217 5900 llis.
2253 5844 2355 5899 Pro
2376 5846 2438 5899 is.
