3956 6558
424 511 565 568 1115

1096 505 1367 564 EUSEBlI
1405 501 1879 562 CAESARIENSIS
1916 498 2063 557 OPP.
2106 498 2281 556 PARS
2322 498 2410 555 lV.
2450 533 2518 544 —
2556 498 2970 556 DOGMATICA.

3522 497 3657 549 lll6

422 635 513 687 tis.
562 632 756 685 Iterum
798 628 945 684 enim
994 628 1190 683 Paulus
1227 629 1358 682 dicit
1391 647 1404 683 :
1446 628 1611 692 Quem
1664 606 1985 680 nemo-vidit
2015 631 2059 683 Α
2087 624 2282 677 mundo
2314 629 2451 686 erat,
2491 622 2757 691 quomodo
2794 621 2936 673 venit
2970 619 3021 671 in
3082 617 3368 671 mundum?
3400 617 3534 671 Cum
3571 634 3660 671 au-

420 724 712 785 hominum,
744 735 835 775 nec
864 721 1037 776 videre
1067 732 1231 790 potest
1257 721 1298 776 ⁸.
1337 720 1470 787 Quia
1502 718 1644 774 enim
1674 726 1845 789 potest
1876 717 1987 769 ﬁeri

421 832 545 870 eum
594 816 681 883 qui
740 815 887 869 audit
940 829 1004 869 ea
1040 830 1159 885 quae
1206 829 1312 868 non
1361 814 1507 868 videt
1553 813 1819 882 cogitare;
1867 809 1989 878 quia

425 922 530 961 non
573 910 855 976 pervenit,
902 920 995 962 aut
1035 908 1333 976 prohibitus
1379 918 1479 967 est,
1529 916 1617 958 aut
1654 904 1848 958 coelum
1886 916 1989 955 non

419 1000 699 1065 permisit;
746 1007 1031 1068 amputans
1088 1012 1300 1052 onmem
1353 997 1714 1065 suspicionem
1761 996 1991 1061 Aposto-

422 1090 532 1155 lus,
564 1103 619 1145 et
650 1092 1071 1146 invisibilitatem
1105 1091 1210 1145 Deo
1251 1090 1557 1145 custodiens
1596 1086 1735 1155 quod
1769 1086 1991 1155 conjun-

421 1195 565 1239 ctum
608 1195 689 1240 est
723 1184 1077 1254 iucorporali,
1116 1200 1219 1238 non
1253 1184 1421 1237 solum
1450 1183 1610 1243 dixit,
1651 1198 1799 1235 nemo
1835 1181 1989 1243 vidit,

421 1278 516 1330 sed
558 1294 648 1329 nec
696 1278 894 1339 videre,
942 1276 1143 1344 inquit,
1193 1285 1378 1344 potest.
1422 1274 1485 1327 Et
1534 1274 1675 1327 sicut
1723 1275 1992 1337 animam,

426 1382 534 1422 non
569 1368 691 1437 quia
723 1369 998 1431 nolebant,
1031 1367 1123 1421 sed
1162 1368 1285 1434 quia
1331 1382 1434 1420 non
1467 1375 1714 1433 poterant
1745 1365 1995 1418 occidere

423 1471 639 1530 propter
694 1471 958 1524 naturam,
1010 1462 1077 1514 ita
1129 1470 1183 1515 et
1232 1460 1355 1514 istic
1391 1459 1593 1512 dictum
1642 1468 1759 1522 est,
1823 1471 1996 1526 neque

422 1551 607 1605 videre
655 1560 914 1621 possunt:
942 1551 1062 1618 quia
1100 1564 1203 1603 non
1244 1549 1437 1604 caelum
1479 1548 1765 1602 obumbrat
1807 1562 1871 1601 ne
1916 1548 1998 1600 vi-

424 1643 635 1707 deatur,
667 1644 758 1697 sed
802 1653 992 1696 natura
1034 1658 1137 1696 non
1190 1641 1685 1710 comprehenditur.
1718 1640 1788 1695 Ut
1815 1649 1993 1694 antem

424 1735 566 1790 scias
614 1735 740 1803 quia
785 1733 980 1788 cadum
1027 1747 1132 1786 non
1180 1734 1356 1801 Operit
1411 1747 1503 1785 eos
1548 1747 1612 1785 ne
1646 1731 1863 1785 videant
1906 1728 1995 1798 qui

423 1828 605 1880 videre
650 1842 751 1879 non
797 1835 1044 1893 possunt;
1091 1826 1311 1879 adverte
1357 1825 1482 1893 quid
1519 1824 1594 1878 ait
1646 1825 1760 1891 ipse
1810 1824 1993 1876 Deus:

426 1915 617 1969 Nonne
643 1915 824 1969 caelum
853 1925 901 1968 et
934 1923 1131 1967 terram
1172 1930 1263 1982 ego
1298 1914 1486 1980 impleo
1508 1914 1568 1966 "?
1619 1912 1829 1966 Intuere
1870 1912 1993 1980 quia

2092 721 2197 767 tem
2247 712 2481 768 audieris
2522 712 2644 780 quia
2680 710 2817 764 Deus
2860 709 3089 762 ambulat
3120 710 3175 761 in
3212 709 3464 776 paradiso
3489 708 3555 772 ",
3587 710 3659 762 ita

2091 806 2211 860 audi
2245 814 2297 859 et
2325 805 2391 860 de
2419 803 2555 859 Filio
2593 804 2719 874 quia
2750 803 2914 858 venit.
2957 802 3095 870 Ergo
3119 809 3174 855 et
3203 815 3324 853 cum
3358 800 3597 855 audieris
3629 818 3657 854 ε

2092 898 2400 968 propheta:
2451 896 2581 963 Quis
2627 904 2705 949 est
2762 898 2850 966 qui
2895 896 3031 949 venit
3078 911 3141 949 ea:
3188 891 3359 946 Edam
3396 893 3471 946 “1
3520 894 3665 948 sicut

2092 988 2239 1042 venit
2280 989 2365 1057 qui
2401 991 2552 1042 adest
2596 987 2647 1040 in
2686 988 2913 1049 mundo,
2958 986 3029 1040 ita
3071 984 3216 1039 venit
3263 985 3356 1053 qui
3404 985 3556 1039 venit
3596 1000 3664 1038 ex

2094 1081 2283 1135 Edom.
2310 1081 2498 1135 Vestes
2526 1090 2705 1134 autem
2739 1079 2788 1132 ei
2830 1080 3022 1133 rubras
3068 1058 3663 1147 imposuit'pmphetia,

2094 1189 2216 1227 cum
2248 1172 2433 1227 Daniel
2468 1172 2665 1226 dixerit
2695 1171 2813 1225 alba
2841 1186 2961 1226 esse
2998 1170 3114 1239 ejus
3149 1170 3495 1224 vestimenta.
3523 1168 3665 1222 Mota

2094 1275 2271 1319 autem
2317 1265 2469 1318 nobis
2504 1264 2677 1319 fuerat
2710 1264 2812 1318 ista
2854 1263 3078 1332 quaestio
3106 1272 3161 1317 et
3193 1262 3259 1317 de
3294 1263 3532 1316 vestibus
3563 1280 3577 1315 :
3610 1271 3670 1315 et

2095 1360 2141 1414 si
2178 1374 2281 1413 non
2322 1358 2509 1414 fuisset
2544 1368 2721 1423 mota,
2751 1358 2975 1412 rationis
3014 1365 3133 1412 erat
3172 1372 3273 1410 non
3315 1370 3435 1410 eam
3482 1365 3665 1409 trans-

2098 1452 2197 1505 ire.
2230 1451 2618 1505 Condiscamus
2654 1450 2779 1519 quid
2808 1458 2893 1504 est
2929 1450 3069 1519 quod
3112 1448 3308 1503 dicitur
3342 1455 3521 1502 vestes
3564 1447 3668 1501 ha.

2099 1542 2227 1595 bere
2271 1540 2468 1603 Deum,
2508 1548 2562 1594 et
2604 1541 2700 1594 has
2741 1540 2898 1595 modo
2939 1540 3153 1603 rubras,
3195 1538 3352 1592 modo
3384 1548 3565 1591 autem
3600 1538 3673 1591 al-

2099 1633 2214 1687 bas.
2258 1632 2370 1686 Non
2420 1632 2561 1686 enim
2592 1636 2851 1702 jactatum
2886 1632 3059 1686 dicam
3098 1631 3258 1685 Deum
3301 1629 3353 1682 in
3400 1630 3670 1695 vestibus,

2096 1732 2151 1775 et
2192 1736 2332 1776 nunc
2361 1722 2576 1791 quidem
2626 1723 2695 1775 ita
2738 1720 2941 1785 vestiri,
2978 1737 3122 1776 nunc
3165 1730 3340 1775 autem
3377 1720 3504 1785 alia,
3555 1732 3672 1775 tan-

2096 1827 2255 1882 quam
2304 1813 2616 1868 obsoletatis
2669 1814 2967 1883 prioribus.
3032 1824 3123 1867 aut
3172 1829 3275 1867 non
3333 1813 3672 1867 obsoletatis.

2100 1904 2327 1971 Quidam
2360 1906 2450 1959 sed
2482 1904 2664 1958 volunt
2696 1907 2861 1958 Deum
2888 1905 2938 1958 in
2976 1904 3214 1957 vestibus
3251 1903 3512 1969 iactatum
3541 1918 3668 1958 esse

424 2007 579 2061 adest
622 2008 859 2075 quidem,
894 2023 995 2060 non
1026 2007 1236 2060 videtur
1265 2018 1441 2060 autem
1479 2008 1600 2074 quia
1636 2017 1687 2060 et
1723 2008 1891 2059 adest.
1922 2005 1993 2057 Ita
2030 1994 2072 2051 Β
2098 2006 2152 2049 et
2179 1995 2382 2048 clarum
2416 1997 2613 2061 videri.
2658 2004 2912 2063 tanquam
2966 2009 3071 2049 non
3118 1993 3343 2048 suﬂiciat
3384 1995 3432 2048 ei
3481 2005 3676 2047 natura

423 2100 621 2152 iterum
654 2099 793 2153 idem
824 2098 1115 2166 Apostolus
1147 2100 1211 2152 de
1245 2100 1524 2169 unigenito
1551 2099 1686 2153 Filio
1711 2100 1786 2152 ait
1814 2124 1824 2153 ;
1855 2098 1994 2165 Quia

423 2202 500 2246 est
540 2192 712 2260 imago
754 2192 1033 2245 invisibilis
1064 2191 1222 2245 Dei“.
1258 2190 1313 2245 Si
1343 2193 1486 2245 enim
1528 2193 1756 2245 dixisset
1806 2192 1996 2261 imagi-

426 2300 547 2336 nem
580 2291 805 2346 tantum,
834 2298 1198 2350 quzereremus
1245 2284 1538 2337 secundum
1571 2286 1694 2353 quid
1734 2299 1875 2336 nunc
1906 2298 1997 2335 ac-

423 2375 569 2442 cepit
620 2373 1045 2427 similitudinem.
1101 2374 1158 2428 Si
1212 2383 1391 2427 autem
1445 2374 1609 2427 addat
1664 2375 1993 2443 imaginem,

422 2466 718 2519 secundum
766 2465 892 2534 quid
937 2466 1144 2534 accepit
1201 2465 1655 2519 similitudinem?
1707 2464 1993 2517 manifeste

425 2555 658 2607 dicens:
708 2552 1001 2608 Invisibilis
1040 2564 1123 2608 est
1170 2553 1348 2619 Pater,
1398 2554 1683 2608 invisibilis
1732 2566 1785 2608 et
1828 2554 1997 2609 Filius

426 2645 624 2701 Patris.
679 2645 829 2699 Sicut
877 2646 1019 2699 enim
1069 2646 1122 2700 in
1172 2645 1358 2701 Genesi
1406 2647 1663 2714 scriptum
1713 2656 1839 2700 est:
1887 2644 1999 2699 Fa-

425 2737 625 2788 ciamus
658 2736 914 2790 hominem
949 2740 1015 2789 ad
1058 2738 1337 2805 imaginem
1373 2747 1420 2789 et
1455 2738 1859 2790 similitudinem
1906 2753 1999 2790 no-

426 2834 591 2878 stram
615 2826 657 2888 ’,
689 2834 741 2879 ct
778 2829 827 2878 in
870 2826 1218 2894 sequentibus
1260 2825 1497 2879 ostendit
1537 2827 1830 2880 secundum
1872 2826 2001 2895 quid

426 2916 855 2969 similitudinem.
899 2917 989 2969 Ait
1035 2916 1219 2970 enim:
1255 2914 1328 2968 Et
1359 2918 1659 2970 dominetur
1694 2934 1851 2982 supra
1893 2929 1997 2970 ter-

426 3024 539 3060 ram
582 3008 821 3063 omnibus
867 3009 1095 3073 piscibus
1147 3011 1329 3072 maris,
1361 3018 1409 3062 et
1448 3009 1741 3063 volatilibus
1773 3009 1920 3074 caeli,
1952 3018 2003 3062 et

425 3099 742 3151 animalibus
775 3110 928 3151 terra:
958 3098 1021 3149 ‘°.
1071 3098 1137 3150 Et
1175 3097 1437 3166 accipitur
1480 3097 1773 3150 secundum
1817 3097 2005 3166 imagi-

429 3206 547 3243 nem
590 3206 691 3243 nou
722 3190 864 3244 aliud
891 3190 990 3243 nisi
1014 3191 1103 3258 qui
1136 3206 1163 3241 a
1190 3204 1313 3255 rege
1344 3190 1451 3242 Deo
1508 3188 1758 3241 omnibus
1796 3188 2000 3242 consti-

430 3290 545 3335 tuto
580 3298 670 3335 rex
718 3282 809 3335 lict
861 3291 915 3334 et
965 3282 1124 3334 homo
1167 3294 1354 3334 eorum
1421 3294 1538 3348 qua:
1588 3294 1750 3347 supra
1802 3289 2000 3333 terram

428 3383 571 3426 sunt.
616 3372 679 3426 Et
718 3374 1031 3427 dominante
1069 3373 1174 3426 Deo
1213 3370 1461 3426 omnibus
1496 3371 1579 3426 his
1614 3386 1732 3441 qua:
1775 3371 1902 3425 fecit
1948 3371 2002 3425 in

429 3463 568 3519 caelo
594 3474 649 3517 et
676 3465 727 3517 in
765 3474 931 3528 terra,
959 3463 1323 3517 dominabitur
1350 3472 1406 3517 ct
1446 3463 1605 3516 homo
1641 3462 1892 3516 omnibus
1922 3463 2005 3516 his

426 3570 563 3624 quos
595 3556 917 3625 susceperit.
950 3554 1103 3609 Sicut
1149 3556 1293 3608 enim
1340 3554 1448 3609 illic
1486 3555 1783 3609 similitudo
1813 3569 2005 3608 secun-

428 3648 553 3700 dum
598 3646 888 3715 imaginem
948 3646 1191 3700 solvatur
1232 3646 1285 3698 in
1333 3644 1791 3710 dominationem;
1842 3645 1914 3699 ita
1953 3654 2008 3699 et

429 3738 551 3792 istic
594 3738 734 3806 quod
775 3737 1010 3799 dicitur,
1057 3737 1147 3806 qui
1186 3748 1269 3790 est
1318 3737 1492 3804 imago
1545 3736 1831 3792 invisibilis
1874 3737 2008 3805 Dei,

429 3829 717 3881 conlitetur
761 3830 887 3898 quia
935 3829 1075 3882 sicut
1120 3826 1285 3884 Pater
1340 3828 1625 3883 invisibilis
1669 3840 1783 3894 est,
1839 3830 1909 3882 ita
1953 3839 2008 3884 et

432 3920 599 3976 Filius
634 3922 749 3985 Dei,
784 3923 873 3992 qui
919 3930 1003 3977 est
1047 3923 1224 3991 imago
1266 3920 1442 3976 Patris
1488 3923 1794 3987 invisibilis,
1829 3924 1998 3978 habe-

432 4027 538 4067 tttl'.
568 4013 746 4084 Imago
775 4016 917 4068 enim
950 4015 1355 4069 similitudinem
1396 4015 1638 4070 exhibet.
1672 4016 1737 4069 Et
1770 4016 1911 4070 sicut
1940 4013 2005 4068 de

431 4105 591 4160 Patre
634 4108 832 4161 dictum
861 4118 960 4170 est,
1000 4107 1107 4162 imo
1138 4109 1204 4164 ab
1234 4110 1336 4162 isto
1364 4107 1560 4164 Patre:
1594 4107 1790 4162 Cretum
1823 4118 1868 4160 et
1906 4120 2005 4163 ter-

430 4214 542 4251 ram
572 4215 663 4268 ego
704 4200 888 4267 impleo
917 4200 980 4262 “,
1014 4210 1068 4254 et
1101 4216 1223 4255 cum
1273 4201 1427 4255 adest
1464 4203 1715 4256 omnibus
1766 4220 1869 4256 non
1924 4202 2007 4255 vi-

429 4292 629 4343 detur:
668 4291 741 4343 ita
776 4300 829 4344 et
858 4290 925 4345 de
962 4289 1098 4345 Filio
1130 4292 1333 4345 dictum
1373 4300 1491 4346 est:
1528 4291 1596 4345 In
1636 4292 1833 4345 mundo
1872 4303 2005 4357 erat,

428 4389 480 4433 et
510 4382 730 4433 mundus
757 4398 872 4433 eum
903 4400 1004 4434 non
1032 4386 1269 4451 cognovit
1299 4384 1367 4437 ¹².
1396 4382 1462 4435 Ει
1491 4394 1639 4438 certe
1672 4385 1804 4437 dicit
1840 4385 2009 4438 EVall-

432 4473 626 4541 gelium
665 4491 678 4526 :
718 4473 840 4526 Erat
892 4475 1063 4526 lumen
1103 4491 1279 4527 rerum
1309 4475 1370 4528 ¹³.
1420 4475 1626 4529 Lumen
1687 4486 1866 4529 autem
1931 4477 2009 4529 vi-

432 4569 589 4619 detnr
632 4566 970 4619 conducibile
1003 4583 1121 4622 esse
1172 4571 1361 4627 oculis.
1412 4570 1666 4623 Naturale
1719 4571 1862 4622 enim
1920 4580 2005 4623 est

2095 2104 2188 2143 sua
2220 2106 2233 2140 :
2267 2100 2321 2141 nt
2364 2103 2504 2141 nunc
2539 2089 2751 2157 quidem
2794 2088 2915 2141 aliis
2952 2087 3190 2141 vestibus
3235 2089 3483 2153 indutus,
3518 2089 3681 2142 nobis

2098 2180 2281 2234 sedeat
2329 2179 2623 2233 secundum
2678 2177 2973 2241 Danielem,
3024 2192 3164 2232 nunc
3209 2186 3387 2231 autem
3433 2177 3557 2231 aliis
3588 2178 3676 2230 in-

2097 2268 2256 2323 dutus
2286 2269 2465 2323 veniat
2503 2271 2796 2323 secundum
2844 2269 3056 2324 Isaiam.
3096 2268 3202 2323 Sed
3238 2269 3319 2321 ha:
3361 2268 3491 2337 ipsa:
3530 2284 3681 2336 quaa-

2097 2363 2298 2416 stiones
2341 2364 2509 2433 magis
2552 2364 2703 2416 nobis
2755 2364 3177 2431 interpretantur
3229 2372 3495 2417 naturam.
3546 2362 3681 2427 Quis

2099 2454 2265 2516 enim,
2301 2452 2495 2521 inquit,
2528 2463 2600 2507 est
2633 2454 2722 2523 qui
2748 2454 2881 2508 venit
2912 2469 2976 2507 ea:
3011 2452 3198 2517 Edam,
3229 2454 3523 2523 interrogat
3557 2470 3684 2526 pro-

2101 2544 2291 2612 pheta,
2339 2546 2496 2598 rubra
2543 2547 2844 2599 vestimenta
2896 2546 3088 2599 habens
3140 2560 3204 2599 ea:
3256 2544 3531 2600 Bosor"?
3576 2547 3681 2600 Ista

2098 2638 2240 2689 enim
2280 2635 2419 2689 illius
2456 2637 2687 2690 nationis
2722 2636 3034 2706 metropolis
3073 2645 3210 2691 erat.
3243 2635 3535 2704 Respondit
3586 2652 3686 2707 per

2102 2734 2205 2788 hoc
2249 2733 2470 2803 spiritus
2521 2733 2795 2803 pr0phctte
2837 2733 2928 2802 qui
2985 2732 3415 2802 interrogaverat
3456 2751 3469 2787 :
3508 2735 3688 2801 magis

2101 2838 2281 2880 autem
2324 2827 2541 2895 spiritus
2577 2827 2714 2879 Deus
2749 2837 2974 2895 utraque
3014 2824 3141 2879 facit
3173 2840 3188 2888 ;
3225 2834 3279 2880 et
3321 2826 3680 2895 interrogavit

2066 2986 2067 2989 η
2102 2918 2384 2987 propheta,
2428 2926 2479 2969 et
2512 2915 2797 2983 respondet
2840 2926 2898 2969 ut
2940 2916 3078 2970 Deus
3124 2932 3137 2968 :
3174 2913 3306 2985 Ego,
3344 2916 3549 2984 inquit,
3587 2916 3688 2985 qui

2103 3008 2287 3076 loquor
2320 3006 2585 3076 justitiam
2623 3005 2683 3060 ’⁸.
2728 3006 2856 3070 Cur,
2919 3007 3125 3075 inquit,
3172 3008 3347 3060 rubrae
3401 3016 3527 3060 sunt
3576 3016 3690 3060 tua:

2106 3023 2287 3076 toqnor
2352 3023 2585 3058 astutam
2624 3023 2683 3060 '°.
2728 3023 2856 3070 cur,
2919 3023 3125 3075 Inqmt,
3172 3023 3347 3060 rubrae
3401 3023 3527 3060 sunt
3576 3023 3689 3060 tua:

2106 3023 2518 3152 vestes?‘Dicit:
2540 3097 2795 3152 Torcular
2826 3098 3023 3152 calcavi
3050 3098 3194 3152 solus
3220 3100 3285 3151 ¹⁹.
3327 3098 3381 3152 Si
3421 3110 3689 3167 quantum

2105 3190 2171 3241 ad
2205 3190 2404 3242 dictum
2438 3198 2673 3257 spectat,
2719 3189 2841 3257 quia
2884 3202 3161 3241 sermones
3206 3188 3359 3242 nobis
3404 3191 3693 3258 proferunt

2109 3281 2309 3334 inimici
2364 3301 2377 3334 :
2423 3280 2775 3350 incorporalis
2810 3281 3065 3344 torcular,
3104 3280 3304 3348 inquit,
3349 3280 3587 3344 calcavi;
3628 3289 3699 3332 et

2108 3374 2250 3429 sicut
2295 3374 2584 3429 toreularia
2646 3390 2831 3442 sparsa
2879 3384 3001 3429 sunt
3053 3374 3382 3427 vestimenta
3436 3374 3585 3442 ejus,
3628 3385 3699 3424 et

2110 3464 2339 3519 rubredo
2391 3466 2669 3535 quaedam,
2710 3482 2813 3519 non
2862 3476 3040 3521 tamen
3090 3465 3310 3529 locatio,
3352 3474 3469 3517 erat
3512 3464 3695 3515 vesti-

2110 3567 2408 3612 mentorum
2452 3558 2751 3623 naturalis,
2801 3573 2976 3626 neque
3030 3558 3118 3611 illa
3184 3572 3305 3626 qua:
3342 3571 3407 3611 ex
3454 3555 3703 3611 artiﬁcio

2111 3648 2225 3703 lieri
2274 3650 2574 3703 consuevit.
2625 3649 2729 3703 Sed
2781 3650 2909 3719 quid
2965 3649 3162 3704 erant?
3207 3649 3539 3717 aspersiones
3580 3649 3703 3701 uti-

2107 3755 2231 3808 que,
2260 3747 2372 3792 uta
2406 3739 2659 3794 torculari
2696 3740 2810 3795 ﬁeri
2853 3741 2989 3795 solet
3022 3756 3403 3810 nonnunquam
3441 3740 3566 3793 vino
3590 3739 3697 3806 ja—

2109 3840 2336 3883 ctatum.
2367 3829 2504 3897 Quid
2550 3847 2679 3902 ergo
2722 3832 2773 3886 in
2818 3831 2986 3887 Edom
3033 3833 3194 3887 habet
3229 3833 3367 3886 Deus
3414 3832 3704 3886 torcular?

2110 3923 2165 3977 Si
2197 3924 2319 3993 quis
2351 3934 2528 3979 autem
2575 3926 2864 3982 calcaverit
2912 3928 3169 3992 torcular,
3201 3926 3462 3995 justitiam
3504 3926 3700 3995 loqui-

2111 4022 2214 4067 tur.
2245 4014 2303 4069 Si
2349 4024 2527 4070 autem
2568 4017 2971 4073 considerantes
3012 4020 3379 4074 invenerimus
3406 4034 3521 4089 qua:
3564 4028 3705 4073 erat.

2111 4108 2209 4160 ista
2241 4122 2395 4176 gens,
2423 4120 2477 4162 et
2506 4123 2610 4176 qua
2639 4110 2986 4165 damnatione
3016 4111 3243 4165 dehitrix
3280 4112 3597 4177 habebatur,
3626 4125 3700 4167 et

2108 4215 2268 4267 quam
2309 4200 2599 4254 vindictam
2642 4199 2708 4255 de
2751 4202 2938 4256 eadem
2975 4204 3099 4257 fecit
3141 4202 3313 4267 Deus,
3358 4213 3411 4258 et
3448 4218 3555 4272 quo
3598 4203 3697 4257 in-

2113 4290 2448 4345 terticiuntur
2469 4290 2671 4361 judicio
2700 4311 2713 4346 :
2756 4309 3110 4365 agnoscemus
3138 4295 3260 4363 quia
3294 4298 3528 4349 torcular
3565 4311 3683 4349 non

2107 4393 2191 4438 est
2246 4384 2470 4439 torculai
2500 4425 2515 4449 ,
2562 4387 2653 4440 sed
2712 4386 2949 4441 vindicta
3000 4403 3095 4457 per
3164 4388 3497 4456 sanguinem.
3543 4387 3699 4442 Esau

2110 4485 2290 4528 autem
2337 4477 2406 4530 ob
2452 4477 2658 4530 ventris
2720 4479 3040 4531 edacitatem
3098 4478 3405 4532 distrahens
3460 4491 3693 4548 propter

2112 4574 2352 4619 ventrem
2406 4574 2614 4619 natura:
2656 4566 2958 4633 primitias;
2999 4566 3121 4634 quia
3168 4565 3311 4619 enim
3373 4566 3473 4618 hoc
3508 4567 3697 4633 ipsum

432 4655 642 4720 lumini,
670 4668 724 4709 ut
755 4673 849 4725 per
884 4674 1007 4711 eum
1053 4660 1280 4714 visibilia
1323 4661 1625 4714 videantur.
1658 4659 1761 4715 Sed
1800 4663 1842 4715 si
1878 4661 2008 4714 sint-
2040 4680 2084 4734 Ι)
2112 4657 2493 4712 incontinentia
2534 4667 2684 4724 erat,
2729 4673 2797 4713 ex
2838 4660 2967 4713 vitio
3011 4658 3197 4713 habuit
3236 4668 3289 4712 et
3328 4657 3699 4724 nuncupatiu-

430 4749 641 4818 pliciter
680 4749 857 4805 lumen
897 4752 1155 4818 dixisset,
1199 4755 1482 4824 oportebat
1527 4770 1624 4810 nos
1671 4756 1737 4809 de
1782 4756 1884 4810 hoc
1928 4756 2002 4808 lu-

433 4840 577 4896 mine
609 4843 871 4912 suspicari
901 4845 1125 4908 dictum,
1166 4855 1220 4899 et
1259 4848 1327 4902 de
1356 4848 1472 4903 istis
1507 4848 1696 4903 oculis.
1742 4850 1845 4903 Sed
1885 4851 2010 4918 quia

433 4949 537 4987 non
572 4933 890 5003 simpliciter
923 4936 1055 4989 dicit
1105 4937 1282 4991 lumen
1313 4957 1326 4992 :
1362 4941 1458 4995 sed
1499 4951 1644 5006 erat,
1690 4942 1894 5011 inquit,
1927 4942 2011 4994 lu-

431 5044 546 5082 men
580 5045 754 5082 verum
782 5028 862 5081 “:
908 5029 1057 5098 pellit
1090 5030 1229 5083 istud
1266 5029 1443 5085 lumen
1486 5035 1625 5101 quod
1670 5048 1855 5087 verum
1904 5050 2007 5087 non

430 5130 533 5174 est.
584 5118 714 5171 Erat
764 5119 938 5173 lumen
977 5136 1150 5173 verum
1196 5120 1401 5175 ueniens
1450 5121 1503 5173 in
1553 5121 1687 5176 hunc
1732 5124 2005 5177 mundum.

430 5210 565 5276 Quia
608 5212 752 5264 enim
788 5212 923 5264 dixit
954 5213 1186 5276 veniens,
1216 5212 1452 5282 suspicio
1482 5224 1597 5267 erat
1626 5215 1749 5283 quia
1787 5217 2007 5271 veniens

431 5301 666 5353 nondum
698 5300 1009 5355 advenerat.
1039 5300 1285 5355 Incideris
1330 5312 1509 5356 autem
1553 5306 1816 5359 sermonis
1855 5306 2005 5360 iulir-

430 5394 670 5447 mitatem
706 5394 1046 5449 confirmavit
1077 5395 1273 5449 mentis
1318 5395 1666 5450 intellectum.
1697 5396 1829 5463 Quia
1860 5402 2002 5452 enim

428 5483 597 5547 dixit,
650 5483 780 5539 Erat
830 5485 1005 5540 lumen
1058 5501 1245 5541 verum
1297 5487 1516 5540 veniens
1559 5488 1608 5540 iu
1659 5489 1799 5541 hunc
1848 5505 2005 5542 mun-

429 5574 557 5625 dum
600 5589 614 5625 :
657 5583 715 5626 ut
759 5590 862 5628 non
911 5583 1158 5643 putares,
1205 5576 1330 5645 quia
1378 5593 1480 5630 non
1531 5578 1716 5631 aderat
1764 5593 2002 5646 praesens

430 5675 720 5731 antequam
770 5668 1011 5733 veniret,
1055 5679 1113 5721 ut
1146 5669 1344 5722 dicitur
1379 5684 1407 5721 a
1454 5670 1803 5735 quibusdam,
1851 5670 1999 5725 addit

426 5755 708 5824 corrigens
754 5773 1095 5815 sermonem:
1127 5759 1193 5814 In
1241 5758 1438 5813 mundo
1476 5772 1607 5815 erat.
1644 5762 1699 5815 Si
1738 5762 1903 5831 igitur
1940 5762 1992 5815 in

501 5914 523 5944 ⁸
562 5915 579 5967 ι
629 5913 735 5968 ῐὶιιι
790 5932 857 5975 vt.
897 5918 979 5970 l6.
1069 5918 1087 5947 ⁷
1131 5917 1272 5972 liter.
1306 5935 1465 5977 mit.
1508 5919 1596 5973 2i.

433 5986 473 6025 ι’
512 5984 668 6039 Joau.
696 6002 733 6051 ι,
766 5988 850 6040 l0.
930 5989 970 6017 ’³
1012 5987 1209 6042 ibid.9.
1290 5990 1330 6019 "‘
1373 5991 1501 6043 ibid.
1582 5992 1622 6023 "
1664 5990 1797 6047 Gen.
1828 6007 1908 6060 ιιι,
1944 5996 1995 6048 8.

1674 5922 1693 5947 "
1733 5922 1938 5975 Coloss.
1972 5937 2011 5985 t,
2058 5921 2137 5975 l5.

2077 5994 2118 6024 “
2159 5992 2261 6048 lsa.
2292 6010 2441 6064 uin,
2477 5998 2523 6049 l.

2119 4764 2260 4804 nem.
2293 4750 2360 4804 Et
2399 4760 2481 4805 est
2511 4750 2677 4803 Edom
2712 4750 2851 4819 quod
2898 4750 3279 4819 interpretatur
3319 4750 3563 4803 avaritia.
3605 4748 3701 4803 Ex

2116 4842 2222 4895 isto
2266 4836 2429 4911 igitur
2475 4840 2613 4895 Esau
2662 4840 2801 4895 facta
2858 4852 2941 4896 est
2993 4856 3121 4909 gens
3160 4842 3529 4896 ldumaeormn.
3575 4840 3703 4896 lata

2117 4946 2282 5000 gens,
2318 4931 2440 5001 quia
2494 4940 2547 4986 et
2588 4929 2725 4986 Esau
2769 4941 2886 4985 erat
2935 4932 3098 4986 frater
3142 4930 3329 4998 Jacob,
3362 4931 3543 5000 utique
3591 4934 3707 4984 de-

2119 5023 2230 5075 buit
2268 5022 2527 5092 aqualem
2570 5022 2863 5077 fraternam
2895 5025 3180 5091 quamdam
3223 5024 3554 5078 aﬂ'ectiouem
3586 5024 3706 5076 ha-

2117 5113 2242 5166 bere
2284 5116 2350 5167 ad
2398 5114 2672 5183 pupulum.
2721 5114 2820 5181 Qui
2871 5129 2993 5169 cum
3044 5131 3147 5168 non
3198 5115 3453 5179 haberet,
3502 5116 3705 5168 incre-

2116 5213 2275 5271 patur
2302 5203 2350 5257 ei
2391 5219 2421 5255 a
2455 5204 2565 5258 Deo
2594 5206 2720 5273 quia
2753 5219 2857 5257 non
2899 5205 3135 5259 servavit
3173 5217 3386 5273 pactum
3429 5205 3705 5258 fraterni-

2116 5296 2243 5350 tatis
2297 5299 2363 5350 ad
2417 5297 2695 5364 populum.
2754 5295 2891 5362 Quid
2948 5311 3077 5365 ergo
3126 5295 3498 5364 praevaricavit
3552 5309 3698 5348 con-

2113 5389 2335 5443 scientia
2370 5389 2435 5442 ad
2473 5389 2713 5452 fratrem,
2742 5398 2794 5442 et
2822 5390 2997 5442 erexit
3023 5387 3257 5457 judicem
3297 5387 3554 5441 adversus
3583 5400 3647 5439 se
3674 5388 3708 5441 2

2115 5479 2378 5548 Propheta
2417 5489 2594 5532 autem
2644 5480 2940 5549 przevidens
2975 5480 3212 5535 Iutorum
3254 5482 3319 5535 de
3358 5480 3558 5535 eisdem
3598 5479 3707 5548 ju—

2110 5578 2308 5632 dicium
2347 5586 2403 5631 et
2443 5577 2759 5642 vindictam,
2792 5587 2849 5631 ut
2894 5577 3149 5632 lsraelitte
3188 5579 3252 5632 de
3282 5576 3526 5631 ldmnaais
3571 5578 3707 5632 vin-

2106 5669 2439 5731 dicarentur,
2468 5675 2756 5736 antequam
2790 5668 2943 5724 fieret
2969 5669 3203 5723 vindicta
3231 5667 3701 5735 videtjudicinm,

2100 5774 2157 5818 et
2193 5762 2322 5818 dicit
2364 5773 2381 5814 :
2442 5759 2575 5825 Quis
2608 5771 2683 5815 est
2738 5762 2827 5830 qui
2871 5763 3001 5817 venit
3053 5778 3117 5815 ea:
3162 5760 3382 5816 Edam?
3422 5760 3489 5815 Et
3540 5771 3702 5815 cert.-

2725 5923 2768 5954 ¹⁰
2808 5922 2937 5977 ibid.
3018 5924 3056 5953 ¹¹
3100 5922 3173 5977 let

2725 5996 2816 6049 )id.
2897 5996 2937 6025 "
2978 5994 3102 6049 ibid.
3142 5994 3173 6047 5

2216 5924 2237 5953 ’
2275 5922 2411 5976 Gen.
2452 5939 2507 5987 I,
2546 5923 2635 5978 26.
2725 5923 2768 5954 ¹⁰

2216 6010 2261 6048 a.
2292 6010 2441 6050 thtl.
2477 5998 2523 6049 l.
2605 5998 2643 6033 ’τ
2688 5993 2795 6050 ibid

3018 5924 3056 5953 ¹¹
3100 5922 3204 5977 Jer.
3252 5938 3424 5983 nm,
3470 5918 3562 5973 ‘24.

3018 5995 3102 6047 nd.
3142 5994 3195 6047 5.
3274 5993 3315 6023 "
3354 5991 3482 6047 ibid.
