  <div class='ocr_page' id='page_1' title='image "/cluster/home/n/w/nwhite01/storage/ocr_20150623/24/hvd.32044019207729/574.png"; bbox 0 0 3956 6508; ppageno 0'>
   <div class='ocr_carea' id='block_1_1' title="bbox 267 462 407 517">
    <p class='ocr_par' dir='ltr' id='par_1_1' title="bbox 267 462 407 517">
     <span class='ocr_line' id='line_1_1' title="bbox 267 462 407 517; baseline -0.007 -1"><span class='ocrx_word' id='word_1_1' title='bbox 267 462 407 517; x_wconf 90' lang='grc'><strong>1117</strong></span> 
     </span>
    </p>
   </div>
   <div class='ocr_carea' id='block_1_2' title="bbox 1256 453 2538 514">
    <p class='ocr_par' dir='ltr' id='par_1_2' title="bbox 1256 453 2538 514">
     <span class='ocr_line' id='line_1_2' title="bbox 1256 453 2538 514; baseline 0.002 -3"><span class='ocrx_word' id='word_1_2' title='bbox 1256 458 1344 511; x_wconf 79' lang='lat' dir='ltr'><strong>DE</strong></span> <span class='ocrx_word' id='word_1_3' title='bbox 1384 458 1847 513; x_wconf 77' lang='lat' dir='ltr'><strong>INCORPORALI</strong></span> <span class='ocrx_word' id='word_1_4' title='bbox 1885 453 1975 510; x_wconf 82' lang='lat' dir='ltr'><strong>ET</strong></span> <span class='ocrx_word' id='word_1_5' title='bbox 2015 455 2354 513; x_wconf 78' lang='lat' dir='ltr'><strong>INVISIBILI</strong></span> <span class='ocrx_word' id='word_1_6' title='bbox 2384 458 2538 514; x_wconf 84' lang='lat' dir='ltr'><strong>DEO.</strong></span> 
     </span>
    </p>
   </div>
   <div class='ocr_carea' id='block_1_3' title="bbox 3378 456 3519 514">
    <p class='ocr_par' dir='ltr' id='par_1_3' title="bbox 3378 456 3519 514">
     <span class='ocr_line' id='line_1_3' title="bbox 3378 456 3519 514; baseline 0.014 -2"><span class='ocrx_word' id='word_1_7' title='bbox 3378 456 3519 514; x_wconf 80' lang='grc'><strong>1118</strong></span> 
     </span>
    </p>
   </div>
   <div class='ocr_carea' id='block_1_4' title="bbox 263 576 3519 649">
    <p class='ocr_par' dir='ltr' id='par_1_4' title="bbox 263 576 3519 649">
     <span class='ocr_line' id='line_1_4' title="bbox 263 576 3519 649; baseline -0.001 -16"><span class='ocrx_word' id='word_1_8' title='bbox 263 589 529 649; x_wconf 84' lang='lat' dir='ltr'><strong>quantum</strong></span> <span class='ocrx_word' id='word_1_9' title='bbox 584 578 651 631; x_wconf 89' lang='lat' dir='ltr'><strong>ad</strong></span> <span class='ocrx_word' id='word_1_10' title='bbox 696 591 810 632; x_wconf 89' lang='lat' dir='ltr'><strong>rem</strong></span> <span class='ocrx_word' id='word_1_11' title='bbox 857 576 1085 631; x_wconf 83' lang='lat' dir='ltr'><strong>necdum</strong></span> <span class='ocrx_word' id='word_1_12' title='bbox 1130 576 1233 631; x_wconf 91' lang='lat' dir='ltr'><strong>hoc</strong></span> <span class='ocrx_word' id='word_1_13' title='bbox 1273 578 1494 632; x_wconf 88' lang='lat' dir='ltr'><strong>scierat.</strong></span> <span class='ocrx_word' id='word_1_14' title='bbox 1542 576 1599 631; x_wconf 95' lang='lat' dir='ltr'><strong>Si</strong></span> <span class='ocrx_word' id='word_1_15' title='bbox 1658 586 1839 631; x_wconf 89' lang='lat' dir='ltr'><strong>autem</strong></span> <span class='ocrx_word' id='word_1_16' title='bbox 1868 576 1916 636; x_wconf 77' lang='grc' dir='ltr'><strong>Α</strong></span> <span class='ocrx_word' id='word_1_17' title='bbox 1945 592 2140 647; x_wconf 81' lang='lat' dir='ltr'><strong>capere</strong></span> <span class='ocrx_word' id='word_1_18' title='bbox 2195 578 2380 633; x_wconf 91' lang='lat' dir='ltr'><strong>volunt</strong></span> <span class='ocrx_word' id='word_1_19' title='bbox 2424 577 2745 647; x_wconf 69' lang='lat' dir='ltr'><strong>strepitibus</strong></span> <span class='ocrx_word' id='word_1_20' title='bbox 2789 577 3114 646; x_wconf 87' lang='lat' dir='ltr'><strong>quihusdam</strong></span> <span class='ocrx_word' id='word_1_21' title='bbox 3162 585 3215 629; x_wconf 93' lang='lat' dir='ltr'><strong>et</strong></span> <span class='ocrx_word' id='word_1_22' title='bbox 3260 578 3427 640; x_wconf 85' lang='lat' dir='ltr'><strong>sonis.</strong></span> <span class='ocrx_word' id='word_1_23' title='bbox 3462 587 3519 633; x_wconf 85' lang='lat' dir='ltr'><strong>et</strong></span> 
     </span>
    </p>
   </div>
   <div class='ocr_carea' id='block_1_5' title="bbox 262 668 1844 738">
    <p class='ocr_par' dir='ltr' id='par_1_5' title="bbox 262 668 1844 738">
     <span class='ocr_line' id='line_1_5' title="bbox 262 668 1844 738; baseline -0.003 -11"><span class='ocrx_word' id='word_1_24' title='bbox 262 673 497 727; x_wconf 85' lang='lat' dir='ltr'><strong>necdum</strong></span> <span class='ocrx_word' id='word_1_25' title='bbox 528 669 673 724; x_wconf 80' lang='lat' dir='ltr'><strong>facto</strong></span> <span class='ocrx_word' id='word_1_26' title='bbox 703 668 911 735; x_wconf 89' lang='lat' dir='ltr'><strong>judicio</strong></span> <span class='ocrx_word' id='word_1_27' title='bbox 952 678 1207 738; x_wconf 84' lang='lat' dir='ltr'><strong>tanquam</strong></span> <span class='ocrx_word' id='word_1_28' title='bbox 1240 668 1353 736; x_wconf 91' lang='lat' dir='ltr'><strong>jam</strong></span> <span class='ocrx_word' id='word_1_29' title='bbox 1395 668 1631 734; x_wconf 82' lang='lat' dir='ltr'><strong>fecisset,</strong></span> <span class='ocrx_word' id='word_1_30' title='bbox 1659 677 1713 722; x_wconf 92' lang='lat' dir='ltr'><strong>et</strong></span> <span class='ocrx_word' id='word_1_31' title='bbox 1754 682 1844 723; x_wconf 85' lang='lat' dir='ltr'><strong>ve-</strong></span> 
     </span>
    </p>
   </div>
   <div class='ocr_carea' id='block_1_6' title="bbox 260 759 1846 829">
    <p class='ocr_par' dir='ltr' id='par_1_6' title="bbox 260 759 1846 829">
     <span class='ocr_line' id='line_1_6' title="bbox 260 759 1846 829; baseline -0.003 -14"><span class='ocrx_word' id='word_1_32' title='bbox 260 760 386 817; x_wconf 86' lang='lat' dir='ltr'><strong>nire</strong></span> <span class='ocrx_word' id='word_1_33' title='bbox 418 761 633 816; x_wconf 91' lang='lat' dir='ltr'><strong>videtur</strong></span> <span class='ocrx_word' id='word_1_34' title='bbox 671 774 795 815; x_wconf 90' lang='lat' dir='ltr'><strong>cum</strong></span> <span class='ocrx_word' id='word_1_35' title='bbox 839 759 1039 813; x_wconf 90' lang='lat' dir='ltr'><strong>dicitur</strong></span> <span class='ocrx_word' id='word_1_36' title='bbox 1080 774 1369 829; x_wconf 78' lang='lat' dir='ltr'><strong>apparere,</strong></span> <span class='ocrx_word' id='word_1_37' title='bbox 1408 759 1635 812; x_wconf 81' lang='lat' dir='ltr'><strong>necdum</strong></span> <span class='ocrx_word' id='word_1_38' title='bbox 1680 772 1846 826; x_wconf 86' lang='lat' dir='ltr'><strong>appa-</strong></span> 
     </span>
    </p>
   </div>
   <div class='ocr_carea' id='block_1_7' title="bbox 262 848 1839 921">
    <p class='ocr_par' dir='ltr' id='par_1_7' title="bbox 262 848 1839 921">
     <span class='ocr_line' id='line_1_7' title="bbox 262 848 1839 921; baseline -0.005 -11"><span class='ocrx_word' id='word_1_39' title='bbox 262 861 369 917; x_wconf 86' lang='lat' dir='ltr'><strong>ret,</strong></span> <span class='ocrx_word' id='word_1_40' title='bbox 404 867 511 907; x_wconf 92' lang='lat' dir='ltr'><strong>non</strong></span> <span class='ocrx_word' id='word_1_41' title='bbox 556 850 681 921; x_wconf 86' lang='lat' dir='ltr'><strong>quia</strong></span> <span class='ocrx_word' id='word_1_42' title='bbox 720 858 944 921; x_wconf 90' lang='lat' dir='ltr'><strong>apparet</strong></span> <span class='ocrx_word' id='word_1_43' title='bbox 985 858 1271 918; x_wconf 89' lang='lat' dir='ltr'><strong>antequam</strong></span> <span class='ocrx_word' id='word_1_44' title='bbox 1315 850 1496 905; x_wconf 90' lang='lat' dir='ltr'><strong>veniat</strong></span> <span class='ocrx_word' id='word_1_45' title='bbox 1525 864 1592 903; x_wconf 78' lang='lat' dir='ltr'><strong>ex</strong></span> <span class='ocrx_word' id='word_1_46' title='bbox 1626 848 1793 903; x_wconf 87' lang='lat' dir='ltr'><strong>Edom</strong></span> <span class='ocrx_word' id='word_1_47' title='bbox 1824 865 1839 915; x_wconf 90' lang='lat'><strong>;</strong></span> 
     </span>
    </p>
   </div>
   <div class='ocr_carea' id='block_1_8' title="bbox 260 939 1847 1011">
    <p class='ocr_par' dir='ltr' id='par_1_8' title="bbox 260 939 1847 1011">
     <span class='ocr_line' id='line_1_8' title="bbox 260 939 1847 1011; baseline -0.003 -14"><span class='ocrx_word' id='word_1_48' title='bbox 260 946 380 1000; x_wconf 91' lang='lat' dir='ltr'><strong>viso</strong></span> <span class='ocrx_word' id='word_1_49' title='bbox 417 945 561 999; x_wconf 90' lang='lat' dir='ltr'><strong>enim</strong></span> <span class='ocrx_word' id='word_1_50' title='bbox 598 958 703 997; x_wconf 93' lang='lat' dir='ltr'><strong>non</strong></span> <span class='ocrx_word' id='word_1_51' title='bbox 736 941 947 996; x_wconf 89' lang='lat' dir='ltr'><strong>videtur</strong></span> <span class='ocrx_word' id='word_1_52' title='bbox 972 940 1064 1011; x_wconf 89' lang='lat' dir='ltr'><strong>qui</strong></span> <span class='ocrx_word' id='word_1_53' title='bbox 1111 941 1372 1009; x_wconf 66' lang='lat' dir='ltr'><strong>pravenit</strong></span> <span class='ocrx_word' id='word_1_54' title='bbox 1404 939 1666 994; x_wconf 85' lang='lat' dir='ltr'><strong>visionem</strong></span> <span class='ocrx_word' id='word_1_55' title='bbox 1687 979 1702 1003; x_wconf 94' lang='lat'><strong>,</strong></span> <span class='ocrx_word' id='word_1_56' title='bbox 1754 954 1847 993; x_wconf 88' lang='lat' dir='ltr'><strong>ue-</strong></span> 
     </span>
    </p>
   </div>
   <div class='ocr_carea' id='block_1_9' title="bbox 260 1030 1843 1105">
    <p class='ocr_par' dir='ltr' id='par_1_9' title="bbox 260 1030 1843 1105">
     <span class='ocr_line' id='line_1_9' title="bbox 260 1030 1843 1105; baseline -0.001 -18"><span class='ocrx_word' id='word_1_57' title='bbox 260 1051 368 1105; x_wconf 87' lang='lat' dir='ltr'><strong>que</strong></span> <span class='ocrx_word' id='word_1_58' title='bbox 396 1035 721 1090; x_wconf 85' lang='lat' dir='ltr'><strong>vestimenta</strong></span> <span class='ocrx_word' id='word_1_59' title='bbox 756 1034 939 1098; x_wconf 85' lang='lat' dir='ltr'><strong>habet,</strong></span> <span class='ocrx_word' id='word_1_60' title='bbox 968 1031 1150 1103; x_wconf 87' lang='lat' dir='ltr'><strong>qualia</strong></span> <span class='ocrx_word' id='word_1_61' title='bbox 1185 1031 1438 1101; x_wconf 88' lang='lat' dir='ltr'><strong>apparuit</strong></span> <span class='ocrx_word' id='word_1_62' title='bbox 1467 1031 1669 1085; x_wconf 86' lang='lat' dir='ltr'><strong>habens</strong></span> <span class='ocrx_word' id='word_1_63' title='bbox 1697 1049 1710 1085; x_wconf 90' lang='lat'><strong>:</strong></span> <span class='ocrx_word' id='word_1_64' title='bbox 1750 1030 1843 1085; x_wconf 90' lang='lat' dir='ltr'><strong>sed</strong></span> 
     </span>
    </p>
   </div>
   <div class='ocr_carea' id='block_1_10' title="bbox 258 1122 1847 1198">
    <p class='ocr_par' dir='ltr' id='par_1_10' title="bbox 258 1122 1847 1198">
     <span class='ocr_line' id='line_1_10' title="bbox 258 1122 1847 1198; baseline -0.004 -16"><span class='ocrx_word' id='word_1_65' title='bbox 258 1130 388 1198; x_wconf 87' lang='lat' dir='ltr'><strong>quia</strong></span> <span class='ocrx_word' id='word_1_66' title='bbox 424 1126 539 1180; x_wconf 90' lang='lat' dir='ltr'><strong>vult</strong></span> <span class='ocrx_word' id='word_1_67' title='bbox 571 1126 734 1181; x_wconf 88' lang='lat' dir='ltr'><strong>veluti</strong></span> <span class='ocrx_word' id='word_1_68' title='bbox 781 1126 992 1196; x_wconf 78' lang='lat' dir='ltr'><strong>aspergi</strong></span> <span class='ocrx_word' id='word_1_69' title='bbox 1040 1140 1131 1179; x_wconf 88' lang='lat' dir='ltr'><strong>sua</strong></span> <span class='ocrx_word' id='word_1_70' title='bbox 1163 1124 1481 1178; x_wconf 87' lang='lat' dir='ltr'><strong>vestimenta</strong></span> <span class='ocrx_word' id='word_1_71' title='bbox 1526 1138 1554 1176; x_wconf 89' lang='lat' dir='ltr'><strong>a</strong></span> <span class='ocrx_word' id='word_1_72' title='bbox 1587 1122 1847 1191; x_wconf 90' lang='lat' dir='ltr'><strong>sanguine</strong></span> 
     </span>
    </p>
   </div>
   <div class='ocr_carea' id='block_1_11' title="bbox 258 1214 1844 1289">
    <p class='ocr_par' dir='ltr' id='par_1_11' title="bbox 258 1214 1844 1289">
     <span class='ocr_line' id='line_1_11' title="bbox 258 1214 1844 1289; baseline -0.006 -13"><span class='ocrx_word' id='word_1_73' title='bbox 258 1235 446 1276; x_wconf 89' lang='lat' dir='ltr'><strong>eorum</strong></span> <span class='ocrx_word' id='word_1_74' title='bbox 476 1220 566 1289; x_wconf 88' lang='lat' dir='ltr'><strong>qui</strong></span> <span class='ocrx_word' id='word_1_75' title='bbox 603 1218 751 1288; x_wconf 92' lang='lat' dir='ltr'><strong>digni</strong></span> <span class='ocrx_word' id='word_1_76' title='bbox 797 1229 922 1273; x_wconf 91' lang='lat' dir='ltr'><strong>sunt</strong></span> <span class='ocrx_word' id='word_1_77' title='bbox 964 1227 1159 1273; x_wconf 90' lang='lat' dir='ltr'><strong>morte.</strong></span> <span class='ocrx_word' id='word_1_78' title='bbox 1195 1216 1311 1271; x_wconf 83' lang='lat' dir='ltr'><strong>Non</strong></span> <span class='ocrx_word' id='word_1_79' title='bbox 1359 1215 1505 1270; x_wconf 91' lang='lat' dir='ltr'><strong>enim</strong></span> <span class='ocrx_word' id='word_1_80' title='bbox 1541 1215 1607 1268; x_wconf 91' lang='lat' dir='ltr'><strong>ad</strong></span> <span class='ocrx_word' id='word_1_81' title='bbox 1650 1214 1844 1269; x_wconf 61' lang='lat' dir='ltr'><strong>caelum</strong></span> 
     </span>
    </p>
   </div>
   <div class='ocr_carea' id='block_1_12' title="bbox 260 1306 1847 1377">
    <p class='ocr_par' dir='ltr' id='par_1_12' title="bbox 260 1306 1847 1377">
     <span class='ocr_line' id='line_1_12' title="bbox 260 1306 1847 1377; baseline -0.003 -14"><span class='ocrx_word' id='word_1_82' title='bbox 260 1309 649 1363; x_wconf 86' lang='lat' dir='ltr'><strong>transmittitur</strong></span> <span class='ocrx_word' id='word_1_83' title='bbox 703 1307 1144 1363; x_wconf 80' lang='lat' dir='ltr'><strong>interﬁcientium</strong></span> <span class='ocrx_word' id='word_1_84' title='bbox 1200 1306 1460 1377; x_wconf 79' lang='lat' dir='ltr'><strong>sanguis,</strong></span> <span class='ocrx_word' id='word_1_85' title='bbox 1500 1306 1595 1360; x_wconf 91' lang='lat' dir='ltr'><strong>sed</strong></span> <span class='ocrx_word' id='word_1_86' title='bbox 1633 1320 1701 1359; x_wconf 77' lang='lat' dir='ltr'><strong>ex</strong></span> <span class='ocrx_word' id='word_1_87' title='bbox 1746 1306 1847 1359; x_wconf 92' lang='lat' dir='ltr'><strong>hoc</strong></span> 
     </span>
    </p>
   </div>
   <div class='ocr_carea' id='block_1_13' title="bbox 259 1388 1849 1467">
    <p class='ocr_par' dir='ltr' id='par_1_13' title="bbox 259 1388 1849 1467">
     <span class='ocr_line' id='line_1_13' title="bbox 259 1388 1849 1467; baseline -0.006 -15"><span class='ocrx_word' id='word_1_88' title='bbox 259 1400 499 1452; x_wconf 80' lang='lat' dir='ltr'><strong>maxime</strong></span> <span class='ocrx_word' id='word_1_89' title='bbox 537 1398 848 1467; x_wconf 76' lang='lat' dir='ltr'><strong>agnoscitur</strong></span> <span class='ocrx_word' id='word_1_90' title='bbox 880 1396 1004 1465; x_wconf 89' lang='lat' dir='ltr'><strong>quia</strong></span> <span class='ocrx_word' id='word_1_91' title='bbox 1053 1392 1413 1464; x_wconf 87' lang='lat' dir='ltr'><strong>incorporalis</strong></span> <span class='ocrx_word' id='word_1_92' title='bbox 1456 1400 1539 1447; x_wconf 89' lang='lat' dir='ltr'><strong>est</strong></span> <span class='ocrx_word' id='word_1_93' title='bbox 1579 1388 1755 1454; x_wconf 85' lang='lat' dir='ltr'><strong>Deus,</strong></span> <span class='ocrx_word' id='word_1_94' title='bbox 1793 1398 1849 1444; x_wconf 92' lang='lat' dir='ltr'><strong>et</strong></span> 
     </span>
    </p>
   </div>
   <div class='ocr_carea' id='block_1_14' title="bbox 259 1480 1845 1554">
    <p class='ocr_par' dir='ltr' id='par_1_14' title="bbox 259 1480 1845 1554">
     <span class='ocr_line' id='line_1_14' title="bbox 259 1480 1845 1554; baseline -0.004 -15"><span class='ocrx_word' id='word_1_95' title='bbox 259 1488 603 1544; x_wconf 81' lang='lat' dir='ltr'><strong>vestimentis</strong></span> <span class='ocrx_word' id='word_1_96' title='bbox 646 1502 753 1542; x_wconf 91' lang='lat' dir='ltr'><strong>non</strong></span> <span class='ocrx_word' id='word_1_97' title='bbox 802 1486 1027 1554; x_wconf 85' lang='lat' dir='ltr'><strong>indiget.</strong></span> <span class='ocrx_word' id='word_1_98' title='bbox 1073 1484 1211 1550; x_wconf 81' lang='lat' dir='ltr'><strong>Quia</strong></span> <span class='ocrx_word' id='word_1_99' title='bbox 1250 1497 1370 1554; x_wconf 68' lang='lat' dir='ltr'><strong>quae</strong></span> <span class='ocrx_word' id='word_1_100' title='bbox 1418 1490 1641 1551; x_wconf 76' lang='lat' dir='ltr'><strong>apparet</strong></span> <span class='ocrx_word' id='word_1_101' title='bbox 1685 1480 1845 1534; x_wconf 90' lang='lat' dir='ltr'><strong>indu-</strong></span> 
     </span>
    </p>
   </div>
   <div class='ocr_carea' id='block_1_15' title="bbox 257 1572 1848 1651">
    <p class='ocr_par' dir='ltr' id='par_1_15' title="bbox 257 1572 1848 1651">
     <span class='ocr_line' id='line_1_15' title="bbox 257 1572 1848 1651; baseline -0.005 -16"><span class='ocrx_word' id='word_1_102' title='bbox 257 1590 372 1645; x_wconf 90' lang='lat' dir='ltr'><strong>tus,</strong></span> <span class='ocrx_word' id='word_1_103' title='bbox 398 1578 720 1651; x_wconf 78' lang='lat' dir='ltr'><strong>signiﬁcatio</strong></span> <span class='ocrx_word' id='word_1_104' title='bbox 753 1586 838 1632; x_wconf 89' lang='lat' dir='ltr'><strong>est</strong></span> <span class='ocrx_word' id='word_1_105' title='bbox 869 1577 1037 1644; x_wconf 80' lang='lat' dir='ltr'><strong>magis</strong></span> <span class='ocrx_word' id='word_1_106' title='bbox 1069 1574 1367 1630; x_wconf 78' lang='lat' dir='ltr'><strong>ellicientiae</strong></span> <span class='ocrx_word' id='word_1_107' title='bbox 1397 1589 1557 1642; x_wconf 89' lang='lat' dir='ltr'><strong>quam</strong></span> <span class='ocrx_word' id='word_1_108' title='bbox 1588 1572 1848 1627; x_wconf 85' lang='lat' dir='ltr'><strong>exhibitio</strong></span> 
     </span>
    </p>
   </div>
   <div class='ocr_carea' id='block_1_16' title="bbox 258 1662 1847 1739">
    <p class='ocr_par' dir='ltr' id='par_1_16' title="bbox 258 1662 1847 1739">
     <span class='ocr_line' id='line_1_16' title="bbox 258 1662 1847 1739; baseline -0.008 -13"><span class='ocrx_word' id='word_1_109' title='bbox 258 1680 491 1728; x_wconf 67' lang='lat' dir='ltr'><strong>naturae.</strong></span> <span class='ocrx_word' id='word_1_110' title='bbox 529 1671 665 1725; x_wconf 91' lang='lat' dir='ltr'><strong>Cum</strong></span> <span class='ocrx_word' id='word_1_111' title='bbox 712 1670 921 1739; x_wconf 86' lang='lat' dir='ltr'><strong>judicat</strong></span> <span class='ocrx_word' id='word_1_112' title='bbox 954 1668 1116 1721; x_wconf 88' lang='lat' dir='ltr'><strong>habet</strong></span> <span class='ocrx_word' id='word_1_113' title='bbox 1160 1674 1376 1729; x_wconf 87' lang='lat' dir='ltr'><strong>sedem,</strong></span> <span class='ocrx_word' id='word_1_114' title='bbox 1415 1674 1471 1718; x_wconf 90' lang='lat' dir='ltr'><strong>et</strong></span> <span class='ocrx_word' id='word_1_115' title='bbox 1513 1663 1602 1733; x_wconf 86' lang='lat' dir='ltr'><strong>qui</strong></span> <span class='ocrx_word' id='word_1_116' title='bbox 1641 1662 1847 1733; x_wconf 89' lang='lat' dir='ltr'><strong>judicat</strong></span> 
     </span>
    </p>
   </div>
   <div class='ocr_carea' id='block_1_17' title="bbox 257 1753 1843 1829">
    <p class='ocr_par' dir='ltr' id='par_1_17' title="bbox 257 1753 1843 1829">
     <span class='ocr_line' id='line_1_17' title="bbox 257 1753 1843 1829; baseline -0.006 -11"><span class='ocrx_word' id='word_1_117' title='bbox 257 1764 556 1829; x_wconf 88' lang='lat' dir='ltr'><strong>mundum,</strong></span> <span class='ocrx_word' id='word_1_118' title='bbox 605 1761 757 1815; x_wconf 89' lang='lat' dir='ltr'><strong>albas</strong></span> <span class='ocrx_word' id='word_1_119' title='bbox 799 1760 915 1827; x_wconf 88' lang='lat' dir='ltr'><strong>ejus</strong></span> <span class='ocrx_word' id='word_1_120' title='bbox 964 1772 1084 1813; x_wconf 91' lang='lat' dir='ltr'><strong>esse</strong></span> <span class='ocrx_word' id='word_1_121' title='bbox 1136 1768 1313 1813; x_wconf 86' lang='lat' dir='ltr'><strong>vestes</strong></span> <span class='ocrx_word' id='word_1_122' title='bbox 1365 1756 1641 1824; x_wconf 83' lang='lat' dir='ltr'><strong>Scriptura</strong></span> <span class='ocrx_word' id='word_1_123' title='bbox 1693 1753 1843 1808; x_wconf 85' lang='lat' dir='ltr'><strong>dicit.</strong></span> 
     </span>
    </p>
   </div>
   <div class='ocr_carea' id='block_1_18' title="bbox 255 1850 1835 1919">
    <p class='ocr_par' dir='ltr' id='par_1_18' title="bbox 255 1850 1835 1919">
     <span class='ocr_line' id='line_1_18' title="bbox 255 1850 1835 1919; baseline -0.008 -6"><span class='ocrx_word' id='word_1_124' title='bbox 255 1854 392 1913; x_wconf 86' lang='lat' dir='ltr'><strong>Cum</strong></span> <span class='ocrx_word' id='word_1_125' title='bbox 447 1862 628 1909; x_wconf 89' lang='lat' dir='ltr'><strong>autem</strong></span> <span class='ocrx_word' id='word_1_126' title='bbox 683 1855 880 1907; x_wconf 86' lang='lat' dir='ltr'><strong>iterum</strong></span> <span class='ocrx_word' id='word_1_127' title='bbox 930 1850 1170 1905; x_wconf 73' lang='lat' dir='ltr'><strong>vindicta</strong></span> <span class='ocrx_word' id='word_1_128' title='bbox 1219 1850 1542 1919; x_wconf 90' lang='lat' dir='ltr'><strong>completur,</strong></span> <span class='ocrx_word' id='word_1_129' title='bbox 1581 1860 1835 1917; x_wconf 90' lang='lat' dir='ltr'><strong>tanquam</strong></span> 
     </span>
    </p>
   </div>
   <div class='ocr_carea' id='block_1_19' title="bbox 1951 669 3521 740">
    <p class='ocr_par' dir='ltr' id='par_1_19' title="bbox 1951 669 3521 740">
     <span class='ocr_line' id='line_1_19' title="bbox 1951 669 3521 740; baseline 0.001 -18"><span class='ocrx_word' id='word_1_130' title='bbox 1951 670 2308 740; x_wconf 87' lang='lat' dir='ltr'><strong>thymiamate</strong></span> <span class='ocrx_word' id='word_1_131' title='bbox 2338 670 2585 724; x_wconf 84' lang='lat' dir='ltr'><strong>volantes</strong></span> <span class='ocrx_word' id='word_1_132' title='bbox 2611 670 2894 725; x_wconf 87' lang='lat' dir='ltr'><strong>detinent:</strong></span> <span class='ocrx_word' id='word_1_133' title='bbox 2922 670 2995 724; x_wconf 86' lang='lat' dir='ltr'><strong>ita</strong></span> <span class='ocrx_word' id='word_1_134' title='bbox 3026 679 3079 723; x_wconf 91' lang='lat' dir='ltr'><strong>et</strong></span> <span class='ocrx_word' id='word_1_135' title='bbox 3115 669 3373 723; x_wconf 84' lang='lat' dir='ltr'><strong>immundi</strong></span> <span class='ocrx_word' id='word_1_136' title='bbox 3416 671 3521 738; x_wconf 82' lang='lat' dir='ltr'><strong>spi-</strong></span> 
     </span>
    </p>
   </div>
   <div class='ocr_carea' id='block_1_20' title="bbox 1947 762 3517 834">
    <p class='ocr_par' dir='ltr' id='par_1_20' title="bbox 1947 762 3517 834">
     <span class='ocr_line' id='line_1_20' title="bbox 1947 762 3517 834; baseline 0.003 -19"><span class='ocrx_word' id='word_1_137' title='bbox 1947 762 2087 817; x_wconf 90' lang='lat' dir='ltr'><strong>ritus</strong></span> <span class='ocrx_word' id='word_1_138' title='bbox 2122 764 2267 817; x_wconf 84' lang='lat' dir='ltr'><strong>circa</strong></span> <span class='ocrx_word' id='word_1_139' title='bbox 2300 763 2574 817; x_wconf 88' lang='lat' dir='ltr'><strong>immunda</strong></span> <span class='ocrx_word' id='word_1_140' title='bbox 2616 772 2903 833; x_wconf 82' lang='lat' dir='ltr'><strong>vagantur,</strong></span> <span class='ocrx_word' id='word_1_141' title='bbox 2942 773 2997 818; x_wconf 89' lang='lat' dir='ltr'><strong>et</strong></span> <span class='ocrx_word' id='word_1_142' title='bbox 3025 772 3271 834; x_wconf 67' lang='lat' dir='ltr'><strong>quierunt</strong></span> <span class='ocrx_word' id='word_1_143' title='bbox 3294 779 3400 818; x_wconf 89' lang='lat' dir='ltr'><strong>non</strong></span> <span class='ocrx_word' id='word_1_144' title='bbox 3428 764 3517 819; x_wconf 83' lang='lat' dir='ltr'><strong>tibi</strong></span> 
     </span>
    </p>
   </div>
   <div class='ocr_carea' id='block_1_21' title="bbox 1948 852 3521 924">
    <p class='ocr_par' dir='ltr' id='par_1_21' title="bbox 1948 852 3521 924">
     <span class='ocr_line' id='line_1_21' title="bbox 1948 852 3521 924; baseline 0.004 -20"><span class='ocrx_word' id='word_1_145' title='bbox 1948 869 2117 924; x_wconf 89' lang='lat' dir='ltr'><strong>purus</strong></span> <span class='ocrx_word' id='word_1_146' title='bbox 2152 863 2235 908; x_wconf 88' lang='lat' dir='ltr'><strong>est</strong></span> <span class='ocrx_word' id='word_1_147' title='bbox 2282 852 2401 920; x_wconf 85' lang='lat' dir='ltr'><strong>llos,</strong></span> <span class='ocrx_word' id='word_1_148' title='bbox 2457 855 2550 908; x_wconf 88' lang='lat' dir='ltr'><strong>sed</strong></span> <span class='ocrx_word' id='word_1_149' title='bbox 2598 854 2687 908; x_wconf 92' lang='lat' dir='ltr'><strong>ubi</strong></span> <span class='ocrx_word' id='word_1_150' title='bbox 2740 856 3156 917; x_wconf 85' lang='lat' dir='ltr'><strong>contaminatio.</strong></span> <span class='ocrx_word' id='word_1_151' title='bbox 3188 854 3277 909; x_wconf 92' lang='lat' dir='ltr'><strong>ubi</strong></span> <span class='ocrx_word' id='word_1_152' title='bbox 3323 855 3521 910; x_wconf 67' lang='lat' dir='ltr'><strong>fabula</strong></span> 
     </span>
    </p>
   </div>
   <div class='ocr_carea' id='block_1_22' title="bbox 1947 945 3519 1017">
    <p class='ocr_par' dir='ltr' id='par_1_22' title="bbox 1947 945 3519 1017">
     <span class='ocr_line' id='line_1_22' title="bbox 1947 945 3519 1017; baseline 0 -18"><span class='ocrx_word' id='word_1_153' title='bbox 1947 946 2264 1009; x_wconf 85' lang='lat' dir='ltr'><strong>mendaces,</strong></span> <span class='ocrx_word' id='word_1_154' title='bbox 2317 946 2411 1000; x_wconf 93' lang='lat' dir='ltr'><strong>ubi</strong></span> <span class='ocrx_word' id='word_1_155' title='bbox 2445 946 2620 1016; x_wconf 84' lang='lat' dir='ltr'><strong>imago</strong></span> <span class='ocrx_word' id='word_1_156' title='bbox 2673 945 2802 1000; x_wconf 78' lang='lat' dir='ltr'><strong>false</strong></span> <span class='ocrx_word' id='word_1_157' title='bbox 2835 948 3081 1017; x_wconf 89' lang='lat' dir='ltr'><strong>ligurata,</strong></span> <span class='ocrx_word' id='word_1_158' title='bbox 3113 947 3201 1001; x_wconf 90' lang='lat' dir='ltr'><strong>ubi</strong></span> <span class='ocrx_word' id='word_1_159' title='bbox 3252 948 3519 1001; x_wconf 89' lang='lat' dir='ltr'><strong>sacrilicia</strong></span> 
     </span>
    </p>
   </div>
   <div class='ocr_carea' id='block_1_23' title="bbox 1948 1036 3517 1107">
    <p class='ocr_par' dir='ltr' id='par_1_23' title="bbox 1948 1036 3517 1107">
     <span class='ocr_line' id='line_1_23' title="bbox 1948 1036 3517 1107; baseline 0.001 -17"><span class='ocrx_word' id='word_1_160' title='bbox 1948 1036 2238 1103; x_wconf 89' lang='lat' dir='ltr'><strong>malitiosa,</strong></span> <span class='ocrx_word' id='word_1_161' title='bbox 2283 1037 2373 1090; x_wconf 91' lang='lat' dir='ltr'><strong>ubi</strong></span> <span class='ocrx_word' id='word_1_162' title='bbox 2413 1037 2669 1091; x_wconf 88' lang='lat' dir='ltr'><strong>mulieres</strong></span> <span class='ocrx_word' id='word_1_163' title='bbox 2710 1038 3013 1107; x_wconf 70' lang='lat' dir='ltr'><strong>impudicae,</strong></span> <span class='ocrx_word' id='word_1_164' title='bbox 3057 1040 3146 1092; x_wconf 91' lang='lat' dir='ltr'><strong>ubi</strong></span> <span class='ocrx_word' id='word_1_165' title='bbox 3189 1040 3289 1093; x_wconf 90' lang='lat' dir='ltr'><strong>viri</strong></span> <span class='ocrx_word' id='word_1_166' title='bbox 3339 1039 3517 1105; x_wconf 91' lang='lat' dir='ltr'><strong>incisi,</strong></span> 
     </span>
    </p>
   </div>
   <div class='ocr_carea' id='block_1_24' title="bbox 1948 1126 3520 1196">
    <p class='ocr_par' dir='ltr' id='par_1_24' title="bbox 1948 1126 3520 1196">
     <span class='ocr_line' id='line_1_24' title="bbox 1948 1126 3520 1196; baseline 0.001 -16"><span class='ocrx_word' id='word_1_167' title='bbox 1948 1127 2037 1180; x_wconf 91' lang='lat' dir='ltr'><strong>ubi</strong></span> <span class='ocrx_word' id='word_1_168' title='bbox 2070 1127 2155 1181; x_wconf 90' lang='lat' dir='ltr'><strong>dei</strong></span> <span class='ocrx_word' id='word_1_169' title='bbox 2188 1126 2419 1180; x_wconf 86' lang='lat' dir='ltr'><strong>adulteri</strong></span> <span class='ocrx_word' id='word_1_170' title='bbox 2454 1127 2554 1196; x_wconf 86' lang='lat'><strong>(7),</strong></span> <span class='ocrx_word' id='word_1_171' title='bbox 2594 1128 2684 1181; x_wconf 90' lang='lat' dir='ltr'><strong>ubi</strong></span> <span class='ocrx_word' id='word_1_172' title='bbox 2718 1128 2829 1182; x_wconf 68' lang='lat' dir='ltr'><strong>dea!</strong></span> <span class='ocrx_word' id='word_1_173' title='bbox 2872 1126 3227 1191; x_wconf 87' lang='lat' dir='ltr'><strong>lornicantes.</strong></span> <span class='ocrx_word' id='word_1_174' title='bbox 3263 1130 3350 1183; x_wconf 92' lang='lat' dir='ltr'><strong>ubi</strong></span> <span class='ocrx_word' id='word_1_175' title='bbox 3394 1145 3520 1183; x_wconf 86' lang='lat' dir='ltr'><strong>san-</strong></span> 
     </span>
    </p>
   </div>
   <div class='ocr_carea' id='block_1_25' title="bbox 1946 1217 3517 1287">
    <p class='ocr_par' dir='ltr' id='par_1_25' title="bbox 1946 1217 3517 1287">
     <span class='ocr_line' id='line_1_25' title="bbox 1946 1217 3517 1287; baseline 0.003 -18"><span class='ocrx_word' id='word_1_176' title='bbox 1946 1217 2067 1287; x_wconf 87' lang='lat' dir='ltr'><strong>guis</strong></span> <span class='ocrx_word' id='word_1_177' title='bbox 2114 1227 2166 1270; x_wconf 87' lang='lat' dir='ltr'><strong>et</strong></span> <span class='ocrx_word' id='word_1_178' title='bbox 2183 1218 2424 1287; x_wconf 89' lang='lat' dir='ltr'><strong>pollutio,</strong></span> <span class='ocrx_word' id='word_1_179' title='bbox 2454 1218 2541 1271; x_wconf 90' lang='lat' dir='ltr'><strong>ubi</strong></span> <span class='ocrx_word' id='word_1_180' title='bbox 2576 1219 2741 1284; x_wconf 70' lang='lat' dir='ltr'><strong>tibias,</strong></span> <span class='ocrx_word' id='word_1_181' title='bbox 2774 1218 2864 1272; x_wconf 90' lang='lat' dir='ltr'><strong>ubi</strong></span> <span class='ocrx_word' id='word_1_182' title='bbox 2896 1219 3131 1282; x_wconf 84' lang='lat' dir='ltr'><strong>saltatio,</strong></span> <span class='ocrx_word' id='word_1_183' title='bbox 3160 1220 3250 1274; x_wconf 89' lang='lat' dir='ltr'><strong>ubi</strong></span> <span class='ocrx_word' id='word_1_184' title='bbox 3283 1220 3517 1282; x_wconf 89' lang='lat' dir='ltr'><strong>nuditas.</strong></span> 
     </span>
    </p>
   </div>
   <div class='ocr_carea' id='block_1_26' title="bbox 1946 1309 3519 1383">
    <p class='ocr_par' dir='ltr' id='par_1_26' title="bbox 1946 1309 3519 1383">
     <span class='ocr_line' id='line_1_26' title="bbox 1946 1309 3519 1383; baseline 0.003 -21"><span class='ocrx_word' id='word_1_185' title='bbox 1946 1309 2036 1364; x_wconf 90' lang='lat' dir='ltr'><strong>ubi</strong></span> <span class='ocrx_word' id='word_1_186' title='bbox 2068 1311 2246 1365; x_wconf 93' lang='lat' dir='ltr'><strong>omnis</strong></span> <span class='ocrx_word' id='word_1_187' title='bbox 2281 1310 2578 1379; x_wconf 86' lang='lat' dir='ltr'><strong>turpitudo.</strong></span> <span class='ocrx_word' id='word_1_188' title='bbox 2610 1309 2669 1364; x_wconf 91' lang='lat' dir='ltr'><strong>In</strong></span> <span class='ocrx_word' id='word_1_189' title='bbox 2718 1311 3019 1365; x_wconf 88' lang='lat' dir='ltr'><strong>istiusmodi</strong></span> <span class='ocrx_word' id='word_1_190' title='bbox 3065 1312 3326 1367; x_wconf 87' lang='lat' dir='ltr'><strong>immundi</strong></span> <span class='ocrx_word' id='word_1_191' title='bbox 3360 1315 3519 1383; x_wconf 90' lang='lat' dir='ltr'><strong>spiri-</strong></span> 
     </span>
    </p>
   </div>
   <div class='ocr_carea' id='block_1_27' title="bbox 1949 1401 3517 1474">
    <p class='ocr_par' dir='ltr' id='par_1_27' title="bbox 1949 1401 3517 1474">
     <span class='ocr_line' id='line_1_27' title="bbox 1949 1401 3517 1474; baseline 0.002 -21"><span class='ocrx_word' id='word_1_192' title='bbox 1949 1410 2034 1453; x_wconf 91' lang='lat' dir='ltr'><strong>tus</strong></span> <span class='ocrx_word' id='word_1_193' title='bbox 2063 1402 2427 1470; x_wconf 87' lang='lat' dir='ltr'><strong>requiescunt.</strong></span> <span class='ocrx_word' id='word_1_194' title='bbox 2458 1401 2512 1457; x_wconf 91' lang='lat' dir='ltr'><strong>Si</strong></span> <span class='ocrx_word' id='word_1_195' title='bbox 2547 1413 2733 1457; x_wconf 89' lang='lat' dir='ltr'><strong>autem</strong></span> <span class='ocrx_word' id='word_1_196' title='bbox 2770 1404 2971 1458; x_wconf 86' lang='lat' dir='ltr'><strong>viderit</strong></span> <span class='ocrx_word' id='word_1_197' title='bbox 2997 1403 3232 1474; x_wconf 88' lang='lat' dir='ltr'><strong>aliquem</strong></span> <span class='ocrx_word' id='word_1_198' title='bbox 3263 1406 3314 1459; x_wconf 93' lang='lat' dir='ltr'><strong>in</strong></span> <span class='ocrx_word' id='word_1_199' title='bbox 3332 1406 3517 1459; x_wconf 90' lang='lat' dir='ltr'><strong>habitu</strong></span> 
     </span>
    </p>
   </div>
   <div class='ocr_carea' id='block_1_28' title="bbox 1947 1494 3521 1563">
    <p class='ocr_par' dir='ltr' id='par_1_28' title="bbox 1947 1494 3521 1563">
     <span class='ocr_line' id='line_1_28' title="bbox 1947 1494 3521 1563; baseline 0.001 -17"><span class='ocrx_word' id='word_1_200' title='bbox 1947 1494 2141 1562; x_wconf 87' lang='lat' dir='ltr'><strong>pudico</strong></span> <span class='ocrx_word' id='word_1_201' title='bbox 2184 1504 2241 1549; x_wconf 93' lang='lat' dir='ltr'><strong>et</strong></span> <span class='ocrx_word' id='word_1_202' title='bbox 2280 1496 2534 1563; x_wconf 90' lang='lat' dir='ltr'><strong>honesto,</strong></span> <span class='ocrx_word' id='word_1_203' title='bbox 2562 1497 2810 1550; x_wconf 92' lang='lat' dir='ltr'><strong>indutum</strong></span> <span class='ocrx_word' id='word_1_204' title='bbox 2849 1512 2969 1550; x_wconf 88' lang='lat' dir='ltr'><strong>esse</strong></span> <span class='ocrx_word' id='word_1_205' title='bbox 3003 1498 3285 1551; x_wconf 90' lang='lat' dir='ltr'><strong>Dominum</strong></span> <span class='ocrx_word' id='word_1_206' title='bbox 3312 1495 3521 1559; x_wconf 83' lang='lat' dir='ltr'><strong>Jesum,</strong></span> 
     </span>
    </p>
   </div>
   <div class='ocr_carea' id='block_1_29' title="bbox 1947 1583 3523 1655">
    <p class='ocr_par' dir='ltr' id='par_1_29' title="bbox 1947 1583 3523 1655">
     <span class='ocr_line' id='line_1_29' title="bbox 1947 1583 3523 1655; baseline 0.003 -19"><span class='ocrx_word' id='word_1_207' title='bbox 1947 1584 2131 1637; x_wconf 83' lang='lat' dir='ltr'><strong>statim</strong></span> <span class='ocrx_word' id='word_1_208' title='bbox 2177 1583 2341 1649; x_wconf 89' lang='lat' dir='ltr'><strong>dicit;</strong></span> <span class='ocrx_word' id='word_1_209' title='bbox 2390 1599 2512 1653; x_wconf 72' lang='lat' dir='ltr'><strong>quae</strong></span> <span class='ocrx_word' id='word_1_210' title='bbox 2563 1584 2697 1639; x_wconf 88' lang='lat' dir='ltr'><strong>dicit</strong></span> <span class='ocrx_word' id='word_1_211' title='bbox 2768 1586 3068 1654; x_wconf 88' lang='lat' dir='ltr'><strong>permitte:</strong></span> <span class='ocrx_word' id='word_1_212' title='bbox 3101 1587 3229 1655; x_wconf 90' lang='lat' dir='ltr'><strong>quid</strong></span> <span class='ocrx_word' id='word_1_213' title='bbox 3272 1587 3425 1641; x_wconf 90' lang='lat' dir='ltr'><strong>nobis</strong></span> <span class='ocrx_word' id='word_1_214' title='bbox 3466 1594 3523 1641; x_wconf 88' lang='lat' dir='ltr'><strong>et</strong></span> 
     </span>
    </p>
   </div>
   <div class='ocr_carea' id='block_1_30' title="bbox 1950 1674 3526 1747">
    <p class='ocr_par' dir='ltr' id='par_1_30' title="bbox 1950 1674 3526 1747">
     <span class='ocr_line' id='line_1_30' title="bbox 1950 1674 3526 1747; baseline 0.003 -18"><span class='ocrx_word' id='word_1_215' title='bbox 1950 1675 2084 1730; x_wconf 83' lang='lat' dir='ltr'><strong>tibi?</strong></span> <span class='ocrx_word' id='word_1_216' title='bbox 2126 1674 2242 1731; x_wconf 84' lang='lat' dir='ltr'><strong>Non</strong></span> <span class='ocrx_word' id='word_1_217' title='bbox 2283 1686 2365 1731; x_wconf 85' lang='lat' dir='ltr'><strong>est</strong></span> <span class='ocrx_word' id='word_1_218' title='bbox 2402 1687 2586 1747; x_wconf 81' lang='lat' dir='ltr'><strong>aptum</strong></span> <span class='ocrx_word' id='word_1_219' title='bbox 2632 1676 2811 1731; x_wconf 88' lang='lat' dir='ltr'><strong>lumen</strong></span> <span class='ocrx_word' id='word_1_220' title='bbox 2855 1678 2939 1731; x_wconf 85' lang='lat' dir='ltr'><strong>his</strong></span> <span class='ocrx_word' id='word_1_221' title='bbox 2968 1678 3063 1747; x_wconf 88' lang='lat' dir='ltr'><strong>qui</strong></span> <span class='ocrx_word' id='word_1_222' title='bbox 3099 1678 3208 1733; x_wconf 64' lang='lat' dir='ltr'><strong>laesi</strong></span> <span class='ocrx_word' id='word_1_223' title='bbox 3246 1689 3371 1733; x_wconf 84' lang='lat' dir='ltr'><strong>sunt</strong></span> <span class='ocrx_word' id='word_1_224' title='bbox 3396 1696 3526 1734; x_wconf 85' lang='lat' dir='ltr'><strong>ocu-</strong></span> 
     </span>
    </p>
   </div>
   <div class='ocr_carea' id='block_1_31' title="bbox 1947 1768 3523 1833">
    <p class='ocr_par' dir='ltr' id='par_1_31' title="bbox 1947 1768 3523 1833">
     <span class='ocr_line' id='line_1_31' title="bbox 1947 1768 3523 1833; baseline 0.004 -12"><span class='ocrx_word' id='word_1_225' title='bbox 1947 1768 2047 1833; x_wconf 88' lang='lat' dir='ltr'><strong>lis;</strong></span> <span class='ocrx_word' id='word_1_226' title='bbox 2096 1770 2162 1823; x_wconf 89' lang='lat' dir='ltr'><strong>ad</strong></span> <span class='ocrx_word' id='word_1_227' title='bbox 2199 1769 2451 1823; x_wconf 83' lang='lat' dir='ltr'><strong>tenebras</strong></span> <span class='ocrx_word' id='word_1_228' title='bbox 2480 1770 2625 1823; x_wconf 91' lang='lat' dir='ltr'><strong>enim</strong></span> <span class='ocrx_word' id='word_1_229' title='bbox 2648 1778 3061 1833; x_wconf 87' lang='lat' dir='ltr'><strong>convertentur,</strong></span> <span class='ocrx_word' id='word_1_230' title='bbox 3092 1771 3343 1825; x_wconf 88' lang='lat' dir='ltr'><strong>tenebras</strong></span> <span class='ocrx_word' id='word_1_231' title='bbox 3381 1772 3523 1827; x_wconf 85' lang='lat' dir='ltr'><strong>inse-</strong></span> 
     </span>
    </p>
   </div>
   <div class='ocr_carea' id='block_1_32' title="bbox 1948 1859 3522 1931">
    <p class='ocr_par' dir='ltr' id='par_1_32' title="bbox 1948 1859 3522 1931">
     <span class='ocr_line' id='line_1_32' title="bbox 1948 1859 3522 1931; baseline 0.004 -20"><span class='ocrx_word' id='word_1_232' title='bbox 1948 1870 2203 1928; x_wconf 88' lang='lat' dir='ltr'><strong>quentur,</strong></span> <span class='ocrx_word' id='word_1_233' title='bbox 2232 1860 2284 1913; x_wconf 91' lang='lat' dir='ltr'><strong>in</strong></span> <span class='ocrx_word' id='word_1_234' title='bbox 2328 1860 2571 1914; x_wconf 88' lang='lat' dir='ltr'><strong>tenebris</strong></span> <span class='ocrx_word' id='word_1_235' title='bbox 2617 1861 2988 1929; x_wconf 86' lang='lat' dir='ltr'><strong>requiescunt.</strong></span> <span class='ocrx_word' id='word_1_236' title='bbox 3023 1859 3155 1915; x_wconf 88' lang='lat' dir='ltr'><strong>Cum</strong></span> <span class='ocrx_word' id='word_1_237' title='bbox 3190 1871 3366 1916; x_wconf 87' lang='lat' dir='ltr'><strong>autem</strong></span> <span class='ocrx_word' id='word_1_238' title='bbox 3411 1864 3522 1931; x_wconf 86' lang='lat' dir='ltr'><strong>spi-</strong></span> 
     </span>
    </p>
   </div>
   <div class='ocr_carea' id='block_1_33' title="bbox 259 1923 3521 2019">
    <p class='ocr_par' dir='ltr' id='par_1_33' title="bbox 259 1923 3521 2019">
     <span class='ocr_line' id='line_1_33' title="bbox 259 1923 3521 2019; baseline 0.002 -17"><span class='ocrx_word' id='word_1_239' title='bbox 259 1947 571 2018; x_wconf 82' lang='lat' dir='ltr'><strong>regrediens</strong></span> <span class='ocrx_word' id='word_1_240' title='bbox 601 1945 765 1999; x_wconf 83' lang='lat' dir='ltr'><strong>rubra</strong></span> <span class='ocrx_word' id='word_1_241' title='bbox 808 1947 928 2017; x_wconf 86' lang='lat' dir='ltr'><strong>ejus</strong></span> <span class='ocrx_word' id='word_1_242' title='bbox 955 1945 1088 2001; x_wconf 72' lang='lat' dir='ltr'><strong>dicit</strong></span> <span class='ocrx_word' id='word_1_243' title='bbox 1131 1959 1251 2012; x_wconf 78' lang='lat' dir='ltr'><strong>quae</strong></span> <span class='ocrx_word' id='word_1_244' title='bbox 1299 1957 1403 1997; x_wconf 79' lang='lat' dir='ltr'><strong>IIOII</strong></span> <span class='ocrx_word' id='word_1_245' title='bbox 1454 1950 1612 1997; x_wconf 63' lang='lat' dir='ltr'><strong>erant</strong></span> <span class='ocrx_word' id='word_1_246' title='bbox 1643 1942 1835 2005; x_wconf 67' lang='lat' dir='ltr'><strong>rubra.</strong></span> <span class='ocrx_word' id='word_1_247' title='bbox 1868 1923 1911 1977; x_wconf 76' lang='grc' dir='ltr'><strong>Β</strong></span> <span class='ocrx_word' id='word_1_248' title='bbox 1942 1951 2082 2005; x_wconf 83' lang='lat' dir='ltr'><strong>ritus</strong></span> <span class='ocrx_word' id='word_1_249' title='bbox 2107 1951 2419 2005; x_wconf 90' lang='lat' dir='ltr'><strong>immundus</strong></span> <span class='ocrx_word' id='word_1_250' title='bbox 2445 1923 2726 2019; x_wconf 69' lang='lat' dir='ltr'><strong>quaesierit</strong></span> <span class='ocrx_word' id='word_1_251' title='bbox 2763 1952 2816 2004; x_wconf 90' lang='lat' dir='ltr'><strong>in</strong></span> <span class='ocrx_word' id='word_1_252' title='bbox 2852 1952 3081 2006; x_wconf 83' lang='lat' dir='ltr'><strong>desertis</strong></span> <span class='ocrx_word' id='word_1_253' title='bbox 3112 1962 3167 2006; x_wconf 89' lang='lat' dir='ltr'><strong>et</strong></span> <span class='ocrx_word' id='word_1_254' title='bbox 3199 1954 3363 2007; x_wconf 89' lang='lat' dir='ltr'><strong>aridis</strong></span> <span class='ocrx_word' id='word_1_255' title='bbox 3389 1923 3521 2010; x_wconf 70' lang='lat' dir='ltr'><strong>locis</strong></span> 
     </span>
    </p>
   </div>
   <div class='ocr_carea' id='block_1_34' title="bbox 254 2036 1843 2108">
    <p class='ocr_par' dir='ltr' id='par_1_34' title="bbox 254 2036 1843 2108">
     <span class='ocr_line' id='line_1_34' title="bbox 254 2036 1843 2108; baseline -0.005 -13"><span class='ocrx_word' id='word_1_256' title='bbox 254 2051 314 2095; x_wconf 91' lang='lat' dir='ltr'><strong>et</strong></span> <span class='ocrx_word' id='word_1_257' title='bbox 340 2041 666 2096; x_wconf 87' lang='lat' dir='ltr'><strong>vestimenta</strong></span> <span class='ocrx_word' id='word_1_258' title='bbox 708 2054 828 2108; x_wconf 67' lang='lat' dir='ltr'><strong>qua:</strong></span> <span class='ocrx_word' id='word_1_259' title='bbox 874 2054 980 2094; x_wconf 92' lang='lat' dir='ltr'><strong>non</strong></span> <span class='ocrx_word' id='word_1_260' title='bbox 1014 2045 1170 2092; x_wconf 91' lang='lat' dir='ltr'><strong>erant</strong></span> <span class='ocrx_word' id='word_1_261' title='bbox 1203 2036 1521 2089; x_wconf 86' lang='lat' dir='ltr'><strong>vestimenta</strong></span> <span class='ocrx_word' id='word_1_262' title='bbox 1563 2052 1576 2087; x_wconf 89' lang='lat'><strong>:</strong></span> <span class='ocrx_word' id='word_1_263' title='bbox 1614 2042 1673 2086; x_wconf 93' lang='lat' dir='ltr'><strong>ut</strong></span> <span class='ocrx_word' id='word_1_264' title='bbox 1717 2042 1843 2087; x_wconf 86' lang='lat' dir='ltr'><strong>ante</strong></span> 
     </span>
    </p>
   </div>
   <div class='ocr_carea' id='block_1_35' title="bbox 254 2126 1841 2203">
    <p class='ocr_par' dir='ltr' id='par_1_35' title="bbox 254 2126 1841 2203">
     <span class='ocr_line' id='line_1_35' title="bbox 254 2126 1841 2203; baseline -0.005 -15"><span class='ocrx_word' id='word_1_265' title='bbox 254 2133 467 2188; x_wconf 81' lang='lat' dir='ltr'><strong>audiret</strong></span> <span class='ocrx_word' id='word_1_266' title='bbox 514 2132 739 2203; x_wconf 89' lang='lat' dir='ltr'><strong>populus</strong></span> <span class='ocrx_word' id='word_1_267' title='bbox 782 2132 907 2202; x_wconf 88' lang='lat' dir='ltr'><strong>quia</strong></span> <span class='ocrx_word' id='word_1_268' title='bbox 950 2130 1239 2184; x_wconf 86' lang='lat' dir='ltr'><strong>vindictam</strong></span> <span class='ocrx_word' id='word_1_269' title='bbox 1299 2127 1449 2181; x_wconf 79' lang='lat' dir='ltr'><strong>facit.</strong></span> <span class='ocrx_word' id='word_1_270' title='bbox 1503 2126 1615 2194; x_wconf 86' lang='lat' dir='ltr'><strong>Ego</strong></span> <span class='ocrx_word' id='word_1_271' title='bbox 1661 2133 1841 2180; x_wconf 89' lang='lat' dir='ltr'><strong>autem</strong></span> 
     </span>
    </p>
   </div>
   <div class='ocr_carea' id='block_1_36' title="bbox 256 2214 1841 2291">
    <p class='ocr_par' dir='ltr' id='par_1_36' title="bbox 256 2214 1841 2291">
     <span class='ocr_line' id='line_1_36' title="bbox 256 2214 1841 2291; baseline -0.007 -13"><span class='ocrx_word' id='word_1_272' title='bbox 256 2224 544 2278; x_wconf 88' lang='lat' dir='ltr'><strong>audiebam</strong></span> <span class='ocrx_word' id='word_1_273' title='bbox 594 2224 915 2291; x_wconf 84' lang='lat' dir='ltr'><strong>prophetam</strong></span> <span class='ocrx_word' id='word_1_274' title='bbox 978 2222 1243 2275; x_wconf 88' lang='lat' dir='ltr'><strong>dicentem</strong></span> <span class='ocrx_word' id='word_1_275' title='bbox 1294 2233 1397 2272; x_wconf 90' lang='lat' dir='ltr'><strong>non</strong></span> <span class='ocrx_word' id='word_1_276' title='bbox 1446 2217 1511 2271; x_wconf 90' lang='lat' dir='ltr'><strong>de</strong></span> <span class='ocrx_word' id='word_1_277' title='bbox 1550 2215 1659 2270; x_wconf 91' lang='lat' dir='ltr'><strong>Deo</strong></span> <span class='ocrx_word' id='word_1_278' title='bbox 1704 2214 1841 2279; x_wconf 89' lang='lat' dir='ltr'><strong>solo,</strong></span> 
     </span>
    </p>
   </div>
   <div class='ocr_carea' id='block_1_37' title="bbox 258 2309 1845 2381">
    <p class='ocr_par' dir='ltr' id='par_1_37' title="bbox 258 2309 1845 2381">
     <span class='ocr_line' id='line_1_37' title="bbox 258 2309 1845 2381; baseline -0.008 -9"><span class='ocrx_word' id='word_1_279' title='bbox 258 2317 355 2372; x_wconf 84' lang='lat' dir='ltr'><strong>sed</strong></span> <span class='ocrx_word' id='word_1_280' title='bbox 399 2324 454 2371; x_wconf 93' lang='lat' dir='ltr'><strong>et</strong></span> <span class='ocrx_word' id='word_1_281' title='bbox 497 2316 563 2369; x_wconf 91' lang='lat' dir='ltr'><strong>de</strong></span> <span class='ocrx_word' id='word_1_282' title='bbox 599 2316 900 2378; x_wconf 85' lang='lat' dir='ltr'><strong>sacerdote,</strong></span> <span class='ocrx_word' id='word_1_283' title='bbox 947 2313 1130 2367; x_wconf 90' lang='lat' dir='ltr'><strong>nescio</strong></span> <span class='ocrx_word' id='word_1_284' title='bbox 1176 2324 1301 2381; x_wconf 92' lang='lat' dir='ltr'><strong>quo,</strong></span> <span class='ocrx_word' id='word_1_285' title='bbox 1334 2310 1425 2379; x_wconf 87' lang='lat' dir='ltr'><strong>qui</strong></span> <span class='ocrx_word' id='word_1_286' title='bbox 1460 2309 1679 2363; x_wconf 89' lang='lat' dir='ltr'><strong>indutus</strong></span> <span class='ocrx_word' id='word_1_287' title='bbox 1727 2315 1845 2361; x_wconf 88' lang='lat' dir='ltr'><strong>erat</strong></span> 
     </span>
    </p>
   </div>
   <div class='ocr_carea' id='block_1_38' title="bbox 256 2398 1845 2469">
    <p class='ocr_par' dir='ltr' id='par_1_38' title="bbox 256 2398 1845 2469">
     <span class='ocr_line' id='line_1_38' title="bbox 256 2398 1845 2469; baseline -0.008 -6"><span class='ocrx_word' id='word_1_288' title='bbox 256 2410 576 2466; x_wconf 87' lang='lat' dir='ltr'><strong>vestimenta</strong></span> <span class='ocrx_word' id='word_1_289' title='bbox 610 2410 749 2464; x_wconf 86' lang='lat' dir='ltr'><strong>sicut</strong></span> <span class='ocrx_word' id='word_1_290' title='bbox 779 2407 1051 2461; x_wconf 90' lang='lat' dir='ltr'><strong>induimur</strong></span> <span class='ocrx_word' id='word_1_291' title='bbox 1091 2414 1147 2459; x_wconf 91' lang='lat' dir='ltr'><strong>et</strong></span> <span class='ocrx_word' id='word_1_292' title='bbox 1184 2419 1300 2458; x_wconf 91' lang='lat' dir='ltr'><strong>nos.</strong></span> <span class='ocrx_word' id='word_1_293' title='bbox 1333 2403 1462 2469; x_wconf 67' lang='lat' dir='ltr'><strong>Quae</strong></span> <span class='ocrx_word' id='word_1_294' title='bbox 1503 2411 1681 2453; x_wconf 89' lang='lat' dir='ltr'><strong>autem</strong></span> <span class='ocrx_word' id='word_1_295' title='bbox 1711 2398 1845 2452; x_wconf 91' lang='lat' dir='ltr'><strong>vidit</strong></span> 
     </span>
    </p>
   </div>
   <div class='ocr_carea' id='block_1_39' title="bbox 256 2489 1842 2572">
    <p class='ocr_par' dir='ltr' id='par_1_39' title="bbox 256 2489 1842 2572">
     <span class='ocr_line' id='line_1_39' title="bbox 256 2489 1842 2572; baseline -0.009 -19"><span class='ocrx_word' id='word_1_296' title='bbox 256 2500 525 2572; x_wconf 87' lang='lat' dir='ltr'><strong>propheta</strong></span> <span class='ocrx_word' id='word_1_297' title='bbox 562 2499 908 2561; x_wconf 90' lang='lat' dir='ltr'><strong>vestimenta,</strong></span> <span class='ocrx_word' id='word_1_298' title='bbox 943 2503 997 2550; x_wconf 93' lang='lat' dir='ltr'><strong>et</strong></span> <span class='ocrx_word' id='word_1_299' title='bbox 1034 2509 1154 2564; x_wconf 74' lang='lat' dir='ltr'><strong>qua:</strong></span> <span class='ocrx_word' id='word_1_300' title='bbox 1200 2490 1505 2546; x_wconf 88' lang='lat' dir='ltr'><strong>immutavit</strong></span> <span class='ocrx_word' id='word_1_301' title='bbox 1545 2489 1801 2542; x_wconf 86' lang='lat' dir='ltr'><strong>visionem</strong></span> <span class='ocrx_word' id='word_1_302' title='bbox 1826 2525 1842 2549; x_wconf 91' lang='lat'><strong>,</strong></span> 
     </span>
    </p>
   </div>
   <div class='ocr_carea' id='block_1_40' title="bbox 256 2578 1841 2655">
    <p class='ocr_par' dir='ltr' id='par_1_40' title="bbox 256 2578 1841 2655">
     <span class='ocr_line' id='line_1_40' title="bbox 256 2578 1841 2655; baseline -0.009 -9"><span class='ocrx_word' id='word_1_303' title='bbox 256 2608 366 2647; x_wconf 91' lang='lat' dir='ltr'><strong>non</strong></span> <span class='ocrx_word' id='word_1_304' title='bbox 414 2599 540 2645; x_wconf 86' lang='lat' dir='ltr'><strong>sunt</strong></span> <span class='ocrx_word' id='word_1_305' title='bbox 586 2591 688 2645; x_wconf 92' lang='lat' dir='ltr'><strong>ista</strong></span> <span class='ocrx_word' id='word_1_306' title='bbox 746 2589 1068 2643; x_wconf 88' lang='lat' dir='ltr'><strong>vestimenta</strong></span> <span class='ocrx_word' id='word_1_307' title='bbox 1123 2601 1244 2655; x_wconf 72' lang='lat' dir='ltr'><strong>quae</strong></span> <span class='ocrx_word' id='word_1_308' title='bbox 1280 2600 1378 2639; x_wconf 86' lang='lat' dir='ltr'><strong>nos</strong></span> <span class='ocrx_word' id='word_1_309' title='bbox 1437 2583 1731 2639; x_wconf 87' lang='lat' dir='ltr'><strong>induimur.</strong></span> <span class='ocrx_word' id='word_1_310' title='bbox 1783 2578 1841 2633; x_wconf 87' lang='lat' dir='ltr'><strong>Si</strong></span> 
     </span>
    </p>
   </div>
   <div class='ocr_carea' id='block_1_41' title="bbox 255 2672 1844 2751">
    <p class='ocr_par' dir='ltr' id='par_1_41' title="bbox 255 2672 1844 2751">
     <span class='ocr_line' id='line_1_41' title="bbox 255 2672 1844 2751; baseline -0.007 -14"><span class='ocrx_word' id='word_1_311' title='bbox 255 2696 437 2737; x_wconf 85' lang='lat' dir='ltr'><strong>autem</strong></span> <span class='ocrx_word' id='word_1_312' title='bbox 482 2686 572 2751; x_wconf 88' lang='lat' dir='ltr'><strong>qui</strong></span> <span class='ocrx_word' id='word_1_313' title='bbox 620 2680 858 2735; x_wconf 91' lang='lat' dir='ltr'><strong>induitur</strong></span> <span class='ocrx_word' id='word_1_314' title='bbox 904 2679 1007 2733; x_wconf 88' lang='lat' dir='ltr'><strong>ista</strong></span> <span class='ocrx_word' id='word_1_315' title='bbox 1061 2678 1380 2732; x_wconf 88' lang='lat' dir='ltr'><strong>vestimenta</strong></span> <span class='ocrx_word' id='word_1_316' title='bbox 1425 2676 1585 2731; x_wconf 90' lang='lat' dir='ltr'><strong>homo</strong></span> <span class='ocrx_word' id='word_1_317' title='bbox 1627 2672 1844 2742; x_wconf 87' lang='lat' dir='ltr'><strong>conspi—</strong></span> 
     </span>
    </p>
   </div>
   <div class='ocr_carea' id='block_1_42' title="bbox 254 2769 1840 2838">
    <p class='ocr_par' dir='ltr' id='par_1_42' title="bbox 254 2769 1840 2838">
     <span class='ocr_line' id='line_1_42' title="bbox 254 2769 1840 2838; baseline -0.006 -7"><span class='ocrx_word' id='word_1_318' title='bbox 254 2778 402 2832; x_wconf 87' lang='lat' dir='ltr'><strong>citur</strong></span> <span class='ocrx_word' id='word_1_319' title='bbox 453 2776 673 2829; x_wconf 89' lang='lat' dir='ltr'><strong>indutus</strong></span> <span class='ocrx_word' id='word_1_320' title='bbox 727 2783 783 2828; x_wconf 91' lang='lat' dir='ltr'><strong>et</strong></span> <span class='ocrx_word' id='word_1_321' title='bbox 844 2783 1092 2836; x_wconf 90' lang='lat' dir='ltr'><strong>mutans,</strong></span> <span class='ocrx_word' id='word_1_322' title='bbox 1143 2781 1199 2826; x_wconf 91' lang='lat' dir='ltr'><strong>et</strong></span> <span class='ocrx_word' id='word_1_323' title='bbox 1254 2769 1560 2838; x_wconf 88' lang='lat' dir='ltr'><strong>patiebatur</strong></span> <span class='ocrx_word' id='word_1_324' title='bbox 1623 2769 1840 2836; x_wconf 87' lang='lat' dir='ltr'><strong>quidem</strong></span> 
     </span>
    </p>
   </div>
   <div class='ocr_carea' id='block_1_43' title="bbox 255 2861 1841 2937">
    <p class='ocr_par' dir='ltr' id='par_1_43' title="bbox 255 2861 1841 2937">
     <span class='ocr_line' id='line_1_43' title="bbox 255 2861 1841 2937; baseline -0.009 -10"><span class='ocrx_word' id='word_1_325' title='bbox 255 2871 351 2928; x_wconf 87' lang='lat' dir='ltr'><strong>ille</strong></span> <span class='ocrx_word' id='word_1_326' title='bbox 391 2869 522 2925; x_wconf 88' lang='lat' dir='ltr'><strong>nihil</strong></span> <span class='ocrx_word' id='word_1_327' title='bbox 563 2883 749 2924; x_wconf 91' lang='lat' dir='ltr'><strong>eorum</strong></span> <span class='ocrx_word' id='word_1_328' title='bbox 792 2883 914 2937; x_wconf 69' lang='lat' dir='ltr'><strong>quae</strong></span> <span class='ocrx_word' id='word_1_329' title='bbox 958 2867 1091 2921; x_wconf 86' lang='lat' dir='ltr'><strong>vidit</strong></span> <span class='ocrx_word' id='word_1_330' title='bbox 1134 2864 1427 2935; x_wconf 83' lang='lat' dir='ltr'><strong>propheta,</strong></span> <span class='ocrx_word' id='word_1_331' title='bbox 1478 2861 1619 2917; x_wconf 82' lang='lat' dir='ltr'><strong>facta</strong></span> <span class='ocrx_word' id='word_1_332' title='bbox 1662 2872 1841 2916; x_wconf 90' lang='lat' dir='ltr'><strong>autem</strong></span> 
     </span>
    </p>
   </div>
   <div class='ocr_carea' id='block_1_44' title="bbox 256 2952 1842 3031">
    <p class='ocr_par' dir='ltr' id='par_1_44' title="bbox 256 2952 1842 3031">
     <span class='ocr_line' id='line_1_44' title="bbox 256 2952 1842 3031; baseline -0.008 -14"><span class='ocrx_word' id='word_1_333' title='bbox 256 2975 418 3027; x_wconf 83' lang='lat' dir='ltr'><strong>sunt,</strong></span> <span class='ocrx_word' id='word_1_334' title='bbox 456 2976 575 3031; x_wconf 69' lang='lat' dir='ltr'><strong>qua:</strong></span> <span class='ocrx_word' id='word_1_335' title='bbox 613 2956 759 3013; x_wconf 88' lang='lat' dir='ltr'><strong>videt</strong></span> <span class='ocrx_word' id='word_1_336' title='bbox 794 2961 1055 3027; x_wconf 85' lang='lat' dir='ltr'><strong>propheta</strong></span> <span class='ocrx_word' id='word_1_337' title='bbox 1100 2954 1177 3025; x_wconf 88' lang='lat'><strong>(6)</strong></span> <span class='ocrx_word' id='word_1_338' title='bbox 1212 2976 1223 3010; x_wconf 93' lang='lat'>:</span> <span class='ocrx_word' id='word_1_339' title='bbox 1271 2955 1313 3009; x_wconf 91' lang='lat' dir='ltr'><strong>si</strong></span> <span class='ocrx_word' id='word_1_340' title='bbox 1357 2954 1423 3008; x_wconf 92' lang='lat' dir='ltr'><strong>de</strong></span> <span class='ocrx_word' id='word_1_341' title='bbox 1468 2952 1687 3007; x_wconf 91' lang='lat' dir='ltr'><strong>homine</strong></span> <span class='ocrx_word' id='word_1_342' title='bbox 1720 2952 1842 3015; x_wconf 88' lang='lat' dir='ltr'><strong>ista,</strong></span> 
     </span>
    </p>
   </div>
   <div class='ocr_carea' id='block_1_45' title="bbox 257 3046 1844 3125">
    <p class='ocr_par' dir='ltr' id='par_1_45' title="bbox 257 3046 1844 3125">
     <span class='ocr_line' id='line_1_45' title="bbox 257 3046 1844 3125; baseline -0.008 -16"><span class='ocrx_word' id='word_1_343' title='bbox 257 3064 465 3125; x_wconf 90' lang='lat' dir='ltr'><strong>quanto</strong></span> <span class='ocrx_word' id='word_1_344' title='bbox 496 3053 668 3122; x_wconf 81' lang='lat' dir='ltr'><strong>magis</strong></span> <span class='ocrx_word' id='word_1_345' title='bbox 706 3053 772 3107; x_wconf 92' lang='lat' dir='ltr'><strong>de</strong></span> <span class='ocrx_word' id='word_1_346' title='bbox 830 3050 984 3105; x_wconf 76' lang='lat' dir='ltr'><strong>Deo?</strong></span> <span class='ocrx_word' id='word_1_347' title='bbox 1047 3048 1252 3102; x_wconf 89' lang='lat' dir='ltr'><strong>Dicitur</strong></span> <span class='ocrx_word' id='word_1_348' title='bbox 1302 3047 1354 3101; x_wconf 93' lang='lat' dir='ltr'><strong>in</strong></span> <span class='ocrx_word' id='word_1_349' title='bbox 1417 3046 1678 3100; x_wconf 86' lang='lat' dir='ltr'><strong>Zacharia</strong></span> <span class='ocrx_word' id='word_1_350' title='bbox 1718 3060 1844 3115; x_wconf 87' lang='lat' dir='ltr'><strong>pru-</strong></span> 
     </span>
    </p>
   </div>
   <div class='ocr_carea' id='block_1_46' title="bbox 257 3141 1841 3217">
    <p class='ocr_par' dir='ltr' id='par_1_46' title="bbox 257 3141 1841 3217">
     <span class='ocr_line' id='line_1_46' title="bbox 257 3141 1841 3217; baseline -0.007 -16"><span class='ocrx_word' id='word_1_351' title='bbox 257 3149 460 3217; x_wconf 88' lang='lat' dir='ltr'><strong>pbeta:</strong></span> <span class='ocrx_word' id='word_1_352' title='bbox 500 3144 740 3200; x_wconf 79' lang='lat' dir='ltr'><strong>Ostendit</strong></span> <span class='ocrx_word' id='word_1_353' title='bbox 774 3144 904 3198; x_wconf 82' lang='lat' dir='ltr'><strong>mihi</strong></span> <span class='ocrx_word' id='word_1_354' title='bbox 950 3142 1092 3197; x_wconf 84' lang='lat' dir='ltr'><strong>Deus</strong></span> <span class='ocrx_word' id='word_1_355' title='bbox 1135 3141 1319 3196; x_wconf 83' lang='lat' dir='ltr'><strong>Jesum</strong></span> <span class='ocrx_word' id='word_1_356' title='bbox 1366 3155 1629 3195; x_wconf 86' lang='lat' dir='ltr'><strong>summum</strong></span> <span class='ocrx_word' id='word_1_357' title='bbox 1666 3155 1841 3191; x_wconf 88' lang='lat' dir='ltr'><strong>sacer-</strong></span> 
     </span>
    </p>
   </div>
   <div class='ocr_carea' id='block_1_47' title="bbox 257 3232 1912 3329">
    <p class='ocr_par' dir='ltr' id='par_1_47' title="bbox 257 3232 1912 3329">
     <span class='ocr_line' id='line_1_47' title="bbox 257 3232 1912 3329; baseline -0.008 -34"><span class='ocrx_word' id='word_1_358' title='bbox 257 3243 434 3295; x_wconf 81' lang='lat' dir='ltr'><strong>dotem</strong></span> <span class='ocrx_word' id='word_1_359' title='bbox 469 3239 515 3272; x_wconf 77' lang='lat'>“</span> <span class='ocrx_word' id='word_1_360' title='bbox 563 3258 577 3293; x_wconf 92' lang='lat'><strong>:</strong></span> <span class='ocrx_word' id='word_1_361' title='bbox 628 3237 809 3293; x_wconf 81' lang='lat' dir='ltr'><strong>Jesum</strong></span> <span class='ocrx_word' id='word_1_362' title='bbox 861 3237 1047 3292; x_wconf 85' lang='lat' dir='ltr'><strong>dicens</strong></span> <span class='ocrx_word' id='word_1_363' title='bbox 1108 3234 1478 3298; x_wconf 89' lang='lat' dir='ltr'><strong>sacerdotem,</strong></span> <span class='ocrx_word' id='word_1_364' title='bbox 1530 3248 1637 3288; x_wconf 90' lang='lat' dir='ltr'><strong>non</strong></span> <span class='ocrx_word' id='word_1_365' title='bbox 1694 3232 1840 3285; x_wconf 90' lang='lat' dir='ltr'><strong>illtnu</strong></span> <span class='ocrx_word' id='word_1_366' title='bbox 1868 3270 1912 3329; x_wconf 74' lang='lat' dir='ltr'>c</span> 
     </span>
    </p>
   </div>
   <div class='ocr_carea' id='block_1_48' title="bbox 257 3324 1841 3397">
    <p class='ocr_par' dir='ltr' id='par_1_48' title="bbox 257 3324 1841 3397">
     <span class='ocr_line' id='line_1_48' title="bbox 257 3324 1841 3397; baseline -0.007 -9"><span class='ocrx_word' id='word_1_367' title='bbox 257 3334 497 3388; x_wconf 86' lang='lat' dir='ltr'><strong>ostendit</strong></span> <span class='ocrx_word' id='word_1_368' title='bbox 541 3331 821 3385; x_wconf 90' lang='lat' dir='ltr'><strong>Dominum</strong></span> <span class='ocrx_word' id='word_1_369' title='bbox 879 3328 1060 3384; x_wconf 84' lang='lat' dir='ltr'><strong>Jesum</strong></span> <span class='ocrx_word' id='word_1_370' title='bbox 1091 3329 1180 3397; x_wconf 89' lang='lat' dir='ltr'><strong>qui</strong></span> <span class='ocrx_word' id='word_1_371' title='bbox 1218 3338 1301 3381; x_wconf 89' lang='lat' dir='ltr'><strong>est</strong></span> <span class='ocrx_word' id='word_1_372' title='bbox 1331 3327 1569 3393; x_wconf 80' lang='lat' dir='ltr'><strong>pontifex</strong></span> <span class='ocrx_word' id='word_1_373' title='bbox 1622 3324 1841 3394; x_wconf 87' lang='lat' dir='ltr'><strong>pontili-</strong></span> 
     </span>
    </p>
   </div>
   <div class='ocr_carea' id='block_1_49' title="bbox 260 3416 1840 3486">
    <p class='ocr_par' dir='ltr' id='par_1_49' title="bbox 260 3416 1840 3486">
     <span class='ocr_line' id='line_1_49' title="bbox 260 3416 1840 3486; baseline -0.006 -7"><span class='ocrx_word' id='word_1_374' title='bbox 260 3442 383 3479; x_wconf 86' lang='lat' dir='ltr'><strong>cum</strong></span> <span class='ocrx_word' id='word_1_375' title='bbox 419 3432 473 3479; x_wconf 91' lang='lat' dir='ltr'><strong>et</strong></span> <span class='ocrx_word' id='word_1_376' title='bbox 500 3423 752 3478; x_wconf 88' lang='lat' dir='ltr'><strong>sacerdos</strong></span> <span class='ocrx_word' id='word_1_377' title='bbox 775 3422 1135 3477; x_wconf 86' lang='lat' dir='ltr'><strong>sacerdotum.</strong></span> <span class='ocrx_word' id='word_1_378' title='bbox 1168 3418 1233 3472; x_wconf 86' lang='lat' dir='ltr'><strong>Et</strong></span> <span class='ocrx_word' id='word_1_379' title='bbox 1259 3421 1372 3480; x_wconf 88' lang='lat' dir='ltr'><strong>iste.</strong></span> <span class='ocrx_word' id='word_1_380' title='bbox 1406 3416 1840 3486; x_wconf 78' lang='lat' dir='ltr'><strong>inquit,‘restitus</strong></span> 
     </span>
    </p>
   </div>
   <div class='ocr_carea' id='block_1_50' title="bbox 258 3506 1840 3571">
    <p class='ocr_par' dir='ltr' id='par_1_50' title="bbox 258 3506 1840 3571">
     <span class='ocr_line' id='line_1_50' title="bbox 258 3506 1840 3571; baseline -0.004 -7"><span class='ocrx_word' id='word_1_381' title='bbox 258 3520 372 3564; x_wconf 89' lang='lat' dir='ltr'><strong>erat</strong></span> <span class='ocrx_word' id='word_1_382' title='bbox 404 3511 709 3564; x_wconf 82' lang='lat' dir='ltr'><strong>vestimenta</strong></span> <span class='ocrx_word' id='word_1_383' title='bbox 753 3509 1004 3571; x_wconf 88' lang='lat' dir='ltr'><strong>sordida,</strong></span> <span class='ocrx_word' id='word_1_384' title='bbox 1038 3518 1085 3562; x_wconf 84' lang='lat' dir='ltr'><strong>et</strong></span> <span class='ocrx_word' id='word_1_385' title='bbox 1124 3508 1296 3562; x_wconf 88' lang='lat' dir='ltr'><strong>stabat</strong></span> <span class='ocrx_word' id='word_1_386' title='bbox 1338 3506 1581 3560; x_wconf 80' lang='lat' dir='ltr'><strong>diabolus</strong></span> <span class='ocrx_word' id='word_1_387' title='bbox 1623 3523 1655 3559; x_wconf 88' lang='lat' dir='ltr'><strong>a</strong></span> <span class='ocrx_word' id='word_1_388' title='bbox 1707 3506 1840 3558; x_wconf 75' lang='lat' dir='ltr'><strong>dex-</strong></span> 
     </span>
    </p>
   </div>
   <div class='ocr_carea' id='block_1_51' title="bbox 258 3599 1843 3671">
    <p class='ocr_par' dir='ltr' id='par_1_51' title="bbox 258 3599 1843 3671">
     <span class='ocr_line' id='line_1_51' title="bbox 258 3599 1843 3671; baseline -0.001 -15"><span class='ocrx_word' id='word_1_389' title='bbox 258 3604 359 3656; x_wconf 90' lang='lat' dir='ltr'><strong>tris</strong></span> <span class='ocrx_word' id='word_1_390' title='bbox 402 3602 517 3671; x_wconf 83' lang='lat' dir='ltr'><strong>ejus</strong></span> <span class='ocrx_word' id='word_1_391' title='bbox 571 3601 785 3670; x_wconf 82' lang='lat' dir='ltr'><strong>cupiens</strong></span> <span class='ocrx_word' id='word_1_392' title='bbox 820 3617 939 3655; x_wconf 88' lang='lat' dir='ltr'><strong>eum</strong></span> <span class='ocrx_word' id='word_1_393' title='bbox 992 3616 1175 3655; x_wconf 83' lang='lat' dir='ltr'><strong>nocere</strong></span> <span class='ocrx_word' id='word_1_394' title='bbox 1195 3600 1265 3655; x_wconf 82' lang='lat'><strong>“.</strong></span> <span class='ocrx_word' id='word_1_395' title='bbox 1317 3600 1486 3655; x_wconf 87' lang='lat' dir='ltr'><strong>Erant</strong></span> <span class='ocrx_word' id='word_1_396' title='bbox 1532 3599 1676 3655; x_wconf 91' lang='lat' dir='ltr'><strong>enim</strong></span> <span class='ocrx_word' id='word_1_397' title='bbox 1728 3602 1843 3667; x_wconf 86' lang='lat' dir='ltr'><strong>ejus</strong></span> 
     </span>
    </p>
   </div>
   <div class='ocr_carea' id='block_1_52' title="bbox 258 3691 1841 3748">
    <p class='ocr_par' dir='ltr' id='par_1_52' title="bbox 258 3691 1841 3748">
     <span class='ocr_line' id='line_1_52' title="bbox 258 3691 1841 3748; baseline -0.002 0"><span class='ocrx_word' id='word_1_398' title='bbox 258 3694 480 3748; x_wconf 86' lang='lat' dir='ltr'><strong>sordida</strong></span> <span class='ocrx_word' id='word_1_399' title='bbox 521 3693 862 3747; x_wconf 85' lang='lat' dir='ltr'><strong>vestimenta.</strong></span> <span class='ocrx_word' id='word_1_400' title='bbox 906 3691 1060 3747; x_wconf 89' lang='lat' dir='ltr'><strong>Sicut</strong></span> <span class='ocrx_word' id='word_1_401' title='bbox 1103 3692 1248 3748; x_wconf 81' lang='lat' dir='ltr'><strong>enim</strong></span> <span class='ocrx_word' id='word_1_402' title='bbox 1285 3706 1467 3746; x_wconf 89' lang='lat' dir='ltr'><strong>mures</strong></span> <span class='ocrx_word' id='word_1_403' title='bbox 1511 3693 1576 3745; x_wconf 91' lang='lat' dir='ltr'><strong>ad</strong></span> <span class='ocrx_word' id='word_1_404' title='bbox 1627 3692 1841 3745; x_wconf 89' lang='lat' dir='ltr'><strong>nidores</strong></span> 
     </span>
    </p>
   </div>
   <div class='ocr_carea' id='block_1_53' title="bbox 260 3782 1844 3840">
    <p class='ocr_par' dir='ltr' id='par_1_53' title="bbox 260 3782 1844 3840">
     <span class='ocr_line' id='line_1_53' title="bbox 260 3782 1844 3840; baseline -0.002 0"><span class='ocrx_word' id='word_1_405' title='bbox 260 3793 595 3840; x_wconf 89' lang='lat' dir='ltr'><strong>concurrunt</strong></span> <span class='ocrx_word' id='word_1_406' title='bbox 625 3802 639 3838; x_wconf 91' lang='lat'>:</span> <span class='ocrx_word' id='word_1_407' title='bbox 668 3784 739 3838; x_wconf 93' lang='lat' dir='ltr'><strong>ita</strong></span> <span class='ocrx_word' id='word_1_408' title='bbox 769 3783 1017 3839; x_wconf 85' lang='lat' dir='ltr'><strong>diabolus</strong></span> <span class='ocrx_word' id='word_1_409' title='bbox 1042 3792 1096 3838; x_wconf 88' lang='lat' dir='ltr'><strong>et</strong></span> <span class='ocrx_word' id='word_1_410' title='bbox 1148 3782 1292 3837; x_wconf 88' lang='lat' dir='ltr'><strong>illius</strong></span> <span class='ocrx_word' id='word_1_411' title='bbox 1322 3784 1595 3837; x_wconf 79' lang='lat' dir='ltr'><strong>exercitus</strong></span> <span class='ocrx_word' id='word_1_412' title='bbox 1639 3784 1728 3837; x_wconf 93' lang='lat' dir='ltr'><strong>illo</strong></span> <span class='ocrx_word' id='word_1_413' title='bbox 1754 3784 1844 3837; x_wconf 86' lang='lat' dir='ltr'><strong>de-</strong></span> 
     </span>
    </p>
   </div>
   <div class='ocr_carea' id='block_1_54' title="bbox 261 3870 1839 3947">
    <p class='ocr_par' dir='ltr' id='par_1_54' title="bbox 261 3870 1839 3947">
     <span class='ocr_line' id='line_1_54' title="bbox 261 3870 1839 3947; baseline -0.004 -13"><span class='ocrx_word' id='word_1_414' title='bbox 261 3879 496 3934; x_wconf 85' lang='lat' dir='ltr'><strong>lectatur</strong></span> <span class='ocrx_word' id='word_1_415' title='bbox 520 3878 733 3931; x_wconf 88' lang='lat' dir='ltr'><strong>nidore.</strong></span> <span class='ocrx_word' id='word_1_416' title='bbox 768 3876 832 3931; x_wconf 89' lang='lat' dir='ltr'><strong>Et</strong></span> <span class='ocrx_word' id='word_1_417' title='bbox 861 3877 964 3931; x_wconf 89' lang='lat' dir='ltr'><strong>hoc</strong></span> <span class='ocrx_word' id='word_1_418' title='bbox 987 3876 1129 3947; x_wconf 89' lang='lat' dir='ltr'><strong>quod</strong></span> <span class='ocrx_word' id='word_1_419' title='bbox 1160 3885 1281 3930; x_wconf 90' lang='lat' dir='ltr'><strong>erat</strong></span> <span class='ocrx_word' id='word_1_420' title='bbox 1320 3870 1516 3931; x_wconf 80' lang='lat' dir='ltr'><strong>lectum</strong></span> <span class='ocrx_word' id='word_1_421' title='bbox 1556 3884 1640 3930; x_wconf 90' lang='lat' dir='ltr'><strong>est</strong></span> <span class='ocrx_word' id='word_1_422' title='bbox 1666 3894 1678 3928; x_wconf 92' lang='lat'><strong>:</strong></span> <span class='ocrx_word' id='word_1_423' title='bbox 1709 3876 1839 3928; x_wconf 82' lang='lat' dir='ltr'><strong>Cum</strong></span> 
     </span>
    </p>
   </div>
   <div class='ocr_carea' id='block_1_55' title="bbox 256 3967 1841 4040">
    <p class='ocr_par' dir='ltr' id='par_1_55' title="bbox 256 3967 1841 4040">
     <span class='ocr_line' id='line_1_55' title="bbox 256 3967 1841 4040; baseline -0.003 -17"><span class='ocrx_word' id='word_1_424' title='bbox 256 3971 480 4040; x_wconf 81' lang='lat' dir='ltr'><strong>spiritus</strong></span> <span class='ocrx_word' id='word_1_425' title='bbox 514 3984 737 4038; x_wconf 86' lang='lat' dir='ltr'><strong>nequam</strong></span> <span class='ocrx_word' id='word_1_426' title='bbox 791 3968 978 4022; x_wconf 74' lang='lat' dir='ltr'><strong>exierit</strong></span> <span class='ocrx_word' id='word_1_427' title='bbox 1021 3969 1087 4021; x_wconf 90' lang='lat' dir='ltr'><strong>ab</strong></span> <span class='ocrx_word' id='word_1_428' title='bbox 1126 3967 1355 4033; x_wconf 79' lang='lat' dir='ltr'><strong>homine,</strong></span> <span class='ocrx_word' id='word_1_429' title='bbox 1387 3967 1572 4019; x_wconf 81' lang='lat' dir='ltr'><strong>circuit</strong></span> <span class='ocrx_word' id='word_1_430' title='bbox 1612 3968 1841 4019; x_wconf 74' lang='lat' dir='ltr'><strong>desertos</strong></span> 
     </span>
    </p>
   </div>
   <div class='ocr_carea' id='block_1_56' title="bbox 258 4057 1843 4129">
    <p class='ocr_par' dir='ltr' id='par_1_56' title="bbox 258 4057 1843 4129">
     <span class='ocr_line' id='line_1_56' title="bbox 258 4057 1843 4129; baseline -0.004 -15"><span class='ocrx_word' id='word_1_431' title='bbox 258 4058 427 4123; x_wconf 81' lang='lat' dir='ltr'><strong>locos,</strong></span> <span class='ocrx_word' id='word_1_432' title='bbox 449 4070 496 4113; x_wconf 94' lang='lat' dir='ltr'><strong>et</strong></span> <span class='ocrx_word' id='word_1_433' title='bbox 522 4059 709 4129; x_wconf 69' lang='lat' dir='ltr'><strong>quierit</strong></span> <span class='ocrx_word' id='word_1_434' title='bbox 751 4058 1058 4129; x_wconf 80' lang='lat' dir='ltr'><strong>requiem”.</strong></span> <span class='ocrx_word' id='word_1_435' title='bbox 1095 4057 1252 4111; x_wconf 88' lang='lat' dir='ltr'><strong>Sicut</strong></span> <span class='ocrx_word' id='word_1_436' title='bbox 1278 4067 1335 4112; x_wconf 93' lang='lat' dir='ltr'><strong>et</strong></span> <span class='ocrx_word' id='word_1_437' title='bbox 1368 4071 1532 4111; x_wconf 80' lang='lat' dir='ltr'><strong>canes</strong></span> <span class='ocrx_word' id='word_1_438' title='bbox 1580 4057 1843 4126; x_wconf 87' lang='lat' dir='ltr'><strong>coquina-</strong></span> 
     </span>
    </p>
   </div>
   <div class='ocr_carea' id='block_1_57' title="bbox 260 4149 1841 4224">
    <p class='ocr_par' dir='ltr' id='par_1_57' title="bbox 260 4149 1841 4224">
     <span class='ocr_line' id='line_1_57' title="bbox 260 4149 1841 4224; baseline -0.004 -15"><span class='ocrx_word' id='word_1_439' title='bbox 260 4169 385 4209; x_wconf 87' lang='lat' dir='ltr'><strong>rum</strong></span> <span class='ocrx_word' id='word_1_440' title='bbox 414 4153 692 4224; x_wconf 91' lang='lat' dir='ltr'><strong>requirunt</strong></span> <span class='ocrx_word' id='word_1_441' title='bbox 728 4151 817 4206; x_wconf 91' lang='lat' dir='ltr'><strong>ubi</strong></span> <span class='ocrx_word' id='word_1_442' title='bbox 859 4151 1102 4222; x_wconf 85' lang='lat' dir='ltr'><strong>sanguis,</strong></span> <span class='ocrx_word' id='word_1_443' title='bbox 1130 4149 1219 4205; x_wconf 92' lang='lat' dir='ltr'><strong>ubi</strong></span> <span class='ocrx_word' id='word_1_444' title='bbox 1263 4162 1500 4214; x_wconf 90' lang='lat' dir='ltr'><strong>stercus,</strong></span> <span class='ocrx_word' id='word_1_445' title='bbox 1530 4150 1619 4204; x_wconf 91' lang='lat' dir='ltr'><strong>ubi</strong></span> <span class='ocrx_word' id='word_1_446' title='bbox 1662 4150 1841 4203; x_wconf 72' lang='lat' dir='ltr'><strong>inlotae</strong></span> 
     </span>
    </p>
   </div>
   <div class='ocr_carea' id='block_1_58' title="bbox 261 4241 1838 4313">
    <p class='ocr_par' dir='ltr' id='par_1_58' title="bbox 261 4241 1838 4313">
     <span class='ocr_line' id='line_1_58' title="bbox 261 4241 1838 4313; baseline -0.003 -12"><span class='ocrx_word' id='word_1_447' title='bbox 261 4247 579 4312; x_wconf 60' lang='lat' dir='ltr'><strong>interanea,</strong></span> <span class='ocrx_word' id='word_1_448' title='bbox 615 4252 670 4299; x_wconf 90' lang='lat' dir='ltr'><strong>et</strong></span> <span class='ocrx_word' id='word_1_449' title='bbox 718 4243 827 4299; x_wconf 91' lang='lat' dir='ltr'><strong>illic</strong></span> <span class='ocrx_word' id='word_1_450' title='bbox 874 4253 1223 4299; x_wconf 90' lang='lat' dir='ltr'><strong>concurrunt.</strong></span> <span class='ocrx_word' id='word_1_451' title='bbox 1269 4243 1335 4298; x_wconf 86' lang='lat' dir='ltr'><strong>Et</strong></span> <span class='ocrx_word' id='word_1_452' title='bbox 1380 4244 1522 4297; x_wconf 84' lang='lat' dir='ltr'><strong>sicut</strong></span> <span class='ocrx_word' id='word_1_453' title='bbox 1557 4244 1649 4313; x_wconf 91' lang='lat' dir='ltr'><strong>qui</strong></span> <span class='ocrx_word' id='word_1_454' title='bbox 1707 4241 1838 4298; x_wconf 83' lang='lat' dir='ltr'><strong>loris</strong></span> 
     </span>
    </p>
   </div>
   <div class='ocr_carea' id='block_1_59' title="bbox 261 4336 1837 4405">
    <p class='ocr_par' dir='ltr' id='par_1_59' title="bbox 261 4336 1837 4405">
     <span class='ocr_line' id='line_1_59' title="bbox 261 4336 1837 4405; baseline -0.003 -12"><span class='ocrx_word' id='word_1_455' title='bbox 261 4347 509 4400; x_wconf 90' lang='lat' dir='ltr'><strong>currunt,</strong></span> <span class='ocrx_word' id='word_1_456' title='bbox 565 4336 914 4391; x_wconf 86' lang='lat' dir='ltr'><strong>adinveniunt</strong></span> <span class='ocrx_word' id='word_1_457' title='bbox 953 4336 1095 4405; x_wconf 90' lang='lat' dir='ltr'><strong>quod</strong></span> <span class='ocrx_word' id='word_1_458' title='bbox 1148 4344 1301 4404; x_wconf 91' lang='lat' dir='ltr'><strong>turpe</strong></span> <span class='ocrx_word' id='word_1_459' title='bbox 1333 4346 1417 4390; x_wconf 88' lang='lat' dir='ltr'><strong>est</strong></span> <span class='ocrx_word' id='word_1_460' title='bbox 1463 4336 1708 4399; x_wconf 88' lang='lat' dir='ltr'><strong>verbum,</strong></span> <span class='ocrx_word' id='word_1_461' title='bbox 1748 4336 1837 4400; x_wconf 84' lang='lat' dir='ltr'><strong>qui</strong></span> 
     </span>
    </p>
   </div>
   <div class='ocr_carea' id='block_1_60' title="bbox 261 4425 1840 4496">
    <p class='ocr_par' dir='ltr' id='par_1_60' title="bbox 261 4425 1840 4496">
     <span class='ocr_line' id='line_1_60' title="bbox 261 4425 1840 4496; baseline -0.006 -10"><span class='ocrx_word' id='word_1_462' title='bbox 261 4441 419 4487; x_wconf 87' lang='lat' dir='ltr'><strong>actus</strong></span> <span class='ocrx_word' id='word_1_463' title='bbox 467 4428 685 4492; x_wconf 73' lang='lat' dir='ltr'><strong>ltedos;</strong></span> <span class='ocrx_word' id='word_1_464' title='bbox 741 4427 815 4481; x_wconf 92' lang='lat' dir='ltr'><strong>ita</strong></span> <span class='ocrx_word' id='word_1_465' title='bbox 860 4441 983 4481; x_wconf 92' lang='lat' dir='ltr'><strong>cum</strong></span> <span class='ocrx_word' id='word_1_466' title='bbox 1032 4425 1254 4496; x_wconf 90' lang='lat' dir='ltr'><strong>spiritus</strong></span> <span class='ocrx_word' id='word_1_467' title='bbox 1297 4425 1606 4480; x_wconf 90' lang='lat' dir='ltr'><strong>immundus</strong></span> <span class='ocrx_word' id='word_1_468' title='bbox 1647 4426 1840 4480; x_wconf 80' lang='lat' dir='ltr'><strong>exierit</strong></span> 
     </span>
    </p>
   </div>
   <div class='ocr_carea' id='block_1_61' title="bbox 262 4515 1839 4585">
    <p class='ocr_par' dir='ltr' id='par_1_61' title="bbox 262 4515 1839 4585">
     <span class='ocr_line' id='line_1_61' title="bbox 262 4515 1839 4585; baseline -0.003 -11"><span class='ocrx_word' id='word_1_469' title='bbox 262 4521 333 4574; x_wconf 86' lang='lat' dir='ltr'><strong>ab</strong></span> <span class='ocrx_word' id='word_1_470' title='bbox 362 4519 601 4582; x_wconf 89' lang='lat' dir='ltr'><strong>homine,</strong></span> <span class='ocrx_word' id='word_1_471' title='bbox 633 4517 825 4572; x_wconf 89' lang='lat' dir='ltr'><strong>circuit</strong></span> <span class='ocrx_word' id='word_1_472' title='bbox 870 4517 1080 4571; x_wconf 86' lang='lat' dir='ltr'><strong>deserta</strong></span> <span class='ocrx_word' id='word_1_473' title='bbox 1135 4526 1190 4570; x_wconf 89' lang='lat' dir='ltr'><strong>et</strong></span> <span class='ocrx_word' id='word_1_474' title='bbox 1237 4516 1386 4570; x_wconf 91' lang='lat' dir='ltr'><strong>arida</strong></span> <span class='ocrx_word' id='word_1_475' title='bbox 1430 4515 1545 4570; x_wconf 90' lang='lat' dir='ltr'><strong>loca</strong></span> <span class='ocrx_word' id='word_1_476' title='bbox 1588 4529 1839 4585; x_wconf 66' lang='lat' dir='ltr'><strong>quaerens</strong></span> 
     </span>
    </p>
   </div>
   <div class='ocr_carea' id='block_1_62' title="bbox 1946 2042 3519 2110">
    <p class='ocr_par' dir='ltr' id='par_1_62' title="bbox 1946 2042 3519 2110">
     <span class='ocr_line' id='line_1_62' title="bbox 1946 2042 3519 2110; baseline 0.003 -14"><span class='ocrx_word' id='word_1_477' title='bbox 1946 2043 2185 2110; x_wconf 88' lang='lat' dir='ltr'><strong>requiem</strong></span> <span class='ocrx_word' id='word_1_478' title='bbox 2215 2051 2269 2096; x_wconf 89' lang='lat' dir='ltr'><strong>et</strong></span> <span class='ocrx_word' id='word_1_479' title='bbox 2300 2056 2404 2096; x_wconf 89' lang='lat' dir='ltr'><strong>non</strong></span> <span class='ocrx_word' id='word_1_480' title='bbox 2430 2042 2716 2107; x_wconf 71' lang='lat' dir='ltr'><strong>invenvrit,</strong></span> <span class='ocrx_word' id='word_1_481' title='bbox 2752 2045 2957 2098; x_wconf 76' lang='lat' dir='ltr'><strong>exierat</strong></span> <span class='ocrx_word' id='word_1_482' title='bbox 2980 2045 3122 2099; x_wconf 92' lang='lat' dir='ltr'><strong>enim</strong></span> <span class='ocrx_word' id='word_1_483' title='bbox 3151 2046 3218 2099; x_wconf 89' lang='lat' dir='ltr'><strong>ab</strong></span> <span class='ocrx_word' id='word_1_484' title='bbox 3256 2046 3471 2100; x_wconf 86' lang='lat' dir='ltr'><strong>homine</strong></span> <span class='ocrx_word' id='word_1_485' title='bbox 3504 2062 3519 2101; x_wconf 89' lang='lat'><strong>:</strong></span> 
     </span>
    </p>
   </div>
   <div class='ocr_carea' id='block_1_63' title="bbox 1947 2132 3521 2203">
    <p class='ocr_par' dir='ltr' id='par_1_63' title="bbox 1947 2132 3521 2203">
     <span class='ocr_line' id='line_1_63' title="bbox 1947 2132 3521 2203; baseline 0.004 -17"><span class='ocrx_word' id='word_1_486' title='bbox 1947 2132 2198 2198; x_wconf 79' lang='lat' dir='ltr'><strong>Redeam,</strong></span> <span class='ocrx_word' id='word_1_487' title='bbox 2228 2134 2427 2203; x_wconf 87' lang='lat' dir='ltr'><strong>inquit,</strong></span> <span class='ocrx_word' id='word_1_488' title='bbox 2453 2136 2521 2187; x_wconf 82' lang='lat' dir='ltr'><strong>ad</strong></span> <span class='ocrx_word' id='word_1_489' title='bbox 2564 2136 2770 2188; x_wconf 88' lang='lat' dir='ltr'><strong>domum</strong></span> <span class='ocrx_word' id='word_1_490' title='bbox 2804 2152 2968 2190; x_wconf 85' lang='lat' dir='ltr'><strong>meum</strong></span> <span class='ocrx_word' id='word_1_491' title='bbox 2996 2138 3132 2190; x_wconf 82' lang='lat' dir='ltr'><strong>unde</strong></span> <span class='ocrx_word' id='word_1_492' title='bbox 3157 2139 3291 2192; x_wconf 75' lang='lat' dir='ltr'><strong>exivi</strong></span> <span class='ocrx_word' id='word_1_493' title='bbox 3312 2138 3376 2191; x_wconf 69' lang='grc'><strong>’³.</strong></span> <span class='ocrx_word' id='word_1_494' title='bbox 3415 2138 3521 2192; x_wconf 61' lang='lat' dir='ltr'><strong>Do.</strong></span> 
     </span>
    </p>
   </div>
   <div class='ocr_carea' id='block_1_64' title="bbox 1945 2227 3524 2294">
    <p class='ocr_par' dir='ltr' id='par_1_64' title="bbox 1945 2227 3524 2294">
     <span class='ocr_line' id='line_1_64' title="bbox 1945 2227 3524 2294; baseline 0.006 -17"><span class='ocrx_word' id='word_1_495' title='bbox 1945 2239 2091 2279; x_wconf 84' lang='lat' dir='ltr'><strong>mum</strong></span> <span class='ocrx_word' id='word_1_496' title='bbox 2148 2239 2300 2279; x_wconf 91' lang='lat' dir='ltr'><strong>suam</strong></span> <span class='ocrx_word' id='word_1_497' title='bbox 2364 2236 2521 2279; x_wconf 89' lang='lat' dir='ltr'><strong>vocat</strong></span> <span class='ocrx_word' id='word_1_498' title='bbox 2565 2227 2828 2294; x_wconf 89' lang='lat' dir='ltr'><strong>eum,qui</strong></span> <span class='ocrx_word' id='word_1_499' title='bbox 2866 2227 3100 2281; x_wconf 88' lang='lat' dir='ltr'><strong>voluerit</strong></span> <span class='ocrx_word' id='word_1_500' title='bbox 3159 2232 3349 2282; x_wconf 89' lang='lat' dir='ltr'><strong>domus</strong></span> <span class='ocrx_word' id='word_1_501' title='bbox 3403 2243 3524 2286; x_wconf 88' lang='lat' dir='ltr'><strong>esse</strong></span> 
     </span>
    </p>
   </div>
   <div class='ocr_carea' id='block_1_65' title="bbox 1942 2313 3514 2386">
    <p class='ocr_par' dir='ltr' id='par_1_65' title="bbox 1942 2313 3514 2386">
     <span class='ocr_line' id='line_1_65' title="bbox 1942 2313 3514 2386; baseline 0.004 -16"><span class='ocrx_word' id='word_1_502' title='bbox 1942 2316 2081 2386; x_wconf 83' lang='lat' dir='ltr'><strong>ejus.</strong></span> <span class='ocrx_word' id='word_1_503' title='bbox 2122 2313 2179 2369; x_wconf 89' lang='lat' dir='ltr'><strong>Si</strong></span> <span class='ocrx_word' id='word_1_504' title='bbox 2214 2326 2397 2370; x_wconf 86' lang='lat' dir='ltr'><strong>autem</strong></span> <span class='ocrx_word' id='word_1_505' title='bbox 2431 2316 2671 2381; x_wconf 84' lang='lat' dir='ltr'><strong>redierit,</strong></span> <span class='ocrx_word' id='word_1_506' title='bbox 2705 2316 2899 2384; x_wconf 87' lang='lat' dir='ltr'><strong>inquit,</strong></span> <span class='ocrx_word' id='word_1_507' title='bbox 2927 2318 3151 2384; x_wconf 84' lang='lat' dir='ltr'><strong>Spiritus</strong></span> <span class='ocrx_word' id='word_1_508' title='bbox 3185 2319 3514 2383; x_wconf 82' lang='lat' dir='ltr'><strong>immundus.</strong></span> 
     </span>
    </p>
   </div>
   <div class='ocr_carea' id='block_1_66' title="bbox 1942 2408 3522 2481">
    <p class='ocr_par' dir='ltr' id='par_1_66' title="bbox 1942 2408 3522 2481">
     <span class='ocr_line' id='line_1_66' title="bbox 1942 2408 3522 2481; baseline 0.003 -20"><span class='ocrx_word' id='word_1_509' title='bbox 1942 2416 1997 2461; x_wconf 89' lang='lat' dir='ltr'><strong>et</strong></span> <span class='ocrx_word' id='word_1_510' title='bbox 2036 2408 2301 2462; x_wconf 88' lang='lat' dir='ltr'><strong>invenerit</strong></span> <span class='ocrx_word' id='word_1_511' title='bbox 2354 2408 2628 2461; x_wconf 89' lang='lat' dir='ltr'><strong>hominem</strong></span> <span class='ocrx_word' id='word_1_512' title='bbox 2693 2409 2841 2462; x_wconf 89' lang='lat' dir='ltr'><strong>illum</strong></span> <span class='ocrx_word' id='word_1_513' title='bbox 2901 2422 3147 2478; x_wconf 82' lang='lat' dir='ltr'><strong>paratum</strong></span> <span class='ocrx_word' id='word_1_514' title='bbox 3202 2412 3349 2464; x_wconf 88' lang='lat' dir='ltr'><strong>sibi:</strong></span> <span class='ocrx_word' id='word_1_515' title='bbox 3395 2414 3522 2481; x_wconf 87' lang='lat' dir='ltr'><strong>quia</strong></span> 
     </span>
    </p>
   </div>
   <div class='ocr_carea' id='block_1_67' title="bbox 1942 2500 3526 2571">
    <p class='ocr_par' dir='ltr' id='par_1_67' title="bbox 1942 2500 3526 2571">
     <span class='ocr_line' id='line_1_67' title="bbox 1942 2500 3526 2571; baseline 0.004 -19"><span class='ocrx_word' id='word_1_516' title='bbox 1942 2501 2085 2552; x_wconf 91' lang='lat' dir='ltr'><strong>enim</strong></span> <span class='ocrx_word' id='word_1_517' title='bbox 2121 2500 2255 2555; x_wconf 89' lang='lat' dir='ltr'><strong>vidit</strong></span> <span class='ocrx_word' id='word_1_518' title='bbox 2292 2501 2527 2570; x_wconf 83' lang='lat' dir='ltr'><strong>spatium</strong></span> <span class='ocrx_word' id='word_1_519' title='bbox 2581 2501 2634 2554; x_wconf 93' lang='lat' dir='ltr'><strong>iu</strong></span> <span class='ocrx_word' id='word_1_520' title='bbox 2694 2501 2859 2567; x_wconf 91' lang='lat' dir='ltr'><strong>malo,</strong></span> <span class='ocrx_word' id='word_1_521' title='bbox 2905 2516 3011 2553; x_wconf 85' lang='lat' dir='ltr'><strong>non</strong></span> <span class='ocrx_word' id='word_1_522' title='bbox 3063 2502 3177 2555; x_wconf 91' lang='lat' dir='ltr'><strong>vult</strong></span> <span class='ocrx_word' id='word_1_523' title='bbox 3227 2503 3339 2571; x_wconf 88' lang='lat' dir='ltr'><strong>jam</strong></span> <span class='ocrx_word' id='word_1_524' title='bbox 3378 2505 3526 2558; x_wconf 86' lang='lat' dir='ltr'><strong>solus</strong></span> 
     </span>
    </p>
   </div>
   <div class='ocr_carea' id='block_1_68' title="bbox 1944 2592 3525 2667">
    <p class='ocr_par' dir='ltr' id='par_1_68' title="bbox 1944 2592 3525 2667">
     <span class='ocr_line' id='line_1_68' title="bbox 1944 2592 3525 2667; baseline 0.001 -19"><span class='ocrx_word' id='word_1_525' title='bbox 1944 2592 2212 2658; x_wconf 89' lang='lat' dir='ltr'><strong>habitare,</strong></span> <span class='ocrx_word' id='word_1_526' title='bbox 2243 2596 2337 2647; x_wconf 91' lang='lat' dir='ltr'><strong>sed</strong></span> <span class='ocrx_word' id='word_1_527' title='bbox 2365 2594 2511 2647; x_wconf 87' lang='lat' dir='ltr'><strong>vadit</strong></span> <span class='ocrx_word' id='word_1_528' title='bbox 2545 2602 2599 2648; x_wconf 92' lang='lat' dir='ltr'><strong>et</strong></span> <span class='ocrx_word' id='word_1_529' title='bbox 2626 2592 2859 2649; x_wconf 91' lang='lat' dir='ltr'><strong>assumit</strong></span> <span class='ocrx_word' id='word_1_530' title='bbox 2887 2593 3025 2649; x_wconf 84' lang='lat' dir='ltr'><strong>alios</strong></span> <span class='ocrx_word' id='word_1_531' title='bbox 3051 2605 3259 2665; x_wconf 86' lang='lat' dir='ltr'><strong>septem</strong></span> <span class='ocrx_word' id='word_1_532' title='bbox 3299 2596 3525 2667; x_wconf 90' lang='lat' dir='ltr'><strong>spiritus</strong></span> 
     </span>
    </p>
   </div>
   <div class='ocr_carea' id='block_1_69' title="bbox 1944 2682 3523 2755">
    <p class='ocr_par' dir='ltr' id='par_1_69' title="bbox 1944 2682 3523 2755">
     <span class='ocr_line' id='line_1_69' title="bbox 1944 2682 3523 2755; baseline 0.001 -17"><span class='ocrx_word' id='word_1_533' title='bbox 1944 2684 2046 2740; x_wconf 91' lang='lat' dir='ltr'><strong>sibi</strong></span> <span class='ocrx_word' id='word_1_534' title='bbox 2094 2684 2406 2755; x_wconf 90' lang='lat' dir='ltr'><strong>nequiores,</strong></span> <span class='ocrx_word' id='word_1_535' title='bbox 2443 2698 2495 2739; x_wconf 92' lang='lat' dir='ltr'><strong>et</strong></span> <span class='ocrx_word' id='word_1_536' title='bbox 2547 2685 2765 2754; x_wconf 90' lang='lat' dir='ltr'><strong>octuplo</strong></span> <span class='ocrx_word' id='word_1_537' title='bbox 2814 2682 3077 2755; x_wconf 88' lang='lat' dir='ltr'><strong>quantum</strong></span> <span class='ocrx_word' id='word_1_538' title='bbox 3117 2686 3185 2739; x_wconf 92' lang='lat' dir='ltr'><strong>ad</strong></span> <span class='ocrx_word' id='word_1_539' title='bbox 3235 2702 3523 2740; x_wconf 86' lang='lat' dir='ltr'><strong>numerum</strong></span> 
     </span>
    </p>
   </div>
   <div class='ocr_carea' id='block_1_70' title="bbox 1943 2775 3526 2846">
    <p class='ocr_par' dir='ltr' id='par_1_70' title="bbox 1943 2775 3526 2846">
     <span class='ocr_line' id='line_1_70' title="bbox 1943 2775 3526 2846; baseline 0.003 -19"><span class='ocrx_word' id='word_1_540' title='bbox 1943 2775 2069 2846; x_wconf 87' lang='lat' dir='ltr'><strong>quia</strong></span> <span class='ocrx_word' id='word_1_541' title='bbox 2102 2776 2315 2846; x_wconf 87' lang='lat' dir='ltr'><strong>pejores</strong></span> <span class='ocrx_word' id='word_1_542' title='bbox 2347 2777 2598 2832; x_wconf 89' lang='lat' dir='ltr'><strong>assumit.</strong></span> <span class='ocrx_word' id='word_1_543' title='bbox 2636 2776 2752 2831; x_wconf 82' lang='lat' dir='ltr'><strong>Non</strong></span> <span class='ocrx_word' id='word_1_544' title='bbox 2785 2780 2929 2831; x_wconf 89' lang='lat' dir='ltr'><strong>enim</strong></span> <span class='ocrx_word' id='word_1_545' title='bbox 2958 2789 3221 2845; x_wconf 87' lang='lat' dir='ltr'><strong>quantum</strong></span> <span class='ocrx_word' id='word_1_546' title='bbox 3265 2792 3526 2832; x_wconf 82' lang='lat' dir='ltr'><strong>numerus</strong></span> 
     </span>
    </p>
   </div>
   <div class='ocr_carea' id='block_1_71' title="bbox 1944 2868 3523 2939">
    <p class='ocr_par' dir='ltr' id='par_1_71' title="bbox 1944 2868 3523 2939">
     <span class='ocr_line' id='line_1_71' title="bbox 1944 2868 3523 2939; baseline 0.001 -16"><span class='ocrx_word' id='word_1_547' title='bbox 1944 2869 2290 2939; x_wconf 84' lang='lat' dir='ltr'><strong>multiplicat,</strong></span> <span class='ocrx_word' id='word_1_548' title='bbox 2323 2878 2529 2923; x_wconf 82' lang='lat' dir='ltr'><strong>tantum</strong></span> <span class='ocrx_word' id='word_1_549' title='bbox 2564 2869 2737 2924; x_wconf 90' lang='lat' dir='ltr'><strong>solum</strong></span> <span class='ocrx_word' id='word_1_550' title='bbox 2771 2879 2824 2925; x_wconf 87' lang='lat' dir='ltr'><strong>et</strong></span> <span class='ocrx_word' id='word_1_551' title='bbox 2856 2871 3058 2925; x_wconf 90' lang='lat' dir='ltr'><strong>malitia</strong></span> <span class='ocrx_word' id='word_1_552' title='bbox 3095 2870 3262 2927; x_wconf 89' lang='lat' dir='ltr'><strong>addit.</strong></span> <span class='ocrx_word' id='word_1_553' title='bbox 3294 2868 3369 2922; x_wconf 82' lang='lat' dir='ltr'><strong>ita</strong></span> <span class='ocrx_word' id='word_1_554' title='bbox 3400 2884 3523 2924; x_wconf 91' lang='lat' dir='ltr'><strong>cum</strong></span> 
     </span>
    </p>
   </div>
   <div class='ocr_carea' id='block_1_72' title="bbox 1944 2964 3524 3032">
    <p class='ocr_par' dir='ltr' id='par_1_72' title="bbox 1944 2964 3524 3032">
     <span class='ocr_line' id='line_1_72' title="bbox 1944 2964 3524 3032; baseline 0.001 -15"><span class='ocrx_word' id='word_1_555' title='bbox 1944 2964 2172 3032; x_wconf 62' lang='lat' dir='ltr'><strong>creperit</strong></span> <span class='ocrx_word' id='word_1_556' title='bbox 2198 2964 2320 3032; x_wconf 90' lang='lat' dir='ltr'><strong>quis</strong></span> <span class='ocrx_word' id='word_1_557' title='bbox 2347 2964 2550 3023; x_wconf 76' lang='lat' dir='ltr'><strong>moveri</strong></span> <span class='ocrx_word' id='word_1_558' title='bbox 2584 2965 2651 3019; x_wconf 90' lang='lat' dir='ltr'><strong>ad</strong></span> <span class='ocrx_word' id='word_1_559' title='bbox 2687 2980 2907 3019; x_wconf 90' lang='lat' dir='ltr'><strong>cursum</strong></span> <span class='ocrx_word' id='word_1_560' title='bbox 2942 2966 3167 3030; x_wconf 87' lang='lat' dir='ltr'><strong>malum,</strong></span> <span class='ocrx_word' id='word_1_561' title='bbox 3197 2975 3291 3019; x_wconf 91' lang='lat' dir='ltr'><strong>aut</strong></span> <span class='ocrx_word' id='word_1_562' title='bbox 3317 2965 3383 3018; x_wconf 89' lang='lat' dir='ltr'><strong>ad</strong></span> <span class='ocrx_word' id='word_1_563' title='bbox 3408 2975 3524 3019; x_wconf 91' lang='lat' dir='ltr'><strong>tur-</strong></span> 
     </span>
    </p>
   </div>
   <div class='ocr_carea' id='block_1_73' title="bbox 1944 3053 3521 3124">
    <p class='ocr_par' dir='ltr' id='par_1_73' title="bbox 1944 3053 3521 3124">
     <span class='ocr_line' id='line_1_73' title="bbox 1944 3053 3521 3124; baseline 0 -17"><span class='ocrx_word' id='word_1_564' title='bbox 1944 3069 2066 3123; x_wconf 93' lang='lat' dir='ltr'><strong>pem</strong></span> <span class='ocrx_word' id='word_1_565' title='bbox 2096 3053 2364 3124; x_wconf 88' lang='lat' dir='ltr'><strong>loquelam</strong></span> <span class='ocrx_word' id='word_1_566' title='bbox 2395 3069 2549 3108; x_wconf 87' lang='lat' dir='ltr'><strong>suam</strong></span> <span class='ocrx_word' id='word_1_567' title='bbox 2577 3054 2851 3122; x_wconf 85' lang='lat' dir='ltr'><strong>paraverit</strong></span> <span class='ocrx_word' id='word_1_568' title='bbox 2879 3055 3150 3124; x_wconf 83' lang='lat' dir='ltr'><strong>linguam;</strong></span> <span class='ocrx_word' id='word_1_569' title='bbox 3185 3056 3389 3109; x_wconf 89' lang='lat' dir='ltr'><strong>invenit</strong></span> <span class='ocrx_word' id='word_1_570' title='bbox 3412 3056 3521 3123; x_wconf 81' lang='lat' dir='ltr'><strong>spi-</strong></span> 
     </span>
    </p>
   </div>
   <div class='ocr_carea' id='block_1_74' title="bbox 1947 3146 3517 3216">
    <p class='ocr_par' dir='ltr' id='par_1_74' title="bbox 1947 3146 3517 3216">
     <span class='ocr_line' id='line_1_74' title="bbox 1947 3146 3517 3216; baseline 0.001 -16"><span class='ocrx_word' id='word_1_571' title='bbox 1947 3147 2086 3200; x_wconf 89' lang='lat' dir='ltr'><strong>ritus</strong></span> <span class='ocrx_word' id='word_1_572' title='bbox 2112 3146 2425 3201; x_wconf 90' lang='lat' dir='ltr'><strong>immundus</strong></span> <span class='ocrx_word' id='word_1_573' title='bbox 2453 3157 2864 3215; x_wconf 87' lang='lat' dir='ltr'><strong>operamentum</strong></span> <span class='ocrx_word' id='word_1_574' title='bbox 2893 3146 3001 3215; x_wconf 86' lang='lat' dir='ltr'><strong>jam</strong></span> <span class='ocrx_word' id='word_1_575' title='bbox 3049 3148 3343 3216; x_wconf 86' lang='lat' dir='ltr'><strong>incipiente</strong></span> <span class='ocrx_word' id='word_1_576' title='bbox 3376 3147 3517 3202; x_wconf 85' lang='lat' dir='ltr'><strong>mala</strong></span> 
     </span>
    </p>
   </div>
   <div class='ocr_carea' id='block_1_75' title="bbox 1946 3236 3521 3308">
    <p class='ocr_par' dir='ltr' id='par_1_75' title="bbox 1946 3236 3521 3308">
     <span class='ocr_line' id='line_1_75' title="bbox 1946 3236 3521 3308; baseline 0.002 -20"><span class='ocrx_word' id='word_1_577' title='bbox 1946 3238 2014 3289; x_wconf 92' lang='lat' dir='ltr'><strong>ab</strong></span> <span class='ocrx_word' id='word_1_578' title='bbox 2050 3236 2294 3303; x_wconf 88' lang='lat' dir='ltr'><strong>homine,</strong></span> <span class='ocrx_word' id='word_1_579' title='bbox 2346 3245 2401 3290; x_wconf 91' lang='lat' dir='ltr'><strong>et</strong></span> <span class='ocrx_word' id='word_1_580' title='bbox 2448 3238 2692 3308; x_wconf 84' lang='lat' dir='ltr'><strong>suggerit</strong></span> <span class='ocrx_word' id='word_1_581' title='bbox 2736 3238 2940 3305; x_wconf 88' lang='lat' dir='ltr'><strong>pejora,</strong></span> <span class='ocrx_word' id='word_1_582' title='bbox 2980 3246 3034 3291; x_wconf 88' lang='lat' dir='ltr'><strong>et</strong></span> <span class='ocrx_word' id='word_1_583' title='bbox 3070 3236 3235 3292; x_wconf 81' lang='lat' dir='ltr'><strong>el&#39;licit</strong></span> <span class='ocrx_word' id='word_1_584' title='bbox 3271 3238 3369 3292; x_wconf 91' lang='lat' dir='ltr'><strong>ista</strong></span> <span class='ocrx_word' id='word_1_585' title='bbox 3399 3254 3521 3307; x_wconf 75' lang='lat' dir='ltr'><strong>quze</strong></span> 
     </span>
    </p>
   </div>
   <div class='ocr_carea' id='block_1_76' title="bbox 1945 3328 3522 3398">
    <p class='ocr_par' dir='ltr' id='par_1_76' title="bbox 1945 3328 3522 3398">
     <span class='ocr_line' id='line_1_76' title="bbox 1945 3328 3522 3398; baseline -0.001 -15"><span class='ocrx_word' id='word_1_586' title='bbox 1945 3338 2002 3383; x_wconf 89' lang='lat' dir='ltr'><strong>et</strong></span> <span class='ocrx_word' id='word_1_587' title='bbox 2030 3328 2249 3383; x_wconf 90' lang='lat' dir='ltr'><strong>videtis.</strong></span> <span class='ocrx_word' id='word_1_588' title='bbox 2288 3328 2404 3383; x_wconf 91' lang='lat' dir='ltr'><strong>Non</strong></span> <span class='ocrx_word' id='word_1_589' title='bbox 2438 3328 2581 3381; x_wconf 83' lang='lat' dir='ltr'><strong>enim</strong></span> <span class='ocrx_word' id='word_1_590' title='bbox 2615 3337 2699 3382; x_wconf 89' lang='lat' dir='ltr'><strong>est</strong></span> <span class='ocrx_word' id='word_1_591' title='bbox 2729 3328 2874 3398; x_wconf 93' lang='lat' dir='ltr'><strong>quod</strong></span> <span class='ocrx_word' id='word_1_592' title='bbox 2919 3329 3116 3383; x_wconf 89' lang='lat' dir='ltr'><strong>videtis</strong></span> <span class='ocrx_word' id='word_1_593' title='bbox 3157 3338 3390 3393; x_wconf 89' lang='lat' dir='ltr'><strong>tantum,</strong></span> <span class='ocrx_word' id='word_1_594' title='bbox 3427 3329 3522 3382; x_wconf 86' lang='lat' dir='ltr'><strong>sed</strong></span> 
     </span>
    </p>
   </div>
   <div class='ocr_carea' id='block_1_77' title="bbox 1944 3416 3523 3489">
    <p class='ocr_par' dir='ltr' id='par_1_77' title="bbox 1944 3416 3523 3489">
     <span class='ocr_line' id='line_1_77' title="bbox 1944 3416 3523 3489; baseline -0.001 -17"><span class='ocrx_word' id='word_1_595' title='bbox 1944 3420 2318 3489; x_wconf 81' lang='lat' dir='ltr'><strong>unusquisque</strong></span> <span class='ocrx_word' id='word_1_596' title='bbox 2366 3434 2556 3471; x_wconf 90' lang='lat' dir='ltr'><strong>eorum</strong></span> <span class='ocrx_word' id='word_1_597' title='bbox 2588 3428 2793 3488; x_wconf 88' lang='lat' dir='ltr'><strong>septem</strong></span> <span class='ocrx_word' id='word_1_598' title='bbox 2829 3428 2883 3471; x_wconf 90' lang='lat' dir='ltr'><strong>et</strong></span> <span class='ocrx_word' id='word_1_599' title='bbox 2914 3420 3096 3488; x_wconf 91' lang='lat' dir='ltr'><strong>plures</strong></span> <span class='ocrx_word' id='word_1_600' title='bbox 3136 3429 3279 3473; x_wconf 91' lang='lat' dir='ltr'><strong>sunt.</strong></span> <span class='ocrx_word' id='word_1_601' title='bbox 3312 3416 3445 3471; x_wconf 82' lang='lat' dir='ltr'><strong>Nam</strong></span> <span class='ocrx_word' id='word_1_602' title='bbox 3472 3428 3523 3471; x_wconf 92' lang='lat' dir='ltr'><strong>et</strong></span> 
     </span>
    </p>
   </div>
   <div class='ocr_carea' id='block_1_78' title="bbox 1946 3510 3517 3580">
    <p class='ocr_par' dir='ltr' id='par_1_78' title="bbox 1946 3510 3517 3580">
     <span class='ocr_line' id='line_1_78' title="bbox 1946 3510 3517 3580; baseline -0.004 -15"><span class='ocrx_word' id='word_1_603' title='bbox 1946 3512 2129 3580; x_wconf 88' lang='lat' dir='ltr'><strong>plures</strong></span> <span class='ocrx_word' id='word_1_604' title='bbox 2178 3510 2379 3565; x_wconf 90' lang='lat' dir='ltr'><strong>habent</strong></span> <span class='ocrx_word' id='word_1_605' title='bbox 2409 3511 2700 3565; x_wconf 67' lang='lat' dir='ltr'><strong>daemones.</strong></span> <span class='ocrx_word' id='word_1_606' title='bbox 2742 3510 2799 3564; x_wconf 92' lang='lat' dir='ltr'><strong>Si</strong></span> <span class='ocrx_word' id='word_1_607' title='bbox 2827 3512 2954 3580; x_wconf 92' lang='lat' dir='ltr'><strong>quis</strong></span> <span class='ocrx_word' id='word_1_608' title='bbox 2999 3521 3178 3564; x_wconf 89' lang='lat' dir='ltr'><strong>autem</strong></span> <span class='ocrx_word' id='word_1_609' title='bbox 3217 3510 3517 3564; x_wconf 84' lang='lat' dir='ltr'><strong>recedenti-</strong></span> 
     </span>
    </p>
   </div>
   <div class='ocr_carea' id='block_1_79' title="bbox 1944 3602 3519 3664">
    <p class='ocr_par' dir='ltr' id='par_1_79' title="bbox 1944 3602 3519 3664">
     <span class='ocr_line' id='line_1_79' title="bbox 1944 3602 3519 3664; baseline -0.002 -6"><span class='ocrx_word' id='word_1_610' title='bbox 1944 3603 2045 3658; x_wconf 87' lang='lat' dir='ltr'><strong>bus</strong></span> <span class='ocrx_word' id='word_1_611' title='bbox 2071 3604 2429 3663; x_wconf 76' lang='lat' dir='ltr'><strong>dtrmonibus.</strong></span> <span class='ocrx_word' id='word_1_612' title='bbox 2464 3604 2605 3656; x_wconf 87' lang='lat' dir='ltr'><strong>sicut</strong></span> <span class='ocrx_word' id='word_1_613' title='bbox 2656 3603 2918 3657; x_wconf 87' lang='lat' dir='ltr'><strong>ebrietate</strong></span> <span class='ocrx_word' id='word_1_614' title='bbox 2950 3602 3254 3664; x_wconf 86' lang='lat' dir='ltr'><strong>recedente,</strong></span> <span class='ocrx_word' id='word_1_615' title='bbox 3288 3602 3519 3655; x_wconf 85' lang='lat' dir='ltr'><strong>voluerit</strong></span> 
     </span>
    </p>
   </div>
   <div class='ocr_carea' id='block_1_80' title="bbox 1950 3694 3518 3767">
    <p class='ocr_par' dir='ltr' id='par_1_80' title="bbox 1950 3694 3518 3767">
     <span class='ocr_line' id='line_1_80' title="bbox 1950 3694 3518 3767; baseline -0.004 -16"><span class='ocrx_word' id='word_1_616' title='bbox 1950 3696 2317 3767; x_wconf 88' lang='lat' dir='ltr'><strong>interrogare,</strong></span> <span class='ocrx_word' id='word_1_617' title='bbox 2358 3697 2402 3751; x_wconf 90' lang='lat' dir='ltr'><strong>si</strong></span> <span class='ocrx_word' id='word_1_618' title='bbox 2445 3708 2624 3751; x_wconf 92' lang='lat' dir='ltr'><strong>tamen</strong></span> <span class='ocrx_word' id='word_1_619' title='bbox 2658 3707 2712 3750; x_wconf 90' lang='lat' dir='ltr'><strong>et</strong></span> <span class='ocrx_word' id='word_1_620' title='bbox 2748 3697 3035 3765; x_wconf 88' lang='lat' dir='ltr'><strong>agnoverit</strong></span> <span class='ocrx_word' id='word_1_621' title='bbox 3063 3694 3293 3763; x_wconf 86' lang='lat' dir='ltr'><strong>aliquem</strong></span> <span class='ocrx_word' id='word_1_622' title='bbox 3331 3708 3518 3746; x_wconf 90' lang='lat' dir='ltr'><strong>eormn</strong></span> 
     </span>
    </p>
   </div>
   <div class='ocr_carea' id='block_1_81' title="bbox 1945 3783 3523 3857">
    <p class='ocr_par' dir='ltr' id='par_1_81' title="bbox 1945 3783 3523 3857">
     <span class='ocr_line' id='line_1_81' title="bbox 1945 3783 3523 3857; baseline -0.004 -16"><span class='ocrx_word' id='word_1_623' title='bbox 1945 3789 2037 3857; x_wconf 91' lang='lat' dir='ltr'><strong>qui</strong></span> <span class='ocrx_word' id='word_1_624' title='bbox 2077 3800 2222 3842; x_wconf 91' lang='lat' dir='ltr'><strong>nunc</strong></span> <span class='ocrx_word' id='word_1_625' title='bbox 2253 3786 2564 3856; x_wconf 87' lang='lat' dir='ltr'><strong>gloriantur</strong></span> <span class='ocrx_word' id='word_1_626' title='bbox 2593 3788 2644 3841; x_wconf 92' lang='lat' dir='ltr'><strong>in</strong></span> <span class='ocrx_word' id='word_1_627' title='bbox 2679 3784 3107 3855; x_wconf 89' lang='lat' dir='ltr'><strong>turpitudinibus</strong></span> <span class='ocrx_word' id='word_1_628' title='bbox 3138 3784 3274 3846; x_wconf 88' lang='lat' dir='ltr'><strong>suis,</strong></span> <span class='ocrx_word' id='word_1_629' title='bbox 3309 3783 3422 3851; x_wconf 90' lang='lat' dir='ltr'><strong>ipse</strong></span> <span class='ocrx_word' id='word_1_630' title='bbox 3448 3783 3523 3836; x_wconf 88' lang='lat' dir='ltr'><strong>sit</strong></span> 
     </span>
    </p>
   </div>
   <div class='ocr_carea' id='block_1_82' title="bbox 1943 3875 3523 3947">
    <p class='ocr_par' dir='ltr' id='par_1_82' title="bbox 1943 3875 3523 3947">
     <span class='ocr_line' id='line_1_82' title="bbox 1943 3875 3523 3947; baseline -0.001 -19"><span class='ocrx_word' id='word_1_631' title='bbox 1943 3880 2030 3947; x_wconf 93' lang='lat' dir='ltr'><strong>qui</strong></span> <span class='ocrx_word' id='word_1_632' title='bbox 2077 3878 2308 3933; x_wconf 80' lang='lat' dir='ltr'><strong>faciebat</strong></span> <span class='ocrx_word' id='word_1_633' title='bbox 2340 3880 2474 3937; x_wconf 73' lang='lat' dir='ltr'><strong>haec.</strong></span> <span class='ocrx_word' id='word_1_634' title='bbox 2520 3889 2611 3931; x_wconf 90' lang='lat' dir='ltr'><strong>aut</strong></span> <span class='ocrx_word' id='word_1_635' title='bbox 2653 3877 2802 3940; x_wconf 81' lang='lat' dir='ltr'><strong>fecit,</strong></span> <span class='ocrx_word' id='word_1_636' title='bbox 2848 3886 2941 3929; x_wconf 92' lang='lat' dir='ltr'><strong>aut</strong></span> <span class='ocrx_word' id='word_1_637' title='bbox 2977 3875 3187 3929; x_wconf 93' lang='lat' dir='ltr'><strong>locutus</strong></span> <span class='ocrx_word' id='word_1_638' title='bbox 3218 3882 3342 3939; x_wconf 91' lang='lat' dir='ltr'><strong>est;</strong></span> <span class='ocrx_word' id='word_1_639' title='bbox 3397 3888 3523 3927; x_wconf 89' lang='lat' dir='ltr'><strong>vere</strong></span> 
     </span>
    </p>
   </div>
   <div class='ocr_carea' id='block_1_83' title="bbox 1943 3966 3522 4040">
    <p class='ocr_par' dir='ltr' id='par_1_83' title="bbox 1943 3966 3522 4040">
     <span class='ocr_line' id='line_1_83' title="bbox 1943 3966 3522 4040; baseline -0.005 -15"><span class='ocrx_word' id='word_1_640' title='bbox 1943 3971 2173 4026; x_wconf 84' lang='lat' dir='ltr'><strong>ellicitur</strong></span> <span class='ocrx_word' id='word_1_641' title='bbox 2220 3972 2349 4025; x_wconf 88' lang='lat' dir='ltr'><strong>illttd</strong></span> <span class='ocrx_word' id='word_1_642' title='bbox 2401 3971 2755 4040; x_wconf 89' lang='lat' dir='ltr'><strong>apostolicum</strong></span> <span class='ocrx_word' id='word_1_643' title='bbox 2808 3969 3008 4023; x_wconf 92' lang='lat' dir='ltr'><strong>dictum</strong></span> <span class='ocrx_word' id='word_1_644' title='bbox 3044 3983 3057 4018; x_wconf 92' lang='lat'><strong>:</strong></span> <span class='ocrx_word' id='word_1_645' title='bbox 3088 3968 3240 4031; x_wconf 83' lang='lat' dir='ltr'><strong>Quod</strong></span> <span class='ocrx_word' id='word_1_646' title='bbox 3292 3966 3522 4034; x_wconf 80' lang='lat' dir='ltr'><strong>fructum</strong></span> 
     </span>
    </p>
   </div>
   <div class='ocr_carea' id='block_1_84' title="bbox 1947 4055 3521 4131">
    <p class='ocr_par' dir='ltr' id='par_1_84' title="bbox 1947 4055 3521 4131">
     <span class='ocr_line' id='line_1_84' title="bbox 1947 4055 3521 4131; baseline -0.004 -17"><span class='ocrx_word' id='word_1_647' title='bbox 1947 4064 2217 4116; x_wconf 82' lang='lat' dir='ltr'><strong>habebatis</strong></span> <span class='ocrx_word' id='word_1_648' title='bbox 2250 4072 2395 4127; x_wconf 87' lang='lat' dir='ltr'><strong>tunc,</strong></span> <span class='ocrx_word' id='word_1_649' title='bbox 2425 4063 2477 4114; x_wconf 89' lang='lat' dir='ltr'><strong>in</strong></span> <span class='ocrx_word' id='word_1_650' title='bbox 2502 4063 2687 4131; x_wconf 85' lang='lat' dir='ltr'><strong>quibus</strong></span> <span class='ocrx_word' id='word_1_651' title='bbox 2715 4076 2850 4113; x_wconf 85' lang='lat' dir='ltr'><strong>nunc</strong></span> <span class='ocrx_word' id='word_1_652' title='bbox 2876 4057 3318 4127; x_wconf 73' lang='lat' dir='ltr'><strong>confundimini&quot;</strong></span> <span class='ocrx_word' id='word_1_653' title='bbox 3337 4059 3380 4121; x_wconf 80' lang='lat'><strong>?_</strong></span> <span class='ocrx_word' id='word_1_654' title='bbox 3399 4055 3521 4111; x_wconf 89' lang='lat' dir='ltr'><strong>Sic-</strong></span> 
     </span>
    </p>
   </div>
   <div class='ocr_carea' id='block_1_85' title="bbox 1944 4131 3521 4219">
    <p class='ocr_par' dir='ltr' id='par_1_85' title="bbox 1944 4131 3521 4219">
     <span class='ocr_line' id='line_1_85' title="bbox 1944 4131 3521 4219; baseline -0.005 -12"><span class='ocrx_word' id='word_1_655' title='bbox 1944 4165 1999 4207; x_wconf 90' lang='lat' dir='ltr'><strong>ut</strong></span> <span class='ocrx_word' id='word_1_656' title='bbox 2040 4155 2183 4207; x_wconf 89' lang='lat' dir='ltr'><strong>euim</strong></span> <span class='ocrx_word' id='word_1_657' title='bbox 2251 4169 2391 4207; x_wconf 89' lang='lat' dir='ltr'><strong>nunc</strong></span> <span class='ocrx_word' id='word_1_658' title='bbox 2440 4154 2685 4206; x_wconf 88' lang='lat' dir='ltr'><strong>videmus</strong></span> <span class='ocrx_word' id='word_1_659' title='bbox 2745 4150 3051 4204; x_wconf 86' lang='lat' dir='ltr'><strong>immundos</strong></span> <span class='ocrx_word' id='word_1_660' title='bbox 3099 4150 3324 4219; x_wconf 90' lang='lat' dir='ltr'><strong>spiritus</strong></span> <span class='ocrx_word' id='word_1_661' title='bbox 3376 4131 3521 4202; x_wconf 55' lang='lat' dir='ltr'><strong>acci;</strong></span> 
     </span>
    </p>
   </div>
   <div class='ocr_carea' id='block_1_86' title="bbox 1944 4240 3519 4316">
    <p class='ocr_par' dir='ltr' id='par_1_86' title="bbox 1944 4240 3519 4316">
     <span class='ocr_line' id='line_1_86' title="bbox 1944 4240 3519 4316; baseline -0.002 -18"><span class='ocrx_word' id='word_1_662' title='bbox 1944 4248 2153 4316; x_wconf 90' lang='lat' dir='ltr'><strong>pientes</strong></span> <span class='ocrx_word' id='word_1_663' title='bbox 2189 4244 2554 4306; x_wconf 89' lang='lat' dir='ltr'><strong>occasionem,</strong></span> <span class='ocrx_word' id='word_1_664' title='bbox 2605 4243 2854 4311; x_wconf 90' lang='lat' dir='ltr'><strong>persequi</strong></span> <span class='ocrx_word' id='word_1_665' title='bbox 2886 4257 2947 4296; x_wconf 81' lang='lat' dir='ltr'><strong>ea</strong></span> <span class='ocrx_word' id='word_1_666' title='bbox 2992 4256 3112 4309; x_wconf 74' lang='lat' dir='ltr'><strong>qua:</strong></span> <span class='ocrx_word' id='word_1_667' title='bbox 3156 4240 3353 4294; x_wconf 87' lang='lat' dir='ltr'><strong>similia</strong></span> <span class='ocrx_word' id='word_1_668' title='bbox 3389 4249 3519 4295; x_wconf 88' lang='lat' dir='ltr'><strong>sunt</strong></span> 
     </span>
    </p>
   </div>
   <div class='ocr_carea' id='block_1_87' title="bbox 1943 4332 3523 4403">
    <p class='ocr_par' dir='ltr' id='par_1_87' title="bbox 1943 4332 3523 4403">
     <span class='ocr_line' id='line_1_87' title="bbox 1943 4332 3523 4403; baseline -0.005 -10"><span class='ocrx_word' id='word_1_669' title='bbox 1943 4340 2043 4393; x_wconf 91' lang='lat' dir='ltr'><strong>sibi</strong></span> <span class='ocrx_word' id='word_1_670' title='bbox 2073 4338 2187 4392; x_wconf 90' lang='lat' dir='ltr'><strong>:ita</strong></span> <span class='ocrx_word' id='word_1_671' title='bbox 2234 4345 2289 4392; x_wconf 92' lang='lat' dir='ltr'><strong>et</strong></span> <span class='ocrx_word' id='word_1_672' title='bbox 2349 4345 2477 4390; x_wconf 91' lang='lat' dir='ltr'><strong>tunc</strong></span> <span class='ocrx_word' id='word_1_673' title='bbox 2527 4336 2649 4403; x_wconf 90' lang='lat' dir='ltr'><strong>quia</strong></span> <span class='ocrx_word' id='word_1_674' title='bbox 2702 4334 2922 4388; x_wconf 87' lang='lat' dir='ltr'><strong>sordida</strong></span> <span class='ocrx_word' id='word_1_675' title='bbox 2994 4343 3150 4387; x_wconf 89' lang='lat' dir='ltr'><strong>erant</strong></span> <span class='ocrx_word' id='word_1_676' title='bbox 3200 4332 3523 4386; x_wconf 85' lang='lat' dir='ltr'><strong>vestimenta</strong></span> 
     </span>
    </p>
   </div>
   <div class='ocr_carea' id='block_1_88' title="bbox 1943 4424 3525 4499">
    <p class='ocr_par' dir='ltr' id='par_1_88' title="bbox 1943 4424 3525 4499">
     <span class='ocr_line' id='line_1_88' title="bbox 1943 4424 3525 4499; baseline -0.005 -14"><span class='ocrx_word' id='word_1_677' title='bbox 1943 4430 2247 4485; x_wconf 71' lang='lat' dir='ltr'><strong>sacerdotis</strong></span> <span class='ocrx_word' id='word_1_678' title='bbox 2284 4429 2404 4499; x_wconf 87' lang='lat' dir='ltr'><strong>ejus</strong></span> <span class='ocrx_word' id='word_1_679' title='bbox 2454 4428 2545 4496; x_wconf 92' lang='lat' dir='ltr'><strong>qui</strong></span> <span class='ocrx_word' id='word_1_680' title='bbox 2597 4426 2776 4480; x_wconf 82' lang='lat' dir='ltr'><strong>fuerat</strong></span> <span class='ocrx_word' id='word_1_681' title='bbox 2833 4428 3001 4490; x_wconf 88' lang='lat' dir='ltr'><strong>visus,</strong></span> <span class='ocrx_word' id='word_1_682' title='bbox 3044 4427 3222 4481; x_wconf 88' lang='lat' dir='ltr'><strong>stabat</strong></span> <span class='ocrx_word' id='word_1_683' title='bbox 3280 4424 3525 4478; x_wconf 83' lang='lat' dir='ltr'><strong>diabolus</strong></span> 
     </span>
    </p>
   </div>
   <div class='ocr_carea' id='block_1_89' title="bbox 1943 4518 3526 4587">
    <p class='ocr_par' dir='ltr' id='par_1_89' title="bbox 1943 4518 3526 4587">
     <span class='ocr_line' id='line_1_89' title="bbox 1943 4518 3526 4587; baseline -0.005 -12"><span class='ocrx_word' id='word_1_684' title='bbox 1943 4524 2009 4575; x_wconf 87' lang='lat' dir='ltr'><strong>ad</strong></span> <span class='ocrx_word' id='word_1_685' title='bbox 2071 4522 2349 4576; x_wconf 74' lang='lat' dir='ltr'><strong>dexteram</strong></span> <span class='ocrx_word' id='word_1_686' title='bbox 2417 4518 2533 4585; x_wconf 83' lang='lat' dir='ltr'><strong>ejus</strong></span> <span class='ocrx_word' id='word_1_687' title='bbox 2591 4518 2813 4587; x_wconf 76' lang='lat' dir='ltr'><strong>cupiens</strong></span> <span class='ocrx_word' id='word_1_688' title='bbox 2881 4531 3004 4569; x_wconf 85' lang='lat' dir='ltr'><strong>eum</strong></span> <span class='ocrx_word' id='word_1_689' title='bbox 3068 4530 3260 4568; x_wconf 90' lang='lat' dir='ltr'><strong>nocere</strong></span> <span class='ocrx_word' id='word_1_690' title='bbox 3306 4525 3526 4583; x_wconf 80' lang='lat' dir='ltr'><strong>propter</strong></span> 
     </span>
    </p>
   </div>
   <div class='ocr_carea' id='block_1_90' title="bbox 264 4604 3519 4679">
    <p class='ocr_par' dir='ltr' id='par_1_90' title="bbox 264 4604 3519 4679">
     <span class='ocr_line' id='line_1_90' title="bbox 264 4604 3519 4679; baseline -0.005 -6"><span class='ocrx_word' id='word_1_691' title='bbox 264 4615 531 4679; x_wconf 81' lang='lat' dir='ltr'><strong>requiem.</strong></span> <span class='ocrx_word' id='word_1_692' title='bbox 580 4611 706 4679; x_wconf 72' lang='grc' dir='ltr'><strong>(ιιιίει</strong></span> <span class='ocrx_word' id='word_1_693' title='bbox 755 4624 861 4663; x_wconf 79' lang='lat' dir='ltr'><strong>non</strong></span> <span class='ocrx_word' id='word_1_694' title='bbox 904 4609 1201 4663; x_wconf 69' lang='grc' dir='ltr'><strong>ἀειοοιθιυῐ</strong></span> <span class='ocrx_word' id='word_1_695' title='bbox 1248 4623 1458 4678; x_wconf 62' lang='lat' dir='ltr'><strong>Pacem,</strong></span> <span class='ocrx_word' id='word_1_696' title='bbox 1509 4622 1685 4678; x_wconf 86' lang='lat' dir='ltr'><strong>neque</strong></span> <span class='ocrx_word' id='word_1_697' title='bbox 1728 4609 1841 4663; x_wconf 69' lang='lat' dir='ltr'><strong>“Ill</strong></span> <span class='ocrx_word' id='word_1_698' title='bbox 1871 4616 1914 4671; x_wconf 94' lang='lat' dir='ltr'><strong>D</strong></span> <span class='ocrx_word' id='word_1_699' title='bbox 1946 4616 2161 4669; x_wconf 90' lang='lat' dir='ltr'><strong>sordida</strong></span> <span class='ocrx_word' id='word_1_700' title='bbox 2202 4614 2553 4668; x_wconf 86' lang='lat' dir='ltr'><strong>vestimenta.</strong></span> <span class='ocrx_word' id='word_1_701' title='bbox 2605 4610 2795 4664; x_wconf 85' lang='lat' dir='ltr'><strong>Stabat</strong></span> <span class='ocrx_word' id='word_1_702' title='bbox 2850 4619 3114 4663; x_wconf 88' lang='lat' dir='ltr'><strong>autemet</strong></span> <span class='ocrx_word' id='word_1_703' title='bbox 3150 4605 3373 4677; x_wconf 82' lang='lat' dir='ltr'><strong>angelus</strong></span> <span class='ocrx_word' id='word_1_704' title='bbox 3406 4604 3519 4658; x_wconf 87' lang='lat' dir='ltr'><strong>Dei.</strong></span> 
     </span>
    </p>
   </div>
   <div class='ocr_carea' id='block_1_91' title="bbox 261 4701 1836 4769">
    <p class='ocr_par' dir='ltr' id='par_1_91' title="bbox 261 4701 1836 4769">
     <span class='ocr_line' id='line_1_91' title="bbox 261 4701 1836 4769; baseline -0.002 -11"><span class='ocrx_word' id='word_1_705' title='bbox 261 4703 594 4766; x_wconf 86' lang='lat' dir='ltr'><strong>habitacula,</strong></span> <span class='ocrx_word' id='word_1_706' title='bbox 617 4704 710 4757; x_wconf 90' lang='lat' dir='ltr'><strong>sed</strong></span> <span class='ocrx_word' id='word_1_707' title='bbox 740 4703 951 4756; x_wconf 83' lang='lat' dir='ltr'><strong>deserta</strong></span> <span class='ocrx_word' id='word_1_708' title='bbox 985 4701 1202 4769; x_wconf 69' lang='lat' dir='ltr'><strong>quaerit,</strong></span> <span class='ocrx_word' id='word_1_709' title='bbox 1232 4712 1325 4755; x_wconf 90' lang='lat' dir='ltr'><strong>aut</strong></span> <span class='ocrx_word' id='word_1_710' title='bbox 1366 4710 1564 4756; x_wconf 85' lang='lat' dir='ltr'><strong>terram</strong></span> <span class='ocrx_word' id='word_1_711' title='bbox 1596 4709 1688 4755; x_wconf 92' lang='lat' dir='ltr'><strong>aut</strong></span> <span class='ocrx_word' id='word_1_712' title='bbox 1718 4703 1836 4755; x_wconf 85' lang='lat' dir='ltr'><strong>aui-</strong></span> 
     </span>
    </p>
   </div>
   <div class='ocr_carea' id='block_1_92' title="bbox 266 4792 1836 4865">
    <p class='ocr_par' dir='ltr' id='par_1_92' title="bbox 266 4792 1836 4865">
     <span class='ocr_line' id='line_1_92' title="bbox 266 4792 1836 4865; baseline -0.001 -16"><span class='ocrx_word' id='word_1_713' title='bbox 266 4810 412 4849; x_wconf 83' lang='lat' dir='ltr'><strong>rnam</strong></span> <span class='ocrx_word' id='word_1_714' title='bbox 437 4794 651 4865; x_wconf 74' lang='lat' dir='ltr'><strong>quaerit.</strong></span> <span class='ocrx_word' id='word_1_715' title='bbox 688 4792 799 4849; x_wconf 86' lang='lat' dir='ltr'><strong>Nec</strong></span> <span class='ocrx_word' id='word_1_716' title='bbox 823 4794 910 4847; x_wconf 89' lang='lat' dir='ltr'><strong>ubi</strong></span> <span class='ocrx_word' id='word_1_717' title='bbox 932 4792 1122 4845; x_wconf 77' lang='lat' dir='ltr'><strong>aurum</strong></span> <span class='ocrx_word' id='word_1_718' title='bbox 1155 4793 1312 4847; x_wconf 88' lang='lat' dir='ltr'><strong>malis</strong></span> <span class='ocrx_word' id='word_1_719' title='bbox 1355 4794 1561 4848; x_wconf 91' lang='lat' dir='ltr'><strong>artibus</strong></span> <span class='ocrx_word' id='word_1_720' title='bbox 1594 4809 1836 4849; x_wconf 58' lang='lat' dir='ltr'><strong>comma-</strong></span> 
     </span>
    </p>
   </div>
   <div class='ocr_carea' id='block_1_93' title="bbox 262 4885 1839 4955">
    <p class='ocr_par' dir='ltr' id='par_1_93' title="bbox 262 4885 1839 4955">
     <span class='ocr_line' id='line_1_93' title="bbox 262 4885 1839 4955; baseline -0.001 -14"><span class='ocrx_word' id='word_1_721' title='bbox 262 4888 546 4941; x_wconf 86' lang='lat' dir='ltr'><strong>chinatum</strong></span> <span class='ocrx_word' id='word_1_722' title='bbox 587 4896 670 4940; x_wconf 91' lang='lat' dir='ltr'><strong>est</strong></span> <span class='ocrx_word' id='word_1_723' title='bbox 708 4887 761 4939; x_wconf 92' lang='lat' dir='ltr'><strong>in</strong></span> <span class='ocrx_word' id='word_1_724' title='bbox 805 4885 1112 4940; x_wconf 89' lang='lat' dir='ltr'><strong>simulacris</strong></span> <span class='ocrx_word' id='word_1_725' title='bbox 1140 4885 1359 4953; x_wconf 69' lang='lat' dir='ltr'><strong>quairit,</strong></span> <span class='ocrx_word' id='word_1_726' title='bbox 1389 4900 1488 4939; x_wconf 91' lang='lat' dir='ltr'><strong>nec</strong></span> <span class='ocrx_word' id='word_1_727' title='bbox 1512 4886 1602 4940; x_wconf 89' lang='lat' dir='ltr'><strong>ubi</strong></span> <span class='ocrx_word' id='word_1_728' title='bbox 1647 4900 1839 4955; x_wconf 88' lang='lat' dir='ltr'><strong>argen-</strong></span> 
     </span>
    </p>
   </div>
   <div class='ocr_carea' id='block_1_94' title="bbox 265 4964 1835 5033">
    <p class='ocr_par' dir='ltr' id='par_1_94' title="bbox 265 4964 1835 5033">
     <span class='ocr_line' id='line_1_94' title="bbox 265 4964 1835 5033; baseline -0.001 -2"><span class='ocrx_word' id='word_1_729' title='bbox 265 4988 378 5032; x_wconf 91' lang='lat' dir='ltr'><strong>tum</strong></span> <span class='ocrx_word' id='word_1_730' title='bbox 426 4976 567 5031; x_wconf 91' lang='lat' dir='ltr'><strong>male</strong></span> <span class='ocrx_word' id='word_1_731' title='bbox 612 4964 909 5031; x_wconf 79' lang='lat' dir='ltr'><strong>conﬂatuni</strong></span> <span class='ocrx_word' id='word_1_732' title='bbox 954 4984 1121 5031; x_wconf 78' lang='lat' dir='ltr'><strong>estut</strong></span> <span class='ocrx_word' id='word_1_733' title='bbox 1166 4975 1503 5030; x_wconf 86' lang='lat' dir='ltr'><strong>adoraretur.</strong></span> <span class='ocrx_word' id='word_1_734' title='bbox 1543 4977 1726 5033; x_wconf 90' lang='lat' dir='ltr'><strong>Sicubi</strong></span> <span class='ocrx_word' id='word_1_735' title='bbox 1770 4978 1835 5030; x_wconf 92' lang='lat' dir='ltr'><strong>li-</strong></span> 
     </span>
    </p>
   </div>
   <div class='ocr_carea' id='block_1_95' title="bbox 262 5066 1833 5138">
    <p class='ocr_par' dir='ltr' id='par_1_95' title="bbox 262 5066 1833 5138">
     <span class='ocr_line' id='line_1_95' title="bbox 262 5066 1833 5138; baseline 0.002 -16"><span class='ocrx_word' id='word_1_736' title='bbox 262 5083 429 5137; x_wconf 88' lang='lat' dir='ltr'><strong>gnum</strong></span> <span class='ocrx_word' id='word_1_737' title='bbox 464 5084 553 5123; x_wconf 88' lang='lat' dir='ltr'><strong>ars</strong></span> <span class='ocrx_word' id='word_1_738' title='bbox 584 5076 677 5122; x_wconf 90' lang='lat' dir='ltr'><strong>aut</strong></span> <span class='ocrx_word' id='word_1_739' title='bbox 703 5066 900 5122; x_wconf 89' lang='lat' dir='ltr'><strong>idolum</strong></span> <span class='ocrx_word' id='word_1_740' title='bbox 932 5066 1175 5138; x_wconf 90' lang='lat' dir='ltr'><strong>sculpsit,</strong></span> <span class='ocrx_word' id='word_1_741' title='bbox 1224 5068 1395 5124; x_wconf 88' lang='lat' dir='ltr'><strong>sicubi</strong></span> <span class='ocrx_word' id='word_1_742' title='bbox 1431 5067 1659 5138; x_wconf 87' lang='lat' dir='ltr'><strong>lapidem</strong></span> <span class='ocrx_word' id='word_1_743' title='bbox 1715 5085 1833 5125; x_wconf 85' lang='lat' dir='ltr'><strong>ere-</strong></span> 
     </span>
    </p>
   </div>
   <div class='ocr_carea' id='block_1_96' title="bbox 262 5160 1829 5234">
    <p class='ocr_par' dir='ltr' id='par_1_96' title="bbox 262 5160 1829 5234">
     <span class='ocr_line' id='line_1_96' title="bbox 262 5160 1829 5234; baseline 0.002 -16"><span class='ocrx_word' id='word_1_744' title='bbox 262 5170 465 5218; x_wconf 79' lang='lat' dir='ltr'><strong>xerunt</strong></span> <span class='ocrx_word' id='word_1_745' title='bbox 494 5175 686 5217; x_wconf 89' lang='lat' dir='ltr'><strong>manus</strong></span> <span class='ocrx_word' id='word_1_746' title='bbox 720 5161 785 5214; x_wconf 92' lang='lat' dir='ltr'><strong>ad</strong></span> <span class='ocrx_word' id='word_1_747' title='bbox 818 5160 1141 5229; x_wconf 85' lang='lat' dir='ltr'><strong>colendum;</strong></span> <span class='ocrx_word' id='word_1_748' title='bbox 1197 5160 1331 5215; x_wconf 89' lang='lat' dir='ltr'><strong>tales</strong></span> <span class='ocrx_word' id='word_1_749' title='bbox 1379 5163 1572 5232; x_wconf 59' lang='lat' dir='ltr'><strong>quwrit</strong></span> <span class='ocrx_word' id='word_1_750' title='bbox 1615 5165 1829 5234; x_wconf 89' lang='lat' dir='ltr'><strong>requies</strong></span> 
     </span>
    </p>
   </div>
   <div class='ocr_carea' id='block_1_97' title="bbox 264 5251 1831 5333">
    <p class='ocr_par' dir='ltr' id='par_1_97' title="bbox 264 5251 1831 5333">
     <span class='ocr_line' id='line_1_97' title="bbox 264 5251 1831 5333; baseline 0.003 -27"><span class='ocrx_word' id='word_1_751' title='bbox 264 5255 491 5333; x_wconf 84' lang='lat' dir='ltr'><strong>spiritus</strong></span> <span class='ocrx_word' id='word_1_752' title='bbox 534 5253 861 5307; x_wconf 88' lang='lat' dir='ltr'><strong>immundus.</strong></span> <span class='ocrx_word' id='word_1_753' title='bbox 912 5251 1095 5306; x_wconf 89' lang='lat' dir='ltr'><strong>Sicubi</strong></span> <span class='ocrx_word' id='word_1_754' title='bbox 1148 5253 1388 5323; x_wconf 86' lang='lat' dir='ltr'><strong>sanguis.</strong></span> <span class='ocrx_word' id='word_1_755' title='bbox 1422 5254 1596 5309; x_wconf 89' lang='lat' dir='ltr'><strong>sicubi</strong></span> <span class='ocrx_word' id='word_1_756' title='bbox 1649 5258 1831 5321; x_wconf 90' lang='lat' dir='ltr'><strong>nidor,</strong></span> 
     </span>
    </p>
   </div>
   <div class='ocr_carea' id='block_1_98' title="bbox 266 5343 1836 5408">
    <p class='ocr_par' dir='ltr' id='par_1_98' title="bbox 266 5343 1836 5408">
     <span class='ocr_line' id='line_1_98' title="bbox 266 5343 1836 5408; baseline -0.001 -6"><span class='ocrx_word' id='word_1_757' title='bbox 266 5344 446 5407; x_wconf 80' lang='lat' dir='ltr'><strong>sicubi</strong></span> <span class='ocrx_word' id='word_1_758' title='bbox 481 5348 831 5408; x_wconf 90' lang='lat' dir='ltr'><strong>seducantur,</strong></span> <span class='ocrx_word' id='word_1_759' title='bbox 868 5343 1041 5398; x_wconf 85' lang='lat' dir='ltr'><strong>sicubi</strong></span> <span class='ocrx_word' id='word_1_760' title='bbox 1068 5343 1304 5406; x_wconf 88' lang='lat' dir='ltr'><strong>theatra.</strong></span> <span class='ocrx_word' id='word_1_761' title='bbox 1339 5344 1513 5399; x_wconf 87' lang='lat' dir='ltr'><strong>sicubi</strong></span> <span class='ocrx_word' id='word_1_762' title='bbox 1548 5345 1675 5398; x_wconf 91' lang='lat' dir='ltr'><strong>nudi</strong></span> <span class='ocrx_word' id='word_1_763' title='bbox 1708 5362 1836 5400; x_wconf 90' lang='lat' dir='ltr'><strong>cur-</strong></span> 
     </span>
    </p>
   </div>
   <div class='ocr_carea' id='block_1_99' title="bbox 299 5434 1839 5505">
    <p class='ocr_par' dir='ltr' id='par_1_99' title="bbox 299 5434 1839 5505">
     <span class='ocr_line' id='line_1_99' title="bbox 299 5434 1839 5505; baseline -0.001 -12"><span class='ocrx_word' id='word_1_764' title='bbox 299 5448 476 5502; x_wconf 88' lang='lat' dir='ltr'><strong>entes,</strong></span> <span class='ocrx_word' id='word_1_765' title='bbox 509 5436 679 5491; x_wconf 91' lang='lat' dir='ltr'><strong>sicubi</strong></span> <span class='ocrx_word' id='word_1_766' title='bbox 713 5436 886 5505; x_wconf 91' lang='lat' dir='ltr'><strong>turpia</strong></span> <span class='ocrx_word' id='word_1_767' title='bbox 913 5434 1221 5505; x_wconf 87' lang='lat' dir='ltr'><strong>loquentes.</strong></span> <span class='ocrx_word' id='word_1_768' title='bbox 1271 5444 1329 5489; x_wconf 85' lang='lat' dir='ltr'><strong>et</strong></span> <span class='ocrx_word' id='word_1_769' title='bbox 1360 5436 1598 5504; x_wconf 90' lang='lat' dir='ltr'><strong>turpiora</strong></span> <span class='ocrx_word' id='word_1_770' title='bbox 1644 5438 1839 5493; x_wconf 86' lang='lat' dir='ltr'><strong>admit-</strong></span> 
     </span>
    </p>
   </div>
   <div class='ocr_carea' id='block_1_100' title="bbox 328 5530 1836 5600">
    <p class='ocr_par' dir='ltr' id='par_1_100' title="bbox 328 5530 1836 5600">
     <span class='ocr_line' id='line_1_100' title="bbox 328 5530 1836 5600; baseline 0.001 -13"><span class='ocrx_word' id='word_1_771' title='bbox 328 5540 469 5597; x_wconf 88' lang='lat' dir='ltr'><strong>ntes,</strong></span> <span class='ocrx_word' id='word_1_772' title='bbox 510 5542 565 5584; x_wconf 86' lang='lat' dir='ltr'><strong>et</strong></span> <span class='ocrx_word' id='word_1_773' title='bbox 604 5530 745 5586; x_wconf 90' lang='lat' dir='ltr'><strong>sicut</strong></span> <span class='ocrx_word' id='word_1_774' title='bbox 786 5530 964 5597; x_wconf 87' lang='lat' dir='ltr'><strong>apiqu</strong></span> <span class='ocrx_word' id='word_1_775' title='bbox 1006 5531 1293 5599; x_wconf 89' lang='lat' dir='ltr'><strong>progenies</strong></span> <span class='ocrx_word' id='word_1_776' title='bbox 1341 5530 1591 5585; x_wconf 88' lang='lat' dir='ltr'><strong>acerrimi</strong></span> <span class='ocrx_word' id='word_1_777' title='bbox 1613 5532 1836 5600; x_wconf 91' lang='lat' dir='ltr'><strong>quidam</strong></span> 
     </span>
    </p>
   </div>
   <div class='ocr_carea' id='block_1_101' title="bbox 338 5714 1769 5781">
    <p class='ocr_par' dir='ltr' id='par_1_101' title="bbox 338 5714 1769 5781">
     <span class='ocr_line' id='line_1_101' title="bbox 338 5714 1769 5781; baseline 0.002 -10"><span class='ocrx_word' id='word_1_778' title='bbox 338 5716 385 5750; x_wconf 79' lang='lat'><strong>’°</strong></span> <span class='ocrx_word' id='word_1_779' title='bbox 422 5715 586 5775; x_wconf 80' lang='lat' dir='ltr'><strong>Zach.</strong></span> <span class='ocrx_word' id='word_1_780' title='bbox 623 5731 704 5780; x_wconf 83' lang='grc' dir='ltr'><strong>ιιι,</strong></span> <span class='ocrx_word' id='word_1_781' title='bbox 735 5718 787 5770; x_wconf 89' lang='grc'><strong>1.</strong></span> <span class='ocrx_word' id='word_1_782' title='bbox 862 5714 906 5747; x_wconf 85' lang='grc'>¹¹</span> <span class='ocrx_word' id='word_1_783' title='bbox 947 5716 1075 5771; x_wconf 85' lang='lat' dir='ltr'><strong>ibid.</strong></span> <span class='ocrx_word' id='word_1_784' title='bbox 1111 5715 1161 5770; x_wconf 91' lang='lat'><strong>8.</strong></span> <span class='ocrx_word' id='word_1_785' title='bbox 1273 5718 1317 5748; x_wconf 83' lang='lat'>“</span> <span class='ocrx_word' id='word_1_786' title='bbox 1344 5716 1529 5774; x_wconf 75' lang='lat' dir='ltr'><strong>Matth.</strong></span> <span class='ocrx_word' id='word_1_787' title='bbox 1552 5732 1649 5781; x_wconf 80' lang='lat' dir='ltr'><strong>xu,</strong></span> <span class='ocrx_word' id='word_1_788' title='bbox 1684 5718 1769 5773; x_wconf 70' lang='grc'><strong>45.</strong></span> 
     </span>
    </p>
   </div>
   <div class='ocr_carea' id='block_1_102' title="bbox 303 5832 1838 5959">
    <p class='ocr_par' dir='ltr' id='par_1_102' title="bbox 303 5832 1838 5959">
     <span class='ocr_line' id='line_1_102' title="bbox 303 5832 1838 5959; baseline -0.002 -66"><span class='ocrx_word' id='word_1_789' title='bbox 303 5835 423 5959; x_wconf 59' lang='lat' dir='ltr'><strong>ll?)</strong></span> <span class='ocrx_word' id='word_1_790' title='bbox 478 5833 575 5888; x_wconf 83' lang='lat' dir='ltr'><strong>Ms.</strong></span> <span class='ocrx_word' id='word_1_791' title='bbox 629 5832 791 5889; x_wconf 78' lang='lat' dir='ltr'><strong>Facta</strong></span> <span class='ocrx_word' id='word_1_792' title='bbox 837 5843 1009 5888; x_wconf 84' lang='lat' dir='ltr'><strong>autem</strong></span> <span class='ocrx_word' id='word_1_793' title='bbox 1056 5844 1175 5888; x_wconf 86' lang='lat' dir='ltr'><strong>sunt</strong></span> <span class='ocrx_word' id='word_1_794' title='bbox 1224 5834 1325 5889; x_wconf 75' lang='lat' dir='ltr'><strong>ista</strong></span> <span class='ocrx_word' id='word_1_795' title='bbox 1359 5852 1474 5905; x_wconf 74' lang='lat' dir='ltr'><strong>qua:</strong></span> <span class='ocrx_word' id='word_1_796' title='bbox 1511 5834 1667 5901; x_wconf 80' lang='lat' dir='ltr'><strong>vides,</strong></span> <span class='ocrx_word' id='word_1_797' title='bbox 1719 5853 1838 5905; x_wconf 87' lang='lat' dir='ltr'><strong>pro-</strong></span> 
     </span>
     <span class='ocr_line' id='line_1_103' title="bbox 319 5924 439 5959; baseline 0 0"><span class='ocrx_word' id='word_1_798' title='bbox 319 5924 365 5959; x_wconf 66' lang='lat' dir='ltr'><strong>re</strong></span> <span class='ocrx_word' id='word_1_799' title='bbox 390 5924 439 5959; x_wconf 83' lang='grc' dir='ltr'><strong>α.</strong></span> 
     </span>
    </p>
   </div>
   <div class='ocr_carea' id='block_1_103' title="bbox 269 5924 439 5964">
    <p class='ocr_par' dir='ltr' id='par_1_103' title="bbox 269 5924 439 5964">
     <span class='ocr_line' id='line_1_104' title="bbox 269 5924 439 5964; baseline -0.029 0"><span class='ocrx_word' id='word_1_800' title='bbox 269 5924 439 5964; x_wconf 71' lang='lat' dir='ltr'><strong>Ditem.</strong></span> 
     </span>
    </p>
   </div>
   <div class='ocr_carea' id='block_1_104' title="bbox 1868 5718 2184 5776">
    <p class='ocr_par' dir='ltr' id='par_1_104' title="bbox 1868 5718 2184 5776">
     <span class='ocr_line' id='line_1_105' title="bbox 1868 5718 2184 5776; baseline -0.013 0"><span class='ocrx_word' id='word_1_801' title='bbox 1868 5722 1913 5754; x_wconf 82' lang='lat'><strong>&quot;</strong></span> <span class='ocrx_word' id='word_1_802' title='bbox 1938 5721 2065 5776; x_wconf 91' lang='lat' dir='ltr'><strong>ibid.</strong></span> <span class='ocrx_word' id='word_1_803' title='bbox 2096 5718 2184 5773; x_wconf 74' lang='grc'><strong>41.</strong></span> 
     </span>
    </p>
   </div>
   <div class='ocr_carea' id='block_1_105' title="bbox 1946 4693 3522 4769">
    <p class='ocr_par' dir='ltr' id='par_1_105' title="bbox 1946 4693 3522 4769">
     <span class='ocr_line' id='line_1_106' title="bbox 1946 4693 3522 4769; baseline -0.006 -14"><span class='ocrx_word' id='word_1_804' title='bbox 1946 4701 2016 4755; x_wconf 80' lang='lat' dir='ltr'><strong>Et</strong></span> <span class='ocrx_word' id='word_1_805' title='bbox 2053 4703 2200 4765; x_wconf 86' lang='lat' dir='ltr'><strong>dicit,</strong></span> <span class='ocrx_word' id='word_1_806' title='bbox 2246 4700 2443 4769; x_wconf 86' lang='lat' dir='ltr'><strong>inquit,</strong></span> <span class='ocrx_word' id='word_1_807' title='bbox 2489 4698 2705 4768; x_wconf 86' lang='lat' dir='ltr'><strong>angelus</strong></span> <span class='ocrx_word' id='word_1_808' title='bbox 2750 4696 2843 4751; x_wconf 85' lang='lat' dir='ltr'><strong>Dei</strong></span> <span class='ocrx_word' id='word_1_809' title='bbox 2883 4695 3393 4763; x_wconf 85' lang='lat' dir='ltr'><strong>diabolo:lncrepet</strong></span> <span class='ocrx_word' id='word_1_810' title='bbox 3430 4693 3522 4746; x_wconf 86' lang='lat' dir='ltr'><strong>tibi</strong></span> 
     </span>
    </p>
   </div>
   <div class='ocr_carea' id='block_1_106' title="bbox 1946 4786 3523 4859">
    <p class='ocr_par' dir='ltr' id='par_1_106' title="bbox 1946 4786 3523 4859">
     <span class='ocr_line' id='line_1_107' title="bbox 1946 4786 3523 4859; baseline -0.006 -11"><span class='ocrx_word' id='word_1_811' title='bbox 1946 4794 2226 4848; x_wconf 84' lang='lat' dir='ltr'><strong>Dominus.</strong></span> <span class='ocrx_word' id='word_1_812' title='bbox 2276 4791 2418 4856; x_wconf 80' lang='lat' dir='ltr'><strong>Hoc,</strong></span> <span class='ocrx_word' id='word_1_813' title='bbox 2468 4790 2662 4859; x_wconf 88' lang='lat' dir='ltr'><strong>inquit,</strong></span> <span class='ocrx_word' id='word_1_814' title='bbox 2698 4790 2937 4843; x_wconf 84' lang='lat' dir='ltr'><strong>relictum</strong></span> <span class='ocrx_word' id='word_1_815' title='bbox 2982 4799 3055 4842; x_wconf 83' lang='lat' dir='ltr'><strong>est</strong></span> <span class='ocrx_word' id='word_1_816' title='bbox 3093 4791 3159 4840; x_wconf 90' lang='lat' dir='ltr'><strong>ab</strong></span> <span class='ocrx_word' id='word_1_817' title='bbox 3199 4791 3334 4857; x_wconf 88' lang='lat' dir='ltr'><strong>igne,</strong></span> <span class='ocrx_word' id='word_1_818' title='bbox 3359 4797 3406 4839; x_wconf 87' lang='lat' dir='ltr'><strong>et</strong></span> <span class='ocrx_word' id='word_1_819' title='bbox 3448 4786 3523 4838; x_wconf 84' lang='lat' dir='ltr'><strong>vis</strong></span> 
     </span>
    </p>
   </div>
   <div class='ocr_carea' id='block_1_107' title="bbox 1944 4876 3523 4959">
    <p class='ocr_par' dir='ltr' id='par_1_107' title="bbox 1944 4876 3523 4959">
     <span class='ocr_line' id='line_1_108' title="bbox 1944 4876 3523 4959; baseline -0.007 -19"><span class='ocrx_word' id='word_1_820' title='bbox 1944 4903 2063 4940; x_wconf 88' lang='lat' dir='ltr'><strong>eum</strong></span> <span class='ocrx_word' id='word_1_821' title='bbox 2092 4883 2505 4959; x_wconf 62' lang='lat' dir='ltr'><strong>comburere“?</strong></span> <span class='ocrx_word' id='word_1_822' title='bbox 2552 4883 2618 4937; x_wconf 87' lang='lat' dir='ltr'><strong>Et</strong></span> <span class='ocrx_word' id='word_1_823' title='bbox 2662 4892 2784 4952; x_wconf 91' lang='lat' dir='ltr'><strong>post</strong></span> <span class='ocrx_word' id='word_1_824' title='bbox 2838 4882 2943 4936; x_wconf 93' lang='lat' dir='ltr'><strong>hoc</strong></span> <span class='ocrx_word' id='word_1_825' title='bbox 3000 4881 3255 4951; x_wconf 64' lang='lat' dir='ltr'><strong>praecepit</strong></span> <span class='ocrx_word' id='word_1_826' title='bbox 3302 4876 3523 4946; x_wconf 88' lang='lat' dir='ltr'><strong>angelus</strong></span> 
     </span>
    </p>
   </div>
   <div class='ocr_carea' id='block_1_108' title="bbox 1945 4970 3516 5032">
    <p class='ocr_par' dir='ltr' id='par_1_108' title="bbox 1945 4970 3516 5032">
     <span class='ocr_line' id='line_1_109' title="bbox 1945 4970 3516 5032; baseline -0.006 0"><span class='ocrx_word' id='word_1_827' title='bbox 1945 4977 2145 5032; x_wconf 79' lang='lat' dir='ltr'><strong>auferri</strong></span> <span class='ocrx_word' id='word_1_828' title='bbox 2183 4992 2211 5029; x_wconf 91' lang='lat' dir='ltr'><strong>a</strong></span> <span class='ocrx_word' id='word_1_829' title='bbox 2260 4975 2547 5031; x_wconf 80' lang='lat' dir='ltr'><strong>sacerdote</strong></span> <span class='ocrx_word' id='word_1_830' title='bbox 2586 4974 2801 5029; x_wconf 90' lang='lat' dir='ltr'><strong>sordida</strong></span> <span class='ocrx_word' id='word_1_831' title='bbox 2844 4974 3183 5032; x_wconf 85' lang='lat' dir='ltr'><strong>vestimenta,</strong></span> <span class='ocrx_word' id='word_1_832' title='bbox 3233 4979 3284 5023; x_wconf 69' lang='lat' dir='ltr'><strong>et</strong></span> <span class='ocrx_word' id='word_1_833' title='bbox 3330 4970 3516 5023; x_wconf 84' lang='lat' dir='ltr'><strong>vestiri</strong></span> 
     </span>
    </p>
   </div>
   <div class='ocr_carea' id='block_1_109' title="bbox 1944 5064 3512 5137">
    <p class='ocr_par' dir='ltr' id='par_1_109' title="bbox 1944 5064 3512 5137">
     <span class='ocr_line' id='line_1_110' title="bbox 1944 5064 3512 5137; baseline -0.008 -11"><span class='ocrx_word' id='word_1_834' title='bbox 1944 5086 2067 5126; x_wconf 89' lang='lat' dir='ltr'><strong>eum</strong></span> <span class='ocrx_word' id='word_1_835' title='bbox 2108 5069 2329 5123; x_wconf 89' lang='lat' dir='ltr'><strong>munda.</strong></span> <span class='ocrx_word' id='word_1_836' title='bbox 2359 5069 2425 5123; x_wconf 86' lang='lat' dir='ltr'><strong>Et</strong></span> <span class='ocrx_word' id='word_1_837' title='bbox 2451 5068 2705 5123; x_wconf 85' lang='lat' dir='ltr'><strong>sacerdos</strong></span> <span class='ocrx_word' id='word_1_838' title='bbox 2726 5066 2942 5137; x_wconf 91' lang='lat' dir='ltr'><strong>quidem</strong></span> <span class='ocrx_word' id='word_1_839' title='bbox 2972 5065 3060 5133; x_wconf 88' lang='lat' dir='ltr'><strong>qui</strong></span> <span class='ocrx_word' id='word_1_840' title='bbox 3097 5064 3377 5117; x_wconf 85' lang='lat' dir='ltr'><strong>videbatur</strong></span> <span class='ocrx_word' id='word_1_841' title='bbox 3408 5077 3512 5114; x_wconf 91' lang='lat' dir='ltr'><strong>non</strong></span> 
     </span>
    </p>
   </div>
   <div class='ocr_carea' id='block_1_110' title="bbox 1950 5156 3519 5225">
    <p class='ocr_par' dir='ltr' id='par_1_110' title="bbox 1950 5156 3519 5225">
     <span class='ocr_line' id='line_1_111' title="bbox 1950 5156 3519 5225; baseline -0.006 -12"><span class='ocrx_word' id='word_1_842' title='bbox 1950 5160 2179 5225; x_wconf 87' lang='lat' dir='ltr'><strong>aderat;</strong></span> <span class='ocrx_word' id='word_1_843' title='bbox 2218 5159 2310 5214; x_wconf 89' lang='lat' dir='ltr'><strong>sed</strong></span> <span class='ocrx_word' id='word_1_844' title='bbox 2351 5162 2648 5215; x_wconf 89' lang='lat' dir='ltr'><strong>constituto</strong></span> <span class='ocrx_word' id='word_1_845' title='bbox 2691 5174 2756 5213; x_wconf 88' lang='lat' dir='ltr'><strong>eo</strong></span> <span class='ocrx_word' id='word_1_846' title='bbox 2797 5157 2945 5221; x_wconf 90' lang='lat' dir='ltr'><strong>alibi,</strong></span> <span class='ocrx_word' id='word_1_847' title='bbox 2993 5156 3275 5208; x_wconf 89' lang='lat' dir='ltr'><strong>videbatur</strong></span> <span class='ocrx_word' id='word_1_848' title='bbox 3319 5170 3347 5206; x_wconf 92' lang='lat' dir='ltr'><strong>a</strong></span> <span class='ocrx_word' id='word_1_849' title='bbox 3399 5168 3519 5220; x_wconf 82' lang='lat' dir='ltr'><strong>pru-</strong></span> 
     </span>
    </p>
   </div>
   <div class='ocr_carea' id='block_1_111' title="bbox 1947 5245 3521 5323">
    <p class='ocr_par' dir='ltr' id='par_1_111' title="bbox 1947 5245 3521 5323">
     <span class='ocr_line' id='line_1_112' title="bbox 1947 5245 3521 5323; baseline -0.006 -16"><span class='ocrx_word' id='word_1_850' title='bbox 1947 5254 2131 5323; x_wconf 89' lang='lat' dir='ltr'><strong>pheta,</strong></span> <span class='ocrx_word' id='word_1_851' title='bbox 2160 5262 2216 5309; x_wconf 89' lang='lat' dir='ltr'><strong>et</strong></span> <span class='ocrx_word' id='word_1_852' title='bbox 2238 5253 2457 5308; x_wconf 87' lang='lat' dir='ltr'><strong>sordida</strong></span> <span class='ocrx_word' id='word_1_853' title='bbox 2488 5254 2715 5308; x_wconf 89' lang='lat' dir='ltr'><strong>vestitus</strong></span> <span class='ocrx_word' id='word_1_854' title='bbox 2740 5259 2859 5304; x_wconf 85' lang='lat' dir='ltr'><strong>erat</strong></span> <span class='ocrx_word' id='word_1_855' title='bbox 2895 5248 3236 5311; x_wconf 90' lang='lat' dir='ltr'><strong>vestimenta,</strong></span> <span class='ocrx_word' id='word_1_856' title='bbox 3260 5247 3349 5300; x_wconf 89' lang='lat' dir='ltr'><strong>illo</strong></span> <span class='ocrx_word' id='word_1_857' title='bbox 3379 5245 3521 5298; x_wconf 79' lang='lat' dir='ltr'><strong>forte</strong></span> 
     </span>
    </p>
   </div>
   <div class='ocr_carea' id='block_1_112' title="bbox 1946 5336 3518 5405">
    <p class='ocr_par' dir='ltr' id='par_1_112' title="bbox 1946 5336 3518 5405">
     <span class='ocr_line' id='line_1_113' title="bbox 1946 5336 3518 5405; baseline -0.006 -7"><span class='ocrx_word' id='word_1_858' title='bbox 1946 5344 2177 5399; x_wconf 88' lang='lat' dir='ltr'><strong>candida</strong></span> <span class='ocrx_word' id='word_1_859' title='bbox 2215 5345 2435 5400; x_wconf 73' lang='lat' dir='ltr'><strong>veStito.</strong></span> <span class='ocrx_word' id='word_1_860' title='bbox 2491 5343 2557 5397; x_wconf 85' lang='lat' dir='ltr'><strong>Et</strong></span> <span class='ocrx_word' id='word_1_861' title='bbox 2605 5344 2799 5397; x_wconf 85' lang='lat' dir='ltr'><strong>iterum</strong></span> <span class='ocrx_word' id='word_1_862' title='bbox 2852 5342 3169 5395; x_wconf 89' lang='lat' dir='ltr'><strong>iuunutatur</strong></span> <span class='ocrx_word' id='word_1_863' title='bbox 3200 5339 3318 5405; x_wconf 87' lang='lat' dir='ltr'><strong>ejus</strong></span> <span class='ocrx_word' id='word_1_864' title='bbox 3354 5336 3518 5389; x_wconf 90' lang='lat' dir='ltr'><strong>vestis</strong></span> 
     </span>
    </p>
   </div>
   <div class='ocr_carea' id='block_1_113' title="bbox 1944 5430 3515 5511">
    <p class='ocr_par' dir='ltr' id='par_1_113' title="bbox 1944 5430 3515 5511">
     <span class='ocr_line' id='line_1_114' title="bbox 1944 5430 3515 5511; baseline -0.008 -16"><span class='ocrx_word' id='word_1_865' title='bbox 1944 5440 2036 5511; x_wconf 91' lang='lat' dir='ltr'><strong>qui</strong></span> <span class='ocrx_word' id='word_1_866' title='bbox 2080 5440 2364 5494; x_wconf 88' lang='lat' dir='ltr'><strong>videbatur</strong></span> <span class='ocrx_word' id='word_1_867' title='bbox 2407 5454 2435 5491; x_wconf 90' lang='lat' dir='ltr'><strong>a</strong></span> <span class='ocrx_word' id='word_1_868' title='bbox 2483 5438 2768 5507; x_wconf 90' lang='lat' dir='ltr'><strong>propheta.</strong></span> <span class='ocrx_word' id='word_1_869' title='bbox 2798 5445 2852 5490; x_wconf 91' lang='lat' dir='ltr'><strong>et</strong></span> <span class='ocrx_word' id='word_1_870' title='bbox 2891 5435 2978 5488; x_wconf 90' lang='lat' dir='ltr'><strong>ille</strong></span> <span class='ocrx_word' id='word_1_871' title='bbox 3027 5450 3133 5487; x_wconf 89' lang='lat' dir='ltr'><strong>non</strong></span> <span class='ocrx_word' id='word_1_872' title='bbox 3167 5432 3391 5487; x_wconf 90' lang='lat' dir='ltr'><strong>mutavit</strong></span> <span class='ocrx_word' id='word_1_873' title='bbox 3424 5430 3515 5498; x_wconf 91' lang='lat' dir='ltr'><strong>qui</strong></span> 
     </span>
    </p>
   </div>
   <div class='ocr_carea' id='block_1_114' title="bbox 1947 5528 3517 5600">
    <p class='ocr_par' dir='ltr' id='par_1_114' title="bbox 1947 5528 3517 5600">
     <span class='ocr_line' id='line_1_115' title="bbox 1947 5528 3517 5600; baseline -0.006 -11"><span class='ocrx_word' id='word_1_874' title='bbox 1947 5552 2052 5589; x_wconf 94' lang='lat' dir='ltr'><strong>non</strong></span> <span class='ocrx_word' id='word_1_875' title='bbox 2090 5543 2209 5588; x_wconf 91' lang='lat' dir='ltr'><strong>erat</strong></span> <span class='ocrx_word' id='word_1_876' title='bbox 2238 5537 2289 5586; x_wconf 90' lang='lat' dir='ltr'><strong>in</strong></span> <span class='ocrx_word' id='word_1_877' title='bbox 2323 5532 2549 5586; x_wconf 83' lang='lat' dir='ltr'><strong>visione.</strong></span> <span class='ocrx_word' id='word_1_878' title='bbox 2586 5532 2651 5584; x_wconf 82' lang='lat' dir='ltr'><strong>Et</strong></span> <span class='ocrx_word' id='word_1_879' title='bbox 2681 5532 2929 5600; x_wconf 87' lang='lat' dir='ltr'><strong>provenit</strong></span> <span class='ocrx_word' id='word_1_880' title='bbox 2966 5539 3225 5599; x_wconf 82' lang='lat' dir='ltr'><strong>quantum</strong></span> <span class='ocrx_word' id='word_1_881' title='bbox 3262 5530 3326 5583; x_wconf 87' lang='lat' dir='ltr'><strong>ad</strong></span> <span class='ocrx_word' id='word_1_882' title='bbox 3357 5528 3517 5582; x_wconf 87' lang='lat' dir='ltr'><strong>visio-</strong></span> 
     </span>
    </p>
   </div>
   <div class='ocr_carea' id='block_1_115' title="bbox 2813 5713 3233 5781">
    <p class='ocr_par' dir='ltr' id='par_1_115' title="bbox 2813 5713 3233 5781">
     <span class='ocr_line' id='line_1_116' title="bbox 2813 5713 3233 5781; baseline -0.002 -13"><span class='ocrx_word' id='word_1_883' title='bbox 2813 5715 2857 5746; x_wconf 80' lang='lat'>&quot;</span> <span class='ocrx_word' id='word_1_884' title='bbox 2892 5714 3053 5769; x_wconf 84' lang='lat' dir='ltr'><strong>Ztcb.</strong></span> <span class='ocrx_word' id='word_1_885' title='bbox 3090 5713 3233 5781; x_wconf 45' lang='lat' dir='ltr'><strong>tibi</strong></span> 
     </span>
    </p>
   </div>
   <div class='ocr_carea' id='block_1_116' title="bbox 2017 5832 2877 5909">
    <p class='ocr_par' dir='ltr' id='par_1_116' title="bbox 2017 5832 2877 5909">
     <span class='ocr_line' id='line_1_117' title="bbox 2017 5832 2877 5909; baseline -0.003 -22"><span class='ocrx_word' id='word_1_886' title='bbox 2017 5837 2093 5909; x_wconf 82' lang='lat'><strong>(7)</strong></span> <span class='ocrx_word' id='word_1_887' title='bbox 2126 5835 2221 5891; x_wconf 82' lang='lat' dir='ltr'><strong>Ms.</strong></span> <span class='ocrx_word' id='word_1_888' title='bbox 2253 5833 2355 5889; x_wconf 81' lang='lat' dir='ltr'><strong>Ubi</strong></span> <span class='ocrx_word' id='word_1_889' title='bbox 2391 5836 2470 5889; x_wconf 87' lang='lat' dir='ltr'><strong>dei</strong></span> <span class='ocrx_word' id='word_1_890' title='bbox 2502 5832 2877 5887; x_wconf 80' lang='lat' dir='ltr'><strong>adulterantes.</strong></span> 
     </span>
    </p>
   </div>
   <div class='ocr_carea' id='block_1_117' title="bbox 2284 5714 2734 5779">
    <p class='ocr_par' dir='ltr' id='par_1_117' title="bbox 2284 5714 2734 5779">
     <span class='ocr_line' id='line_1_118' title="bbox 2284 5714 2734 5779; baseline -0.002 -8"><span class='ocrx_word' id='word_1_891' title='bbox 2284 5716 2330 5750; x_wconf 74' lang='grc'><strong>’⁸</strong></span> <span class='ocrx_word' id='word_1_892' title='bbox 2369 5718 2521 5770; x_wconf 72' lang='lat' dir='ltr'><strong>natu.</strong></span> <span class='ocrx_word' id='word_1_893' title='bbox 2551 5730 2624 5779; x_wconf 81' lang='lat' dir='ltr'><strong>vr,</strong></span> <span class='ocrx_word' id='word_1_894' title='bbox 2645 5714 2734 5770; x_wconf 76' lang='lat'><strong>2|.</strong></span> 
     </span>
    </p>
   </div>
  </div>
