3956 6556
329 397 457 452 H21

1269 392 1357 446 DE
1396 391 1855 448 INCORI’ORALI
1897 393 1984 447 ΕΤ
2024 393 2361 449 INVISIBILI
2398 394 2551 450 ΠΕΟ.

3408 402 3546 454 H23

328 512 439 565 Hoc
474 520 649 565 autem
690 509 1021 564 inllrntittis
1065 519 1148 565 est
1187 524 1340 580 opus.
1381 509 1651 576 Quantum
1687 508 1751 561 ad
1771 510 1886 562 dia-
1914 517 1960 572 Α
1989 509 2116 563 tiam
2163 511 2228 564 ad
2268 511 2549 565 Dominum
2601 509 2929 580 religiosam,
2961 512 3027 565 ad
3071 515 3545 582 conservusjusti~

327 602 507 657 bolum
536 613 765 670 spectat,
790 602 931 654 nulla
959 604 1049 668 sit,
1084 603 1272 671 inquit,
1305 604 1454 669 virgo
1479 618 1491 654 :
1529 604 1761 657 vincitur
1787 619 1886 656 au-

328 697 435 741 tem
466 702 495 739 a
533 686 716 740 tantis.
749 685 1019 753 Quantum
1048 687 1191 740 enim
1235 688 1301 740 ad
1332 686 1600 740 diabolum
1628 686 1883 756 pertinet,

327 792 395 831 ne
429 777 639 844 quidem
664 792 802 831 unus
829 779 1088 833 salvatur.
1117 778 1186 831 At
1230 779 1429 847 nuptia:
1466 780 1707 834 honestze
1737 788 1881 845 sunt,

325 877 381 923 et
402 869 642 923 diabolus
679 884 708 923 a
742 870 908 924 tantis
951 880 1032 925 est
1066 871 1313 926 obrutus.
1343 871 1614 938 Quantum
1644 870 1789 926 enim
1818 872 1885 925 ad

325 958 598 1013 diabolum
622 961 873 1029 pertinet,
905 962 1080 1016 nullus
1109 978 1322 1016 sursum
1350 964 1577 1031 aspiciat
1609 978 1840 1033 unquam
1866 980 1880 1016 :

324 1051 681 1121 disrumpitur
707 1062 885 1106 autem
911 1063 1093 1107 tantos
1126 1054 1337 1109 videns.
1370 1055 1642 1121 Quantum
1679 1056 1746 1107 ad
1770 1053 1886 1108 dia-

324 1139 532 1200 bolum,
559 1156 627 1194 ne
658 1141 876 1209 quidem
910 1144 1190 1211 vestigium
1236 1145 1506 1214 pudicitia:
1536 1145 1652 1199 vult
1677 1159 1798 1200 esse
1830 1146 1882 1198 in

325 1239 492 1287 terra.
528 1232 754 1287 Feriunt
794 1242 969 1289 autem
1003 1236 1095 1304 qui
1140 1238 1447 1305 percutiunt
1486 1253 1582 1292 cor
1630 1238 1883 1293 errantis.

330 1324 600 1391 Quantum
653 1326 718 1378 ad
763 1324 1074 1392 diabolum,
1114 1342 1214 1382 nec
1259 1344 1452 1384 nomen
1499 1329 1725 1399 justitiae
1765 1345 1887 1389 esse

327 1416 498 1483 cupit.
533 1414 633 1481 Qui
671 1425 850 1471 autem
891 1417 1077 1472 dicunt
1104 1420 1344 1487 peccavi,
1373 1420 1513 1475 illius
1535 1438 1695 1478 aures
1724 1426 1887 1481 casti-

324 1513 473 1573 gaut.
499 1503 613 1557 Non
642 1505 754 1557 vult
789 1506 1159 1583 ptenitentiam
1193 1523 1334 1570 esse,
1374 1520 1427 1561 et
1451 1509 1677 1566 eﬂicitur
1709 1518 1882 1582 pruni-

326 1597 515 1649 tentia.
562 1595 741 1649 Movet
787 1599 1244 1665 persecutionem,
1302 1608 1357 1653 et
1406 1603 1535 1655 liunt
1592 1613 1881 1675 martyres.

324 1686 535 1753 Quanta
564 1686 678 1754 ejus
709 1688 879 1755 capita
913 1688 1079 1743 inrisa
1118 1690 1284 1743 sunt?
1328 1691 1429 1746 hoc
1455 1702 1538 1747 est
1564 1692 1729 1762 ipsius
1765 1694 1884 1748 dia-

326 1778 453 1833 boli.
480 1778 609 1846 Quae
631 1781 775 1834 enim
800 1781 1107 1835 inciduntur
1133 1798 1229 1852 pro
1252 1784 1466 1839 Christo
1495 1788 1691 1856 capita,
1715 1788 1880 1856 ipsius

1987 601 2141 667 tiam,
2172 603 2360 657 videns
2380 604 2505 673 quia
2532 618 2663 659 oves
2694 621 2827 673 quas
2868 606 3128 674 orphanis
3155 606 3458 670 occidebat,
3489 620 3546 663 et

1989 701 2171 745 tauros
2210 705 2440 759 quorum
2471 707 2664 747 carnes
2691 693 2863 747 vidua:
2891 703 2945 748 et
2988 693 3218 762 orpliani
3253 696 3545 751 manduca-

1986 781 2141 846 bant,
2174 793 2230 838 et
2263 783 2439 837 omnis
2472 786 2743 851 possessio
2771 787 2922 854 cujus
2956 797 3071 840 erat
3101 788 3445 857 dispensator
3474 791 3542 844 ad

1985 885 2079 925 eos
2121 873 2211 939 qui
2246 872 2514 926 habebant
2546 874 2704 938 nihil,
2735 875 2784 928 in
2829 891 2935 929 uno
2978 888 3253 930 momento
3290 887 3543 947 tanquam

1986 975 2017 1014 a
2046 960 2153 1015 Deo
2180 959 2380 1025 ablata,
2399 975 2575 1015 nonne
2594 963 2881 1018 doluisset?
2914 965 3017 1019 Sed
3041 964 3141 1020 Job
3179 966 3379 1035 gratias
3409 966 3539 1034 egit,

1988 1061 2112 1119 puta
2141 1052 2268 1119 quia
2300 1053 2486 1105 omnia
2516 1051 2694 1107 subito
2716 1054 2934 1124 abrepta
2962 1066 3083 1110 sunt
3110 1056 3245 1122 ejus,
3277 1057 3541 1125 siquidem

1985 1150 2039 1195 et
2065 1142 2181 1197 filii.
2211 1143 2265 1196 Si
2300 1153 2477 1196 autem
2502 1153 2557 1197 et
2584 1143 2703 1207 filii,
2740 1153 2796 1197 ut
2826 1148 2953 1213 quid
2991 1147 3078 1199 tali
3121 1145 3327 1200 morte?
3354 1147 3463 1201 Cur
3488 1147 3542 1200 in

1987 1234 2117 1300 ipsis
2157 1232 2357 1287 mensis
2382 1234 2541 1287 simul
2564 1249 2750 1288 omnes
2779 1235 2964 1287 decem
2994 1238 3235 1305 oppressi
3276 1237 3442 1290 sunt?
3474 1236 3543 1291 Et

1988 1325 2088 1378 hoc
2119 1325 2311 1378 iterum
2349 1324 2641 1393 putabatur
2675 1328 2810 1380 Deus
2859 1326 3075 1380 fecisse.
3112 1327 3241 1381 Puta
3266 1330 3391 1397 quia
3424 1345 3540 1384 om-

1986 1415 2070 1467 nis
2098 1414 2326 1468 facultas
2351 1422 2406 1467 et
2446 1415 2712 1481 possessio
2762 1422 2815 1468 et
2863 1416 2982 1468 lilii.
3029 1415 3165 1480 Quid
3209 1429 3383 1471 autem
3416 1421 3539 1487 quia

1983 1513 2039 1559 et
2089 1520 2218 1558 caro
2249 1504 2417 1573 ipsius
2455 1500 2555 1555 Job
2597 1503 2966 1573 expugnaturi
2993 1505 3058 1560 Et
3091 1508 3205 1560 lucc
3236 1508 3412 1560 omnia
3445 1524 3544 1575 pu-

1984 1604 2096 1649 tata
2134 1604 2264 1649 sunt
2305 1611 2424 1650 esse
2459 1612 2488 1650 a
2513 1596 2640 1660 Deo,
2668 1607 2721 1649 et
2759 1611 2853 1663 per
2875 1597 2985 1650 lure
3012 1597 3257 1651 universa
3286 1593 3384 1650 Job
3422 1614 3545 1664 gra-

1989 1686 2089 1740 tias
2122 1688 2230 1756 egit
2281 1686 2409 1742 Deo.
2450 1686 2563 1742 Non
2616 1688 2777 1757 igitur
2806 1696 2855 1740 te
2882 1695 3083 1740 terreat
3121 1687 3406 1741 diabolus:
3435 1704 3541 1742 non

1984 1780 2055 1832 sit
2081 1778 2274 1833 domus
2314 1793 2504 1841 vacua,
2535 1794 2707 1847 neque
2732 1778 2803 1831 illi
2826 1786 3038 1848 parata,
3071 1786 3123 1831 et
3148 1793 3248 1830 non
3284 1779 3443 1833 habet
3471 1778 3540 1831 lu-

322 1872 502 1939 capita
539 1872 799 1935 incidunt,
827 1872 1107 1940 quotiesin
1143 1872 1359 1929 ﬂamma
1401 1885 1487 1931 est
1521 1879 1720 1932 missus
1752 1889 1881 1933 ante

1985 1884 2130 1921 eum.
2177 1869 2259 1921 Sit
2291 1870 2384 1922 tibi
2439 1869 2768 1936 comparatio
2817 1865 2918 1921 Job
2964 1869 3029 1920 ad
3066 1867 3340 1921 victoriam
3370 1883 3385 1922 :
3412 1882 3543 1921 con-

323 1961 620 2032 gehennant
675 1962 728 2016 in
765 1966 1038 2033 gehenna!
1067 1966 1384 2035 Quicunque
1424 1968 1568 2021 enim
1603 1968 1729 2023 facti
1755 1981 1883 2025 sunt

322 2051 693 2107 holocaustum
723 2054 956 2119 Christo,
988 2057 1075 2111 isti
1124 2058 1392 2112 diabolum
1431 2071 1885 2129 consumpserunt

323 2142 453 2211 igni,
488 2153 541 2197 et
566 2145 657 2198 alii
683 2160 804 2200 eum
836 2148 1265 2217 pradocaverunt
1304 2150 1357 2203 in
1392 2151 1550 2213 mari,
1578 2152 1665 2206 alii
1699 2165 1879 2209 autem

322 2234 589 2287 dederunt
633 2236 748 2304 ejus
779 2250 975 2305 corpus
1023 2240 1288 2294 meatibus
1333 2239 1636 2296 fluviorum.
1685 2244 1879 2311 Quanti

320 2339 442 2377 eum
494 2328 808 2382 torserunt?
838 2328 1010 2383 Etiam
1046 2330 1081 2384 ii
1113 2331 1203 2399 qui
1238 2332 1341 2386 visi
1384 2343 1509 2387 sunt
1532 2337 1791 2403 superati.
1822 2337 1879 2392 Si

319 2415 467 2472 enim
494 2427 549 2471 et
572 2417 697 2471 vicit
722 2422 1075 2489 quorumdam
1120 2437 1365 2491 corpora,
1395 2426 1486 2479 sed
1515 2441 1619 2480 non
1647 2429 1880 2495 pruden-

321 2513 448 2565 tiam
485 2523 539 2565 et
561 2510 914 2568 intellectum.
953 2512 1214 2581 Maliguus
1242 2516 1445 2568 athleta
1476 2526 1579 2581 est,
1605 2526 1659 2571 et
1693 2517 1872 2572 incon-

318 2605 587 2662 sideratus
621 2618 877 2662 certator.
905 2606 1036 2662 Cum
1063 2606 1206 2660 enim
1236 2608 1452 2662 videtur
1491 2608 1652 2663 ferire
1682 2609 1874 2676 alium,

320 2699 668 2768 semetipsum
724 2700 1008 2768 percussit.
1068 2697 1219 2763 Quod
1276 2698 1442 2752 habes
1496 2700 1767 2770 negotium
1813 2701 1880 2755 ad

318 2786 438 2853 Job,
479 2804 511 2843 ο
538 2790 780 2844 diabole?
817 2790 882 2847 Ut
922 2790 1046 2859 quid
1094 2798 1265 2844 vtctus
1304 2789 1402 2843 es?
1427 2791 1684 2858 peccasti,
1716 2802 1876 2859 tace;

322 2879 495 2932 victus
527 2894 608 2943 es,
634 2880 873 2943 quiesce.
904 2880 1009 2935 Sed
1042 2877 1299 2942 secundo,
1330 2881 1525 2948 inquit,
1556 2892 1767 2950 oportet
1794 2898 1880 2940 me

321 2972 463 3024 vinci
499 2990 512 3026 :
546 2987 650 3026 non
684 2973 807 3041 quia
844 2973 957 3028 hanc
990 2975 1176 3038 voluit,
1222 2974 1317 3029 sed
1357 2976 1480 3041 quia
1524 2974 1636 3027 haec
1687 2989 1878 3045 passus

321 3072 424 3115 est.
480 3062 616 3128 Quid
670 3064 1035 3119 intremiscis?
1084 3063 1222 3129 Quid
1274 3065 1474 3119 times?
1509 3062 1609 3122 Job
1660 3081 1763 3121 non
1797 3078 1881 3122 est

318 3154 570 3221 angelus,
604 3157 697 3209 sed
731 3157 893 3210 homo
941 3154 1202 3217 utortalis,
1232 3154 1319 3209 cui
1349 3155 1738 3210 colluctabatur
1763 3157 1878 3211 dia-

321 3245 475 3299 bolus
510 3245 870 3309 invisibiliter,
904 3246 1075 3300 victus
1116 3254 1292 3299 autem
1334 3256 1417 3299 est
1472 3246 1773 3301 visibiliter.
1805 3247 1875 3301 Et

319 3352 388 3390 ne
428 3337 594 3390 lateat
646 3347 696 3390 te
744 3337 887 3391 illius
927 3338 1209 3407 pmiditas.
1244 3338 1566 3393 Certabatur
1597 3338 1742 3391 enim
1775 3353 1880 3390 non

319 3442 588 3495 apparens
616 3445 630 3480 :
660 3437 715 3483 et
743 3444 847 3482 non
876 3430 1016 3483 sicut
1046 3429 1095 3482 iu
1121 3429 1308 3484 stadiis
1332 3438 1386 3484 et
1414 3427 1882 3484 coiluctationibus

320 3519 448 3572 nudi
487 3518 554 3571 ad
598 3519 767 3572 nudos
811 3528 1108 3584 certantut',
1147 3522 1239 3575 sed
1290 3521 1463 3575 latens
1513 3522 1788 3583 mittebat,
1827 3531 1882 3575 et

317 3624 427 3662 non
456 3622 724 3677 apparens
747 3607 992 3673 feriebat,
1024 3618 1078 3663 et
1106 3610 1416 3677 percutiens
1445 3610 1619 3664 victus
1648 3623 1748 3666 est.
1779 3610 1880 3665 Job

316 3699 461 3754 enim
516 3699 780 3769 ignoravit
832 3703 952 3768 quis
1000 3710 1144 3754 esset
1186 3702 1277 3769 qui
1302 3701 1603 3756 luctaretur
1633 3703 1699 3756 ad
1731 3716 1874 3767 eum,

317 3791 414 3844 sed
456 3800 513 3844 et
554 3792 759 3860 putavit
791 3802 844 3845 et
878 3792 1036 3857 dixit,
1069 3793 1193 3861 quia
1226 3806 1256 3845 a
1307 3791 1417 3846 Deo
1464 3791 1627 3845 habet
1677 3791 1878 3861 plagas.

317 3885 470 3938 Alius
523 3894 641 3937 erat
695 3885 785 3952 qui
840 3886 1127 3953 pugnabat,
1181 3893 1235 3938 et
1278 3882 1415 3937 alius
1447 3882 1537 3951 qui
1590 3882 1883 3951 putabatur

317 3975 627 4028 emendare.
658 3973 767 4028 Hoc
794 3975 991 4027 furtum
1023 3975 1192 4043 magis
1223 3990 1381 4043 quam
1407 3974 1550 4027 lucta
1579 3980 1680 4026 est.
1708 3974 1877 4025 Adam

318 4065 529 4117 seducit
556 4078 571 4115 :
603 4064 670 4118 ab
701 4064 798 4118 Job
828 4066 1147 4120 occultatur.
1172 4065 1273 4120 Job
1303 4066 1447 4119 enim
1482 4065 1770 4119 admiratio
1794 4075 1879 4119 est

321 4158 447 4221 ista,
500 4158 624 4227 quia
676 4167 868 4226 putans
921 4174 949 4212 a
997 4159 1103 4212 Deo
1145 4158 1248 4213 sibi
1288 4159 1476 4212 venire
1528 4157 1733 4226 plagas,
1771 4174 1879 4211 non

321 4252 573 4305 conscius
602 4262 777 4304 autem
813 4252 914 4304 sibi
948 4263 1244 4320 peccatum,
1286 4249 1623 4304 coavertitur
1657 4250 1725 4302 ad
1766 4249 1882 4302 dia-

321 4342 503 4396 bolum
547 4346 769 4413 sagittas
798 4358 916 4411 quze
955 4343 1121 4412 ipsius
1162 4350 1340 4397 erant.
1372 4340 1473 4395 Job
1511 4342 1654 4395 enim
1687 4351 1881 4408 putans

327 4434 492 4487 Deum
519 4450 640 4489 esse
665 4434 754 4503 qui
795 4433 1001 4499 feriret,
1031 4444 1084 4487 et
1134 4434 1438 4502 suspicatus
1464 4442 1547 4488 est
1578 4447 1698 4486 esse
1722 4448 1751 4485 a
1776 4432 1883 4485 Deo

1985 1960 2134 2015 disce
2174 1977 2269 2029 per
2301 1975 2421 2013 eum
2456 1960 2657 2014 inimici
2689 1959 3075 2012 iulirtnitatem.
3100 1959 3205 2013 Sed
3234 1958 3366 2012 dicis
3393 1976 3408 2012 :
3437 1973 3541 2012 non

1985 2054 2130 2105 enim
2160 2052 2379 2105 abducit
2405 2061 2459 2104 et
2488 2049 2863 2109 adducitloca,
2893 2060 3099 2119 gentes,
3130 2048 3355 2116 populos
3377 2063 3545 2117 quan-

1987 2154 2071 2197 tos
2110 2152 2164 2196 et
2215 2140 2496 2196 videmus?
2523 2142 2754 2194 Adducit
2785 2158 2799 2194 :
2830 2142 2921 2193 sed
2963 2148 3017 2193 et
3052 2149 3297 2207 apportat
3327 2153 3422 2192 eos
3449 2138 3538 2205 qui

1986 2232 2191 2295 volunt,
2227 2231 2361 2299 fugit
2403 2240 2583 2283 autem
2627 2244 2718 2283 eos
2749 2229 2838 2296 qui
2880 2229 3174 2295 increpant.
3224 2225 3357 2279 Cum
3391 2227 3537 2278 enim

1984 2324 2131 2377 dedit
2157 2322 2204 2377 ei
2246 2322 2421 2375 locum
2464 2319 2658 2386 ludas,
2696 2320 2967 2385 ingressus
3012 2327 3094 2372 est
3130 2319 3180 2370 in
3210 2317 3325 2386 ejus
3354 2319 3538 2381 corde,

1982 2414 2193 2468 furatus
2220 2423 2323 2477 est,
2356 2413 2558 2481 prodiit
2586 2410 2719 2481 (l0).
2746 2407 2939 2463 Petrus
2969 2407 3016 2461 ei
3046 2408 3216 2461 lactus
3242 2416 3324 2461 est
3348 2417 3496 2475 petra
3526 2428 3537 2462 :

1983 2505 2155 2573 magis
2177 2505 2318 2555 enim
2354 2503 2582 2571 plagavit
2612 2515 2770 2568 quam
2802 2498 3044 2567 plagatus
3076 2507 3180 2553 est.
3222 2495 3326 2551 Sed
3360 2498 3495 2550 dicis
3523 2517 3537 2551 :

1981 2611 2087 2649 non
2108 2593 2318 2664 negavit
2344 2592 2560 2647 Petrus?
2579 2589 2779 2657 Quare?
2799 2598 3011 2657 quando
3036 2591 3258 2642 necdum
3279 2599 3395 2643 erat
3417 2603 3539 2641 cru-

1981 2685 2061 2739 cis
2103 2696 2356 2753 tropaeum
2396 2692 2654 2736 erectmn.
2690 2680 2868 2734 Nolite
2895 2694 3015 2732 esse
3053 2678 3241 2741 timidi,
3267 2679 3429 2733 nolite
3459 2679 3543 2731 in-

1980 2775 2126 2846 digni
2162 2791 2190 2827 a
2225 2778 2458 2841 proavis.
2494 2774 2694 2825 Aurum
2734 2768 2949 2839 quidem
2999 2768 3091 2822 Det
3122 2780 3200 2822 est
3232 2784 3246 2819 :
3277 2768 3542 2833 dicamus,

1981 2869 2140 2922 allers
2170 2868 2371 2938 ignem,
2403 2864 2561 2919 aliers
2596 2862 2853 2933 gladium,
2882 2861 3159 2925 addentes,
3205 2860 3383 2914 omnia
3421 2875 3545 2928 pos-

1982 2973 2104 3013 sum
2161 2966 2379 3026 propter
2439 2970 2561 3009 eum
2598 2952 2692 3023 qui
2720 2951 2975 3006 misertus
3021 2960 3103 3004 est
3140 2949 3291 3003 mihi.
3324 2948 3545 3004 Gladius

1982 3052 2165 3105 Jesum
2201 3065 2306 3103 non
2346 3045 2557 3112 incidit,
2593 3059 2764 3114 neque
2794 3044 2935 3112 ignis
2973 3057 3093 3099 eum
3132 3043 3419 3106 consumit,
3449 3044 3544 3095 sed

1985 3144 2188 3198 incisus
2244 3138 2531 3209 aliquando
2579 3146 2663 3192 est
2711 3150 2807 3206 per
2851 3134 3081 3190 clavum.
3110 3132 3247 3200 Quid
3281 3143 3364 3188 est
3403 3135 3548 3202 quod

1986 3236 2212 3289 incisum
2259 3231 2384 3287 est?
2421 3229 2538 3284 Noli
2594 3229 2859 3297 ignorare,
2907 3228 3032 3297 quia
3064 3242 3164 3281 nec
3213 3227 3266 3281 in
3307 3226 3545 3279 animam

1984 3326 2281 3395 ingreditur
2313 3324 2515 3377 clavus.
2549 3320 2831 3374 Pas-siones
2877 3321 3019 3373 enim
3076 3319 3384 3388 corporales
3426 3333 3548 3373 cor-

1981 3418 2203 3487 poribus
2225 3424 2351 3470 suut
2376 3412 2757 3470 conducibiles.
2779 3411 2989 3477 Corpus
3004 3427 3033 3462 a
3057 3423 3282 3477 corpore
3299 3407 3499 3477 patitur
3527 3424 3543 3461 :

1983 3506 2316 3577 incorporale
2362 3520 2465 3558 non
2509 3504 2680 3565 ardet,
2707 3517 2809 3555 non
2862 3501 3130 3553 inciditur.
3174 3496 3321 3551 Talis
3357 3505 3545 3552 natura

1987 3613 2095 3653 non
2133 3596 2407 3663 dividitur,
2439 3610 2542 3649 non
2589 3592 2929 3662 przrfocatur.
2973 3589 3028 3645 Si
3059 3590 3198 3643 enim
3226 3589 3545 3643 translatum

1985 3689 2149 3743 fuerit
2176 3702 2393 3757 corpus,
2423 3702 2527 3741 non
2563 3695 2647 3740 est
2677 3685 2765 3738 ubi
2793 3684 2994 3753 capiat.
3037 3682 3142 3736 Sed
3194 3681 3317 3737 nolo
3367 3681 3547 3734 dicere

1984 3782 2125 3852 quod
2174 3781 2435 3849 sequitur,
2459 3776 2582 3847 quia
2641 3789 2741 3828 nec
2771 3775 2993 3827 rationis
3024 3784 3107 3826 est
3158 3770 3547 3840 blasphemiam

1985 3872 2127 3941 loqui
2160 3871 2212 3925 in
2238 3868 2499 3923 Ecclesia.
2540 3866 2613 3920 Ea
2643 3865 2807 3934 igitur
2836 3878 2954 3932 quae
2982 3863 3047 3916 de
3077 3860 3288 3916 diabolo
3317 3876 3421 3914 non
3446 3861 3546 3914 itu-

1985 3999 2212 4062 portune
2264 3993 2638 4049 occurrerunt,
2669 3985 2741 4036 ita
2789 3979 3185 4048 quodammodo
3229 3978 3369 4033 facta
3420 3985 3550 4034 sunt

1988 4080 2293 4135 manifesta.
2346 4078 2454 4132 Nos
2516 4086 2695 4131 autem
2751 4072 3087 4127 confidamus
3142 4071 3195 4123 in
3236 4071 3470 4128 Christo.
3494 4078 3548 4122 et

1986 4170 2678 4237 conﬁdentesincrepemus
2700 4172 2770 4233 ei,
2794 4178 2849 4223 ct
2910 4168 3243 4232 increpantes
3288 4177 3547 4212 tuemures

1986 4265 2153 4319 simus
2182 4265 2297 4333 ejus
2352 4262 2441 4331 qui
2480 4261 2554 4314 ait
2585 4276 2600 4314 :
2633 4259 2786 4314 Exite
2820 4260 2884 4313 ab
2924 4263 2998 4311 eis
3046 4267 3093 4310 et
3134 4253 3471 4323 separamiui,
3498 4259 3547 4301 et

1924 4402 1927 4405 ν
1986 4357 2308 4411 immundum
2348 4370 2411 4406 ne
2457 4355 2728 4422 tetigeritis
2749 4354 2815 4409 ".
2852 4351 2985 4419 Quid
3025 4348 3168 4402 enim
3205 4346 3286 4400 eis
3326 4353 3380 4397 et
3409 4340 3546 4397 dim-

1986 4446 2116 4502 ciles
2139 4445 2359 4499 sumus?
2383 4444 2509 4513 quid
2535 4446 2613 4497 eis
2642 4452 2695 4496 et
2728 4439 3052 4495 irascimur?
3077 4452 3195 4507 qua:
3219 4436 3361 4491 enim
3391 4449 3546 4503 paena

324 4527 548 4596 plagas:
579 4536 633 4578 et
679 4536 872 4593 putans
922 4526 1088 4579 Deum
1134 4541 1252 4580 esse
1294 4526 1384 4596 qui
1432 4526 1640 4586 feriret,
1680 4524 1882 4593 gratias

1989 4539 2092 4593 alia
2124 4540 2203 4595 eis
2233 4536 2569 4593 debetur?Si
2613 4536 2735 4605 quis
2769 4534 2849 4589 eis
2879 4534 3226 4594 irasceretur,
3255 4529 3437 4597 utique
3463 4527 3547 4582 di-

321 4622 434 4691 egit
466 4622 516 4673 in
552 4620 735 4689 plagis.
778 4619 1088 4688 Magnitudo
1128 4629 1309 4672 autem
1364 4618 1711 4687 malignitatis
1771 4617 1883 4670 dia-

324 4711 434 4766 boli
456 4725 714 4764 conversa
739 4718 820 4764 est
857 4712 922 4764 ad
964 4710 1380 4779 magnitudinem
1409 4724 1732 4764 coronarum
1755 4707 1879 4762 Job.

327 4803 385 4858 Si
413 4804 555 4857 enim
589 4804 753 4857 sciret
774 4806 898 4872 quia
923 4803 1206 4855 adversum
1240 4801 1315 4871 (9)
1349 4800 1588 4854 invidqu
1621 4809 1675 4853 et
1710 4799 1887 4852 inimi—

325 4912 447 4952 cum
468 4895 715 4959 haberet,
741 4896 879 4950 forte
902 4894 1288 4949 contentiosius
1316 4893 1519 4963 egisset
1553 4900 1607 4945 et
1630 4890 1883 4955 alacrius,

323 4998 418 5042 aut
448 4998 503 5042 et
528 4988 1008 5057 contentptibilius.
1042 4985 1204 5066 .Nunc
1233 4996 1410 5039 autem
1444 4983 1619 5037 malus
1650 4984 1801 5037 canis
1834 4992 1888 5036 et

324 5080 627 5134 malitiosns
664 5080 817 5149 lupus
853 5081 1199 5150 semetipsum
1230 5078 1491 5141 occuitat,
1529 5087 1584 5130 et
1610 5087 1883 5146 pastorem

326 5174 593 5241 producit,
650 5181 704 5226 et
754 5171 854 5226 Job
898 5172 1311 5227 admirationem
1364 5170 1609 5223 adauxit.
1669 5169 1773 5224 Per
1822 5184 1885 5223 ea
1931 5168 1956 5221 .'

323 5266 469 5318 enim
501 5281 618 5334 quae
652 5266 856 5334 putavit
882 5266 1113 5318 maxime
1136 5278 1194 5317 se
1217 5263 1499 5331 instigare,
1536 5275 1631 5329 per
1658 5266 1774 5313 haec
1799 5260 1884 5312 in-

324 5357 553 5425 stigatus
570 5368 624 5411 et
653 5358 845 5421 vietus,
878 5366 932 5411 et
965 5371 1128 5426 supra
1162 5368 1375 5411 omnem
1415 5368 1565 5423 spem
1598 5360 1883 5421 superatus

323 5454 561 5508 ostendit
591 5454 873 5507 victorem.
918 5450 1049 5516 Quis
1094 5450 1237 5503 enim
1270 5457 1324 5503 et
1352 5445 1577 5501 sullerre
1621 5445 1883 5515 potuisset

325 5547 506 5602 sciens
536 5560 689 5599 suam
718 5544 881 5595 vitam
912 5540 1348 5596 immaculatam?
1376 5538 1565 5594 Sciens
1592 5537 1878 5593 conscien-

399 5658 441 5689 ³¹
478 5657 558 5710 lsa
612 5672 702 5720 nn,
730 5657 813 5710 ll.

402 5747 478 5818 (9)
505 5749 808 5801 Adversum.
839 5745 938 5799 Pro
968 5745 1344 5818 adversarium.

400 5816 509 5881 flU)
544 5821 767 5873 Prodn't.
800 5818 960 5871 Forte
987 5816 1235 5868 vrodidit.

1989 4640 2135 4685 ceret
2174 4649 2188 4685 :
2222 4629 2465 4699 Spoliare
2488 4671 2502 4694 ,
2538 4627 2805 4682 deuudare
2830 4664 2846 4688 ,
2875 4625 3177 4691 deturpare,
3217 4620 3547 4691 infrigidare.

1990 4726 2181 4779 Statue
2214 4740 2335 4778 eum
2366 4723 2563 4777 nudum
2615 4722 2667 4776 in
2723 4721 2944 4790 frigore,
2973 4719 3137 4773 facito
3182 4730 3303 4772 eum
3330 4728 3550 4770 currere

1992 4824 2117 4869 ante
2144 4830 2382 4868 currum.
2405 4812 2635 4866 Laboret
2668 4810 2952 4865 ambulans
2974 4849 2989 4873 ,
3032 4810 3343 4876 deturpetur
3384 4805 3553 4857 denu-

1994 4906 2168 4965 datus,
2194 4906 2337 4957 dicat
2370 4902 2563 4970 turpia.
2623 4900 2758 4967 Quid
2807 4900 3004 4969 quaaris
3044 4899 3238 4966 punire
3278 4908 3400 4948 eum
3457 4892 3549 4960 qui

1990 4994 2334 5063 semetipsum
2371 4992 2624 5046 damnat?
2651 4989 2847 5045 snliicit
2887 4990 2966 5045 eis
2994 4989 3119 5057 quia
3164 5001 3269 5039 nou
3311 4990 3436 5038 sunt
3460 4998 3552 5035 no-

1990 5086 2195 5140 biscum
2234 5102 2249 5141 :
2279 5083 2471 5138 sullicit
2511 5083 2664 5139 nobis
2696 5082 2820 5147 quia
2851 5095 2955 5135 non
3006 5092 3193 5132 sumus
3227 5088 3348 5128 cum
3397 5073 3549 5140 ipsis.

1991 5176 2236 5230 Habeant
2262 5177 2403 5244 quod
2429 5176 2651 5239 habent,
2683 5173 2807 5242 quia
2837 5183 2892 5226 et
2927 5169 3130 5223 volunt.
3164 5166 3281 5222 Non
3306 5165 3354 5236 (l
3370 5163 3418 5235 1)
3451 5165 3551 5218 ha-

1990 5268 2177 5322 bemus
2206 5284 2365 5338 quem
2395 5269 2675 5329 habemus,
2700 5266 2823 5334 quia
2857 5273 2911 5316 et
2938 5261 3203 5317 volumus.
3251 5258 3357 5312 Sed
3388 5257 3550 5326 fugiat

1988 5366 2043 5412 et
2080 5374 2231 5413 mens
2256 5361 2494 5423 insanos,
2528 5368 2582 5411 et
2601 5357 2755 5411 sileat
2789 5355 2967 5423 lingua
2994 5370 3008 5418 ;
3037 5353 3158 5407 inde
3186 5360 3239 5405 et
3271 5346 3537 5403 eonvet’ta-

1991 5458 2078 5501 tur
2100 5450 2165 5502 ad
2202 5464 2390 5517 purum
2416 5460 2468 5503 et
2516 5444 2907 5516 incorporalem
2948 5444 3136 5505 Deum,
3163 5440 3230 5494 ad
3280 5447 3549 5499 sanctum,

1988 5551 2042 5594 et
2068 5540 2221 5595 istius
2252 5540 2400 5594 chori
2437 5537 2743 5594 Dominum.
2777 5535 2892 5591 Non
2923 5549 3047 5591 eum
3094 5534 3403 5602 operiamus
3429 5542 3549 5582 cor-

1963 5728 1967 5732 ’
2061 5736 2171 5807 (ll)
2204 5736 2345 5791 Non.
2380 5737 2454 5790 Au
2488 5735 2627 5789 nos?
