3956 6512
445 361 585 415 1123

1146 356 1414 413 EUSEBII
1454 357 1926 415 CESARIENSIS
1963 360 2112 415 OPP.
2154 361 2336 416 PARS
2374 359 2463 418 ιγ.
2502 391 2572 404 -
2609 354 3033 415 DOGMATICA.

3566 358 3708 414 1124

444 488 594 542 pore.
626 471 749 541 quia
775 487 872 526 nec
897 473 1099 542 patitur
1134 490 1149 528 :
1180 490 1286 529 non
1326 490 1449 528 eum
1506 476 1807 530 vestiamus
1868 478 2029 531 vesti-
2059 482 2102 537 Α
2135 486 2275 531 terra
2326 488 2380 531 ut
2440 475 2732 529 scabellum
2797 484 3006 528 tactum
3052 473 3246 542 pedum
3299 483 3708 537 mensuratum,

443 576 649 628 mento,
669 565 789 634 quia
827 580 927 620 nec
952 566 1157 635 indiget
1195 584 1209 619 :
1247 582 1353 621 non
1377 568 1426 621 ei
1486 566 1782 621 oﬁ‘eramus
1809 570 2017 623 sacriti-

442 654 549 719 cia,
572 655 695 723 quia
735 671 834 709 nec
865 657 1019 724 petit.
1049 655 1285 712 )Estima
1318 659 1447 726 quid
1482 660 1635 713 dicis.
1689 659 1745 713 Si
1799 661 2013 716 dederis

442 744 490 807 ei
518 758 735 812 corpus,
760 746 1021 812 scparasti
1046 747 1094 800 ei
1117 747 1328 814 locum;
1355 749 1704 817 composuisti
1724 750 2022 818 simplicem

440 843 715 898 naturam,
769 835 1087 904 placabilem
1127 836 1298 893 fecisti
1363 839 1777 909 implacabilem.
1812 840 1865 894 lu
1908 841 2025 896 low

440 941 560 979 eum
583 926 672 995 qui
699 936 754 980 et
800 943 828 980 a
854 926 987 983 locis
1018 928 1154 984 liber
1193 940 1278 985 est
1327 932 1680 986 constituisti.
1722 931 1777 986 Si
1820 933 2025 988 dixeris

438 1032 658 1087 corpus,
685 1018 838 1072 dabis
890 1018 1101 1083 oculos,
1149 1020 1302 1075 dabis
1358 1036 1519 1075 aures
1563 1022 1710 1077 circa
1745 1023 1937 1089 Deum,
1967 1034 2022 1079 et

442 1109 705 1179 linguam,
736 1120 791 1164 et
820 1124 1065 1175 sensum,
1093 1120 1147 1165 et
1173 1127 1317 1179 ossa,
1351 1123 1405 1166 et
1453 1114 1686 1177 viscera,
1712 1123 1765 1167 et
1805 1130 2021 1177 nervos,

438 1210 492 1254 et
514 1216 679 1256 venas
717 1217 730 1253 :
761 1211 815 1255 et
846 1203 1061 1270 ignoras
1092 1203 1161 1257 de
1195 1218 1301 1272 quo
1338 1203 1605 1272 loqueris.
1639 1204 1780 1274 Fuge
1804 1206 2023 1258 demen-

438 1293 591 1358 tiam,
631 1305 687 1347 ut
718 1294 1145 1363 comprehendas
1176 1312 1278 1350 non
1311 1307 1545 1365 quantus
1582 1307 1664 1351 est
1688 1307 1902 1361 natura,
1925 1299 2021 1353 sed

436 1394 698 1455 quantum
725 1386 817 1440 tibi
848 1386 1102 1453 possibile
1118 1396 1204 1440 est
1230 1400 1408 1441 nosse.
1432 1386 1488 1441 Si
1518 1402 1715 1457 corpus
1738 1398 1822 1443 est
1841 1388 2018 1443 Deus:

438 1477 561 1543 quis
598 1485 680 1529 est
705 1476 796 1545 qui
839 1485 1138 1545 supportat,
1164 1477 1256 1547 qui
1282 1476 1589 1545 subbajulat
1630 1478 1829 1533 caelum
1856 1480 1880 1533 ?
1910 1483 2022 1535 An-

438 1576 653 1635 tequam
686 1582 813 1635 ergo
845 1567 1037 1621 caelum
1070 1567 1247 1632 ﬁeret,
1285 1568 1372 1621 ubi
1402 1578 1520 1623 erat
1548 1570 1728 1624 Deus?
1760 1569 1926 1625 Terra
1972 1572 2017 1625 ei

434 1657 728 1712 scabellum
755 1669 837 1712 est
864 1676 875 1712 :
905 1668 1199 1728 antequam
1228 1670 1513 1715 crearetur
1532 1670 1697 1725 terra,
1747 1662 1836 1717 ubi
1865 1672 2021 1718 erant

433 1748 631 1815 pedes?
660 1746 764 1802 Sed
791 1750 1007 1817 quando
1053 1750 1255 1804 dictum
1317 1761 1400 1805 est
1445 1754 1589 1807 hoc:
1634 1753 1833 1808 Catum
1887 1755 2018 1808 milii

2129 571 2399 637 quomodo
2440 578 2620 638 potest
2651 566 2884 621 transire
2906 566 3197 621 scaliellum
3227 567 3418 635 pedum
3450 567 3709 622 suorum?

2125 662 2399 730 quomodo
2431 659 2762 715 ambulavit?
2819 661 2916 713 sed
2954 659 3159 713 habitat
3200 658 3340 713 Deus
3381 660 3435 714 in
3479 658 3706 725 animis,

2128 751 2339 805 habitat
2371 762 2426 805 et
2458 749 2773 804 inambulat.
2800 749 2987 804 Latior
3014 748 3159 801 enim
3188 747 3340 802 sinus
3366 756 3453 802 est
3481 748 3706 815 animm,

2125 854 2283 909 quam
2319 840 2519 894 coelum
2547 856 2561 893 :
2591 850 2809 895 sanctus
2833 842 2887 895 in
2929 838 3133 894 sanctis
3170 839 3481 907 requiescit.
3507 838 3707 893 Indui-

2124 930 2277 996 mini,
2311 931 2505 999 inquit,
2560 930 2824 985 Christum
2873 928 3080 993 Iesum,
3114 930 3242 985 dicit
3294 930 3589 1000 Apostolus
3625 932 3695 984 ⁵⁸.

2125 1020 2317 1086 Quanti
2351 1023 2496 1076 enim
2550 1022 2887 1076 induuntur?
2933 1023 3118 1091 quanti
3154 1031 3208 1076 et
3242 1023 3416 1076 vocati
3472 1033 3626 1086 sunt,
3654 1034 3709 1077 et

2127 1121 2409 1177 vocantur,
2435 1124 2485 1166 et
2512 1113 2884 1168 vocabuntur?
2911 1122 2966 1168 et
3015 1114 3385 1183 unusquisque
3414 1122 3610 1179 totum,
3645 1123 3703 1167 et

2123 1216 2310 1255 onmes
2343 1211 2536 1266 totum,
2575 1212 2631 1256 et
2662 1216 2840 1271 neque
2875 1200 3137 1256 dividitur
3180 1202 3281 1266 eis,
3334 1215 3509 1269 neque
3567 1202 3707 1256 inci-

2130 1289 2297 1355 ditur,
2351 1305 2527 1358 neque
2585 1292 2872 1355 scinditur,
2922 1300 2977 1345 et
3028 1290 3280 1345 omnibus
3326 1290 3498 1356 adest,
3525 1298 3581 1344 et
3636 1294 3706 1345 ab

2125 1380 2380 1433 omnibus
2416 1390 2702 1448 separatus
2735 1388 2837 1442 est,
2864 1386 2920 1433 et
2944 1392 3130 1431 omnes
3170 1378 3341 1447 replet
3371 1393 3386 1430 :
3416 1379 3546 1447 quia
3598 1393 3703 1431 non

2125 1479 2213 1523 est
2246 1486 2447 1537 corpus
2477 1469 2645 1534 Deus,
2679 1484 2853 1538 neque
2880 1483 3076 1537 corpus
3099 1469 3245 1525 circa
3286 1470 3483 1537 ipsum,
3522 1482 3702 1536 neque

2127 1563 2471 1617 vestimenta.
2511 1560 2787 1632 Siquidem
2812 1572 3041 1629 etcum
3103 1560 3156 1615 in
3211 1573 3444 1628 corpore
3503 1556 3704 1623 Filius,

2124 1668 2224 1709 nec
2252 1666 2379 1710 tunc
2424 1654 2572 1709 cadit
2630 1654 2680 1708 in
2716 1668 2953 1722 corpus:
2994 1653 3085 1708 sed
3120 1651 3290 1722 magis
3342 1649 3703 1721 incorporalis

2124 1756 2316 1799 natura
2376 1742 2693 1799 eﬁicientias
2750 1742 2879 1799 fecit
2919 1758 3119 1812 corpus
3178 1742 3407 1797 suﬁ‘erre
3438 1780 3455 1807 ,
3500 1756 3701 1810 corpus

433 1839 616 1902 sedes,
658 1849 797 1892 terra
857 1851 1030 1893 autem
1084 1841 1374 1895 scabellum
1438 1845 1628 1911 pedum
1676 1847 2005 1902 meorum"!

2116 1836 2264 1890 enim
2290 1850 2455 1904 supra
2495 1833 2695 1890 ﬂuctus
2739 1850 2846 1889 non
2878 1834 3120 1889 ambulat
3152 1833 3198 1873 δί
3234 1851 3249 1888 :
3288 1832 3587 1886 ambulavit
3612 1846 3700 1886 er-

432 1926 566 1981 Cum
593 1928 752 1984 Israel
789 1946 1040 1999 ntagnum
1083 1933 1210 1999 quid
1233 1944 1453 2001 saperet
1484 1936 1550 1988 de
1582 1937 1800 2006 templo,
1859 1939 2013 1993 adin-

432 2021 656 2074 veniens
683 2021 783 2075 sibi
813 2022 1094 2091 templum.
1128 2024 1441 2092 Corripiens
1495 2027 1638 2080 enim
1691 2027 1921 2084 humiles
1960 2037 2015 2084 et

430 2111 749 2176 admonens,
783 2113 907 2181 quia
940 2112 1079 2166 Deus
1103 2114 1301 2183 templo
1332 2130 1440 2171 non
1465 2117 1858 2185 circumdatur,
1889 2131 2015 2175 tunc

429 2202 560 2255 dicit
585 2219 599 2254 :
628 2201 826 2257 Caelum
847 2205 975 2258 mihi
1004 2207 1150 2259 sedes
1178 2249 1192 2274 ,
1221 2218 1355 2260 terra
1397 2220 1571 2262 autem
1607 2212 1887 2265 scubellum
1921 2229 2014 2280 pe-

428 2291 555 2344 dum
580 2308 832 2345 meorum.
863 2293 971 2349 Hoc
1000 2305 1057 2347 ιιι
1085 2297 1267 2362 parvis
1309 2296 1569 2364 loquitur.
1607 2300 1672 2353 Et
1698 2302 1825 2369 quid
1866 2303 2015 2357 addit

429 2380 793 2449 interpretans
815 2398 878 2436 ea
911 2399 1031 2452 quae
1053 2386 1231 2440 dixit:
1263 2386 1433 2453 Quam
1476 2391 1688 2443 domum
1724 2382 2013 2459 wdiﬁcabi-

428 2472 497 2523 tis
518 2475 666 2533 mihi,
694 2484 741 2527 et
776 2477 889 2535 quis
924 2475 1068 2530 locus
1120 2480 1455 2548 requietionis
1518 2498 1647 2537 mea:
1668 2483 1752 2538 "‘i
1777 2486 1854 2539 Ad
1912 2484 2014 2541 hoc

428 2558 556 2612 illud
583 2561 713 2616 utile
740 2580 753 2616 :
782 2563 847 2616 ad
877 2574 1126 2619 naturam
1151 2580 1330 2623 autem
1361 2585 1428 2624 ne
1444 2574 1660 2639 quidem
1685 2573 1838 2629 illud.
1870 2576 2012 2632 Audi

427 2651 572 2703 enim
602 2651 743 2707 illius
780 2655 1073 2724 magniﬁcae
1106 2660 1250 2713 vocis
1281 2659 1687 2717 admirationem
1714 2679 1729 2717 :
1758 2663 1823 2717 In
1858 2682 2014 2717 mun-

430 2739 500 2793 do
534 2752 671 2808 erat,
704 2754 797 2809 et,
851 2750 985 2800 venit
1029 2750 1097 2801 ad
1136 2752 1468 2804 mundum“.
1524 2756 1823 2823 Antequam
1869 2757 2011 2810 enim

434 2844 715 2902 putaretur
762 2841 977 2905 adesse,
1028 2843 1237 2897 aderat.
1276 2844 1391 2899 Non
1429 2857 1512 2900 est
1540 2849 1628 2901 ubi
1661 2864 1765 2902 non
1793 2859 1920 2904 est:
1959 2859 2014 2904 et

424 2925 550 2992 quia
584 2928 785 2999 ubique
831 2941 933 2998 est,
964 2948 1069 2988 non
1105 2936 1471 2991 circumdatur
1500 2952 1529 2991 a
1567 2939 1705 2993 loco.
1765 2940 1819 2994 Si
1857 2942 2005 2996 enim

426 3018 482 3072 in
515 3018 635 3076 loco
663 3032 799 3084 erat,
820 3024 870 3077 in
902 3026 1010 3081 alio
1041 3028 1157 3082 loco
1183 3044 1287 3083 non
1315 3039 1453 3083 erat.
1481 3030 1615 3097 Quia
1654 3033 1797 3086 enim
1825 3037 2008 3091 omnia

422 3110 615 3182 implet
640 3113 755 3168 loca
778 3156 793 3179 ,
824 3127 876 3171 et
914 3120 1166 3174 omnibus
1226 3135 1512 3191 separatus
1539 3132 1642 3189 est,
1675 3127 1854 3191 adest,
1904 3144 2008 3182 non

2115 1945 2183 1999 go
2221 1928 2382 1984 Jesus
2403 1943 2501 1998 per
2531 1943 2749 1996 corpus.
2785 1926 2902 1983 Non
2926 1942 3055 1997 ergo
3091 1925 3263 1981 deitas
3293 1926 3519 1980 deducta
3548 1934 3634 1978 est
3667 1938 3699 1975 a

2115 2034 2367 2090 corpore,
2420 2021 2516 2075 sed
2547 2033 2746 2089 corpus
2782 2019 3049 2074 elevatum
3086 2026 3171 2072 est
3199 2032 3229 2071 a
3261 2017 3463 2071 deitate
3492 2032 3505 2068 :
3549 2015 3701 2084 spuit

2114 2128 2333 2182 corpus,
2358 2113 2477 2183 ejus
2507 2113 2653 2167 enim
2679 2120 2871 2164 natura
2911 2119 3017 2165 est.
3047 2108 3150 2177 Qui
3174 2119 3353 2164 autem
3381 2108 3434 2163 in
3466 2122 3700 2177 corpore

2113 2206 2302 2257 adesse
2332 2203 2583 2272 dignatus
2626 2210 2731 2268 est,
2760 2200 2919 2257 simul
2967 2215 3092 2255 cum
3115 2209 3272 2268 sputo
3308 2198 3490 2253 emisit
3519 2198 3699 2252 virtu-

2117 2302 2221 2348 tem
2248 2309 2351 2347 non
2383 2294 2626 2348 incidens
2656 2309 2685 2346 a
2715 2308 2797 2359 se,
2830 2303 2882 2347 et
2908 2292 3078 2346 lutum
3102 2291 3261 2346 ﬁebat
3288 2307 3354 2346 ex
3387 2302 3548 2362 sputo
3581 2309 3599 2349 :
3630 2306 3701 2346 ex

2114 2395 2272 2453 sputo
2307 2396 2489 2438 autem
2534 2396 2588 2439 et
2638 2383 2751 2439 luto
2801 2383 2989 2439 oculos
3045 2384 3139 2453 qui
3202 2394 3411 2437 natura:
3460 2384 3698 2437 deerant

2116 2476 2368 2545 ﬁguravit
2395 2492 2409 2528 :
2441 2485 2497 2529 ut
2526 2476 2594 2530 ab
2616 2476 2768 2530 initio
2799 2475 3031 2531 intueris
3066 2483 3233 2529 totum
3293 2475 3513 2546 quidem
3570 2490 3701 2529 cor-

2115 2584 2214 2639 pus
2239 2569 2571 2628 alleviatum.
2598 2577 2652 2622 et
2696 2569 3018 2624 vestimenta
3068 2567 3314 2637 corporis
3354 2568 3641 2622 cilicientia
3676 2582 3695 2619 :

2112 2669 2169 2714 et
2214 2660 2281 2714 ad
2336 2661 2689 2724 vestimenta,
2726 2669 2784 2713 ut
2830 2660 3013 2715 videas
3030 2660 3155 2729 quia
3180 2660 3366 2714 divina
3396 2660 3573 2715 virtus
3595 2675 3698 2727 per

2113 2767 2307 2807 onmes
2361 2763 2612 2822 penetrat
2645 2753 2737 2821 qui
2798 2752 3113 2821 tetigerunt.
3173 2752 3328 2807 Sicut
3372 2750 3518 2805 enim
3552 2751 3697 2821 ignis

2112 2843 2365 2899 calefacit
2398 2842 2646 2913 proxima
2688 2842 2828 2906 sibi,
2878 2853 2933 2898 et
2973 2858 3069 2912 per
3117 2842 3375 2898 calefacta
3428 2842 3511 2896 his
3573 2858 3697 2911 quae

2114 2936 2480 3006 adiunguntur
2558 2934 2831 2990 calefactis
2910 2934 3145 2990 calorem
3224 2933 3462 3002 impertit
3529 2945 3545 2984 :
3620 2932 3693 2986 ita

2112 3025 2471 3082 sanctiﬁcavit
2508 3025 2767 3082 Dominus
2796 3041 2993 3097 corpus
3029 3027 3171 3097 quod
3230 3025 3462 3095 accepit,
3486 3033 3541 3079 et
3594 3039 3695 3094 per

2113 3133 2312 3187 corpus
2339 3126 2583 3187 sputum,
2614 3129 2669 3174 et
2702 3134 2797 3188 per
2819 3134 3021 3188 corpus
3049 3118 3390 3174 vestimenta.
3418 3116 3512 3172 Illa
3541 3118 3691 3173 enim

424 3204 580 3258 adest
614 3221 629 3258 :
666 3221 772 3260 non
808 3216 961 3275 potes
1001 3185 1306 3280 intelligere
1342 3222 1418 3267 tu.
1452 3185 1726 3269 [louenim
1755 3185 2007 3286 estquod
2037 3185 2079 3243 (ἶ
2121 3185 2315 3263 mulier
2336 3185 2457 3278 quae
2485 3185 2853 3264 summitatem
2902 3185 3127 3264 ﬁmbrias
3173 3209 3344 3279 tetigit
3401 3209 3688 3263 vestimen-

422 3296 690 3364 qumritttr
739 3315 753 3351 :
818 3299 954 3353 nihil
1005 3300 1449 3369 Samaritanum,
1507 3306 1636 3359 nihil
1702 3305 2004 3374 Judaicum.

424 3384 556 3437 nihil
586 3387 687 3440 tale
714 3394 770 3440 ttt
800 3389 950 3444 dicas
983 3408 997 3444 :
1037 3390 1225 3446 Patres
1256 3394 1421 3447 nostri
1467 3396 1520 3447 in
1547 3405 1723 3449 monte
1745 3397 1841 3450 hoc
1874 3401 2005 3452 ado-

422 3488 670 3531 raverunt
715 3478 780 3529 ³⁵.
837 3478 950 3534 Hoc
1004 3483 1148 3536 enim
1213 3483 1677 3540 Samaritanorum
1712 3496 1845 3541 est:
1903 3488 2005 3542 Vos

422 3576 596 3619 autem
648 3569 824 3623 dicitis
880 3572 938 3623 in
994 3570 1366 3644 Hierosolyma
1435 3592 1544 3629 esse
1591 3575 1839 3632 locum“.
1887 3578 2004 3635 Non

425 3656 558 3709 mihi
608 3670 841 3724 montes,
880 3677 986 3715 non
1050 3663 1269 3732 templa,
1300 3680 1404 3719 non
1439 3667 1737 3733 civitatem,
1769 3684 1876 3723 non
1918 3684 2004 3725 re-

423 3750 662 3817 gionem,
716 3765 823 3805 non
889 3752 1089 3818 locum,
1151 3770 1250 3809 nec
1305 3768 1666 3823 terram,nec
1700 3776 1872 3827 mare,
1906 3777 2003 3818 nec

422 3854 649 3906 aerem;
695 3857 815 3896 cum
878 3845 1016 3900 coelo
1069 3846 1199 3900 nihil
1246 3846 1550 3905 Judaicum.
1582 3850 1729 3907 Bona
1757 3853 1841 3907 lex
1869 3864 1952 3908 est
1983 3871 1999 3911 :

424 3931 509 3987 lac
538 3936 721 4002 parvis
745 3936 877 3991 utile
907 3946 1011 3992 est.
1047 3938 1249 3994 Factus
1301 3954 1361 3995 es
1409 3942 1700 4011 perfectus,
1739 3945 2000 4000 formatus

417 4040 499 4095 es,
549 4043 749 4084 excusa
774 4030 925 4096 illud,
954 4033 1096 4100 quod
1130 4032 1426 4102 aliquando
1479 4034 1573 4089 tibi
1602 4036 1891 4092 videbatur
1922 4038 2000 4092 ci-

417 4121 558 4175 vitas
611 4123 727 4189 Dei,
787 4125 1045 4193 templum
1099 4123 1214 4192 Dei,
1272 4127 1528 4195 templum
1577 4127 1816 4184 Domini.
1856 4129 1998 4185 Dicit

414 4213 558 4265 enim
592 4210 891 4267 Jeremias:
946 4212 1219 4284 Templum
1270 4213 1505 4280 Domini,
1555 4219 1601 4271 si
1648 4219 1992 4283 servaret-itis,

415 4302 608 4370 inquit,
637 4304 886 4357 mandata
913 4303 1121 4357 Domini
1145 4304 1211 4356 ³⁷.
1262 4304 1466 4362 Decora
1507 4323 1607 4361 vox
1636 4311 1809 4377 primo
1848 4311 1991 4364 testi.

416 4386 668 4442 Salomon
724 4400 904 4445 autem
960 4392 1244 4445 aediﬁcavit
1279 4394 1381 4447 sibi
1424 4396 1663 4461 domum,
1716 4400 1793 4452 ait
1833 4415 1849 4453 :
1898 4402 1992 4454 sed

412 4476 735 4541 Altissimus,
765 4479 955 4548 inquit,
986 4496 1087 4534 non
1120 4480 1323 4535 habitat
1353 4484 1407 4537 in
1456 4488 1774 4555 manufactis
1809 4492 1986 4544 homi-

413 4581 538 4619 num
559 4566 626 4620 ³⁸.
653 4568 963 4626 Altissimus
994 4583 1048 4626 et
1078 4588 1183 4627 non
1216 4575 1266 4627 in
1292 4576 1516 4631 civitate
1546 4596 1557 4631 :
1588 4578 1903 4637 Altissimus
1934 4595 1983 4638 et

412 4674 517 4712 non
588 4658 641 4712 in
705 4663 921 4730 templo.
976 4664 1041 4718 Et
1106 4664 1242 4721 dicit
1289 4683 1385 4737 per
1418 4671 1984 4742 aliumprophetant:

410 4746 641 4803 Sanctus
672 4767 810 4818 sum,
838 4763 886 4806 et
916 4771 1017 4808 non
1048 4757 1313 4825 ingrediar
1348 4761 1612 4817 civitatem
1627 4763 1692 4818 ³⁹.
1721 4766 1776 4820 Si
1804 4779 1983 4825 autem

410 4839 787 4927 incivitatem
853 4861 956 4900 non
1016 4849 1340 4916 ingreditur,
1389 4854 1441 4908 in
1475 4855 1674 4926 templo
1711 4863 1984 4927 quomodo

408 4925 654 4982 habitat?
679 4938 729 4982 ut
762 4929 975 4985 dicatur
999 4934 1195 4987 cmlum
1221 4936 1401 5005 sedes,
1438 4948 1496 4992 ut
1518 4925 1625 4994 non
1652 4925 1847 4998 domus
1878 4960 1982 5014 pu-

408 5026 553 5074 tetur
580 5030 634 5075 et
665 5030 811 5077 terra
844 5024 1184 5081 scabellum?
1216 5026 1315 5094 Qui
1341 5040 1518 5084 autem
1562 5034 1713 5086 novit
1741 5050 1863 5089 eum
1888 5037 1995 5106 qui-

405 5122 465 5161 se
496 5110 703 5177 genuit,
728 5113 844 5179 ipse
874 5116 978 5168 scit
1026 5125 1081 5169 et
1118 5119 1321 5172 revelat
1355 5120 1479 5189 quia
1535 5122 1711 5178 nullus
1748 5140 1871 5179 eum
1902 5129 1980 5182 vi-

404 5198 505 5258 dit.
540 5201 609 5255 Et
652 5214 801 5260 certe
835 5207 982 5262 venit
1032 5208 1215 5275 Pater,
1243 5221 1299 5265 et
1334 5212 1538 5267 habitat
1572 5224 1625 5269 et
1658 5215 1976 5275 inambulat.

406 5291 473 5381 Et
499 5304 649 5350 certe
673 5297 762 5351 illa
809 5303 1199 5369 consequentia
1235 5320 1344 5358 non
1373 5307 1617 5363 consedit
1646 5309 1759 5381 (12)
1790 5312 1978 5366 ambu-

402 5380 679 5442 lationem.
709 5386 769 5441 Si
798 5389 942 5443 enim
982 5398 1152 5445 totum
1182 5393 1385 5448 caelum
1417 5398 1573 5452 sedes
1603 5398 1739 5465 ejus,
1773 5409 1828 5454 et
1867 5411 1976 5456 tota

492 5565 535 5596 ⁸¹
570 5564 670 5623 lsa.
698 5585 841 5634 Lm,
876 5572 928 5625 1.

402 5634 491 5689 94,
570 5636 613 5667 ³⁹
646 5637 768 5693 Ose.
804 5656 878 5706 χι,
906 5642 958 5697 9.
1069 5643 1113 5675 ⁸⁸
1150 5634 1304 5703 Rom.
1333 5634 1452 5717 itu,
1479 5634 1565 5707 11.

473 5724 586 5862 8%)
617 5726 884 5812 consedit.
906 5731 1063 5785 Forte
1090 5738 1347 5796 concedit.

566 5800 586 5862 )
620 5797 753 5853 Acs.
793 5798 957 5856 Forte
983 5819 1102 5857 non.

566 5800 586 5862 )
620 5797 753 5853 Nos.
793 5798 957 5856 Forte
983 5819 1102 5857 non.

2119 3310 2315 3365 torum,
2350 3301 2550 3356 fontem
2576 3302 2932 3357 insanabilem
2961 3301 3236 3369 sanguinis
3299 3301 3522 3363 habens,
3553 3300 3659 3355 hau

2116 3393 2205 3446 riit
2231 3408 2326 3462 per
2374 3394 2639 3447 litnbriam
2674 3395 2926 3449 sanitatis
2965 3393 3229 3448 medelam
3258 3392 3303 3424 "
3346 3410 3360 3447 :
3398 3407 3429 3445 a
3484 3390 3688 3447 deitate

2113 3485 2319 3539 scilicet
2350 3500 2471 3555 quas
2507 3486 2692 3539 aderat
2726 3487 2778 3540 in
2801 3500 3028 3554 corpore
3061 3484 3188 3537 :sed
3224 3483 3544 3538 vestimenta
3570 3485 3690 3552 ejus

2112 3579 2480 3647 praesentiam.
2511 3576 2696 3646 Neque
2730 3578 2895 3648 igitur
2926 3577 3040 3645 ipse
3072 3590 3271 3644 corpus
3316 3575 3686 3630 necessarium

2114 3666 2301 3722 habuit
2326 3684 2341 3720 :
2373 3670 2465 3723 sed
2488 3671 2684 3740 quibus
2722 3679 2841 3725 erat
2865 3670 2993 3724 utile
3020 3669 3334 3737 contingere
3355 3679 3410 3724 et
3443 3670 3686 3723 tunicam

2109 3767 2165 3812 et
2222 3774 2438 3827 corpus,
2468 3770 2523 3814 et
2580 3777 2676 3831 per
2727 3762 2979 3833 spiritum
3035 3761 3221 3815 videre
3286 3761 3686 3831 incorporalem

2110 3847 2299 3913 Deum,
2321 3849 2411 3917 qui
2448 3850 2749 3905 ministerio
2780 3850 3197 3919 incorporalium
3229 3851 3378 3906 dives
3410 3862 3547 3906 erat.
3579 3851 3681 3905 ﬁli.

2108 3938 2386 3993 nisterium
2428 3950 2608 3995 autem
2634 3943 2860 3996 audiens
2895 3958 3000 4021 nou
3055 3943 3436 3998 necessitatem
3489 3942 3682 3997 audire

2107 4030 2289 4094 debes,
2322 4031 2416 4086 sed
2454 4032 2780 4087 beneﬁcium
2824 4049 3013 4088 eorum
3048 4034 3141 4100 qui
3190 4035 3523 4102 ministrant,
3565 4050 3676 4089 nou

2106 4136 2259 4176 usum
2311 4130 2492 4178 tamen
2547 4123 2664 4193 ejus
2716 4125 2811 4194 qui
2843 4126 3226 4181 ministratur:
3262 4125 3485 4179 multum
3524 4126 3667 4180 enim

2104 4232 2201 4272 nos
2238 4217 2350 4288 (15)
2377 4234 2661 4287 prosumus
2691 4219 2821 4283 Deo,
2845 4220 2971 4289 quia
2998 4220 3240 4274 videmur
3278 4234 3374 4289 pro
3408 4221 3516 4274 Deo
3541 4235 3674 4275 con-

2105 4309 2342 4363 tendere.
2372 4308 2541 4363 Nohis
2567 4309 2710 4363 enim
2738 4307 2946 4363 lucrum
2976 4320 3078 4373 est,
3109 4319 3168 4364 ut
3198 4310 3432 4380 religiosi
3453 4311 3621 4364 simus
3650 4329 3666 4365 :

2100 4399 2255 4454 nobis
2279 4399 2489 4454 lucrum
2523 4410 2608 4455 est
2641 4401 2687 4455 si
2730 4415 2835 4455 non
2866 4414 3151 4470 perversas
3203 4402 3549 4457 habuerimus
3602 4405 3670 4457 de

2100 4492 2208 4546 Deo
2235 4503 2462 4558 mentes,
2496 4507 2562 4546 ne
2583 4501 2638 4547 et
2665 4492 2980 4547 decidamus
3024 4508 3054 4547 a
3084 4493 3214 4549 Deo.
3249 4492 3453 4546 Decidit
3488 4504 3667 4547 autem

2094 4583 2275 4638 omnis
2308 4598 2336 4636 a
2368 4582 2502 4647 Deo,
2532 4584 2621 4653 qui
2660 4583 2834 4637 aliena
2872 4584 3032 4653 sapit.
3061 4586 3135 4639 De
3185 4599 3292 4653 quo
3328 4584 3372 4638 si
3414 4584 3665 4639 didiceris

2093 4674 2166 4727 ita
2199 4682 2257 4726 ut
2278 4683 2381 4739 est,
2419 4674 2586 4727 habes
2622 4688 2744 4728 eum
2779 4691 2795 4728 :
2834 4673 2880 4728 si
2911 4683 3093 4727 autem
3117 4674 3280 4728 alium
3312 4688 3409 4742 pro
3431 4673 3537 4729 alio
3567 4689 3664 4743 pu-

2094 4767 2310 4831 taveris,
2347 4781 2468 4821 eum
2497 4766 2587 4835 qui
2633 4775 2717 4821 est
2752 4782 2857 4821 non
2890 4766 3135 4822 habebis.
3180 4765 3315 4832 Quia
3364 4781 3468 4823 non
3500 4781 3664 4835 agno-

2089 4857 2215 4911 visti
2238 4872 2398 4926 quem
2431 4869 2607 4927 putas,
2644 4874 2749 4912 non
2778 4859 2943 4915 habes
2964 4874 3088 4914 eum
3117 4859 3276 4929 :quia
3319 4871 3424 4911 non
3462 4867 3544 4911 est
3580 4868 3663 4911 ta-

2087 4946 2155 5001 lis
2179 4948 2388 5016 qualem
2419 4939 2600 5018 putas.
2660 4949 2776 5004 Non
2829 4952 2895 5005 de
2936 4950 3176 5020 quolibet
3228 4957 3501 5003 certamen
3550 4958 3657 5002 est.

2087 5035 2379 5093 Irridemus
2408 5053 2502 5094 eos
2548 5048 2603 5094 et
2628 5041 2753 5110 quia
2808 5041 2911 5096 ista
2974 5055 3141 5111 parva
3198 5038 3515 5109 delinquunt
3561 5039 3657 5107 qui

2086 5133 2337 5199 ignorant
2368 5141 2511 5185 artes
2541 5147 2555 5184 :
2583 5132 2673 5185 ubi
2706 5148 2799 5188 ars
2828 5142 2909 5187 est
2938 5131 3265 5196 necessaria,
3311 5145 3405 5185 eos
3424 5130 3515 5199 qui
3548 5146 3654 5184 non

2085 5231 2446 5292 assequuntur
2512 5239 2577 5278 ea
2636 5240 2755 5292 quae
2804 5226 3049 5288 amliunt,
3113 5224 3424 5295 frequenter
3467 5222 3652 5277 dicen-

2085 5322 2191 5368 tem
2217 5314 2327 5385 (M)
2358 5315 2527 5381 vides,
2561 5317 2812 5380 dicimus,
2847 5332 2951 5370 non
2990 5316 3169 5385 audis,
3212 5330 3318 5370 non
3372 5314 3647 5384 intelligis.

2083 5402 2249 5473 Igitur
2273 5406 2340 5460 de
2369 5407 2453 5462 his
2485 5422 2604 5476 qua:
2635 5408 2910 5465 hominum
2942 5416 3090 5473 sunt,
3138 5406 3293 5477 culpa
3339 5416 3424 5462 est
3454 5408 3499 5461 si
3543 5421 3648 5459 non

1003 5570 1050 5605 ³³
1084 5575 1212 5635 ibid.
1277 5579 1323 5611 “
1344 5579 1499 5636 Joan.
1538 5582 1682 5648 ι,10.
1760 5583 1804 5615 ³⁸
1826 5584 1982 5643 Joan.

1069 5643 1113 5675 “
1150 5648 1304 5703 Rom.
1333 5666 1452 5715 xui,
1479 5652 1565 5707 11.
1642 5652 1685 5684 ⁸⁸
1716 5654 1874 5712 Joan.
1913 5672 1987 5715 vi.

2110 5588 2200 5644 20.
2277 5589 2322 5622 ³⁸
2361 5590 2491 5646 ibid.
2568 5591 2612 5624 "
2638 5591 2749 5647 Jer.
2782 5608 2889 5655 vn,
2921 5592 2976 5647 4.
3052 5592 3220 5648 “Act.
3254 5606 3351 5660 vn,
3381 5588 3643 5664 48;!vu,

2110 5703 2120 5715 .
2226 5661 2270 5693 “
2308 5661 2495 5715 Matth.
2532 5678 2609 5715 Ix.
2641 5663 2831 5715 20-22.

1860 5693 1874 5708 ‘
1921 5693 1987 5727 ΙΙ,
2034 5693 2120 5715 ΙΙΙ,

2226 5661 2270 5693 ⁵³
2308 5661 2495 5716 Matth.
2532 5678 2609 5726 Ix,
2641 5663 2831 5717 20-22.

2153 5748 2266 5819 (l4)
2294 5751 2581 5808 Dicentem.
2610 5749 2768 5810 Forte
2797 5754 3044 5810 dicentes.
