3956 6540
289 391 431 448 “25

1240 389 1327 446 DE
1360 389 1819 447 lNCOBPORALl
1861 389 1948 445 ET
1983 390 2323 449 lNVISIBILI
2366 391 2521 452 DEO.

3401 396 3540 451 “26

286 511 638 568 habuerimus
696 510 763 565 de
792 509 1046 565 invisibili
1102 511 1231 565 Deo.
1257 511 1389 566 Cum
1418 522 1595 566 autem
1625 512 1748 582 quis
1774 520 1867 564 ant
1897 516 1939 571 Α
1970 511 2234 564 interiecta
2266 513 2741 582 conspiciuntur“.
2789 511 2927 580 Quid
2966 522 3072 579 est,
3104 512 3375 569 intellecta
3403 529 3538 569 con.

283 605 616 673 despexerit,
648 614 741 659 aut
796 605 982 659 audire
1040 604 1293 669 noluerit,
1321 614 1413 659 aut
1436 606 1735 674 intelligere
1761 606 1862 658 mi-

284 713 387 750 nus
433 697 694 767 potuerit,
724 698 849 765 qttid
895 706 1051 766 putas
1078 697 1222 752 erit?
1274 697 1389 752 Noli
1426 713 1611 753 errare
1649 715 1677 751 a
1728 698 1856 752 Deo.

281 788 425 844 Laus
454 790 568 854 Dei,
592 790 796 858 agnitio
822 800 905 844 est
940 790 1054 845 Dei.
1084 789 1392 845 Secundum
1431 791 1574 859 quod
1598 800 1681 844 est
1705 792 1861 847 nobis

279 880 541 950 possibile
580 881 835 935 recedere
882 896 911 935 a
967 881 1386 936 consuetudine.
1432 879 1546 935 Non
1583 881 1857 937 hominem

278 974 480 1042 qtncris
532 982 591 1027 ut
620 974 832 1042 aperias
878 972 928 1027 ei
979 973 1161 1028 oculos
1188 972 1300 1043 (l5)
1326 982 1379 1027 et
1420 988 1600 1036 aures,
1632 985 1687 1028 et
1718 988 1779 1028 os
1805 982 1859 1028 et

274 1066 543 1134 linguam,
595 1078 647 1118 et
682 1079 897 1128 manus,
934 1074 986 1118 et
1013 1074 1221 1134 pectus,
1252 1075 1307 1119 et
1353 1065 1538 1134 pedes,
1572 1073 1628 1119 et
1689 1079 1858 1135 ponas

274 1160 377 1211 sub
401 1171 465 1212 eo
492 1158 714 1222 sedem,
748 1166 803 1210 et
833 1156 1093 1226 subjicias
1122 1155 1437 1218 scabellum.
1468 1165 1523 1210 et
1583 1172 1856 1226 supponas

282 1260 511 1303 terram.
558 1247 674 1303 Non
729 1258 812 1302 est
861 1263 926 1302 ex
982 1248 1137 1303 nobis
1169 1248 1453 1311 Dominus,
1487 1248 1580 1303 sed
1627 1264 1725 1303 nos
1761 1264 1857 1318 per

275 1344 452 1411 ipsum
494 1357 701 1395 sumus.
732 1342 825 1395 Vis
863 1352 1044 1395 autem
1094 1340 1335 1395 ediscere
1360 1341 1483 1409 quia
1532 1356 1637 1394 non
1676 1352 1758 1397 est
1787 1357 1852 1395 ex

273 1434 475 1488 nobis?
504 1433 576 1488 De
604 1434 740 1488 Filio
770 1434 886 1500 ejus
907 1448 1029 1486 cum
1066 1433 1267 1488 dictum
1294 1444 1465 1496 esset,
1515 1432 1852 1498 Emmanuel,

272 1524 544 1578 nobiscum
605 1524 835 1590 Deus“;
888 1540 993 1579 non
1060 1522 1378 1593 simpliciter
1435 1524 1712 1578 nobiscum
1769 1534 1853 1578 est

270 1617 498 1679 dictmn,
528 1616 623 1670 sed
658 1632 779 1670 cmn
823 1616 874 1669 in
931 1631 1160 1685 corpore
1209 1619 1352 1670 venit
1402 1615 1687 1680 Dominus,
1725 1627 1851 1671 tunc

270 1709 555 1763 nobiscum
584 1726 599 1763 :
624 1726 746 1763 cum
775 1707 935 1779 Virgo
963 1709 1015 1763 in
1050 1718 1202 1764 utero
1253 1710 1503 1778 concepit
1537 1751 1552 1776 ,
1583 1719 1707 1764 tunc
1756 1725 1851 1763 no-

272 1805 487 1857 biscum
537 1803 698 1858 Deus.
738 1804 877 1858 Ante
925 1804 1080 1857 istam
1140 1813 1319 1857 autem
1366 1804 1848 1873 dispensationem,

269 1896 435 1949 etiam
473 1895 596 1949 dum
627 1907 773 1950 esset
802 1911 1056 1964 praesens,
1111 1911 1218 1949 non
1266 1895 1383 1949 erat
1434 1898 1737 1952 nobiscum.
1793 1896 1849 1952 Si

268 1986 415 2038 enim
446 2000 642 2051 corpus
677 1984 871 2039 feceris
904 1987 1066 2039 Deum
1094 2024 1108 2050 ,
1133 1996 1187 2038 et
1215 2000 1410 2054 corpus
1454 1987 1848 2057 plenitudinem

268 2078 392 2133 emli
428 2086 482 2132 et
514 2087 694 2141 terrae,
727 2087 822 2132 aut
852 2079 996 2147 quod
1034 2091 1255 2147 supcrat
1282 2094 1443 2150 supra
1470 2081 1613 2147 haec;
1645 2081 1696 2135 in
1734 2082 1852 2151 ipso

268 2184 440 2239 pones
470 2169 689 2236 cmlum,
713 2179 766 2223 et
797 2178 957 2225 terra:
982 2169 1210 2239 lapides,
1238 2180 1293 2224 et
1336 2175 1514 2226 omnia
1551 2188 1670 2242 qum
1703 2182 1846 2229 sunt.

214 2236 232 2255 ’
268 2259 326 2314 Si
346 2259 488 2313 enim
520 2270 579 2314 ut
600 2276 798 2329 corpus
820 2270 1171 2315 coextensum
1202 2272 1285 2315 est
1306 2264 1649 2331 corporibus,
1676 2266 1850 2333 primo

267 2352 487 2418 quidem
509 2353 762 2407 abstrabe
801 2354 982 2408 omnia
1009 2395 1025 2418 ,
1069 2366 1125 2408 ut
1156 2354 1329 2409 locum
1361 2355 1557 2410 habeat
1590 2357 1752 2412 Deus.
1791 2357 1847 2411 Si

267 2444 413 2498 enim
462 2459 658 2515 corpus
696 2454 1058 2515 estmagnum
1090 2464 1103 2500 :
1135 2455 1429 2513 egestatem
1487 2446 1607 2501 dico
1648 2462 1850 2517 paupe-

270 2553 417 2603 rum,
450 2552 556 2590 non
587 2537 775 2605 implet
794 2538 973 2591 omnia
1008 2552 1021 2587 :
1051 2536 1230 2590 nullus
1254 2538 1392 2592 alius
1420 2539 1615 2593 habeat
1646 2539 1844 2594 locum.

268 2626 465 2682 Omnia
501 2628 644 2681 enim
674 2627 932 2696 prtevenit
968 2626 1129 2685 Deus.
1163 2627 1229 2681 Et
1262 2628 1404 2682 sicut
1439 2629 1704 2696 repletum
1751 2645 1844 2685 vas

273 2719 459 2779 fuerit,
484 2734 550 2773 eo
578 2720 665 2788 qui
700 2729 1053 2788 prmeesserat
1093 2719 1353 2788 replente,
1398 2737 1502 2775 non
1555 2732 1638 2775 est
1699 2722 1847 2777 locus

268 2823 327 2863 ut
350 2812 765 2880 supermittatur
805 2811 1001 2880 aliquid
1052 2812 1196 2866 aliud
1228 2829 1242 2865 :
1278 2813 1348 2865 ila
1395 2814 1440 2867 si
1476 2813 1617 2869 Deus
1652 2830 1847 2882 corpus

266 2912 367 2963 est,
414 2904 688 2971 prmeesail
747 2914 926 2957 autem
984 2906 1207 2971 omnia,
1247 2921 1351 2958 non
1402 2906 1594 2959 habeat
1650 2907 1844 2963 coelum

267 2996 444 3050 locum
495 3006 553 3051 ut
610 2998 794 3063 faciat,
857 3011 1032 3066 neque
1093 3006 1233 3051 terra
1291 2997 1506 3062 iocum;
1570 3002 1847 3066 praecessit

267 3090 410 3143 enim
438 3089 596 3143 Deus.
632 3089 687 3143 Si
728 3098 906 3142 autem
940 3098 1021 3143 est
1048 3088 1241 3142 caelum
1271 3100 1326 3142 et
1352 3098 1516 3151 terra,
1562 3099 1614 3144 et
1653 3107 1803 3145 mare
1828 3133 1843 3155 ,

272 3194 323 3235 et
365 3198 490 3245 aer,
524 3182 704 3234 nullus
728 3180 875 3236 locus
913 3192 999 3235 est
1028 3195 1264 3236 vacuus:
1312 3196 1486 3251 neque
1536 3198 1603 3236 ex
1652 3197 1842 3236 natura
1872 3204 1915 3261 ρ

262 3290 453 3327 eorum
511 3289 797 3341 corporum
856 3290 978 3342 qua:
1025 3273 1227 3335 insunt,
1262 3288 1438 3341 neque
1460 3288 1524 3327 ex
1558 3278 1844 3343 praesentia

268 3367 364 3420 Dei
394 3383 409 3432 ;
445 3368 569 3435 quia
604 3381 698 3434 per
727 3381 951 3434 corpora
980 3375 1271 3436 penetrans
1296 3367 1470 3429 adest,
1509 3381 1613 3419 nou
1645 3382 1845 3437 corpus

264 3461 380 3527 ipse
407 3470 509 3513 est.
542 3457 819 3527 Siquidem
850 3474 947 3514 nec
996 3460 1041 3513 si
1068 3460 1243 3512 anima
1292 3470 1472 3513 nostra
1524 3470 1672 3515 esset
1721 3477 1842 3515 cor-

263 3570 385 3622 pus,
417 3563 631 3622 poterat
666 3569 785 3607 esse
812 3553 865 3606 in
897 3568 1145 3623 corpore.
1166 3553 1321 3609 Sicut
1353 3555 1495 3608 enim
1537 3556 1842 3624 suscipiens

262 3663 457 3715 aquam
482 3664 588 3701 non
626 3658 805 3700 manet
838 3658 1098 3717 quantum
1125 3656 1265 3709 erat,
1298 3648 1390 3700 sed
1419 3648 1843 3703 additamentum

261 3748 426 3808 auget
469 3738 892 3807 magnitudinem
926 3752 1233 3791 mensurae:
1266 3738 1337 3792 ita
1391 3753 1586 3807 corpus
1621 3740 1839 3808 corpori

260 3832 645 3899 compositum.
676 3830 740 3883 Et
774 3831 911 3884 sicut
955 3830 1221 3894 aediliciis,
1252 3840 1304 3883 et
1337 3831 1586 3893 navibus,
1618 3842 1673 3884 et
1712 3832 1843 3885 cho-

261 3924 365 3988 ris,
395 3930 449 3975 et
483 3922 714 3990 populis,
741 3928 794 3974 et
814 3919 1142 3982 civitatibus,
1168 3927 1222 3973 et
1264 3918 1430 3988 agris,
1459 3928 1511 3972 et
1537 3917 1840 3982 arboribus,

259 4014 405 4068 aliud
427 4013 531 4067 alio
563 4012 804 4065 additum
853 4020 1014 4080 auget
1052 4009 1519 4079 magnitudinem:
1570 4009 1613 4063 si
1661 4017 1840 4061 autem

259 4114 525 4175 angustus
556 4102 721 4157 fuerit
752 4101 921 4166 locus,
956 4114 1075 4169 qua:
1118 4107 1551 4168 praecesserunt,
1583 4111 1703 4167 quae
1741 4111 1835 4150 au.

258 4209 368 4251 tem
423 4195 983 4258 subintroducuntur,
1048 4209 1151 4246 non
1199 4191 1474 4245 habebunt
1538 4190 1739 4245 locum.
1782 4190 1839 4245 Si

258 4286 424 4354 igitur
474 4299 703 4353 corpora
764 4284 1040 4335 adduntur
1093 4282 1307 4351 corpori
1359 4282 1654 4336 constituto
1707 4282 1838 4349 Deo,

257 4376 572 4447 angelisque
604 4376 765 4437 Deus,
799 4383 954 4442 putas
979 4390 1081 4430 non
1105 4384 1224 4428 erat
1250 4373 1525 4443 perfectus
1545 4384 1837 4445 antequam

257 4471 548 4525 adderetur
578 4468 812 4524 caelum?
846 4466 902 4521 Si
934 4477 1113 4521 autem
1158 4467 1274 4536 ipse
1302 4477 1419 4521 erat
1454 4467 1728 4536 perlectus
1785 4481 1840 4523 et

1962 603 2302 668 Spieiuutur?
2337 605 2497 670 Deus,
2547 605 2745 675 inquit,
2804 604 3076 659 intellecta
3115 604 3367 661 visibilis.
3397 603 3542 661 Visi-

1961 694 2085 749 bilis
2143 704 2320 749 autem
2368 696 2565 751 dicitur
2604 698 2679 751 ita
2720 696 2862 751 sicut
2886 696 3146 765 scriptum
3181 707 3286 765 est,
3335 696 3404 752 Et
3430 698 3539 753 vidi

1960 785 2223 841 visionem
2254 787 2346 842 Dei
2384 805 2397 841 :
2435 787 2728 850 intellecta,
2759 797 2947 858 utpote
2976 800 3301 859 suggerente
3338 789 3534 853 oculis,

1959 891 2079 945 quae
2100 877 2228 931 vidit
2253 892 2374 932 esse
2401 878 2659 947 inscripta
2685 879 2735 931 in
2764 880 3023 948 Operibus
3052 879 3189 947 ejus.
3224 879 3355 948 Quae
3391 881 3536 936 enim

1960 967 2221 1035 inscripta
2249 979 2397 1034 sunt,
2441 969 2595 1022 nobis
2640 970 2942 1023 necessaria
2979 970 3251 1025 videntur.
3285 971 3396 1026 Cur
3436 986 3535 1025 au-

1960 1067 2066 1110 tem
2097 1057 2187 1111 illa
2214 1058 2370 1112 audis
2395 1074 2515 1127 quae
2544 1057 2830 1113 visibiliter
2853 1061 2996 1115 dicta
3043 1072 3188 1127 sunt,
3215 1074 3405 1116 natura
3437 1078 3535 1116 au-

1962 1161 2066 1205 tem
2117 1165 2246 1206 vere
2277 1162 2333 1205 et
2366 1151 2740 1221 principaliter
2788 1166 2893 1205 non
2933 1152 3208 1208 admittis?
3251 1154 3369 1210 Vidi
3425 1155 3532 1210 Do-

1960 1244 2186 1307 minum,
2219 1244 2415 1298 audisti
2450 1259 2465 1295 :
2505 1242 2797 1298 invisibilia
2822 1242 2939 1309 ejus
2961 1258 3066 1298 non
3100 1245 3337 1300 audisti?
3362 1245 3533 1299 Audi-

1957 1338 2024 1392 Sti
2052 1338 2179 1407 quia
2211 1338 2301 1392 ille
2329 1338 2517 1393 nescio
2550 1339 2640 1407 qui
2665 1339 2802 1392 vidit
2837 1338 3147 1404 Dominum,
3185 1340 3354 1395 Deum
3377 1357 3535 1396 nemo

1956 1430 2089 1483 vidit
2127 1446 2361 1497 unquam
2396 1448 2499 1486 non
2529 1431 2771 1486 audisti?
2799 1431 3012 1486 Audisti
3046 1433 3170 1501 quia
3217 1434 3305 1489 ille
3360 1436 3531 1498 novit,

1956 1536 2131 1592 neque
2166 1522 2319 1586 vidit,
2348 1538 2529 1593 neque
2558 1523 2744 1577 videre
2772 1526 2971 1594 poterit
3000 1542 3013 1577 :
3050 1540 3155 1579 non
3193 1527 3410 1594 audisti,
3436 1527 3535 1582 sed

1954 1615 2161 1667 audivit
2196 1630 2318 1670 eum
2345 1615 2513 1670 Filius
2538 1631 2673 1671 suus
2703 1618 2919 1687 magis?
2961 1631 3223 1687 quantum
3251 1620 3364 1689 ipse
3386 1618 3533 1673 enim

1956 1709 2105 1761 novit
2148 1707 2364 1762 Patrem
2406 1724 2565 1763 suum
2614 1711 2704 1780 qui
2741 1711 2816 1763 ait
2848 1731 2860 1765 :
2898 1710 3082 1780 Neque
3104 1727 3275 1764 vocem
3304 1710 3418 1781 ejus
3443 1726 3537 1765 un-
3572 1758 3579 1767 .

1952 1817 2108 1868 quam
2131 1801 2379 1867 audistis,
2410 1819 2571 1873 neque
2616 1803 2806 1872 faciem
2831 1802 2943 1871 ejus
2983 1804 3183 1856 vidistis
3210 1803 3278 1857 “.
3336 1801 3392 1856 Si
3438 1816 3536 1856 au-

1956 1906 2063 1948 tem
2091 1894 2325 1950 volneris
2353 1910 2419 1949 ex
2451 1897 2557 1951 tuis
2585 1911 2880 1966 agnoscere
2912 1896 3102 1959 Deum,
3127 1906 3183 1951 et
3206 1907 3256 1950 te
3283 1905 3337 1950 et
3362 1895 3531 1950 Deum

1956 1986 2227 2055 ignorabis
2261 2003 2273 2038 :
2310 1986 2407 2041 sed
2447 2002 2674 2055 sequere
2710 1989 2949 2054 humilis,
2978 1990 3260 2043 considera
3298 1988 3393 2042 ubi
3431 1988 3527 2043 sis.

1954 2079 1998 2133 0
2038 2090 2295 2146 quantum
2337 2080 2499 2133 inter.
2537 2088 2589 2135 te
2646 2088 2701 2135 et
2740 2081 2936 2135 ctelnm
2994 2081 3253 2135 interest!
3297 2078 3531 2146 amplius

1952 2179 2131 2224 autem
2162 2171 2557 2241 derelinquitur
2588 2172 2782 2225 caelum
2808 2189 2835 2225 a
2859 2172 2986 2227 Deo.
3009 2173 3121 2227 Non
3154 2172 3343 2242 spatiis
3368 2172 3527 2225 dico:

1954 2261 2085 2315 nihil
2119 2264 2263 2315 enim
2296 2263 2569 2317 desertum
2602 2262 2710 2316 Deo
2740 2272 2822 2317 est
2858 2282 2869 2317 :
2903 2264 2953 2315 in
2998 2263 3143 2316 nullo
3174 2272 3355 2317 autem
3396 2262 3527 2315 reti-

1952 2362 2111 2405 netur
2134 2352 2295 2406 Deus.
2334 2352 2495 2407 Forte
2533 2352 2621 2406 isti
2652 2368 2933 2409 sermones
2974 2354 3132 2407 aliam
3170 2354 3403 2423 linguam
3430 2368 3527 2406 ne-

1950 2442 2240 2496 cessariam
2280 2443 2649 2511 habent,quia
2699 2446 2837 2500 etde
2863 2446 2966 2498 alia
3006 2455 3195 2498 natura
3257 2445 3525 2498 dicuntur.

1949 2534 2081 2588 Cum
2138 2534 2300 2602 igitur
2351 2550 2630 2589 sermones
2697 2536 2823 2589 moti
2905 2536 3107 2590 fuerint
3163 2536 3214 2590 in
3275 2534 3528 2599 ecclesia,

1949 2624 2213 2694 siquidem
2242 2625 2306 2679 de
2338 2626 2587 2680 humanis
2620 2628 2850 2696 negotiis
2877 2668 2891 2690 ,
2938 2628 3308 2697 unusquisque
3336 2637 3532 2683 acutus

1948 2726 2001 2771 et
2029 2732 2152 2771 acer
2180 2719 2414 2782 auditor,
2446 2729 2498 2771 et
2527 2735 2594 2772 ex
2639 2722 2838 2787 quibus
2872 2720 3101 2788 patitur,
3146 2732 3199 2774 et
3236 2734 3302 2772 ex
3332 2722 3530 2787 quibus

1948 2809 2181 2861 admittit
2214 2810 2507 2877 respiciens
2539 2812 2604 2865 ad
2640 2812 2935 2873 dicentem,
2965 2820 3021 2865 et
3059 2826 3382 2880 comparans
3406 2826 3526 2881 qua:

1949 2898 2198 2953 dicantur
2229 2900 2310 2953 bis
2342 2916 2462 2970 qua:
2499 2904 2634 2971 agit,
2662 2912 2717 2957 et
2744 2920 2862 2972 quze
2889 2903 3243 2973 proferuntur
3290 2905 3373 2958 bis
3410 2918 3531 2975 quae

1950 2992 2183 3060 patitur;
2212 2995 2392 3047 statim
2444 2997 2680 3064 prudens
2724 3007 2777 3049 et
2820 2998 3173 3066 scrupulosus
3200 2999 3415 3051 auditor
3472 3008 3527 3050 et

1948 3089 2165 3153 agnovit
2192 3096 2245 3140 et
2274 3090 2569 3142 consensit.
2596 3088 2729 3143 Cum
2773 3102 2954 3145 autem
2982 3094 3529 3145 transmutaverimus

1949 3193 2274 3246 sermonem,
2309 3182 2447 3235 etab
2476 3182 2726 3235 humanis
2762 3185 3168 3247 recesserimus,
3194 3192 3248 3238 et
3273 3183 3339 3237 ad
3359 3183 3524 3238 Deum

1949 3278 2182 3321 mentem
2233 3272 2635 3325 ostenderimus
2673 3272 2785 3344 (i7)
2839 3284 3080 3329 nostram
3124 3292 3136 3328 :
3199 3274 3321 3329 istic
3370 3273 3524 3328 multi

1947 3360 2163 3429 quidem
2206 3362 2567 3427 suscitantur,
2614 3364 2830 3434 quidam
2888 3375 3182 3432 gravantur
3227 3378 3259 3418 a
3311 3378 3526 3428 somno,

1947 3451 2293 3507 aliidelirare
2335 3464 2528 3522 putant
2557 3456 2851 3509 dicentem.
2890 3455 2958 3511 Ut
3009 3467 3191 3511 autem
3241 3458 3525 3511 condiscas

1946 3542 2050 3597 hoc
2077 3544 2267 3597 vitium
2297 3545 2368 3598 ita
2403 3560 2544 3609 esse,
2587 3547 2786 3601 audeat
2836 3549 2961 3617 quis
2997 3549 3255 3602 honestus
3313 3549 3527 3619 ingres-

1946 3648 2039 3690 sus
2069 3636 2336 3691 theatrum
2363 3637 2545 3693 dicere
2573 3653 2700 3692 vera
2754 3641 2836 3694 bis
2877 3642 2967 3710 qui
3015 3641 3269 3697 mendose
3309 3643 3526 3697 conlin-

1945 3737 2097 3797 gunt,
2123 3739 2176 3783 et
2206 3745 2487 3786 assumere
2519 3734 2881 3787 constantiam
2911 3734 3200 3799 decoram;
3238 3736 3283 3789 si
3338 3745 3521 3789 autem

1944 3831 1998 3875 et
2029 3822 2080 3876 in
2107 3821 2198 3877 illo
2228 3824 2483 3878 decorum
2508 3836 2590 3880 est
2616 3827 2821 3897 ingredi
2852 3826 3006 3893 loco;
3040 3836 3094 3880 et
3125 3828 3346 3896 incipiat
3372 3828 3524 3883 diceq

1946 3927 2003 3969 re
2031 3932 2053 3967 ι
2075 3914 2348 3979 Insanitis,
2372 3931 2404 3971 ο
2429 3915 2677 3971 homines
2709 3933 2725 3973 :
2762 3933 2871 3972 non
2909 3919 3103 3972 videtis
3144 3918 3315 3973 oculis
3348 3937 3361 3973 :
3395 3934 3522 3972 sur-

1945 4007 2025 4060 da:
2050 4007 2199 4061 vobis
2222 4018 2347 4063 sunt
2375 4024 2555 4064 aures.
2588 4011 2694 4064 Iste
2737 4012 2880 4066 enim
2909 4011 3001 4079 qui
3033 4009 3214 4075 saltat,
3248 4010 3386 4064 ludit
3425 4025 3520 4065 ve-

1944 4115 2110 4157 3tram
2130 4102 2442 4167 cultionem,
2466 4103 2713 4171 deturpat
2740 4118 2804 4157 ea
2848 4118 2967 4172 quae
3004 4102 3217 4168 colitis,
3255 4101 3518 4155 mentitur

1944 4198 2068 4261 iste,
2098 4204 2152 4250 et
2182 4210 2279 4251 vos
2303 4195 2644 4251 consentitis.
2675 4194 2841 4250 Putas
2869 4196 3146 4266 patientur
3166 4236 3182 4258 ,
3213 4204 3271 4247 ut
3304 4194 3524 4263 impleat

1943 4288 2348 4344 accusationem
2377 4298 2431 4343 et
2460 4289 2889 4351 convictionem,
2914 4297 2967 4341 et
2996 4303 3100 4341 non
3129 4287 3297 4357 ipsius
3323 4285 3524 4341 theatri

1945 4377 2275 4444 accipientes
2310 4375 2515 4444 lapides
2552 4377 2728 4431 mittet
2774 4385 2867 4431 aut
2904 4376 3085 4430 volvet
3125 4376 3523 4446 unusquisque,

1944 4477 2003 4521 ut
2033 4470 2078 4522 ei
2122 4466 2286 4522 fuerit
2312 4470 2504 4533 virtus,
2536 4481 2791 4539 tanquam
2846 4471 2910 4523 ad
2952 4471 3295 4540 deceptorem
3336 4480 3391 4525 et
3442 4472 3523 4525 in-

256 4571 596 4634 praevenerat
628 4560 829 4623 omnia,
856 4574 959 4612 non
995 4559 1265 4612 habebant
1293 4558 1470 4613 locum
1505 4575 1679 4626 mare,
1724 4569 1835 4614 ter-
1871 4546 1913 4601 D
1944 4562 2301 4618 terlicientem
2342 4564 2432 4633 qui
2484 4564 2807 4618 beneﬁcium
2855 4564 3166 4617 tribuebat?
3225 4563 3280 4619 Si
3343 4574 3522 4619 autem

256 4674 316 4712 ra
340 4665 396 4711 et
427 4655 646 4710 emtum.
680 4653 737 4708 Si
773 4661 953 4706 autem
996 4652 1213 4721 quidem
1244 4651 1345 4705 ista
1377 4662 1525 4719 sunt,
1562 4652 1704 4708 Deus
1740 4668 1838 4706 au-

256 4759 365 4802 tem
391 4761 453 4801 ea
507 4746 655 4809 fecit,
687 4754 741 4797 et
774 4744 1059 4813 gubernat,
1085 4752 1140 4797 et
1179 4744 1353 4812 regit;
1415 4744 1701 4800 invisibilis
1755 4755 1839 4798 cst

254 4850 438 4893 rector
473 4834 831 4890 invisibilibus
878 4834 1033 4902 aquis
1079 4842 1415 4901 superstans.
1460 4833 1517 4887 Si
1550 4834 1692 4887 enim
1722 4835 1837 4904 ipse

254 4944 364 4985 non
436 4937 678 4995 regeret,
735 4940 1006 4996 nunquam
1049 4940 1206 4995 passa
1256 4927 1444 4980 fuisset
1492 4935 1632 4981 terra
1664 4942 1834 4991 mare,

252 5032 309 5073 et
336 5033 509 5087 neque
534 5034 681 5072 mare
707 5027 930 5084 terram,
976 5018 1202 5072 adversa
1255 5028 1310 5072 et
1352 5017 1577 5087 jurgans
1639 5031 1831 5072 natura

251 5125 310 5168 et
330 5114 546 5183 erigens
589 5127 681 5175 se,
711 5122 765 5166 et
815 5112 1103 5179 extollens,
1158 5121 1214 5166 et
1264 5112 1498 5177 minans,
1529 5112 1723 5166 indens
1777 5120 1830 5167 el

253 5207 589 5260 contendens
622 5204 731 5274 (16)
759 5219 772 5267 ;
804 5202 1058 5258 invisibili
1088 5214 1267 5259 autem
1299 5218 1456 5258 manu
1482 5220 1576 5258 sua
1613 5206 1835 5260 statutis

253 5299 359 5353 sibi
387 5297 633 5351 terminis
658 5300 724 5351 lis
748 5312 850 5350 non
885 5296 1301 5365 transgreditur.
1346 5296 1489 5364 Ergo
1516 5310 1613 5366 per
1646 5297 1835 5351 visibi-

254 5393 323 5446 lia
368 5392 652 5445 invisibilis
719 5390 1075 5459 cuuspicitur,
1103 5391 1247 5445 sicut
1273 5391 1538 5460 scriptum
1565 5401 1645 5445 est
1680 5409 1693 5445 :
1730 5389 1833 5444 In-

254 5485 482 5540 tiribilia
505 5495 679 5538 autent
704 5484 818 5538 eius
852 5500 944 5553 per
970 5493 1268 5538 creaturam
1292 5484 1475 5537 mundi
1502 5499 1565 5538 ea:
1589 5484 1829 5553 operibus

324 5637 371 5671 “
399 5632 586 5696 Matth.
607 5654 647 5705 ι,
678 5638 767 5694 23.
844 5636 889 5669 “
914 5637 1069 5692 Rom.
1090 5653 1128 5702 ι,
1158 5637 1248 5692 20.
1326 5639 1371 5670 ⁵⁸
1396 5636 1554 5693 Joau.
1581 5653 1636 5706 v,
1663 5637 1760 5694 37.

326 5802 437 5872 (I5)
463 5800 559 5872 Ms.
598 5799 668 5872 ι
704 5816 933 5868 appono:
954 5801 1000 5852 ei
1023 5799 1220 5855 oculos.

331 5870 444 5930 tibi
469 5871 566 5929 Ms.
587 5871 653 5927 Et
689 5874 858 5927 minas
884 5874 1065 5926 indens
1089 5881 1135 5925 et
1162 5870 1495 5926 contendens.

1945 4668 1999 4711 et
2029 4673 2312 4726 personam
2347 4658 2601 4720 commdi,
2630 4658 2960 4711 autillortnu
2986 4657 3077 4727 qui
3115 4655 3189 4710 illi
3229 4656 3522 4726 plurimum

1944 4751 2182 4805 clamore
2213 4760 2565 4812 consuerunt,
2620 4750 2884 4805 inducens
2926 4750 3048 4818 quis
3092 4748 3254 4804 fuerit
3318 4749 3522 4816 ingres-

1920 4846 2040 4896 sus
2069 4842 2120 4895 in
2161 4842 2343 4896 habitu
2379 4842 2596 4911 quidem
2640 4842 2770 4911 lupi,
2816 4843 3037 4912 incipiat
3082 4853 3261 4897 autem
3305 4842 3519 4896 dicere:

1946 4934 2041 4988 Est
2067 4932 2231 4998 Deus,
2265 4944 2319 4988 et
2352 4935 2453 4988 iste
2479 4950 2583 4989 non
2621 4935 2672 4989 in
2712 4934 2948 5004 templis,
2972 4951 3077 4990 non
3109 4936 3159 4989 in
3188 4933 3518 4996 simulacris,

1944 5042 2051 5081 non
2085 5028 2137 5082 in
2168 5027 2417 5097 picturis,
2445 5044 2553 5082 non
2574 5028 2626 5082 in
2660 5030 2910 5083 manibus
2953 5028 3262 5081 artilicum:
3295 5025 3338 5080 si
3366 5025 3518 5079 dixe-

1943 5120 2014 5174 rit
2040 5134 2165 5173 vera
2197 5120 2336 5189 apud
2362 5135 2457 5175 eos
2485 5121 2575 5189 qui
2608 5121 2937 5177 meditantur
2963 5119 3153 5172 menda
3184 5118 3321 5189 (l8),
3361 5128 3518 5188 putas

1941 5210 2242 5264 concedent
2291 5210 2513 5279 implere
2565 5210 2811 5263 veritatis
2873 5222 3175 5272 sermones,
3220 5224 3324 5261 non
3392 5220 3518 5262 ante

1942 5316 2218 5358 sermones
2279 5303 2505 5357 obruent
2545 5318 2666 5357 eum
2710 5300 2978 5368 lapidibus
3024 5300 3336 5354 dicentem?
3384 5299 3516 5356 Nam

1942 5394 2045 5447 etsi
2071 5394 2193 5447 talia
2227 5410 2330 5448 non
2367 5396 2503 5449 ﬁunt
2546 5396 2597 5448 in
2658 5394 2922 5457 ecclesiis,
2962 5401 3139 5446 tamen
3178 5408 3299 5447 cum
3348 5409 3515 5464 supra

1942 5486 2353 5541 sensibilitatem
2419 5488 2750 5541 moverimus
2804 5499 3114 5541 sermonem
3149 5523 3167 5553 ,
3217 5483 3372 5542 multi
3416 5501 3515 5543 nos

2015 5796 2127 5871 (17)
2169 5796 2561 5871 Quendetjmus
2606 5795 2769 5871 Forte
2796 5794 3201 5871 eatenderimus.

2013 5867 2124 5929 (18)
2161 5868 2375 5925 Meuda.
2403 5867 2566 5926 Forte
2598 5869 2895 5923 mendacia.
