3956 6526
466 354 607 410 “‘27

1173 351 1438 409 EUSEBII
1477 350 1961 407 CIESARIENSIS
1999 351 2147 405 OPP.
2193 351 2371 405 PARS
2409 350 2501 404 ιν.
2544 379 2611 393 -—
2650 348 3065 407 DOGMATICA.

3570 352 3704 403 H28

464 469 889 539 derelinquunt:
927 476 982 520 et
1011 481 1235 536 corpore
1256 467 1469 535 quidem
1519 466 1845 520 erubescunt
1888 482 2034 520 rece-
2062 477 2107 531 Α
2135 481 2327 519 carnes
2367 463 2480 536 (ἳο)
2528 464 2708 518 vivent
2739 481 2755 527 ;
2805 467 2899 519 sed
2952 465 3131 517 anima
3156 500 3174 528 ,
3224 474 3279 519 et
3322 465 3627 535 cogitatus,
3657 474 3705 520 e'

464 564 617 624 dere,
646 570 827 614 mente
852 567 1034 611 autem
1061 557 1190 612 olim
1220 556 1625 624 dereliquerunt
1664 571 1677 608 :
1717 566 2035 625 reputantes

464 653 609 722 apud
636 666 716 714 se,
750 649 922 717 magis
947 660 1127 701 autem
1156 646 1470 700 fraudantes
1504 658 1557 700 et
1588 662 1695 701 non
1741 648 2035 700 admitten-

465 753 570 799 tes.
624 742 718 797 Est
764 756 894 810 ergo
946 738 1150 807 aliquid
1192 738 1334 806 quod
1368 755 1471 792 non
1511 748 1688 807 potest
1736 754 1925 792 manus
1965 748 2035 791 te-

464 847 596 889 nere
629 850 643 887 :
675 842 758 886 est
813 830 1013 900 aliquid
1043 828 1188 898 quod
1214 844 1319 882 non
1353 838 1529 897 potest
1571 830 1762 883 oculus
1808 828 2032 883 videre:

466 933 551 981 est
582 923 782 993 aliquid
815 922 957 992 quod
1020 937 1125 976 non
1188 930 1273 975 est
1311 920 1667 975 sensibilitas.
1722 918 1837 973 Non
1870 919 2035 973 habes

466 1020 749 1075 animam?
775 1018 953 1073 vidisti
987 1017 1084 1072 ista
1110 1014 1263 1086 (l9)?
1291 1025 1449 1084 putas
1466 1030 1617 1083 ergo,
1646 1012 1769 1080 quia
1798 1013 2032 1065 animam

470 1130 572 1167 non
604 1112 784 1166 vidisti
812 1120 979 1171 tuam,
1011 1125 1115 1163 non
1145 1118 1229 1163 est
1261 1107 1403 1176 quod
1445 1105 1649 1159 habes?
1690 1114 1745 1158 et
1791 1118 1938 1159 certe
1967 1105 2033 1158 de

465 1205 645 1259 anima
677 1204 871 1257 dubius
905 1217 1025 1256 esse
1051 1217 1155 1255 non
1186 1201 1347 1254 debes
1372 1200 1415 1253 si
1444 1206 1549 1261 est,
1574 1197 1666 1252 sed
1691 1198 1757 1251 de
1786 1213 2031 1267 corpore.

463 1294 689 1362 Corpori
728 1294 871 1347 enim
910 1302 970 1346 υι
1002 1293 1095 1356 sit,
1135 1291 1419 1358 praesentia
1448 1288 1577 1342 facit
1612 1289 1807 1342 anima:
1848 1308 1860 1342 :
1904 1304 2031 1341 num

464 1390 630 1442 debes
655 1385 938 1440 dubitare?
974 1385 1028 1439 Si
1063 1384 1210 1437 videt
1234 1382 1422 1437 oculus
1461 1391 1603 1446 tuus,
1630 1381 1674 1435 si
1716 1389 1895 1450 gustat
1933 1379 2033 1432 Iin-

464 1496 563 1548 gua
594 1489 644 1534 et
692 1480 951 1549 loquitur,
979 1488 1035 1532 et
1075 1477 1117 1531 si
1162 1476 1333 1545 tangit
1390 1490 1621 1539 manus;
1651 1489 1749 1528 cur
1795 1473 2030 1535 dubitas,

464 1584 521 1626 et
551 1588 660 1628 non
693 1573 865 1640 magis
897 1569 1182 1624 edoceris?
1233 1566 1475 1622 Ostendo
1519 1565 1614 1619 tibi
1655 1580 1852 1635 corpus
1897 1579 2033 1619 mor-

464 1665 583 1717 tui:
618 1662 802 1720 oculus
830 1662 878 1717 ei
931 1678 1036 1716 non
1093 1660 1263 1725 deest,
1312 1667 1365 1712 et
1399 1674 1504 1714 non
1568 1656 1755 1721 videt;
1794 1656 2029 1725 linguam

464 1756 647 1820 habet,
699 1768 755 1809 et
818 1769 1121 1809 sermonem
1154 1768 1258 1808 non
1302 1751 1498 1817 habet;
1569 1762 1729 1804 aures
1756 1747 1936 1811 habet,
1979 1754 2032 1801 et

2134 568 2345 610 sensus.
2380 556 2435 609 Si
2474 567 2651 610 autem
2675 566 2729 610 et
2759 557 3087 611 contenditis
3115 570 3236 610 esse
3260 572 3485 626 corpora
3515 569 3698 612 etear~

2134 664 2229 702 nes
2267 647 2399 708 Deo,
2431 661 2534 699 non
2565 661 2902 716 opponamus
2939 647 2989 700 ei
3032 647 3123 715 qui
3171 663 3274 701 non
3306 649 3571 717 suscipit,
3613 652 3705 703 sed

2134 740 2203 793 sit
2230 749 2509 808 separatus
2536 748 2589 791 ut
2638 746 2742 803 est,
2790 738 2860 793 sit
2904 753 3086 808 purus,
3131 738 3203 792 sit
3246 738 3379 793 liber
3434 742 3706 808 corporali

2134 828 2325 883 all‘ectu
2360 830 2427 883 ab
2461 830 2606 883 omni
2642 828 2779 894 loco,
2805 829 2875 883 ab
2900 829 3045 882 omni
3077 831 3312 897 regione,
3342 831 3409 885 ab
3438 833 3583 885 omni
3611 848 3703 884 na-

2136 929 2274 973 tura.
2307 919 2465 974 Solus
2490 922 2635 974 enim
2665 929 2753 974 est
2786 921 2838 973 in
2882 921 3205 990 semetipso,
3242 921 3386 975 solus
3434 923 3572 991 apud
3616 937 3703 976 se-

2135 1012 2449 1080 metipsum,
2504 1012 2648 1065 solus
2700 1022 2974 1079 reparatus
3014 1015 3079 1066 ad
3119 1030 3206 1080 se,
3256 1025 3309 1067 et
3350 1028 3470 1067 cum
3509 1014 3580 1067 sit
3624 1030 3702 1066 re-

2134 1114 2355 1173 paratus
2382 1103 2446 1157 ad
2473 1118 2550 1168 se,
2584 1104 2811 1172 complet
2835 1105 3041 1172 omnia,
3076 1105 3170 1159 sed
3196 1121 3299 1159 non
3327 1107 3697 1173 corporaliter.

2134 1191 2285 1247 Tuba
2314 1208 2450 1264 opus
2475 1204 2586 1261 est;
2645 1208 2747 1247 vox
2778 1194 3010 1248 maxima
3045 1196 3353 1248 necessaria
3390 1204 3471 1249 est
3520 1211 3534 1247 :
3590 1212 3700 1248 ma-

2132 1287 2216 1356 gis
2244 1296 2423 1342 autem
2450 1302 2547 1343 nec
2593 1303 2714 1351 vox,
2754 1304 2851 1342 nec
2901 1287 3047 1352 tuba,
3102 1289 3197 1341 sed
3256 1301 3407 1342 tuens
3456 1304 3615 1358 pura,
3647 1298 3703 1340 ut

2131 1380 2380 1433 videatur
2409 1380 2498 1448 qui
2534 1395 2640 1433 non
2669 1379 2901 1443 videtur,
2949 1389 3009 1433 ut
3032 1379 3281 1432 audiatur
3334 1380 3422 1448 qui
3469 1394 3574 1432 non
3617 1394 3703 1431 au-

2136 1469 2302 1536 ditur,
2335 1480 2391 1524 ut
2434 1470 2761 1540 intelligatur
2788 1471 2878 1539 qui
2916 1486 3020 1524 non
3074 1471 3485 1540 interpretatur,
3533 1480 3588 1523 et
3620 1470 3700 1525 di-

2134 1573 2285 1615 catur
2312 1561 2399 1629 qui
2432 1575 2536 1614 non
2567 1560 2796 1625 dicitur,
2826 1570 2882 1614 ut
2907 1574 3229 1632 agnoscatur
3268 1562 3359 1631 qui
3413 1578 3518 1616 non
3553 1576 3703 1618 com—

2133 1653 2518 1724 prehenditur,
2578 1664 2632 1707 et
2700 1654 2771 1707 sit
2827 1654 2913 1708 isti
2975 1654 3066 1707 tali
3134 1654 3243 1708 Deo
3297 1666 3392 1723 per
3443 1668 3566 1709 eum
3608 1654 3700 1724 qui

2132 1746 2293 1800 talem
2324 1744 2479 1800 nobis
2526 1747 2803 1799 annuntiat
2848 1757 2897 1800 et
2948 1746 3334 1815 interpretatur
3373 1747 3541 1800 Deum
3591 1747 3701 1815 glo-

464 1847 703 1901 auditum
738 1863 842 1903 non
871 1846 1031 1901 habet
1062 1863 1077 1909 ;
1117 1861 1222 1899 non
1251 1854 1438 1913 gustus
1470 1844 1543 1907 ei,
1580 1856 1684 1895 non
1726 1849 1921 1895 tactus.
1954 1839 2037 1891 ln-
2064 1826 2106 1882 Β
2137 1838 2236 1902 ria,
2275 1838 2466 1901 honor,
2500 1838 2825 1906 imperium,
2860 1838 3113 1904 majestas
3166 1838 3218 1892 in
3268 1838 3471 1907 Spiritu
3506 1850 3701 1892 saneto

462 1939 625 1992 tuerit;I
662 1937 781 2006 quia
820 1937 1082 1992 abscessit
1114 1935 1309 1989 artifex
1360 1932 1687 1999 invisibilis,
1734 1940 1789 1985 et
1844 1943 2033 1985 cessa-

464 2037 590 2083 runt
645 2028 877 2084 visibilia
929 2025 1512 2099 operamentalNunc
1567 2038 1761 2094 corpus
1812 2038 1827 2077 :
1882 2037 2026 2078 nunc

592 2202 2501 2230 Μ

2133 1939 2188 1984 et
2219 1945 2359 1984 nunc
2390 1942 2447 1984 et
2474 1943 2719 1998 semper,
2745 1938 2798 1983 et
2829 1942 2924 1999 per
2942 1928 3120 1984 omnia
3139 1928 3330 1984 sacula
3353 1930 3696 1985 saeculorum.

2128 2023 2321 2080 Amen.

2547 2196 3693 2221 Μ

1425 2413 1985 2532 EUSEBII
2062 2416 2749 2544 PAMPHILI

1286 2676 2909 2805 DEINCORPORALb

1780 2896 2012 2958 LIBER
2057 2896 2373 2959 PRIMUS.

533 3307 814 3363 Multitudo
837 3306 1192 3378 quaestionum
1222 3307 1277 3363 in
1309 3308 1395 3363 bis
1419 3324 1539 3375 quae
1570 3309 1705 3365 lecta
1754 3318 1880 3366 sunt
1915 3310 2031 3365 haec
2056 3318 2103 3381 ο
2132 3312 2313 3367 omnia
2345 3326 2628 3381 corporum
2665 3320 2790 3366 sunt
2821 3311 2951 3367 vitia
2975 3321 3031 3369 et
3064 3312 3367 3383 passiones,
3397 3324 3453 3369 et
3482 3314 3705 3370 divisio-

461 3400 790 3457 continetur.
830 3398 895 3455 Et
940 3398 1081 3455 forte
1128 3415 1250 3455 cum
1308 3402 1512 3472 jejunio
1565 3404 1811 3470 poteritis
1846 3403 2036 3458 audire

458 3504 509 3546 et
545 3508 665 3563 quae
696 3501 819 3547 sunt
845 3508 965 3562 qua:
995 3504 1311 3562 quaeruntur
1334 3534 1350 3560 ,
1393 3503 1448 3547 et
1490 3509 1610 3563 qua:
1639 3509 1824 3549 eorum
1869 3495 2037 3549 inter-

463 3586 695 3655 pretatio
724 3584 1007 3638 habeatur.
1042 3584 1313 3650 Quaeritur
1343 3586 1487 3639 enim
1522 3586 1572 3639 in
1617 3585 1700 3639 his
1741 3600 1863 3654 qua:
1897 3586 2034 3641 lecta

462 3688 611 3743 sunt,
665 3678 711 3731 sl
772 3676 913 3731 Deus
962 3678 1015 3731 in
1074 3686 1311 3731 montem
1357 3678 1634 3733 descendit
1668 3679 1823 3743 Sina,
1882 3687 1937 3732 et
1990 3679 2035 3733 si

462 3768 830 3822 circumdatur
877 3769 1016 3823 Deus
1078 3769 1129 3822 in
1180 3780 1363 3824 monte
1411 3780 1505 3823 aut
1567 3770 1705 3825 loco.
1761 3770 2035 3837 Quaeritur

462 3861 626 3916 etiam
655 3876 776 3930 quae
823 3870 941 3915 erat
988 3863 1152 3927 tuba,
1200 3878 1322 3932 qua:
1365 3877 1459 3918 ore
1501 3863 1873 3933 proferebatur
1920 3863 2034 3919 Dei.

466 3950 758 4019 Qumritur,
807 3968 904 4007 cur
950 3954 1444 4023 apprOpiuquantes
1494 3955 1558 4009 ad
1608 3966 1818 4009 montes
1840 3955 1951 4028 (2i)
1984 3956 2035 4009 in

465 4058 573 4115 quo
628 4055 747 4099 erat
797 4044 957 4110 Deus,
1002 4046 1501 4111 interﬁciebantur,
1556 4056 1611 4102 et
1655 4048 2038 4118 prohibebatur

464 4138 691 4207 populus
722 4138 1170 4207 appropinquare.
1213 4137 1351 4205 Quid
1381 4137 1483 4192 sibi
1518 4139 1629 4193 vult
1660 4139 1913 4193 columna
1938 4156 2039 4193 nu-

464 4229 547 4283 bis
582 4228 669 4284 ubi
702 4240 783 4282 est
813 4228 991 4282 Deus?
1026 4229 1155 4298 quid
1182 4228 1343 4282 etiam
1378 4243 1533 4284 mons
1569 4230 1825 4285 fumans?
1853 4231 2037 4284 Adda-

464 4332 551 4376 tur
584 4334 762 4375 autem
796 4320 909 4384 his,
942 4336 1041 4374 cur
1068 4321 1112 4375 si
1164 4322 1284 4390 quis
1309 4322 1534 4377 vidisset
1569 4324 1732 4377 Deum
1768 4322 2037 4377 morieba-

465 4422 576 4476 tur.
607 4423 658 4467 et
687 4429 792 4467 non
825 4413 995 4484 magis
1039 4413 1276 4468 vivebat.
1326 4413 1434 4469 Has
1481 4430 1669 4471 omnes
1711 4416 2037 4485 quaestiones

463 4504 631 4557 ambit
648 4504 795 4557 locus
808 4504 897 4572 qui
925 4504 1098 4559 lectus
1113 4507 1453 4561 est.0rantes
1474 4508 1637 4575 igitur
1654 4508 1825 4577 ipsum
1848 4507 2036 4572 Deum,

462 4593 554 4663 qui
586 4592 733 4647 solus
761 4602 936 4660 potest
965 4609 1062 4648 sua
1090 4596 1321 4659 edicere,
1353 4596 1422 4648 ita
1453 4598 1516 4649 ad
1536 4597 1830 4651 solutiones
1858 4597 2038 4651 istius-

2137 3418 2233 3459 nes
2260 3412 2315 3458 et
2346 3404 2686 3466 partitiones.
2727 3401 2820 3457 llla
2856 3417 3035 3477 autem
3088 3417 3277 3460 natura
3328 3405 3496 3462 libera
3542 3418 3628 3461 est
3678 3424 3707 3460 a

2135 3496 2476 3563 corporibus,
2512 3510 2617 3548 non
2644 3496 2819 3550 solum
2854 3507 2913 3551 ut
2952 3512 3061 3551 non
3090 3499 3163 3551 sit
3189 3513 3383 3568 corpus
3407 3542 3419 3561 ,
3448 3500 3543 3553 sed
3567 3511 3621 3554 et
3652 3513 3712 3555 ut

2138 3604 2242 3644 non
2275 3589 2470 3643 habeat
2493 3603 2710 3658 corpus.
2746 3588 2855 3645 Nec
2877 3591 3022 3644 enim
3068 3600 3125 3643 ut
3174 3592 3350 3645 anima
3384 3592 3710 3661 incorpora-

2136 3681 2203 3734 lis
2249 3680 2467 3749 quidem
2519 3690 2623 3747 est,
2662 3681 2805 3735 circa
2847 3695 3041 3751 corpus
3089 3693 3267 3736 autem
3310 3684 3711 3751 quodammodo

2136 3780 2239 3833 est,
2281 3780 2373 3824 aut
2399 3786 2597 3841 corpus
2624 3772 2769 3826 circa
2798 3770 2967 3841 ipsam
2989 3812 3007 3839 ,
3034 3786 3127 3827 aut
3160 3777 3425 3843 quomodo
3456 3778 3579 3844 quis
3609 3793 3701 3831 vo-

2138 3861 2299 3917 luerit
2334 3862 2513 3918 dicere
2547 3878 2561 3915 :
2598 3878 2772 3930 neque
2816 3865 2917 3919 hoc
2950 3867 3316 3935 accipiendum
3357 3869 3422 3922 de
3458 3870 3568 3923 Deo
3597 3881 3707 3933 est,

2136 3956 2261 4023 quia
2294 3971 2468 4025 neque
2517 3972 2713 4026 corpus
2755 3966 2837 4011 est
2886 3958 3058 4022 Deus,
3110 3976 3282 4028 neque
3326 3976 3522 4027 corpus
3560 3966 3708 4016 cin-a

2140 4046 2337 4115 ipsum,
2360 4064 2533 4116 neque
2563 4049 2615 4102 in
2644 4063 2869 4119 corpore
2892 4059 2972 4102 est
2997 4049 3128 4118 ipse.
3163 4049 3230 4103 Et
3248 4052 3370 4122 quis
3391 4055 3710 4120 corporibus

2139 4137 2434 4192 innutritus
2483 4138 2622 4193 forte
2667 4139 3049 4207 suspicabitur,
3111 4142 3244 4196 nihil
3283 4157 3399 4197 esse
3442 4159 3591 4209 eum,
3617 4148 3707 4213 qui

2140 4241 2248 4281 non
2279 4237 2512 4292 tenetur,
2538 4243 2638 4283 nec.
2663 4228 2895 4292 videtur,
2920 4244 3018 4283 nec
3041 4241 3303 4298 arctatur,
3320 4248 3415 4287 nec
3449 4244 3705 4303 tangitur.

2140 4320 2245 4374 Sed
2300 4335 2597 4375 conversus
2645 4320 2929 4374 edoceatur
2978 4333 3224 4376 naturam
3287 4326 3520 4395 negOIii,
3585 4328 3706 4394 ιιιιὶιι

2137 4428 2259 4482 qua:
2296 4413 2566 4475 videntur,
2600 4421 2654 4466 et
2685 4412 2915 4466 tactibus
2943 4412 3242 4477 incurrunt,
3282 4424 3336 4469 et
3383 4417 3708 4485 rogitatibus

2140 4503 2558 4572 amplectuntur,
2608 4519 2732 4558 vere
2788 4520 3065 4573 nunquam
3121 4516 3265 4561 sunt.
3314 4508 3372 4561 Si
3426 4518 3609 4565 autem
3657 4524 3709 4564 et

2142 4595 2468 4650 transfertur
2498 4606 2555 4650 et
2582 4607 2998 4661 transmutatur,
3030 4609 3084 4652 et
3114 4601 3395 4667 scinditur,
3428 4613 3483 4656 et
3512 4606 3707 4658 dividi-

464 4685 610 4741 modi
658 4686 956 4739 veniemus.
1016 4685 1181 4739 Deum
1240 4690 1461 4756 quidem
1511 4690 1811 4743 circumdat
1869 4690 2033 4756 nihil;
2068 4682 2113 4739 Ι)
2142 4699 2248 4749 tur,
2273 4697 2329 4741 et
2375 4690 2654 4756 putrescit,
2705 4698 2760 4743 et
2814 4705 3088 4760 nunquam
3138 4692 3308 4761 ipsum
3350 4692 3462 4762 (2'2)
3512 4697 3707 4765 accipit

461 4777 766 4833 circumdat
802 4787 982 4833 autem
1021 4777 1161 4831 Deus
1205 4780 1386 4833 omnia
1414 4822 1430 4846 ,
1489 4796 1593 4835 non
1661 4782 2034 4852 corporaliter.

464 4867 676 4923 Virtute
719 4870 863 4924 enim
914 4869 1239 4938 incorporali
1290 4871 1445 4926 adest
1510 4872 1798 4935 omnibus,
1842 4874 2037 4942 ubique

464 4978 703 5031 praesens
728 4974 831 5029 est,
863 4972 918 5017 et
941 4964 1009 5016 ab
1036 4964 1286 5016 omnibus
1313 4974 1593 5033 separatus
1621 4978 1721 5019 est.
1752 4964 1865 5018 Non
1893 4966 2035 5019 enim

466 5064 523 5107 ut
553 5055 941 5124 permisceatur
971 5055 1145 5115 adest.
1174 5064 1266 5109 aut
1296 5065 1353 5109 ut
1382 5056 1684 5124 copuletur,
1722 5068 1814 5111 aut
1840 5067 1896 5111 ut
1918 5058 2040 5128 jun-

465 5156 649 5216 gatur;
698 5147 791 5202 sed
823 5147 960 5201 liber
994 5155 1050 5202 et
1092 5157 1375 5217 separatus
1416 5149 1588 5202 adest.
1642 5149 1808 5203 Adest
1856 5159 2034 5203 autem

467 5253 572 5292 non
595 5238 822 5303 divisus,
851 5248 944 5293 aut
970 5240 1194 5302 scissus,
1225 5248 1316 5293 aut
1343 5250 1674 5311 segregatus.
1705 5240 1888 5309 Neque
1912 5251 2035 5311 pars

468 5330 681 5399 quidem
716 5329 831 5399 ejus
886 5330 1072 5394 adest,
1102 5346 1226 5399 pars
1279 5340 1454 5385 autem
1488 5333 1679 5398 abest;
1726 5348 1899 5402 neque
1948 5332 2037 5387 hic

467 5422 683 5493 quidem
714 5438 838 5493 pars
864 5423 1000 5488 alia,
1034 5422 1135 5476 alia
1164 5434 1342 5479 autem
1392 5438 1518 5493 pars
1554 5423 1703 5479 alibi.
1743 5423 1845 5479 lsta
1890 5426 2034 5480 enim

540 5640 652 5707 (l9)
684 5639 819 5696 Ista.
848 5640 1009 5696 Forte
1032 5642 1207 5695 istam.

538 5708 650 5781 (20)
684 5708 839 5764 Nunc
864 5729 1069 5780 corpus,
1100 5728 1234 5765 nunc
1266 5728 1467 5766 carnes.
1493 5708 1670 5775 Forte,
1698 5726 1794 5766 non
1830 5726 2039 5780 corpus,

471 5797 573 5834 non
599 5795 660 5833 ca
667 5797 801 5835 "Ml.

2137 4789 2359 4833 statum.
2392 4778 2599 4846 Quibus
2637 4779 2782 4833 enim
2816 4781 3116 4850 proprietas
3141 4791 3262 4846 est,
3287 4784 3576 4839 minuratio
3610 4793 3706 4839 ista

2137 4869 2381 4924 videtur:
2402 4869 2525 4939 quid
2546 4868 2687 4923 enim
2717 4870 2991 4939 proprium
3013 4878 3097 4923 est
3123 4874 3438 4938 corporibus
3464 4875 3563 4929 nisi
3594 4877 3705 4948 (23)

2137 4963 2523 5017 veterascant?
2552 4963 2609 5018 Si
2635 4964 2779 5017 enim
2809 4972 2954 5017 esset
2978 4976 3263 5031 corporum
3303 4976 3488 5019 natura
3524 4969 3704 5038 perle-

2139 5061 2260 5117 cta,
2295 5069 2402 5108 non
2454 5055 2719 5126 indigeret
2765 5056 2921 5109 istam
2975 5056 3328 5110 additamenti
3372 5074 3701 5115 mensuram.

2140 5146 2215 5199 lta
2242 5147 2385 5200 enim
2412 5161 2638 5217 corpora
2666 5147 2877 5201 inﬁrma
2902 5156 3061 5216 sunt,
3097 5160 3152 5203 et
3184 5150 3271 5203 illa
3316 5152 3547 5205 maxime
3586 5171 3703 5222 qttzc

2144 5238 2394 5293 videntur
2429 5238 2724 5294 fortissima
2759 5255 2899 5301 esse,
2946 5243 3071 5310 quia
3096 5242 3347 5311 adjuvare
3370 5259 3426 5296 se
3451 5261 3552 5296 non
3583 5262 3701 5313 pos-

2140 5338 2284 5387 sunt.
2313 5330 2368 5383 Si
2406 5330 2547 5384 enim
2578 5331 2761 5399 pulsus
2785 5329 2945 5384 luerit
2974 5332 3105 5400 lapis
3125 5372 3140 5398 ,
3168 5341 3221 5384 et
3249 5330 3413 5385 semel
3440 5336 3700 5402 acceperit

2142 5422 2353 5476 initium
2382 5422 2651 5487 utcadat,
2686 5432 2741 5477 et
2764 5424 2991 5492 coeperit
3014 5422 3340 5490 comminui,
3370 5439 3482 5478 non
3533 5438 3696 5493 pates-

2216 5637 2326 5708 (2ll
2354 5637 2575 5692 Montes.
2605 5637 2706 5693 Pro
2733 5651 2976 5695 montem.

2217 5709 2327 5777 (2‘2)
2358 5708 2555 5777 Ipsum.
2582 5710 2773 5771 Αὐτόν,
2806 5715 3060 5767 eumdem.

2218 5776 2331 5844 (25)
2364 5776 2501 5833 Nisi.
2525 5779 2705 5840 Forte.
2739 5782 2839 5836 nisi
2862 5792 2939 5836 ut.
