3956 6508
278 426 421 483 “39

1576 430 1663 485 BE
1698 429 2181 487 INCORPORALI.

3384 438 3520 493 H30

267 559 525 599 revocare
584 559 734 597 suam
793 548 1041 611 ruinam;
1081 559 1135 601 et
1183 551 1225 603 si
1282 552 1483 606 scissus
1532 554 1692 607 fuerit
1734 572 1835 608 non
1867 562 1912 613 Α
1942 551 2019 621 git
2047 553 2191 605 enim
2225 552 2436 606 ﬂamma
2472 570 2617 608 eum.
2649 555 2703 608 Si
2736 565 2915 609 autem
2956 556 3098 626 ignis
3143 557 3518 615 confabulatus

257 638 625 708 coniungitur,
660 646 714 691 et
740 638 945 692 divisus
985 640 1153 695 distat
1180 656 1208 695 a
1241 646 1553 713 semetipso.
1586 644 1660 699 lta
1691 658 1745 701 et
1772 650 1839 703 de

257 728 532 783 mentibus
559 727 863 783 eliciuntur
892 730 1185 788 incisiones
1214 743 1268 787 et
1312 737 1507 799 ruinae;
1543 746 1596 791 et
1634 751 1835 807 quanto

257 819 465 886 majora
509 830 634 874 sunt
668 836 791 888 quia
815 822 1168 886 scinduntur,
1199 835 1350 880 tanto
1381 842 1585 898 magum
1628 840 1755 884 sunt
1784 840 1837 884 et

255 911 450 964 ruinae.
486 910 549 964 Et
576 924 681 963 non
711 910 766 963 in
812 912 1174 967 crassitudine
1215 916 1391 969 virtus
1422 926 1525 970 est.
1548 916 1603 971 Si
1656 928 1833 972 autem

253 1010 469 1069 oportet
508 1011 561 1056 et
602 1004 839 1071 ipsorum
870 1018 1160 1073 corporum
1193 1008 1425 1061 scrutari
1458 1019 1714 1074 naturas,
1748 1025 1834 1067 se-

253 1092 491 1144 cundum
521 1096 853 1163 propositam
878 1097 1232 1163 quastionem
1264 1111 1661 1169 consequenter
1687 1103 1833 1158 vide-

254 1182 451 1243 bimus,
501 1184 623 1251 quia
661 1194 715 1238 et
769 1187 1005 1255 ipsorum
1062 1203 1350 1257 corporum
1403 1193 1673 1249 subtilitas
1715 1210 1833 1263 quae

253 1285 515 1342 putantur
536 1276 914 1341 esseinlirma,
961 1278 1189 1335 fortiora
1220 1283 1619 1349 quodammodo
1666 1302 1832 1355 appa-

253 1374 373 1416 rent
411 1379 424 1414 :
465 1374 520 1417 ιιι
550 1373 691 1431 puta
712 1366 852 1434 quod
882 1366 1004 1422 dico
1024 1409 1039 1433 ,
1069 1377 1211 1423 terra
1243 1373 1399 1441 aquis
1432 1384 1515 1428 est
1570 1379 1828 1443 crassior,

251 1469 409 1524 aqua:
464 1472 493 1510 a
546 1468 688 1510 terra
742 1458 919 1513 minus
967 1474 1163 1513 crassze
1212 1462 1503 1519 habentur.
1556 1468 1661 1523 Sed
1707 1484 1827 1523 cum

253 1553 397 1599 terra
451 1546 738 1601 incurrerit
780 1562 999 1616 aquam,
1059 1550 1425 1607 dissolvitur:
1472 1571 1593 1609 cum
1648 1568 1827 1613 autem

250 1650 393 1703 aqua
418 1637 833 1705 apprclienderit
867 1647 1090 1704 terram,
1118 1652 1364 1710 penetrat
1412 1660 1553 1700 eam.
1592 1646 1659 1700 Et
1686 1651 1827 1716 quod

251 1727 457 1796 patitur
503 1736 646 1783 terra
689 1728 757 1781 ab
811 1743 971 1796 aqua,
1004 1731 1104 1785 boc
1164 1734 1368 1799 patitur
1410 1751 1550 1803 aqua
1588 1737 1657 1791 ab
1682 1752 1823 1793 aere.

250 1816 393 1884 Quid
445 1821 588 1875 enim
641 1821 1094 1890 improvectiones
1145 1825 1257 1897 (24)
1319 1828 1439 1883 ista
1502 1832 1827 1885 ostendunt?

1940 644 2102 697 fuerit
2128 644 2313 712 lapidi,
2352 659 2448 713 per
2473 656 2639 700 totum
2693 647 2922 716 lapidem
2965 659 3227 719 penetrat.
3262 650 3336 703 ita
3383 660 3437 705 et
3474 652 3519 706 si

1938 744 2291 787 mramentum
2315 734 2609 789 immissum
2640 736 2800 793 fuerit
2824 739 2874 793 in
2902 740 3041 807 igne,
3069 750 3161 792 aut
3183 739 3411 806 ferrum,
3430 752 3523 794 aut

1937 822 2111 891 ipsum
2138 839 2361 886 aurum,
2398 826 2754 881 imnmtautur
2796 828 3007 883 colores
3035 830 3314 897 omnium,
3355 841 3409 884 et
3450 831 3517 884 ad

1939 913 2084 982 ignis
2143 914 2557 971 transferuntur
2602 918 2836 972 colorciu
2885 931 2940 974 et
2994 922 3308 989 magistrum
3351 920 3513 990 (97):

1935 1006 2187 1075 quodque
2217 1021 2405 1061 eorum
2436 1008 2597 1078 ignis,
2626 1020 2718 1063 aut
2755 1012 2854 1063 hoc
2885 1026 2989 1079 qua
3027 1012 3225 1065 dicitur
3254 1023 3307 1067 et
3336 1013 3515 1067 calore

1935 1106 1990 1151 et
2028 1095 2235 1166 fulgore
2277 1106 2331 1150 et
2383 1098 2636 1153 omnibus
2683 1102 3100 1169 proprietatibus
3159 1103 3317 1172 ignis.
3377 1103 3513 1172 Quia

1934 1197 2112 1240 autem
2139 1187 2279 1255 ignis
2307 1190 2375 1241 ad
2417 1203 2605 1243 aurum
2644 1206 2749 1243 non
2778 1192 2940 1257 cadit,
2970 1209 3158 1247 aurum
3197 1204 3375 1247 autem
3421 1211 3513 1248 ca-

1936 1277 2157 1343 lefacit;
2192 1279 2485 1335 manifeSta
2514 1291 2597 1335 est
2629 1284 2941 1336 eminentia.
2990 1284 3051 1336 Et
3080 1286 3204 1353 quia
3242 1286 3378 1354 ignis
3404 1302 3509 1341 non

1934 1368 2253 1423 dissolvitur
2278 1385 2306 1423 a
2344 1372 2545 1439 petris,
2581 1372 2825 1428 dissolvit
2869 1384 3045 1428 autem
3076 1385 3288 1443 petras;
3323 1389 3510 1445 aperta

1932 1472 2018 1515 est
2070 1463 2265 1517 virtus.
2316 1464 2380 1516 Et
2418 1465 2543 1533 quia
2590 1465 2731 1535 ignis
2772 1482 2877 1520 non
2926 1469 3199 1521 detinetur
3246 1468 3315 1522 ab
3365 1484 3511 1533 aere,

1932 1554 2125 1608 scindit
2168 1564 2350 1610 autem
2388 1565 2441 1610 et
2468 1572 2681 1611 sursum
2710 1558 2919 1624 currit;
2948 1568 3190 1628 apertum
3228 1559 3510 1628 imperium
3554 1554 3557 1555 ν

1931 1654 2035 1699 est.
2067 1644 2133 1698 Et
2160 1646 2283 1714 quia
2314 1657 2468 1716 urget
2503 1662 2715 1701 sursum
2760 1650 2899 1710 tieri,
2934 1662 2989 1704 et
3040 1651 3307 1718 positione
3348 1662 3433 1705 est
3459 1661 3515 1704 et

1931 1737 2131 1792 virtute
2154 1748 2210 1792 et
2242 1738 2424 1793 colore
2454 1738 2667 1794 fortior.
2710 1741 2815 1796 Sed
2851 1741 2990 1796 forte
3032 1745 3249 1811 quidam
3278 1744 3512 1815 jurginm

1938 1842 2199 1897 aquarum
2227 1830 2515 1884 adversum
2544 1832 2721 1901 ignem
2762 1834 2937 1897 videt,
2973 1835 3099 1902 quia
3130 1834 3198 1888 ab
3232 1836 3386 1903 aquis
3418 1850 3513 1890 es-

250 1908 356 1965 ltoc
383 1924 546 1967 Unum
578 1913 811 1968 maxime
834 1954 849 1978 ,
884 1916 1010 1985 quia
1050 1918 1121 1971 ad
1151 1918 1643 1988 iucorporalitatem
1675 1935 1729 1979 et
1759 1930 1821 1980 ad
1856 1906 1897 1959 Β
1938 1919 2230 1986 διίιτειιίιυι·
2273 1921 2410 1989 ignis
2438 1937 2451 1973 :
2480 1923 2620 1991 quod
2654 1922 2871 1991 quidem
2907 1924 3139 1978 recessio
3166 1926 3336 1993 magis
3374 1927 3513 1997 ignis

249 1999 425 2059 levius
449 2016 666 2069 corpus,
698 2007 957 2074 majorem
988 2008 1269 2077 imponunt
1296 2012 1547 2071 virtutem
1576 2016 1827 2071 subtilio-

248 2093 419 2147 ribus.
470 2094 577 2149 Aer
616 2097 758 2153 enim
789 2112 887 2166 per
923 2114 1092 2169 aquas
1132 2113 1420 2170 penetrat;
1453 2116 1697 2174 penetrat
1729 2126 1825 2162 au-

249 2193 360 2239 tem
393 2183 466 2236 ita
497 2192 555 2237 ut
594 2186 696 2239 vim
727 2186 894 2241 faciat
941 2206 1111 2259 aquas
1138 2194 1312 2247 emitti
1348 2211 1445 2264 per
1487 2213 1546 2252 se
1579 2201 1643 2252 ad
1670 2216 1825 2268 supe-

247 2275 424 2329 riores
451 2286 632 2345 partes
654 2316 667 2341 ,
702 2280 843 2349 quod
885 2281 1000 2349 ejus
1029 2298 1131 2340 non
1165 2295 1246 2339 est
1275 2298 1499 2344 naturae.
1535 2291 1597 2345 Et
1624 2295 1668 2346 si
1702 2297 1824 2362 quis

247 2367 478 2425 voluerit
509 2368 611 2428 hoc
644 2388 823 2439 nosse,
852 2374 978 2443 quia
1014 2390 1120 2430 non
1153 2378 1464 2434 detinentur
1495 2398 1726 2451 superna
1758 2389 1823 2441 ab

245 2459 332 2517 liis
358 2476 477 2528 quis
499 2462 746 2517 deorsum
769 2475 915 2529 sunt,
944 2464 990 2519 si
1014 2467 1135 2535 quis
1160 2468 1444 2537 repleverit
1474 2487 1600 2527 aere
1626 2486 1819 2537 utrem.

244 2566 479 2621 eumque
524 2553 845 2611 demerserit
893 2556 946 2609 in
994 2572 1223 2626 aquam;
1275 2568 1328 2615 et
1394 2574 1541 2618 certe
1585 2581 1705 2619 cum
1754 2570 1823 2621 sit

245 2643 463 2711 pellium
499 2653 688 2699 natura
719 2648 953 2701 crassior
982 2660 1036 2704 et
1065 2651 1283 2718 gravior
1323 2654 1491 2721 magis
1532 2671 1693 2723 quam
1729 2674 1823 2713 aer

244 2733 498 2799 habetur,
529 2751 624 2793 aer
649 2752 898 2805 quaerens
939 2754 1094 2795 suum
1130 2739 1365 2797 cilicium
1418 2755 1470 2799 et
1522 2750 1819 2816 regionem,

242 2839 425 2894 neque
450 2840 571 2879 eum
602 2828 936 2896 gravissimis
966 2831 1175 2888 utribus
1208 2836 1481 2889 detinetur
1502 2876 1517 2899 ,
1560 2838 1653 2891 sed
1683 2839 1821 2894 θείης

242 2917 381 2973 dens
415 2930 585 2985 aquas
610 2933 823 2973 sursum
850 2922 1100 2977 educitur
1122 2939 1242 2977 cum
1270 2927 1529 2993 gravibus
1550 2943 1646 2996 per
1669 2946 1819 2991 aera.

242 3006 407 3065 letam
441 3008 607 3079 igitur
632 3011 933 3078 passionem
960 3028 1124 3082 quam
1159 3031 1313 3085 aquae
1344 3018 1413 3073 ab
1441 3034 1566 3074 aere
1608 3024 1820 3090 patiun-

242 3106 355 3164 tur,
384 3108 442 3157 et
463 3115 559 3155 aer
587 3100 655 3154 ab
688 3103 808 3171 igne
840 3105 1073 3159 sustinet
1093 3145 1109 3169 ,
1130 3118 1183 3161 et
1213 3111 1362 3162 testis
1396 3109 1508 3180 (‘25)
1554 3115 1820 3170 sermonis

243 3189 475 3247 ﬂammis
496 3200 621 3247 sunt
648 3202 703 3246 et
728 3193 979 3250 lucerna.
1016 3193 1140 3251 Ideo
1168 3199 1312 3253 enim
1335 3210 1643 3257 attenuatur
1664 3201 1817 3259 ﬂatu-

239 3298 344 3338 ωε
372 3283 680 3347 summitas,
703 3285 829 3354 quia
863 3287 1049 3341 incidit
1074 3288 1235 3344 istum
1264 3293 1589 3349 ambientem
1611 3311 1809 3353 aerem.

240 3373 309 3427 Et
343 3375 555 3429 videtur
582 3377 795 3443 quidem
850 3377 986 3449 ignis
1046 3395 1077 3434 a
1122 3382 1451 3447 videntibus,
1502 3388 1814 3452 agnoscitur

240 3478 420 3522 autem
454 3468 521 3522 ab
550 3469 633 3523 his
658 3471 746 3537 qui
783 3481 1005 3539 possunt
1031 3473 1147 3540 ejus
1171 3484 1417 3531 naturam
1443 3478 1655 3542 videre,
1688 3484 1812 3549 quia

237 3562 307 3613 ad
338 3574 493 3615 suam
542 3560 761 3616 festinat
800 3563 1069 3631 regionem
1096 3604 1112 3625 .
1162 3567 1227 3619 ad
1266 3568 1541 3636 superiora
1587 3569 1811 3624 scilicet.

236 3648 348 3707 Iste
377 3649 539 3720 igitur
568 3648 949 3705 subtilissimus
983 3650 1123 3717 ignis
1160 3667 1283 3705 cum
1333 3654 1404 3708 sit
1450 3671 1586 3708 unus
1635 3671 1666 3708 e
1692 3671 1814 3711 Cor-

237 3741 482 3811 poribus,
513 3743 789 3811 proximus
817 3752 898 3795 est
935 3742 1383 3811 incorporalibus.
1423 3742 1637 3799 Intuere
1667 3747 1810 3799 enim

236 3841 472 3902 quantas
501 3832 697 3889 habeat
722 3832 1079 3902 proprietates
1117 3832 1403 3888 adversum
1456 3844 1649 3895 caetera
1687 3851 1809 3889 cor-

237 3939 390 3993 pora.
429 3921 484 3977 lu
518 3925 682 3979 certis
721 3927 867 3977 enim
917 3924 1235 3992 corporibus
1278 3926 1661 3981 coniliscamus
1709 3928 1811 3981 imo

235 4013 446 4084 perium
496 4028 617 4067 esse
668 4012 943 4068 subtilium
998 4027 1067 4066 ne
1116 4028 1334 4068 crassus
1379 4013 1603 4069 elfcctus
1653 4017 1812 4071 cadat

234 4105 376 4159 sicut
401 4115 454 4159 et
479 4119 701 4173 corpora
733 4119 913 4158 crassa
950 4120 964 4154 :
1006 4104 1104 4165 sed
1148 4116 1380 4159 mentem
1426 4107 1493 4160 ad
1523 4106 1760 4161 lietitiam
1793 4126 1807 4162 :

231 4197 562 4267 corporibus
590 4198 807 4267 quidem
855 4198 932 4252 sis
964 4198 1098 4253 liber
1121 4238 1136 4263 ,
1172 4199 1239 4252 ad
1276 4199 1591 4267 incorporea
1626 4208 1808 4255 autem

232 4290 478 4345 festines.
532 4290 674 4359 ignis
727 4290 891 4358 igitur
936 4292 1111 4359 primo
1160 4292 1380 4361 quidem
1430 4292 1609 4347 dicam
1667 4292 1809 4347 idem

232 4380 419 4449 gloria:
441 4390 525 4434 est
550 4395 709 4447 supra
734 4380 914 4433 omnia
943 4395 1170 4451 corpora
1193 4420 1208 4445 ,
1240 4392 1296 4436 et
1336 4381 1613 4438 illuminat
1646 4382 1751 4437 alia
1793 4399 1807 4435 :

232 4488 295 4529 se
322 4482 499 4527 autem
535 4487 639 4529 non
669 4472 821 4527 facile
850 4472 917 4527 ad
947 4472 1050 4526 alia
1085 4472 1347 4527 tenebrat.
1380 4471 1640 4527 Penetrat
1660 4474 1807 4526 enim

1928 2020 2011 2063 est
2064 2025 2225 2079 quam
2278 2013 2605 2079 Corruptela.
2656 2014 2806 2067 Sicut
2856 2013 2998 2067 enim
3044 2029 3074 2065 a
3130 2014 3363 2069 tenebris
3405 2030 3509 2068 non

1929 2102 2304 2164 consumitur,
2353 2105 2446 2156 sed
2511 2104 2820 2157 cohabitare
2879 2104 3065 2157 iisdem
3124 2120 3228 2157 non
3285 2105 3504 2174 patitur.

1928 2189 2279 2246 lmmutemus
2313 2202 2518 2255 autem,
2547 2202 2603 2247 et
2631 2196 2908 2247 videamus
2956 2210 3076 2248 cum
3108 2210 3247 2261 aqua
3304 2196 3359 2249 in
3410 2211 3509 2251 vus

1926 2280 2093 2334 fuerit
2148 2282 2416 2346 immissa,
2474 2294 2529 2337 et
2572 2285 2810 2337 oblatum
2843 2299 2933 2339 vas
2974 2284 3135 2338 fuerit
3162 2284 3293 2352 igni,
3322 2285 3445 2354 quis
3477 2302 3508 2337 ει

1926 2386 2033 2440 quo
2063 2372 2181 2429 istic
2209 2374 2567 2437 consumitur,
2598 2375 2728 2444 quid
2774 2382 2951 2429 autem
2984 2376 3145 2429 veluti
3172 2390 3357 2443 pinnas
3391 2389 3508 2430 sus-

1928 2464 2097 2527 tinet,
2141 2475 2195 2519 et
2236 2475 2393 2519 sonat
2442 2477 2496 2519 ct
2538 2466 2711 2520 bullit.
2767 2466 2910 2534 Ignis
2958 2466 3102 2522 enim
3156 2482 3430 2535 nunquam
3475 2482 3507 2521 a

1926 2554 2119 2623 frigida
2150 2572 2288 2623 aqua
2339 2557 2520 2610 factus
2554 2568 2636 2609 est
2676 2556 2903 2625 frigidus
2939 2577 2951 2612 :
2998 2572 3138 2625 aqua
3171 2567 3350 2613 autem
3403 2558 3513 2615 [τερ

1925 2655 2152 2715 quenter
2175 2657 2227 2700 et
2252 2661 2486 2716 semper,
2522 2656 2579 2701 ut
2608 2650 2677 2701 ita
2705 2649 2904 2709 dicunt.
2924 2647 2991 2703 ab
3013 2647 3136 2716 igne
3164 2648 3395 2704 eliicitur
3422 2665 3513 2704 ca-

1924 2737 2054 2794 lida.
2081 2736 2223 2804 Ergo
2265 2746 2319 2793 et
2370 2739 2527 2803 istic,
2576 2738 2701 2809 quia
2766 2754 2902 2807 aqua
2961 2737 3192 2793 assumit
3247 2737 3507 2800 calorem,

1926 2830 2066 2903 ignis
2104 2842 2283 2887 autem
2342 2830 2639 2900 frigdorem
2698 2844 2806 2886 u‘on
2856 2830 3090 2885 admittit
3124 2846 3139 2882 :
3171 2831 3508 2891 consumitur

1924 2934 2103 2977 autem
2133 2938 2271 2991 aqua
2300 2924 2535 2990 amplius
2579 2922 2839 2978 calefacta
2861 2962 2877 2987 ,
2907 2924 2975 2976 ab
3018 2922 3160 2991 igne,
3208 2931 3262 2979 et
3295 2922 3509 2977 fervens

1925 3022 2111 3082 utpote
2146 3022 2201 3068 et
2234 3016 2429 3069 emissa
2458 3024 2514 3069 et
2542 3014 2839 3079 ebulliens,
2877 3013 3012 3082 fugit
3039 3023 3222 3083 partes
3252 3028 3507 3068 vasorum

1925 3105 1989 3157 ad
2017 3119 2151 3173 quas
2181 3105 2625 3173 propinquaverit
2653 3104 2794 3175 ignis
2816 3142 2832 3170 ,
2854 3113 2909 3158 et
2953 3114 3176 3172 urgetur
3203 3101 3438 3175 clfugcre
3477 3120 3509 3158 ο

1922 3196 2067 3247 vasis
2094 3204 2148 3248 et
2173 3192 2396 3249 effundi.
2441 3194 2554 3250 Non
2579 3195 2722 3250 enim
2750 3203 2928 3263 potest
2955 3193 3094 3262 ignis
3130 3192 3358 3250 sull'erre
3388 3211 3508 3250 cru-

1919 3287 2117 3341 ciatus.
2172 3285 2313 3355 Ergo
2365 3286 2417 3339 in
2469 3286 2589 3342 istis
2642 3285 2899 3341 omnibus
2942 3285 3225 3340 subtiliora
3276 3301 3505 3355 corpora

1919 3376 2142 3431 fortiora
2176 3386 2307 3433 sunt
2340 3376 2556 3431 cazteris
2589 3391 2603 3426 :
2646 3376 2882 3431 secunda
2913 3386 3091 3429 autem
3128 3390 3191 3429 ea
3231 3389 3351 3439 esse
3391 3377 3504 3429 vir-

1916 3481 2061 3536 tute,
2089 3486 2209 3540 quas
2242 3472 2420 3525 minus
2448 3470 2715 3527 habentur
2758 3469 2813 3524 iu
2841 3470 3142 3525 subtilitate
3165 3507 3181 3532 ,
3229 3478 3282 3523 et
3311 3483 3507 3527 secun-

1916 3562 2043 3621 dum
2075 3564 2490 3631 competentiam
2541 3561 2970 3630 uniuscujusque
3018 3574 3190 3630 usque
3241 3560 3307 3615 ad
3348 3574 3507 3630 quar-

1920 3662 2050 3705 tnm.
2091 3650 2159 3707 Ut
2187 3662 2366 3704 autem
2394 3660 2449 3705 et
2480 3650 2579 3705 ista
2609 3650 2877 3705 addantur
2897 3689 2912 3716 ,
2953 3649 3169 3704 flamma
3196 3649 3366 3704 incisa
3395 3665 3502 3705 non

1918 3741 2191 3797 inciditur.
2230 3742 2335 3796 Sed
2364 3749 2419 3795 et
2444 3739 2489 3797 si
2531 3740 2767 3795 volueris
2802 3755 3089 3797 assumens
3134 3739 3339 3796 ferrum
3360 3779 3377 3803 .
3407 3754 3502 3795 aut

1914 3832 2057 3888 aliud
2082 3834 2287 3903 aliquid
2313 3835 2457 3903 quod
2504 3834 2720 3887 videtur
2761 3833 3036 3897 incidere.
3063 3841 3118 3891 et
3154 3832 3226 3888 ad
3268 3832 3498 3889 alteram

1915 3926 2239 3996 perduxeris.
2261 3934 2467 3992 partem
2494 3940 2589 3995 per
2616 3924 2911 3985 ﬂammam.
2940 3933 3124 3976 manet
3148 3930 3283 3988 tota,
3320 3931 3374 3976 et
3416 3922 3501 3976 in-

1916 4019 2175 4073 cisionem
2207 4032 2316 4071 non
2368 4016 2618 4086 suscipit.
2678 4017 2733 4071 Si
2787 4018 2970 4071 autem
3014 4028 3122 4068 non
3156 4013 3502 4071 intellexistis

1914 4108 2053 4177 quod
2081 4107 2284 4161 dictum
2314 4116 2417 4171 est,
2452 4117 2792 4160 transeamus
2818 4105 2886 4158 ad
2933 4102 3117 4157 radios
3150 4102 3282 4158 solis
3319 4121 3335 4158 :
3366 4103 3498 4161 istos

1914 4199 1960 4253 si
1983 4196 2215 4252 voluerit
2244 4199 2366 4267 quis
2416 4197 2654 4253 incidere
2686 4195 2899 4266 gladio,
2943 4195 2995 4247 in
3052 4193 3295 4253 inferiori
3346 4204 3501 4267 parte

1917 4304 2019 4344 non
2056 4289 2399 4347 invenientur
2443 4307 2456 4341 :
2500 4302 2713 4344 sursum
2762 4287 2903 4341 enim
2944 4294 3228 4340 remanent
3270 4302 3373 4339 non
3414 4287 3498 4340 in.-

1913 4384 2034 4437 cisi.
2064 4382 2142 4435 ita
2182 4394 2235 4436 et
2271 4381 2509 4443 flamma,
2542 4380 2630 4435 ubi
2653 4380 2775 4447 ejus
2815 4378 2975 4432 fuerit
3007 4376 3193 4441 radix,
3242 4376 3351 4432 illic
3387 4386 3494 4435 tota

1913 4473 2205 4542 colligitur.
2243 4471 2357 4525 Non
2388 4480 2471 4525 est
2500 4470 2643 4524 enim
2678 4470 2858 4522 videre
2905 4476 3114 4536 partem
3157 4464 3387 4521 ﬂammae
3413 4481 3495 4520 su-

232 4578 329 4633 per
355 4578 568 4625 omnes.
599 4572 653 4617 et
699 4552 942 4623 dissolvit
981 4566 1161 4621 omnia
1204 4579 1452 4633 corpora.
1486 4563 1803 4633 Quanquam
1840 4589 1881 4647 ο
1916 4565 2100 4639 peritis
2122 4566 2303 4634 gladio
2335 4565 2556 4617 incisam
2584 4573 2887 4622 remanere,
2923 4567 3132 4631 partem
3187 4569 3369 4613 autem
3414 4562 3495 4613 in.

229 4654 377 4707 enim
412 4669 559 4721 petra
599 4655 672 4709 ita
710 4663 793 4708 est
816 4656 981 4722 dura,
1016 4664 1111 4709 aut
1160 4670 1279 4724 qua
1311 4663 1490 4724 potest
1539 4654 1806 4713 confabu~

230 4746 339 4801 lata
390 4744 507 4817 (813)
549 4745 778 4801 tlaiuma:
823 4762 930 4803 non
1006 4748 1293 4803 ostendere
1354 4746 1635 4801 fortiorem
1688 4762 1810 4801 esse

227 4837 461 4897 ﬂamma
491 4837 743 4895 virtutem
772 4855 801 4892 a
831 4839 915 4893 sui
966 4850 1157 4894 natura
1198 4856 1211 4893 :
1249 4838 1521 4893 emollitur
1563 4838 1707 4892 enim
1755 4849 1810 4893 et

228 4928 434 4987 ferrum
470 4942 564 4998 per
598 4929 793 4997 ignem,
825 4930 1085 4998 probatur
1127 4940 1181 4983 et
1211 4945 1425 4994 aurum,
1454 4931 1665 4985 colatur
1718 4948 1807 4985 ar-

226 5029 474 5092 gentum,
502 5017 767 5077 conﬂatur
791 5020 1087 5088 plumbum,
1118 5030 1171 5075 et
1194 5020 1374 5075 omnia
1408 5036 1527 5087 qua;
1554 5030 1809 5089 putantur

224 5112 450 5171 Ιοιιιοη
479 5126 601 5167 esse
625 5126 876 5181 corpora,
910 5112 1017 5183 igni
1061 5112 1259 5166 cedunt
1299 5122 1522 5182 propter
1553 5111 1803 5167 subtilem

224 5207 369 5275 ignis
422 5215 689 5259 naturam.
751 5205 990 5272 Denique
1034 5206 1078 5259 si
1132 5206 1424 5275 projeceris
1473 5205 1702 5273 lapidem
1750 5207 1801 5259 iu

221 5298 463 5362 ﬂamma,
499 5296 688 5352 transit
714 5295 951 5363 quidem,
987 5298 1081 5350 sed
1108 5312 1211 5353 non
1242 5312 1333 5364 per
1363 5295 1656 5351 il.unmam.
1694 5295 1803 5349 Fu-

318 5498 411 5569 24)
443 5496 921 5569 Improvestiougy
952 5493 1109 5547 Forte
1143 5496 1194 5569 in
1229 5508 1358 5569 voce
1390 5494 1487 5569 bar.
1515 5508 1795 5563 perperam

219 5564 465 5628 additum
496 5569 586 5628 im,
610 5582 671 5619 ex
698 5566 959 5621 vocabulo
991 5566 1309 5633 praecedenti
1337 5564 1686 5634 geminatum.

296 5640 412 5707 (Ξῦ)
438 5635 623 5692 Tutia.
659 5634 837 5696 Forte,
866 5650 1039 5707 testes.

296 5704 406 5779 (£6)
436 5711 538 5761 Aut
562 5724 677 5776 qua;
711 5718 896 5779 potest.
930 5704 1103 5779 Forte
1152 5719 1244 5779 per
1291 5704 1795 5779 interrogationem,

219 5773 323 5832 Ani
355 5773 469 5846 qua:
500 5773 659 5841 putest
694 5773 1373 5842 σοπίιιὺιιλιιίαωμιλήσαςα
1403 5775 1619 5846 sociata)
1639 5774 1798 5846 [iant-

220 5866 343 5917 mw,
367 5842 611 5904 ’τιςῧέδιυ
641 5856 757 5912 post
788 5861 974 5911 puum,
1008 5862 1049 5896 si
1084 5846 1217 5910 ignis
1245 5844 1604 5912 confabulatu:
1635 5842 1793 5911 fuerit

507 5944 777 6004 i’arnot.
815 5940 933 6001 Gtt.
967 5939 1115 6000 XXI
1132 5940 1200 6001 \'.

1914 4656 2106 4719 ferius,
2131 4658 2224 4711 sed
2261 4664 2371 4708 tota
2404 4654 2470 4709 ad
2494 4651 2840 4721 sentietipsam
2870 4646 3235 4720 coniungitur.
3264 4647 3490 4720 Lignum

1908 4757 2085 4807 autem
2120 4757 2174 4801 et
2203 4756 2408 4805 terram
2434 4786 2448 4810 ,
2486 4753 2540 4799 et
2588 4758 2720 4797 saxa
2778 4741 3075 4797 incidentes
3126 4740 3417 4795 dividimus
3460 4756 3489 4794 a

1906 4839 2233 4907 semetipsis,
2284 4848 2340 4893 et
2396 4835 2756 4907 disjungimns
2795 4843 3003 4904 partem
3049 4848 3078 4885 a
3118 4842 3312 4901 parte:
3350 4832 3491 4885 forte

1908 4940 2086 4989 autem
2121 4931 2411 4987 incidimus
2450 4940 2504 4987 et
2537 4942 2742 4989 aerem,
2786 4926 2880 4980 sed
2915 4924 3091 4992 ejecto
3136 4937 3201 4976 eo
3224 4921 3364 4991 quod
3404 4922 3489 4977 in-

1905 5029 2053 5093 cidit,
2096 5028 2277 5083 statim
2324 5025 2395 5080 ob
2439 5024 2789 5080 subtilitatem
2843 5022 2924 5075 sui
2975 5017 3322 5086 semetipsum
3358 5028 3487 5068 con-

1909 5118 2104 5193 junglt.
2135 5116 2327 5171 Gladio
2361 5117 2528 5182 enim,
2557 5127 2648 5168 aut
2675 5114 2848 5184 ligno,
2876 5121 2969 5166 aut
3002 5110 3179 5180 lapide
3199 5150 3213 5175 ,
3244 5123 3340 5178 per
3366 5120 3487 5176 qua

1916 5208 2105 5262 incisio
2134 5207 2362 5261 eiiicitur
2401 5208 2521 5277 (per
2552 5208 2714 5261 multa
2754 5205 2895 5259 enim
2931 5200 3165 5258 admittit
3199 5200 3336 5255 ratio
3368 5198 3484 5257 fieri

1914 5299 2535 5361 incisionem)sublato.
2588 5313 2681 5354 aer
2722 5305 2945 5367 propter
2993 5292 3348 5349 subtilitatem
3396 5289 3485 5351 uti

1904 5496 2092 5564 lapidi,
2124 5508 2173 5551 et
2204 5498 2340 5553 infra
2375 5498 2438 5557 de
2471 5499 2726 5562 incorpor.
2758 5494 2851 5548 lib.
2871 5509 2909 5549 tt
2932 5495 3029 5550 sub
3048 5492 3141 5548 (in.
3168 5488 3484 5560 sicsnfubup

1903 5568 2040 5639 latus
2066 5578 2216 5639 togae
2255 5568 2435 5639 fuitut
2466 5568 2673 5639 (ignis).
2800 5635 2809 5639 _
2884 5634 2896 5639 _
3062 5635 3071 5639 ,
3446 5632 3451 5639 .

1974 5637 2086 5706 (27)
2113 5636 2176 5690 Et
2205 5634 2535 5706 magistrum:
2564 5634 2726 5706 Forte
2769 5635 2845 5688 sic
2884 5634 3166 5706 legentium
3186 5672 3208 5706 ε
3232 5641 3284 5688 ιε
3305 5634 3483 5706 magic

1902 5702 2333 5781 strum'quofqu'e
2370 5722 2544 5760 eorum
2584 5705 2716 5774 ignis
2740 5714 2842 5761 etc.
2876 5708 2969 5758 atat
3009 5702 3271 5769 δὲσποξον
3296 5702 3483 5781 (domt-

1904 5778 2053 5840 mms)
2080 5778 2136 5828 τὸ
2166 5778 2275 5849 πῦρ

3045 5934 3124 5993 36
