3956 6514
458 409 587 463 1158

1127 404 1391 488 pusca"
1424 401 1910 460 cessaremus
1947 405 2032 461 or

2142 407 2315 461 PARS
2351 404 2438 463 ιν.
2476 438 2545 448 ——
2584 406 3009 464 DOGMATICA.

3573 411 3716 467 “32

455 527 736 601 coniungit
766 534 944 596 partes
970 524 1189 580 incisas.
1224 526 1279 580 Si
1329 538 1507 581 autem
1541 528 1644 582 hoc
1689 536 1905 597 propter
1955 527 2035 579 in-
2066 532 2111 586 A
2138 544 2293 582 ramo
2320 528 2519 596 potitus
2551 527 2684 598 ('50).
2710 527 3042 595 Quibusdam
3068 536 3249 581 autem
3277 526 3600 596 compositio
3631 538 3718 584 est

455 621 825 677 visibilitatem
858 620 1038 673 minus
1078 621 1393 688 agnoscitur
1414 659 1429 685 ,
1462 621 1514 673 iu
1547 622 1699 689 aquis
1723 614 2033 688 agnoscitur

455 714 598 783 quod
626 711 844 766 dicitur.
874 710 1007 766 Cum
1057 712 1226 765 incisa
1276 712 1442 765 fuerit
1501 727 1661 778 aqua,
1719 722 1813 766 aut
1862 712 2032 766 scissa

454 818 550 871 per
600 802 825 870 lignum,
877 811 969 856 aut
1012 817 1107 871 per
1152 800 1300 855 aliud
1356 802 1575 870 aliquod
1635 803 2032 871 operimentum
2089 816 2104 824 ’

452 894 590 965 (28),
628 904 750 963 post
781 904 960 949 autem
992 895 1038 948 si
1074 894 1365 949 abstuleris
1398 894 1449 947 id
1487 894 1627 962 quod
1677 893 1887 959 incidit,
1939 909 2033 947 ur-

453 999 609 1059 getur
641 1003 781 1058 aqua
838 987 904 1041 ad
942 987 1377 1056 conjunctionem
1412 986 1496 1039 sui
1537 1000 1547 1032 :
1595 994 1676 1038 est
1708 986 1851 1039 enim
1894 1000 2031 1052 aqua

394 1118 395 1121 η
452 1100 482 1141 a
520 1094 661 1137 terra
693 1081 964 1136 subtilior.
1005 1079 1175 1134 Terra
1220 1080 1363 1133 enim
1411 1078 1484 1131 ita
1527 1077 1630 1130 sibi
1666 1086 1724 1131 ut
1756 1092 1893 1146 aqua
1922 1079 2032 1139 ad»

448 1172 640 1247 juvare
672 1192 777 1230 non
835 1183 1013 1244 potest
1042 1189 1057 1226 :
1095 1182 1152 1226 ut
1184 1186 1249 1225 ex
1294 1172 1398 1225 hoc
1428 1178 1723 1239 appareat,
1754 1170 1879 1237 quia
1915 1186 2035 1239 qua:

452 1273 707 1326 dicuntur
748 1268 973 1322 fortiora
1025 1280 1278 1333 corpora,
1311 1263 1415 1315 ista
1470 1261 1642 1316 multo
1704 1262 1878 1331 magis
1909 1269 2035 1316 sunt

453 1365 775 1426 infirmiora,
837 1372 892 1414 et
936 1373 1041 1413 non
1095 1359 1146 1411 in
1204 1354 1573 1424 magnitudine
1635 1362 1718 1407 est
1770 1353 2029 1422 potentia.

452 1455 591 1523 Quid
621 1455 765 1509 enim
797 1461 1004 1505 tantum
1036 1451 1197 1503 habet
1222 1462 1399 1510 mons,
1428 1455 1686 1515 quantum
1713 1445 1872 1500 habet
1893 1460 2035 1498 mar-

451 1550 624 1617 garita
671 1548 737 1601 ad
778 1541 1275 1615 pulchritudinem"
1325 1539 1639 1607 magnitudo
1679 1538 1824 1592 enim
1858 1537 2034 1591 calca-

454 1655 562 1708 tur,
611 1641 663 1694 in
713 1639 862 1694 brevi
912 1647 1089 1690 autem
1143 1633 1489 1702 pulchritudo
1543 1631 1858 1700 requiritur.
1928 1630 2034 1685 Sed

454 1746 792 1787 transeamus
813 1746 841 1781 a
864 1729 1051 1797 primis
1078 1744 1196 1790 qua:
1231 1728 1483 1781 dicuntur
1514 1728 1853 1797 corporibus,
1874 1739 2032 1782 terra:

450 1825 574 1880 dico
625 1837 681 1877 et
724 1823 861 1892 ignis
900 1832 954 1874 et
988 1835 1138 1889 aqum
1184 1830 1245 1874 et
1273 1821 1449 1883 aeris,
1486 1821 1551 1874 ad
1586 1836 1649 1874 ea
1671 1836 1793 1890 quae
1826 1838 1891 1875 ex
1949 1822 2032 1873 his

2142 622 2192 673 in
2226 619 2548 675 butronibus
2583 621 2694 691 (⁸51)
2720 620 3009 689 conjungi,
3043 629 3097 674 et
3127 620 3428 675 immutatio
3472 622 3716 677 colorum

2141 714 2193 767 in
2224 714 2411 768 iisdem
2440 723 2544 779 est,
2596 723 2649 767 et
2677 713 2842 782 ipsius
2869 711 2981 782 (5‘2)
3007 712 3254 781 generis,
3289 723 3344 766 et
3382 714 3552 783 ipsius
3592 730 3721 783 spe-

2142 807 2243 862 ciei
2277 824 2291 860 :
2343 808 2700 877 quorumdam
2753 807 2968 877 quidem
3010 805 3411 860 .manducantur
3435 822 3496 860 ea
3528 823 3650 877 quae
3689 822 3719 860 a

2141 901 2274 956 foris
2322 900 2605 965 habentur,
2656 900 3014 969 quorumdam
3059 908 3242 953 autem
3295 898 3363 953 ab
3417 899 3562 954 intus
3594 907 3722 953 sunt

2140 1010 2261 1065 quas
2291 996 2664 1050 comeduntur.
2702 993 2768 1047 Et
2798 993 2963 1047 multa
2996 1002 3082 1047 εει
3122 993 3357 1048 varietas
3392 992 3720 1046 annuntians

2141 1104 2237 1158 per
2265 1089 2443 1142 omnia
2482 1088 2744 1157 sapientis
2768 1087 3114 1157 sapientiam,
3142 1096 3197 1140 et
3230 1086 3399 1156 ipsius
3422 1084 3608 1156 operis
3638 1085 3720 1137 di-

2143 1181 2450 1250 sciplinam.
2487 1180 2693 1233 Tamen
2751 1179 2805 1232 in
2862 1178 2982 1233 istis
3008 1179 3323 1247 corporibus
3358 1178 3483 1247 quia
3543 1175 3721 1233 oﬂicia

2142 1273 2389 1341 quasdam
2418 1281 2473 1325 et
2501 1272 2720 1326 ordines
2752 1270 3184 1338 conspiciuntur,
3227 1279 3284 1324 et
3342 1285 3634 1331 mensurae,
3665 1280 3723 1323 et

2144 1371 2404 1430 tempora,
2422 1370 2477 1415 et
2496 1361 2825 1431 agnitiones,
2850 1370 2907 1413 ut
2928 1360 3274 1415 emolliantur
3299 1375 3422 1415 cum
3448 1360 3721 1430 incipiunt

2141 1453 2378 1508 fructum
2422 1451 2656 1518 afferre;
2690 1454 2982 1523 projiciunt
3014 1453 3156 1507 enim
3205 1452 3417 1507 etiamsi
3476 1454 3724 1507 iloruerit

2143 1548 2209 1600 ad
2237 1545 2493 1615 fructum,
2522 1556 2577 1599 et
2607 1547 2932 1611 educantur,
2968 1557 3024 1601 et
3055 1546 3257 1601 sensim
3297 1546 3603 1611 accedunt,
3664 1554 3725 1600 et

2143 1641 2209 1695 ad
2240 1650 2449 1709 tempus
2478 1650 2808 1701 occurrunt;
2844 1654 3119 1708 nunquam
3157 1648 3334 1694 autem
3378 1649 3566 1693 essent
3609 1639 3717 1694 ista

2140 1748 2262 1803 quae
2289 1742 2436 1800 sunt,
2472 1733 2575 1787 nisi
2604 1747 2666 1787 ea
2697 1732 3059 1801 incorporalis
3091 1733 3337 1802 quaedam
3364 1732 3541 1786 virtus
3582 1731 3724 1801 figu-

2142 1836 2325 1881 raret:
2372 1825 2447 1879 ita
2480 1832 2535 1880 et
2566 1824 2618 1879 in
2652 1824 2979 1880 animalibus
3021 1825 3169 1894 leges
3228 1834 3510 1894 praeceptae
3563 1834 3720 1889 sunt,

450 1924 576 1969 sunt
603 1913 899 1982 composita
954 1921 1008 1966 et
1051 1912 1305 1965 videntur
1340 1912 1523 1965 omnia
1575 1926 1640 1967 ex
1690 1913 1773 1965 his
1816 1913 2035 1974 habere,
2073 1899 2113 1952 Β
2143 1927 2199 1972 ut
2231 1918 2299 1973 ab
2321 1918 2481 1989 equis
2502 1919 2650 1989 equi,
2679 1927 2734 1973 et
2780 1920 2847 1972 ab
2905 1931 3233 1987 unoquoque
3290 1930 3492 1987 genere
3548 1930 3723 1986 genus

449 2005 683 2060 calorem
708 2006 827 2058 dico
855 2015 909 2058 et
937 2004 1217 2058 humorem
1246 2013 1303 2058 et
1329 2005 1752 2059 crassitudinem
1786 2016 1838 2059 et
1865 2006 2036 2059 subti-

450 2101 656 2153 litatem
688 2108 742 2151 et
770 2096 909 2157 alia;
946 2107 1001 2149 et
1034 2098 1310 2149 videamus
1344 2098 1387 2150 si
1415 2108 1499 2150 est
1534 2098 1585 2150 in
1622 2098 1703 2151 his
1746 2098 2035 2161 stabilitas,

446 2195 492 2245 si
529 2202 612 2246 est
647 2190 876 2244 mansio.
928 2190 992 2243 Et
1048 2204 1114 2243 ne
1165 2191 1287 2257 quis
1342 2199 1494 2258 putet
1541 2191 1832 2243 materiam
1866 2191 2037 2244 intro-

447 2285 567 2337 duci
592 2297 863 2345 sermone,
889 2291 983 2335 aut
1001 2284 1271 2350 quomodo
1296 2283 1720 2336 introducuntur
1741 2281 2033 2345 elementa,

447 2378 641 2443 quibus
666 2385 721 2428 et
752 2375 1098 2427 inducuntur.
1135 2373 1242 2427 Sed
1271 2374 1401 2427 illud
1429 2374 1573 2438 dico,
1604 2376 1729 2443 quia
1760 2375 1810 2428 in
1842 2390 2036 2444 corpo-

447 2472 602 2522 ribus
624 2484 743 2536 qme
770 2476 1056 2521 moventur
1088 2481 1103 2518 :
1147 2468 1437 2521 motionem
1474 2476 1653 2521 autem
1688 2468 1810 2522 dico
1839 2467 2028 2532 istam,

446 2577 565 2628 quae
589 2560 853 2615 naturalis
885 2568 1195 2623 esteorum
1247 2560 1335 2628 qui
1394 2559 1598 2613 habent
1657 2568 1714 2611 ut
1760 2568 2034 2623 crescant,

447 2655 536 2722 qui
572 2653 769 2708 habent
800 2661 857 2705 ut
882 2653 1232 2717 minuantur;
1281 2667 1466 2705 eorum
1499 2651 1589 2721 qui
1626 2650 1859 2706 fructum
1902 2653 2034 2706 affe-

446 2756 593 2809 runt,
624 2761 808 2800 eorum
845 2747 935 2813 qui
965 2754 1252 2799 moventur
1280 2761 1308 2797 a
1343 2744 1479 2798 locis
1523 2744 1590 2797 ad
1642 2743 1777 2810 loca,
1824 2746 2035 2798 anima-

444 2838 573 2894 lium
601 2847 785 2907 utpote
812 2848 865 2892 et
905 2837 1163 2891 arborum
1219 2848 1274 2890 et
1325 2836 1627 2890 hominum.
1678 2836 2030 2892 Variiicatum

442 2932 588 2986 enim
620 2942 702 2985 est
729 2944 925 2998 corpus
967 2938 1021 2983 et
1065 2930 1443 2997 compositum.
1486 2927 1856 2998 Compositum
1890 2931 2034 2983 enim

443 3038 527 3082 ost
551 3039 604 3081 et
639 3027 887 3079 Salvator
922 3023 1033 3093 (‘39)
1080 3038 1174 3091 per
1226 3022 1597 3091 ineorporales
1652 3022 1898 3076 virtutes.
1926 3021 2033 3076 Ne-

444 3135 548 3187 que
575 3119 720 3173 enim
745 3118 967 3171 arbores
1001 3116 1217 3169 sibimet
1247 3115 1372 3181 ipsae
1409 3121 1651 3167 statuunt
1714 3121 1926 3181 tempus
1975 3122 2035 3166 ut

444 3214 692 3289 ﬂoreant,
724 3226 827 3263 non
885 3208 1308 3277 magnitudinem
1349 3205 1602 3260 foliorum
1628 3245 1642 3267 ,
1674 3219 1778 3259 non
1826 3214 2035 3273 tempus

446 3302 678 3373 frugum,
711 3318 814 3355 non
844 3301 1293 3371 compositionem
1322 3313 1508 3351 eorum
1543 3311 1663 3365 quae
1710 3297 2033 3363 figurantur,

446 3413 549 3452 non
579 3412 640 3453 ea
669 3413 790 3467 quae
819 3398 964 3451 intus
998 3404 1127 3449 sunt
1156 3396 1222 3447 ad
1264 3392 1678 3447 custodiendum
1700 3431 1715 3456 ,
1758 3406 1865 3445 non
1917 3405 2037 3460 qua:

445 3492 593 3546 foras
623 3500 752 3546 sunt
786 3490 853 3543 ad
888 3487 1126 3543 tutelam.
1177 3487 1290 3540 Non
1346 3486 1494 3539 enim
1546 3484 1598 3537 in
1646 3484 1898 3537 arborum
1954 3492 2037 3536 est

444 3593 730 3651 potestate,
763 3582 831 3636 de
862 3581 944 3635 his
974 3596 1094 3650 quae
1122 3588 1251 3633 sunt
1278 3578 1330 3632 in
1364 3574 1673 3630 arboribus.
1716 3573 1772 3628 Si
1804 3572 1948 3627 enim
1981 3583 2038 3627 et

446 3678 496 3729 in
522 3675 678 3728 nobis
709 3672 1125 3727 rationabilibus
1175 3684 1280 3723 non
1334 3678 1418 3723 est
1463 3676 1710 3737 potestas
1765 3680 2039 3719 mensura-

446 3784 589 3833 rum,
620 3782 726 3819 non
761 3775 978 3819 aetatum
999 3804 1014 3827 ,
1055 3779 1161 3817 non
1194 3763 1587 3823 membrorum,
1622 3768 1794 3827 neque
1821 3757 2037 3827 quando

446 3862 638 3914 debeat
690 3873 999 3927 procreare,
1058 3866 1151 3910 aut
1198 3856 1367 3918 nasci,
1409 3863 1503 3907 aut
1547 3867 1828 3915 crescere,
1864 3865 2037 3918 neque

446 3969 617 4024 usque
651 3955 716 4007 ad
747 3952 973 4021 capillos
1008 3968 1021 4002 :
1058 3964 1163 4004 non
1218 3948 1391 4002 solum
1444 3957 1501 3999 ιιι
1541 3944 1754 4013 quando
1786 3942 2035 4004 floreant,

444 4058 498 4102 et
545 4047 763 4118 quando
802 4046 1070 4108 debeant,
1115 4042 1206 4111 qui
1251 4040 1480 4095 necdum
1534 4045 1799 4092 venerunt
1828 4036 1896 4089 ad
1926 4032 2033 4118 flo-

445 4158 597 4208 rem;
634 4140 727 4194 sed
780 4153 955 4208 neque
990 4137 1057 4191 de
1090 4151 1156 4190 eo
1204 4144 1261 4188 ut
1298 4131 1594 4188 transferat
1636 4129 1899 4193 colorem,
1926 4116 1977 4180 et
2008 4143 2035 4179 a

447 4236 604 4303 nigro
638 4233 820 4286 veniat
849 4231 914 4283 ad
948 4229 1154 4293 album,
1183 4235 1267 4282 est
1300 4227 1354 4280 in
1387 4234 1575 4279 nostra
1606 4229 1906 4292 potestate,
1945 4218 2035 4286 qui

446 4332 740 4398 cogitatum
770 4322 1110 4394 possidemus
1141 4330 1194 4375 et
1229 4333 1450 4374 sensum
1481 4336 1496 4373 :
1523 4316 1569 4370 si
1607 4315 1772 4386 igitur
1802 4321 1857 4368 et
1886 4328 2035 4380 qua:-

447 4435 659 4488 cunqne
692 4418 744 4471 in
786 4416 943 4470 nobis
973 4423 1100 4468 sunt
1142 4412 1451 4475 naturalia,
1512 4424 1618 4462 non
1672 4418 1796 4462 sunt
1842 4413 2038 4459 nostrae

446 4510 757 4577 potestatis,
788 4518 991 4576 quanto
1023 4506 1198 4577 magis
1226 4505 1281 4559 in
1330 4500 1797 4558 irrationabilibus
1827 4497 2039 4552 anima-

2139 2010 2443 2079 proprium,
2496 2010 2697 2064 similia
2727 2025 2758 2063 a
2794 2010 3103 2077 similibus;
3158 2018 3213 2063 et
3257 2018 3573 2063 mensurata
3634 2018 3723 2063 est

2138 2103 2577 2176 concupiscentia
2602 2101 2951 2155 animalibus.
2979 2099 3094 2154 Non
3129 2100 3273 2155 enim
3319 2100 3370 2154 in
3401 2101 3549 2154 omni
3584 2110 3726 2154 tem-

2138 2214 2267 2269 pore
2300 2196 2626 2251 animalibus
2653 2204 2736 2248 est
2767 2193 3212 2257 communicatio,
3231 2192 3325 2247 sed
3362 2202 3580 2260 tempus
3610 2202 3726 2246 sta-

2140 2303 2311 2346 tutum
2363 2300 2447 2345 est
2493 2298 2550 2344 et
2581 2289 2919 2357 agnoscitur.
2973 2286 3037 2340 Et
3074 2285 3299 2340 masculi
3335 2292 3465 2339 tunc
3498 2298 3725 2339 moven-

2142 2395 2255 2448 tur,
2288 2393 2345 2437 et
2371 2383 2584 2436 femina:
2622 2391 2749 2433 tunc
2777 2380 3077 2447 patiuntur,
3117 2386 3171 2432 et
3215 2378 3432 2431 transiit
3480 2388 3719 2446 tempus,

2136 2484 2190 2528 et
2218 2481 2469 2528 emortua
2498 2482 2581 2526 est
2614 2470 2668 2525 in
2727 2468 3193 2524 irrationabilibus
3247 2466 3718 2536 concupiscentia.

2141 2568 2210 2622 Et
2230 2568 2318 2623 ubi
2351 2575 2498 2621 tanta
2522 2565 2759 2620 varietas
2782 2572 2886 2626 est,
2913 2576 3091 2616 nonne
3122 2560 3468 2616 confessibile
3495 2561 3613 2630 (53)
3635 2571 3723 2617 est

2145 2659 2383 2730 ignorari
2437 2658 2505 2712 ab
2555 2656 3022 2712 irrationabilibus
3088 2669 3212 2722 qua:
3288 2652 3457 2707 fiunt?
3511 2651 3721 2707 Tamen

2138 2759 2436 2823 agnoscunt
2457 2748 2729 2820 quomodo
2783 2755 3042 2816 reguntur
3068 2754 3124 2799 et
3148 2744 3512 2808 adducuntur,
3540 2753 3599 2798 et
3627 2743 3723 2797 ubi

2136 2852 2353 2915 oportet
2386 2842 2669 2907 seminari,
2702 2848 2757 2894 et
2785 2840 2876 2893 ubi
2902 2852 3002 2894 con
3012 2836 3191 2892 veniat
3219 2835 3593 2891 commendari
3621 2852 3637 2890 :
3665 2844 3724 2889 et

2138 2938 2451 3009 ignorantes
2485 2936 2628 3005 quod
2668 2933 2905 2987 futurum
2975 2940 3078 2993 est,
3139 2929 3492 2985 nihilominus
3531 2939 3720 2984 tamen

2137 3031 2345 3099 legibus
2373 3028 2691 3082 suadentur.
2730 3023 2787 3077 In
2832 3023 3151 3078 matricibus
3191 3033 3369 3076 autem
3403 3037 3501 3076 nec
3544 3021 3720 3076 ratio-

2140 3122 2346 3177 nabiles
2375 3118 2628 3175 mulieres
2657 3126 2858 3171 norunt
2894 3116 3023 3185 quid
3050 3114 3343 3169 efficiatur.
3401 3112 3606 3167 Tamen
3662 3126 3723 3167 et

2063 3243 2109 3303 ϐ
2141 3211 2602 3269 irrationabilibus
2632 3209 2956 3280 figurantur,
2981 3215 3034 3261 et
3068 3206 3242 3260 nullus
3282 3215 3496 3260 emovet
3524 3215 3584 3259 ut
3608 3220 3720 3259 non

2142 3314 2465 3360 moveantur
2485 3312 2642 3358 extra
2674 3315 3004 3363 mensuram,
3040 3313 3214 3367 neque
3241 3309 3297 3351 ut
3331 3298 3459 3351 illud
3487 3298 3721 3351 mandu-

2141 3410 2245 3464 cet,
2273 3406 2327 3453 et
2380 3396 2447 3449 ab
2495 3394 2587 3448 illo
2645 3408 2705 3447 se
2740 3392 3031 3447 abstineat.
3062 3388 3457 3459 Nonnunquam
3487 3388 3631 3442 enim
3666 3396 3724 3441 et

2140 3490 2415 3545 minantur
2456 3487 2768 3557 plurimum,
2795 3495 2850 3539 et
2879 3492 3111 3536 currunt
3157 3497 3276 3551 quae
3320 3492 3721 3551 conceperunt,

2138 3592 2195 3639 et
2228 3580 2473 3637 custodit
2497 3594 2559 3633 ea
2587 3592 2707 3647 quae
2729 3577 2986 3632 custodit.
3039 3576 3191 3642 Apud
3248 3589 3345 3628 nos
3401 3575 3547 3628 enim
3589 3575 3725 3645 quia

2140 3675 2359 3743 adjuvat
2394 3687 2483 3724 ars
2512 3682 2736 3733 natura),
2787 3668 3129 3722 immutatum
3160 3676 3243 3719 est
3268 3682 3297 3718 a
3343 3675 3536 3718 natura
3568 3666 3725 3733 adju-

2139 3773 2403 3821 mentum.
2423 3762 2523 3817 Ubi
2555 3772 2734 3814 autem
2767 3758 2896 3812 nihil
2923 3756 3155 3811 coeflicit
3180 3772 3270 3809 ars
3287 3766 3514 3816 naturae,
3538 3765 3719 3810 totum

2140 3857 2509 3926 adiumentum
2553 3850 2878 3906 custoditur.
2913 3846 3078 3901 Multa
3110 3846 3254 3900 enim
3283 3854 3410 3899 sunt
3460 3860 3583 3914 quae
3628 3846 3716 3900 vi.

2140 3949 2334 4002 dentur
2369 3946 2420 3998 in
2454 3943 2576 3998 aliis
2606 3939 2955 4003 animalibus,
2982 3952 3109 4007 qua:
3143 3951 3240 3991 nos
3272 3951 3377 3989 non
3424 3935 3716 3990 habemus.

2141 4039 2306 4093 Nobis
2333 4038 2478 4092 enim
2515 4049 2696 4104 neque
2723 4032 2857 4087 tales
2882 4040 3069 4095 cutes,
3126 4043 3304 4097 neque
3360 4028 3496 4081 tanti
3531 4028 3718 4096 capilli

2140 4138 2286 4195 sunt,
2320 4129 2504 4199 quanti
2540 4137 2595 4181 et
2630 4126 2759 4180 illis.
2791 4125 2894 4179 Ars
2926 4123 3069 4177 enim
3105 4120 3345 4176 vestiens
3368 4135 3456 4183 ea,
3483 4122 3721 4188 complet

2141 4222 2282 4293 quod
2313 4219 2737 4274 videturdeesse
2784 4227 3009 4269 naturas.
3065 4212 3179 4268 Non
3214 4213 3553 4281 operimenta
3593 4224 3719 4266 sunt

2142 4312 2332 4367 iisdem
2362 4327 2377 4375 ;
2443 4307 2723 4362 sufﬁciunt
2754 4306 2896 4360 enim
2928 4305 3044 4374 pili.
3080 4303 3194 4356 Non
3224 4301 3497 4369 opertoria
3530 4317 3545 4365 ;
3581 4302 3717 4355 ami~

2141 4416 2227 4462 cta
2275 4413 2358 4457 est
2406 4402 2550 4455 enim
2609 4414 2736 4469 pars
2791 4412 2910 4465 quas
2961 4397 3046 4450 his
3076 4394 3368 4462 indigebat.
3422 4391 3719 4446 Sufficiunt

2143 4493 2339 4561 quippe
2374 4488 2480 4543 illis
2520 4486 2697 4554 capilli
2728 4495 2782 4538 et
2807 4500 2903 4554 pro
2931 4484 3183 4537 domibus
3214 4491 3268 4536 et
3296 4481 3472 4547 tectis,
3498 4492 3555 4535 et
3576 4483 3720 4535 tunio

448 4575 611 4668 libus,
641 4618 747 4656 non
775 4575 981 4656 suntin
1017 4575 1256 4669 ipsorum
1288 4602 1559 4666 potestate
1588 4604 1707 4660 quae
1745 4604 1840 4643 sua
1872 4587 2037 4641 sunt?
2068 4606 2112 4661 Ι)
2142 4585 2220 4639 cis
2249 4593 2305 4636 et
2337 4580 2511 4651 palliis
2537 4587 2593 4633 et
2619 4578 2972 4647 operimentis
3005 4594 3019 4644 ;
3070 4584 3119 4630 et
3173 4575 3464 4643 unicuique
3494 4576 3716 4628 animali

448 4696 614 4766 Magis
640 4705 818 4749 autem
856 4695 959 4749 hoe
1010 4692 1063 4747 in
1100 4689 1389 4745 arboribus
1436 4700 1541 4740 non
1575 4692 1658 4738 est
1710 4690 1764 4736 et
1812 4680 2028 4751 plantis.

448 4788 515 4846 iit
546 4788 802 4843 tamenin
835 4786 918 4841 bis
955 4799 1077 4856 quae
1107 4782 1231 4837 sine
1281 4780 1461 4835 anima
1507 4787 1656 4845 sunt,
1710 4776 1811 4830 huc
1852 4782 1935 4829 est
1974 4773 2028 4827 in

448 4881 735 4937 arboribus
765 4880 882 4934 istis
922 4888 976 4931 et
1023 4876 1243 4947 plantis,
1286 4885 1582 4933 mensurae,
1630 4865 2031 4935 magnitudines

450 4973 714 5044 partibus,
750 4980 804 5025 et
828 4969 927 5039 ipsi
961 4968 1141 5022 omnia
1191 4964 1392 5020 arbori.
1420 4954 1475 5017 et
1506 4961 1731 5029 plantae,
1782 4966 1837 5011 et
1881 4955 2028 5010 foliis

448 5067 566 5136 eius
618 5074 673 5120 et
723 5063 1013 5125 fructibus,
1076 5067 1131 5114 et
1194 5053 1676 5125 compositionibus
1737 5050 2027 5122 habeptur.

450 5155 816 5224 Quarumdam
838 5154 979 5208 enim
1005 5151 1214 5205 fructus
1245 5147 1419 5217 sparsi
1454 5154 1583 5201 sunt
1610 5185 1625 5211 ,
1673 5143 1812 5197 alius
1845 5142 1898 5196 in
1924 5140 2032 5193 alio

524 5323 635 5401 (28)
687 5331 1095 5401 Operimcnlnm.
1121 5326 1259 5401 Lege
1307 5329 1727 5401 opemmentum,
1769 5332 1887 5401 qua!
1917 5331 2023 5401 vox

454 5389 744 5468 interpreti
762 5411 945 5453 nostro
977 5389 1386 5468 familiarispro
1436 5407 1501 5468 ee
1527 5389 1669 5468 qpod
1708 5397 1790 5467 est
1825 5389 2027 5468 instru-

448 5458 701 5527 mentum.
737 5468 830 5524 Sic
872 5484 1032 5536 supra
1095 5466 1198 5519 col.
1257 5458 1392 5517 1099
1439 5464 1478 5516 Α
1513 5458 1823 5536 :Provenit_
1847 5465 2024 5536 git-fe!!!

449 5522 607 5596 istum
848 5522 1178 5590 ntezlirilmlia
1202 5544 1561 5606 opct'autenta;
1588 5539 1639 5582 et
1668 5524 1938 5605 col..H9.7
1963 5522 2022 5574 B:

448 5603 737 5666 Cassarum
763 5610 987 5663 visilnlia
1010 5616 1339 5671 operamenta
1362 5619 1375 5655 :
1406 5603 1634 5669 idipsum
1655 5603 1851 5666 passim
1890 5608 2033 5660 repe-

451 5696 580 5735 “88.

522 5750 633 5818 (29)
662 5749 930 5805 Salvator.
977 5747 1156 5809 Forte,
1198 5746 1454 5799 solvatur.

522 5822 633 5887 (δυ)
663 5820 891 5872 Pomm.
932 5818 1109 5877 Forte,
1135 5820 1351 5883 positus.

524 5875 636 5962 ζει)
660 5889 1001 5942 Butronibus.
1042 5875 1278 5941 Deducta
1311 5900 1411 5940 vox
1444 5900 1505 5939 ea
1546 5885 1755 5940 videtur
1783 5892 1811 5930 a
1834 5875 2024 5932 Graeca

2142 4691 2240 4747 pro
2271 4675 2352 4730 sui
2394 4681 2585 4726 natura
2635 4680 2689 4724 et
2743 4670 3014 4738 opertoria
3059 4670 3180 4721 data
3241 4675 3385 4721 sunt.
3422 4667 3519 4721 llis
3572 4668 3715 4720 enim

2138 4767 2230 4836 qui
2273 4766 2451 4819 minus
2471 4771 2723 4834 poterant
2759 4764 3028 4815 sustinere
3062 4760 3375 4830 fridgorem,
3426 4756 3715 4827 spissiores

2136 4857 2228 4928 pili
2254 4867 2308 4911 et
2343 4857 2614 4925 longiores
2649 4852 2838 4909 indulti
2868 4860 3016 4911 sunt,
3056 4851 3178 4904 aliis
3209 4850 3345 4902 lanae
3372 4867 3384 4903 :
3419 4860 3475 4903 et
3500 4850 3712 4902 unicui-

2135 4965 2241 5019 que
2275 4959 2521 5018 separata
2576 4958 2657 5002 est
2697 4961 2819 5001 esea
2855 4956 2910 5000 et
2963 4944 3201 4996 immissa
3228 4981 3243 5008 ,
3279 4950 3334 4993 et
3368 4941 3512 4993 circa
3568 4939 3710 4992 illam

2138 5058 2316 5099 escam
2351 5043 2439 5095 illa
2468 5041 2740 5094 alacritas.
2771 5039 2900 5105 Quae
2926 5037 3070 5091 enim
3095 5046 3319 5089 exeusat
3347 5032 3462 5103 (56)
3493 5046 3709 5090 cervus.

2142 5137 2255 5191 ha'c
2293 5135 2639 5205 persequitur
2664 5133 2746 5185 leo
2774 5147 2788 5183 :
2816 5140 2871 5184 et
2897 5130 3048 5183 varia
3080 5126 3357 5198 pmposita
3394 5133 3480 5179 est
3530 5122 3708 5193 magni

2135 5316 2313 5387 βότρις
2363 5310 2812 5387 racemusagcrte
2856 5307 3125 5387 sententia
3154 5304 3315 5387 huius
3348 5304 3450 5359 loci
3499 5303 3706 5387 videtur

2132 5376 2320 5440 cadem
2344 5398 2461 5439 esse
2485 5398 2602 5448 qua:
2634 5382 2773 5435 illius
2795 5381 2933 5446 apud
2955 5378 3207 5441 Plinium,
3236 5377 3328 5448 lib.
3354 5392 3444 5438 xv,
3470 5391 3589 5448 cap.
3607 5376 3700 5427 28:

2134 5455 2436 5522 Dependent
2462 5445 2570 5504 alia
2599 5445 2872 5520 particulis,
2911 5460 2964 5502 ut
3009 5448 3163 5512 pira;
3199 5445 3305 5497 alia
3347 5445 3565 5497 racemis
3593 5484 3608 5507 ,
3650 5454 3701 5496 tu

2134 5541 2266 5588 utut,
2297 5525 2501 5592 pulmm.
2731 5589 2755 5592 μ
2847 5591 2853 5592 7
2948 5591 2956 5592 ί
3066 5532 3077 5537 “

2208 5589 2321 5659 (3'2)
2352 5594 2545 5661 Ipsius.
2585 5589 2778 5654 Αὑτοῦ,
2805 5591 3058 5659 ejusdem.

2209 5652 2322 5734 (55)
2360 5652 3095 5734 Confesxibile.Confessum,
3129 5663 3499 5734 compertum;
3520 5652 3700 5733 Ul-sn-

2138 5724 2229 5809 prii
2260 5724 2489 5809 nota“,
2541 5732 2735 5809 inimici
2795 5729 3114 5807 confessiles,
3151 5727 3338 5795 aperti,
3377 5724 3619 5804 professi.

2209 5807 2318 5877 (34)
2347 5788 2599 5877 suam
2634 5804 2685 5858 ld
2733 5814 2812 5857 est
2850 5788 3037 5871 respuit
3070 5788 3212 5853 sicut
3258 5788 3568 5851 notavimus
3594 5788 3697 5848 col.

2138 5876 2295 5943 “0|,
2335 5885 2447 5930 not.
2487 5876 2572 5931 68.
