  <div class='ocr_page' id='page_1' title='image "/cluster/home/n/w/nwhite01/storage/ocr_20150623/24/hvd.32044019207729/582.png"; bbox 0 0 3956 6544; ppageno 0'>
   <div class='ocr_carea' id='block_1_1' title="bbox 278 443 420 499">
    <p class='ocr_par' dir='ltr' id='par_1_1' title="bbox 278 443 420 499">
     <span class='ocr_line' id='line_1_1' title="bbox 278 443 420 499; baseline -0.021 0"><span class='ocrx_word' id='word_1_1' title='bbox 278 443 420 499; x_wconf 72' lang='lat' dir='ltr'><strong>H33</strong></span> 
     </span>
    </p>
   </div>
   <div class='ocr_carea' id='block_1_2' title="bbox 1612 428 2217 484">
    <p class='ocr_par' dir='ltr' id='par_1_2' title="bbox 1612 428 2217 484">
     <span class='ocr_line' id='line_1_2' title="bbox 1612 428 2217 484; baseline -0.003 -1"><span class='ocrx_word' id='word_1_2' title='bbox 1612 430 1700 484; x_wconf 81' lang='lat' dir='ltr'><strong>DE</strong></span> <span class='ocrx_word' id='word_1_3' title='bbox 1734 428 2217 484; x_wconf 77' lang='lat' dir='ltr'><strong>INCORPORALI.</strong></span> 
     </span>
    </p>
   </div>
   <div class='ocr_carea' id='block_1_3' title="bbox 3386 428 3525 483">
    <p class='ocr_par' dir='ltr' id='par_1_3' title="bbox 3386 428 3525 483">
     <span class='ocr_line' id='line_1_3' title="bbox 3386 428 3525 483; baseline -0.014 0"><span class='ocrx_word' id='word_1_4' title='bbox 3386 428 3525 483; x_wconf 66' lang='grc' dir='ltr'>ιιδιι</span> 
     </span>
    </p>
   </div>
   <div class='ocr_carea' id='block_1_4' title="bbox 279 540 3519 622">
    <p class='ocr_par' dir='ltr' id='par_1_4' title="bbox 279 540 3519 622">
     <span class='ocr_line' id='line_1_4' title="bbox 279 540 3519 622; baseline -0.004 -9"><span class='ocrx_word' id='word_1_5' title='bbox 279 558 373 613; x_wconf 85' lang='lat' dir='ltr'><strong>Dei</strong></span> <span class='ocrx_word' id='word_1_6' title='bbox 405 569 611 619; x_wconf 86' lang='lat' dir='ltr'><strong>mensa,</strong></span> <span class='ocrx_word' id='word_1_7' title='bbox 645 552 797 622; x_wconf 89' lang='lat' dir='ltr'><strong>plena</strong></span> <span class='ocrx_word' id='word_1_8' title='bbox 826 548 1043 619; x_wconf 83' lang='lat' dir='ltr'><strong>quidem</strong></span> <span class='ocrx_word' id='word_1_9' title='bbox 1082 547 1353 613; x_wconf 90' lang='lat' dir='ltr'><strong>omnibus,</strong></span> <span class='ocrx_word' id='word_1_10' title='bbox 1386 546 1717 601; x_wconf 78' lang='lat' dir='ltr'><strong>conveniens</strong></span> <span class='ocrx_word' id='word_1_11' title='bbox 1750 561 1847 599; x_wconf 89' lang='lat' dir='ltr'><strong>au-</strong></span> <span class='ocrx_word' id='word_1_12' title='bbox 1880 550 1925 603; x_wconf 70' lang='grc' dir='ltr'>Α</span> <span class='ocrx_word' id='word_1_13' title='bbox 1956 542 2237 601; x_wconf 87' lang='lat' dir='ltr'><strong>mamillas.</strong></span> <span class='ocrx_word' id='word_1_14' title='bbox 2266 541 2684 612; x_wconf 87' lang='lat' dir='ltr'><strong>qnadripedibus</strong></span> <span class='ocrx_word' id='word_1_15' title='bbox 2716 548 2895 596; x_wconf 89' lang='lat' dir='ltr'><strong>autem</strong></span> <span class='ocrx_word' id='word_1_16' title='bbox 2921 540 2975 594; x_wconf 91' lang='lat' dir='ltr'><strong>in</strong></span> <span class='ocrx_word' id='word_1_17' title='bbox 3005 541 3128 596; x_wconf 87' lang='lat' dir='ltr'><strong>aliis</strong></span> <span class='ocrx_word' id='word_1_18' title='bbox 3163 542 3337 595; x_wconf 79' lang='lat' dir='ltr'><strong>inﬁxit</strong></span> <span class='ocrx_word' id='word_1_19' title='bbox 3365 542 3519 600; x_wconf 83' lang='lat' dir='ltr'><strong>locis.</strong></span> 
     </span>
    </p>
   </div>
   <div class='ocr_carea' id='block_1_5' title="bbox 280 633 1835 712">
    <p class='ocr_par' dir='ltr' id='par_1_5' title="bbox 280 633 1835 712">
     <span class='ocr_line' id='line_1_5' title="bbox 280 633 1835 712; baseline -0.011 -11"><span class='ocrx_word' id='word_1_20' title='bbox 280 658 387 702; x_wconf 87' lang='lat' dir='ltr'><strong>tem</strong></span> <span class='ocrx_word' id='word_1_21' title='bbox 450 645 740 712; x_wconf 85' lang='lat' dir='ltr'><strong>unicuique</strong></span> <span class='ocrx_word' id='word_1_22' title='bbox 799 652 1020 694; x_wconf 66' lang='lat' dir='ltr'><strong>naturae.</strong></span> <span class='ocrx_word' id='word_1_23' title='bbox 1059 638 1127 693; x_wconf 85' lang='lat' dir='ltr'><strong>Et</strong></span> <span class='ocrx_word' id='word_1_24' title='bbox 1154 646 1237 692; x_wconf 89' lang='lat' dir='ltr'><strong>est</strong></span> <span class='ocrx_word' id='word_1_25' title='bbox 1282 635 1588 690; x_wconf 87' lang='lat' dir='ltr'><strong>admiratio.</strong></span> <span class='ocrx_word' id='word_1_26' title='bbox 1621 633 1835 686; x_wconf 77' lang='lat' dir='ltr'><strong>Numeri</strong></span> 
     </span>
    </p>
   </div>
   <div class='ocr_carea' id='block_1_6' title="bbox 276 722 1841 792">
    <p class='ocr_par' dir='ltr' id='par_1_6' title="bbox 276 722 1841 792">
     <span class='ocr_line' id='line_1_6' title="bbox 276 722 1841 792; baseline -0.007 -6"><span class='ocrx_word' id='word_1_27' title='bbox 276 732 421 786; x_wconf 91' lang='lat' dir='ltr'><strong>enim</strong></span> <span class='ocrx_word' id='word_1_28' title='bbox 456 730 723 785; x_wconf 83' lang='lat' dir='ltr'><strong>mensium</strong></span> <span class='ocrx_word' id='word_1_29' title='bbox 759 728 1075 782; x_wconf 73' lang='lat' dir='ltr'><strong>matricibus</strong></span> <span class='ocrx_word' id='word_1_30' title='bbox 1107 735 1161 779; x_wconf 91' lang='lat' dir='ltr'><strong>et</strong></span> <span class='ocrx_word' id='word_1_31' title='bbox 1188 723 1653 780; x_wconf 88' lang='lat' dir='ltr'><strong>irrationabilibus</strong></span> <span class='ocrx_word' id='word_1_32' title='bbox 1681 722 1841 792; x_wconf 87' lang='lat' dir='ltr'><strong>posi-ti</strong></span> 
     </span>
    </p>
   </div>
   <div class='ocr_carea' id='block_1_7' title="bbox 276 817 1848 889">
    <p class='ocr_par' dir='ltr' id='par_1_7' title="bbox 276 817 1848 889">
     <span class='ocr_line' id='line_1_7' title="bbox 276 817 1848 889; baseline -0.007 -11"><span class='ocrx_word' id='word_1_33' title='bbox 276 831 421 879; x_wconf 84' lang='lat' dir='ltr'><strong>sunt.</strong></span> <span class='ocrx_word' id='word_1_34' title='bbox 456 821 521 874; x_wconf 87' lang='lat' dir='ltr'><strong>Et</strong></span> <span class='ocrx_word' id='word_1_35' title='bbox 562 821 682 889; x_wconf 90' lang='lat' dir='ltr'><strong>quis</strong></span> <span class='ocrx_word' id='word_1_36' title='bbox 718 836 821 873; x_wconf 89' lang='lat' dir='ltr'><strong>non</strong></span> <span class='ocrx_word' id='word_1_37' title='bbox 864 828 1099 889; x_wconf 89' lang='lat' dir='ltr'><strong>stupeat,</strong></span> <span class='ocrx_word' id='word_1_38' title='bbox 1159 818 1282 886; x_wconf 82' lang='lat' dir='ltr'><strong>quia</strong></span> <span class='ocrx_word' id='word_1_39' title='bbox 1336 817 1389 871; x_wconf 92' lang='lat' dir='ltr'><strong>in</strong></span> <span class='ocrx_word' id='word_1_40' title='bbox 1445 825 1684 885; x_wconf 83' lang='lat' dir='ltr'><strong>tempore</strong></span> <span class='ocrx_word' id='word_1_41' title='bbox 1744 817 1848 869; x_wconf 90' lang='lat' dir='ltr'><strong>isto</strong></span> 
     </span>
    </p>
   </div>
   <div class='ocr_carea' id='block_1_8' title="bbox 237 904 1846 977">
    <p class='ocr_par' dir='ltr' id='par_1_8' title="bbox 237 904 1846 977">
     <span class='ocr_line' id='line_1_8' title="bbox 237 904 1846 977; baseline -0.007 -7"><span class='ocrx_word' id='word_1_42' title='bbox 237 904 632 975; x_wconf 53' lang='lat' dir='ltr'><strong>iconcurrunt,</strong></span> <span class='ocrx_word' id='word_1_43' title='bbox 687 911 839 977; x_wconf 85' lang='lat' dir='ltr'><strong>cujus</strong></span> <span class='ocrx_word' id='word_1_44' title='bbox 872 911 1049 964; x_wconf 80' lang='lat' dir='ltr'><strong>exitus</strong></span> <span class='ocrx_word' id='word_1_45' title='bbox 1090 908 1325 962; x_wconf 89' lang='lat' dir='ltr'><strong>fructum</strong></span> <span class='ocrx_word' id='word_1_46' title='bbox 1378 918 1669 977; x_wconf 87' lang='lat' dir='ltr'><strong>apportat,</strong></span> <span class='ocrx_word' id='word_1_47' title='bbox 1723 922 1846 960; x_wconf 89' lang='lat' dir='ltr'><strong>cum</strong></span> 
     </span>
    </p>
   </div>
   <div class='ocr_carea' id='block_1_9' title="bbox 278 999 1848 1074">
    <p class='ocr_par' dir='ltr' id='par_1_9' title="bbox 278 999 1848 1074">
     <span class='ocr_line' id='line_1_9' title="bbox 278 999 1848 1074; baseline -0.004 -14"><span class='ocrx_word' id='word_1_48' title='bbox 278 1006 544 1074; x_wconf 82' lang='lat' dir='ltr'><strong>asperitas</strong></span> <span class='ocrx_word' id='word_1_49' title='bbox 581 1003 784 1058; x_wconf 87' lang='lat' dir='ltr'><strong>hiberni</strong></span> <span class='ocrx_word' id='word_1_50' title='bbox 841 1002 1153 1056; x_wconf 87' lang='lat' dir='ltr'><strong>transierit?</strong></span> <span class='ocrx_word' id='word_1_51' title='bbox 1198 1009 1258 1053; x_wconf 91' lang='lat' dir='ltr'><strong>ut</strong></span> <span class='ocrx_word' id='word_1_52' title='bbox 1295 1015 1400 1053; x_wconf 92' lang='lat' dir='ltr'><strong>non</strong></span> <span class='ocrx_word' id='word_1_53' title='bbox 1453 1008 1638 1052; x_wconf 89' lang='lat' dir='ltr'><strong>tenera</strong></span> <span class='ocrx_word' id='word_1_54' title='bbox 1673 999 1848 1053; x_wconf 90' lang='lat' dir='ltr'><strong>adhuc</strong></span> 
     </span>
    </p>
   </div>
   <div class='ocr_carea' id='block_1_10' title="bbox 279 1089 1849 1164">
    <p class='ocr_par' dir='ltr' id='par_1_10' title="bbox 279 1089 1849 1164">
     <span class='ocr_line' id='line_1_10' title="bbox 279 1089 1849 1164; baseline -0.006 -12"><span class='ocrx_word' id='word_1_55' title='bbox 279 1098 573 1152; x_wconf 85' lang='lat' dir='ltr'><strong>constituta</strong></span> <span class='ocrx_word' id='word_1_56' title='bbox 601 1111 721 1164; x_wconf 72' lang='lat' dir='ltr'><strong>quae</strong></span> <span class='ocrx_word' id='word_1_57' title='bbox 747 1105 870 1147; x_wconf 88' lang='lat' dir='ltr'><strong>nata</strong></span> <span class='ocrx_word' id='word_1_58' title='bbox 893 1103 1018 1147; x_wconf 90' lang='lat' dir='ltr'><strong>sunt</strong></span> <span class='ocrx_word' id='word_1_59' title='bbox 1043 1094 1096 1147; x_wconf 88' lang='lat' dir='ltr'><strong>in</strong></span> <span class='ocrx_word' id='word_1_60' title='bbox 1120 1092 1281 1147; x_wconf 90' lang='lat' dir='ltr'><strong>domo</strong></span> <span class='ocrx_word' id='word_1_61' title='bbox 1306 1106 1410 1145; x_wconf 92' lang='lat' dir='ltr'><strong>non</strong></span> <span class='ocrx_word' id='word_1_62' title='bbox 1427 1089 1665 1152; x_wconf 87' lang='lat' dir='ltr'><strong>confota,</strong></span> <span class='ocrx_word' id='word_1_63' title='bbox 1693 1105 1849 1157; x_wconf 88' lang='lat' dir='ltr'><strong>aspe-</strong></span> 
     </span>
    </p>
   </div>
   <div class='ocr_carea' id='block_1_11' title="bbox 280 1180 1849 1249">
    <p class='ocr_par' dir='ltr' id='par_1_11' title="bbox 280 1180 1849 1249">
     <span class='ocr_line' id='line_1_11' title="bbox 280 1180 1849 1249; baseline -0.006 -7"><span class='ocrx_word' id='word_1_64' title='bbox 280 1190 500 1243; x_wconf 87' lang='lat' dir='ltr'><strong>ritatem</strong></span> <span class='ocrx_word' id='word_1_65' title='bbox 532 1197 710 1240; x_wconf 83' lang='lat' dir='ltr'><strong>autem</strong></span> <span class='ocrx_word' id='word_1_66' title='bbox 745 1185 939 1239; x_wconf 89' lang='lat' dir='ltr'><strong>hiemis</strong></span> <span class='ocrx_word' id='word_1_67' title='bbox 966 1183 1293 1238; x_wconf 85' lang='lat' dir='ltr'><strong>incurrentia</strong></span> <span class='ocrx_word' id='word_1_68' title='bbox 1336 1182 1599 1249; x_wconf 85' lang='lat' dir='ltr'><strong>perirent,</strong></span> <span class='ocrx_word' id='word_1_69' title='bbox 1629 1190 1683 1232; x_wconf 89' lang='lat' dir='ltr'><strong>et</strong></span> <span class='ocrx_word' id='word_1_70' title='bbox 1717 1180 1849 1233; x_wconf 81' lang='lat' dir='ltr'><strong>defi-</strong></span> 
     </span>
    </p>
   </div>
   <div class='ocr_carea' id='block_1_12' title="bbox 278 1270 1849 1343">
    <p class='ocr_par' dir='ltr' id='par_1_12' title="bbox 278 1270 1849 1343">
     <span class='ocr_line' id='line_1_12' title="bbox 278 1270 1849 1343; baseline -0.005 -15"><span class='ocrx_word' id='word_1_71' title='bbox 278 1285 430 1328; x_wconf 86' lang='lat' dir='ltr'><strong>ceret</strong></span> <span class='ocrx_word' id='word_1_72' title='bbox 456 1290 643 1343; x_wconf 88' lang='lat' dir='ltr'><strong>genus,</strong></span> <span class='ocrx_word' id='word_1_73' title='bbox 681 1274 724 1325; x_wconf 92' lang='lat' dir='ltr'><strong>si</strong></span> <span class='ocrx_word' id='word_1_74' title='bbox 757 1274 827 1325; x_wconf 91' lang='lat' dir='ltr'><strong>ita</strong></span> <span class='ocrx_word' id='word_1_75' title='bbox 869 1272 1116 1342; x_wconf 89' lang='lat' dir='ltr'><strong>frigdore</strong></span> <span class='ocrx_word' id='word_1_76' title='bbox 1141 1272 1327 1341; x_wconf 75' lang='lat' dir='ltr'><strong>gelida:</strong></span> <span class='ocrx_word' id='word_1_77' title='bbox 1356 1271 1547 1324; x_wconf 88' lang='lat' dir='ltr'><strong>hiemis</strong></span> <span class='ocrx_word' id='word_1_78' title='bbox 1574 1270 1849 1324; x_wconf 89' lang='lat' dir='ltr'><strong>interﬁce-</strong></span> 
     </span>
    </p>
   </div>
   <div class='ocr_carea' id='block_1_13' title="bbox 279 1359 1850 1431">
    <p class='ocr_par' dir='ltr' id='par_1_13' title="bbox 279 1359 1850 1431">
     <span class='ocr_line' id='line_1_13' title="bbox 279 1359 1850 1431; baseline -0.004 -15"><span class='ocrx_word' id='word_1_79' title='bbox 279 1372 447 1416; x_wconf 83' lang='lat' dir='ltr'><strong>retur.</strong></span> <span class='ocrx_word' id='word_1_80' title='bbox 473 1363 576 1417; x_wconf 86' lang='lat' dir='ltr'><strong>Sed</strong></span> <span class='ocrx_word' id='word_1_81' title='bbox 611 1362 754 1431; x_wconf 80' lang='lat' dir='ltr'><strong>leges</strong></span> <span class='ocrx_word' id='word_1_82' title='bbox 781 1372 1013 1425; x_wconf 70' lang='lat' dir='ltr'><strong>statutae,</strong></span> <span class='ocrx_word' id='word_1_83' title='bbox 1040 1371 1095 1415; x_wconf 90' lang='lat' dir='ltr'><strong>et</strong></span> <span class='ocrx_word' id='word_1_84' title='bbox 1125 1363 1258 1415; x_wconf 89' lang='lat' dir='ltr'><strong>ﬁnes</strong></span> <span class='ocrx_word' id='word_1_85' title='bbox 1280 1371 1405 1414; x_wconf 91' lang='lat' dir='ltr'><strong>sunt</strong></span> <span class='ocrx_word' id='word_1_86' title='bbox 1428 1360 1611 1429; x_wconf 85' lang='lat' dir='ltr'><strong>positi,</strong></span> <span class='ocrx_word' id='word_1_87' title='bbox 1635 1359 1850 1428; x_wconf 90' lang='lat' dir='ltr'><strong>quando</strong></span> 
     </span>
    </p>
   </div>
   <div class='ocr_carea' id='block_1_14' title="bbox 282 1452 1849 1521">
    <p class='ocr_par' dir='ltr' id='par_1_14' title="bbox 282 1452 1849 1521">
     <span class='ocr_line' id='line_1_14' title="bbox 282 1452 1849 1521; baseline -0.004 -12"><span class='ocrx_word' id='word_1_88' title='bbox 282 1455 555 1509; x_wconf 84' lang='lat' dir='ltr'><strong>seminare</strong></span> <span class='ocrx_word' id='word_1_89' title='bbox 587 1456 865 1518; x_wconf 80' lang='lat' dir='ltr'><strong>deberent,</strong></span> <span class='ocrx_word' id='word_1_90' title='bbox 897 1464 953 1508; x_wconf 91' lang='lat' dir='ltr'><strong>et</strong></span> <span class='ocrx_word' id='word_1_91' title='bbox 985 1454 1201 1521; x_wconf 80' lang='lat' dir='ltr'><strong>quando</strong></span> <span class='ocrx_word' id='word_1_92' title='bbox 1247 1453 1483 1506; x_wconf 85' lang='lat' dir='ltr'><strong>fructum</strong></span> <span class='ocrx_word' id='word_1_93' title='bbox 1539 1452 1753 1504; x_wconf 66' lang='lat' dir='ltr'><strong>aﬂ‘erre.</strong></span> <span class='ocrx_word' id='word_1_94' title='bbox 1788 1452 1849 1503; x_wconf 83' lang='lat' dir='ltr'><strong>Et</strong></span> 
     </span>
    </p>
   </div>
   <div class='ocr_carea' id='block_1_15' title="bbox 281 1542 1850 1614">
    <p class='ocr_par' dir='ltr' id='par_1_15' title="bbox 281 1542 1850 1614">
     <span class='ocr_line' id='line_1_15' title="bbox 281 1542 1850 1614; baseline -0.004 -14"><span class='ocrx_word' id='word_1_95' title='bbox 281 1561 459 1614; x_wconf 87' lang='lat' dir='ltr'><strong>neque</strong></span> <span class='ocrx_word' id='word_1_96' title='bbox 493 1546 597 1599; x_wconf 85' lang='lat' dir='ltr'><strong>illis</strong></span> <span class='ocrx_word' id='word_1_97' title='bbox 621 1560 756 1613; x_wconf 91' lang='lat' dir='ltr'><strong>opus</strong></span> <span class='ocrx_word' id='word_1_98' title='bbox 810 1555 893 1599; x_wconf 90' lang='lat' dir='ltr'><strong>cst</strong></span> <span class='ocrx_word' id='word_1_99' title='bbox 941 1544 1256 1608; x_wconf 72' lang='lat' dir='ltr'><strong>obstetrice,</strong></span> <span class='ocrx_word' id='word_1_100' title='bbox 1290 1557 1465 1612; x_wconf 90' lang='lat' dir='ltr'><strong>neque</strong></span> <span class='ocrx_word' id='word_1_101' title='bbox 1496 1553 1613 1597; x_wconf 89' lang='lat' dir='ltr'><strong>arte</strong></span> <span class='ocrx_word' id='word_1_102' title='bbox 1664 1542 1850 1596; x_wconf 92' lang='lat' dir='ltr'><strong>istius-</strong></span> 
     </span>
    </p>
   </div>
   <div class='ocr_carea' id='block_1_16' title="bbox 283 1635 1850 1709">
    <p class='ocr_par' dir='ltr' id='par_1_16' title="bbox 283 1635 1850 1709">
     <span class='ocr_line' id='line_1_16' title="bbox 283 1635 1850 1709; baseline -0.004 -16"><span class='ocrx_word' id='word_1_103' title='bbox 283 1641 449 1704; x_wconf 87' lang='lat' dir='ltr'><strong>modi,</strong></span> <span class='ocrx_word' id='word_1_104' title='bbox 484 1655 657 1709; x_wconf 86' lang='lat' dir='ltr'><strong>neque</strong></span> <span class='ocrx_word' id='word_1_105' title='bbox 677 1650 735 1695; x_wconf 90' lang='lat' dir='ltr'><strong>ut</strong></span> <span class='ocrx_word' id='word_1_106' title='bbox 762 1641 919 1695; x_wconf 82' lang='lat' dir='ltr'><strong>cadat</strong></span> <span class='ocrx_word' id='word_1_107' title='bbox 943 1650 996 1692; x_wconf 92' lang='lat' dir='ltr'><strong>et</strong></span> <span class='ocrx_word' id='word_1_108' title='bbox 1022 1638 1199 1708; x_wconf 80' lang='lat' dir='ltr'><strong>jaceat</strong></span> <span class='ocrx_word' id='word_1_109' title='bbox 1228 1656 1241 1690; x_wconf 91' lang='lat'><strong>:</strong></span> <span class='ocrx_word' id='word_1_110' title='bbox 1276 1637 1368 1692; x_wconf 88' lang='lat' dir='ltr'><strong>sed</strong></span> <span class='ocrx_word' id='word_1_111' title='bbox 1401 1636 1580 1692; x_wconf 89' lang='lat' dir='ltr'><strong>statim</strong></span> <span class='ocrx_word' id='word_1_112' title='bbox 1607 1644 1665 1689; x_wconf 93' lang='lat' dir='ltr'><strong>ut</strong></span> <span class='ocrx_word' id='word_1_113' title='bbox 1693 1635 1850 1689; x_wconf 79' lang='lat' dir='ltr'><strong>enixa</strong></span> 
     </span>
    </p>
   </div>
   <div class='ocr_carea' id='block_1_17' title="bbox 284 1726 1849 1797">
    <p class='ocr_par' dir='ltr' id='par_1_17' title="bbox 284 1726 1849 1797">
     <span class='ocr_line' id='line_1_17' title="bbox 284 1726 1849 1797; baseline -0.006 -11"><span class='ocrx_word' id='word_1_114' title='bbox 284 1733 447 1787; x_wconf 91' lang='lat' dir='ltr'><strong>fuerit</strong></span> <span class='ocrx_word' id='word_1_115' title='bbox 471 1742 601 1797; x_wconf 85' lang='lat' dir='ltr'><strong>stat,</strong></span> <span class='ocrx_word' id='word_1_116' title='bbox 634 1732 817 1787; x_wconf 87' lang='lat' dir='ltr'><strong>statim</strong></span> <span class='ocrx_word' id='word_1_117' title='bbox 850 1741 907 1784; x_wconf 88' lang='lat' dir='ltr'><strong>ut</strong></span> <span class='ocrx_word' id='word_1_118' title='bbox 937 1740 1121 1782; x_wconf 87' lang='lat' dir='ltr'><strong>natum</strong></span> <span class='ocrx_word' id='word_1_119' title='bbox 1152 1728 1314 1782; x_wconf 89' lang='lat' dir='ltr'><strong>fuerit</strong></span> <span class='ocrx_word' id='word_1_120' title='bbox 1369 1743 1535 1795; x_wconf 90' lang='lat' dir='ltr'><strong>pecus</strong></span> <span class='ocrx_word' id='word_1_121' title='bbox 1588 1726 1849 1794; x_wconf 82' lang='lat' dir='ltr'><strong>exsurgit,</strong></span> 
     </span>
    </p>
   </div>
   <div class='ocr_carea' id='block_1_18' title="bbox 281 1819 1855 1895">
    <p class='ocr_par' dir='ltr' id='par_1_18' title="bbox 281 1819 1855 1895">
     <span class='ocr_line' id='line_1_18' title="bbox 281 1819 1855 1895; baseline -0.006 -16"><span class='ocrx_word' id='word_1_122' title='bbox 281 1835 336 1879; x_wconf 84' lang='lat' dir='ltr'><strong>et</strong></span> <span class='ocrx_word' id='word_1_123' title='bbox 362 1827 603 1895; x_wconf 83' lang='lat' dir='ltr'><strong>agnoscit</strong></span> <span class='ocrx_word' id='word_1_124' title='bbox 641 1824 1011 1880; x_wconf 86' lang='lat' dir='ltr'><strong>irrationabile</strong></span> <span class='ocrx_word' id='word_1_125' title='bbox 1055 1821 1255 1876; x_wconf 88' lang='lat' dir='ltr'><strong>animal</strong></span> <span class='ocrx_word' id='word_1_126' title='bbox 1291 1821 1433 1891; x_wconf 86' lang='lat' dir='ltr'><strong>quod</strong></span> <span class='ocrx_word' id='word_1_127' title='bbox 1485 1819 1646 1887; x_wconf 88' lang='lat' dir='ltr'><strong>ejecit</strong></span> <span class='ocrx_word' id='word_1_128' title='bbox 1673 1835 1701 1874; x_wconf 91' lang='lat' dir='ltr'><strong>e</strong></span> <span class='ocrx_word' id='word_1_129' title='bbox 1740 1835 1855 1871; x_wconf 86' lang='lat' dir='ltr'><strong>ma-</strong></span> 
     </span>
    </p>
   </div>
   <div class='ocr_carea' id='block_1_19' title="bbox 1949 633 3525 702">
    <p class='ocr_par' dir='ltr' id='par_1_19' title="bbox 1949 633 3525 702">
     <span class='ocr_line' id='line_1_19' title="bbox 1949 633 3525 702; baseline 0.003 -18"><span class='ocrx_word' id='word_1_130' title='bbox 1949 634 2087 698; x_wconf 83' lang='lat' dir='ltr'><strong>Quid</strong></span> <span class='ocrx_word' id='word_1_131' title='bbox 2116 641 2292 687; x_wconf 89' lang='lat' dir='ltr'><strong>autem</strong></span> <span class='ocrx_word' id='word_1_132' title='bbox 2319 633 2452 687; x_wconf 85' lang='lat' dir='ltr'><strong>dicis</strong></span> <span class='ocrx_word' id='word_1_133' title='bbox 2477 633 2602 701; x_wconf 87' lang='lat' dir='ltr'><strong>quia</strong></span> <span class='ocrx_word' id='word_1_134' title='bbox 2628 633 3045 702; x_wconf 82' lang='lat' dir='ltr'><strong>unumquodque</strong></span> <span class='ocrx_word' id='word_1_135' title='bbox 3078 633 3302 698; x_wconf 88' lang='lat' dir='ltr'><strong>animal,</strong></span> <span class='ocrx_word' id='word_1_136' title='bbox 3337 637 3525 690; x_wconf 89' lang='lat' dir='ltr'><strong>statim</strong></span> 
     </span>
    </p>
   </div>
   <div class='ocr_carea' id='block_1_20' title="bbox 1949 724 3518 798">
    <p class='ocr_par' dir='ltr' id='par_1_20' title="bbox 1949 724 3518 798">
     <span class='ocr_line' id='line_1_20' title="bbox 1949 724 3518 798; baseline 0.002 -20"><span class='ocrx_word' id='word_1_137' title='bbox 1949 736 2005 778; x_wconf 83' lang='grc' dir='ltr'><strong>ιιι</strong></span> <span class='ocrx_word' id='word_1_138' title='bbox 2040 735 2221 779; x_wconf 88' lang='lat' dir='ltr'><strong>natttm</strong></span> <span class='ocrx_word' id='word_1_139' title='bbox 2247 724 2428 790; x_wconf 90' lang='lat' dir='ltr'><strong>fuerit,</strong></span> <span class='ocrx_word' id='word_1_140' title='bbox 2462 733 2719 792; x_wconf 87' lang='lat' dir='ltr'><strong>quantum</strong></span> <span class='ocrx_word' id='word_1_141' title='bbox 2756 736 2838 780; x_wconf 90' lang='lat' dir='ltr'><strong>est</strong></span> <span class='ocrx_word' id='word_1_142' title='bbox 2866 736 3073 780; x_wconf 90' lang='lat' dir='ltr'><strong>tantum</strong></span> <span class='ocrx_word' id='word_1_143' title='bbox 3110 738 3211 787; x_wconf 87' lang='lat' dir='ltr'><strong>est,</strong></span> <span class='ocrx_word' id='word_1_144' title='bbox 3243 729 3518 798; x_wconf 77' lang='lat' dir='ltr'><strong>magnitu-</strong></span> 
     </span>
    </p>
   </div>
   <div class='ocr_carea' id='block_1_21' title="bbox 1951 814 3525 886">
    <p class='ocr_par' dir='ltr' id='par_1_21' title="bbox 1951 814 3525 886">
     <span class='ocr_line' id='line_1_21' title="bbox 1951 814 3525 886; baseline 0.003 -16"><span class='ocrx_word' id='word_1_145' title='bbox 1951 814 2076 870; x_wconf 87' lang='lat' dir='ltr'><strong>dine</strong></span> <span class='ocrx_word' id='word_1_146' title='bbox 2103 816 2246 878; x_wconf 89' lang='lat' dir='ltr'><strong>dico,</strong></span> <span class='ocrx_word' id='word_1_147' title='bbox 2280 817 2372 870; x_wconf 92' lang='lat' dir='ltr'><strong>sed</strong></span> <span class='ocrx_word' id='word_1_148' title='bbox 2402 817 2546 886; x_wconf 83' lang='lat' dir='ltr'><strong>quod</strong></span> <span class='ocrx_word' id='word_1_149' title='bbox 2575 819 2709 872; x_wconf 92' lang='lat' dir='ltr'><strong>nihil</strong></span> <span class='ocrx_word' id='word_1_150' title='bbox 2746 818 2988 886; x_wconf 74' lang='lat' dir='ltr'><strong>amplius</strong></span> <span class='ocrx_word' id='word_1_151' title='bbox 3012 820 3244 873; x_wconf 86' lang='lat' dir='ltr'><strong>assumit</strong></span> <span class='ocrx_word' id='word_1_152' title='bbox 3275 821 3339 873; x_wconf 86' lang='lat' dir='ltr'><strong>ad</strong></span> <span class='ocrx_word' id='word_1_153' title='bbox 3371 835 3525 875; x_wconf 88' lang='lat' dir='ltr'><strong>men-</strong></span> 
     </span>
    </p>
   </div>
   <div class='ocr_carea' id='block_1_22' title="bbox 1952 907 3521 981">
    <p class='ocr_par' dir='ltr' id='par_1_22' title="bbox 1952 907 3521 981">
     <span class='ocr_line' id='line_1_22' title="bbox 1952 907 3521 981; baseline 0.003 -19"><span class='ocrx_word' id='word_1_154' title='bbox 1952 916 2081 962; x_wconf 91' lang='lat' dir='ltr'><strong>tem.</strong></span> <span class='ocrx_word' id='word_1_155' title='bbox 2110 907 2282 961; x_wconf 89' lang='lat' dir='ltr'><strong>Habet</strong></span> <span class='ocrx_word' id='word_1_156' title='bbox 2302 908 2446 960; x_wconf 89' lang='lat' dir='ltr'><strong>enim</strong></span> <span class='ocrx_word' id='word_1_157' title='bbox 2476 908 2862 964; x_wconf 81' lang='lat' dir='ltr'><strong>sensibilitates</strong></span> <span class='ocrx_word' id='word_1_158' title='bbox 2895 926 3042 975; x_wconf 90' lang='lat' dir='ltr'><strong>suas,</strong></span> <span class='ocrx_word' id='word_1_159' title='bbox 3075 912 3236 965; x_wconf 85' lang='lat' dir='ltr'><strong>habet</strong></span> <span class='ocrx_word' id='word_1_160' title='bbox 3273 913 3521 981; x_wconf 81' lang='lat' dir='ltr'><strong>capillos;</strong></span> 
     </span>
    </p>
   </div>
   <div class='ocr_carea' id='block_1_23' title="bbox 1952 999 3519 1070">
    <p class='ocr_par' dir='ltr' id='par_1_23' title="bbox 1952 999 3519 1070">
     <span class='ocr_line' id='line_1_23' title="bbox 1952 999 3519 1070; baseline 0.002 -17"><span class='ocrx_word' id='word_1_161' title='bbox 1952 1010 2006 1053; x_wconf 90' lang='lat' dir='ltr'><strong>et</strong></span> <span class='ocrx_word' id='word_1_162' title='bbox 2037 999 2159 1067; x_wconf 91' lang='lat' dir='ltr'><strong>quia</strong></span> <span class='ocrx_word' id='word_1_163' title='bbox 2202 999 2335 1053; x_wconf 88' lang='lat' dir='ltr'><strong>nihil</strong></span> <span class='ocrx_word' id='word_1_164' title='bbox 2366 1001 2507 1064; x_wconf 88' lang='lat' dir='ltr'><strong>apud</strong></span> <span class='ocrx_word' id='word_1_165' title='bbox 2553 1015 2648 1053; x_wconf 90' lang='lat' dir='ltr'><strong>eos</strong></span> <span class='ocrx_word' id='word_1_166' title='bbox 2700 1002 2994 1070; x_wconf 89' lang='lat' dir='ltr'><strong>pretiosum</strong></span> <span class='ocrx_word' id='word_1_167' title='bbox 3032 1012 3136 1065; x_wconf 85' lang='lat' dir='ltr'><strong>est,</strong></span> <span class='ocrx_word' id='word_1_168' title='bbox 3196 1004 3315 1057; x_wconf 88' lang='lat' dir='ltr'><strong>ideo</strong></span> <span class='ocrx_word' id='word_1_169' title='bbox 3351 1013 3519 1058; x_wconf 91' lang='lat' dir='ltr'><strong>totum</strong></span> 
     </span>
    </p>
   </div>
   <div class='ocr_carea' id='block_1_24' title="bbox 1952 1091 3525 1149">
    <p class='ocr_par' dir='ltr' id='par_1_24' title="bbox 1952 1091 3525 1149">
     <span class='ocr_line' id='line_1_24' title="bbox 1952 1091 3525 1149; baseline 0.001 -4"><span class='ocrx_word' id='word_1_170' title='bbox 1952 1092 2135 1145; x_wconf 77' lang='lat' dir='ltr'><strong>Statim</strong></span> <span class='ocrx_word' id='word_1_171' title='bbox 2161 1091 2214 1144; x_wconf 92' lang='lat' dir='ltr'><strong>in</strong></span> <span class='ocrx_word' id='word_1_172' title='bbox 2239 1092 2316 1145; x_wconf 91' lang='lat' dir='ltr'><strong>eis</strong></span> <span class='ocrx_word' id='word_1_173' title='bbox 2339 1091 2564 1145; x_wconf 72' lang='lat' dir='ltr'><strong>effusum</strong></span> <span class='ocrx_word' id='word_1_174' title='bbox 2596 1100 2724 1147; x_wconf 89' lang='lat' dir='ltr'><strong>cst&#39;:</strong></span> <span class='ocrx_word' id='word_1_175' title='bbox 2758 1094 2898 1146; x_wconf 88' lang='lat' dir='ltr'><strong>sicut</strong></span> <span class='ocrx_word' id='word_1_176' title='bbox 2952 1104 3006 1147; x_wconf 89' lang='lat' dir='ltr'><strong>et</strong></span> <span class='ocrx_word' id='word_1_177' title='bbox 3054 1095 3407 1149; x_wconf 89' lang='lat' dir='ltr'><strong>infructuosis</strong></span> <span class='ocrx_word' id='word_1_178' title='bbox 3432 1110 3525 1147; x_wconf 83' lang='lat' dir='ltr'><strong>ar-</strong></span> 
     </span>
    </p>
   </div>
   <div class='ocr_carea' id='block_1_25' title="bbox 1952 1184 3525 1257">
    <p class='ocr_par' dir='ltr' id='par_1_25' title="bbox 1952 1184 3525 1257">
     <span class='ocr_line' id='line_1_25' title="bbox 1952 1184 3525 1257; baseline 0.002 -19"><span class='ocrx_word' id='word_1_179' title='bbox 1952 1185 2174 1239; x_wconf 86' lang='lat' dir='ltr'><strong>boribus</strong></span> <span class='ocrx_word' id='word_1_180' title='bbox 2208 1184 2388 1238; x_wconf 90' lang='lat' dir='ltr'><strong>statim</strong></span> <span class='ocrx_word' id='word_1_181' title='bbox 2410 1186 2762 1240; x_wconf 89' lang='lat' dir='ltr'><strong>concurritet</strong></span> <span class='ocrx_word' id='word_1_182' title='bbox 2788 1186 3079 1241; x_wconf 76' lang='lat' dir='ltr'><strong>effunditur</strong></span> <span class='ocrx_word' id='word_1_183' title='bbox 3110 1189 3439 1257; x_wconf 87' lang='lat' dir='ltr'><strong>magnitudo.</strong></span> <span class='ocrx_word' id='word_1_184' title='bbox 3470 1188 3525 1251; x_wconf 82' lang='lat' dir='ltr'><strong>In</strong></span> 
     </span>
    </p>
   </div>
   <div class='ocr_carea' id='block_1_26' title="bbox 1954 1275 3525 1349">
    <p class='ocr_par' dir='ltr' id='par_1_26' title="bbox 1954 1275 3525 1349">
     <span class='ocr_line' id='line_1_26' title="bbox 1954 1275 3525 1349; baseline 0.003 -20"><span class='ocrx_word' id='word_1_185' title='bbox 1954 1275 2249 1330; x_wconf 89' lang='lat' dir='ltr'><strong>fructiferis</strong></span> <span class='ocrx_word' id='word_1_186' title='bbox 2275 1284 2455 1329; x_wconf 89' lang='lat' dir='ltr'><strong>autem</strong></span> <span class='ocrx_word' id='word_1_187' title='bbox 2508 1277 2705 1332; x_wconf 89' lang='lat' dir='ltr'><strong>sensim</strong></span> <span class='ocrx_word' id='word_1_188' title='bbox 2760 1278 2977 1345; x_wconf 88' lang='lat' dir='ltr'><strong>proﬁcit</strong></span> <span class='ocrx_word' id='word_1_189' title='bbox 3032 1290 3400 1349; x_wconf 78' lang='lat' dir='ltr'><strong>augmentum.</strong></span> <span class='ocrx_word' id='word_1_190' title='bbox 3444 1278 3525 1334; x_wconf 84' lang='lat' dir='ltr'><strong>Ita</strong></span> 
     </span>
    </p>
   </div>
   <div class='ocr_carea' id='block_1_27' title="bbox 1953 1353 3520 1438">
    <p class='ocr_par' dir='ltr' id='par_1_27' title="bbox 1953 1353 3520 1438">
     <span class='ocr_line' id='line_1_27' title="bbox 1953 1353 3520 1438; baseline 0.004 -19"><span class='ocrx_word' id='word_1_191' title='bbox 1953 1377 2008 1419; x_wconf 93' lang='lat' dir='ltr'><strong>et</strong></span> <span class='ocrx_word' id='word_1_192' title='bbox 2048 1365 2477 1420; x_wconf 87' lang='lat' dir='ltr'><strong>rationabilibus</strong></span> <span class='ocrx_word' id='word_1_193' title='bbox 2509 1381 2613 1419; x_wconf 87' lang='lat' dir='ltr'><strong>non</strong></span> <span class='ocrx_word' id='word_1_194' title='bbox 2644 1369 2826 1420; x_wconf 88' lang='lat' dir='ltr'><strong>statim</strong></span> <span class='ocrx_word' id='word_1_195' title='bbox 2855 1368 3091 1423; x_wconf 88' lang='lat' dir='ltr'><strong>efﬁcitur</strong></span> <span class='ocrx_word' id='word_1_196' title='bbox 3121 1380 3176 1423; x_wconf 91' lang='lat' dir='ltr'><strong>ut</strong></span> <span class='ocrx_word' id='word_1_197' title='bbox 3231 1353 3520 1438; x_wconf 68' lang='lat' dir='ltr'><strong>crescant,</strong></span> 
     </span>
    </p>
   </div>
   <div class='ocr_carea' id='block_1_28' title="bbox 1954 1458 3533 1531">
    <p class='ocr_par' dir='ltr' id='par_1_28' title="bbox 1954 1458 3533 1531">
     <span class='ocr_line' id='line_1_28' title="bbox 1954 1458 3533 1531; baseline 0.005 -21"><span class='ocrx_word' id='word_1_198' title='bbox 1954 1473 2060 1510; x_wconf 90' lang='lat' dir='ltr'><strong>non</strong></span> <span class='ocrx_word' id='word_1_199' title='bbox 2089 1458 2269 1511; x_wconf 88' lang='lat' dir='ltr'><strong>statim</strong></span> <span class='ocrx_word' id='word_1_200' title='bbox 2294 1467 2496 1519; x_wconf 79' lang='lat' dir='ltr'><strong>Status,</strong></span> <span class='ocrx_word' id='word_1_201' title='bbox 2543 1474 2646 1512; x_wconf 92' lang='lat' dir='ltr'><strong>non</strong></span> <span class='ocrx_word' id='word_1_202' title='bbox 2685 1459 2868 1512; x_wconf 87' lang='lat' dir='ltr'><strong>statim</strong></span> <span class='ocrx_word' id='word_1_203' title='bbox 2921 1474 3067 1517; x_wconf 89' lang='lat' dir='ltr'><strong>esca.</strong></span> <span class='ocrx_word' id='word_1_204' title='bbox 3102 1460 3377 1531; x_wconf 87' lang='lat' dir='ltr'><strong>Siquidem</strong></span> <span class='ocrx_word' id='word_1_205' title='bbox 3425 1475 3533 1518; x_wconf 90' lang='lat' dir='ltr'><strong>nec</strong></span> 
     </span>
    </p>
   </div>
   <div class='ocr_carea' id='block_1_29' title="bbox 1954 1550 3530 1621">
    <p class='ocr_par' dir='ltr' id='par_1_29' title="bbox 1954 1550 3530 1621">
     <span class='ocr_line' id='line_1_29' title="bbox 1954 1550 3530 1621; baseline 0.002 -18"><span class='ocrx_word' id='word_1_206' title='bbox 1954 1550 2262 1619; x_wconf 72' lang='lat' dir='ltr'><strong>margarita:</strong></span> <span class='ocrx_word' id='word_1_207' title='bbox 2286 1551 2336 1604; x_wconf 93' lang='lat' dir='ltr'><strong>in</strong></span> <span class='ocrx_word' id='word_1_208' title='bbox 2371 1551 2509 1605; x_wconf 90' lang='lat' dir='ltr'><strong>facie</strong></span> <span class='ocrx_word' id='word_1_209' title='bbox 2537 1552 2884 1621; x_wconf 80' lang='lat' dir='ltr'><strong>reperiuntur</strong></span> <span class='ocrx_word' id='word_1_210' title='bbox 2908 1560 3104 1605; x_wconf 79' lang='lat' dir='ltr'><strong>terrae:</strong></span> <span class='ocrx_word' id='word_1_211' title='bbox 3138 1552 3233 1605; x_wconf 79' lang='lat' dir='ltr'><strong>sed</strong></span> <span class='ocrx_word' id='word_1_212' title='bbox 3264 1561 3383 1619; x_wconf 86' lang='lat' dir='ltr'><strong>post</strong></span> <span class='ocrx_word' id='word_1_213' title='bbox 3407 1562 3530 1606; x_wconf 87' lang='lat' dir='ltr'><strong>tan-</strong></span> 
     </span>
    </p>
   </div>
   <div class='ocr_carea' id='block_1_30' title="bbox 1956 1642 3531 1712">
    <p class='ocr_par' dir='ltr' id='par_1_30' title="bbox 1956 1642 3531 1712">
     <span class='ocr_line' id='line_1_30' title="bbox 1956 1642 3531 1712; baseline 0.002 -18"><span class='ocrx_word' id='word_1_214' title='bbox 1956 1652 2038 1695; x_wconf 90' lang='lat' dir='ltr'><strong>tas</strong></span> <span class='ocrx_word' id='word_1_215' title='bbox 2063 1642 2413 1696; x_wconf 86' lang='lat' dir='ltr'><strong>difﬁcultates</strong></span> <span class='ocrx_word' id='word_1_216' title='bbox 2437 1642 2579 1712; x_wconf 90' lang='lat' dir='ltr'><strong>quod</strong></span> <span class='ocrx_word' id='word_1_217' title='bbox 2622 1643 2924 1710; x_wconf 89' lang='lat' dir='ltr'><strong>pretiosum</strong></span> <span class='ocrx_word' id='word_1_218' title='bbox 2970 1652 3052 1697; x_wconf 88' lang='lat' dir='ltr'><strong>est</strong></span> <span class='ocrx_word' id='word_1_219' title='bbox 3097 1643 3392 1697; x_wconf 79' lang='lat' dir='ltr'><strong>invenitur.</strong></span> <span class='ocrx_word' id='word_1_220' title='bbox 3422 1642 3531 1697; x_wconf 80' lang='lat' dir='ltr'><strong>Ta-</strong></span> 
     </span>
    </p>
   </div>
   <div class='ocr_carea' id='block_1_31' title="bbox 1956 1734 3526 1805">
    <p class='ocr_par' dir='ltr' id='par_1_31' title="bbox 1956 1734 3526 1805">
     <span class='ocr_line' id='line_1_31' title="bbox 1956 1734 3526 1805; baseline 0.001 -16"><span class='ocrx_word' id='word_1_221' title='bbox 1956 1750 2076 1789; x_wconf 91' lang='lat' dir='ltr'><strong>men</strong></span> <span class='ocrx_word' id='word_1_222' title='bbox 2111 1734 2248 1803; x_wconf 89' lang='lat' dir='ltr'><strong>quod</strong></span> <span class='ocrx_word' id='word_1_223' title='bbox 2280 1744 2537 1804; x_wconf 82' lang='lat' dir='ltr'><strong>properat</strong></span> <span class='ocrx_word' id='word_1_224' title='bbox 2566 1748 2747 1788; x_wconf 91' lang='lat' dir='ltr'><strong>sermo</strong></span> <span class='ocrx_word' id='word_1_225' title='bbox 2774 1736 2838 1787; x_wconf 89' lang='lat' dir='ltr'><strong>ad</strong></span> <span class='ocrx_word' id='word_1_226' title='bbox 2893 1735 3241 1805; x_wconf 65' lang='lat' dir='ltr'><strong>semetipsum</strong></span> <span class='ocrx_word' id='word_1_227' title='bbox 3293 1735 3526 1791; x_wconf 86' lang='lat' dir='ltr'><strong>dicimus</strong></span> 
     </span>
    </p>
   </div>
   <div class='ocr_carea' id='block_1_32' title="bbox 1957 1825 3529 1893">
    <p class='ocr_par' dir='ltr' id='par_1_32' title="bbox 1957 1825 3529 1893">
     <span class='ocr_line' id='line_1_32' title="bbox 1957 1825 3529 1893; baseline 0.004 -18"><span class='ocrx_word' id='word_1_228' title='bbox 1957 1825 2080 1892; x_wconf 89' lang='lat' dir='ltr'><strong>quia</strong></span> <span class='ocrx_word' id='word_1_229' title='bbox 2114 1840 2289 1893; x_wconf 83' lang='lat' dir='ltr'><strong>neque</strong></span> <span class='ocrx_word' id='word_1_230' title='bbox 2315 1825 2797 1879; x_wconf 88' lang='lat' dir='ltr'><strong>irrationabilibus.</strong></span> <span class='ocrx_word' id='word_1_231' title='bbox 2824 1825 2880 1880; x_wconf 90' lang='lat' dir='ltr'><strong>Si</strong></span> <span class='ocrx_word' id='word_1_232' title='bbox 2920 1827 3063 1880; x_wconf 90' lang='lat' dir='ltr'><strong>enim</strong></span> <span class='ocrx_word' id='word_1_233' title='bbox 3102 1838 3349 1891; x_wconf 84' lang='lat' dir='ltr'><strong>nossent,</strong></span> <span class='ocrx_word' id='word_1_234' title='bbox 3389 1827 3529 1883; x_wconf 78' lang='lat' dir='ltr'><strong>forte</strong></span> 
     </span>
    </p>
   </div>
   <div class='ocr_carea' id='block_1_33' title="bbox 284 1906 3523 1987">
    <p class='ocr_par' dir='ltr' id='par_1_33' title="bbox 284 1906 3523 1987">
     <span class='ocr_line' id='line_1_33' title="bbox 284 1906 3523 1987; baseline -0.003 -6"><span class='ocrx_word' id='word_1_235' title='bbox 284 1918 438 1981; x_wconf 71' lang='grc' dir='ltr'><strong>ιτίοθ,</strong></span> <span class='ocrx_word' id='word_1_236' title='bbox 468 1917 681 1985; x_wconf 77' lang='lat' dir='ltr'><strong>etquod</strong></span> <span class='ocrx_word' id='word_1_237' title='bbox 709 1931 811 1968; x_wconf 81' lang='grc' dir='ltr'><strong>ηοη</strong></span> <span class='ocrx_word' id='word_1_238' title='bbox 839 1915 1048 1968; x_wconf 62' lang='lat' dir='ltr'><strong>Viderat</strong></span> <span class='ocrx_word' id='word_1_239' title='bbox 1077 1923 1136 1966; x_wconf 76' lang='grc' dir='ltr'><strong>υῐ</strong></span> <span class='ocrx_word' id='word_1_240' title='bbox 1170 1913 1348 1967; x_wconf 74' lang='lat' dir='ltr'><strong>SCienS</strong></span> <span class='ocrx_word' id='word_1_241' title='bbox 1379 1921 1551 1965; x_wconf 64' lang='lat' dir='ltr'><strong>mater</strong></span> <span class='ocrx_word' id='word_1_242' title='bbox 1582 1909 1851 1980; x_wconf 71' lang='lat' dir='ltr'><strong>agnOSCil.</strong></span> <span class='ocrx_word' id='word_1_243' title='bbox 1886 1906 1928 1959; x_wconf 80' lang='grc' dir='ltr'><strong>Β</strong></span> <span class='ocrx_word' id='word_1_244' title='bbox 1958 1916 2173 1983; x_wconf 83' lang='lat' dir='ltr'><strong>quidam</strong></span> <span class='ocrx_word' id='word_1_245' title='bbox 2206 1931 2369 1969; x_wconf 90' lang='lat' dir='ltr'><strong>ausus</strong></span> <span class='ocrx_word' id='word_1_246' title='bbox 2396 1915 2606 1982; x_wconf 86' lang='lat' dir='ltr'><strong>fuisset,</strong></span> <span class='ocrx_word' id='word_1_247' title='bbox 2641 1928 2695 1971; x_wconf 91' lang='lat' dir='ltr'><strong>et</strong></span> <span class='ocrx_word' id='word_1_248' title='bbox 2715 1918 2922 1971; x_wconf 85' lang='lat' dir='ltr'><strong>diceret</strong></span> <span class='ocrx_word' id='word_1_249' title='bbox 2954 1918 3195 1985; x_wconf 91' lang='lat' dir='ltr'><strong>ipsorum</strong></span> <span class='ocrx_word' id='word_1_250' title='bbox 3229 1934 3349 1973; x_wconf 89' lang='lat' dir='ltr'><strong>esse</strong></span> <span class='ocrx_word' id='word_1_251' title='bbox 3370 1934 3523 1987; x_wconf 80' lang='lat' dir='ltr'><strong>opus.</strong></span> 
     </span>
    </p>
   </div>
   <div class='ocr_carea' id='block_1_34' title="bbox 281 2003 1848 2079">
    <p class='ocr_par' dir='ltr' id='par_1_34' title="bbox 281 2003 1848 2079">
     <span class='ocr_line' id='line_1_34' title="bbox 281 2003 1848 2079; baseline -0.006 -15"><span class='ocrx_word' id='word_1_252' title='bbox 281 2020 337 2064; x_wconf 91' lang='lat' dir='ltr'><strong>et</strong></span> <span class='ocrx_word' id='word_1_253' title='bbox 360 2010 639 2079; x_wconf 83' lang='lat' dir='ltr'><strong>progenies</strong></span> <span class='ocrx_word' id='word_1_254' title='bbox 665 2009 728 2062; x_wconf 91' lang='lat' dir='ltr'><strong>ad</strong></span> <span class='ocrx_word' id='word_1_255' title='bbox 763 2018 985 2060; x_wconf 81' lang='lat' dir='ltr'><strong>matrem</strong></span> <span class='ocrx_word' id='word_1_256' title='bbox 1005 2007 1342 2060; x_wconf 85' lang='lat' dir='ltr'><strong>convertitur</strong></span> <span class='ocrx_word' id='word_1_257' title='bbox 1363 2010 1522 2073; x_wconf 84' lang='lat' dir='ltr'><strong>quam</strong></span> <span class='ocrx_word' id='word_1_258' title='bbox 1554 2003 1848 2057; x_wconf 88' lang='lat' dir='ltr'><strong>nesciebat.</strong></span> 
     </span>
    </p>
   </div>
   <div class='ocr_carea' id='block_1_35' title="bbox 282 2094 1851 2171">
    <p class='ocr_par' dir='ltr' id='par_1_35' title="bbox 282 2094 1851 2171">
     <span class='ocr_line' id='line_1_35' title="bbox 282 2094 1851 2171; baseline -0.005 -16"><span class='ocrx_word' id='word_1_259' title='bbox 282 2101 349 2155; x_wconf 85' lang='lat' dir='ltr'><strong>Et</strong></span> <span class='ocrx_word' id='word_1_260' title='bbox 388 2118 508 2154; x_wconf 90' lang='lat' dir='ltr'><strong>cum</strong></span> <span class='ocrx_word' id='word_1_261' title='bbox 534 2101 715 2153; x_wconf 90' lang='lat' dir='ltr'><strong>adsint</strong></span> <span class='ocrx_word' id='word_1_262' title='bbox 745 2099 855 2171; x_wconf 81' lang='lat'><strong>(55)</strong></span> <span class='ocrx_word' id='word_1_263' title='bbox 891 2100 1057 2168; x_wconf 90' lang='lat' dir='ltr'><strong>ipsius</strong></span> <span class='ocrx_word' id='word_1_264' title='bbox 1091 2098 1305 2165; x_wconf 82' lang='lat' dir='ltr'><strong>generis</strong></span> <span class='ocrx_word' id='word_1_265' title='bbox 1334 2099 1445 2161; x_wconf 88' lang='lat' dir='ltr'><strong>alii,</strong></span> <span class='ocrx_word' id='word_1_266' title='bbox 1481 2112 1588 2150; x_wconf 92' lang='lat' dir='ltr'><strong>non</strong></span> <span class='ocrx_word' id='word_1_267' title='bbox 1618 2104 1736 2151; x_wconf 90' lang='lat' dir='ltr'><strong>erat</strong></span> <span class='ocrx_word' id='word_1_268' title='bbox 1775 2094 1851 2147; x_wconf 88' lang='lat' dir='ltr'><strong>ir-</strong></span> 
     </span>
    </p>
   </div>
   <div class='ocr_carea' id='block_1_36' title="bbox 283 2190 1850 2261">
    <p class='ocr_par' dir='ltr' id='par_1_36' title="bbox 283 2190 1850 2261">
     <span class='ocr_line' id='line_1_36' title="bbox 283 2190 1850 2261; baseline -0.005 -15"><span class='ocrx_word' id='word_1_269' title='bbox 283 2194 619 2249; x_wconf 82' lang='lat' dir='ltr'><strong>rationabilis</strong></span> <span class='ocrx_word' id='word_1_270' title='bbox 642 2194 706 2246; x_wconf 90' lang='lat' dir='ltr'><strong>ad</strong></span> <span class='ocrx_word' id='word_1_271' title='bbox 732 2193 1022 2258; x_wconf 90' lang='lat' dir='ltr'><strong>modicum,</strong></span> <span class='ocrx_word' id='word_1_272' title='bbox 1044 2201 1096 2247; x_wconf 89' lang='lat' dir='ltr'><strong>et</strong></span> <span class='ocrx_word' id='word_1_273' title='bbox 1120 2192 1302 2247; x_wconf 86' lang='lat' dir='ltr'><strong>statim</strong></span> <span class='ocrx_word' id='word_1_274' title='bbox 1330 2190 1577 2261; x_wconf 82' lang='lat' dir='ltr'><strong>agnoscit</strong></span> <span class='ocrx_word' id='word_1_275' title='bbox 1600 2198 1850 2243; x_wconf 90' lang='lat' dir='ltr'><strong>matrem.</strong></span> 
     </span>
    </p>
   </div>
   <div class='ocr_carea' id='block_1_37' title="bbox 283 2280 1851 2356">
    <p class='ocr_par' dir='ltr' id='par_1_37' title="bbox 283 2280 1851 2356">
     <span class='ocr_line' id='line_1_37' title="bbox 283 2280 1851 2356; baseline -0.008 -15"><span class='ocrx_word' id='word_1_276' title='bbox 283 2286 544 2356; x_wconf 77' lang='lat' dir='ltr'><strong>Agnoscit</strong></span> <span class='ocrx_word' id='word_1_277' title='bbox 572 2295 748 2339; x_wconf 91' lang='lat' dir='ltr'><strong>autem</strong></span> <span class='ocrx_word' id='word_1_278' title='bbox 784 2295 838 2339; x_wconf 92' lang='lat' dir='ltr'><strong>et</strong></span> <span class='ocrx_word' id='word_1_279' title='bbox 871 2284 952 2338; x_wconf 89' lang='lat' dir='ltr'><strong>sui</strong></span> <span class='ocrx_word' id='word_1_280' title='bbox 987 2284 1201 2353; x_wconf 78' lang='lat' dir='ltr'><strong>generis</strong></span> <span class='ocrx_word' id='word_1_281' title='bbox 1236 2302 1249 2337; x_wconf 91' lang='lat'><strong>:</strong></span> <span class='ocrx_word' id='word_1_282' title='bbox 1286 2299 1395 2337; x_wconf 91' lang='lat' dir='ltr'><strong>non</strong></span> <span class='ocrx_word' id='word_1_283' title='bbox 1429 2284 1643 2353; x_wconf 84' lang='lat' dir='ltr'><strong>ignorat</strong></span> <span class='ocrx_word' id='word_1_284' title='bbox 1687 2280 1851 2332; x_wconf 88' lang='lat' dir='ltr'><strong>etiam</strong></span> 
     </span>
    </p>
   </div>
   <div class='ocr_carea' id='block_1_38' title="bbox 284 2369 1852 2445">
    <p class='ocr_par' dir='ltr' id='par_1_38' title="bbox 284 2369 1852 2445">
     <span class='ocr_line' id='line_1_38' title="bbox 284 2369 1852 2445; baseline -0.006 -15"><span class='ocrx_word' id='word_1_285' title='bbox 284 2383 340 2431; x_wconf 91' lang='lat' dir='ltr'><strong>et</strong></span> <span class='ocrx_word' id='word_1_286' title='bbox 365 2392 484 2445; x_wconf 64' lang='lat' dir='ltr'><strong>qua!</strong></span> <span class='ocrx_word' id='word_1_287' title='bbox 514 2376 613 2429; x_wconf 84' lang='lat' dir='ltr'><strong>sibi</strong></span> <span class='ocrx_word' id='word_1_288' title='bbox 647 2375 869 2429; x_wconf 83' lang='lat' dir='ltr'><strong>adversa</strong></span> <span class='ocrx_word' id='word_1_289' title='bbox 905 2384 1050 2428; x_wconf 89' lang='lat' dir='ltr'><strong>sunt.</strong></span> <span class='ocrx_word' id='word_1_290' title='bbox 1107 2374 1453 2443; x_wconf 88' lang='lat' dir='ltr'><strong>Accipiamus</strong></span> <span class='ocrx_word' id='word_1_291' title='bbox 1498 2372 1643 2425; x_wconf 89' lang='lat' dir='ltr'><strong>enim</strong></span> <span class='ocrx_word' id='word_1_292' title='bbox 1679 2369 1852 2437; x_wconf 89' lang='lat' dir='ltr'><strong>gratia</strong></span> 
     </span>
    </p>
   </div>
   <div class='ocr_carea' id='block_1_39' title="bbox 284 2459 1857 2535">
    <p class='ocr_par' dir='ltr' id='par_1_39' title="bbox 284 2459 1857 2535">
     <span class='ocr_line' id='line_1_39' title="bbox 284 2459 1857 2535; baseline -0.007 -14"><span class='ocrx_word' id='word_1_293' title='bbox 284 2466 705 2535; x_wconf 86' lang='lat' dir='ltr'><strong>comparationis</strong></span> <span class='ocrx_word' id='word_1_294' title='bbox 732 2480 894 2517; x_wconf 89' lang='lat' dir='ltr'><strong>unum</strong></span> <span class='ocrx_word' id='word_1_295' title='bbox 921 2478 988 2516; x_wconf 67' lang='lat' dir='ltr'><strong>et</strong></span> <span class='ocrx_word' id='word_1_296' title='bbox 1020 2464 1126 2530; x_wconf 86' lang='lat' dir='ltr'><strong>his,</strong></span> <span class='ocrx_word' id='word_1_297' title='bbox 1155 2474 1209 2517; x_wconf 91' lang='lat' dir='ltr'><strong>et</strong></span> <span class='ocrx_word' id='word_1_298' title='bbox 1238 2464 1540 2517; x_wconf 85' lang='lat' dir='ltr'><strong>videamus.</strong></span> <span class='ocrx_word' id='word_1_299' title='bbox 1577 2459 1734 2514; x_wconf 88' lang='lat' dir='ltr'><strong>Cervi</strong></span> <span class='ocrx_word' id='word_1_300' title='bbox 1760 2472 1857 2513; x_wconf 85' lang='lat' dir='ltr'><strong>ca-</strong></span> 
     </span>
    </p>
   </div>
   <div class='ocr_carea' id='block_1_40' title="bbox 288 2555 1857 2631">
    <p class='ocr_par' dir='ltr' id='par_1_40' title="bbox 288 2555 1857 2631">
     <span class='ocr_line' id='line_1_40' title="bbox 288 2555 1857 2631; baseline -0.007 -17"><span class='ocrx_word' id='word_1_301' title='bbox 288 2561 506 2631; x_wconf 84' lang='lat' dir='ltr'><strong>preolus</strong></span> <span class='ocrx_word' id='word_1_302' title='bbox 540 2560 721 2613; x_wconf 89' lang='lat' dir='ltr'><strong>statim</strong></span> <span class='ocrx_word' id='word_1_303' title='bbox 752 2568 809 2612; x_wconf 91' lang='lat' dir='ltr'><strong>ut</strong></span> <span class='ocrx_word' id='word_1_304' title='bbox 842 2566 996 2611; x_wconf 87' lang='lat' dir='ltr'><strong>natus</strong></span> <span class='ocrx_word' id='word_1_305' title='bbox 1027 2558 1191 2611; x_wconf 87' lang='lat' dir='ltr'><strong>fuerit</strong></span> <span class='ocrx_word' id='word_1_306' title='bbox 1217 2556 1388 2610; x_wconf 91' lang='lat' dir='ltr'><strong>currit</strong></span> <span class='ocrx_word' id='word_1_307' title='bbox 1416 2555 1480 2608; x_wconf 90' lang='lat' dir='ltr'><strong>ad</strong></span> <span class='ocrx_word' id='word_1_308' title='bbox 1516 2563 1767 2616; x_wconf 85' lang='lat' dir='ltr'><strong>matrem,</strong></span> <span class='ocrx_word' id='word_1_309' title='bbox 1801 2559 1857 2604; x_wconf 90' lang='lat' dir='ltr'><strong>et</strong></span> 
     </span>
    </p>
   </div>
   <div class='ocr_carea' id='block_1_41' title="bbox 288 2647 1853 2720">
    <p class='ocr_par' dir='ltr' id='par_1_41' title="bbox 288 2647 1853 2720">
     <span class='ocr_line' id='line_1_41' title="bbox 288 2647 1853 2720; baseline -0.002 -20"><span class='ocrx_word' id='word_1_310' title='bbox 288 2651 610 2720; x_wconf 75' lang='lat' dir='ltr'><strong>qnzet&#39;itnou</strong></span> <span class='ocrx_word' id='word_1_311' title='bbox 662 2652 798 2705; x_wconf 89' lang='lat' dir='ltr'><strong>unde</strong></span> <span class='ocrx_word' id='word_1_312' title='bbox 822 2649 1167 2719; x_wconf 86' lang='lat' dir='ltr'><strong>processerit,</strong></span> <span class='ocrx_word' id='word_1_313' title='bbox 1224 2647 1319 2702; x_wconf 86' lang='lat' dir='ltr'><strong>sed</strong></span> <span class='ocrx_word' id='word_1_314' title='bbox 1378 2647 1519 2701; x_wconf 88' lang='lat' dir='ltr'><strong>unde</strong></span> <span class='ocrx_word' id='word_1_315' title='bbox 1573 2654 1853 2713; x_wconf 86' lang='lat' dir='ltr'><strong>pascatur.</strong></span> 
     </span>
    </p>
   </div>
   <div class='ocr_carea' id='block_1_42' title="bbox 286 2733 1855 2807">
    <p class='ocr_par' dir='ltr' id='par_1_42' title="bbox 286 2733 1855 2807">
     <span class='ocr_line' id='line_1_42' title="bbox 286 2733 1855 2807; baseline -0.006 -13"><span class='ocrx_word' id='word_1_316' title='bbox 286 2741 379 2794; x_wconf 86' lang='lat' dir='ltr'><strong>Illa</strong></span> <span class='ocrx_word' id='word_1_317' title='bbox 412 2751 585 2795; x_wconf 89' lang='lat' dir='ltr'><strong>autem</strong></span> <span class='ocrx_word' id='word_1_318' title='bbox 629 2756 745 2807; x_wconf 77' lang='lat' dir='ltr'><strong>qua:</strong></span> <span class='ocrx_word' id='word_1_319' title='bbox 777 2752 933 2794; x_wconf 89' lang='lat' dir='ltr'><strong>antea</strong></span> <span class='ocrx_word' id='word_1_320' title='bbox 959 2754 1065 2792; x_wconf 90' lang='lat' dir='ltr'><strong>non</strong></span> <span class='ocrx_word' id='word_1_321' title='bbox 1104 2738 1323 2793; x_wconf 89' lang='lat' dir='ltr'><strong>dederat</strong></span> <span class='ocrx_word' id='word_1_322' title='bbox 1344 2733 1658 2799; x_wconf 87' lang='lat' dir='ltr'><strong>mamillam,</strong></span> <span class='ocrx_word' id='word_1_323' title='bbox 1689 2747 1855 2802; x_wconf 89' lang='lat' dir='ltr'><strong>agno-</strong></span> 
     </span>
    </p>
   </div>
   <div class='ocr_carea' id='block_1_43' title="bbox 290 2832 1857 2901">
    <p class='ocr_par' dir='ltr' id='par_1_43' title="bbox 290 2832 1857 2901">
     <span class='ocr_line' id='line_1_43' title="bbox 290 2832 1857 2901; baseline -0.007 -12"><span class='ocrx_word' id='word_1_324' title='bbox 290 2834 396 2889; x_wconf 85' lang='lat' dir='ltr'><strong>scit</strong></span> <span class='ocrx_word' id='word_1_325' title='bbox 424 2834 538 2901; x_wconf 88' lang='lat' dir='ltr'><strong>ejus</strong></span> <span class='ocrx_word' id='word_1_326' title='bbox 562 2834 651 2901; x_wconf 89' lang='lat' dir='ltr'><strong>qui</strong></span> <span class='ocrx_word' id='word_1_327' title='bbox 694 2842 852 2886; x_wconf 89' lang='lat' dir='ltr'><strong>natus</strong></span> <span class='ocrx_word' id='word_1_328' title='bbox 883 2843 962 2887; x_wconf 86' lang='lat' dir='ltr'><strong>est</strong></span> <span class='ocrx_word' id='word_1_329' title='bbox 990 2832 1325 2886; x_wconf 84' lang='lat' dir='ltr'><strong>alacritatem</strong></span> <span class='ocrx_word' id='word_1_330' title='bbox 1349 2869 1365 2895; x_wconf 94' lang='lat'><strong>,</strong></span> <span class='ocrx_word' id='word_1_331' title='bbox 1415 2838 1470 2883; x_wconf 91' lang='lat' dir='ltr'><strong>et</strong></span> <span class='ocrx_word' id='word_1_332' title='bbox 1524 2835 1675 2896; x_wconf 89' lang='lat' dir='ltr'><strong>aptat</strong></span> <span class='ocrx_word' id='word_1_333' title='bbox 1727 2832 1857 2878; x_wconf 91' lang='lat' dir='ltr'><strong>nato</strong></span> 
     </span>
    </p>
   </div>
   <div class='ocr_carea' id='block_1_44' title="bbox 289 2918 1859 2994">
    <p class='ocr_par' dir='ltr' id='par_1_44' title="bbox 289 2918 1859 2994">
     <span class='ocr_line' id='line_1_44' title="bbox 289 2918 1859 2994; baseline -0.007 -14"><span class='ocrx_word' id='word_1_334' title='bbox 289 2937 597 2980; x_wconf 87' lang='lat' dir='ltr'><strong>mensuram</strong></span> <span class='ocrx_word' id='word_1_335' title='bbox 620 2923 814 2977; x_wconf 89' lang='lat' dir='ltr'><strong>volenti</strong></span> <span class='ocrx_word' id='word_1_336' title='bbox 840 2923 1153 2994; x_wconf 88' lang='lat' dir='ltr'><strong>contingere</strong></span> <span class='ocrx_word' id='word_1_337' title='bbox 1177 2930 1234 2975; x_wconf 91' lang='lat' dir='ltr'><strong>ut</strong></span> <span class='ocrx_word' id='word_1_338' title='bbox 1262 2921 1557 2990; x_wconf 88' lang='lat' dir='ltr'><strong>pertingat,</strong></span> <span class='ocrx_word' id='word_1_339' title='bbox 1583 2918 1741 2971; x_wconf 87' lang='lat' dir='ltr'><strong>matri</strong></span> <span class='ocrx_word' id='word_1_340' title='bbox 1763 2933 1859 2970; x_wconf 81' lang='lat' dir='ltr'><strong>au-</strong></span> 
     </span>
    </p>
   </div>
   <div class='ocr_carea' id='block_1_45' title="bbox 290 3010 1857 3085">
    <p class='ocr_par' dir='ltr' id='par_1_45' title="bbox 290 3010 1857 3085">
     <span class='ocr_line' id='line_1_45' title="bbox 290 3010 1857 3085; baseline -0.004 -14"><span class='ocrx_word' id='word_1_341' title='bbox 290 3026 397 3071; x_wconf 90' lang='lat' dir='ltr'><strong>tem</strong></span> <span class='ocrx_word' id='word_1_342' title='bbox 429 3031 548 3085; x_wconf 71' lang='lat' dir='ltr'><strong>qua:</strong></span> <span class='ocrx_word' id='word_1_343' title='bbox 578 3015 776 3085; x_wconf 63' lang='lat' dir='ltr'><strong>praebet</strong></span> <span class='ocrx_word' id='word_1_344' title='bbox 807 3023 864 3067; x_wconf 91' lang='lat' dir='ltr'><strong>ut</strong></span> <span class='ocrx_word' id='word_1_345' title='bbox 891 3014 1150 3083; x_wconf 90' lang='lat' dir='ltr'><strong>suscipiat</strong></span> <span class='ocrx_word' id='word_1_346' title='bbox 1179 3024 1233 3066; x_wconf 90' lang='lat' dir='ltr'><strong>et</strong></span> <span class='ocrx_word' id='word_1_347' title='bbox 1268 3021 1475 3083; x_wconf 82' lang='lat' dir='ltr'><strong>pascat.</strong></span> <span class='ocrx_word' id='word_1_348' title='bbox 1526 3010 1635 3065; x_wconf 83' lang='lat' dir='ltr'><strong>Cur</strong></span> <span class='ocrx_word' id='word_1_349' title='bbox 1677 3020 1857 3065; x_wconf 90' lang='lat' dir='ltr'><strong>autem</strong></span> 
     </span>
    </p>
   </div>
   <div class='ocr_carea' id='block_1_46' title="bbox 289 3101 1856 3172">
    <p class='ocr_par' dir='ltr' id='par_1_46' title="bbox 289 3101 1856 3172">
     <span class='ocr_line' id='line_1_46' title="bbox 289 3101 1856 3172; baseline -0.004 -12"><span class='ocrx_word' id='word_1_350' title='bbox 289 3120 398 3160; x_wconf 88' lang='lat' dir='ltr'><strong>non</strong></span> <span class='ocrx_word' id='word_1_351' title='bbox 428 3106 557 3160; x_wconf 88' lang='lat' dir='ltr'><strong>abiit</strong></span> <span class='ocrx_word' id='word_1_352' title='bbox 592 3105 657 3158; x_wconf 89' lang='lat' dir='ltr'><strong>ad</strong></span> <span class='ocrx_word' id='word_1_353' title='bbox 696 3105 857 3157; x_wconf 86' lang='lat' dir='ltr'><strong>aliam</strong></span> <span class='ocrx_word' id='word_1_354' title='bbox 887 3104 1152 3159; x_wconf 86' lang='lat' dir='ltr'><strong>similem?</strong></span> <span class='ocrx_word' id='word_1_355' title='bbox 1179 3103 1289 3158; x_wconf 88' lang='lat' dir='ltr'><strong>Cur</strong></span> <span class='ocrx_word' id='word_1_356' title='bbox 1323 3104 1493 3172; x_wconf 86' lang='lat' dir='ltr'><strong>ipsius</strong></span> <span class='ocrx_word' id='word_1_357' title='bbox 1518 3114 1727 3157; x_wconf 72' lang='lat' dir='ltr'><strong>natura:</strong></span> <span class='ocrx_word' id='word_1_358' title='bbox 1752 3101 1856 3155; x_wconf 90' lang='lat' dir='ltr'><strong>alia</strong></span> 
     </span>
    </p>
   </div>
   <div class='ocr_carea' id='block_1_47' title="bbox 289 3194 1859 3266">
    <p class='ocr_par' dir='ltr' id='par_1_47' title="bbox 289 3194 1859 3266">
     <span class='ocr_line' id='line_1_47' title="bbox 289 3194 1859 3266; baseline -0.003 -15"><span class='ocrx_word' id='word_1_359' title='bbox 289 3210 399 3251; x_wconf 90' lang='lat' dir='ltr'><strong>non</strong></span> <span class='ocrx_word' id='word_1_360' title='bbox 437 3195 705 3264; x_wconf 79' lang='lat' dir='ltr'><strong>suscepit?</strong></span> <span class='ocrx_word' id='word_1_361' title='bbox 734 3195 842 3249; x_wconf 90' lang='lat' dir='ltr'><strong>Cur</strong></span> <span class='ocrx_word' id='word_1_362' title='bbox 872 3211 976 3249; x_wconf 90' lang='lat' dir='ltr'><strong>non</strong></span> <span class='ocrx_word' id='word_1_363' title='bbox 1009 3198 1075 3250; x_wconf 90' lang='lat' dir='ltr'><strong>ad</strong></span> <span class='ocrx_word' id='word_1_364' title='bbox 1102 3213 1163 3252; x_wconf 90' lang='lat' dir='ltr'><strong>os</strong></span> <span class='ocrx_word' id='word_1_365' title='bbox 1198 3196 1368 3266; x_wconf 88' lang='lat' dir='ltr'><strong>patris</strong></span> <span class='ocrx_word' id='word_1_366' title='bbox 1428 3194 1720 3263; x_wconf 82' lang='lat' dir='ltr'><strong>perrexit?</strong></span> <span class='ocrx_word' id='word_1_367' title='bbox 1760 3207 1859 3247; x_wconf 88' lang='lat' dir='ltr'><strong>cur</strong></span> 
     </span>
    </p>
   </div>
   <div class='ocr_carea' id='block_1_48' title="bbox 293 3269 1932 3354">
    <p class='ocr_par' dir='ltr' id='par_1_48' title="bbox 293 3269 1932 3354">
     <span class='ocr_line' id='line_1_48' title="bbox 293 3269 1932 3354; baseline -0.002 -15"><span class='ocrx_word' id='word_1_368' title='bbox 293 3301 399 3340; x_wconf 90' lang='lat' dir='ltr'><strong>non</strong></span> <span class='ocrx_word' id='word_1_369' title='bbox 430 3286 649 3341; x_wconf 75' lang='lat' dir='ltr'><strong>offendit</strong></span> <span class='ocrx_word' id='word_1_370' title='bbox 703 3288 769 3342; x_wconf 89' lang='lat' dir='ltr'><strong>ad</strong></span> <span class='ocrx_word' id='word_1_371' title='bbox 818 3287 985 3350; x_wconf 87' lang='lat' dir='ltr'><strong>latus,</strong></span> <span class='ocrx_word' id='word_1_372' title='bbox 1032 3289 1123 3341; x_wconf 90' lang='lat' dir='ltr'><strong>sed</strong></span> <span class='ocrx_word' id='word_1_373' title='bbox 1164 3286 1453 3339; x_wconf 88' lang='lat' dir='ltr'><strong>mamillam</strong></span> <span class='ocrx_word' id='word_1_374' title='bbox 1486 3284 1719 3354; x_wconf 67' lang='lat' dir='ltr'><strong>quaerit?</strong></span> <span class='ocrx_word' id='word_1_375' title='bbox 1755 3299 1862 3353; x_wconf 88' lang='lat' dir='ltr'><strong>quo</strong></span> <span class='ocrx_word' id='word_1_376' title='bbox 1888 3269 1932 3326; x_wconf 78' lang='lat' dir='ltr'>C</span> 
     </span>
    </p>
   </div>
   <div class='ocr_carea' id='block_1_49' title="bbox 291 3376 1862 3449">
    <p class='ocr_par' dir='ltr' id='par_1_49' title="bbox 291 3376 1862 3449">
     <span class='ocr_line' id='line_1_49' title="bbox 291 3376 1862 3449; baseline -0.004 -15"><span class='ocrx_word' id='word_1_377' title='bbox 291 3379 592 3434; x_wconf 90' lang='lat' dir='ltr'><strong>edocente?</strong></span> <span class='ocrx_word' id='word_1_378' title='bbox 613 3393 719 3449; x_wconf 92' lang='lat' dir='ltr'><strong>quo</strong></span> <span class='ocrx_word' id='word_1_379' title='bbox 749 3380 1113 3448; x_wconf 81' lang='lat' dir='ltr'><strong>suggerente?</strong></span> <span class='ocrx_word' id='word_1_380' title='bbox 1148 3378 1296 3433; x_wconf 87' lang='lat' dir='ltr'><strong>Unde</strong></span> <span class='ocrx_word' id='word_1_381' title='bbox 1327 3386 1505 3431; x_wconf 82' lang='lat' dir='ltr'><strong>autem</strong></span> <span class='ocrx_word' id='word_1_382' title='bbox 1539 3386 1593 3431; x_wconf 93' lang='lat' dir='ltr'><strong>et</strong></span> <span class='ocrx_word' id='word_1_383' title='bbox 1618 3376 1862 3446; x_wconf 84' lang='lat' dir='ltr'><strong>agnoscit</strong></span> 
     </span>
    </p>
   </div>
   <div class='ocr_carea' id='block_1_50' title="bbox 290 3468 1857 3539">
    <p class='ocr_par' dir='ltr' id='par_1_50' title="bbox 290 3468 1857 3539">
     <span class='ocr_line' id='line_1_50' title="bbox 290 3468 1857 3539; baseline -0.002 -17"><span class='ocrx_word' id='word_1_384' title='bbox 290 3468 422 3539; x_wconf 84' lang='lat' dir='ltr'><strong>quid</strong></span> <span class='ocrx_word' id='word_1_385' title='bbox 462 3470 657 3523; x_wconf 88' lang='lat' dir='ltr'><strong>habeat</strong></span> <span class='ocrx_word' id='word_1_386' title='bbox 693 3472 972 3524; x_wconf 87' lang='lat' dir='ltr'><strong>mamilla?</strong></span> <span class='ocrx_word' id='word_1_387' title='bbox 1032 3470 1172 3525; x_wconf 90' lang='lat' dir='ltr'><strong>unde</strong></span> <span class='ocrx_word' id='word_1_388' title='bbox 1219 3471 1374 3524; x_wconf 87' lang='lat' dir='ltr'><strong>novit</strong></span> <span class='ocrx_word' id='word_1_389' title='bbox 1432 3469 1563 3539; x_wconf 90' lang='lat' dir='ltr'><strong>quid</strong></span> <span class='ocrx_word' id='word_1_390' title='bbox 1600 3476 1857 3538; x_wconf 90' lang='lat' dir='ltr'><strong>operetur</strong></span> 
     </span>
    </p>
   </div>
   <div class='ocr_carea' id='block_1_51' title="bbox 291 3558 1865 3633">
    <p class='ocr_par' dir='ltr' id='par_1_51' title="bbox 291 3558 1865 3633">
     <span class='ocr_line' id='line_1_51' title="bbox 291 3558 1865 3633; baseline -0.006 -14"><span class='ocrx_word' id='word_1_391' title='bbox 291 3564 418 3621; x_wconf 72' lang='lat' dir='ltr'><strong>fons</strong></span> <span class='ocrx_word' id='word_1_392' title='bbox 445 3563 797 3618; x_wconf 89' lang='lat' dir='ltr'><strong>mamillarum</strong></span> <span class='ocrx_word' id='word_1_393' title='bbox 822 3563 844 3617; x_wconf 90' lang='lat'><strong>?</strong></span> <span class='ocrx_word' id='word_1_394' title='bbox 871 3564 995 3633; x_wconf 91' lang='lat' dir='ltr'><strong>quis</strong></span> <span class='ocrx_word' id='word_1_395' title='bbox 1033 3564 1081 3618; x_wconf 89' lang='lat' dir='ltr'><strong>ei</strong></span> <span class='ocrx_word' id='word_1_396' title='bbox 1110 3563 1265 3628; x_wconf 82' lang='lat' dir='ltr'><strong>dixit,</strong></span> <span class='ocrx_word' id='word_1_397' title='bbox 1291 3562 1418 3631; x_wconf 86' lang='lat' dir='ltr'><strong>quia</strong></span> <span class='ocrx_word' id='word_1_398' title='bbox 1443 3561 1624 3615; x_wconf 89' lang='lat' dir='ltr'><strong>fontes</strong></span> <span class='ocrx_word' id='word_1_399' title='bbox 1652 3558 1865 3613; x_wconf 88' lang='lat' dir='ltr'><strong>mamil-</strong></span> 
     </span>
    </p>
   </div>
   <div class='ocr_carea' id='block_1_52' title="bbox 295 3650 1862 3715">
    <p class='ocr_par' dir='ltr' id='par_1_52' title="bbox 295 3650 1862 3715">
     <span class='ocr_line' id='line_1_52' title="bbox 295 3650 1862 3715; baseline -0.005 -4"><span class='ocrx_word' id='word_1_400' title='bbox 295 3656 552 3711; x_wconf 64' lang='lat' dir='ltr'><strong>lzesunt?</strong></span> <span class='ocrx_word' id='word_1_401' title='bbox 578 3655 712 3709; x_wconf 83' lang='lat' dir='ltr'><strong>Nam</strong></span> <span class='ocrx_word' id='word_1_402' title='bbox 768 3666 823 3708; x_wconf 89' lang='lat' dir='ltr'><strong>et</strong></span> <span class='ocrx_word' id='word_1_403' title='bbox 869 3671 989 3709; x_wconf 86' lang='lat' dir='ltr'><strong>cum</strong></span> <span class='ocrx_word' id='word_1_404' title='bbox 1039 3654 1303 3709; x_wconf 86' lang='lat' dir='ltr'><strong>ceciderit</strong></span> <span class='ocrx_word' id='word_1_405' title='bbox 1355 3654 1406 3706; x_wconf 93' lang='lat' dir='ltr'><strong>in</strong></span> <span class='ocrx_word' id='word_1_406' title='bbox 1450 3662 1616 3715; x_wconf 88' lang='lat' dir='ltr'><strong>terra,</strong></span> <span class='ocrx_word' id='word_1_407' title='bbox 1675 3650 1862 3704; x_wconf 78' lang='lat' dir='ltr'><strong>statim</strong></span> 
     </span>
    </p>
   </div>
   <div class='ocr_carea' id='block_1_53' title="bbox 298 3741 1866 3818">
    <p class='ocr_par' dir='ltr' id='par_1_53' title="bbox 298 3741 1866 3818">
     <span class='ocr_line' id='line_1_53' title="bbox 298 3741 1866 3818; baseline -0.004 -16"><span class='ocrx_word' id='word_1_408' title='bbox 298 3759 430 3812; x_wconf 83' lang='lat' dir='ltr'><strong>stat,</strong></span> <span class='ocrx_word' id='word_1_409' title='bbox 457 3761 511 3802; x_wconf 89' lang='lat' dir='ltr'><strong>et</strong></span> <span class='ocrx_word' id='word_1_410' title='bbox 539 3763 710 3818; x_wconf 89' lang='lat' dir='ltr'><strong>neque</strong></span> <span class='ocrx_word' id='word_1_411' title='bbox 739 3762 939 3802; x_wconf 90' lang='lat' dir='ltr'><strong>cornua</strong></span> <span class='ocrx_word' id='word_1_412' title='bbox 966 3745 1306 3817; x_wconf 86' lang='lat' dir='ltr'><strong>pertimescit</strong></span> <span class='ocrx_word' id='word_1_413' title='bbox 1332 3759 1620 3799; x_wconf 85' lang='lat' dir='ltr'><strong>cervorum</strong></span> <span class='ocrx_word' id='word_1_414' title='bbox 1656 3741 1786 3796; x_wconf 88' lang='lat' dir='ltr'><strong>talia</strong></span> <span class='ocrx_word' id='word_1_415' title='bbox 1812 3752 1866 3796; x_wconf 90' lang='lat' dir='ltr'><strong>et</strong></span> 
     </span>
    </p>
   </div>
   <div class='ocr_carea' id='block_1_54' title="bbox 294 3834 1863 3907">
    <p class='ocr_par' dir='ltr' id='par_1_54' title="bbox 294 3834 1863 3907">
     <span class='ocr_line' id='line_1_54' title="bbox 294 3834 1863 3907; baseline -0.006 -12"><span class='ocrx_word' id='word_1_416' title='bbox 294 3841 373 3895; x_wconf 78' lang='lat' dir='ltr'><strong>ita</strong></span> <span class='ocrx_word' id='word_1_417' title='bbox 404 3841 683 3904; x_wconf 90' lang='lat' dir='ltr'><strong>terribilia,</strong></span> <span class='ocrx_word' id='word_1_418' title='bbox 711 3853 886 3907; x_wconf 89' lang='lat' dir='ltr'><strong>neque</strong></span> <span class='ocrx_word' id='word_1_419' title='bbox 913 3837 1195 3907; x_wconf 86' lang='lat' dir='ltr'><strong>perturbat</strong></span> <span class='ocrx_word' id='word_1_420' title='bbox 1244 3850 1365 3889; x_wconf 92' lang='lat' dir='ltr'><strong>eum</strong></span> <span class='ocrx_word' id='word_1_421' title='bbox 1396 3834 1704 3888; x_wconf 86' lang='lat' dir='ltr'><strong>immutatio</strong></span> <span class='ocrx_word' id='word_1_422' title='bbox 1738 3847 1863 3901; x_wconf 83' lang='lat' dir='ltr'><strong>gre-</strong></span> 
     </span>
    </p>
   </div>
   <div class='ocr_carea' id='block_1_55' title="bbox 294 3924 1866 4006">
    <p class='ocr_par' dir='ltr' id='par_1_55' title="bbox 294 3924 1866 4006">
     <span class='ocr_line' id='line_1_55' title="bbox 294 3924 1866 4006; baseline -0.008 -17"><span class='ocrx_word' id='word_1_423' title='bbox 294 3935 399 4006; x_wconf 86' lang='lat' dir='ltr'><strong>gis.</strong></span> <span class='ocrx_word' id='word_1_424' title='bbox 431 3932 485 3988; x_wconf 87' lang='lat' dir='ltr'><strong>Si</strong></span> <span class='ocrx_word' id='word_1_425' title='bbox 511 3945 687 3987; x_wconf 89' lang='lat' dir='ltr'><strong>autem</strong></span> <span class='ocrx_word' id='word_1_426' title='bbox 721 3930 1030 4001; x_wconf 74' lang='lat' dir='ltr'><strong>apparuerit</strong></span> <span class='ocrx_word' id='word_1_427' title='bbox 1051 3928 1263 3983; x_wconf 89' lang='lat' dir='ltr'><strong>catulus</strong></span> <span class='ocrx_word' id='word_1_428' title='bbox 1290 3926 1469 3990; x_wconf 88' lang='lat' dir='ltr'><strong>canis,</strong></span> <span class='ocrx_word' id='word_1_429' title='bbox 1496 3926 1681 3980; x_wconf 89' lang='lat' dir='ltr'><strong>statim</strong></span> <span class='ocrx_word' id='word_1_430' title='bbox 1716 3924 1866 3978; x_wconf 86' lang='lat' dir='ltr'><strong>abeo</strong></span> 
     </span>
    </p>
   </div>
   <div class='ocr_carea' id='block_1_56' title="bbox 296 4015 1861 4095">
    <p class='ocr_par' dir='ltr' id='par_1_56' title="bbox 296 4015 1861 4095">
     <span class='ocr_line' id='line_1_56' title="bbox 296 4015 1861 4095; baseline -0.006 -15"><span class='ocrx_word' id='word_1_431' title='bbox 296 4028 389 4095; x_wconf 88' lang='lat' dir='ltr'><strong>qui</strong></span> <span class='ocrx_word' id='word_1_432' title='bbox 427 4037 582 4080; x_wconf 91' lang='lat' dir='ltr'><strong>natus</strong></span> <span class='ocrx_word' id='word_1_433' title='bbox 607 4033 690 4078; x_wconf 90' lang='lat' dir='ltr'><strong>est</strong></span> <span class='ocrx_word' id='word_1_434' title='bbox 715 4023 1043 4093; x_wconf 85' lang='lat' dir='ltr'><strong>agnoscitur,</strong></span> <span class='ocrx_word' id='word_1_435' title='bbox 1072 4021 1196 4091; x_wconf 90' lang='lat' dir='ltr'><strong>quia</strong></span> <span class='ocrx_word' id='word_1_436' title='bbox 1230 4020 1581 4089; x_wconf 88' lang='lat' dir='ltr'><strong>impugnator</strong></span> <span class='ocrx_word' id='word_1_437' title='bbox 1613 4026 1696 4071; x_wconf 89' lang='lat' dir='ltr'><strong>est</strong></span> <span class='ocrx_word' id='word_1_438' title='bbox 1721 4015 1861 4084; x_wconf 89' lang='lat' dir='ltr'><strong>ejus.</strong></span> 
     </span>
    </p>
   </div>
   <div class='ocr_carea' id='block_1_57' title="bbox 295 4112 1863 4176">
    <p class='ocr_par' dir='ltr' id='par_1_57' title="bbox 295 4112 1863 4176">
     <span class='ocr_line' id='line_1_57' title="bbox 295 4112 1863 4176; baseline -0.007 -3"><span class='ocrx_word' id='word_1_439' title='bbox 295 4120 365 4173; x_wconf 82' lang='lat' dir='ltr'><strong>Et</strong></span> <span class='ocrx_word' id='word_1_440' title='bbox 394 4118 439 4173; x_wconf 90' lang='lat' dir='ltr'><strong>si</strong></span> <span class='ocrx_word' id='word_1_441' title='bbox 466 4117 728 4173; x_wconf 87' lang='lat' dir='ltr'><strong>simulans</strong></span> <span class='ocrx_word' id='word_1_442' title='bbox 773 4117 933 4171; x_wconf 89' lang='lat' dir='ltr'><strong>homo</strong></span> <span class='ocrx_word' id='word_1_443' title='bbox 986 4114 1224 4169; x_wconf 89' lang='lat' dir='ltr'><strong>imitatus</strong></span> <span class='ocrx_word' id='word_1_444' title='bbox 1259 4112 1421 4167; x_wconf 88' lang='lat' dir='ltr'><strong>fuerit</strong></span> <span class='ocrx_word' id='word_1_445' title='bbox 1472 4126 1661 4164; x_wconf 85' lang='lat' dir='ltr'><strong>vocem</strong></span> <span class='ocrx_word' id='word_1_446' title='bbox 1692 4113 1863 4176; x_wconf 88' lang='lat' dir='ltr'><strong>canis,</strong></span> 
     </span>
    </p>
   </div>
   <div class='ocr_carea' id='block_1_58' title="bbox 295 4204 1867 4279">
    <p class='ocr_par' dir='ltr' id='par_1_58' title="bbox 295 4204 1867 4279">
     <span class='ocr_line' id='line_1_58' title="bbox 295 4204 1867 4279; baseline -0.006 -13"><span class='ocrx_word' id='word_1_447' title='bbox 295 4214 483 4267; x_wconf 78' lang='lat' dir='ltr'><strong>statim</strong></span> <span class='ocrx_word' id='word_1_448' title='bbox 513 4220 568 4264; x_wconf 92' lang='lat' dir='ltr'><strong>et</strong></span> <span class='ocrx_word' id='word_1_449' title='bbox 601 4221 886 4279; x_wconf 87' lang='lat' dir='ltr'><strong>antequam</strong></span> <span class='ocrx_word' id='word_1_450' title='bbox 927 4211 1145 4275; x_wconf 89' lang='lat' dir='ltr'><strong>videat,</strong></span> <span class='ocrx_word' id='word_1_451' title='bbox 1203 4208 1563 4263; x_wconf 87' lang='lat' dir='ltr'><strong>imitationem</strong></span> <span class='ocrx_word' id='word_1_452' title='bbox 1597 4204 1826 4259; x_wconf 88' lang='lat' dir='ltr'><strong>audiens</strong></span> <span class='ocrx_word' id='word_1_453' title='bbox 1850 4241 1867 4266; x_wconf 90' lang='lat'><strong>.</strong></span> 
     </span>
    </p>
   </div>
   <div class='ocr_carea' id='block_1_59' title="bbox 294 4292 1869 4373">
    <p class='ocr_par' dir='ltr' id='par_1_59' title="bbox 294 4292 1869 4373">
     <span class='ocr_line' id='line_1_59' title="bbox 294 4292 1869 4373; baseline -0.006 -16"><span class='ocrx_word' id='word_1_454' title='bbox 294 4319 484 4357; x_wconf 83' lang='lat' dir='ltr'><strong>vocem</strong></span> <span class='ocrx_word' id='word_1_455' title='bbox 511 4302 663 4373; x_wconf 82' lang='lat' dir='ltr'><strong>fugit.</strong></span> <span class='ocrx_word' id='word_1_456' title='bbox 701 4301 830 4368; x_wconf 86' lang='lat' dir='ltr'><strong>Quis</strong></span> <span class='ocrx_word' id='word_1_457' title='bbox 855 4315 981 4369; x_wconf 87' lang='lat' dir='ltr'><strong>ergo</strong></span> <span class='ocrx_word' id='word_1_458' title='bbox 1026 4300 1079 4354; x_wconf 93' lang='lat' dir='ltr'><strong>in</strong></span> <span class='ocrx_word' id='word_1_459' title='bbox 1118 4297 1580 4353; x_wconf 90' lang='lat' dir='ltr'><strong>irrationabilibus</strong></span> <span class='ocrx_word' id='word_1_460' title='bbox 1612 4292 1869 4363; x_wconf 82' lang='lat' dir='ltr'><strong>sapiens?</strong></span> 
     </span>
    </p>
   </div>
   <div class='ocr_carea' id='block_1_60' title="bbox 296 4386 1869 4461">
    <p class='ocr_par' dir='ltr' id='par_1_60' title="bbox 296 4386 1869 4461">
     <span class='ocr_line' id='line_1_60' title="bbox 296 4386 1869 4461; baseline -0.006 -10"><span class='ocrx_word' id='word_1_461' title='bbox 296 4406 353 4451; x_wconf 89' lang='lat' dir='ltr'><strong>et</strong></span> <span class='ocrx_word' id='word_1_462' title='bbox 376 4406 523 4450; x_wconf 90' lang='lat' dir='ltr'><strong>certe</strong></span> <span class='ocrx_word' id='word_1_463' title='bbox 555 4411 653 4449; x_wconf 89' lang='lat' dir='ltr'><strong>nos</strong></span> <span class='ocrx_word' id='word_1_464' title='bbox 683 4394 772 4461; x_wconf 91' lang='lat' dir='ltr'><strong>qui</strong></span> <span class='ocrx_word' id='word_1_465' title='bbox 824 4394 1070 4445; x_wconf 88' lang='lat' dir='ltr'><strong>videmur</strong></span> <span class='ocrx_word' id='word_1_466' title='bbox 1116 4401 1171 4445; x_wconf 92' lang='lat' dir='ltr'><strong>et</strong></span> <span class='ocrx_word' id='word_1_467' title='bbox 1204 4406 1393 4445; x_wconf 88' lang='lat' dir='ltr'><strong>sumus</strong></span> <span class='ocrx_word' id='word_1_468' title='bbox 1454 4386 1813 4442; x_wconf 89' lang='lat' dir='ltr'><strong>rationabiles</strong></span> <span class='ocrx_word' id='word_1_469' title='bbox 1851 4424 1869 4451; x_wconf 91' lang='lat'><strong>,</strong></span> 
     </span>
    </p>
   </div>
   <div class='ocr_carea' id='block_1_61' title="bbox 296 4478 1869 4551">
    <p class='ocr_par' dir='ltr' id='par_1_61' title="bbox 296 4478 1869 4551">
     <span class='ocr_line' id='line_1_61' title="bbox 296 4478 1869 4551; baseline -0.008 -8"><span class='ocrx_word' id='word_1_470' title='bbox 296 4490 479 4544; x_wconf 83' lang='lat' dir='ltr'><strong>statim</strong></span> <span class='ocrx_word' id='word_1_471' title='bbox 514 4490 620 4542; x_wconf 88' lang='lat' dir='ltr'><strong>nati</strong></span> <span class='ocrx_word' id='word_1_472' title='bbox 654 4487 784 4542; x_wconf 92' lang='lat' dir='ltr'><strong>nihil</strong></span> <span class='ocrx_word' id='word_1_473' title='bbox 816 4488 1006 4541; x_wconf 88' lang='lat' dir='ltr'><strong>borum</strong></span> <span class='ocrx_word' id='word_1_474' title='bbox 1034 4486 1318 4545; x_wconf 84' lang='lat' dir='ltr'><strong>habemus,</strong></span> <span class='ocrx_word' id='word_1_475' title='bbox 1349 4482 1493 4551; x_wconf 87' lang='lat' dir='ltr'><strong>quod</strong></span> <span class='ocrx_word' id='word_1_476' title='bbox 1516 4488 1599 4535; x_wconf 90' lang='lat' dir='ltr'><strong>est</strong></span> <span class='ocrx_word' id='word_1_477' title='bbox 1623 4478 1869 4533; x_wconf 84' lang='lat' dir='ltr'><strong>admira-</strong></span> 
     </span>
    </p>
   </div>
   <div class='ocr_carea' id='block_1_62' title="bbox 1959 2008 3524 2077">
    <p class='ocr_par' dir='ltr' id='par_1_62' title="bbox 1959 2008 3524 2077">
     <span class='ocr_line' id='line_1_62' title="bbox 1959 2008 3524 2077; baseline 0.002 -18"><span class='ocrx_word' id='word_1_478' title='bbox 1959 2009 2091 2075; x_wconf 90' lang='lat' dir='ltr'><strong>Quia</strong></span> <span class='ocrx_word' id='word_1_479' title='bbox 2114 2017 2291 2061; x_wconf 86' lang='lat' dir='ltr'><strong>autem</strong></span> <span class='ocrx_word' id='word_1_480' title='bbox 2325 2009 2577 2077; x_wconf 85' lang='lat' dir='ltr'><strong>ignorant</strong></span> <span class='ocrx_word' id='word_1_481' title='bbox 2606 2010 2844 2077; x_wconf 89' lang='lat' dir='ltr'><strong>quidem,</strong></span> <span class='ocrx_word' id='word_1_482' title='bbox 2877 2008 3116 2063; x_wconf 87' lang='lat' dir='ltr'><strong>efﬁcitur</strong></span> <span class='ocrx_word' id='word_1_483' title='bbox 3146 2024 3313 2074; x_wconf 89' lang='lat' dir='ltr'><strong>vero;</strong></span> <span class='ocrx_word' id='word_1_484' title='bbox 3346 2019 3524 2063; x_wconf 85' lang='lat' dir='ltr'><strong>tamen</strong></span> 
     </span>
    </p>
   </div>
   <div class='ocr_carea' id='block_1_63' title="bbox 1959 2099 3530 2169">
    <p class='ocr_par' dir='ltr' id='par_1_63' title="bbox 1959 2099 3530 2169">
     <span class='ocr_line' id='line_1_63' title="bbox 1959 2099 3530 2169; baseline 0.002 -19"><span class='ocrx_word' id='word_1_485' title='bbox 1959 2100 2082 2169; x_wconf 87' lang='lat' dir='ltr'><strong>quia</strong></span> <span class='ocrx_word' id='word_1_486' title='bbox 2115 2099 2249 2152; x_wconf 83' lang='lat' dir='ltr'><strong>ﬁunt</strong></span> <span class='ocrx_word' id='word_1_487' title='bbox 2274 2114 2523 2167; x_wconf 89' lang='lat' dir='ltr'><strong>corpora,</strong></span> <span class='ocrx_word' id='word_1_488' title='bbox 2552 2107 2607 2153; x_wconf 88' lang='lat' dir='ltr'><strong>et</strong></span> <span class='ocrx_word' id='word_1_489' title='bbox 2652 2099 2953 2169; x_wconf 86' lang='lat' dir='ltr'><strong>ﬁgurantur</strong></span> <span class='ocrx_word' id='word_1_490' title='bbox 3006 2100 3057 2153; x_wconf 93' lang='lat' dir='ltr'><strong>in</strong></span> <span class='ocrx_word' id='word_1_491' title='bbox 3095 2101 3439 2163; x_wconf 86' lang='lat' dir='ltr'><strong>matricibus,</strong></span> <span class='ocrx_word' id='word_1_492' title='bbox 3474 2113 3530 2153; x_wconf 87' lang='lat' dir='ltr'><strong>ct</strong></span> 
     </span>
    </p>
   </div>
   <div class='ocr_carea' id='block_1_64' title="bbox 1960 2194 3528 2264">
    <p class='ocr_par' dir='ltr' id='par_1_64' title="bbox 1960 2194 3528 2264">
     <span class='ocr_line' id='line_1_64' title="bbox 1960 2194 3528 2264; baseline 0 -17"><span class='ocrx_word' id='word_1_493' title='bbox 1960 2201 2211 2247; x_wconf 88' lang='lat' dir='ltr'><strong>crescunt</strong></span> <span class='ocrx_word' id='word_1_494' title='bbox 2236 2202 2357 2262; x_wconf 91' lang='lat' dir='ltr'><strong>post</strong></span> <span class='ocrx_word' id='word_1_495' title='bbox 2386 2194 2672 2256; x_wconf 87' lang='lat' dir='ltr'><strong>matrices;</strong></span> <span class='ocrx_word' id='word_1_496' title='bbox 2727 2202 3036 2263; x_wconf 66' lang='lat' dir='ltr'><strong>qumrentes</strong></span> <span class='ocrx_word' id='word_1_497' title='bbox 3068 2195 3374 2249; x_wconf 89' lang='lat' dir='ltr'><strong>invenimus</strong></span> <span class='ocrx_word' id='word_1_498' title='bbox 3402 2196 3528 2264; x_wconf 87' lang='lat' dir='ltr'><strong>quia</strong></span> 
     </span>
    </p>
   </div>
   <div class='ocr_carea' id='block_1_65' title="bbox 1962 2283 3530 2353">
    <p class='ocr_par' dir='ltr' id='par_1_65' title="bbox 1962 2283 3530 2353">
     <span class='ocr_line' id='line_1_65' title="bbox 1962 2283 3530 2353; baseline 0.003 -18"><span class='ocrx_word' id='word_1_499' title='bbox 1962 2283 2248 2353; x_wconf 72' lang='lat' dir='ltr'><strong>praesentia</strong></span> <span class='ocrx_word' id='word_1_500' title='bbox 2277 2283 2577 2352; x_wconf 86' lang='lat' dir='ltr'><strong>corporalis</strong></span> <span class='ocrx_word' id='word_1_501' title='bbox 2604 2283 2799 2338; x_wconf 63' lang='lat' dir='ltr'><strong>animus</strong></span> <span class='ocrx_word' id='word_1_502' title='bbox 2842 2299 2905 2338; x_wconf 85' lang='lat' dir='ltr'><strong>ex</strong></span> <span class='ocrx_word' id='word_1_503' title='bbox 2959 2285 3276 2340; x_wconf 90' lang='lat' dir='ltr'><strong>matricibus</strong></span> <span class='ocrx_word' id='word_1_504' title='bbox 3309 2296 3530 2352; x_wconf 78' lang='lat' dir='ltr'><strong>exeunt,</strong></span> 
     </span>
    </p>
   </div>
   <div class='ocr_carea' id='block_1_66' title="bbox 1960 2382 3529 2444">
    <p class='ocr_par' dir='ltr' id='par_1_66' title="bbox 1960 2382 3529 2444">
     <span class='ocr_line' id='line_1_66' title="bbox 1960 2382 3529 2444; baseline 0.002 -16"><span class='ocrx_word' id='word_1_505' title='bbox 1960 2384 2014 2428; x_wconf 92' lang='lat' dir='ltr'><strong>et</strong></span> <span class='ocrx_word' id='word_1_506' title='bbox 2044 2382 2161 2441; x_wconf 86' lang='lat' dir='ltr'><strong>post</strong></span> <span class='ocrx_word' id='word_1_507' title='bbox 2191 2388 2467 2442; x_wconf 84' lang='lat' dir='ltr'><strong>egressum</strong></span> <span class='ocrx_word' id='word_1_508' title='bbox 2501 2386 2814 2444; x_wconf 90' lang='lat' dir='ltr'><strong>pascuntur,</strong></span> <span class='ocrx_word' id='word_1_509' title='bbox 2854 2386 2908 2430; x_wconf 75' lang='grc' dir='ltr'>ει</span> <span class='ocrx_word' id='word_1_510' title='bbox 2945 2387 3198 2431; x_wconf 90' lang='lat' dir='ltr'><strong>crescunt</strong></span> <span class='ocrx_word' id='word_1_511' title='bbox 3222 2387 3276 2432; x_wconf 79' lang='grc' dir='ltr'>ει</span> <span class='ocrx_word' id='word_1_512' title='bbox 3305 2392 3529 2432; x_wconf 81' lang='lat' dir='ltr'><strong>moven-</strong></span> 
     </span>
    </p>
   </div>
   <div class='ocr_carea' id='block_1_67' title="bbox 1965 2465 3533 2537">
    <p class='ocr_par' dir='ltr' id='par_1_67' title="bbox 1965 2465 3533 2537">
     <span class='ocr_line' id='line_1_67' title="bbox 1965 2465 3533 2537; baseline 0.003 -18"><span class='ocrx_word' id='word_1_513' title='bbox 1965 2475 2070 2519; x_wconf 89' lang='lat' dir='ltr'><strong>tur.</strong></span> <span class='ocrx_word' id='word_1_514' title='bbox 2100 2465 2155 2519; x_wconf 91' lang='lat' dir='ltr'><strong>Si</strong></span> <span class='ocrx_word' id='word_1_515' title='bbox 2185 2473 2361 2519; x_wconf 90' lang='lat' dir='ltr'><strong>antem</strong></span> <span class='ocrx_word' id='word_1_516' title='bbox 2394 2466 2515 2535; x_wconf 89' lang='lat' dir='ltr'><strong>quis</strong></span> <span class='ocrx_word' id='word_1_517' title='bbox 2541 2465 2769 2531; x_wconf 90' lang='lat' dir='ltr'><strong>dubitet,</strong></span> <span class='ocrx_word' id='word_1_518' title='bbox 2803 2468 3113 2522; x_wconf 89' lang='lat' dir='ltr'><strong>consideret</strong></span> <span class='ocrx_word' id='word_1_519' title='bbox 3146 2483 3343 2537; x_wconf 90' lang='lat' dir='ltr'><strong>corpus</strong></span> <span class='ocrx_word' id='word_1_520' title='bbox 3391 2470 3533 2523; x_wconf 84' lang='lat' dir='ltr'><strong>unde</strong></span> 
     </span>
    </p>
   </div>
   <div class='ocr_carea' id='block_1_68' title="bbox 1963 2556 3534 2629">
    <p class='ocr_par' dir='ltr' id='par_1_68' title="bbox 1963 2556 3534 2629">
     <span class='ocr_line' id='line_1_68' title="bbox 1963 2556 3534 2629; baseline 0.004 -18"><span class='ocrx_word' id='word_1_521' title='bbox 1963 2557 2191 2612; x_wconf 82' lang='lat' dir='ltr'><strong>recessit</strong></span> <span class='ocrx_word' id='word_1_522' title='bbox 2226 2557 2427 2622; x_wconf 90' lang='lat' dir='ltr'><strong>anima,</strong></span> <span class='ocrx_word' id='word_1_523' title='bbox 2457 2566 2510 2610; x_wconf 93' lang='lat' dir='ltr'><strong>et</strong></span> <span class='ocrx_word' id='word_1_524' title='bbox 2530 2557 2671 2612; x_wconf 87' lang='lat' dir='ltr'><strong>sciet</strong></span> <span class='ocrx_word' id='word_1_525' title='bbox 2707 2556 2859 2625; x_wconf 88' lang='lat' dir='ltr'><strong>cujus</strong></span> <span class='ocrx_word' id='word_1_526' title='bbox 2902 2561 3184 2628; x_wconf 67' lang='lat' dir='ltr'><strong>praesentia</strong></span> <span class='ocrx_word' id='word_1_527' title='bbox 3212 2570 3341 2614; x_wconf 92' lang='lat' dir='ltr'><strong>sunt</strong></span> <span class='ocrx_word' id='word_1_528' title='bbox 3363 2575 3534 2629; x_wconf 85' lang='lat' dir='ltr'><strong>opera</strong></span> 
     </span>
    </p>
   </div>
   <div class='ocr_carea' id='block_1_69' title="bbox 1962 2648 3535 2719">
    <p class='ocr_par' dir='ltr' id='par_1_69' title="bbox 1962 2648 3535 2719">
     <span class='ocr_line' id='line_1_69' title="bbox 1962 2648 3535 2719; baseline 0.001 -16"><span class='ocrx_word' id='word_1_529' title='bbox 1962 2649 2081 2703; x_wconf 91' lang='lat' dir='ltr'><strong>ista.</strong></span> <span class='ocrx_word' id='word_1_530' title='bbox 2108 2648 2248 2719; x_wconf 89' lang='lat' dir='ltr'><strong>Ergo</strong></span> <span class='ocrx_word' id='word_1_531' title='bbox 2277 2658 2330 2703; x_wconf 91' lang='lat' dir='ltr'><strong>et</strong></span> <span class='ocrx_word' id='word_1_532' title='bbox 2363 2649 2682 2718; x_wconf 81' lang='lat' dir='ltr'><strong>corporibus</strong></span> <span class='ocrx_word' id='word_1_533' title='bbox 2718 2660 2778 2704; x_wconf 88' lang='lat' dir='ltr'><strong>ut</strong></span> <span class='ocrx_word' id='word_1_534' title='bbox 2810 2650 2919 2704; x_wconf 88' lang='lat' dir='ltr'><strong>sint</strong></span> <span class='ocrx_word' id='word_1_535' title='bbox 2944 2661 2997 2705; x_wconf 93' lang='lat' dir='ltr'><strong>et</strong></span> <span class='ocrx_word' id='word_1_536' title='bbox 3033 2664 3309 2716; x_wconf 88' lang='lat' dir='ltr'><strong>crescant,</strong></span> <span class='ocrx_word' id='word_1_537' title='bbox 3337 2662 3392 2709; x_wconf 89' lang='lat' dir='ltr'><strong>et</strong></span> <span class='ocrx_word' id='word_1_538' title='bbox 3420 2670 3535 2706; x_wconf 87' lang='lat' dir='ltr'><strong>ma-</strong></span> 
     </span>
    </p>
   </div>
   <div class='ocr_carea' id='block_1_70' title="bbox 1963 2741 3534 2814">
    <p class='ocr_par' dir='ltr' id='par_1_70' title="bbox 1963 2741 3534 2814">
     <span class='ocr_line' id='line_1_70' title="bbox 1963 2741 3534 2814; baseline 0.001 -19"><span class='ocrx_word' id='word_1_539' title='bbox 1963 2751 2129 2795; x_wconf 88' lang='lat' dir='ltr'><strong>neant</strong></span> <span class='ocrx_word' id='word_1_540' title='bbox 2157 2751 2331 2797; x_wconf 88' lang='lat' dir='ltr'><strong>etnon</strong></span> <span class='ocrx_word' id='word_1_541' title='bbox 2359 2741 2747 2806; x_wconf 88' lang='lat' dir='ltr'><strong>dissolvantur,</strong></span> <span class='ocrx_word' id='word_1_542' title='bbox 2773 2744 3054 2813; x_wconf 69' lang='lat' dir='ltr'><strong>praesentia</strong></span> <span class='ocrx_word' id='word_1_543' title='bbox 3082 2745 3275 2800; x_wconf 71' lang='lat' dir='ltr'><strong>animae</strong></span> <span class='ocrx_word' id='word_1_544' title='bbox 3308 2747 3534 2814; x_wconf 75' lang='lat' dir='ltr'><strong>przebct,</strong></span> 
     </span>
    </p>
   </div>
   <div class='ocr_carea' id='block_1_71' title="bbox 1963 2834 3533 2905">
    <p class='ocr_par' dir='ltr' id='par_1_71' title="bbox 1963 2834 3533 2905">
     <span class='ocr_line' id='line_1_71' title="bbox 1963 2834 3533 2905; baseline 0.002 -18"><span class='ocrx_word' id='word_1_545' title='bbox 1963 2834 2278 2903; x_wconf 87' lang='lat' dir='ltr'><strong>impertiens</strong></span> <span class='ocrx_word' id='word_1_546' title='bbox 2308 2850 2428 2904; x_wconf 71' lang='lat' dir='ltr'><strong>qua:</strong></span> <span class='ocrx_word' id='word_1_547' title='bbox 2458 2850 2562 2888; x_wconf 92' lang='lat' dir='ltr'><strong>non</strong></span> <span class='ocrx_word' id='word_1_548' title='bbox 2593 2834 2757 2889; x_wconf 89' lang='lat' dir='ltr'><strong>habet</strong></span> <span class='ocrx_word' id='word_1_549' title='bbox 2810 2851 3030 2905; x_wconf 86' lang='lat' dir='ltr'><strong>corpus.</strong></span> <span class='ocrx_word' id='word_1_550' title='bbox 3061 2836 3193 2892; x_wconf 84' lang='lat' dir='ltr'><strong>Cum</strong></span> <span class='ocrx_word' id='word_1_551' title='bbox 3247 2838 3390 2891; x_wconf 88' lang='lat' dir='ltr'><strong>enim</strong></span> <span class='ocrx_word' id='word_1_552' title='bbox 3427 2853 3533 2897; x_wconf 84' lang='lat' dir='ltr'><strong>non</strong></span> 
     </span>
    </p>
   </div>
   <div class='ocr_carea' id='block_1_72' title="bbox 1964 2926 3536 2997">
    <p class='ocr_par' dir='ltr' id='par_1_72' title="bbox 1964 2926 3536 2997">
     <span class='ocr_line' id='line_1_72' title="bbox 1964 2926 3536 2997; baseline 0.003 -19"><span class='ocrx_word' id='word_1_553' title='bbox 1964 2935 2216 2994; x_wconf 88' lang='lat' dir='ltr'><strong>pascatur</strong></span> <span class='ocrx_word' id='word_1_554' title='bbox 2243 2927 2454 2994; x_wconf 85' lang='lat' dir='ltr'><strong>pascit;</strong></span> <span class='ocrx_word' id='word_1_555' title='bbox 2492 2942 2613 2979; x_wconf 88' lang='lat' dir='ltr'><strong>cum</strong></span> <span class='ocrx_word' id='word_1_556' title='bbox 2647 2942 2752 2980; x_wconf 90' lang='lat' dir='ltr'><strong>non</strong></span> <span class='ocrx_word' id='word_1_557' title='bbox 2795 2936 3028 2992; x_wconf 88' lang='lat' dir='ltr'><strong>crescat,</strong></span> <span class='ocrx_word' id='word_1_558' title='bbox 3079 2926 3295 2995; x_wconf 89' lang='lat' dir='ltr'><strong>corpori</strong></span> <span class='ocrx_word' id='word_1_559' title='bbox 3334 2927 3536 2997; x_wconf 73' lang='lat' dir='ltr'><strong>praebet</strong></span> 
     </span>
    </p>
   </div>
   <div class='ocr_carea' id='block_1_73' title="bbox 1965 3017 3534 3086">
    <p class='ocr_par' dir='ltr' id='par_1_73' title="bbox 1965 3017 3534 3086">
     <span class='ocr_line' id='line_1_73' title="bbox 1965 3017 3534 3086; baseline 0 -17"><span class='ocrx_word' id='word_1_560' title='bbox 1965 3024 2023 3069; x_wconf 94' lang='lat' dir='ltr'><strong>ut</strong></span> <span class='ocrx_word' id='word_1_561' title='bbox 2047 3025 2296 3070; x_wconf 88' lang='lat' dir='ltr'><strong>crescat:</strong></span> <span class='ocrx_word' id='word_1_562' title='bbox 2333 3030 2454 3070; x_wconf 90' lang='lat' dir='ltr'><strong>cum</strong></span> <span class='ocrx_word' id='word_1_563' title='bbox 2477 3017 2712 3070; x_wconf 88' lang='lat' dir='ltr'><strong>colorem</strong></span> <span class='ocrx_word' id='word_1_564' title='bbox 2747 3031 2856 3072; x_wconf 91' lang='lat' dir='ltr'><strong>non</strong></span> <span class='ocrx_word' id='word_1_565' title='bbox 2912 3017 3128 3081; x_wconf 87' lang='lat' dir='ltr'><strong>habeat,</strong></span> <span class='ocrx_word' id='word_1_566' title='bbox 3156 3018 3362 3086; x_wconf 81' lang='lat' dir='ltr'><strong>praebet</strong></span> <span class='ocrx_word' id='word_1_567' title='bbox 3385 3018 3534 3073; x_wconf 86' lang='lat' dir='ltr'><strong>colo-</strong></span> 
     </span>
    </p>
   </div>
   <div class='ocr_carea' id='block_1_74' title="bbox 1966 3106 3532 3173">
    <p class='ocr_par' dir='ltr' id='par_1_74' title="bbox 1966 3106 3532 3173">
     <span class='ocr_line' id='line_1_74' title="bbox 1966 3106 3532 3173; baseline -0.001 -12"><span class='ocrx_word' id='word_1_568' title='bbox 1966 3122 2077 3161; x_wconf 87' lang='lat' dir='ltr'><strong>rem</strong></span> <span class='ocrx_word' id='word_1_569' title='bbox 2105 3123 2119 3159; x_wconf 88' lang='lat'><strong>:</strong></span> <span class='ocrx_word' id='word_1_570' title='bbox 2150 3122 2270 3161; x_wconf 93' lang='lat' dir='ltr'><strong>cum</strong></span> <span class='ocrx_word' id='word_1_571' title='bbox 2305 3122 2409 3162; x_wconf 87' lang='lat' dir='ltr'><strong>non</strong></span> <span class='ocrx_word' id='word_1_572' title='bbox 2442 3117 2682 3163; x_wconf 87' lang='lat' dir='ltr'><strong>transeat</strong></span> <span class='ocrx_word' id='word_1_573' title='bbox 2712 3123 2742 3163; x_wconf 92' lang='lat' dir='ltr'><strong>a</strong></span> <span class='ocrx_word' id='word_1_574' title='bbox 2784 3106 2903 3162; x_wconf 90' lang='lat' dir='ltr'><strong>loco</strong></span> <span class='ocrx_word' id='word_1_575' title='bbox 2937 3108 3004 3162; x_wconf 85' lang='lat' dir='ltr'><strong>ad</strong></span> <span class='ocrx_word' id='word_1_576' title='bbox 3060 3108 3260 3173; x_wconf 89' lang='lat' dir='ltr'><strong>locum,</strong></span> <span class='ocrx_word' id='word_1_577' title='bbox 3294 3123 3360 3163; x_wconf 76' lang='lat' dir='ltr'><strong>ex</strong></span> <span class='ocrx_word' id='word_1_578' title='bbox 3412 3108 3532 3163; x_wconf 85' lang='lat' dir='ltr'><strong>loco</strong></span> 
     </span>
    </p>
   </div>
   <div class='ocr_carea' id='block_1_75' title="bbox 1967 3197 3660 3268">
    <p class='ocr_par' dir='ltr' id='par_1_75' title="bbox 1967 3197 3660 3268">
     <span class='ocr_line' id='line_1_75' title="bbox 1967 3197 3660 3268; baseline 0.004 -16"><span class='ocrx_word' id='word_1_579' title='bbox 1967 3198 2033 3252; x_wconf 82' lang='lat' dir='ltr'><strong>ad</strong></span> <span class='ocrx_word' id='word_1_580' title='bbox 2070 3197 2244 3252; x_wconf 86' lang='lat' dir='ltr'><strong>locum</strong></span> <span class='ocrx_word' id='word_1_581' title='bbox 2281 3207 2628 3254; x_wconf 87' lang='lat' dir='ltr'><strong>transmutat.</strong></span> <span class='ocrx_word' id='word_1_582' title='bbox 2659 3198 2727 3252; x_wconf 88' lang='lat' dir='ltr'><strong>Et</strong></span> <span class='ocrx_word' id='word_1_583' title='bbox 2759 3197 2863 3253; x_wconf 91' lang='lat' dir='ltr'><strong>hoc</strong></span> <span class='ocrx_word' id='word_1_584' title='bbox 2908 3199 3082 3268; x_wconf 90' lang='lat' dir='ltr'><strong>ipsum</strong></span> <span class='ocrx_word' id='word_1_585' title='bbox 3127 3201 3268 3268; x_wconf 92' lang='lat' dir='ltr'><strong>quod</strong></span> <span class='ocrx_word' id='word_1_586' title='bbox 3321 3199 3536 3254; x_wconf 85' lang='lat' dir='ltr'><strong>videtur</strong></span> <span class='ocrx_word' id='word_1_587' title='bbox 3570 3207 3575 3211; x_wconf 71' lang='lat'>‘</span> <span class='ocrx_word' id='word_1_588' title='bbox 3641 3239 3660 3258; x_wconf 91' lang='lat'><strong>.</strong></span> 
     </span>
    </p>
   </div>
   <div class='ocr_carea' id='block_1_76' title="bbox 1964 3289 3537 3362">
    <p class='ocr_par' dir='ltr' id='par_1_76' title="bbox 1964 3289 3537 3362">
     <span class='ocr_line' id='line_1_76' title="bbox 1964 3289 3537 3362; baseline 0.001 -18"><span class='ocrx_word' id='word_1_589' title='bbox 1964 3305 2083 3345; x_wconf 88' lang='lat' dir='ltr'><strong>esse</strong></span> <span class='ocrx_word' id='word_1_590' title='bbox 2105 3306 2323 3360; x_wconf 90' lang='lat' dir='ltr'><strong>corpus,</strong></span> <span class='ocrx_word' id='word_1_591' title='bbox 2347 3306 2445 3362; x_wconf 89' lang='lat' dir='ltr'><strong>per</strong></span> <span class='ocrx_word' id='word_1_592' title='bbox 2483 3293 2720 3345; x_wconf 91' lang='lat' dir='ltr'><strong>animam</strong></span> <span class='ocrx_word' id='word_1_593' title='bbox 2755 3298 2839 3345; x_wconf 90' lang='lat' dir='ltr'><strong>est</strong></span> <span class='ocrx_word' id='word_1_594' title='bbox 2880 3289 3023 3360; x_wconf 89' lang='lat' dir='ltr'><strong>quod</strong></span> <span class='ocrx_word' id='word_1_595' title='bbox 3072 3299 3174 3345; x_wconf 91' lang='lat' dir='ltr'><strong>est.</strong></span> <span class='ocrx_word' id='word_1_596' title='bbox 3227 3290 3537 3345; x_wconf 82' lang='lat' dir='ltr'><strong>Recedente</strong></span> 
     </span>
    </p>
   </div>
   <div class='ocr_carea' id='block_1_77' title="bbox 1964 3380 3553 3460">
    <p class='ocr_par' dir='ltr' id='par_1_77' title="bbox 1964 3380 3553 3460">
     <span class='ocr_line' id='line_1_77' title="bbox 1964 3380 3553 3460; baseline 0.003 -26"><span class='ocrx_word' id='word_1_597' title='bbox 1964 3389 2142 3435; x_wconf 89' lang='lat' dir='ltr'><strong>autem</strong></span> <span class='ocrx_word' id='word_1_598' title='bbox 2174 3382 2375 3447; x_wconf 91' lang='lat' dir='ltr'><strong>anima,</strong></span> <span class='ocrx_word' id='word_1_599' title='bbox 2411 3384 2594 3436; x_wconf 91' lang='lat' dir='ltr'><strong>statim</strong></span> <span class='ocrx_word' id='word_1_600' title='bbox 2620 3380 2964 3437; x_wconf 89' lang='lat' dir='ltr'><strong>convincitur</strong></span> <span class='ocrx_word' id='word_1_601' title='bbox 2985 3397 3203 3451; x_wconf 86' lang='lat' dir='ltr'><strong>corpus.</strong></span> <span class='ocrx_word' id='word_1_602' title='bbox 3231 3383 3411 3438; x_wconf 89' lang='lat' dir='ltr'><strong>statim</strong></span> <span class='ocrx_word' id='word_1_603' title='bbox 3430 3384 3553 3460; x_wconf 33' lang='grc' dir='ltr'><strong>ἀίει.</strong></span> 
     </span>
    </p>
   </div>
   <div class='ocr_carea' id='block_1_78' title="bbox 1965 3473 3538 3544">
    <p class='ocr_par' dir='ltr' id='par_1_78' title="bbox 1965 3473 3538 3544">
     <span class='ocr_line' id='line_1_78' title="bbox 1965 3473 3538 3544; baseline 0.001 -15"><span class='ocrx_word' id='word_1_604' title='bbox 1965 3473 2214 3537; x_wconf 87' lang='lat' dir='ltr'><strong>solvitur,</strong></span> <span class='ocrx_word' id='word_1_605' title='bbox 2238 3474 2420 3529; x_wconf 87' lang='lat' dir='ltr'><strong>statim</strong></span> <span class='ocrx_word' id='word_1_606' title='bbox 2458 3474 2663 3539; x_wconf 85' lang='lat' dir='ltr'><strong>defluit,</strong></span> <span class='ocrx_word' id='word_1_607' title='bbox 2688 3473 2981 3544; x_wconf 86' lang='lat' dir='ltr'><strong>spargitur,</strong></span> <span class='ocrx_word' id='word_1_608' title='bbox 3003 3474 3360 3543; x_wconf 89' lang='lat' dir='ltr'><strong>obputrescit,</strong></span> <span class='ocrx_word' id='word_1_609' title='bbox 3386 3490 3538 3530; x_wconf 89' lang='lat' dir='ltr'><strong>emo-</strong></span> 
     </span>
    </p>
   </div>
   <div class='ocr_carea' id='block_1_79' title="bbox 1969 3564 3538 3635">
    <p class='ocr_par' dir='ltr' id='par_1_79' title="bbox 1969 3564 3538 3635">
     <span class='ocr_line' id='line_1_79' title="bbox 1969 3564 3538 3635; baseline 0.001 -16"><span class='ocrx_word' id='word_1_610' title='bbox 1969 3566 2123 3627; x_wconf 89' lang='lat' dir='ltr'><strong>ritur,</strong></span> <span class='ocrx_word' id='word_1_611' title='bbox 2164 3564 2511 3635; x_wconf 89' lang='lat' dir='ltr'><strong>infrigdatur,</strong></span> <span class='ocrx_word' id='word_1_612' title='bbox 2543 3566 2795 3621; x_wconf 91' lang='lat' dir='ltr'><strong>immutat</strong></span> <span class='ocrx_word' id='word_1_613' title='bbox 2825 3565 3084 3620; x_wconf 90' lang='lat' dir='ltr'><strong>colorem.</strong></span> <span class='ocrx_word' id='word_1_614' title='bbox 3128 3565 3244 3621; x_wconf 83' lang='lat' dir='ltr'><strong>Non</strong></span> <span class='ocrx_word' id='word_1_615' title='bbox 3270 3568 3388 3635; x_wconf 85' lang='lat' dir='ltr'><strong>ejus</strong></span> <span class='ocrx_word' id='word_1_616' title='bbox 3408 3583 3538 3623; x_wconf 88' lang='lat' dir='ltr'><strong>ocu-</strong></span> 
     </span>
    </p>
   </div>
   <div class='ocr_carea' id='block_1_80' title="bbox 1968 3652 3555 3731">
    <p class='ocr_par' dir='ltr' id='par_1_80' title="bbox 1968 3652 3555 3731">
     <span class='ocr_line' id='line_1_80' title="bbox 1968 3652 3555 3731; baseline 0.002 -20"><span class='ocrx_word' id='word_1_617' title='bbox 1968 3657 2054 3713; x_wconf 89' lang='lat' dir='ltr'><strong>lus</strong></span> <span class='ocrx_word' id='word_1_618' title='bbox 2084 3659 2252 3721; x_wconf 89' lang='lat' dir='ltr'><strong>videt,</strong></span> <span class='ocrx_word' id='word_1_619' title='bbox 2280 3666 2466 3713; x_wconf 91' lang='lat' dir='ltr'><strong>etnon</strong></span> <span class='ocrx_word' id='word_1_620' title='bbox 2508 3668 2760 3713; x_wconf 89' lang='lat' dir='ltr'><strong>movetur</strong></span> <span class='ocrx_word' id='word_1_621' title='bbox 2790 3674 3005 3722; x_wconf 89' lang='lat' dir='ltr'><strong>manus,</strong></span> <span class='ocrx_word' id='word_1_622' title='bbox 3056 3674 3162 3712; x_wconf 86' lang='lat' dir='ltr'><strong>non</strong></span> <span class='ocrx_word' id='word_1_623' title='bbox 3219 3674 3335 3729; x_wconf 89' lang='lat' dir='ltr'><strong>pes,</strong></span> <span class='ocrx_word' id='word_1_624' title='bbox 3388 3652 3555 3731; x_wconf 41' lang='lat' dir='ltr'><strong>auria:</strong></span> 
     </span>
    </p>
   </div>
   <div class='ocr_carea' id='block_1_81' title="bbox 1968 3740 3555 3817">
    <p class='ocr_par' dir='ltr' id='par_1_81' title="bbox 1968 3740 3555 3817">
     <span class='ocr_line' id='line_1_81' title="bbox 1968 3740 3555 3817; baseline 0 -15"><span class='ocrx_word' id='word_1_625' title='bbox 1968 3764 2073 3803; x_wconf 87' lang='lat' dir='ltr'><strong>non</strong></span> <span class='ocrx_word' id='word_1_626' title='bbox 2101 3748 2268 3809; x_wconf 88' lang='lat' dir='ltr'><strong>audit,</strong></span> <span class='ocrx_word' id='word_1_627' title='bbox 2296 3747 2473 3817; x_wconf 87' lang='lat' dir='ltr'><strong>lingua</strong></span> <span class='ocrx_word' id='word_1_628' title='bbox 2504 3762 2610 3801; x_wconf 93' lang='lat' dir='ltr'><strong>non</strong></span> <span class='ocrx_word' id='word_1_629' title='bbox 2637 3757 2816 3817; x_wconf 83' lang='lat' dir='ltr'><strong>gustat</strong></span> <span class='ocrx_word' id='word_1_630' title='bbox 2848 3766 2862 3802; x_wconf 91' lang='lat'><strong>:</strong></span> <span class='ocrx_word' id='word_1_631' title='bbox 2894 3758 2949 3803; x_wconf 91' lang='lat' dir='ltr'><strong>et</strong></span> <span class='ocrx_word' id='word_1_632' title='bbox 2974 3747 3019 3801; x_wconf 89' lang='lat' dir='ltr'><strong>si</strong></span> <span class='ocrx_word' id='word_1_633' title='bbox 3045 3746 3337 3803; x_wconf 87' lang='lat' dir='ltr'><strong>immiseris</strong></span> <span class='ocrx_word' id='word_1_634' title='bbox 3357 3740 3555 3804; x_wconf 81' lang='lat' dir='ltr'><strong>escam</strong></span> 
     </span>
    </p>
   </div>
   <div class='ocr_carea' id='block_1_82' title="bbox 1967 3838 3544 3909">
    <p class='ocr_par' dir='ltr' id='par_1_82' title="bbox 1967 3838 3544 3909">
     <span class='ocr_line' id='line_1_82' title="bbox 1967 3838 3544 3909; baseline -0.001 -15"><span class='ocrx_word' id='word_1_635' title='bbox 1967 3840 2076 3894; x_wconf 80' lang='lat' dir='ltr'><strong>vim</strong></span> <span class='ocrx_word' id='word_1_636' title='bbox 2108 3838 2338 3905; x_wconf 83' lang='lat' dir='ltr'><strong>faciens,</strong></span> <span class='ocrx_word' id='word_1_637' title='bbox 2373 3854 2479 3894; x_wconf 91' lang='lat' dir='ltr'><strong>non</strong></span> <span class='ocrx_word' id='word_1_638' title='bbox 2536 3839 2781 3894; x_wconf 91' lang='lat' dir='ltr'><strong>efﬁciunt</strong></span> <span class='ocrx_word' id='word_1_639' title='bbox 2828 3851 3174 3909; x_wconf 87' lang='lat' dir='ltr'><strong>operameuta</strong></span> <span class='ocrx_word' id='word_1_640' title='bbox 3230 3856 3349 3909; x_wconf 72' lang='lat' dir='ltr'><strong>quae</strong></span> <span class='ocrx_word' id='word_1_641' title='bbox 3397 3841 3544 3894; x_wconf 88' lang='lat' dir='ltr'><strong>intus</strong></span> 
     </span>
    </p>
   </div>
   <div class='ocr_carea' id='block_1_83' title="bbox 1968 3930 3541 4000">
    <p class='ocr_par' dir='ltr' id='par_1_83' title="bbox 1968 3930 3541 4000">
     <span class='ocr_line' id='line_1_83' title="bbox 1968 3930 3541 4000; baseline -0.002 -11"><span class='ocrx_word' id='word_1_642' title='bbox 1968 3944 2093 3989; x_wconf 90' lang='lat' dir='ltr'><strong>sunt</strong></span> <span class='ocrx_word' id='word_1_643' title='bbox 2125 3950 2141 3989; x_wconf 88' lang='lat'><strong>:</strong></span> <span class='ocrx_word' id='word_1_644' title='bbox 2171 3934 2457 3987; x_wconf 85' lang='lat' dir='ltr'><strong>recedente</strong></span> <span class='ocrx_word' id='word_1_645' title='bbox 2480 3933 2622 3985; x_wconf 91' lang='lat' dir='ltr'><strong>enim</strong></span> <span class='ocrx_word' id='word_1_646' title='bbox 2651 3932 2863 3986; x_wconf 91' lang='lat' dir='ltr'><strong>artiﬁce</strong></span> <span class='ocrx_word' id='word_1_647' title='bbox 2888 3941 3054 3986; x_wconf 90' lang='lat' dir='ltr'><strong>stant.</strong></span> <span class='ocrx_word' id='word_1_648' title='bbox 3074 3931 3142 3985; x_wconf 89' lang='lat' dir='ltr'><strong>Et</strong></span> <span class='ocrx_word' id='word_1_649' title='bbox 3168 3930 3346 4000; x_wconf 89' lang='lat' dir='ltr'><strong>capilli</strong></span> <span class='ocrx_word' id='word_1_650' title='bbox 3375 3932 3541 3986; x_wconf 81' lang='lat' dir='ltr'><strong>etiam</strong></span> 
     </span>
    </p>
   </div>
   <div class='ocr_carea' id='block_1_84' title="bbox 1971 4020 3541 4092">
    <p class='ocr_par' dir='ltr' id='par_1_84' title="bbox 1971 4020 3541 4092">
     <span class='ocr_line' id='line_1_84' title="bbox 1971 4020 3541 4092; baseline 0 -15"><span class='ocrx_word' id='word_1_651' title='bbox 1971 4038 2076 4077; x_wconf 94' lang='lat' dir='ltr'><strong>non</strong></span> <span class='ocrx_word' id='word_1_652' title='bbox 2109 4023 2476 4085; x_wconf 88' lang='lat' dir='ltr'><strong>adducuntur,</strong></span> <span class='ocrx_word' id='word_1_653' title='bbox 2510 4032 2563 4076; x_wconf 91' lang='lat' dir='ltr'><strong>et</strong></span> <span class='ocrx_word' id='word_1_654' title='bbox 2607 4023 2937 4087; x_wconf 90' lang='lat' dir='ltr'><strong>moriuntur,</strong></span> <span class='ocrx_word' id='word_1_655' title='bbox 2970 4030 3024 4077; x_wconf 91' lang='lat' dir='ltr'><strong>et</strong></span> <span class='ocrx_word' id='word_1_656' title='bbox 3056 4037 3265 4092; x_wconf 86' lang='lat' dir='ltr'><strong>ungues</strong></span> <span class='ocrx_word' id='word_1_657' title='bbox 3289 4020 3402 4088; x_wconf 88' lang='lat' dir='ltr'><strong>jam</strong></span> <span class='ocrx_word' id='word_1_658' title='bbox 3432 4039 3541 4077; x_wconf 92' lang='lat' dir='ltr'><strong>non</strong></span> 
     </span>
    </p>
   </div>
   <div class='ocr_carea' id='block_1_85' title="bbox 1970 4112 3545 4177">
    <p class='ocr_par' dir='ltr' id='par_1_85' title="bbox 1970 4112 3545 4177">
     <span class='ocr_line' id='line_1_85' title="bbox 1970 4112 3545 4177; baseline -0.001 -8"><span class='ocrx_word' id='word_1_659' title='bbox 1970 4124 2300 4177; x_wconf 87' lang='lat' dir='ltr'><strong>crescentes,</strong></span> <span class='ocrx_word' id='word_1_660' title='bbox 2339 4122 2392 4168; x_wconf 89' lang='lat' dir='ltr'><strong>et</strong></span> <span class='ocrx_word' id='word_1_661' title='bbox 2420 4112 2601 4167; x_wconf 91' lang='lat' dir='ltr'><strong>omnia</strong></span> <span class='ocrx_word' id='word_1_662' title='bbox 2649 4114 2822 4168; x_wconf 89' lang='lat' dir='ltr'><strong>otiosa</strong></span> <span class='ocrx_word' id='word_1_663' title='bbox 2856 4123 3023 4167; x_wconf 88' lang='lat' dir='ltr'><strong>sunt:</strong></span> <span class='ocrx_word' id='word_1_664' title='bbox 3084 4113 3227 4167; x_wconf 83' lang='lat' dir='ltr'><strong>sicut</strong></span> <span class='ocrx_word' id='word_1_665' title='bbox 3272 4112 3409 4167; x_wconf 80' lang='lat' dir='ltr'><strong>fabri</strong></span> <span class='ocrx_word' id='word_1_666' title='bbox 3450 4124 3545 4168; x_wconf 90' lang='lat' dir='ltr'><strong>aut</strong></span> 
     </span>
    </p>
   </div>
   <div class='ocr_carea' id='block_1_86' title="bbox 1972 4205 3539 4275">
    <p class='ocr_par' dir='ltr' id='par_1_86' title="bbox 1972 4205 3539 4275">
     <span class='ocr_line' id='line_1_86' title="bbox 1972 4205 3539 4275; baseline -0.002 -13"><span class='ocrx_word' id='word_1_667' title='bbox 1972 4208 2202 4263; x_wconf 88' lang='lat' dir='ltr'><strong>alterius</strong></span> <span class='ocrx_word' id='word_1_668' title='bbox 2228 4206 2479 4269; x_wconf 90' lang='lat' dir='ltr'><strong>artiﬁcis.</strong></span> <span class='ocrx_word' id='word_1_669' title='bbox 2504 4208 2550 4261; x_wconf 87' lang='lat' dir='ltr'><strong>si</strong></span> <span class='ocrx_word' id='word_1_670' title='bbox 2589 4206 2880 4260; x_wconf 88' lang='lat' dir='ltr'><strong>recesserit</strong></span> <span class='ocrx_word' id='word_1_671' title='bbox 2920 4205 3142 4269; x_wconf 80' lang='lat' dir='ltr'><strong>artifex,</strong></span> <span class='ocrx_word' id='word_1_672' title='bbox 3186 4217 3539 4275; x_wconf 85' lang='lat' dir='ltr'><strong>operamcnta</strong></span> 
     </span>
    </p>
   </div>
   <div class='ocr_carea' id='block_1_87' title="bbox 1968 4290 3544 4371">
    <p class='ocr_par' dir='ltr' id='par_1_87' title="bbox 1968 4290 3544 4371">
     <span class='ocr_line' id='line_1_87' title="bbox 1968 4290 3544 4371; baseline -0.003 -17"><span class='ocrx_word' id='word_1_673' title='bbox 1968 4302 2150 4371; x_wconf 91' lang='lat' dir='ltr'><strong>jacent</strong></span> <span class='ocrx_word' id='word_1_674' title='bbox 2178 4290 2419 4369; x_wconf 88' lang='lat' dir='ltr'><strong>quidem,</strong></span> <span class='ocrx_word' id='word_1_675' title='bbox 2454 4299 2699 4367; x_wconf 87' lang='lat' dir='ltr'><strong>indigent</strong></span> <span class='ocrx_word' id='word_1_676' title='bbox 2743 4306 2925 4351; x_wconf 89' lang='lat' dir='ltr'><strong>autem</strong></span> <span class='ocrx_word' id='word_1_677' title='bbox 2959 4297 3247 4351; x_wconf 89' lang='lat' dir='ltr'><strong>habentem</strong></span> <span class='ocrx_word' id='word_1_678' title='bbox 3285 4296 3544 4350; x_wconf 84' lang='lat' dir='ltr'><strong>animam.</strong></span> 
     </span>
    </p>
   </div>
   <div class='ocr_carea' id='block_1_88' title="bbox 1974 4384 3546 4452">
    <p class='ocr_par' dir='ltr' id='par_1_88' title="bbox 1974 4384 3546 4452">
     <span class='ocr_line' id='line_1_88' title="bbox 1974 4384 3546 4452; baseline -0.002 -10"><span class='ocrx_word' id='word_1_679' title='bbox 1974 4387 2170 4442; x_wconf 89' lang='lat' dir='ltr'><strong>Statim</strong></span> <span class='ocrx_word' id='word_1_680' title='bbox 2202 4387 2349 4441; x_wconf 89' lang='lat' dir='ltr'><strong>enim</strong></span> <span class='ocrx_word' id='word_1_681' title='bbox 2389 4394 2473 4441; x_wconf 88' lang='lat' dir='ltr'><strong>est</strong></span> <span class='ocrx_word' id='word_1_682' title='bbox 2520 4386 2704 4440; x_wconf 86' lang='lat' dir='ltr'><strong>videre</strong></span> <span class='ocrx_word' id='word_1_683' title='bbox 2753 4384 2896 4439; x_wconf 76' lang='lat' dir='ltr'><strong>fmda</strong></span> <span class='ocrx_word' id='word_1_684' title='bbox 2938 4400 3167 4452; x_wconf 88' lang='lat' dir='ltr'><strong>corpora</strong></span> <span class='ocrx_word' id='word_1_685' title='bbox 3201 4385 3546 4440; x_wconf 87' lang='lat' dir='ltr'><strong>morientium</strong></span> 
     </span>
    </p>
   </div>
   <div class='ocr_carea' id='block_1_89' title="bbox 1975 4477 3545 4547">
    <p class='ocr_par' dir='ltr' id='par_1_89' title="bbox 1975 4477 3545 4547">
     <span class='ocr_line' id='line_1_89' title="bbox 1975 4477 3545 4547; baseline -0.002 -14"><span class='ocrx_word' id='word_1_686' title='bbox 1975 4478 2289 4533; x_wconf 90' lang='lat' dir='ltr'><strong>animalium</strong></span> <span class='ocrx_word' id='word_1_687' title='bbox 2324 4477 2565 4547; x_wconf 90' lang='lat' dir='ltr'><strong>putrida,</strong></span> <span class='ocrx_word' id='word_1_688' title='bbox 2597 4491 2773 4545; x_wconf 89' lang='lat' dir='ltr'><strong>neque</strong></span> <span class='ocrx_word' id='word_1_689' title='bbox 2822 4484 2879 4530; x_wconf 91' lang='lat' dir='ltr'><strong>ut</strong></span> <span class='ocrx_word' id='word_1_690' title='bbox 2935 4478 3322 4545; x_wconf 84' lang='lat' dir='ltr'><strong>contingantur</strong></span> <span class='ocrx_word' id='word_1_691' title='bbox 3368 4485 3495 4546; x_wconf 90' lang='lat' dir='ltr'><strong>apta</strong></span> <span class='ocrx_word' id='word_1_692' title='bbox 3528 4494 3545 4530; x_wconf 88' lang='lat'><strong>:</strong></span> 
     </span>
    </p>
   </div>
   <div class='ocr_carea' id='block_1_90' title="bbox 297 4566 3549 4659">
    <p class='ocr_par' dir='ltr' id='par_1_90' title="bbox 297 4566 3549 4659">
     <span class='ocr_line' id='line_1_90' title="bbox 297 4566 3549 4659; baseline -0.004 -24"><span class='ocrx_word' id='word_1_693' title='bbox 297 4585 449 4635; x_wconf 88' lang='lat' dir='ltr'><strong>tione</strong></span> <span class='ocrx_word' id='word_1_694' title='bbox 478 4582 693 4651; x_wconf 86' lang='lat' dir='ltr'><strong>dignum</strong></span> <span class='ocrx_word' id='word_1_695' title='bbox 725 4597 739 4634; x_wconf 87' lang='lat'><strong>:</strong></span> <span class='ocrx_word' id='word_1_696' title='bbox 773 4594 870 4634; x_wconf 87' lang='lat' dir='ltr'><strong>cur</strong></span> <span class='ocrx_word' id='word_1_697' title='bbox 892 4577 1068 4631; x_wconf 83' lang='lat' dir='ltr'><strong>infans</strong></span> <span class='ocrx_word' id='word_1_698' title='bbox 1095 4587 1319 4629; x_wconf 90' lang='lat' dir='ltr'><strong>matrem</strong></span> <span class='ocrx_word' id='word_1_699' title='bbox 1354 4574 1570 4644; x_wconf 88' lang='lat' dir='ltr'><strong>ignorat</strong></span> <span class='ocrx_word' id='word_1_700' title='bbox 1599 4611 1615 4635; x_wconf 94' lang='lat'><strong>,</strong></span> <span class='ocrx_word' id='word_1_701' title='bbox 1669 4581 1722 4625; x_wconf 92' lang='lat' dir='ltr'><strong>et</strong></span> <span class='ocrx_word' id='word_1_702' title='bbox 1767 4586 1868 4639; x_wconf 85' lang='lat' dir='ltr'><strong>pa-</strong></span> <span class='ocrx_word' id='word_1_703' title='bbox 1898 4603 1945 4659; x_wconf 66' lang='grc' dir='ltr'><strong><em>Β</em></strong></span> <span class='ocrx_word' id='word_1_704' title='bbox 1974 4583 2073 4624; x_wconf 89' lang='lat' dir='ltr'><strong>nec</strong></span> <span class='ocrx_word' id='word_1_705' title='bbox 2100 4569 2245 4623; x_wconf 91' lang='lat' dir='ltr'><strong>enim</strong></span> <span class='ocrx_word' id='word_1_706' title='bbox 2273 4577 2328 4620; x_wconf 92' lang='lat' dir='ltr'><strong>et</strong></span> <span class='ocrx_word' id='word_1_707' title='bbox 2360 4567 2427 4620; x_wconf 89' lang='lat' dir='ltr'><strong>ad</strong></span> <span class='ocrx_word' id='word_1_708' title='bbox 2460 4581 2638 4622; x_wconf 89' lang='lat' dir='ltr'><strong>escam</strong></span> <span class='ocrx_word' id='word_1_709' title='bbox 2674 4574 2803 4619; x_wconf 92' lang='lat' dir='ltr'><strong>sunt</strong></span> <span class='ocrx_word' id='word_1_710' title='bbox 2819 4567 3181 4621; x_wconf 84' lang='lat' dir='ltr'><strong>conducibilia</strong></span> <span class='ocrx_word' id='word_1_711' title='bbox 3219 4583 3233 4619; x_wconf 88' lang='lat'><strong>:</strong></span> <span class='ocrx_word' id='word_1_712' title='bbox 3265 4566 3335 4620; x_wconf 90' lang='lat' dir='ltr'><strong>ita</strong></span> <span class='ocrx_word' id='word_1_713' title='bbox 3366 4566 3549 4621; x_wconf 87' lang='lat' dir='ltr'><strong>anima</strong></span> 
     </span>
    </p>
   </div>
   <div class='ocr_carea' id='block_1_91' title="bbox 300 4662 1871 4740">
    <p class='ocr_par' dir='ltr' id='par_1_91' title="bbox 300 4662 1871 4740">
     <span class='ocr_line' id='line_1_91' title="bbox 300 4662 1871 4740; baseline -0.008 -13"><span class='ocrx_word' id='word_1_714' title='bbox 300 4682 439 4728; x_wconf 88' lang='lat' dir='ltr'><strong>trem</strong></span> <span class='ocrx_word' id='word_1_715' title='bbox 471 4687 574 4726; x_wconf 90' lang='lat' dir='ltr'><strong>non</strong></span> <span class='ocrx_word' id='word_1_716' title='bbox 608 4668 884 4740; x_wconf 88' lang='lat' dir='ltr'><strong>agnoscit?</strong></span> <span class='ocrx_word' id='word_1_717' title='bbox 919 4665 1102 4735; x_wconf 78' lang='lat' dir='ltr'><strong>Neque</strong></span> <span class='ocrx_word' id='word_1_718' title='bbox 1134 4681 1161 4718; x_wconf 86' lang='lat' dir='ltr'><strong>a</strong></span> <span class='ocrx_word' id='word_1_719' title='bbox 1195 4679 1254 4720; x_wconf 91' lang='lat' dir='ltr'><strong>se</strong></span> <span class='ocrx_word' id='word_1_720' title='bbox 1294 4664 1470 4733; x_wconf 89' lang='lat' dir='ltr'><strong>pergit</strong></span> <span class='ocrx_word' id='word_1_721' title='bbox 1514 4662 1627 4735; x_wconf 77' lang='lat'><strong>(36)</strong></span> <span class='ocrx_word' id='word_1_722' title='bbox 1662 4662 1728 4715; x_wconf 89' lang='lat' dir='ltr'><strong>ad</strong></span> <span class='ocrx_word' id='word_1_723' title='bbox 1754 4677 1871 4715; x_wconf 88' lang='lat' dir='ltr'><strong>ma-</strong></span> 
     </span>
    </p>
   </div>
   <div class='ocr_carea' id='block_1_92' title="bbox 300 4753 1864 4830">
    <p class='ocr_par' dir='ltr' id='par_1_92' title="bbox 300 4753 1864 4830">
     <span class='ocr_line' id='line_1_92' title="bbox 300 4753 1864 4830; baseline -0.008 -11"><span class='ocrx_word' id='word_1_724' title='bbox 300 4763 527 4827; x_wconf 66' lang='lat' dir='ltr'><strong>millam,</strong></span> <span class='ocrx_word' id='word_1_725' title='bbox 553 4778 724 4830; x_wconf 88' lang='lat' dir='ltr'><strong>neque</strong></span> <span class='ocrx_word' id='word_1_726' title='bbox 751 4761 953 4830; x_wconf 89' lang='lat' dir='ltr'><strong>aliquid</strong></span> <span class='ocrx_word' id='word_1_727' title='bbox 982 4755 1289 4813; x_wconf 89' lang='lat' dir='ltr'><strong>istiusmodi</strong></span> <span class='ocrx_word' id='word_1_728' title='bbox 1320 4755 1478 4811; x_wconf 87' lang='lat' dir='ltr'><strong>facit.</strong></span> <span class='ocrx_word' id='word_1_729' title='bbox 1524 4755 1662 4821; x_wconf 87' lang='lat' dir='ltr'><strong>Quia</strong></span> <span class='ocrx_word' id='word_1_730' title='bbox 1718 4753 1864 4807; x_wconf 90' lang='lat' dir='ltr'><strong>enim</strong></span> 
     </span>
    </p>
   </div>
   <div class='ocr_carea' id='block_1_93' title="bbox 298 4844 1867 4917">
    <p class='ocr_par' dir='ltr' id='par_1_93' title="bbox 298 4844 1867 4917">
     <span class='ocr_line' id='line_1_93' title="bbox 298 4844 1867 4917; baseline -0.01 -4"><span class='ocrx_word' id='word_1_731' title='bbox 298 4866 381 4913; x_wconf 84' lang='lat' dir='ltr'><strong>est</strong></span> <span class='ocrx_word' id='word_1_732' title='bbox 412 4869 604 4910; x_wconf 88' lang='lat' dir='ltr'><strong>sensus</strong></span> <span class='ocrx_word' id='word_1_733' title='bbox 635 4855 687 4908; x_wconf 94' lang='lat' dir='ltr'><strong>in</strong></span> <span class='ocrx_word' id='word_1_734' title='bbox 716 4863 909 4917; x_wconf 89' lang='lat' dir='ltr'><strong>matre,</strong></span> <span class='ocrx_word' id='word_1_735' title='bbox 943 4862 999 4906; x_wconf 91' lang='lat' dir='ltr'><strong>et</strong></span> <span class='ocrx_word' id='word_1_736' title='bbox 1032 4850 1197 4905; x_wconf 87' lang='lat' dir='ltr'><strong>tutela</strong></span> <span class='ocrx_word' id='word_1_737' title='bbox 1233 4849 1283 4902; x_wconf 91' lang='lat' dir='ltr'><strong>in</strong></span> <span class='ocrx_word' id='word_1_738' title='bbox 1328 4856 1483 4916; x_wconf 89' lang='lat' dir='ltr'><strong>patre</strong></span> <span class='ocrx_word' id='word_1_739' title='bbox 1505 4886 1521 4910; x_wconf 93' lang='lat'><strong>,</strong></span> <span class='ocrx_word' id='word_1_740' title='bbox 1560 4855 1615 4899; x_wconf 91' lang='lat' dir='ltr'><strong>et</strong></span> <span class='ocrx_word' id='word_1_741' title='bbox 1665 4859 1755 4898; x_wconf 83' lang='lat' dir='ltr'><strong>ars</strong></span> <span class='ocrx_word' id='word_1_742' title='bbox 1812 4844 1867 4898; x_wconf 87' lang='lat' dir='ltr'><strong>in</strong></span> 
     </span>
    </p>
   </div>
   <div class='ocr_carea' id='block_1_94' title="bbox 298 4934 1866 5014">
    <p class='ocr_par' dir='ltr' id='par_1_94' title="bbox 298 4934 1866 5014">
     <span class='ocr_line' id='line_1_94' title="bbox 298 4934 1866 5014; baseline -0.01 -10"><span class='ocrx_word' id='word_1_743' title='bbox 298 4948 591 5004; x_wconf 78' lang='lat' dir='ltr'><strong>obstetrice</strong></span> <span class='ocrx_word' id='word_1_744' title='bbox 619 4961 633 4999; x_wconf 86' lang='lat'><strong>:</strong></span> <span class='ocrx_word' id='word_1_745' title='bbox 659 4956 716 4999; x_wconf 85' lang='grc' dir='ltr'><strong>ιιι</strong></span> <span class='ocrx_word' id='word_1_746' title='bbox 740 4953 994 5014; x_wconf 86' lang='lat' dir='ltr'><strong>appareat</strong></span> <span class='ocrx_word' id='word_1_747' title='bbox 1016 4941 1363 5012; x_wconf 71' lang='lat' dir='ltr'><strong>providentia:</strong></span> <span class='ocrx_word' id='word_1_748' title='bbox 1393 4936 1748 5007; x_wconf 88' lang='lat' dir='ltr'><strong>dispensatio,</strong></span> <span class='ocrx_word' id='word_1_749' title='bbox 1778 4934 1866 4988; x_wconf 89' lang='lat' dir='ltr'><strong>ubi</strong></span> 
     </span>
    </p>
   </div>
   <div class='ocr_carea' id='block_1_95' title="bbox 300 5026 1866 5103">
    <p class='ocr_par' dir='ltr' id='par_1_95' title="bbox 300 5026 1866 5103">
     <span class='ocr_line' id='line_1_95' title="bbox 300 5026 1866 5103; baseline -0.009 -10"><span class='ocrx_word' id='word_1_750' title='bbox 300 5040 404 5093; x_wconf 82' lang='lat' dir='ltr'><strong>ista</strong></span> <span class='ocrx_word' id='word_1_751' title='bbox 433 5038 645 5099; x_wconf 88' lang='lat' dir='ltr'><strong>desunt,</strong></span> <span class='ocrx_word' id='word_1_752' title='bbox 673 5044 865 5089; x_wconf 89' lang='lat' dir='ltr'><strong>natura</strong></span> <span class='ocrx_word' id='word_1_753' title='bbox 892 5033 1124 5103; x_wconf 90' lang='lat' dir='ltr'><strong>complet</strong></span> <span class='ocrx_word' id='word_1_754' title='bbox 1156 5050 1170 5086; x_wconf 87' lang='lat'><strong>:</strong></span> <span class='ocrx_word' id='word_1_755' title='bbox 1204 5033 1292 5084; x_wconf 89' lang='lat' dir='ltr'><strong>ubi</strong></span> <span class='ocrx_word' id='word_1_756' title='bbox 1322 5039 1503 5082; x_wconf 84' lang='lat' dir='ltr'><strong>autem</strong></span> <span class='ocrx_word' id='word_1_757' title='bbox 1541 5029 1641 5082; x_wconf 89' lang='lat' dir='ltr'><strong>ista</strong></span> <span class='ocrx_word' id='word_1_758' title='bbox 1688 5026 1866 5079; x_wconf 87' lang='lat' dir='ltr'><strong>abun-</strong></span> 
     </span>
    </p>
   </div>
   <div class='ocr_carea' id='block_1_96' title="bbox 301 5119 1869 5199">
    <p class='ocr_par' dir='ltr' id='par_1_96' title="bbox 301 5119 1869 5199">
     <span class='ocr_line' id='line_1_96' title="bbox 301 5119 1869 5199; baseline -0.009 -13"><span class='ocrx_word' id='word_1_759' title='bbox 301 5136 454 5195; x_wconf 86' lang='lat' dir='ltr'><strong>dant,</strong></span> <span class='ocrx_word' id='word_1_760' title='bbox 488 5139 675 5182; x_wconf 89' lang='lat' dir='ltr'><strong>natura</strong></span> <span class='ocrx_word' id='word_1_761' title='bbox 705 5127 867 5182; x_wconf 90' lang='lat' dir='ltr'><strong>cedit.</strong></span> <span class='ocrx_word' id='word_1_762' title='bbox 895 5125 1009 5180; x_wconf 83' lang='lat' dir='ltr'><strong>Non</strong></span> <span class='ocrx_word' id='word_1_763' title='bbox 1042 5126 1185 5178; x_wconf 88' lang='lat' dir='ltr'><strong>enim</strong></span> <span class='ocrx_word' id='word_1_764' title='bbox 1212 5124 1392 5178; x_wconf 88' lang='lat' dir='ltr'><strong>statim</strong></span> <span class='ocrx_word' id='word_1_765' title='bbox 1432 5122 1604 5190; x_wconf 86' lang='lat' dir='ltr'><strong>surgit</strong></span> <span class='ocrx_word' id='word_1_766' title='bbox 1635 5119 1869 5199; x_wconf 55' lang='lat' dir='ltr'><strong>infans:</strong></span> 
     </span>
    </p>
   </div>
   <div class='ocr_carea' id='block_1_97' title="bbox 301 5214 1870 5287">
    <p class='ocr_par' dir='ltr' id='par_1_97' title="bbox 301 5214 1870 5287">
     <span class='ocr_line' id='line_1_97' title="bbox 301 5214 1870 5287; baseline -0.008 -10"><span class='ocrx_word' id='word_1_767' title='bbox 301 5225 467 5278; x_wconf 80' lang='lat' dir='ltr'><strong>habet</strong></span> <span class='ocrx_word' id='word_1_768' title='bbox 509 5224 652 5277; x_wconf 87' lang='lat' dir='ltr'><strong>enim</strong></span> <span class='ocrx_word' id='word_1_769' title='bbox 686 5235 878 5274; x_wconf 85' lang='lat' dir='ltr'><strong>manus</strong></span> <span class='ocrx_word' id='word_1_770' title='bbox 906 5234 1027 5287; x_wconf 76' lang='lat' dir='ltr'><strong>qua:</strong></span> <span class='ocrx_word' id='word_1_771' title='bbox 1069 5224 1288 5287; x_wconf 89' lang='lat' dir='ltr'><strong>portant</strong></span> <span class='ocrx_word' id='word_1_772' title='bbox 1318 5234 1332 5269; x_wconf 90' lang='lat'><strong>:</strong></span> <span class='ocrx_word' id='word_1_773' title='bbox 1395 5214 1738 5269; x_wconf 87' lang='lat' dir='ltr'><strong>necessarios</strong></span> <span class='ocrx_word' id='word_1_774' title='bbox 1775 5218 1870 5281; x_wconf 62' lang='grc' dir='ltr'><strong><em>φ-</em></strong></span> 
     </span>
    </p>
   </div>
   <div class='ocr_carea' id='block_1_98' title="bbox 299 5305 1868 5387">
    <p class='ocr_par' dir='ltr' id='par_1_98' title="bbox 299 5305 1868 5387">
     <span class='ocr_line' id='line_1_98' title="bbox 299 5305 1868 5387; baseline -0.008 -19"><span class='ocrx_word' id='word_1_775' title='bbox 299 5316 460 5387; x_wconf 83' lang='lat' dir='ltr'><strong>pillos</strong></span> <span class='ocrx_word' id='word_1_776' title='bbox 490 5330 595 5367; x_wconf 89' lang='lat' dir='ltr'><strong>non</strong></span> <span class='ocrx_word' id='word_1_777' title='bbox 619 5312 842 5367; x_wconf 90' lang='lat' dir='ltr'><strong>habuit:</strong></span> <span class='ocrx_word' id='word_1_778' title='bbox 873 5310 967 5379; x_wconf 89' lang='lat' dir='ltr'><strong>pili</strong></span> <span class='ocrx_word' id='word_1_779' title='bbox 991 5310 1134 5362; x_wconf 89' lang='lat' dir='ltr'><strong>enim</strong></span> <span class='ocrx_word' id='word_1_780' title='bbox 1170 5310 1347 5364; x_wconf 88' lang='lat' dir='ltr'><strong>ovium</strong></span> <span class='ocrx_word' id='word_1_781' title='bbox 1378 5305 1688 5361; x_wconf 84' lang='lat' dir='ltr'><strong>necessaria</strong></span> <span class='ocrx_word' id='word_1_782' title='bbox 1715 5318 1868 5357; x_wconf 91' lang='lat' dir='ltr'><strong>com-</strong></span> 
     </span>
    </p>
   </div>
   <div class='ocr_carea' id='block_1_99' title="bbox 300 5395 1872 5477">
    <p class='ocr_par' dir='ltr' id='par_1_99' title="bbox 300 5395 1872 5477">
     <span class='ocr_line' id='line_1_99' title="bbox 300 5395 1872 5477; baseline -0.007 -17"><span class='ocrx_word' id='word_1_783' title='bbox 300 5408 471 5477; x_wconf 85' lang='lat' dir='ltr'><strong>plent.</strong></span> <span class='ocrx_word' id='word_1_784' title='bbox 509 5403 744 5470; x_wconf 67' lang='lat' dir='ltr'><strong>Quaerito</strong></span> <span class='ocrx_word' id='word_1_785' title='bbox 792 5412 970 5456; x_wconf 90' lang='lat' dir='ltr'><strong>autem</strong></span> <span class='ocrx_word' id='word_1_786' title='bbox 1002 5408 1056 5454; x_wconf 89' lang='lat' dir='ltr'><strong>et</strong></span> <span class='ocrx_word' id='word_1_787' title='bbox 1089 5401 1259 5469; x_wconf 84' lang='lat' dir='ltr'><strong>ipsam</strong></span> <span class='ocrx_word' id='word_1_788' title='bbox 1316 5399 1643 5470; x_wconf 88' lang='lat' dir='ltr'><strong>positionem</strong></span> <span class='ocrx_word' id='word_1_789' title='bbox 1700 5395 1872 5449; x_wconf 80' lang='lat' dir='ltr'><strong>fontis</strong></span> 
     </span>
    </p>
   </div>
   <div class='ocr_carea' id='block_1_100' title="bbox 302 5488 1874 5567">
    <p class='ocr_par' dir='ltr' id='par_1_100' title="bbox 302 5488 1874 5567">
     <span class='ocr_line' id='line_1_100' title="bbox 302 5488 1874 5567; baseline -0.011 -12"><span class='ocrx_word' id='word_1_790' title='bbox 302 5514 549 5555; x_wconf 67' lang='lat' dir='ltr'><strong>escarum</strong></span> <span class='ocrx_word' id='word_1_791' title='bbox 580 5495 754 5567; x_wconf 85' lang='lat' dir='ltr'><strong>qualis</strong></span> <span class='ocrx_word' id='word_1_792' title='bbox 788 5491 929 5562; x_wconf 86' lang='lat' dir='ltr'><strong>apud</strong></span> <span class='ocrx_word' id='word_1_793' title='bbox 960 5505 1081 5558; x_wconf 83' lang='lat' dir='ltr'><strong>nos,</strong></span> <span class='ocrx_word' id='word_1_794' title='bbox 1120 5502 1175 5548; x_wconf 90' lang='lat' dir='ltr'><strong>et</strong></span> <span class='ocrx_word' id='word_1_795' title='bbox 1211 5492 1389 5562; x_wconf 84' lang='lat' dir='ltr'><strong>qualis</strong></span> <span class='ocrx_word' id='word_1_796' title='bbox 1416 5489 1555 5559; x_wconf 80' lang='lat' dir='ltr'><strong>apud</strong></span> <span class='ocrx_word' id='word_1_797' title='bbox 1582 5488 1874 5541; x_wconf 77' lang='lat' dir='ltr'><strong>irrationa-</strong></span> 
     </span>
    </p>
   </div>
   <div class='ocr_carea' id='block_1_101' title="bbox 304 5586 1873 5653">
    <p class='ocr_par' dir='ltr' id='par_1_101' title="bbox 304 5586 1873 5653">
     <span class='ocr_line' id='line_1_101' title="bbox 304 5586 1873 5653; baseline -0.009 -6"><span class='ocrx_word' id='word_1_798' title='bbox 304 5592 441 5647; x_wconf 86' lang='lat' dir='ltr'><strong>biles</strong></span> <span class='ocrx_word' id='word_1_799' title='bbox 467 5592 746 5644; x_wconf 85' lang='lat' dir='ltr'><strong>haheatnr.</strong></span> <span class='ocrx_word' id='word_1_800' title='bbox 774 5586 908 5653; x_wconf 85' lang='lat' dir='ltr'><strong>Quia</strong></span> <span class='ocrx_word' id='word_1_801' title='bbox 940 5586 1082 5639; x_wconf 91' lang='lat' dir='ltr'><strong>enim</strong></span> <span class='ocrx_word' id='word_1_802' title='bbox 1106 5595 1321 5639; x_wconf 89' lang='lat' dir='ltr'><strong>erectus</strong></span> <span class='ocrx_word' id='word_1_803' title='bbox 1350 5594 1536 5640; x_wconf 85' lang='lat' dir='ltr'><strong>noster</strong></span> <span class='ocrx_word' id='word_1_804' title='bbox 1564 5592 1650 5636; x_wconf 86' lang='lat' dir='ltr'><strong>est</strong></span> <span class='ocrx_word' id='word_1_805' title='bbox 1672 5590 1873 5643; x_wconf 86' lang='lat' dir='ltr'><strong>status,</strong></span> 
     </span>
    </p>
   </div>
   <div class='ocr_carea' id='block_1_102' title="bbox 305 5674 1873 5755">
    <p class='ocr_par' dir='ltr' id='par_1_102' title="bbox 305 5674 1873 5755">
     <span class='ocr_line' id='line_1_102' title="bbox 305 5674 1873 5755; baseline -0.007 -18"><span class='ocrx_word' id='word_1_806' title='bbox 305 5685 431 5755; x_wconf 83' lang='lat' dir='ltr'><strong>quia</strong></span> <span class='ocrx_word' id='word_1_807' title='bbox 454 5685 505 5737; x_wconf 89' lang='lat' dir='ltr'><strong>in</strong></span> <span class='ocrx_word' id='word_1_808' title='bbox 537 5682 681 5735; x_wconf 83' lang='lat' dir='ltr'><strong>inani</strong></span> <span class='ocrx_word' id='word_1_809' title='bbox 726 5696 786 5734; x_wconf 88' lang='lat' dir='ltr'><strong>os</strong></span> <span class='ocrx_word' id='word_1_810' title='bbox 836 5688 1142 5746; x_wconf 89' lang='lat' dir='ltr'><strong>portamus,</strong></span> <span class='ocrx_word' id='word_1_811' title='bbox 1178 5678 1427 5746; x_wconf 85' lang='lat' dir='ltr'><strong>superius</strong></span> <span class='ocrx_word' id='word_1_812' title='bbox 1487 5674 1768 5731; x_wconf 88' lang='lat' dir='ltr'><strong>constituit</strong></span> <span class='ocrx_word' id='word_1_813' title='bbox 1817 5681 1873 5728; x_wconf 89' lang='lat' dir='ltr'><strong>et</strong></span> 
     </span>
    </p>
   </div>
   <div class='ocr_carea' id='block_1_103' title="bbox 379 5862 1225 5939">
    <p class='ocr_par' dir='ltr' id='par_1_103' title="bbox 379 5862 1225 5939">
     <span class='ocr_line' id='line_1_103' title="bbox 379 5862 1225 5939; baseline -0.004 -20"><span class='ocrx_word' id='word_1_814' title='bbox 379 5867 490 5939; x_wconf 80' lang='lat'><strong>(35)</strong></span> <span class='ocrx_word' id='word_1_815' title='bbox 524 5865 715 5938; x_wconf 78' lang='lat' dir='ltr'><strong>Ipsius.</strong></span> <span class='ocrx_word' id='word_1_816' title='bbox 742 5862 938 5933; x_wconf 74' lang='grc' dir='ltr'><strong>Αὐτοῦ,</strong></span> <span class='ocrx_word' id='word_1_817' title='bbox 967 5863 1225 5933; x_wconf 66' lang='lat' dir='ltr'><strong>eiusdem.</strong></span> 
     </span>
    </p>
   </div>
   <div class='ocr_carea' id='block_1_104' title="bbox 1977 4658 3565 4733">
    <p class='ocr_par' dir='ltr' id='par_1_104' title="bbox 1977 4658 3565 4733">
     <span class='ocr_line' id='line_1_104' title="bbox 1977 4658 3565 4733; baseline -0.001 -19"><span class='ocrx_word' id='word_1_818' title='bbox 1977 4662 2264 4715; x_wconf 87' lang='lat' dir='ltr'><strong>recedente</strong></span> <span class='ocrx_word' id='word_1_819' title='bbox 2297 4674 2402 4713; x_wconf 91' lang='lat' dir='ltr'><strong>non</strong></span> <span class='ocrx_word' id='word_1_820' title='bbox 2441 4659 2553 4713; x_wconf 86' lang='lat' dir='ltr'><strong>sint</strong></span> <span class='ocrx_word' id='word_1_821' title='bbox 2597 4659 2747 4712; x_wconf 90' lang='lat' dir='ltr'><strong>utilia</strong></span> <span class='ocrx_word' id='word_1_822' title='bbox 2784 4658 2851 4713; x_wconf 87' lang='lat' dir='ltr'><strong>ad</strong></span> <span class='ocrx_word' id='word_1_823' title='bbox 2900 4673 2963 4713; x_wconf 93' lang='lat' dir='ltr'><strong>ea</strong></span> <span class='ocrx_word' id='word_1_824' title='bbox 2995 4675 3115 4728; x_wconf 74' lang='lat' dir='ltr'><strong>qua:</strong></span> <span class='ocrx_word' id='word_1_825' title='bbox 3170 4675 3283 4715; x_wconf 75' lang='lat' dir='ltr'><strong>sure</strong></span> <span class='ocrx_word' id='word_1_826' title='bbox 3343 4669 3565 4733; x_wconf 44' lang='lat' dir='ltr'><strong>natura;</strong></span> 
     </span>
    </p>
   </div>
   <div class='ocr_carea' id='block_1_105' title="bbox 1975 4750 3551 4821">
    <p class='ocr_par' dir='ltr' id='par_1_105' title="bbox 1975 4750 3551 4821">
     <span class='ocr_line' id='line_1_105' title="bbox 1975 4750 3551 4821; baseline -0.003 -14"><span class='ocrx_word' id='word_1_827' title='bbox 1975 4761 2120 4807; x_wconf 87' lang='lat' dir='ltr'><strong>sunt.</strong></span> <span class='ocrx_word' id='word_1_828' title='bbox 2149 4750 2332 4807; x_wconf 84' lang='lat' dir='ltr'><strong>Mirari</strong></span> <span class='ocrx_word' id='word_1_829' title='bbox 2361 4750 2505 4805; x_wconf 91' lang='lat' dir='ltr'><strong>enim</strong></span> <span class='ocrx_word' id='word_1_830' title='bbox 2530 4760 2614 4805; x_wconf 90' lang='lat' dir='ltr'><strong>est</strong></span> <span class='ocrx_word' id='word_1_831' title='bbox 2632 4751 3056 4821; x_wconf 86' lang='lat' dir='ltr'><strong>etilla,quorum</strong></span> <span class='ocrx_word' id='word_1_832' title='bbox 3084 4752 3261 4805; x_wconf 90' lang='lat' dir='ltr'><strong>anima</strong></span> <span class='ocrx_word' id='word_1_833' title='bbox 3294 4751 3551 4819; x_wconf 88' lang='lat' dir='ltr'><strong>languore</strong></span> 
     </span>
    </p>
   </div>
   <div class='ocr_carea' id='block_1_106' title="bbox 1978 4840 3553 4899">
    <p class='ocr_par' dir='ltr' id='par_1_106' title="bbox 1978 4840 3553 4899">
     <span class='ocr_line' id='line_1_106' title="bbox 1978 4840 3553 4899; baseline -0.001 -3"><span class='ocrx_word' id='word_1_834' title='bbox 1978 4853 2070 4896; x_wconf 90' lang='lat' dir='ltr'><strong>aut</strong></span> <span class='ocrx_word' id='word_1_835' title='bbox 2102 4842 2462 4897; x_wconf 89' lang='lat' dir='ltr'><strong>dissolutione</strong></span> <span class='ocrx_word' id='word_1_836' title='bbox 2487 4840 2794 4897; x_wconf 85' lang='lat' dir='ltr'><strong>istiusmodi</strong></span> <span class='ocrx_word' id='word_1_837' title='bbox 2827 4844 3054 4899; x_wconf 90' lang='lat' dir='ltr'><strong>recedit.</strong></span> <span class='ocrx_word' id='word_1_838' title='bbox 3084 4843 3141 4897; x_wconf 90' lang='lat' dir='ltr'><strong>Si</strong></span> <span class='ocrx_word' id='word_1_839' title='bbox 3167 4850 3347 4896; x_wconf 89' lang='lat' dir='ltr'><strong>autem</strong></span> <span class='ocrx_word' id='word_1_840' title='bbox 3382 4850 3437 4894; x_wconf 92' lang='lat' dir='ltr'><strong>et</strong></span> <span class='ocrx_word' id='word_1_841' title='bbox 3468 4856 3553 4894; x_wconf 84' lang='lat' dir='ltr'><strong>re-</strong></span> 
     </span>
    </p>
   </div>
   <div class='ocr_carea' id='block_1_107' title="bbox 1976 4930 3548 5002">
    <p class='ocr_par' dir='ltr' id='par_1_107' title="bbox 1976 4930 3548 5002">
     <span class='ocr_line' id='line_1_107' title="bbox 1976 4930 3548 5002; baseline -0.004 -12"><span class='ocrx_word' id='word_1_842' title='bbox 1976 4935 2171 4990; x_wconf 87' lang='lat' dir='ltr'><strong>cedere</strong></span> <span class='ocrx_word' id='word_1_843' title='bbox 2195 4940 2411 5002; x_wconf 91' lang='lat' dir='ltr'><strong>oportet</strong></span> <span class='ocrx_word' id='word_1_844' title='bbox 2439 4931 2545 4987; x_wconf 88' lang='lat' dir='ltr'><strong>dici</strong></span> <span class='ocrx_word' id='word_1_845' title='bbox 2572 4934 2811 4988; x_wconf 85' lang='lat' dir='ltr'><strong>animam</strong></span> <span class='ocrx_word' id='word_1_846' title='bbox 2842 4933 3320 4993; x_wconf 84' lang='lat' dir='ltr'><strong>irrationabilium,</strong></span> <span class='ocrx_word' id='word_1_847' title='bbox 3355 4930 3548 4983; x_wconf 88' lang='lat' dir='ltr'><strong>horum</strong></span> 
     </span>
    </p>
   </div>
   <div class='ocr_carea' id='block_1_108' title="bbox 1978 5019 3565 5089">
    <p class='ocr_par' dir='ltr' id='par_1_108' title="bbox 1978 5019 3565 5089">
     <span class='ocr_line' id='line_1_108' title="bbox 1978 5019 3565 5089; baseline -0.003 -10"><span class='ocrx_word' id='word_1_848' title='bbox 1978 5023 2323 5079; x_wconf 88' lang='lat' dir='ltr'><strong>mortiﬁcatio</strong></span> <span class='ocrx_word' id='word_1_849' title='bbox 2357 5023 2638 5078; x_wconf 88' lang='lat' dir='ltr'><strong>immutata</strong></span> <span class='ocrx_word' id='word_1_850' title='bbox 2665 5032 2751 5079; x_wconf 90' lang='lat' dir='ltr'><strong>est</strong></span> <span class='ocrx_word' id='word_1_851' title='bbox 2774 5039 2805 5079; x_wconf 89' lang='lat' dir='ltr'><strong>a</strong></span> <span class='ocrx_word' id='word_1_852' title='bbox 2838 5032 2984 5079; x_wconf 89' lang='lat' dir='ltr'><strong>statu</strong></span> <span class='ocrx_word' id='word_1_853' title='bbox 3021 5023 3234 5077; x_wconf 87' lang='lat' dir='ltr'><strong>illorum</strong></span> <span class='ocrx_word' id='word_1_854' title='bbox 3264 5036 3382 5089; x_wconf 74' lang='lat' dir='ltr'><strong>qua:</strong></span> <span class='ocrx_word' id='word_1_855' title='bbox 3406 5019 3565 5075; x_wconf 11' lang='lat' dir='ltr'><strong>oeci-7</strong></span> 
     </span>
    </p>
   </div>
   <div class='ocr_carea' id='block_1_109' title="bbox 1977 5107 3551 5179">
    <p class='ocr_par' dir='ltr' id='par_1_109' title="bbox 1977 5107 3551 5179">
     <span class='ocr_line' id='line_1_109' title="bbox 1977 5107 3551 5179; baseline -0.003 -12"><span class='ocrx_word' id='word_1_856' title='bbox 1977 5113 2197 5167; x_wconf 89' lang='lat' dir='ltr'><strong>duntur.</strong></span> <span class='ocrx_word' id='word_1_857' title='bbox 2222 5113 2352 5179; x_wconf 69' lang='lat' dir='ltr'><strong>Qua:</strong></span> <span class='ocrx_word' id='word_1_858' title='bbox 2368 5111 2698 5169; x_wconf 90' lang='lat' dir='ltr'><strong>occiduntur</strong></span> <span class='ocrx_word' id='word_1_859' title='bbox 2722 5113 2866 5168; x_wconf 92' lang='lat' dir='ltr'><strong>enim</strong></span> <span class='ocrx_word' id='word_1_860' title='bbox 2896 5112 3001 5166; x_wconf 91' lang='lat' dir='ltr'><strong>alia</strong></span> <span class='ocrx_word' id='word_1_861' title='bbox 3055 5118 3183 5166; x_wconf 84' lang='lat' dir='ltr'><strong>sunt</strong></span> <span class='ocrx_word' id='word_1_862' title='bbox 3211 5118 3267 5164; x_wconf 90' lang='lat' dir='ltr'><strong>et</strong></span> <span class='ocrx_word' id='word_1_863' title='bbox 3319 5107 3505 5163; x_wconf 86' lang='lat' dir='ltr'><strong>calore</strong></span> <span class='ocrx_word' id='word_1_864' title='bbox 3534 5151 3551 5176; x_wconf 93' lang='lat'><strong>,</strong></span> 
     </span>
    </p>
   </div>
   <div class='ocr_carea' id='block_1_110' title="bbox 1973 5201 3552 5288">
    <p class='ocr_par' dir='ltr' id='par_1_110' title="bbox 1973 5201 3552 5288">
     <span class='ocr_line' id='line_1_110' title="bbox 1973 5201 3552 5288; baseline -0.004 -25"><span class='ocrx_word' id='word_1_865' title='bbox 1973 5208 2077 5263; x_wconf 86' lang='lat' dir='ltr'><strong>alia</strong></span> <span class='ocrx_word' id='word_1_866' title='bbox 2103 5223 2316 5288; x_wconf 67' lang='lat' dir='ltr'><strong>sapore,</strong></span> <span class='ocrx_word' id='word_1_867' title='bbox 2350 5210 2453 5264; x_wconf 87' lang='lat' dir='ltr'><strong>alia</strong></span> <span class='ocrx_word' id='word_1_868' title='bbox 2493 5218 2549 5264; x_wconf 90' lang='lat' dir='ltr'><strong>et</strong></span> <span class='ocrx_word' id='word_1_869' title='bbox 2580 5208 2772 5271; x_wconf 82' lang='lat' dir='ltr'><strong>odore,</strong></span> <span class='ocrx_word' id='word_1_870' title='bbox 2802 5206 2908 5259; x_wconf 88' lang='lat' dir='ltr'><strong>alia</strong></span> <span class='ocrx_word' id='word_1_871' title='bbox 2958 5203 3404 5259; x_wconf 86' lang='lat' dir='ltr'><strong>manducatione.</strong></span> <span class='ocrx_word' id='word_1_872' title='bbox 3454 5201 3552 5256; x_wconf 69' lang='lat' dir='ltr'><strong>lita</strong></span> 
     </span>
    </p>
   </div>
   <div class='ocr_carea' id='block_1_111' title="bbox 1977 5295 3555 5371">
    <p class='ocr_par' dir='ltr' id='par_1_111' title="bbox 1977 5295 3555 5371">
     <span class='ocr_line' id='line_1_111' title="bbox 1977 5295 3555 5371; baseline -0.005 -14"><span class='ocrx_word' id='word_1_873' title='bbox 1977 5312 2155 5357; x_wconf 86' lang='lat' dir='ltr'><strong>autem</strong></span> <span class='ocrx_word' id='word_1_874' title='bbox 2180 5318 2300 5371; x_wconf 61' lang='lat' dir='ltr'><strong>qua</strong></span> <span class='ocrx_word' id='word_1_875' title='bbox 2326 5303 2629 5358; x_wconf 89' lang='lat' dir='ltr'><strong>moriuntur</strong></span> <span class='ocrx_word' id='word_1_876' title='bbox 2655 5310 2712 5353; x_wconf 90' lang='lat' dir='ltr'><strong>et</strong></span> <span class='ocrx_word' id='word_1_877' title='bbox 2736 5316 2843 5354; x_wconf 93' lang='lat' dir='ltr'><strong>non</strong></span> <span class='ocrx_word' id='word_1_878' title='bbox 2879 5298 3223 5363; x_wconf 88' lang='lat' dir='ltr'><strong>occiduntur,</strong></span> <span class='ocrx_word' id='word_1_879' title='bbox 3263 5305 3318 5351; x_wconf 91' lang='lat' dir='ltr'><strong>et</strong></span> <span class='ocrx_word' id='word_1_880' title='bbox 3351 5296 3404 5349; x_wconf 91' lang='lat' dir='ltr'><strong>in</strong></span> <span class='ocrx_word' id='word_1_881' title='bbox 3436 5295 3555 5363; x_wconf 82' lang='lat' dir='ltr'><strong>ipsa</strong></span> 
     </span>
    </p>
   </div>
   <div class='ocr_carea' id='block_1_112' title="bbox 1979 5387 3554 5453">
    <p class='ocr_par' dir='ltr' id='par_1_112' title="bbox 1979 5387 3554 5453">
     <span class='ocr_line' id='line_1_112' title="bbox 1979 5387 3554 5453; baseline -0.006 -3"><span class='ocrx_word' id='word_1_882' title='bbox 1979 5405 2155 5450; x_wconf 79' lang='lat' dir='ltr'><strong>morte</strong></span> <span class='ocrx_word' id='word_1_883' title='bbox 2178 5395 2381 5453; x_wconf 86' lang='lat' dir='ltr'><strong>habent</strong></span> <span class='ocrx_word' id='word_1_884' title='bbox 2412 5394 2848 5449; x_wconf 88' lang='lat' dir='ltr'><strong>immutationem</strong></span> <span class='ocrx_word' id='word_1_885' title='bbox 2899 5391 3008 5445; x_wconf 91' lang='lat' dir='ltr'><strong>sui.</strong></span> <span class='ocrx_word' id='word_1_886' title='bbox 3063 5390 3115 5443; x_wconf 92' lang='lat' dir='ltr'><strong>ln</strong></span> <span class='ocrx_word' id='word_1_887' title='bbox 3155 5398 3363 5443; x_wconf 90' lang='lat' dir='ltr'><strong>tantum</strong></span> <span class='ocrx_word' id='word_1_888' title='bbox 3409 5387 3554 5441; x_wconf 89' lang='lat' dir='ltr'><strong>enim</strong></span> 
     </span>
    </p>
   </div>
   <div class='ocr_carea' id='block_1_113' title="bbox 1980 5479 3567 5553">
    <p class='ocr_par' dir='ltr' id='par_1_113' title="bbox 1980 5479 3567 5553">
     <span class='ocr_line' id='line_1_113' title="bbox 1980 5479 3567 5553; baseline -0.006 -12"><span class='ocrx_word' id='word_1_889' title='bbox 1980 5486 2388 5542; x_wconf 83' lang='lat' dir='ltr'><strong>demonstratur</strong></span> <span class='ocrx_word' id='word_1_890' title='bbox 2421 5494 2682 5553; x_wconf 83' lang='lat' dir='ltr'><strong>quantum</strong></span> <span class='ocrx_word' id='word_1_891' title='bbox 2743 5494 2924 5552; x_wconf 89' lang='lat' dir='ltr'><strong>potest</strong></span> <span class='ocrx_word' id='word_1_892' title='bbox 2976 5483 3260 5552; x_wconf 67' lang='lat' dir='ltr'><strong>praesentia</strong></span> <span class='ocrx_word' id='word_1_893' title='bbox 3311 5479 3567 5544; x_wconf 61' lang='lat' dir='ltr'><strong>animas,</strong></span> 
     </span>
    </p>
   </div>
   <div class='ocr_carea' id='block_1_114' title="bbox 1980 5572 3557 5648">
    <p class='ocr_par' dir='ltr' id='par_1_114' title="bbox 1980 5572 3557 5648">
     <span class='ocr_line' id='line_1_114' title="bbox 1980 5572 3557 5648; baseline -0.004 -18"><span class='ocrx_word' id='word_1_894' title='bbox 1980 5579 2106 5648; x_wconf 89' lang='lat' dir='ltr'><strong>quia</strong></span> <span class='ocrx_word' id='word_1_895' title='bbox 2139 5589 2189 5633; x_wconf 87' lang='lat' dir='ltr'><strong>et</strong></span> <span class='ocrx_word' id='word_1_896' title='bbox 2222 5594 2322 5631; x_wconf 76' lang='lat' dir='ltr'><strong>vox</strong></span> <span class='ocrx_word' id='word_1_897' title='bbox 2378 5578 2559 5631; x_wconf 82' lang='lat' dir='ltr'><strong>subito</strong></span> <span class='ocrx_word' id='word_1_898' title='bbox 2613 5575 2838 5638; x_wconf 86' lang='lat' dir='ltr'><strong>recedit,</strong></span> <span class='ocrx_word' id='word_1_899' title='bbox 2871 5583 2927 5629; x_wconf 91' lang='lat' dir='ltr'><strong>et</strong></span> <span class='ocrx_word' id='word_1_900' title='bbox 2973 5584 3237 5643; x_wconf 84' lang='lat' dir='ltr'><strong>tanquam</strong></span> <span class='ocrx_word' id='word_1_901' title='bbox 3271 5572 3557 5641; x_wconf 86' lang='lat' dir='ltr'><strong>vestigium</strong></span> 
     </span>
    </p>
   </div>
   <div class='ocr_carea' id='block_1_115' title="bbox 1984 5663 3559 5741">
    <p class='ocr_par' dir='ltr' id='par_1_115' title="bbox 1984 5663 3559 5741">
     <span class='ocr_line' id='line_1_115' title="bbox 1984 5663 3559 5741; baseline 0 -20"><span class='ocrx_word' id='word_1_902' title='bbox 1984 5686 2104 5741; x_wconf 84' lang='lat' dir='ltr'><strong>quae</strong></span> <span class='ocrx_word' id='word_1_903' title='bbox 2130 5672 2181 5725; x_wconf 92' lang='lat' dir='ltr'><strong>in</strong></span> <span class='ocrx_word' id='word_1_904' title='bbox 2218 5670 2407 5724; x_wconf 86' lang='lat' dir='ltr'><strong>iisdem</strong></span> <span class='ocrx_word' id='word_1_905' title='bbox 2436 5666 2665 5722; x_wconf 71' lang='lat' dir='ltr'><strong>estvita:</strong></span> <span class='ocrx_word' id='word_1_906' title='bbox 2696 5665 2972 5736; x_wconf 79' lang='lat' dir='ltr'><strong>relinquit.</strong></span> <span class='ocrx_word' id='word_1_907' title='bbox 3002 5665 3141 5733; x_wconf 85' lang='lat' dir='ltr'><strong>Quid</strong></span> <span class='ocrx_word' id='word_1_908' title='bbox 3196 5675 3375 5721; x_wconf 77' lang='lat' dir='ltr'><strong>antem</strong></span> <span class='ocrx_word' id='word_1_909' title='bbox 3406 5663 3559 5721; x_wconf 73' lang='lat' dir='ltr'><strong>dicas</strong></span> 
     </span>
    </p>
   </div>
   <div class='ocr_carea' id='block_1_116' title="bbox 2055 5848 2637 5926">
    <p class='ocr_par' dir='ltr' id='par_1_116' title="bbox 2055 5848 2637 5926">
     <span class='ocr_line' id='line_1_116' title="bbox 2055 5848 2637 5926; baseline -0.005 -18"><span class='ocrx_word' id='word_1_910' title='bbox 2055 5854 2164 5926; x_wconf 78' lang='lat'><strong>(&#39;56)</strong></span> <span class='ocrx_word' id='word_1_911' title='bbox 2198 5852 2240 5906; x_wconf 76' lang='grc' dir='ltr'><em>Α</em></span> <span class='ocrx_word' id='word_1_912' title='bbox 2268 5867 2340 5907; x_wconf 74' lang='lat' dir='ltr'><strong>se.</strong></span> <span class='ocrx_word' id='word_1_913' title='bbox 2374 5848 2637 5905; x_wconf 78' lang='grc' dir='ltr'><strong>Αὐτὸθεν.</strong></span> 
     </span>
    </p>
   </div>
  </div>
