3956 6522
502 498 642 552 Ηόδ

1172 486 1436 545 EUSEBII
1474 479 1951 540 CJESARIENSIS
1991 477 2145 533 OPP.
2191 474 2367 529 PARS
2407 471 2496 527 IV.
2538 500 2604 509 --
2640 464 3060 523 DOGMATICA.

3561 461 3677 518 “'56

499 616 567 670 de
592 620 775 670 nostra
805 609 1026 664 anima?
1056 606 1150 663 sed
1177 621 1284 661 non
1318 613 1401 659 est
1431 601 1658 657 rationis
1694 600 1765 654 ita
1794 611 1894 653 nos
1922 595 2065 663 inju—
2097 601 2139 654 Α
2169 593 2368 645 decens
2388 589 2579 643 honor.
2617 585 2675 639 Ei
2706 595 2882 637 autem
2913 581 3003 649 qui
3031 575 3229 631 creavit
3258 584 3474 644 corpora
3508 585 3558 630 et
3583 582 3680 632 ani-

497 707 636 761 riam
671 702 851 758 facere
873 701 1123 771 pretiosa:
1142 698 1356 752 animae.
1393 693 1449 749 Si
1477 694 1621 748 enim
1650 688 1982 745 voluerimus
2012 685 2065 739 iu
2171 696 2310 744 mas,
2340 688 2395 733 et
2450 674 2800 731 rationabiles
2830 684 2886 726 et
2911 666 3328 729 irrationabiles,
3374 667 3435 719 ab
3466 668 3679 722 omnibus

501 794 777 852 istobrevi
810 792 985 862 spatio
1017 793 1164 845 liora:
1188 804 1407 845 movere
1440 787 1506 842 de
1554 800 1616 839 ea
1651 794 1982 841 sermonem,
2013 784 2068 832 et

502 886 815 943 transitorie
860 882 978 952 ejus
1035 881 1353 936 memoriam
1400 879 1607 941 facere,
1654 873 1857 929 inimici
1898 868 2069 937 magis

501 977 807 1032 videbimur
832 983 1032 1028 nostra
1061 971 1255 1026 anima:
1286 984 1450 1040 quam
1484 966 1665 1022 amici.
1696 962 1801 1018 Sed
1850 960 1920 1015 sit
1952 976 2064 1014 scr-

500 1069 645 1122 moni
694 1067 910 1136 quidem
968 1077 1247 1125 mensura,
1311 1061 1503 1113 anima-
1534 1068 1713 1109 autem
1754 1050 2064 1107 rationabili

2170 772 2351 836 simul,
2383 780 2436 823 et
2470 770 2557 838 qui
2584 783 2686 822 non
2709 767 3023 834 loquuntur,
3077 775 3172 830 per
3222 773 3403 826 unum,
3434 772 3520 826 per
3546 773 3680 827 quem

2171 875 2225 919 et
2251 864 2428 917 omnia
2458 858 2763 921 constituit,
2792 857 2861 911 sit
2905 853 3098 924 gloria,
3151 852 3341 914 honor,
3396 848 3683 917 imperium.

2175 956 2446 1022 maiestas,
2479 968 2599 1007 cum
2634 949 2837 1019 Spiritu
2869 956 3076 1009 sancto,
3103 951 3154 997 et
3180 956 3318 996 nunc
3336 948 3389 995 et
3408 954 3615 1009 semper,
3639 952 3683 993 et

2175 1064 2268 1116 per
2295 1047 2467 1098 omnia
2501 1042 2691 1095 smeula
2732 1040 3069 1095 sreculorum.
3102 1035 3267 1087 Amen

1156 1180 3683 1234 _______________________________...________._——

1453 1380 2015 1505 EUSEBII
2105 1368 2784 1488 PAMPHILI

1318 1627 1464 1715 DE
1564 1611 2387 1711 INCORPORALI
2488 1602 2868 1693 ANIMA
2912 1663 2942 1701 ς

1781 1810 2013 1871 LIBER
2059 1802 2478 1866 SECUNDUS.

574 2127 852 2199 Reliquiae,
878 2136 996 2195 quae
1035 2124 1100 2178 de
1150 2114 1472 2188 incorporali
1503 2112 1797 2169 refectione
1826 2112 2080 2164 hesterno
2115 2116 2153 2169 Β
2184 2107 2461 2172 agnoscat.
2504 2097 2864 2164 Incongruum
2928 2100 3013 2147 est
3053 2090 3195 2145 enim
3224 2128 3240 2155 ,
3275 2097 3332 2142 ut
3362 2086 3427 2141 de
3455 2086 3564 2141 aliis
3602 2085 3693 2154 qui-

2199 2196 2208 2199 _
2421 2192 2431 2199 .
2504 2190 2515 2199 .
2749 2188 2759 2197 .
2833 2193 2844 2199 ,
2946 2198 2951 2199 ν
3482 2177 3674 2199 ,ηηω

503 2220 660 2275 nobis
692 2217 1005 2272 resederunt
1038 2213 1143 2277 die,
1171 2210 1331 2265 hodie
1381 2206 1674 2261 secundum
1730 2213 2072 2269 consequen-

508 2314 636 2364 tiam
666 2307 933 2363 sermonis
992 2306 1088 2357 iter
1117 2302 1453 2370 perfruamur
1494 2295 1632 2366 (57).
1669 2293 1898 2348 Solitum
1933 2290 2075 2345 enim

504 2411 560 2455 et
589 2400 675 2454 bis
704 2408 809 2462 est,
838 2396 928 2466 qui
962 2408 1186 2464 corpora
1214 2399 1441 2460 pascunt
1472 2404 1592 2448 sua,
1629 2400 1747 2441 cum
1783 2397 1887 2437 non
1912 2379 2077 2434 sull‘e-

505 2488 679 2543 cerint
708 2487 775 2540 ad
805 2484 1123 2538 sumendum
1158 2480 1402 2550 plurimis
1427 2476 1493 2532 ad
1526 2475 1871 2530 refectionem
1906 2484 2076 2540 appoo

507 2582 671 2636 sitis:
710 2577 1147 2646 manducantque
1179 2574 1318 2629 diem
1356 2580 1617 2642 quantum
1662 2574 1889 2637 possunt
1935 2563 2073 2634 (38),

507 2670 809 2727 recondunt
854 2676 1034 2720 autem
1091 2666 1192 2720 sibi
1231 2662 1501 2734 superﬂua
1559 2661 1611 2714 in
1661 2659 1890 2712 alterum
1937 2655 2071 2709 rele-

505 2764 704 2818 etionis
724 2761 888 2815 diem.
915 2757 1077 2812 Forte
1107 2766 1286 2810 autem
1316 2770 1417 2808 non
1450 2753 1639 2807 eadem
1678 2750 1859 2818 imago
1878 2761 2077 2801 conve-

507 2855 591 2909 nit
638 2852 817 2907 nobis.
860 2849 977 2905 Non
1002 2850 1145 2904 enim
1197 2863 1257 2902 ea
1296 2861 1416 2916 qua:
1444 2844 1762 2900 resederunt
1807 2838 2080 2909 proposita

509 2960 652 3001 nunc
683 2952 829 3009 sunt,
864 2943 959 2997 sed
999 2942 1107 2995 sint
1136 2952 1197 2993 ea
1252 2940 1468 3005 quidem
1517 2950 1635 3004 qua:
1683 2939 2077 3002 praecesserunt

510 3049 615 3091 non
645 3035 903 3100 esca,sed
932 3044 1153 3103 gustus:
1177 3045 1316 3085 nunc
1333 3038 1532 3092 autem,
1557 3034 1615 3079 ut
1637 3025 1711 3078 ita
1733 3025 1928 3085 dicam,
1960 3022 2072 3090 ipsa

513 3128 761 3182 refectio.
797 3125 974 3180 Motus
1033 3123 1177 3177 enim
1234 3120 1388 3174 nobis
1422 3129 1503 3173 est
1558 3129 1738 3171 sermo
1791 3114 1857 3169 de
1905 3121 2084 3167 monte

514 3219 668 3283 Sina,
712 3218 765 3270 in
800 3230 909 3286 quo
945 3215 1231 3269 dicebatur
1259 3212 1438 3265 fumus
1492 3209 1661 3261 luisse
1722 3212 1776 3260 et
1832 3204 1973 3274 ignis
2029 3210 2082 3255 et

514 3307 749 3379 procella
788 3317 843 3361 et
899 3308 1039 3361 tubae
1088 3316 1142 3358 et
1169 3317 1329 3356 voces
1373 3315 1402 3353 a
1458 3302 1566 3353 Deo
1596 3299 1639 3330 ³⁸
1678 3314 1693 3353 :
1742 3310 1861 3366 qua:
1905 3294 2080 3350 omnia

514 3399 686 3470 magis
711 3396 1036 3468 qumstioues
1059 3393 1368 3449 movebant.
1396 3389 1658 3445 Videntur
1681 3388 1828 3444 enim
1857 3385 1957 3442 ista
1978 3401 2082 3439 non

2180 2196 2295 2249 dem
2321 2190 2585 2245 curiosius
2614 2188 2870 2256 requirat,
2905 2183 3251 2251 semetipsatn
3286 2188 3458 2233 autem
3482 2177 3693 2247 negligat,

2179 2286 2260 2340 cui
2289 2282 2564 2353 proprium
2602 2294 2799 2348 corpus
2832 2288 2934 2332 est.
2975 2275 3109 2341 Quia
3160 2274 3304 2328 enim
3334 2273 3499 2343 posita
3534 2280 3605 2328 est
3625 2284 3694 2325 ve-

2180 2377 2256 2429 lut
2282 2376 2334 2430 in
2366 2372 2557 2427 mediis
2583 2369 2858 2440 gradibus,
2888 2366 3009 2420 aliis
3060 2364 3278 2434 quidem
3312 2361 3619 2432 praecellens,
3645 2363 3696 2412 ab

2180 2467 2301 2521 aliis
2330 2475 2509 2519 autem
2546 2462 2825 2525 deﬁciens,
2866 2459 3006 2513 forte
3043 2470 3349 2527 agnoscens
3380 2454 3696 2523 semetipsam,

2183 2558 2445 2627 despiciet
2466 2554 2681 2624 quidem
2716 2552 2946 2613 minora,
2987 2549 3346 2618 protendetur
3383 2554 3549 2600 autem
3575 2543 3696 2596 adea

2180 2668 2298 2722 quae
2329 2665 2489 2719 supra
2526 2663 2583 2703 se
2618 2655 2764 2701 sunt.
2796 2643 3141 2711 Accipiamus
3169 2641 3335 2711 igitur
3365 2639 3522 2709 ipsius
3545 2636 3700 2690 anim:

2183 2743 2526 2813 dignitatem,
2560 2749 2614 2793 et
2646 2736 2945 2792 efﬁcientes
2967 2732 3103 2802 ejus,
3140 2747 3207 2787 ex
3235 2732 3424 2803 quibus
3456 2729 3629 2800 cogitat
3658 2735 3700 2782 et

2182 2841 2369 2907 agitat,
2398 2843 2653 2903 operatur
2703 2838 2759 2884 et
2802 2828 2969 2883 donat
3019 2826 3257 2895 corpori.
3298 2833 3350 2879 et
3374 2838 3437 2878 ex
3461 2823 3632 2892 quibus
3659 2819 3697 2873 ei

2182 2932 2504 2984 adversatur
2525 2924 2834 2987 utilissime,
2860 2931 2913 2978 et
2943 2938 3008 2977 ex
3033 2922 3232 2990 quibus
3266 2922 3332 2976 de
3386 2922 3487 2975 Deo
3537 2918 3699 2987 cogitat

2183 3034 2236 3078 et
2270 3021 2427 3090 sapit.
2478 3018 2819 3089 Accipiamus
2874 3024 3056 3068 autem
3104 3020 3159 3066 et
3218 3012 3514 3067 testimonia
3544 3022 3599 3062 ex
3634 3006 3699 3059 his

2184 3129 2303 3184 quae
2335 3113 2607 3177 videntur,
2629 3119 2685 3164 et
2715 3125 2744 3164 a
2769 3108 3093 3178 Scripturis.
3125 3104 3191 3159 Et
3231 3106 3423 3175 primo,
3454 3102 3565 3171 quia
3608 3097 3699 3166 qui.

2186 3208 2306 3262 dam
2325 3214 2512 3276 putant
2533 3202 2765 3256 animam
2789 3207 3025 3253 nostram
3048 3212 3154 3252 non
3175 3197 3351 3252 solum
3375 3208 3489 3250 cum
3518 3203 3703 3260 corpore

2187 3310 2327 3365 esse,
2358 3296 2451 3351 sed
2478 3298 2569 3349 aut
2592 3290 2948 3362 corporalem,
2976 3299 3070 3344 aut
3093 3302 3293 3359 corpus
3320 3306 3334 3343 :
3365 3285 3535 3341 multis
3553 3294 3697 3337 autem

2189 3388 2406 3457 sanguis
2440 3395 2661 3456 putatur
2694 3393 2749 3439 et
2774 3392 2957 3437 nostra
2984 3382 3165 3435 anima
3192 3396 3350 3446 esse;
3399 3380 3606 3434 dicimus
3648 3373 3700 3427 de

514 3489 829 3544 consentire
868 3484 1197 3555 incorporali
1249 3492 1477 3538 naturae.
1530 3480 1667 3547 Quia
1703 3479 1867 3549 igitur
1897 3477 2081 3531 dome-

2190 3481 2273 3535 his
2306 3479 2574 3549 primum;
2613 3486 2664 3528 et
2695 3475 2820 3544 quia
2859 3488 2923 3528 ex
2980 3472 3267 3543 Scriptura
3318 3468 3703 3525 circumveniunt

522 3581 663 3636 stica
694 3579 933 3633 efﬁcitur
993 3575 1328 3637 satisfactio,
1369 3588 1493 3627 cum
1535 3587 1564 3625 a
1597 3568 1979 3625 communibus
2034 3576 2088 3619 et

514 3671 716 3741 apertis
744 3670 906 3722 fuerit
934 3676 1098 3730 mota,
1133 3666 1257 3718 ideo
1284 3665 1338 3717 in
1367 3674 1652 3718 commune
1686 3662 1753 3714 de
1777 3660 2089 3726 incorpora-

517 3763 656 3816 libus
683 3759 950 3813 movimus
981 3755 1356 3825 quaestionem.
1412 3752 1759 3821 Accipientes
1787 3750 1930 3803 enim
1962 3763 2086 3802 cor-

515 3868 710 3927 porum
769 3860 993 3905 naturas
1043 3848 1431 3911 discrevimus,
1468 3854 1523 3899 et
1565 3844 1903 3899 ostendimus
1962 3843 2084 3910 quia

517 3961 621 3999 non
653 3954 710 3997 ιιι
741 3951 963 4013 putatur
992 3942 1263 3995 crassiora
1299 3934 1525 3994 fortiora
1549 3947 1698 4001 sunt,
1753 3935 1848 3990 sed
1894 3949 2089 3989 secun-

517 4039 642 4090 dum
674 4034 1094 4104 competentiam
1131 4029 1556 4099 uniuscujusque
1598 4026 1865 4097 corporis,
1923 4038 2087 4093 quan-

520 4130 630 4179 tum
658 4126 1079 4193 unumquodque
1100 4120 1350 4175 subtilius
1389 4127 1493 4183 est,
1537 4126 1745 4171 tantum
1782 4123 1836 4169 et
1872 4113 2083 4168 fortius.

518 4216 682 4271 Istinc
713 4222 1097 4285 promoventes
1124 4211 1368 4266 venimus
1412 4209 1477 4263 ad
1510 4220 1781 4273 naturam,
1819 4221 1848 4259 a
1892 4214 2083 4260 natura

519 4310 586 4363 ad
618 4306 1069 4367 irrationabilium
1130 4305 1388 4358 animam.
1438 4302 1494 4355 In
1532 4315 1639 4369 quo
1676 4299 1795 4354 loco
1837 4311 2089 4365 comprea

524 4401 709 4454 liendit
738 4414 837 4455 nos
886 4412 1136 4466 vespera,
1187 4408 1243 4451 et
1287 4394 1675 4452 collocavimus
1727 4391 2084 4445 mansionem.

521 4491 656 4557 Quia
692 4505 821 4561 ergo
843 4489 1105 4544 successit
1128 4488 1238 4557 jam
1266 4488 1468 4552 lumen,
1509 4492 1866 4554 exsurgentes
1907 4491 2090 4537 teneao

522 4594 641 4633 mus
668 4579 1107 4646 consequentiam
1139 4590 1324 4631 eorum
1352 4590 1473 4646 quae
1503 4588 1717 4627 rursum
1743 4569 2090 4625 ambulantes

521 4668 892 4722 transivimus.
951 4665 1258 4721 Secundum
1324 4664 1767 4732 consequentiam
1809 4661 1973 4732 igitur
2036 4669 2089 4715 et

520 4760 767 4814 ordinem
800 4756 1009 4812 initium
1043 4757 1114 4811 sit
1137 4757 1394 4821 sermoni,
1422 4770 1543 4824 quae
1574 4754 1733 4809 hodie
1770 4754 1836 4806 de
1887 4762 2086 4807 nostra

523 4853 720 4907 animae
744 4851 1002 4920 dignitate
1027 4849 1289 4903 dicemus.
1316 4847 1469 4901 Sicut
1502 4847 1646 4901 enim
1692 4860 1720 4898 a
1768 4844 2087 4912 corporibus

518 4947 585 5001 ad
612 4956 881 5008 naturam,
913 4958 943 4996 a
986 4950 1180 4995 natura
1211 4952 1389 4995 autem
1420 4941 1488 4992 ad
1528 4937 1954 4993 irrationabilem
1977 4936 2087 4989 ani-

520 5038 734 5092 malium
757 5035 1004 5089 venimus
1032 5032 1291 5095 animam,
1316 5032 1385 5083 ita
1413 5034 1798 5097 promoventes
1838 5037 2089 5081 ettraus-

519 5130 847 5191 cendentes,
887 5126 953 5180 ab
975 5122 1425 5179 irrationabilium
1457 5110 1637 5172 annua
1670 5119 1735 5172 ad
1770 5117 2079 5173 rationabi-

519 5219 623 5272 lem
664 5217 1028 5287 pervenimus,
1054 5213 1357 5268 utexerciti
1388 5212 1439 5263 in
1466 5211 1783 5279 corporibus
1822 5211 2081 5277 primum,

520 5312 592 5365 ita
627 5311 908 5365 veniamus
932 5308 998 5363 ad
1021 5306 1411 5375 incorporalem
1446 5304 1700 5357 animam:
1729 5314 1784 5358 et
1814 5304 1884 5356 ab
1906 5301 2085 5355 anima

520 5393 588 5455 ad
620 5402 995 5470 incorporalia.
1026 5399 1090 5453 Et
1117 5401 1188 5453 ita
1220 5414 1325 5452 non
1350 5398 1531 5452 subito
1568 5398 1633 5450 ad
1666 5400 1957 5465 puritatem
1992 5392 2087 5447 Dei

521 5493 863 5555 accedentes,
898 5502 963 5543 ex
993 5487 1289 5556 lulgoribus
1313 5488 1405 5556 qui
1441 5489 1564 5541 inde
1605 5497 1731 5541 sunt
1761 5485 2087 5537 obtenebre-

522 5595 661 5633 mur.
693 5580 853 5633 Decet
875 5579 1018 5633 enim
1044 5573 1244 5640 talher,
1276 5589 1333 5631 ut
1354 5580 1533 5631 anima
1558 5578 1707 5646 prius
1736 5577 2082 5645 semetipsam

592 5701 638 5732 “
660 5699 831 5755 Exod.
863 5714 978 5762 XIX,
1001 5698 1087 5754 16.
1193 5699 1235 5727 ⁸⁷
1272 5697 1407 5751 Gen.
1440 5714 1476 5763 ι,
1501 5698 1593 5751 Eli.
1668 5696 1711 5726 ⁸⁸
1737 5695 1872 5749 Ibid.
1911 5695 1998 5749 ΞΟ.

595 5814 706 5882 (57)
747 5812 858 5893 fter
881 5813 1232 5892 perfruamur.
1254 5812 1413 5864 Forte
1442 5812 1538 5867 iter
1563 5826 1660 5865 vox
1692 5809 1791 5863 fuit
1834 5825 2080 5880 corripvit-

526 5888 614 5940 dio
654 5884 853 5952 scripta
889 5884 941 5935 iu
970 5897 1071 5934 ms.
1097 5896 1191 5950 pro
1223 5894 1427 5934 unum.

2190 3571 2421 3625 aniniam
2454 3576 2709 3636 tanquam
2738 3564 2960 3634 sanguis
2996 3564 3289 3628 habeatur,
3318 3572 3383 3615 ex
3427 3561 3533 3629 ipsa
3584 3554 3703 3609 Scri-

2190 3675 2345 3733 ptura
2378 3660 2495 3728 ejus
2547 3672 2861 3728 separemus
2919 3655 3262 3725 dignitatem.
3299 3647 3704 3708 lrrationabilium

2190 3754 2332 3807 cnim
2361 3750 2672 3807 animalium
2709 3746 2904 3801 anima:
2926 3760 3033 3799 uno
3061 3754 3331 3813 praecepto
3365 3758 3480 3796 cum
3506 3737 3707 3805 corpori-

2189 3846 2287 3900 Iuts
2314 3846 2552 3914 liguratm
2578 3848 2724 3894 sunt.
2746 3837 2919 3901 Dixit,
2939 3837 3135 3906 inquit,
3159 3834 3576 3905 Deus,producat
3596 3840 3706 3883 terra

2188 3933 2443 3987 animalia
2496 3928 2841 4001 quadripedia
2900 3924 2969 3991 ",
3006 3934 3057 3979 et
3091 3940 3213 3993 qua:
3267 3933 3570 3994 sequuntur.
3618 3918 3710 3974 Uno

2190 4039 2439 4079 sermone
2475 4039 2671 4092 genera
2707 4018 3023 4074 animalium
3053 4020 3307 4073 universa
3347 4028 3398 4074 et
3438 4027 3639 4082 c0rpora
3669 4016 3711 4062 et

2190 4116 2397 4169 animas
2428 4113 2577 4179 fecit,
2603 4122 2655 4168 et
2686 4128 2789 4167 non
2823 4112 3102 4165 discrevit.
3140 4110 3205 4163 Et
3230 4111 3445 4174 iterum,
3481 4104 3707 4160 [ιι-σάκεα

2190 4223 2345 4276 aqua.
2410 4204 2583 4258 Etiam
2634 4205 2678 4259 si
2748 4204 2852 4259 hoc
2902 4204 3142 4273 primum
3214 4204 3444 4273 positum
3500 4208 3576 4253 est
3617 4195 3708 4249 ait:

2192 4298 2459 4350 Producat
2494 4310 2630 4365 aqua
2662 4297 2894 4349 natantia
2938 4312 3054 4365 qua:
3078 4297 3133 4349 in
3165 4296 3318 4365 aquis
3346 4302 3487 4354 sunt.
3516 4302 3558 4345 et
3589 4288 3711 4343 uola-

2190 4390 2306 4443 tilia
2331 4389 2445 4443 carli
2483 4406 2600 4457 qum
2624 4389 2677 4442 in
2710 4404 2828 4442 aere
2882 4389 2947 4442 θ’.
2981 4388 3343 4457 PrOpiuquior
3376 4386 3514 4439 enim
3554 4390 3710 4450 genere

2191 4492 2330 4549 aqua
2362 4479 2475 4535 aeri
2497 4490 2600 4535 est.
2631 4479 2889 4546 Repletur
2924 4480 3068 4533 enim
3101 4493 3195 4531 aer
3219 4478 3375 4547 aquis
3409 4487 3501 4544 per
3551 4470 3708 4525 nubes.

2188 4573 2375 4629 Colata
2412 4582 2590 4627 autem
2622 4580 2761 4640 aqua
2797 4570 3187 4625 transmittitur
3218 4572 3286 4622 ad
3309 4572 3554 4623 aeremet
3578 4561 3714 4616 nube:

2190 4662 2633 4729 adunat,etvelut
2650 4663 2953 4717 immutatio
2965 4661 3209 4731 quaedam
3228 4670 3309 4715 est
3324 4675 3475 4731 aqua:
3490 4658 3547 4711 ad
3564 4665 3712 4710 aerem

2191 4764 2244 4809 et
2276 4759 2468 4811 iterum
2500 4756 2785 4811 restitutio.
2812 4755 2958 4811 Unde
2987 4765 3040 4810 et
3062 4770 3179 4824 quze
3205 4755 3343 4809 laeta
3378 4758 3577 4807 suntex
3604 4755 3713 4813 aqua

2194 4847 2355 4901 veluti
2386 4864 2451 4901 ex
2497 4846 2755 4901 crassiori
2779 4856 2986 4909 natura,
3033 4847 3277 4917 quadam
3306 4843 3515 4914 quidem
3543 4849 3717 4893 remun-

2191 4946 2378 4992 serunt
2409 4939 2462 4991 in
2490 4938 2644 5007 aquis
2672 4976 2688 5003 ,
2746 4937 2847 4991 alia
2899 4937 3047 4991 velut
3082 4937 3148 4990 ad
3198 4942 3544 5007 congenerem
3570 4936 3715 4982 aerem

2194 5030 2506 5084 transmissa
2560 5039 2705 5084 sunt.
2743 5028 2850 5083 Sed
2898 5043 3003 5083 non
3035 5028 3101 5085 de
3147 5029 3231 5083 bis
3276 5040 3419 5082 nunc
3452 5033 3614 5079 sermo
3652 5021 3718 5069 est

2192 5121 2368 5176 nobis.
2403 5121 2511 5175 Sed
2540 5122 2664 5191 quia
2696 5121 2925 5176 aliorum
2957 5122 3174 5191 quidem
3203 5118 3511 5174 animalium
3557 5110 3717 5166 anim

2228 5214 2456 5266 niversae
2484 5228 2589 5267 uno
2618 5224 2886 5282 praecepto
2923 5228 3043 5266 cum
3074 5212 3391 5281 corporibus
3417 5206 3561 5260 facta
3585 5204 3713 5254 sunt:

2198 5305 2357 5359 homo
2406 5315 2586 5360 autem
2622 5322 2792 5375 neque
2838 5314 2959 5359 cum
2999 5306 3122 5361 aliis
3174 5303 3493 5359 animalibus
3522 5338 3535 5363 ,
3564 5303 3711 5361 neque

2196 5406 2323 5451 ante
2354 5398 2455 5451 alia
2511 5398 2683 5453 factus
2728 5400 2939 5452 videtur
2969 5414 2982 5451 :
3015 5407 3069 5452 et
3100 5410 3219 5453 cum
3263 5394 3383 5449 aliis
3410 5390 3608 5463 quidem
3634 5396 3717 5436 που

2195 5498 2277 5542 est
2330 5487 2504 5543 factus
2547 5501 2765 5559 propter
2816 5490 3249 5561 pretiositatem;
3285 5497 3409 5541 ante
3447 5482 3543 5534 alia
3569 5486 3715 5530 autem

2197 5593 2302 5632 non
2361 5592 2442 5635 est
2494 5592 2708 5635 creatus
2747 5591 2967 5652 propter
3012 5581 3231 5635 tutelam
3295 5578 3405 5631 Dei.
3442 5572 3564 5639 Quia
3600 5562 3715 5619 cui!"

2264 5810 2376 5880 (38)
2407 5809 2505 5865 Ms.
2545 5812 2864 5865 manducant
2899 5810 3105 5881 quidem
3133 5818 3381 5879 quantum
3406 5804 3625 5870 possunt.
