  <div class='ocr_page' id='page_1' title='image "/cluster/home/n/w/nwhite01/storage/ocr_20150623/24/hvd.32044019207729/584.png"; bbox 0 0 3956 6512; ppageno 0'>
   <div class='ocr_carea' id='block_1_1' title="bbox 313 400 450 460">
    <p class='ocr_par' dir='ltr' id='par_1_1' title="bbox 313 400 450 460">
     <span class='ocr_line' id='line_1_1' title="bbox 313 400 450 460; baseline -0.015 -1"><span class='ocrx_word' id='word_1_1' title='bbox 313 400 450 460; x_wconf 74' lang='grc'><strong>1137</strong></span> 
     </span>
    </p>
   </div>
   <div class='ocr_carea' id='block_1_2' title="bbox 1524 400 2387 458">
    <p class='ocr_par' dir='ltr' id='par_1_2' title="bbox 1524 400 2387 458">
     <span class='ocr_line' id='line_1_2' title="bbox 1524 400 2387 458; baseline -0.001 0"><span class='ocrx_word' id='word_1_2' title='bbox 1524 402 1612 458; x_wconf 81' lang='lat' dir='ltr'><strong>DE</strong></span> <span class='ocrx_word' id='word_1_3' title='bbox 1653 400 2113 458; x_wconf 58' lang='lat' dir='ltr'><strong>thOBPORAH</strong></span> <span class='ocrx_word' id='word_1_4' title='bbox 2154 401 2387 457; x_wconf 62' lang='lat' dir='ltr'><strong>ANIMA.</strong></span> 
     </span>
    </p>
   </div>
   <div class='ocr_carea' id='block_1_3' title="bbox 3418 399 3552 455">
    <p class='ocr_par' dir='ltr' id='par_1_3' title="bbox 3418 399 3552 455">
     <span class='ocr_line' id='line_1_3' title="bbox 3418 399 3552 455; baseline 0.015 -2"><span class='ocrx_word' id='word_1_5' title='bbox 3418 399 3552 455; x_wconf 78' lang='lat' dir='ltr'><strong>H38</strong></span> 
     </span>
    </p>
   </div>
   <div class='ocr_carea' id='block_1_4' title="bbox 314 509 3552 588">
    <p class='ocr_par' dir='ltr' id='par_1_4' title="bbox 314 509 3552 588">
     <span class='ocr_line' id='line_1_4' title="bbox 314 509 3552 588; baseline -0.002 -15"><span class='ocrx_word' id='word_1_6' title='bbox 314 519 649 587; x_wconf 84' lang='lat' dir='ltr'><strong>incipiebant</strong></span> <span class='ocrx_word' id='word_1_7' title='bbox 688 517 737 573; x_wconf 90' lang='lat' dir='ltr'><strong>ei</strong></span> <span class='ocrx_word' id='word_1_8' title='bbox 771 516 962 588; x_wconf 75' lang='lat' dir='ltr'><strong>subjici</strong></span> <span class='ocrx_word' id='word_1_9' title='bbox 990 516 1170 573; x_wconf 85' lang='lat' dir='ltr'><strong>omnia</strong></span> <span class='ocrx_word' id='word_1_10' title='bbox 1211 533 1330 588; x_wconf 67' lang='lat' dir='ltr'><strong>qure</strong></span> <span class='ocrx_word' id='word_1_11' title='bbox 1356 519 1496 574; x_wconf 82' lang='lat' dir='ltr'><strong>facta</strong></span> <span class='ocrx_word' id='word_1_12' title='bbox 1530 534 1558 573; x_wconf 90' lang='lat' dir='ltr'><strong>a</strong></span> <span class='ocrx_word' id='word_1_13' title='bbox 1585 520 1693 577; x_wconf 90' lang='lat' dir='ltr'><strong>Deo</strong></span> <span class='ocrx_word' id='word_1_14' title='bbox 1720 529 1881 581; x_wconf 86' lang='lat' dir='ltr'><strong>sunt;</strong></span> <span class='ocrx_word' id='word_1_15' title='bbox 1914 525 1957 579; x_wconf 79' lang='grc' dir='ltr'><strong>Α</strong></span> <span class='ocrx_word' id='word_1_16' title='bbox 1985 534 2055 587; x_wconf 84' lang='lat' dir='ltr'><strong>go</strong></span> <span class='ocrx_word' id='word_1_17' title='bbox 2088 527 2267 576; x_wconf 83' lang='lat' dir='ltr'><strong>autem</strong></span> <span class='ocrx_word' id='word_1_18' title='bbox 2296 517 2524 573; x_wconf 84' lang='lat' dir='ltr'><strong>necdum</strong></span> <span class='ocrx_word' id='word_1_19' title='bbox 2557 515 2747 569; x_wconf 87' lang='lat' dir='ltr'><strong>vivens</strong></span> <span class='ocrx_word' id='word_1_20' title='bbox 2774 554 2791 579; x_wconf 92' lang='lat'><strong>,</strong></span> <span class='ocrx_word' id='word_1_21' title='bbox 2845 521 2900 571; x_wconf 89' lang='lat' dir='ltr'><strong>et</strong></span> <span class='ocrx_word' id='word_1_22' title='bbox 2942 513 3156 580; x_wconf 73' lang='lat' dir='ltr'><strong>iacebat</strong></span> <span class='ocrx_word' id='word_1_23' title='bbox 3185 509 3325 581; x_wconf 89' lang='lat' dir='ltr'><strong>quod</strong></span> <span class='ocrx_word' id='word_1_24' title='bbox 3356 510 3552 567; x_wconf 77' lang='lat' dir='ltr'><strong>factum</strong></span> 
     </span>
    </p>
   </div>
   <div class='ocr_carea' id='block_1_5' title="bbox 308 608 1877 681">
    <p class='ocr_par' dir='ltr' id='par_1_5' title="bbox 308 608 1877 681">
     <span class='ocr_line' id='line_1_5' title="bbox 308 608 1877 681; baseline 0.003 -19"><span class='ocrx_word' id='word_1_25' title='bbox 308 619 367 663; x_wconf 92' lang='lat' dir='ltr'><strong>ut</strong></span> <span class='ocrx_word' id='word_1_26' title='bbox 403 623 508 663; x_wconf 92' lang='lat' dir='ltr'><strong>non</strong></span> <span class='ocrx_word' id='word_1_27' title='bbox 542 608 709 677; x_wconf 85' lang='lat' dir='ltr'><strong>ipsius</strong></span> <span class='ocrx_word' id='word_1_28' title='bbox 738 618 1060 678; x_wconf 91' lang='lat' dir='ltr'><strong>putarentur</strong></span> <span class='ocrx_word' id='word_1_29' title='bbox 1090 626 1250 681; x_wconf 86' lang='lat' dir='ltr'><strong>opera</strong></span> <span class='ocrx_word' id='word_1_30' title='bbox 1284 626 1403 681; x_wconf 68' lang='lat' dir='ltr'><strong>quae</strong></span> <span class='ocrx_word' id='word_1_31' title='bbox 1436 612 1579 668; x_wconf 80' lang='lat' dir='ltr'><strong>facta</strong></span> <span class='ocrx_word' id='word_1_32' title='bbox 1606 614 1877 679; x_wconf 87' lang='lat' dir='ltr'><strong>videntur,</strong></span> 
     </span>
    </p>
   </div>
   <div class='ocr_carea' id='block_1_6' title="bbox 309 702 1877 773">
    <p class='ocr_par' dir='ltr' id='par_1_6' title="bbox 309 702 1877 773">
     <span class='ocr_line' id='line_1_6' title="bbox 309 702 1877 773; baseline 0.002 -18"><span class='ocrx_word' id='word_1_33' title='bbox 309 702 638 757; x_wconf 79' lang='lat' dir='ltr'><strong>novissimus</strong></span> <span class='ocrx_word' id='word_1_34' title='bbox 688 703 950 773; x_wconf 82' lang='lat' dir='ltr'><strong>ﬁguratur</strong></span> <span class='ocrx_word' id='word_1_35' title='bbox 1000 703 1161 758; x_wconf 89' lang='lat' dir='ltr'><strong>homo</strong></span> <span class='ocrx_word' id='word_1_36' title='bbox 1190 745 1207 769; x_wconf 93' lang='lat'><strong>,</strong></span> <span class='ocrx_word' id='word_1_37' title='bbox 1270 712 1325 757; x_wconf 92' lang='lat' dir='ltr'><strong>et</strong></span> <span class='ocrx_word' id='word_1_38' title='bbox 1374 719 1477 759; x_wconf 92' lang='lat' dir='ltr'><strong>non</strong></span> <span class='ocrx_word' id='word_1_39' title='bbox 1528 705 1761 773; x_wconf 84' lang='lat' dir='ltr'><strong>primus.</strong></span> <span class='ocrx_word' id='word_1_40' title='bbox 1821 703 1877 758; x_wconf 82' lang='lat' dir='ltr'><strong>Si</strong></span> 
     </span>
    </p>
   </div>
   <div class='ocr_carea' id='block_1_7' title="bbox 308 792 1881 866">
    <p class='ocr_par' dir='ltr' id='par_1_7' title="bbox 308 792 1881 866">
     <span class='ocr_line' id='line_1_7' title="bbox 308 792 1881 866; baseline 0.002 -21"><span class='ocrx_word' id='word_1_41' title='bbox 308 793 450 846; x_wconf 91' lang='lat' dir='ltr'><strong>enim</strong></span> <span class='ocrx_word' id='word_1_42' title='bbox 482 801 539 846; x_wconf 90' lang='lat' dir='ltr'><strong>et</strong></span> <span class='ocrx_word' id='word_1_43' title='bbox 564 792 639 846; x_wconf 90' lang='lat' dir='ltr'><strong>ita</strong></span> <span class='ocrx_word' id='word_1_44' title='bbox 663 793 958 848; x_wconf 89' lang='lat' dir='ltr'><strong>novissimo</strong></span> <span class='ocrx_word' id='word_1_45' title='bbox 993 794 1135 848; x_wconf 83' lang='lat' dir='ltr'><strong>facto</strong></span> <span class='ocrx_word' id='word_1_46' title='bbox 1180 795 1416 856; x_wconf 88' lang='lat' dir='ltr'><strong>homine,</strong></span> <span class='ocrx_word' id='word_1_47' title='bbox 1446 795 1565 850; x_wconf 93' lang='lat' dir='ltr'><strong>ausi</strong></span> <span class='ocrx_word' id='word_1_48' title='bbox 1606 806 1734 849; x_wconf 90' lang='lat' dir='ltr'><strong>sunt</strong></span> <span class='ocrx_word' id='word_1_49' title='bbox 1760 795 1881 866; x_wconf 83' lang='lat' dir='ltr'><strong>qui-</strong></span> 
     </span>
    </p>
   </div>
   <div class='ocr_carea' id='block_1_8' title="bbox 308 880 1879 955">
    <p class='ocr_par' dir='ltr' id='par_1_8' title="bbox 308 880 1879 955">
     <span class='ocr_line' id='line_1_8' title="bbox 308 880 1879 955; baseline 0.003 -20"><span class='ocrx_word' id='word_1_50' title='bbox 308 880 431 936; x_wconf 88' lang='lat' dir='ltr'><strong>dam</strong></span> <span class='ocrx_word' id='word_1_51' title='bbox 484 898 579 951; x_wconf 90' lang='lat' dir='ltr'><strong>per</strong></span> <span class='ocrx_word' id='word_1_52' title='bbox 612 885 820 941; x_wconf 79' lang='lat' dir='ltr'><strong>fabulas</strong></span> <span class='ocrx_word' id='word_1_53' title='bbox 872 887 1248 953; x_wconf 84' lang='lat' dir='ltr'><strong>introducere;</strong></span> <span class='ocrx_word' id='word_1_54' title='bbox 1291 888 1417 955; x_wconf 91' lang='lat' dir='ltr'><strong>quid</strong></span> <span class='ocrx_word' id='word_1_55' title='bbox 1452 903 1556 941; x_wconf 91' lang='lat' dir='ltr'><strong>non</strong></span> <span class='ocrx_word' id='word_1_56' title='bbox 1593 888 1708 941; x_wconf 84' lang='lat' dir='ltr'><strong>ausi</strong></span> <span class='ocrx_word' id='word_1_57' title='bbox 1746 886 1879 940; x_wconf 81' lang='lat' dir='ltr'><strong>luis-</strong></span> 
     </span>
    </p>
   </div>
   <div class='ocr_carea' id='block_1_9' title="bbox 308 976 1879 1046">
    <p class='ocr_par' dir='ltr' id='par_1_9' title="bbox 308 976 1879 1046">
     <span class='ocr_line' id='line_1_9' title="bbox 308 976 1879 1046; baseline 0.001 -18"><span class='ocrx_word' id='word_1_58' title='bbox 308 981 429 1029; x_wconf 89' lang='lat' dir='ltr'><strong>sent</strong></span> <span class='ocrx_word' id='word_1_59' title='bbox 460 976 503 1029; x_wconf 90' lang='lat' dir='ltr'><strong>si</strong></span> <span class='ocrx_word' id='word_1_60' title='bbox 545 989 653 1031; x_wconf 88' lang='lat' dir='ltr'><strong>non</strong></span> <span class='ocrx_word' id='word_1_61' title='bbox 688 976 786 1030; x_wconf 89' lang='lat' dir='ltr'><strong>ista</strong></span> <span class='ocrx_word' id='word_1_62' title='bbox 824 979 1190 1046; x_wconf 68' lang='lat' dir='ltr'><strong>prmcessisset</strong></span> <span class='ocrx_word' id='word_1_63' title='bbox 1230 977 1391 1033; x_wconf 83' lang='lat' dir='ltr'><strong>tutela</strong></span> <span class='ocrx_word' id='word_1_64' title='bbox 1424 979 1448 1031; x_wconf 70' lang='grc' dir='ltr'><em>ἲ</em></span> <span class='ocrx_word' id='word_1_65' title='bbox 1500 978 1671 1032; x_wconf 76' lang='lat' dir='ltr'><strong>Aliter</strong></span> <span class='ocrx_word' id='word_1_66' title='bbox 1699 987 1879 1037; x_wconf 83' lang='lat' dir='ltr'><strong>autem</strong></span> 
     </span>
    </p>
   </div>
   <div class='ocr_carea' id='block_1_10' title="bbox 306 1063 1878 1137">
    <p class='ocr_par' dir='ltr' id='par_1_10' title="bbox 306 1063 1878 1137">
     <span class='ocr_line' id='line_1_10' title="bbox 306 1063 1878 1137; baseline 0.003 -19"><span class='ocrx_word' id='word_1_67' title='bbox 306 1073 363 1118; x_wconf 84' lang='lat' dir='ltr'><strong>et</strong></span> <span class='ocrx_word' id='word_1_68' title='bbox 395 1063 623 1117; x_wconf 83' lang='lat' dir='ltr'><strong>decebat</strong></span> <span class='ocrx_word' id='word_1_69' title='bbox 670 1076 957 1133; x_wconf 81' lang='lat' dir='ltr'><strong>antequam</strong></span> <span class='ocrx_word' id='word_1_70' title='bbox 1003 1074 1287 1121; x_wconf 84' lang='lat' dir='ltr'><strong>crearetur</strong></span> <span class='ocrx_word' id='word_1_71' title='bbox 1330 1083 1422 1121; x_wconf 78' lang='lat' dir='ltr'><strong>rex</strong></span> <span class='ocrx_word' id='word_1_72' title='bbox 1456 1082 1616 1137; x_wconf 88' lang='lat' dir='ltr'><strong>super</strong></span> <span class='ocrx_word' id='word_1_73' title='bbox 1651 1077 1878 1129; x_wconf 84' lang='lat' dir='ltr'><strong>terram.</strong></span> 
     </span>
    </p>
   </div>
   <div class='ocr_carea' id='block_1_11' title="bbox 311 1153 1881 1228">
    <p class='ocr_par' dir='ltr' id='par_1_11' title="bbox 311 1153 1881 1228">
     <span class='ocr_line' id='line_1_11' title="bbox 311 1153 1881 1228; baseline 0.003 -21"><span class='ocrx_word' id='word_1_74' title='bbox 311 1153 605 1222; x_wconf 66' lang='lat' dir='ltr'><strong>praeparari</strong></span> <span class='ocrx_word' id='word_1_75' title='bbox 644 1157 949 1209; x_wconf 91' lang='lat' dir='ltr'><strong>necessaria</strong></span> <span class='ocrx_word' id='word_1_76' title='bbox 979 1155 1210 1223; x_wconf 90' lang='lat' dir='ltr'><strong>primum</strong></span> <span class='ocrx_word' id='word_1_77' title='bbox 1237 1196 1254 1222; x_wconf 92' lang='lat'><strong>,</strong></span> <span class='ocrx_word' id='word_1_78' title='bbox 1293 1165 1351 1211; x_wconf 93' lang='lat' dir='ltr'><strong>ut</strong></span> <span class='ocrx_word' id='word_1_79' title='bbox 1387 1158 1455 1211; x_wconf 89' lang='lat' dir='ltr'><strong>ita</strong></span> <span class='ocrx_word' id='word_1_80' title='bbox 1486 1158 1762 1213; x_wconf 77' lang='lat' dir='ltr'><strong>adveniret</strong></span> <span class='ocrx_word' id='word_1_81' title='bbox 1789 1160 1881 1228; x_wconf 91' lang='lat' dir='ltr'><strong>qui</strong></span> 
     </span>
    </p>
   </div>
   <div class='ocr_carea' id='block_1_12' title="bbox 306 1245 1883 1312">
    <p class='ocr_par' dir='ltr' id='par_1_12' title="bbox 306 1245 1883 1312">
     <span class='ocr_line' id='line_1_12' title="bbox 306 1245 1883 1312; baseline 0.003 -13"><span class='ocrx_word' id='word_1_82' title='bbox 306 1259 370 1299; x_wconf 90' lang='lat' dir='ltr'><strong>ea</strong></span> <span class='ocrx_word' id='word_1_83' title='bbox 404 1245 606 1312; x_wconf 79' lang='lat' dir='ltr'><strong>perfrui</strong></span> <span class='ocrx_word' id='word_1_84' title='bbox 656 1245 895 1300; x_wconf 83' lang='lat' dir='ltr'><strong>deberet.</strong></span> <span class='ocrx_word' id='word_1_85' title='bbox 940 1246 1202 1301; x_wconf 84' lang='lat' dir='ltr'><strong>Servatur</strong></span> <span class='ocrx_word' id='word_1_86' title='bbox 1239 1257 1417 1303; x_wconf 90' lang='lat' dir='ltr'><strong>autem</strong></span> <span class='ocrx_word' id='word_1_87' title='bbox 1471 1256 1527 1302; x_wconf 88' lang='lat' dir='ltr'><strong>et</strong></span> <span class='ocrx_word' id='word_1_88' title='bbox 1583 1249 1632 1301; x_wconf 91' lang='lat' dir='ltr'><strong>in</strong></span> <span class='ocrx_word' id='word_1_89' title='bbox 1668 1248 1883 1303; x_wconf 84' lang='lat' dir='ltr'><strong>irratio-</strong></span> 
     </span>
    </p>
   </div>
   <div class='ocr_carea' id='block_1_13' title="bbox 310 1336 1881 1410">
    <p class='ocr_par' dir='ltr' id='par_1_13' title="bbox 310 1336 1881 1410">
     <span class='ocr_line' id='line_1_13' title="bbox 310 1336 1881 1410; baseline 0.003 -21"><span class='ocrx_word' id='word_1_90' title='bbox 310 1336 586 1391; x_wconf 84' lang='lat' dir='ltr'><strong>nabilibus</strong></span> <span class='ocrx_word' id='word_1_91' title='bbox 642 1338 796 1402; x_wconf 90' lang='lat' dir='ltr'><strong>ordo,</strong></span> <span class='ocrx_word' id='word_1_92' title='bbox 836 1339 1131 1393; x_wconf 91' lang='lat' dir='ltr'><strong>secundum</strong></span> <span class='ocrx_word' id='word_1_93' title='bbox 1182 1339 1542 1410; x_wconf 89' lang='lat' dir='ltr'><strong>Scripturam.</strong></span> <span class='ocrx_word' id='word_1_94' title='bbox 1575 1340 1691 1397; x_wconf 79' lang='lat' dir='ltr'><strong>Non</strong></span> <span class='ocrx_word' id='word_1_95' title='bbox 1739 1344 1881 1397; x_wconf 87' lang='lat' dir='ltr'><strong>enim</strong></span> 
     </span>
    </p>
   </div>
   <div class='ocr_carea' id='block_1_14' title="bbox 310 1428 1881 1504">
    <p class='ocr_par' dir='ltr' id='par_1_14' title="bbox 310 1428 1881 1504">
     <span class='ocr_line' id='line_1_14' title="bbox 310 1428 1881 1504; baseline 0.004 -22"><span class='ocrx_word' id='word_1_96' title='bbox 310 1430 463 1498; x_wconf 91' lang='lat' dir='ltr'><strong>prius</strong></span> <span class='ocrx_word' id='word_1_97' title='bbox 490 1428 630 1484; x_wconf 82' lang='lat' dir='ltr'><strong>facta</strong></span> <span class='ocrx_word' id='word_1_98' title='bbox 662 1440 790 1484; x_wconf 91' lang='lat' dir='ltr'><strong>sunt</strong></span> <span class='ocrx_word' id='word_1_99' title='bbox 818 1432 1068 1485; x_wconf 81' lang='lat' dir='ltr'><strong>animalia</strong></span> <span class='ocrx_word' id='word_1_100' title='bbox 1091 1474 1106 1497; x_wconf 92' lang='lat'><strong>,</strong></span> <span class='ocrx_word' id='word_1_101' title='bbox 1146 1449 1307 1501; x_wconf 87' lang='lat' dir='ltr'><strong>quam</strong></span> <span class='ocrx_word' id='word_1_102' title='bbox 1341 1432 1531 1488; x_wconf 89' lang='lat' dir='ltr'><strong>ﬁerent</strong></span> <span class='ocrx_word' id='word_1_103' title='bbox 1558 1450 1617 1489; x_wconf 91' lang='lat' dir='ltr'><strong>ea</strong></span> <span class='ocrx_word' id='word_1_104' title='bbox 1654 1450 1773 1504; x_wconf 64' lang='lat' dir='ltr'><strong>qua:</strong></span> <span class='ocrx_word' id='word_1_105' title='bbox 1794 1451 1881 1504; x_wconf 84' lang='lat' dir='ltr'><strong>pa-</strong></span> 
     </span>
    </p>
   </div>
   <div class='ocr_carea' id='block_1_15' title="bbox 310 1519 1883 1593">
    <p class='ocr_par' dir='ltr' id='par_1_15' title="bbox 310 1519 1883 1593">
     <span class='ocr_line' id='line_1_15' title="bbox 310 1519 1883 1593; baseline 0.004 -20"><span class='ocrx_word' id='word_1_106' title='bbox 310 1528 525 1574; x_wconf 87' lang='lat' dir='ltr'><strong>scerent</strong></span> <span class='ocrx_word' id='word_1_107' title='bbox 576 1520 849 1574; x_wconf 88' lang='lat' dir='ltr'><strong>animalia.</strong></span> <span class='ocrx_word' id='word_1_108' title='bbox 899 1519 1031 1586; x_wconf 87' lang='lat' dir='ltr'><strong>Quia</strong></span> <span class='ocrx_word' id='word_1_109' title='bbox 1085 1522 1228 1575; x_wconf 90' lang='lat' dir='ltr'><strong>enim</strong></span> <span class='ocrx_word' id='word_1_110' title='bbox 1272 1520 1470 1577; x_wconf 77' lang='lat' dir='ltr'><strong>factum</strong></span> <span class='ocrx_word' id='word_1_111' title='bbox 1500 1524 1717 1591; x_wconf 89' lang='lat' dir='ltr'><strong>quidem</strong></span> <span class='ocrx_word' id='word_1_112' title='bbox 1772 1526 1883 1593; x_wconf 87' lang='lat' dir='ltr'><strong>jam</strong></span> 
     </span>
    </p>
   </div>
   <div class='ocr_carea' id='block_1_16' title="bbox 307 1606 1884 1680">
    <p class='ocr_par' dir='ltr' id='par_1_16' title="bbox 307 1606 1884 1680">
     <span class='ocr_line' id='line_1_16' title="bbox 307 1606 1884 1680; baseline 0.003 -17"><span class='ocrx_word' id='word_1_113' title='bbox 307 1606 486 1665; x_wconf 81' lang='lat' dir='ltr'><strong>fuerat</strong></span> <span class='ocrx_word' id='word_1_114' title='bbox 513 1609 728 1673; x_wconf 67' lang='lat' dir='ltr'><strong>caelum,</strong></span> <span class='ocrx_word' id='word_1_115' title='bbox 757 1609 971 1664; x_wconf 77' lang='lat' dir='ltr'><strong>fundata</strong></span> <span class='ocrx_word' id='word_1_116' title='bbox 1002 1622 1178 1666; x_wconf 90' lang='lat' dir='ltr'><strong>autem</strong></span> <span class='ocrx_word' id='word_1_117' title='bbox 1200 1611 1310 1680; x_wconf 87' lang='lat' dir='ltr'><strong>jam</strong></span> <span class='ocrx_word' id='word_1_118' title='bbox 1341 1624 1459 1666; x_wconf 89' lang='lat' dir='ltr'><strong>erat</strong></span> <span class='ocrx_word' id='word_1_119' title='bbox 1492 1622 1654 1678; x_wconf 89' lang='lat' dir='ltr'><strong>terra,</strong></span> <span class='ocrx_word' id='word_1_120' title='bbox 1688 1624 1742 1670; x_wconf 90' lang='lat' dir='ltr'><strong>et</strong></span> <span class='ocrx_word' id='word_1_121' title='bbox 1772 1632 1884 1668; x_wconf 84' lang='lat' dir='ltr'><strong>ma-</strong></span> 
     </span>
    </p>
   </div>
   <div class='ocr_carea' id='block_1_17' title="bbox 312 1697 1885 1766">
    <p class='ocr_par' dir='ltr' id='par_1_17' title="bbox 312 1697 1885 1766">
     <span class='ocr_line' id='line_1_17' title="bbox 312 1697 1885 1766; baseline 0.004 -14"><span class='ocrx_word' id='word_1_122' title='bbox 312 1715 373 1752; x_wconf 92' lang='lat' dir='ltr'><strong>re</strong></span> <span class='ocrx_word' id='word_1_123' title='bbox 402 1697 577 1751; x_wconf 78' lang='lat' dir='ltr'><strong>fuerat</strong></span> <span class='ocrx_word' id='word_1_124' title='bbox 599 1708 909 1766; x_wconf 78' lang='lat' dir='ltr'><strong>separatum</strong></span> <span class='ocrx_word' id='word_1_125' title='bbox 935 1698 1001 1753; x_wconf 89' lang='lat' dir='ltr'><strong>ab</strong></span> <span class='ocrx_word' id='word_1_126' title='bbox 1029 1700 1202 1765; x_wconf 85' lang='lat' dir='ltr'><strong>arida,</strong></span> <span class='ocrx_word' id='word_1_127' title='bbox 1232 1699 1437 1755; x_wconf 81' lang='lat' dir='ltr'><strong>eﬂusus</strong></span> <span class='ocrx_word' id='word_1_128' title='bbox 1464 1713 1644 1757; x_wconf 90' lang='lat' dir='ltr'><strong>autem</strong></span> <span class='ocrx_word' id='word_1_129' title='bbox 1683 1714 1799 1757; x_wconf 89' lang='lat' dir='ltr'><strong>erat</strong></span> <span class='ocrx_word' id='word_1_130' title='bbox 1830 1714 1885 1758; x_wconf 91' lang='lat' dir='ltr'><strong>et</strong></span> 
     </span>
    </p>
   </div>
   <div class='ocr_carea' id='block_1_18' title="bbox 310 1791 1884 1858">
    <p class='ocr_par' dir='ltr' id='par_1_18' title="bbox 310 1791 1884 1858">
     <span class='ocr_line' id='line_1_18' title="bbox 310 1791 1884 1858; baseline 0.004 -18"><span class='ocrx_word' id='word_1_131' title='bbox 310 1803 425 1852; x_wconf 87' lang='lat' dir='ltr'><strong>aer,</strong></span> <span class='ocrx_word' id='word_1_132' title='bbox 452 1792 709 1843; x_wconf 84' lang='lat' dir='ltr'><strong>coronata</strong></span> <span class='ocrx_word' id='word_1_133' title='bbox 738 1798 915 1842; x_wconf 89' lang='lat' dir='ltr'><strong>autem</strong></span> <span class='ocrx_word' id='word_1_134' title='bbox 953 1799 1107 1843; x_wconf 90' lang='lat' dir='ltr'><strong>erant</strong></span> <span class='ocrx_word' id='word_1_135' title='bbox 1147 1803 1269 1857; x_wconf 86' lang='lat' dir='ltr'><strong>quae</strong></span> <span class='ocrx_word' id='word_1_136' title='bbox 1312 1791 1454 1845; x_wconf 83' lang='lat' dir='ltr'><strong>facta</strong></span> <span class='ocrx_word' id='word_1_137' title='bbox 1504 1803 1657 1858; x_wconf 91' lang='lat' dir='ltr'><strong>sunt,</strong></span> <span class='ocrx_word' id='word_1_138' title='bbox 1692 1809 1884 1847; x_wconf 90' lang='lat' dir='ltr'><strong>unum-</strong></span> 
     </span>
    </p>
   </div>
   <div class='ocr_carea' id='block_1_19' title="bbox 308 1879 1882 1951">
    <p class='ocr_par' dir='ltr' id='par_1_19' title="bbox 308 1879 1882 1951">
     <span class='ocr_line' id='line_1_19' title="bbox 308 1879 1882 1951; baseline 0.004 -19"><span class='ocrx_word' id='word_1_139' title='bbox 308 1880 562 1949; x_wconf 78' lang='lat' dir='ltr'><strong>quodque</strong></span> <span class='ocrx_word' id='word_1_140' title='bbox 599 1879 651 1933; x_wconf 92' lang='lat' dir='ltr'><strong>in</strong></span> <span class='ocrx_word' id='word_1_141' title='bbox 682 1890 1001 1934; x_wconf 89' lang='lat' dir='ltr'><strong>ornamento</strong></span> <span class='ocrx_word' id='word_1_142' title='bbox 1035 1895 1132 1936; x_wconf 85' lang='lat' dir='ltr'><strong>suo</strong></span> <span class='ocrx_word' id='word_1_143' title='bbox 1177 1899 1191 1936; x_wconf 88' lang='lat'><strong>:</strong></span> <span class='ocrx_word' id='word_1_144' title='bbox 1235 1890 1376 1935; x_wconf 88' lang='lat' dir='ltr'><strong>terra</strong></span> <span class='ocrx_word' id='word_1_145' title='bbox 1415 1883 1631 1951; x_wconf 90' lang='lat' dir='ltr'><strong>quidem</strong></span> <span class='ocrx_word' id='word_1_146' title='bbox 1685 1882 1882 1939; x_wconf 85' lang='lat' dir='ltr'><strong>ﬂorens</strong></span> 
     </span>
    </p>
   </div>
   <div class='ocr_carea' id='block_1_20' title="bbox 308 1968 1884 2041">
    <p class='ocr_par' dir='ltr' id='par_1_20' title="bbox 308 1968 1884 2041">
     <span class='ocr_line' id='line_1_20' title="bbox 308 1968 1884 2041; baseline 0.004 -20"><span class='ocrx_word' id='word_1_147' title='bbox 308 1970 594 2022; x_wconf 88' lang='lat' dir='ltr'><strong>arboribus</strong></span> <span class='ocrx_word' id='word_1_148' title='bbox 638 1978 694 2023; x_wconf 93' lang='lat' dir='ltr'><strong>et</strong></span> <span class='ocrx_word' id='word_1_149' title='bbox 741 1968 938 2038; x_wconf 89' lang='lat' dir='ltr'><strong>plantis</strong></span> <span class='ocrx_word' id='word_1_150' title='bbox 975 1983 1110 2023; x_wconf 90' lang='lat' dir='ltr'><strong>:aer</strong></span> <span class='ocrx_word' id='word_1_151' title='bbox 1159 1985 1257 2041; x_wconf 90' lang='lat' dir='ltr'><strong>per</strong></span> <span class='ocrx_word' id='word_1_152' title='bbox 1311 1972 1489 2025; x_wconf 88' lang='lat' dir='ltr'><strong>avium</strong></span> <span class='ocrx_word' id='word_1_153' title='bbox 1542 1972 1643 2026; x_wconf 85' lang='lat' dir='ltr'><strong>iter</strong></span> <span class='ocrx_word' id='word_1_154' title='bbox 1693 1973 1884 2029; x_wconf 88' lang='lat' dir='ltr'><strong>avibus</strong></span> 
     </span>
    </p>
   </div>
   <div class='ocr_carea' id='block_1_21' title="bbox 308 2059 1885 2132">
    <p class='ocr_par' dir='ltr' id='par_1_21' title="bbox 308 2059 1885 2132">
     <span class='ocr_line' id='line_1_21' title="bbox 308 2059 1885 2132; baseline 0.004 -21"><span class='ocrx_word' id='word_1_155' title='bbox 308 2060 554 2127; x_wconf 65' lang='lat' dir='ltr'><strong>praebens</strong></span> <span class='ocrx_word' id='word_1_156' title='bbox 589 2076 603 2112; x_wconf 91' lang='lat'>:</span> <span class='ocrx_word' id='word_1_157' title='bbox 642 2075 791 2113; x_wconf 91' lang='lat' dir='ltr'><strong>mare</strong></span> <span class='ocrx_word' id='word_1_158' title='bbox 835 2069 891 2114; x_wconf 89' lang='lat' dir='ltr'><strong>et</strong></span> <span class='ocrx_word' id='word_1_159' title='bbox 930 2059 1148 2114; x_wconf 85' lang='lat' dir='ltr'><strong>ﬁumina</strong></span> <span class='ocrx_word' id='word_1_160' title='bbox 1179 2068 1234 2115; x_wconf 90' lang='lat' dir='ltr'><strong>et</strong></span> <span class='ocrx_word' id='word_1_161' title='bbox 1274 2061 1448 2117; x_wconf 82' lang='lat' dir='ltr'><strong>fontes</strong></span> <span class='ocrx_word' id='word_1_162' title='bbox 1477 2063 1714 2132; x_wconf 85' lang='lat' dir='ltr'><strong>piscibus</strong></span> <span class='ocrx_word' id='word_1_163' title='bbox 1740 2064 1885 2118; x_wconf 69' lang='lat' dir='ltr'><strong>laeta-</strong></span> 
     </span>
    </p>
   </div>
   <div class='ocr_carea' id='block_1_22' title="bbox 311 2149 1886 2218">
    <p class='ocr_par' dir='ltr' id='par_1_22' title="bbox 311 2149 1886 2218">
     <span class='ocr_line' id='line_1_22' title="bbox 311 2149 1886 2218; baseline 0.004 -16"><span class='ocrx_word' id='word_1_164' title='bbox 311 2149 531 2213; x_wconf 84' lang='lat' dir='ltr'><strong>bantur,</strong></span> <span class='ocrx_word' id='word_1_165' title='bbox 562 2150 651 2218; x_wconf 85' lang='lat' dir='ltr'><strong>qui</strong></span> <span class='ocrx_word' id='word_1_166' title='bbox 678 2150 730 2204; x_wconf 92' lang='lat' dir='ltr'><strong>in</strong></span> <span class='ocrx_word' id='word_1_167' title='bbox 778 2166 836 2205; x_wconf 83' lang='lat' dir='ltr'><strong>se</strong></span> <span class='ocrx_word' id='word_1_168' title='bbox 866 2151 1081 2205; x_wconf 80' lang='lat' dir='ltr'><strong>fuerant</strong></span> <span class='ocrx_word' id='word_1_169' title='bbox 1113 2151 1246 2206; x_wconf 90' lang='lat' dir='ltr'><strong>nati.</strong></span> <span class='ocrx_word' id='word_1_170' title='bbox 1294 2153 1500 2208; x_wconf 68' lang='lat' dir='ltr'><strong>Caelum</strong></span> <span class='ocrx_word' id='word_1_171' title='bbox 1531 2165 1709 2208; x_wconf 88' lang='lat' dir='ltr'><strong>autem</strong></span> <span class='ocrx_word' id='word_1_172' title='bbox 1745 2156 1886 2210; x_wconf 80' lang='lat' dir='ltr'><strong>vari-</strong></span> 
     </span>
    </p>
   </div>
   <div class='ocr_carea' id='block_1_23' title="bbox 315 2243 1887 2312">
    <p class='ocr_par' dir='ltr' id='par_1_23' title="bbox 315 2243 1887 2312">
     <span class='ocr_line' id='line_1_23' title="bbox 315 2243 1887 2312; baseline 0.004 -18"><span class='ocrx_word' id='word_1_173' title='bbox 315 2250 497 2295; x_wconf 90' lang='lat' dir='ltr'><strong>catum</strong></span> <span class='ocrx_word' id='word_1_174' title='bbox 545 2243 656 2312; x_wconf 79' lang='lat'><strong>(59)</strong></span> <span class='ocrx_word' id='word_1_175' title='bbox 692 2245 806 2299; x_wconf 86' lang='lat' dir='ltr'><strong>suis</strong></span> <span class='ocrx_word' id='word_1_176' title='bbox 848 2245 1076 2300; x_wconf 87' lang='lat' dir='ltr'><strong>ﬂoribus</strong></span> <span class='ocrx_word' id='word_1_177' title='bbox 1105 2256 1262 2312; x_wconf 89' lang='lat' dir='ltr'><strong>erat,</strong></span> <span class='ocrx_word' id='word_1_178' title='bbox 1311 2256 1364 2300; x_wconf 93' lang='lat' dir='ltr'><strong>et</strong></span> <span class='ocrx_word' id='word_1_179' title='bbox 1403 2255 1525 2301; x_wconf 89' lang='lat' dir='ltr'><strong>tunc</strong></span> <span class='ocrx_word' id='word_1_180' title='bbox 1574 2245 1747 2301; x_wconf 83' lang='lat' dir='ltr'><strong>factus</strong></span> <span class='ocrx_word' id='word_1_181' title='bbox 1801 2256 1887 2302; x_wconf 87' lang='lat' dir='ltr'><strong>est</strong></span> 
     </span>
    </p>
   </div>
   <div class='ocr_carea' id='block_1_24' title="bbox 320 2332 1883 2408">
    <p class='ocr_par' dir='ltr' id='par_1_24' title="bbox 320 2332 1883 2408">
     <span class='ocr_line' id='line_1_24' title="bbox 320 2332 1883 2408; baseline 0.004 -24"><span class='ocrx_word' id='word_1_182' title='bbox 320 2334 505 2386; x_wconf 89' lang='lat' dir='ltr'><strong>homo.</strong></span> <span class='ocrx_word' id='word_1_183' title='bbox 533 2332 762 2389; x_wconf 88' lang='lat' dir='ltr'><strong>Creatus</strong></span> <span class='ocrx_word' id='word_1_184' title='bbox 793 2345 972 2389; x_wconf 88' lang='lat' dir='ltr'><strong>autem</strong></span> <span class='ocrx_word' id='word_1_185' title='bbox 1008 2346 1092 2391; x_wconf 85' lang='lat' dir='ltr'><strong>est</strong></span> <span class='ocrx_word' id='word_1_186' title='bbox 1130 2336 1292 2391; x_wconf 90' lang='lat' dir='ltr'><strong>homo</strong></span> <span class='ocrx_word' id='word_1_187' title='bbox 1328 2352 1433 2390; x_wconf 90' lang='lat' dir='ltr'><strong>non</strong></span> <span class='ocrx_word' id='word_1_188' title='bbox 1463 2352 1567 2391; x_wconf 91' lang='lat' dir='ltr'><strong>uno</strong></span> <span class='ocrx_word' id='word_1_189' title='bbox 1594 2347 1883 2408; x_wconf 65' lang='lat' dir='ltr'><strong>priecepto,</strong></span> 
     </span>
    </p>
   </div>
   <div class='ocr_carea' id='block_1_25' title="bbox 312 2423 1885 2499">
    <p class='ocr_par' dir='ltr' id='par_1_25' title="bbox 312 2423 1885 2499">
     <span class='ocr_line' id='line_1_25' title="bbox 312 2423 1885 2499; baseline 0.004 -24"><span class='ocrx_word' id='word_1_190' title='bbox 312 2423 410 2477; x_wconf 81' lang='lat' dir='ltr'><strong>sed</strong></span> <span class='ocrx_word' id='word_1_191' title='bbox 440 2438 636 2493; x_wconf 92' lang='lat' dir='ltr'><strong>corpus</strong></span> <span class='ocrx_word' id='word_1_192' title='bbox 660 2425 872 2494; x_wconf 86' lang='lat' dir='ltr'><strong>quidem</strong></span> <span class='ocrx_word' id='word_1_193' title='bbox 902 2426 1100 2481; x_wconf 91' lang='lat' dir='ltr'><strong>dicitur</strong></span> <span class='ocrx_word' id='word_1_194' title='bbox 1156 2429 1403 2483; x_wconf 90' lang='lat' dir='ltr'><strong>manibus</strong></span> <span class='ocrx_word' id='word_1_195' title='bbox 1440 2428 1747 2499; x_wconf 85' lang='lat' dir='ltr'><strong>ﬁguratum.</strong></span> <span class='ocrx_word' id='word_1_196' title='bbox 1776 2430 1885 2482; x_wconf 82' lang='lat' dir='ltr'><strong>Ex-</strong></span> 
     </span>
    </p>
   </div>
   <div class='ocr_carea' id='block_1_26' title="bbox 310 2513 1886 2586">
    <p class='ocr_par' dir='ltr' id='par_1_26' title="bbox 310 2513 1886 2586">
     <span class='ocr_line' id='line_1_26' title="bbox 310 2513 1886 2586; baseline 0.003 -19"><span class='ocrx_word' id='word_1_197' title='bbox 310 2515 443 2569; x_wconf 83' lang='lat' dir='ltr'><strong>hinc</strong></span> <span class='ocrx_word' id='word_1_198' title='bbox 471 2524 652 2570; x_wconf 90' lang='lat' dir='ltr'><strong>autem</strong></span> <span class='ocrx_word' id='word_1_199' title='bbox 694 2513 806 2583; x_wconf 87' lang='lat' dir='ltr'><strong>jam</strong></span> <span class='ocrx_word' id='word_1_200' title='bbox 848 2528 1165 2586; x_wconf 84' lang='lat' dir='ltr'><strong>argumenta</strong></span> <span class='ocrx_word' id='word_1_201' title='bbox 1209 2519 1317 2573; x_wconf 87' lang='lat' dir='ltr'><strong>sint</strong></span> <span class='ocrx_word' id='word_1_202' title='bbox 1348 2520 1413 2573; x_wconf 91' lang='lat' dir='ltr'><strong>de</strong></span> <span class='ocrx_word' id='word_1_203' title='bbox 1463 2520 1699 2575; x_wconf 87' lang='lat' dir='ltr'><strong>incertis.</strong></span> <span class='ocrx_word' id='word_1_204' title='bbox 1741 2519 1886 2574; x_wconf 87' lang='lat' dir='ltr'><strong>Scri-</strong></span> 
     </span>
    </p>
   </div>
   <div class='ocr_carea' id='block_1_27' title="bbox 318 2607 1881 2679">
    <p class='ocr_par' dir='ltr' id='par_1_27' title="bbox 318 2607 1881 2679">
     <span class='ocr_line' id='line_1_27' title="bbox 318 2607 1881 2679; baseline 0.004 -20"><span class='ocrx_word' id='word_1_205' title='bbox 318 2616 466 2674; x_wconf 89' lang='lat' dir='ltr'><strong>ptum</strong></span> <span class='ocrx_word' id='word_1_206' title='bbox 491 2616 575 2661; x_wconf 91' lang='lat' dir='ltr'><strong>est</strong></span> <span class='ocrx_word' id='word_1_207' title='bbox 604 2608 749 2661; x_wconf 88' lang='lat' dir='ltr'><strong>enim</strong></span> <span class='ocrx_word' id='word_1_208' title='bbox 801 2607 865 2675; x_wconf 73' lang='lat'><strong>“,</strong></span> <span class='ocrx_word' id='word_1_209' title='bbox 899 2609 1022 2678; x_wconf 87' lang='lat' dir='ltr'><strong>quia</strong></span> <span class='ocrx_word' id='word_1_210' title='bbox 1049 2610 1255 2679; x_wconf 88' lang='lat' dir='ltr'><strong>accepit</strong></span> <span class='ocrx_word' id='word_1_211' title='bbox 1286 2609 1424 2665; x_wconf 90' lang='lat' dir='ltr'><strong>Deus</strong></span> <span class='ocrx_word' id='word_1_212' title='bbox 1445 2626 1475 2665; x_wconf 92' lang='lat' dir='ltr'><strong>e</strong></span> <span class='ocrx_word' id='word_1_213' title='bbox 1500 2619 1642 2665; x_wconf 91' lang='lat' dir='ltr'><strong>terra</strong></span> <span class='ocrx_word' id='word_1_214' title='bbox 1673 2610 1881 2666; x_wconf 91' lang='lat' dir='ltr'><strong>limum.</strong></span> 
     </span>
    </p>
   </div>
   <div class='ocr_carea' id='block_1_28' title="bbox 314 2698 1885 2768">
    <p class='ocr_par' dir='ltr' id='par_1_28' title="bbox 314 2698 1885 2768">
     <span class='ocr_line' id='line_1_28' title="bbox 314 2698 1885 2768; baseline 0.003 -18"><span class='ocrx_word' id='word_1_215' title='bbox 314 2698 481 2753; x_wconf 86' lang='lat' dir='ltr'><strong>Putas</strong></span> <span class='ocrx_word' id='word_1_216' title='bbox 511 2698 634 2767; x_wconf 91' lang='lat' dir='ltr'><strong>quia</strong></span> <span class='ocrx_word' id='word_1_217' title='bbox 688 2700 929 2768; x_wconf 90' lang='lat' dir='ltr'><strong>accepit,</strong></span> <span class='ocrx_word' id='word_1_218' title='bbox 961 2701 1135 2766; x_wconf 80' lang='lat' dir='ltr'><strong>dixit,</strong></span> <span class='ocrx_word' id='word_1_219' title='bbox 1195 2702 1454 2756; x_wconf 87' lang='lat' dir='ltr'><strong>addemus</strong></span> <span class='ocrx_word' id='word_1_220' title='bbox 1480 2702 1528 2756; x_wconf 92' lang='lat' dir='ltr'><strong>ei</strong></span> <span class='ocrx_word' id='word_1_221' title='bbox 1564 2710 1619 2756; x_wconf 93' lang='lat' dir='ltr'><strong>et</strong></span> <span class='ocrx_word' id='word_1_222' title='bbox 1645 2716 1830 2755; x_wconf 91' lang='lat' dir='ltr'><strong>manus</strong></span> <span class='ocrx_word' id='word_1_223' title='bbox 1862 2704 1885 2755; x_wconf 87' lang='lat'><strong>?</strong></span> 
     </span>
    </p>
   </div>
   <div class='ocr_carea' id='block_1_29' title="bbox 317 2790 1886 2864">
    <p class='ocr_par' dir='ltr' id='par_1_29' title="bbox 317 2790 1886 2864">
     <span class='ocr_line' id='line_1_29' title="bbox 317 2790 1886 2864; baseline 0.003 -21"><span class='ocrx_word' id='word_1_224' title='bbox 317 2790 591 2859; x_wconf 84' lang='lat' dir='ltr'><strong>Scriptum</strong></span> <span class='ocrx_word' id='word_1_225' title='bbox 613 2800 696 2846; x_wconf 90' lang='lat' dir='ltr'><strong>est</strong></span> <span class='ocrx_word' id='word_1_226' title='bbox 726 2792 853 2860; x_wconf 88' lang='lat' dir='ltr'><strong>quia</strong></span> <span class='ocrx_word' id='word_1_227' title='bbox 883 2802 938 2847; x_wconf 93' lang='lat' dir='ltr'><strong>et</strong></span> <span class='ocrx_word' id='word_1_228' title='bbox 990 2794 1238 2863; x_wconf 86' lang='lat' dir='ltr'><strong>ﬁguravit</strong></span> <span class='ocrx_word' id='word_1_229' title='bbox 1264 2794 1562 2850; x_wconf 85' lang='lat' dir='ltr'><strong>hominem.</strong></span> <span class='ocrx_word' id='word_1_230' title='bbox 1598 2792 1663 2848; x_wconf 83' lang='lat' dir='ltr'><strong>Et</strong></span> <span class='ocrx_word' id='word_1_231' title='bbox 1687 2795 1886 2864; x_wconf 47' lang='lat' dir='ltr'><strong>ﬁgura.</strong></span> 
     </span>
    </p>
   </div>
   <div class='ocr_carea' id='block_1_30' title="bbox 311 2881 1885 2951">
    <p class='ocr_par' dir='ltr' id='par_1_30' title="bbox 311 2881 1885 2951">
     <span class='ocr_line' id='line_1_30' title="bbox 311 2881 1885 2951; baseline 0.003 -18"><span class='ocrx_word' id='word_1_232' title='bbox 311 2881 390 2934; x_wconf 84' lang='lat' dir='ltr'><strong>tio</strong></span> <span class='ocrx_word' id='word_1_233' title='bbox 422 2882 641 2950; x_wconf 92' lang='lat' dir='ltr'><strong>quidem</strong></span> <span class='ocrx_word' id='word_1_234' title='bbox 676 2883 919 2950; x_wconf 88' lang='lat' dir='ltr'><strong>corporis</strong></span> <span class='ocrx_word' id='word_1_235' title='bbox 952 2883 1187 2951; x_wconf 78' lang='lat' dir='ltr'><strong>iacebat,</strong></span> <span class='ocrx_word' id='word_1_236' title='bbox 1220 2885 1399 2939; x_wconf 90' lang='lat' dir='ltr'><strong>anima</strong></span> <span class='ocrx_word' id='word_1_237' title='bbox 1428 2895 1607 2938; x_wconf 91' lang='lat' dir='ltr'><strong>autem</strong></span> <span class='ocrx_word' id='word_1_238' title='bbox 1640 2900 1743 2938; x_wconf 92' lang='lat' dir='ltr'><strong>non</strong></span> <span class='ocrx_word' id='word_1_239' title='bbox 1768 2894 1885 2939; x_wconf 85' lang='lat' dir='ltr'><strong>erat</strong></span> 
     </span>
    </p>
   </div>
   <div class='ocr_carea' id='block_1_31' title="bbox 311 2972 1885 3047">
    <p class='ocr_par' dir='ltr' id='par_1_31' title="bbox 311 2972 1885 3047">
     <span class='ocr_line' id='line_1_31' title="bbox 311 2972 1885 3047; baseline 0.004 -23"><span class='ocrx_word' id='word_1_240' title='bbox 311 2974 476 3026; x_wconf 78' lang='lat' dir='ltr'><strong>simul</strong></span> <span class='ocrx_word' id='word_1_241' title='bbox 512 2984 716 3029; x_wconf 88' lang='lat' dir='ltr'><strong>creata.</strong></span> <span class='ocrx_word' id='word_1_242' title='bbox 751 2972 858 3028; x_wconf 89' lang='lat' dir='ltr'><strong>Sed</strong></span> <span class='ocrx_word' id='word_1_243' title='bbox 888 2974 1074 3029; x_wconf 88' lang='lat' dir='ltr'><strong>volens</strong></span> <span class='ocrx_word' id='word_1_244' title='bbox 1104 2975 1243 3030; x_wconf 90' lang='lat' dir='ltr'><strong>Deus</strong></span> <span class='ocrx_word' id='word_1_245' title='bbox 1290 2991 1387 3045; x_wconf 91' lang='lat' dir='ltr'><strong>per</strong></span> <span class='ocrx_word' id='word_1_246' title='bbox 1419 2990 1581 3047; x_wconf 85' lang='lat' dir='ltr'><strong>opera</strong></span> <span class='ocrx_word' id='word_1_247' title='bbox 1609 2984 1885 3044; x_wconf 85' lang='lat' dir='ltr'><strong>separatas</strong></span> 
     </span>
    </p>
   </div>
   <div class='ocr_carea' id='block_1_32' title="bbox 319 3065 1883 3135">
    <p class='ocr_par' dir='ltr' id='par_1_32' title="bbox 319 3065 1883 3135">
     <span class='ocr_line' id='line_1_32' title="bbox 319 3065 1883 3135; baseline 0.004 -21"><span class='ocrx_word' id='word_1_248' title='bbox 319 3077 611 3132; x_wconf 86' lang='lat' dir='ltr'><strong>segregare</strong></span> <span class='ocrx_word' id='word_1_249' title='bbox 642 3071 865 3117; x_wconf 90' lang='lat' dir='ltr'><strong>naturas</strong></span> <span class='ocrx_word' id='word_1_250' title='bbox 895 3065 1187 3134; x_wconf 86' lang='lat' dir='ltr'><strong>separatim</strong></span> <span class='ocrx_word' id='word_1_251' title='bbox 1224 3065 1471 3135; x_wconf 86' lang='lat' dir='ltr'><strong>ﬁguravit</strong></span> <span class='ocrx_word' id='word_1_252' title='bbox 1503 3081 1699 3135; x_wconf 87' lang='lat' dir='ltr'><strong>corpus</strong></span> <span class='ocrx_word' id='word_1_253' title='bbox 1726 3105 1740 3128; x_wconf 86' lang='lat'><strong>,</strong></span> <span class='ocrx_word' id='word_1_254' title='bbox 1799 3080 1883 3120; x_wconf 83' lang='lat' dir='ltr'><strong>se-</strong></span> 
     </span>
    </p>
   </div>
   <div class='ocr_carea' id='block_1_33' title="bbox 310 3151 1880 3220">
    <p class='ocr_par' dir='ltr' id='par_1_33' title="bbox 310 3151 1880 3220">
     <span class='ocr_line' id='line_1_33' title="bbox 310 3151 1880 3220; baseline 0.003 -16"><span class='ocrx_word' id='word_1_255' title='bbox 310 3152 542 3220; x_wconf 88' lang='lat' dir='ltr'><strong>paratim</strong></span> <span class='ocrx_word' id='word_1_256' title='bbox 573 3151 806 3206; x_wconf 78' lang='lat' dir='ltr'><strong>animam</strong></span> <span class='ocrx_word' id='word_1_257' title='bbox 833 3153 983 3208; x_wconf 80' lang='lat' dir='ltr'><strong>fecit.</strong></span> <span class='ocrx_word' id='word_1_258' title='bbox 1012 3155 1076 3208; x_wconf 88' lang='lat' dir='ltr'><strong>Et</strong></span> <span class='ocrx_word' id='word_1_259' title='bbox 1108 3155 1308 3210; x_wconf 80' lang='lat' dir='ltr'><strong>factum</strong></span> <span class='ocrx_word' id='word_1_260' title='bbox 1339 3164 1422 3210; x_wconf 92' lang='lat' dir='ltr'><strong>est</strong></span> <span class='ocrx_word' id='word_1_261' title='bbox 1453 3157 1599 3210; x_wconf 88' lang='lat' dir='ltr'><strong>velut</strong></span> <span class='ocrx_word' id='word_1_262' title='bbox 1629 3157 1880 3211; x_wconf 86' lang='lat' dir='ltr'><strong>taberna-</strong></span> 
     </span>
    </p>
   </div>
   <div class='ocr_carea' id='block_1_34' title="bbox 313 3245 1880 3313">
    <p class='ocr_par' dir='ltr' id='par_1_34' title="bbox 313 3245 1880 3313">
     <span class='ocr_line' id='line_1_34' title="bbox 313 3245 1880 3313; baseline 0.003 -16"><span class='ocrx_word' id='word_1_263' title='bbox 313 3245 497 3297; x_wconf 82' lang='lat' dir='ltr'><strong>culum</strong></span> <span class='ocrx_word' id='word_1_264' title='bbox 524 3260 720 3313; x_wconf 84' lang='lat' dir='ltr'><strong>corpns</strong></span> <span class='ocrx_word' id='word_1_265' title='bbox 755 3263 769 3299; x_wconf 92' lang='lat'><strong>:</strong></span> <span class='ocrx_word' id='word_1_266' title='bbox 805 3246 1109 3301; x_wconf 89' lang='lat' dir='ltr'><strong>introducta</strong></span> <span class='ocrx_word' id='word_1_267' title='bbox 1142 3256 1225 3301; x_wconf 88' lang='lat' dir='ltr'><strong>est</strong></span> <span class='ocrx_word' id='word_1_268' title='bbox 1268 3258 1447 3302; x_wconf 87' lang='lat' dir='ltr'><strong>autem</strong></span> <span class='ocrx_word' id='word_1_269' title='bbox 1474 3249 1677 3311; x_wconf 89' lang='lat' dir='ltr'><strong>anima,</strong></span> <span class='ocrx_word' id='word_1_270' title='bbox 1700 3257 1753 3301; x_wconf 90' lang='lat' dir='ltr'><strong>et</strong></span> <span class='ocrx_word' id='word_1_271' title='bbox 1784 3250 1880 3301; x_wconf 83' lang='lat' dir='ltr'><strong>ha—</strong></span> 
     </span>
    </p>
   </div>
   <div class='ocr_carea' id='block_1_35' title="bbox 321 3335 1882 3408">
    <p class='ocr_par' dir='ltr' id='par_1_35' title="bbox 321 3335 1882 3408">
     <span class='ocr_line' id='line_1_35' title="bbox 321 3335 1882 3408; baseline 0.002 -20"><span class='ocrx_word' id='word_1_272' title='bbox 321 3336 531 3388; x_wconf 86' lang='lat' dir='ltr'><strong>bitavit.</strong></span> <span class='ocrx_word' id='word_1_273' title='bbox 582 3335 644 3389; x_wconf 83' lang='lat' dir='ltr'><strong>Et</strong></span> <span class='ocrx_word' id='word_1_274' title='bbox 672 3352 735 3388; x_wconf 88' lang='lat' dir='ltr'><strong>ne</strong></span> <span class='ocrx_word' id='word_1_275' title='bbox 765 3347 919 3404; x_wconf 86' lang='lat' dir='ltr'><strong>putes</strong></span> <span class='ocrx_word' id='word_1_276' title='bbox 953 3337 1074 3405; x_wconf 83' lang='lat' dir='ltr'><strong>quia</strong></span> <span class='ocrx_word' id='word_1_277' title='bbox 1106 3339 1380 3406; x_wconf 76' lang='lat' dir='ltr'><strong>prmcessit</strong></span> <span class='ocrx_word' id='word_1_278' title='bbox 1408 3353 1605 3408; x_wconf 89' lang='lat' dir='ltr'><strong>corpus</strong></span> <span class='ocrx_word' id='word_1_279' title='bbox 1647 3341 1699 3393; x_wconf 89' lang='lat' dir='ltr'><strong>in</strong></span> <span class='ocrx_word' id='word_1_280' title='bbox 1728 3355 1882 3394; x_wconf 72' lang='lat' dir='ltr'><strong>crt-a-</strong></span> 
     </span>
    </p>
   </div>
   <div class='ocr_carea' id='block_1_36' title="bbox 320 3427 1885 3498">
    <p class='ocr_par' dir='ltr' id='par_1_36' title="bbox 320 3427 1885 3498">
     <span class='ocr_line' id='line_1_36' title="bbox 320 3427 1885 3498; baseline 0.003 -20"><span class='ocrx_word' id='word_1_281' title='bbox 320 3428 465 3479; x_wconf 88' lang='lat' dir='ltr'><strong>tione</strong></span> <span class='ocrx_word' id='word_1_282' title='bbox 495 3467 510 3490; x_wconf 96' lang='lat'><strong>,</strong></span> <span class='ocrx_word' id='word_1_283' title='bbox 547 3427 657 3495; x_wconf 85' lang='lat' dir='ltr'><strong>jam</strong></span> <span class='ocrx_word' id='word_1_284' title='bbox 704 3439 757 3480; x_wconf 88' lang='lat' dir='ltr'><strong>et</strong></span> <span class='ocrx_word' id='word_1_285' title='bbox 810 3429 861 3480; x_wconf 88' lang='lat' dir='ltr'><strong>in</strong></span> <span class='ocrx_word' id='word_1_286' title='bbox 911 3430 1113 3483; x_wconf 90' lang='lat' dir='ltr'><strong>honore</strong></span> <span class='ocrx_word' id='word_1_287' title='bbox 1142 3429 1417 3498; x_wconf 60' lang='lat' dir='ltr'><strong>praecellit.</strong></span> <span class='ocrx_word' id='word_1_288' title='bbox 1465 3431 1569 3483; x_wconf 75' lang='lat' dir='ltr'><strong>Sed</strong></span> <span class='ocrx_word' id='word_1_289' title='bbox 1618 3440 1885 3483; x_wconf 88' lang='lat' dir='ltr'><strong>memento</strong></span> 
     </span>
    </p>
   </div>
   <div class='ocr_carea' id='block_1_37' title="bbox 312 3519 1884 3588">
    <p class='ocr_par' dir='ltr' id='par_1_37' title="bbox 312 3519 1884 3588">
     <span class='ocr_line' id='line_1_37' title="bbox 312 3519 1884 3588; baseline 0.004 -21"><span class='ocrx_word' id='word_1_290' title='bbox 312 3533 434 3587; x_wconf 75' lang='lat' dir='ltr'><strong>qua:</strong></span> <span class='ocrx_word' id='word_1_291' title='bbox 464 3520 711 3585; x_wconf 82' lang='lat' dir='ltr'><strong>superius</strong></span> <span class='ocrx_word' id='word_1_292' title='bbox 743 3519 963 3584; x_wconf 89' lang='lat' dir='ltr'><strong>audisti,</strong></span> <span class='ocrx_word' id='word_1_293' title='bbox 991 3520 1115 3588; x_wconf 82' lang='lat' dir='ltr'><strong>quia</strong></span> <span class='ocrx_word' id='word_1_294' title='bbox 1143 3528 1195 3575; x_wconf 86' lang='lat' dir='ltr'><strong>et</strong></span> <span class='ocrx_word' id='word_1_295' title='bbox 1221 3519 1605 3574; x_wconf 88' lang='lat' dir='ltr'><strong>irrationabilia</strong></span> <span class='ocrx_word' id='word_1_296' title='bbox 1631 3520 1884 3573; x_wconf 91' lang='lat' dir='ltr'><strong>animalia</strong></span> 
     </span>
    </p>
   </div>
   <div class='ocr_carea' id='block_1_38' title="bbox 313 3608 1888 3680">
    <p class='ocr_par' dir='ltr' id='par_1_38' title="bbox 313 3608 1888 3680">
     <span class='ocr_line' id='line_1_38' title="bbox 313 3608 1888 3680; baseline 0.001 -19"><span class='ocrx_word' id='word_1_297' title='bbox 313 3618 441 3662; x_wconf 86' lang='lat' dir='ltr'><strong>ante</strong></span> <span class='ocrx_word' id='word_1_298' title='bbox 476 3608 747 3661; x_wconf 83' lang='lat' dir='ltr'><strong>hominem</strong></span> <span class='ocrx_word' id='word_1_299' title='bbox 781 3611 921 3662; x_wconf 74' lang='lat' dir='ltr'><strong>facta</strong></span> <span class='ocrx_word' id='word_1_300' title='bbox 952 3618 1078 3662; x_wconf 88' lang='lat' dir='ltr'><strong>sunt</strong></span> <span class='ocrx_word' id='word_1_301' title='bbox 1115 3626 1127 3663; x_wconf 93' lang='lat'>:</span> <span class='ocrx_word' id='word_1_302' title='bbox 1158 3617 1212 3664; x_wconf 91' lang='lat' dir='ltr'><strong>et</strong></span> <span class='ocrx_word' id='word_1_303' title='bbox 1239 3626 1343 3665; x_wconf 91' lang='lat' dir='ltr'><strong>non</strong></span> <span class='ocrx_word' id='word_1_304' title='bbox 1364 3611 1485 3679; x_wconf 89' lang='lat' dir='ltr'><strong>quia</strong></span> <span class='ocrx_word' id='word_1_305' title='bbox 1516 3620 1888 3680; x_wconf 65' lang='lat' dir='ltr'><strong>praevenerunt</strong></span> 
     </span>
    </p>
   </div>
   <div class='ocr_carea' id='block_1_39' title="bbox 310 3700 1888 3771">
    <p class='ocr_par' dir='ltr' id='par_1_39' title="bbox 310 3700 1888 3771">
     <span class='ocr_line' id='line_1_39' title="bbox 310 3700 1888 3771; baseline 0.001 -15"><span class='ocrx_word' id='word_1_306' title='bbox 310 3702 367 3756; x_wconf 91' lang='lat' dir='ltr'><strong>in</strong></span> <span class='ocrx_word' id='word_1_307' title='bbox 404 3701 718 3769; x_wconf 87' lang='lat' dir='ltr'><strong>operatione</strong></span> <span class='ocrx_word' id='word_1_308' title='bbox 747 3740 760 3764; x_wconf 94' lang='lat'><strong>,</strong></span> <span class='ocrx_word' id='word_1_309' title='bbox 790 3700 900 3769; x_wconf 88' lang='lat' dir='ltr'><strong>jam</strong></span> <span class='ocrx_word' id='word_1_310' title='bbox 938 3710 990 3753; x_wconf 85' lang='lat' dir='ltr'><strong>et</strong></span> <span class='ocrx_word' id='word_1_311' title='bbox 1022 3700 1194 3768; x_wconf 92' lang='lat' dir='ltr'><strong>prima</strong></span> <span class='ocrx_word' id='word_1_312' title='bbox 1236 3711 1360 3756; x_wconf 90' lang='lat' dir='ltr'><strong>sunt</strong></span> <span class='ocrx_word' id='word_1_313' title='bbox 1403 3702 1455 3755; x_wconf 91' lang='lat' dir='ltr'><strong>in</strong></span> <span class='ocrx_word' id='word_1_314' title='bbox 1486 3703 1709 3757; x_wconf 90' lang='lat' dir='ltr'><strong>honore.</strong></span> <span class='ocrx_word' id='word_1_315' title='bbox 1742 3702 1888 3771; x_wconf 89' lang='lat' dir='ltr'><strong>Ipso-</strong></span> 
     </span>
    </p>
   </div>
   <div class='ocr_carea' id='block_1_40' title="bbox 317 3792 1887 3861">
    <p class='ocr_par' dir='ltr' id='par_1_40' title="bbox 317 3792 1887 3861">
     <span class='ocr_line' id='line_1_40' title="bbox 317 3792 1887 3861; baseline 0.003 -18"><span class='ocrx_word' id='word_1_316' title='bbox 317 3809 435 3845; x_wconf 88' lang='lat' dir='ltr'><strong>rum</strong></span> <span class='ocrx_word' id='word_1_317' title='bbox 463 3800 642 3845; x_wconf 86' lang='lat' dir='ltr'><strong>autem</strong></span> <span class='ocrx_word' id='word_1_318' title='bbox 678 3792 1125 3844; x_wconf 88' lang='lat' dir='ltr'><strong>irrationabilinm</strong></span> <span class='ocrx_word' id='word_1_319' title='bbox 1165 3807 1225 3846; x_wconf 89' lang='lat' dir='ltr'><strong>ea</strong></span> <span class='ocrx_word' id='word_1_320' title='bbox 1254 3808 1374 3861; x_wconf 68' lang='lat' dir='ltr'><strong>qua:</strong></span> <span class='ocrx_word' id='word_1_321' title='bbox 1407 3793 1473 3846; x_wconf 92' lang='lat' dir='ltr'><strong>ad</strong></span> <span class='ocrx_word' id='word_1_322' title='bbox 1503 3808 1683 3847; x_wconf 89' lang='lat' dir='ltr'><strong>escam</strong></span> <span class='ocrx_word' id='word_1_323' title='bbox 1708 3808 1887 3848; x_wconf 89' lang='lat' dir='ltr'><strong>neces-</strong></span> 
     </span>
    </p>
   </div>
   <div class='ocr_carea' id='block_1_41' title="bbox 314 3883 1888 3954">
    <p class='ocr_par' dir='ltr' id='par_1_41' title="bbox 314 3883 1888 3954">
     <span class='ocr_line' id='line_1_41' title="bbox 314 3883 1888 3954; baseline 0 -17"><span class='ocrx_word' id='word_1_324' title='bbox 314 3885 457 3937; x_wconf 83' lang='lat' dir='ltr'><strong>saria</strong></span> <span class='ocrx_word' id='word_1_325' title='bbox 481 3890 625 3946; x_wconf 88' lang='lat' dir='ltr'><strong>sunt,</strong></span> <span class='ocrx_word' id='word_1_326' title='bbox 658 3883 836 3952; x_wconf 90' lang='lat' dir='ltr'><strong>priora</strong></span> <span class='ocrx_word' id='word_1_327' title='bbox 866 3893 1045 3936; x_wconf 86' lang='lat' dir='ltr'><strong>creata</strong></span> <span class='ocrx_word' id='word_1_328' title='bbox 1082 3893 1205 3937; x_wconf 88' lang='lat' dir='ltr'><strong>sunt</strong></span> <span class='ocrx_word' id='word_1_329' title='bbox 1231 3902 1243 3937; x_wconf 92' lang='lat'>:</span> <span class='ocrx_word' id='word_1_330' title='bbox 1270 3893 1323 3937; x_wconf 92' lang='lat' dir='ltr'><strong>et</strong></span> <span class='ocrx_word' id='word_1_331' title='bbox 1356 3900 1458 3937; x_wconf 90' lang='lat' dir='ltr'><strong>non</strong></span> <span class='ocrx_word' id='word_1_332' title='bbox 1486 3886 1608 3953; x_wconf 88' lang='lat' dir='ltr'><strong>quia</strong></span> <span class='ocrx_word' id='word_1_333' title='bbox 1645 3900 1763 3954; x_wconf 76' lang='lat' dir='ltr'><strong>qua:</strong></span> <span class='ocrx_word' id='word_1_334' title='bbox 1794 3885 1888 3937; x_wconf 89' lang='lat' dir='ltr'><strong>uti-</strong></span> 
     </span>
    </p>
   </div>
   <div class='ocr_carea' id='block_1_42' title="bbox 313 3972 1884 4043">
    <p class='ocr_par' dir='ltr' id='par_1_42' title="bbox 313 3972 1884 4043">
     <span class='ocr_line' id='line_1_42' title="bbox 313 3972 1884 4043; baseline 0.001 -17"><span class='ocrx_word' id='word_1_335' title='bbox 313 3974 385 4028; x_wconf 88' lang='lat' dir='ltr'><strong>lia</strong></span> <span class='ocrx_word' id='word_1_336' title='bbox 417 3982 543 4029; x_wconf 83' lang='lat' dir='ltr'><strong>sunt</strong></span> <span class='ocrx_word' id='word_1_337' title='bbox 567 3972 913 4039; x_wconf 88' lang='lat' dir='ltr'><strong>animalibus,</strong></span> <span class='ocrx_word' id='word_1_338' title='bbox 946 3981 1000 4026; x_wconf 89' lang='lat' dir='ltr'><strong>et</strong></span> <span class='ocrx_word' id='word_1_339' title='bbox 1044 3972 1155 4040; x_wconf 91' lang='lat' dir='ltr'><strong>jam</strong></span> <span class='ocrx_word' id='word_1_340' title='bbox 1187 3973 1297 4043; x_wconf 65' lang='lat'><strong>(40)</strong></span> <span class='ocrx_word' id='word_1_341' title='bbox 1327 3974 1728 4028; x_wconf 85' lang='lat' dir='ltr'><strong>houorabiliura</strong></span> <span class='ocrx_word' id='word_1_342' title='bbox 1760 3985 1884 4028; x_wconf 84' lang='lat' dir='ltr'><strong>sunt</strong></span> 
     </span>
    </p>
   </div>
   <div class='ocr_carea' id='block_1_43' title="bbox 311 4063 1883 4133">
    <p class='ocr_par' dir='ltr' id='par_1_43' title="bbox 311 4063 1883 4133">
     <span class='ocr_line' id='line_1_43' title="bbox 311 4063 1883 4133; baseline -0.001 -14"><span class='ocrx_word' id='word_1_343' title='bbox 311 4063 706 4131; x_wconf 66' lang='lat' dir='ltr'><strong>iisdem.&#39;Ergo</strong></span> <span class='ocrx_word' id='word_1_344' title='bbox 731 4078 836 4117; x_wconf 90' lang='lat' dir='ltr'><strong>non</strong></span> <span class='ocrx_word' id='word_1_345' title='bbox 872 4077 901 4117; x_wconf 93' lang='lat' dir='ltr'><strong>a</strong></span> <span class='ocrx_word' id='word_1_346' title='bbox 938 4064 1271 4132; x_wconf 88' lang='lat' dir='ltr'><strong>temporibus</strong></span> <span class='ocrx_word' id='word_1_347' title='bbox 1297 4064 1644 4132; x_wconf 88' lang='lat' dir='ltr'><strong>accipiamus,</strong></span> <span class='ocrx_word' id='word_1_348' title='bbox 1682 4065 1883 4133; x_wconf 84' lang='lat' dir='ltr'><strong>pretio-</strong></span> 
     </span>
    </p>
   </div>
   <div class='ocr_carea' id='block_1_44' title="bbox 314 4158 1882 4227">
    <p class='ocr_par' dir='ltr' id='par_1_44' title="bbox 314 4158 1882 4227">
     <span class='ocr_line' id='line_1_44' title="bbox 314 4158 1882 4227; baseline 0.001 -16"><span class='ocrx_word' id='word_1_349' title='bbox 314 4158 460 4211; x_wconf 89' lang='lat' dir='ltr'><strong>siora</strong></span> <span class='ocrx_word' id='word_1_350' title='bbox 494 4171 556 4211; x_wconf 88' lang='lat' dir='ltr'><strong>ea</strong></span> <span class='ocrx_word' id='word_1_351' title='bbox 596 4170 716 4210; x_wconf 91' lang='lat' dir='ltr'><strong>esse</strong></span> <span class='ocrx_word' id='word_1_352' title='bbox 746 4170 866 4224; x_wconf 75' lang='lat' dir='ltr'><strong>quze</strong></span> <span class='ocrx_word' id='word_1_353' title='bbox 906 4158 1084 4225; x_wconf 90' lang='lat' dir='ltr'><strong>priora</strong></span> <span class='ocrx_word' id='word_1_354' title='bbox 1121 4166 1284 4211; x_wconf 84' lang='lat' dir='ltr'><strong>sunt:</strong></span> <span class='ocrx_word' id='word_1_355' title='bbox 1327 4158 1590 4227; x_wconf 89' lang='lat' dir='ltr'><strong>siquidem</strong></span> <span class='ocrx_word' id='word_1_356' title='bbox 1645 4169 1698 4213; x_wconf 91' lang='lat' dir='ltr'><strong>et</strong></span> <span class='ocrx_word' id='word_1_357' title='bbox 1743 4171 1882 4213; x_wconf 84' lang='lat' dir='ltr'><strong>terra</strong></span> 
     </span>
    </p>
   </div>
   <div class='ocr_carea' id='block_1_45' title="bbox 313 4248 1885 4320">
    <p class='ocr_par' dir='ltr' id='par_1_45' title="bbox 313 4248 1885 4320">
     <span class='ocr_line' id='line_1_45' title="bbox 313 4248 1885 4320; baseline 0.003 -19"><span class='ocrx_word' id='word_1_358' title='bbox 313 4259 439 4303; x_wconf 88' lang='lat' dir='ltr'><strong>ante</strong></span> <span class='ocrx_word' id='word_1_359' title='bbox 491 4249 651 4302; x_wconf 87' lang='lat' dir='ltr'><strong>istum</strong></span> <span class='ocrx_word' id='word_1_360' title='bbox 705 4248 797 4317; x_wconf 91' lang='lat' dir='ltr'><strong>qui</strong></span> <span class='ocrx_word' id='word_1_361' title='bbox 855 4248 1069 4302; x_wconf 90' lang='lat' dir='ltr'><strong>videtur</strong></span> <span class='ocrx_word' id='word_1_362' title='bbox 1100 4250 1295 4304; x_wconf 74' lang='lat' dir='ltr'><strong>cmlum</strong></span> <span class='ocrx_word' id='word_1_363' title='bbox 1337 4260 1419 4304; x_wconf 91' lang='lat' dir='ltr'><strong>est</strong></span> <span class='ocrx_word' id='word_1_364' title='bbox 1454 4249 1614 4304; x_wconf 84' lang='lat' dir='ltr'><strong>facta.</strong></span> <span class='ocrx_word' id='word_1_365' title='bbox 1670 4250 1725 4305; x_wconf 86' lang='lat' dir='ltr'><strong>Si</strong></span> <span class='ocrx_word' id='word_1_366' title='bbox 1764 4251 1885 4320; x_wconf 89' lang='lat' dir='ltr'><strong>quis</strong></span> 
     </span>
    </p>
   </div>
   <div class='ocr_carea' id='block_1_46' title="bbox 314 4339 1885 4409">
    <p class='ocr_par' dir='ltr' id='par_1_46' title="bbox 314 4339 1885 4409">
     <span class='ocr_line' id='line_1_46' title="bbox 314 4339 1885 4409; baseline 0.002 -16"><span class='ocrx_word' id='word_1_367' title='bbox 314 4340 461 4394; x_wconf 87' lang='lat' dir='ltr'><strong>enim</strong></span> <span class='ocrx_word' id='word_1_368' title='bbox 496 4339 623 4408; x_wconf 90' lang='lat' dir='ltr'><strong>legit</strong></span> <span class='ocrx_word' id='word_1_369' title='bbox 657 4340 1020 4405; x_wconf 86' lang='lat' dir='ltr'><strong>Scripturam,</strong></span> <span class='ocrx_word' id='word_1_370' title='bbox 1045 4350 1135 4393; x_wconf 91' lang='lat' dir='ltr'><strong>aut</strong></span> <span class='ocrx_word' id='word_1_371' title='bbox 1165 4341 1429 4409; x_wconf 80' lang='lat' dir='ltr'><strong>legentem</strong></span> <span class='ocrx_word' id='word_1_372' title='bbox 1459 4342 1683 4404; x_wconf 87' lang='lat' dir='ltr'><strong>audivit,</strong></span> <span class='ocrx_word' id='word_1_373' title='bbox 1737 4344 1885 4397; x_wconf 87' lang='lat' dir='ltr'><strong>inve-</strong></span> 
     </span>
    </p>
   </div>
   <div class='ocr_carea' id='block_1_47' title="bbox 316 4430 1883 4501">
    <p class='ocr_par' dir='ltr' id='par_1_47' title="bbox 316 4430 1883 4501">
     <span class='ocr_line' id='line_1_47' title="bbox 316 4430 1883 4501; baseline 0.001 -15"><span class='ocrx_word' id='word_1_374' title='bbox 316 4434 429 4486; x_wconf 86' lang='lat' dir='ltr'><strong>niet</strong></span> <span class='ocrx_word' id='word_1_375' title='bbox 453 4432 576 4500; x_wconf 87' lang='lat' dir='ltr'><strong>quia</strong></span> <span class='ocrx_word' id='word_1_376' title='bbox 615 4430 871 4500; x_wconf 79' lang='lat' dir='ltr'><strong>Scriptum</strong></span> <span class='ocrx_word' id='word_1_377' title='bbox 899 4440 981 4485; x_wconf 86' lang='lat' dir='ltr'><strong>est</strong></span> <span class='ocrx_word' id='word_1_378' title='bbox 1012 4450 1024 4484; x_wconf 75' lang='grc' dir='ltr'>ς</span> <span class='ocrx_word' id='word_1_379' title='bbox 1057 4431 1120 4485; x_wconf 86' lang='lat' dir='ltr'><strong>In</strong></span> <span class='ocrx_word' id='word_1_380' title='bbox 1146 4433 1403 4500; x_wconf 81' lang='lat' dir='ltr'><strong>principio</strong></span> <span class='ocrx_word' id='word_1_381' title='bbox 1445 4434 1567 4501; x_wconf 73' lang='lat' dir='ltr'><strong>fecit</strong></span> <span class='ocrx_word' id='word_1_382' title='bbox 1620 4432 1754 4487; x_wconf 83' lang='lat' dir='ltr'><strong>Deus</strong></span> <span class='ocrx_word' id='word_1_383' title='bbox 1785 4451 1883 4487; x_wconf 78' lang='lat' dir='ltr'><strong>ca:-</strong></span> 
     </span>
    </p>
   </div>
   <div class='ocr_carea' id='block_1_48' title="bbox 1982 605 3554 680">
    <p class='ocr_par' dir='ltr' id='par_1_48' title="bbox 1982 605 3554 680">
     <span class='ocr_line' id='line_1_48' title="bbox 1982 605 3554 680; baseline -0.005 -13"><span class='ocrx_word' id='word_1_384' title='bbox 1982 622 2155 667; x_wconf 89' lang='lat' dir='ltr'><strong>estut</strong></span> <span class='ocrx_word' id='word_1_385' title='bbox 2186 621 2592 680; x_wconf 86' lang='lat' dir='ltr'><strong>operameutum</strong></span> <span class='ocrx_word' id='word_1_386' title='bbox 2632 630 2644 665; x_wconf 89' lang='lat'>:</span> <span class='ocrx_word' id='word_1_387' title='bbox 2692 608 3000 677; x_wconf 86' lang='lat' dir='ltr'><strong>requirebat</strong></span> <span class='ocrx_word' id='word_1_388' title='bbox 3038 614 3217 662; x_wconf 89' lang='lat' dir='ltr'><strong>autem</strong></span> <span class='ocrx_word' id='word_1_389' title='bbox 3267 605 3554 672; x_wconf 87' lang='lat' dir='ltr'><strong>artiﬁcem,</strong></span> 
     </span>
    </p>
   </div>
   <div class='ocr_carea' id='block_1_49' title="bbox 1983 697 3552 767">
    <p class='ocr_par' dir='ltr' id='par_1_49' title="bbox 1983 697 3552 767">
     <span class='ocr_line' id='line_1_49' title="bbox 1983 697 3552 767; baseline -0.004 -10"><span class='ocrx_word' id='word_1_390' title='bbox 1983 718 2087 763; x_wconf 87' lang='lat' dir='ltr'><strong>non</strong></span> <span class='ocrx_word' id='word_1_391' title='bbox 2122 702 2396 757; x_wconf 89' lang='lat' dir='ltr'><strong>intellectu</strong></span> <span class='ocrx_word' id='word_1_392' title='bbox 2427 712 2521 755; x_wconf 88' lang='lat' dir='ltr'><strong>aut</strong></span> <span class='ocrx_word' id='word_1_393' title='bbox 2545 702 2738 757; x_wconf 86' lang='lat' dir='ltr'><strong>ell‘ectu</strong></span> <span class='ocrx_word' id='word_1_394' title='bbox 2761 740 2777 765; x_wconf 91' lang='lat'><strong>,</strong></span> <span class='ocrx_word' id='word_1_395' title='bbox 2808 699 2903 763; x_wconf 85' lang='lat' dir='ltr'><strong>sed</strong></span> <span class='ocrx_word' id='word_1_396' title='bbox 2931 698 3253 754; x_wconf 85' lang='lat' dir='ltr'><strong>necessitate</strong></span> <span class='ocrx_word' id='word_1_397' title='bbox 3278 697 3552 767; x_wconf 88' lang='lat' dir='ltr'><strong>poscebat.</strong></span> 
     </span>
    </p>
   </div>
   <div class='ocr_carea' id='block_1_50' title="bbox 1987 788 3554 863">
    <p class='ocr_par' dir='ltr' id='par_1_50' title="bbox 1987 788 3554 863">
     <span class='ocr_line' id='line_1_50' title="bbox 1987 788 3554 863; baseline -0.003 -16"><span class='ocrx_word' id='word_1_398' title='bbox 1987 793 2259 863; x_wconf 79' lang='lat' dir='ltr'><strong>Scriptura</strong></span> <span class='ocrx_word' id='word_1_399' title='bbox 2313 792 2458 847; x_wconf 84' lang='lat' dir='ltr'><strong>enim</strong></span> <span class='ocrx_word' id='word_1_400' title='bbox 2487 803 2609 856; x_wconf 88' lang='lat' dir='ltr'><strong>est,</strong></span> <span class='ocrx_word' id='word_1_401' title='bbox 2645 794 2769 862; x_wconf 89' lang='lat' dir='ltr'><strong>quia</strong></span> <span class='ocrx_word' id='word_1_402' title='bbox 2822 800 2944 861; x_wconf 86' lang='lat' dir='ltr'><strong>post</strong></span> <span class='ocrx_word' id='word_1_403' title='bbox 2990 791 3088 845; x_wconf 91' lang='lat' dir='ltr'><strong>hoc</strong></span> <span class='ocrx_word' id='word_1_404' title='bbox 3120 807 3133 843; x_wconf 92' lang='lat'><strong>:</strong></span> <span class='ocrx_word' id='word_1_405' title='bbox 3166 788 3453 857; x_wconf 76' lang='lat' dir='ltr'><strong>Iuspiravit</strong></span> <span class='ocrx_word' id='word_1_406' title='bbox 3496 790 3554 843; x_wconf 80' lang='lat' dir='ltr'><strong>in</strong></span> 
     </span>
    </p>
   </div>
   <div class='ocr_carea' id='block_1_51' title="bbox 1984 880 3552 951">
    <p class='ocr_par' dir='ltr' id='par_1_51' title="bbox 1984 880 3552 951">
     <span class='ocr_line' id='line_1_51' title="bbox 1984 880 3552 951; baseline -0.004 -10"><span class='ocrx_word' id='word_1_407' title='bbox 1984 901 2104 941; x_wconf 67' lang='lat' dir='ltr'><strong>eum</strong></span> <span class='ocrx_word' id='word_1_408' title='bbox 2138 885 2389 937; x_wconf 84' lang='lat' dir='ltr'><strong>Dominus</strong></span> <span class='ocrx_word' id='word_1_409' title='bbox 2426 884 2800 951; x_wconf 79' lang='lat' dir='ltr'><strong>spiramentum</strong></span> <span class='ocrx_word' id='word_1_410' title='bbox 2835 883 2952 936; x_wconf 68' lang='lat' dir='ltr'><strong>vitae</strong></span> <span class='ocrx_word' id='word_1_411' title='bbox 2972 899 2992 947; x_wconf 86' lang='lat'><strong><em>;</em></strong></span> <span class='ocrx_word' id='word_1_412' title='bbox 3025 891 3075 936; x_wconf 83' lang='lat' dir='ltr'><strong>et</strong></span> <span class='ocrx_word' id='word_1_413' title='bbox 3108 880 3277 951; x_wconf 77' lang='lat' dir='ltr'><strong>[actus</strong></span> <span class='ocrx_word' id='word_1_414' title='bbox 3304 890 3377 935; x_wconf 77' lang='lat' dir='ltr'><strong>est</strong></span> <span class='ocrx_word' id='word_1_415' title='bbox 3401 881 3552 935; x_wconf 80' lang='lat' dir='ltr'><strong>homo</strong></span> 
     </span>
    </p>
   </div>
   <div class='ocr_carea' id='block_1_52' title="bbox 1986 970 3561 1042">
    <p class='ocr_par' dir='ltr' id='par_1_52' title="bbox 1986 970 3561 1042">
     <span class='ocr_line' id='line_1_52' title="bbox 1986 970 3561 1042; baseline -0.003 -15"><span class='ocrx_word' id='word_1_416' title='bbox 1986 978 2039 1027; x_wconf 85' lang='lat' dir='ltr'><strong>in</strong></span> <span class='ocrx_word' id='word_1_417' title='bbox 2072 977 2303 1028; x_wconf 82' lang='lat' dir='ltr'><strong>animam</strong></span> <span class='ocrx_word' id='word_1_418' title='bbox 2333 976 2586 1031; x_wconf 76' lang='lat' dir='ltr'><strong>viventem</strong></span> <span class='ocrx_word' id='word_1_419' title='bbox 2614 974 2679 1027; x_wconf 71' lang='grc' dir='ltr'><strong>δ’.</strong></span> <span class='ocrx_word' id='word_1_420' title='bbox 2707 973 2771 1026; x_wconf 82' lang='grc' dir='ltr'><strong>Ει</strong></span> <span class='ocrx_word' id='word_1_421' title='bbox 2795 974 3009 1038; x_wconf 85' lang='lat' dir='ltr'><strong>iterum,</strong></span> <span class='ocrx_word' id='word_1_422' title='bbox 3037 972 3098 1025; x_wconf 84' lang='lat' dir='ltr'><strong>In</strong></span> <span class='ocrx_word' id='word_1_423' title='bbox 3126 972 3370 1042; x_wconf 74' lang='lat' dir='ltr'><strong>spiritum</strong></span> <span class='ocrx_word' id='word_1_424' title='bbox 3391 970 3561 1038; x_wconf 74' lang='lat' dir='ltr'><strong>uiuiﬁ-</strong></span> 
     </span>
    </p>
   </div>
   <div class='ocr_carea' id='block_1_53' title="bbox 1986 1063 3556 1135">
    <p class='ocr_par' dir='ltr' id='par_1_53' title="bbox 1986 1063 3556 1135">
     <span class='ocr_line' id='line_1_53' title="bbox 1986 1063 3556 1135; baseline -0.004 -16"><span class='ocrx_word' id='word_1_425' title='bbox 1986 1077 2190 1120; x_wconf 86' lang='lat' dir='ltr'><strong>cantem</strong></span> <span class='ocrx_word' id='word_1_426' title='bbox 2222 1066 2292 1119; x_wconf 84' lang='grc'><strong>⁸³.</strong></span> <span class='ocrx_word' id='word_1_427' title='bbox 2348 1066 2490 1135; x_wconf 84' lang='lat' dir='ltr'><strong>Ergo</strong></span> <span class='ocrx_word' id='word_1_428' title='bbox 2537 1066 2604 1119; x_wconf 92' lang='lat' dir='ltr'><strong>ab</strong></span> <span class='ocrx_word' id='word_1_429' title='bbox 2641 1065 2792 1119; x_wconf 89' lang='lat' dir='ltr'><strong>initio</strong></span> <span class='ocrx_word' id='word_1_430' title='bbox 2837 1064 3128 1133; x_wconf 82' lang='lat' dir='ltr'><strong>separatim</strong></span> <span class='ocrx_word' id='word_1_431' title='bbox 3177 1063 3394 1132; x_wconf 87' lang='lat' dir='ltr'><strong>quidem</strong></span> <span class='ocrx_word' id='word_1_432' title='bbox 3437 1075 3556 1116; x_wconf 81' lang='lat' dir='ltr'><strong>cor-</strong></span> 
     </span>
    </p>
   </div>
   <div class='ocr_carea' id='block_1_54' title="bbox 1984 1152 3556 1224">
    <p class='ocr_par' dir='ltr' id='par_1_54' title="bbox 1984 1152 3556 1224">
     <span class='ocr_line' id='line_1_54' title="bbox 1984 1152 3556 1224; baseline -0.002 -16"><span class='ocrx_word' id='word_1_433' title='bbox 1984 1171 2083 1224; x_wconf 85' lang='lat' dir='ltr'><strong>pus</strong></span> <span class='ocrx_word' id='word_1_434' title='bbox 2110 1196 2125 1220; x_wconf 92' lang='lat'><strong>,</strong></span> <span class='ocrx_word' id='word_1_435' title='bbox 2159 1155 2456 1224; x_wconf 87' lang='lat' dir='ltr'><strong>separatim</strong></span> <span class='ocrx_word' id='word_1_436' title='bbox 2492 1165 2671 1209; x_wconf 90' lang='lat' dir='ltr'><strong>autem</strong></span> <span class='ocrx_word' id='word_1_437' title='bbox 2698 1154 2877 1207; x_wconf 91' lang='lat' dir='ltr'><strong>anima</strong></span> <span class='ocrx_word' id='word_1_438' title='bbox 2928 1154 3069 1207; x_wconf 80' lang='lat' dir='ltr'><strong>facta</strong></span> <span class='ocrx_word' id='word_1_439' title='bbox 3119 1162 3223 1207; x_wconf 90' lang='lat' dir='ltr'><strong>est.</strong></span> <span class='ocrx_word' id='word_1_440' title='bbox 3266 1152 3332 1206; x_wconf 80' lang='lat' dir='ltr'><strong>Et</strong></span> <span class='ocrx_word' id='word_1_441' title='bbox 3358 1165 3556 1221; x_wconf 86' lang='lat' dir='ltr'><strong>corpus</strong></span> 
     </span>
    </p>
   </div>
   <div class='ocr_carea' id='block_1_55' title="bbox 1984 1241 3557 1315">
    <p class='ocr_par' dir='ltr' id='par_1_55' title="bbox 1984 1241 3557 1315">
     <span class='ocr_line' id='line_1_55' title="bbox 1984 1241 3557 1315; baseline -0.001 -19"><span class='ocrx_word' id='word_1_442' title='bbox 1984 1246 2203 1315; x_wconf 88' lang='lat' dir='ltr'><strong>quidem</strong></span> <span class='ocrx_word' id='word_1_443' title='bbox 2230 1245 2348 1301; x_wconf 89' lang='lat' dir='ltr'><strong>sine</strong></span> <span class='ocrx_word' id='word_1_444' title='bbox 2377 1244 2561 1298; x_wconf 88' lang='lat' dir='ltr'><strong>anima</strong></span> <span class='ocrx_word' id='word_1_445' title='bbox 2587 1260 2693 1299; x_wconf 92' lang='lat' dir='ltr'><strong>non</strong></span> <span class='ocrx_word' id='word_1_446' title='bbox 2737 1243 2867 1298; x_wconf 87' lang='lat' dir='ltr'><strong>vivit</strong></span> <span class='ocrx_word' id='word_1_447' title='bbox 2901 1259 2915 1295; x_wconf 88' lang='lat'><strong>:</strong></span> <span class='ocrx_word' id='word_1_448' title='bbox 2950 1258 3070 1297; x_wconf 90' lang='lat' dir='ltr'><strong>cum</strong></span> <span class='ocrx_word' id='word_1_449' title='bbox 3106 1251 3285 1296; x_wconf 90' lang='lat' dir='ltr'><strong>autem</strong></span> <span class='ocrx_word' id='word_1_450' title='bbox 3311 1241 3557 1310; x_wconf 81' lang='lat' dir='ltr'><strong>ingressa</strong></span> 
     </span>
    </p>
   </div>
   <div class='ocr_carea' id='block_1_56' title="bbox 1986 1335 3560 1403">
    <p class='ocr_par' dir='ltr' id='par_1_56' title="bbox 1986 1335 3560 1403">
     <span class='ocr_line' id='line_1_56' title="bbox 1986 1335 3560 1403; baseline -0.002 -11"><span class='ocrx_word' id='word_1_451' title='bbox 1986 1339 2153 1394; x_wconf 76' lang='lat' dir='ltr'><strong>fuerit</strong></span> <span class='ocrx_word' id='word_1_452' title='bbox 2178 1337 2384 1403; x_wconf 90' lang='lat' dir='ltr'><strong>anima,</strong></span> <span class='ocrx_word' id='word_1_453' title='bbox 2418 1346 2553 1394; x_wconf 89' lang='lat' dir='ltr'><strong>tunc</strong></span> <span class='ocrx_word' id='word_1_454' title='bbox 2582 1335 2813 1391; x_wconf 66' lang='lat' dir='ltr'><strong>edicitur</strong></span> <span class='ocrx_word' id='word_1_455' title='bbox 2838 1336 2999 1391; x_wconf 91' lang='lat' dir='ltr'><strong>homo</strong></span> <span class='ocrx_word' id='word_1_456' title='bbox 3034 1335 3086 1388; x_wconf 90' lang='lat' dir='ltr'><strong>in</strong></span> <span class='ocrx_word' id='word_1_457' title='bbox 3118 1336 3353 1389; x_wconf 89' lang='lat' dir='ltr'><strong>animam</strong></span> <span class='ocrx_word' id='word_1_458' title='bbox 3381 1336 3560 1389; x_wconf 84' lang='lat' dir='ltr'><strong>viven-</strong></span> 
     </span>
    </p>
   </div>
   <div class='ocr_carea' id='block_1_57' title="bbox 1989 1426 3556 1499">
    <p class='ocr_par' dir='ltr' id='par_1_57' title="bbox 1989 1426 3556 1499">
     <span class='ocr_line' id='line_1_57' title="bbox 1989 1426 3556 1499; baseline -0.003 -15"><span class='ocrx_word' id='word_1_459' title='bbox 1989 1440 2118 1485; x_wconf 86' lang='lat' dir='ltr'><strong>tem.</strong></span> <span class='ocrx_word' id='word_1_460' title='bbox 2153 1428 2220 1483; x_wconf 87' lang='lat' dir='ltr'><strong>Et</strong></span> <span class='ocrx_word' id='word_1_461' title='bbox 2258 1430 2379 1498; x_wconf 89' lang='lat' dir='ltr'><strong>quis</strong></span> <span class='ocrx_word' id='word_1_462' title='bbox 2413 1428 2748 1499; x_wconf 88' lang='lat' dir='ltr'><strong>comparabit</strong></span> <span class='ocrx_word' id='word_1_463' title='bbox 2771 1436 3074 1497; x_wconf 83' lang='lat' dir='ltr'><strong>opportune</strong></span> <span class='ocrx_word' id='word_1_464' title='bbox 3118 1440 3312 1494; x_wconf 87' lang='lat' dir='ltr'><strong>corpus</strong></span> <span class='ocrx_word' id='word_1_465' title='bbox 3341 1426 3556 1494; x_wconf 89' lang='lat' dir='ltr'><strong>quidem</strong></span> 
     </span>
    </p>
   </div>
   <div class='ocr_carea' id='block_1_58' title="bbox 1987 1515 3559 1587">
    <p class='ocr_par' dir='ltr' id='par_1_58' title="bbox 1987 1515 3559 1587">
     <span class='ocr_line' id='line_1_58' title="bbox 1987 1515 3559 1587; baseline -0.002 -11"><span class='ocrx_word' id='word_1_466' title='bbox 1987 1522 2139 1587; x_wconf 89' lang='lat' dir='ltr'><strong>nubi,</strong></span> <span class='ocrx_word' id='word_1_467' title='bbox 2167 1520 2405 1577; x_wconf 90' lang='lat' dir='ltr'><strong>animam</strong></span> <span class='ocrx_word' id='word_1_468' title='bbox 2441 1530 2621 1575; x_wconf 88' lang='lat' dir='ltr'><strong>autem</strong></span> <span class='ocrx_word' id='word_1_469' title='bbox 2648 1519 2905 1575; x_wconf 87' lang='lat' dir='ltr'><strong>immissis</strong></span> <span class='ocrx_word' id='word_1_470' title='bbox 2935 1536 2966 1574; x_wconf 90' lang='lat' dir='ltr'><strong>a</strong></span> <span class='ocrx_word' id='word_1_471' title='bbox 2994 1518 3108 1575; x_wconf 88' lang='lat' dir='ltr'><strong>sole</strong></span> <span class='ocrx_word' id='word_1_472' title='bbox 3139 1515 3559 1587; x_wconf 71' lang='lat' dir='ltr'><strong>splendoribus?</strong></span> 
     </span>
    </p>
   </div>
   <div class='ocr_carea' id='block_1_59' title="bbox 1988 1607 3561 1677">
    <p class='ocr_par' dir='ltr' id='par_1_59' title="bbox 1988 1607 3561 1677">
     <span class='ocr_line' id='line_1_59' title="bbox 1988 1607 3561 1677; baseline -0.003 -10"><span class='ocrx_word' id='word_1_473' title='bbox 1988 1613 2237 1667; x_wconf 90' lang='lat' dir='ltr'><strong>immutat</strong></span> <span class='ocrx_word' id='word_1_474' title='bbox 2265 1613 2409 1666; x_wconf 91' lang='lat' dir='ltr'><strong>enim</strong></span> <span class='ocrx_word' id='word_1_475' title='bbox 2470 1610 2627 1665; x_wconf 91' lang='lat' dir='ltr'><strong>nubis</strong></span> <span class='ocrx_word' id='word_1_476' title='bbox 2678 1611 2951 1674; x_wconf 88' lang='lat' dir='ltr'><strong>colorem,</strong></span> <span class='ocrx_word' id='word_1_477' title='bbox 2988 1611 3237 1665; x_wconf 90' lang='lat' dir='ltr'><strong>immutat</strong></span> <span class='ocrx_word' id='word_1_478' title='bbox 3287 1608 3402 1677; x_wconf 88' lang='lat' dir='ltr'><strong>ejus</strong></span> <span class='ocrx_word' id='word_1_479' title='bbox 3454 1607 3561 1663; x_wconf 76' lang='lat' dir='ltr'><strong>elﬁ-</strong></span> 
     </span>
    </p>
   </div>
   <div class='ocr_carea' id='block_1_60' title="bbox 1986 1700 3561 1773">
    <p class='ocr_par' dir='ltr' id='par_1_60' title="bbox 1986 1700 3561 1773">
     <span class='ocr_line' id='line_1_60' title="bbox 1986 1700 3561 1773; baseline -0.001 -18"><span class='ocrx_word' id='word_1_480' title='bbox 1986 1706 2151 1773; x_wconf 88' lang='lat' dir='ltr'><strong>giem,</strong></span> <span class='ocrx_word' id='word_1_481' title='bbox 2183 1703 2276 1758; x_wconf 89' lang='lat' dir='ltr'><strong>sed</strong></span> <span class='ocrx_word' id='word_1_482' title='bbox 2310 1719 2415 1757; x_wconf 91' lang='lat' dir='ltr'><strong>non</strong></span> <span class='ocrx_word' id='word_1_483' title='bbox 2442 1702 2704 1756; x_wconf 87' lang='lat' dir='ltr'><strong>viviﬁcat.</strong></span> <span class='ocrx_word' id='word_1_484' title='bbox 2756 1702 2948 1769; x_wconf 71' lang='lat' dir='ltr'><strong>Qumre</strong></span> <span class='ocrx_word' id='word_1_485' title='bbox 2977 1717 3104 1771; x_wconf 85' lang='lat' dir='ltr'><strong>ergo</strong></span> <span class='ocrx_word' id='word_1_486' title='bbox 3150 1700 3423 1769; x_wconf 91' lang='lat' dir='ltr'><strong>quomodo</strong></span> <span class='ocrx_word' id='word_1_487' title='bbox 3472 1715 3561 1754; x_wconf 86' lang='lat' dir='ltr'><strong>ac-</strong></span> 
     </span>
    </p>
   </div>
   <div class='ocr_carea' id='block_1_61' title="bbox 1986 1791 3562 1867">
    <p class='ocr_par' dir='ltr' id='par_1_61' title="bbox 1986 1791 3562 1867">
     <span class='ocr_line' id='line_1_61' title="bbox 1986 1791 3562 1867; baseline 0.001 -18"><span class='ocrx_word' id='word_1_488' title='bbox 1986 1796 2128 1867; x_wconf 89' lang='lat' dir='ltr'><strong>cepit</strong></span> <span class='ocrx_word' id='word_1_489' title='bbox 2183 1797 2325 1850; x_wconf 89' lang='lat' dir='ltr'><strong>Deus</strong></span> <span class='ocrx_word' id='word_1_490' title='bbox 2359 1795 2545 1850; x_wconf 91' lang='lat' dir='ltr'><strong>limum</strong></span> <span class='ocrx_word' id='word_1_491' title='bbox 2601 1804 2759 1849; x_wconf 76' lang='lat' dir='ltr'><strong>terrae</strong></span> <span class='ocrx_word' id='word_1_492' title='bbox 2788 1834 2805 1864; x_wconf 92' lang='lat'><strong>,</strong></span> <span class='ocrx_word' id='word_1_493' title='bbox 2850 1803 2908 1850; x_wconf 90' lang='lat' dir='ltr'><strong>et</strong></span> <span class='ocrx_word' id='word_1_494' title='bbox 2954 1793 3227 1864; x_wconf 91' lang='lat' dir='ltr'><strong>quomodo</strong></span> <span class='ocrx_word' id='word_1_495' title='bbox 3276 1791 3562 1863; x_wconf 67' lang='lat' dir='ltr'><strong>inspiravit</strong></span> 
     </span>
    </p>
   </div>
   <div class='ocr_carea' id='block_1_62' title="bbox 1990 1883 3565 1958">
    <p class='ocr_par' dir='ltr' id='par_1_62' title="bbox 1990 1883 3565 1958">
     <span class='ocr_line' id='line_1_62' title="bbox 1990 1883 3565 1958; baseline -0.003 -16"><span class='ocrx_word' id='word_1_496' title='bbox 1990 1890 2149 1942; x_wconf 86' lang='lat' dir='ltr'><strong>Deus.</strong></span> <span class='ocrx_word' id='word_1_497' title='bbox 2183 1888 2394 1958; x_wconf 81' lang='lat' dir='ltr'><strong>Accipit</strong></span> <span class='ocrx_word' id='word_1_498' title='bbox 2424 1886 2566 1945; x_wconf 89' lang='lat' dir='ltr'><strong>enim</strong></span> <span class='ocrx_word' id='word_1_499' title='bbox 2602 1888 2719 1943; x_wconf 89' lang='lat' dir='ltr'><strong>sine</strong></span> <span class='ocrx_word' id='word_1_500' title='bbox 2760 1886 3010 1941; x_wconf 89' lang='lat' dir='ltr'><strong>manibus</strong></span> <span class='ocrx_word' id='word_1_501' title='bbox 3038 1926 3053 1950; x_wconf 90' lang='lat'><strong>,</strong></span> <span class='ocrx_word' id='word_1_502' title='bbox 3082 1894 3139 1939; x_wconf 91' lang='lat' dir='ltr'><strong>et</strong></span> <span class='ocrx_word' id='word_1_503' title='bbox 3177 1883 3409 1953; x_wconf 88' lang='lat' dir='ltr'><strong>inspirat</strong></span> <span class='ocrx_word' id='word_1_504' title='bbox 3440 1883 3565 1939; x_wconf 77' lang='lat' dir='ltr'><strong>sine</strong></span> 
     </span>
    </p>
   </div>
   <div class='ocr_carea' id='block_1_63' title="bbox 1984 1972 3565 2048">
    <p class='ocr_par' dir='ltr' id='par_1_63' title="bbox 1984 1972 3565 2048">
     <span class='ocr_line' id='line_1_63' title="bbox 1984 1972 3565 2048; baseline -0.003 -15"><span class='ocrx_word' id='word_1_505' title='bbox 1984 1993 2101 2034; x_wconf 88' lang='lat' dir='ltr'><strong>ore.</strong></span> <span class='ocrx_word' id='word_1_506' title='bbox 2135 1978 2247 2033; x_wconf 88' lang='lat' dir='ltr'><strong>Cur</strong></span> <span class='ocrx_word' id='word_1_507' title='bbox 2281 1994 2409 2048; x_wconf 82' lang='lat' dir='ltr'><strong>ergo</strong></span> <span class='ocrx_word' id='word_1_508' title='bbox 2443 1978 2707 2047; x_wconf 80' lang='lat' dir='ltr'><strong>accepit?</strong></span> <span class='ocrx_word' id='word_1_509' title='bbox 2753 1986 2812 2031; x_wconf 91' lang='lat' dir='ltr'><strong>ut</strong></span> <span class='ocrx_word' id='word_1_510' title='bbox 2857 1985 3139 2046; x_wconf 87' lang='lat' dir='ltr'><strong>appareret</strong></span> <span class='ocrx_word' id='word_1_511' title='bbox 3166 1976 3294 2046; x_wconf 90' lang='lat' dir='ltr'><strong>quia</strong></span> <span class='ocrx_word' id='word_1_512' title='bbox 3333 1989 3440 2031; x_wconf 90' lang='lat' dir='ltr'><strong>non</strong></span> <span class='ocrx_word' id='word_1_513' title='bbox 3489 1972 3565 2029; x_wconf 86' lang='lat' dir='ltr'><strong>ab</strong></span> 
     </span>
    </p>
   </div>
   <div class='ocr_carea' id='block_1_64' title="bbox 1987 2064 3561 2137">
    <p class='ocr_par' dir='ltr' id='par_1_64' title="bbox 1987 2064 3561 2137">
     <span class='ocr_line' id='line_1_64' title="bbox 1987 2064 3561 2137; baseline -0.002 -15"><span class='ocrx_word' id='word_1_514' title='bbox 1987 2068 2088 2122; x_wconf 86' lang='lat' dir='ltr'><strong>alia</strong></span> <span class='ocrx_word' id='word_1_515' title='bbox 2117 2078 2363 2123; x_wconf 88' lang='lat' dir='ltr'><strong>creatura</strong></span> <span class='ocrx_word' id='word_1_516' title='bbox 2393 2079 2475 2123; x_wconf 90' lang='lat' dir='ltr'><strong>est</strong></span> <span class='ocrx_word' id='word_1_517' title='bbox 2500 2070 2688 2132; x_wconf 88' lang='lat' dir='ltr'><strong>homo,</strong></span> <span class='ocrx_word' id='word_1_518' title='bbox 2718 2069 2812 2122; x_wconf 89' lang='lat' dir='ltr'><strong>sed</strong></span> <span class='ocrx_word' id='word_1_519' title='bbox 2847 2083 2875 2121; x_wconf 89' lang='lat' dir='ltr'><strong>a</strong></span> <span class='ocrx_word' id='word_1_520' title='bbox 2905 2067 3293 2137; x_wconf 88' lang='lat' dir='ltr'><strong>conspersione</strong></span> <span class='ocrx_word' id='word_1_521' title='bbox 3327 2064 3561 2120; x_wconf 75' lang='lat' dir='ltr'><strong>fermen-</strong></span> 
     </span>
    </p>
   </div>
   <div class='ocr_carea' id='block_1_65' title="bbox 1990 2156 3557 2230">
    <p class='ocr_par' dir='ltr' id='par_1_65' title="bbox 1990 2156 3557 2230">
     <span class='ocr_line' id='line_1_65' title="bbox 1990 2156 3557 2230; baseline 0.001 -18"><span class='ocrx_word' id='word_1_522' title='bbox 1990 2170 2125 2215; x_wconf 90' lang='lat' dir='ltr'><strong>tum.</strong></span> <span class='ocrx_word' id='word_1_523' title='bbox 2149 2160 2257 2215; x_wconf 88' lang='lat' dir='ltr'><strong>Cur</strong></span> <span class='ocrx_word' id='word_1_524' title='bbox 2288 2169 2465 2215; x_wconf 91' lang='lat' dir='ltr'><strong>autem</strong></span> <span class='ocrx_word' id='word_1_525' title='bbox 2490 2170 2545 2215; x_wconf 90' lang='lat' dir='ltr'><strong>et</strong></span> <span class='ocrx_word' id='word_1_526' title='bbox 2574 2159 2857 2230; x_wconf 73' lang='lat' dir='ltr'><strong>inSpiravit</strong></span> <span class='ocrx_word' id='word_1_527' title='bbox 2882 2160 2906 2213; x_wconf 73' lang='grc' dir='ltr'><strong><em>τ</em></strong></span> <span class='ocrx_word' id='word_1_528' title='bbox 2938 2158 3041 2213; x_wconf 89' lang='lat' dir='ltr'><strong>Pro</strong></span> <span class='ocrx_word' id='word_1_529' title='bbox 3063 2174 3128 2213; x_wconf 92' lang='lat' dir='ltr'><strong>eo</strong></span> <span class='ocrx_word' id='word_1_530' title='bbox 3152 2168 3211 2213; x_wconf 92' lang='lat' dir='ltr'><strong>ut</strong></span> <span class='ocrx_word' id='word_1_531' title='bbox 3231 2158 3398 2223; x_wconf 89' lang='lat' dir='ltr'><strong>dicat,</strong></span> <span class='ocrx_word' id='word_1_532' title='bbox 3430 2156 3557 2227; x_wconf 84' lang='lat' dir='ltr'><strong>quia</strong></span> 
     </span>
    </p>
   </div>
   <div class='ocr_carea' id='block_1_66' title="bbox 1989 2248 3564 2320">
    <p class='ocr_par' dir='ltr' id='par_1_66' title="bbox 1989 2248 3564 2320">
     <span class='ocr_line' id='line_1_66' title="bbox 1989 2248 3564 2320; baseline -0.003 -14"><span class='ocrx_word' id='word_1_533' title='bbox 1989 2252 2237 2308; x_wconf 88' lang='lat' dir='ltr'><strong>immisit.</strong></span> <span class='ocrx_word' id='word_1_534' title='bbox 2269 2252 2326 2306; x_wconf 89' lang='lat' dir='ltr'><strong>Si</strong></span> <span class='ocrx_word' id='word_1_535' title='bbox 2355 2253 2497 2306; x_wconf 90' lang='lat' dir='ltr'><strong>enim</strong></span> <span class='ocrx_word' id='word_1_536' title='bbox 2524 2249 2876 2320; x_wconf 90' lang='lat' dir='ltr'><strong>corporaliter</strong></span> <span class='ocrx_word' id='word_1_537' title='bbox 2915 2251 3285 2318; x_wconf 85' lang='lat' dir='ltr'><strong>acceperimus</strong></span> <span class='ocrx_word' id='word_1_538' title='bbox 3311 2248 3451 2319; x_wconf 88' lang='lat' dir='ltr'><strong>quod</strong></span> <span class='ocrx_word' id='word_1_539' title='bbox 3480 2249 3564 2302; x_wconf 81' lang='lat' dir='ltr'><strong>in-</strong></span> 
     </span>
    </p>
   </div>
   <div class='ocr_carea' id='block_1_67' title="bbox 1986 2339 3560 2413">
    <p class='ocr_par' dir='ltr' id='par_1_67' title="bbox 1986 2339 3560 2413">
     <span class='ocr_line' id='line_1_67' title="bbox 1986 2339 3560 2413; baseline -0.003 -16"><span class='ocrx_word' id='word_1_540' title='bbox 1986 2344 2214 2413; x_wconf 84' lang='lat' dir='ltr'><strong>spiravit</strong></span> <span class='ocrx_word' id='word_1_541' title='bbox 2267 2343 2428 2408; x_wconf 89' lang='lat' dir='ltr'><strong>Deus,</strong></span> <span class='ocrx_word' id='word_1_542' title='bbox 2462 2354 2576 2397; x_wconf 90' lang='lat' dir='ltr'><strong>uta</strong></span> <span class='ocrx_word' id='word_1_543' title='bbox 2614 2342 2723 2398; x_wconf 89' lang='lat' dir='ltr'><strong>Deo</strong></span> <span class='ocrx_word' id='word_1_544' title='bbox 2753 2358 2879 2413; x_wconf 87' lang='lat' dir='ltr'><strong>pars</strong></span> <span class='ocrx_word' id='word_1_545' title='bbox 2904 2341 3167 2397; x_wconf 81' lang='lat' dir='ltr'><strong>eﬁicimur</strong></span> <span class='ocrx_word' id='word_1_546' title='bbox 3202 2342 3292 2395; x_wconf 91' lang='lat' dir='ltr'><strong>Dei</strong></span> <span class='ocrx_word' id='word_1_547' title='bbox 3323 2339 3560 2410; x_wconf 81' lang='lat' dir='ltr'><strong>inspira-</strong></span> 
     </span>
    </p>
   </div>
   <div class='ocr_carea' id='block_1_68' title="bbox 1988 2432 3556 2500">
    <p class='ocr_par' dir='ltr' id='par_1_68' title="bbox 1988 2432 3556 2500">
     <span class='ocr_line' id='line_1_68' title="bbox 1988 2432 3556 2500; baseline -0.003 -11"><span class='ocrx_word' id='word_1_548' title='bbox 1988 2436 2132 2489; x_wconf 88' lang='lat' dir='ltr'><strong>tione</strong></span> <span class='ocrx_word' id='word_1_549' title='bbox 2164 2436 2265 2489; x_wconf 89' lang='lat' dir='ltr'><strong>ista</strong></span> <span class='ocrx_word' id='word_1_550' title='bbox 2294 2474 2308 2498; x_wconf 96' lang='lat'><strong>,</strong></span> <span class='ocrx_word' id='word_1_551' title='bbox 2336 2444 2390 2488; x_wconf 90' lang='lat' dir='ltr'><strong>et</strong></span> <span class='ocrx_word' id='word_1_552' title='bbox 2432 2434 2722 2490; x_wconf 89' lang='lat' dir='ltr'><strong>dividimus</strong></span> <span class='ocrx_word' id='word_1_553' title='bbox 2753 2435 3066 2489; x_wconf 88' lang='lat' dir='ltr'><strong>indivisum.</strong></span> <span class='ocrx_word' id='word_1_554' title='bbox 3106 2432 3170 2486; x_wconf 84' lang='lat' dir='ltr'><strong>Et</strong></span> <span class='ocrx_word' id='word_1_555' title='bbox 3200 2433 3556 2500; x_wconf 88' lang='lat' dir='ltr'><strong>quemadmo-</strong></span> 
     </span>
    </p>
   </div>
   <div class='ocr_carea' id='block_1_69' title="bbox 1986 2522 3549 2593">
    <p class='ocr_par' dir='ltr' id='par_1_69' title="bbox 1986 2522 3549 2593">
     <span class='ocr_line' id='line_1_69' title="bbox 1986 2522 3549 2593; baseline 0 -15"><span class='ocrx_word' id='word_1_556' title='bbox 1986 2524 2113 2578; x_wconf 88' lang='lat' dir='ltr'><strong>dum</strong></span> <span class='ocrx_word' id='word_1_557' title='bbox 2169 2524 2427 2593; x_wconf 85' lang='lat' dir='ltr'><strong>possibile</strong></span> <span class='ocrx_word' id='word_1_558' title='bbox 2456 2534 2574 2578; x_wconf 89' lang='lat' dir='ltr'><strong>erat</strong></span> <span class='ocrx_word' id='word_1_559' title='bbox 2597 2539 2825 2593; x_wconf 84' lang='lat' dir='ltr'><strong>peccare</strong></span> <span class='ocrx_word' id='word_1_560' title='bbox 2852 2539 2967 2590; x_wconf 88' lang='lat' dir='ltr'><strong>eos,</strong></span> <span class='ocrx_word' id='word_1_561' title='bbox 2997 2524 3087 2593; x_wconf 91' lang='lat' dir='ltr'><strong>qui</strong></span> <span class='ocrx_word' id='word_1_562' title='bbox 3117 2540 3146 2577; x_wconf 90' lang='lat' dir='ltr'><strong>a</strong></span> <span class='ocrx_word' id='word_1_563' title='bbox 3185 2522 3295 2578; x_wconf 90' lang='lat' dir='ltr'><strong>Deo</strong></span> <span class='ocrx_word' id='word_1_564' title='bbox 3331 2532 3388 2577; x_wconf 90' lang='lat' dir='ltr'><strong>ut</strong></span> <span class='ocrx_word' id='word_1_565' title='bbox 3420 2537 3549 2593; x_wconf 85' lang='lat' dir='ltr'><strong>pars</strong></span> 
     </span>
    </p>
   </div>
   <div class='ocr_carea' id='block_1_70' title="bbox 1984 2612 3557 2685">
    <p class='ocr_par' dir='ltr' id='par_1_70' title="bbox 1984 2612 3557 2685">
     <span class='ocr_line' id='line_1_70' title="bbox 1984 2612 3557 2685; baseline 0.001 -21"><span class='ocrx_word' id='word_1_566' title='bbox 1984 2613 2101 2680; x_wconf 87' lang='lat' dir='ltr'><strong>ejus</strong></span> <span class='ocrx_word' id='word_1_567' title='bbox 2145 2625 2300 2666; x_wconf 85' lang='lat' dir='ltr'><strong>erant</strong></span> <span class='ocrx_word' id='word_1_568' title='bbox 2324 2613 2612 2681; x_wconf 86' lang='lat' dir='ltr'><strong>separati?</strong></span> <span class='ocrx_word' id='word_1_569' title='bbox 2662 2612 2743 2667; x_wconf 89' lang='lat' dir='ltr'><strong>lta</strong></span> <span class='ocrx_word' id='word_1_570' title='bbox 2777 2628 2908 2685; x_wconf 87' lang='lat' dir='ltr'><strong>ergo</strong></span> <span class='ocrx_word' id='word_1_571' title='bbox 2962 2629 3029 2667; x_wconf 85' lang='lat' dir='ltr'><strong>ex</strong></span> <span class='ocrx_word' id='word_1_572' title='bbox 3062 2622 3310 2668; x_wconf 87' lang='lat' dir='ltr'><strong>creatura</strong></span> <span class='ocrx_word' id='word_1_573' title='bbox 3341 2613 3557 2682; x_wconf 85' lang='lat' dir='ltr'><strong>quidem</strong></span> 
     </span>
    </p>
   </div>
   <div class='ocr_carea' id='block_1_71' title="bbox 1986 2702 3562 2773">
    <p class='ocr_par' dir='ltr' id='par_1_71' title="bbox 1986 2702 3562 2773">
     <span class='ocr_line' id='line_1_71' title="bbox 1986 2702 3562 2773; baseline -0.001 -15"><span class='ocrx_word' id='word_1_574' title='bbox 1986 2703 2097 2773; x_wconf 86' lang='lat' dir='ltr'><strong>ipsa</strong></span> <span class='ocrx_word' id='word_1_575' title='bbox 2122 2708 2303 2757; x_wconf 87' lang='lat' dir='ltr'><strong>statim</strong></span> <span class='ocrx_word' id='word_1_576' title='bbox 2329 2715 2640 2772; x_wconf 85' lang='lat' dir='ltr'><strong>separatum</strong></span> <span class='ocrx_word' id='word_1_577' title='bbox 2670 2714 2753 2760; x_wconf 91' lang='lat' dir='ltr'><strong>est</strong></span> <span class='ocrx_word' id='word_1_578' title='bbox 2788 2715 3031 2757; x_wconf 91' lang='lat' dir='ltr'><strong>nostrum</strong></span> <span class='ocrx_word' id='word_1_579' title='bbox 3067 2718 3267 2772; x_wconf 90' lang='lat' dir='ltr'><strong>corpus</strong></span> <span class='ocrx_word' id='word_1_580' title='bbox 3282 2703 3352 2756; x_wconf 89' lang='lat' dir='ltr'><strong>ab</strong></span> <span class='ocrx_word' id='word_1_581' title='bbox 3379 2702 3562 2757; x_wconf 79' lang='lat' dir='ltr'><strong>anima</strong></span> 
     </span>
    </p>
   </div>
   <div class='ocr_carea' id='block_1_72' title="bbox 1983 2792 3559 2861">
    <p class='ocr_par' dir='ltr' id='par_1_72' title="bbox 1983 2792 3559 2861">
     <span class='ocr_line' id='line_1_72' title="bbox 1983 2792 3559 2861; baseline -0.002 -12"><span class='ocrx_word' id='word_1_582' title='bbox 1983 2806 2192 2849; x_wconf 90' lang='lat' dir='ltr'><strong>nostra.</strong></span> <span class='ocrx_word' id='word_1_583' title='bbox 2224 2796 2417 2849; x_wconf 89' lang='lat' dir='ltr'><strong>Anima</strong></span> <span class='ocrx_word' id='word_1_584' title='bbox 2455 2804 2637 2848; x_wconf 89' lang='lat' dir='ltr'><strong>autem</strong></span> <span class='ocrx_word' id='word_1_585' title='bbox 2673 2796 2915 2848; x_wconf 88' lang='lat' dir='ltr'><strong>onmium</strong></span> <span class='ocrx_word' id='word_1_586' title='bbox 2951 2794 3264 2848; x_wconf 85' lang='lat' dir='ltr'><strong>animalium</strong></span> <span class='ocrx_word' id='word_1_587' title='bbox 3314 2807 3434 2861; x_wconf 73' lang='lat' dir='ltr'><strong>qua:</strong></span> <span class='ocrx_word' id='word_1_588' title='bbox 3489 2792 3559 2846; x_wconf 82' lang='lat' dir='ltr'><strong>ab</strong></span> 
     </span>
    </p>
   </div>
   <div class='ocr_carea' id='block_1_73' title="bbox 1985 2885 3561 2953">
    <p class='ocr_par' dir='ltr' id='par_1_73' title="bbox 1985 2885 3561 2953">
     <span class='ocr_line' id='line_1_73' title="bbox 1985 2885 3561 2953; baseline -0.002 -13"><span class='ocrx_word' id='word_1_589' title='bbox 1985 2886 2293 2940; x_wconf 89' lang='lat' dir='ltr'><strong>hominibus</strong></span> <span class='ocrx_word' id='word_1_590' title='bbox 2339 2886 2763 2949; x_wconf 91' lang='lat' dir='ltr'><strong>manducantur,</strong></span> <span class='ocrx_word' id='word_1_591' title='bbox 2816 2885 2993 2940; x_wconf 89' lang='lat' dir='ltr'><strong>dictus</strong></span> <span class='ocrx_word' id='word_1_592' title='bbox 3024 2895 3115 2945; x_wconf 87' lang='lat' dir='ltr'><strong>est</strong></span> <span class='ocrx_word' id='word_1_593' title='bbox 3149 2885 3371 2953; x_wconf 78' lang='lat' dir='ltr'><strong>sanguis</strong></span> <span class='ocrx_word' id='word_1_594' title='bbox 3395 2926 3409 2949; x_wconf 94' lang='lat'><strong>,</strong></span> <span class='ocrx_word' id='word_1_595' title='bbox 3452 2897 3561 2939; x_wconf 79' lang='lat' dir='ltr'><strong>non</strong></span> 
     </span>
    </p>
   </div>
   <div class='ocr_carea' id='block_1_74' title="bbox 1987 2978 3563 3040">
    <p class='ocr_par' dir='ltr' id='par_1_74' title="bbox 1987 2978 3563 3040">
     <span class='ocr_line' id='line_1_74' title="bbox 1987 2978 3563 3040; baseline -0.001 -8"><span class='ocrx_word' id='word_1_596' title='bbox 1987 2990 2166 3034; x_wconf 90' lang='lat' dir='ltr'><strong>tamen</strong></span> <span class='ocrx_word' id='word_1_597' title='bbox 2202 2980 2460 3035; x_wconf 92' lang='lat' dir='ltr'><strong>hominis.</strong></span> <span class='ocrx_word' id='word_1_598' title='bbox 2494 2979 2600 3034; x_wconf 90' lang='lat' dir='ltr'><strong>Sed</strong></span> <span class='ocrx_word' id='word_1_599' title='bbox 2632 2994 2751 3032; x_wconf 90' lang='lat' dir='ltr'><strong>cum</strong></span> <span class='ocrx_word' id='word_1_600' title='bbox 2803 2980 3006 3034; x_wconf 88' lang='lat' dir='ltr'><strong>diceret</strong></span> <span class='ocrx_word' id='word_1_601' title='bbox 3056 2978 3259 3033; x_wconf 87' lang='lat' dir='ltr'><strong>homini</strong></span> <span class='ocrx_word' id='word_1_602' title='bbox 3295 2978 3432 3035; x_wconf 86' lang='lat' dir='ltr'><strong>Deus</strong></span> <span class='ocrx_word' id='word_1_603' title='bbox 3456 3016 3472 3040; x_wconf 92' lang='lat'><strong>,</strong></span> <span class='ocrx_word' id='word_1_604' title='bbox 3503 2984 3563 3030; x_wconf 87' lang='lat' dir='ltr'><strong>ut</strong></span> 
     </span>
    </p>
   </div>
   <div class='ocr_carea' id='block_1_75' title="bbox 1984 3069 3559 3141">
    <p class='ocr_par' dir='ltr' id='par_1_75' title="bbox 1984 3069 3559 3141">
     <span class='ocr_line' id='line_1_75' title="bbox 1984 3069 3559 3141; baseline -0.004 -17"><span class='ocrx_word' id='word_1_605' title='bbox 1984 3074 2131 3141; x_wconf 90' lang='lat' dir='ltr'><strong>prius</strong></span> <span class='ocrx_word' id='word_1_606' title='bbox 2177 3071 2475 3126; x_wconf 75' lang='lat' dir='ltr'><strong>eﬁunderet</strong></span> <span class='ocrx_word' id='word_1_607' title='bbox 2526 3072 2882 3141; x_wconf 87' lang='lat' dir='ltr'><strong>sanguinem,</strong></span> <span class='ocrx_word' id='word_1_608' title='bbox 2939 3080 2993 3125; x_wconf 91' lang='lat' dir='ltr'><strong>et</strong></span> <span class='ocrx_word' id='word_1_609' title='bbox 3048 3070 3120 3125; x_wconf 88' lang='lat' dir='ltr'><strong>ita</strong></span> <span class='ocrx_word' id='word_1_610' title='bbox 3172 3069 3559 3129; x_wconf 78' lang='lat' dir='ltr'><strong>manducaret;</strong></span> 
     </span>
    </p>
   </div>
   <div class='ocr_carea' id='block_1_76' title="bbox 1986 3159 3558 3234">
    <p class='ocr_par' dir='ltr' id='par_1_76' title="bbox 1986 3159 3558 3234">
     <span class='ocr_line' id='line_1_76' title="bbox 1986 3159 3558 3234; baseline -0.004 -17"><span class='ocrx_word' id='word_1_611' title='bbox 1986 3164 2050 3217; x_wconf 88' lang='lat' dir='ltr'><strong>de</strong></span> <span class='ocrx_word' id='word_1_612' title='bbox 2085 3164 2409 3219; x_wconf 88' lang='lat' dir='ltr'><strong>animalibus</strong></span> <span class='ocrx_word' id='word_1_613' title='bbox 2436 3166 2537 3218; x_wconf 89' lang='lat' dir='ltr'><strong>iste</strong></span> <span class='ocrx_word' id='word_1_614' title='bbox 2569 3164 2683 3234; x_wconf 77' lang='lat' dir='ltr'><strong>eius</strong></span> <span class='ocrx_word' id='word_1_615' title='bbox 2714 3173 2835 3218; x_wconf 88' lang='lat' dir='ltr'><strong>erat</strong></span> <span class='ocrx_word' id='word_1_616' title='bbox 2875 3177 3075 3221; x_wconf 81' lang='lat' dir='ltr'><strong>sermo.</strong></span> <span class='ocrx_word' id='word_1_617' title='bbox 3120 3161 3200 3215; x_wconf 84' lang='lat' dir='ltr'><strong>Ab</strong></span> <span class='ocrx_word' id='word_1_618' title='bbox 3236 3159 3390 3215; x_wconf 91' lang='lat' dir='ltr'><strong>initio</strong></span> <span class='ocrx_word' id='word_1_619' title='bbox 3423 3174 3558 3227; x_wconf 86' lang='lat' dir='ltr'><strong>ergo</strong></span> 
     </span>
    </p>
   </div>
   <div class='ocr_carea' id='block_1_77' title="bbox 1986 3253 3559 3321">
    <p class='ocr_par' dir='ltr' id='par_1_77' title="bbox 1986 3253 3559 3321">
     <span class='ocr_line' id='line_1_77' title="bbox 1986 3253 3559 3321; baseline -0.002 -13"><span class='ocrx_word' id='word_1_620' title='bbox 1986 3255 2387 3320; x_wconf 77' lang='lat' dir='ltr'><strong>creaturze,ita</strong></span> <span class='ocrx_word' id='word_1_621' title='bbox 2424 3256 2617 3309; x_wconf 88' lang='lat' dir='ltr'><strong>melior</strong></span> <span class='ocrx_word' id='word_1_622' title='bbox 2657 3265 2739 3310; x_wconf 87' lang='lat' dir='ltr'><strong>est</strong></span> <span class='ocrx_word' id='word_1_623' title='bbox 2783 3266 2968 3309; x_wconf 85' lang='lat' dir='ltr'><strong>nostra</strong></span> <span class='ocrx_word' id='word_1_624' title='bbox 3017 3253 3197 3306; x_wconf 89' lang='lat' dir='ltr'><strong>anima</strong></span> <span class='ocrx_word' id='word_1_625' title='bbox 3229 3268 3259 3306; x_wconf 93' lang='lat' dir='ltr'><strong>a</strong></span> <span class='ocrx_word' id='word_1_626' title='bbox 3309 3267 3559 3321; x_wconf 87' lang='lat' dir='ltr'><strong>corpore,</strong></span> 
     </span>
    </p>
   </div>
   <div class='ocr_carea' id='block_1_78' title="bbox 1985 3342 3561 3417">
    <p class='ocr_par' dir='ltr' id='par_1_78' title="bbox 1985 3342 3561 3417">
     <span class='ocr_line' id='line_1_78' title="bbox 1985 3342 3561 3417; baseline -0.003 -15"><span class='ocrx_word' id='word_1_627' title='bbox 1985 3356 2039 3403; x_wconf 90' lang='lat' dir='ltr'><strong>et</strong></span> <span class='ocrx_word' id='word_1_628' title='bbox 2074 3357 2320 3417; x_wconf 85' lang='lat' dir='ltr'><strong>separata</strong></span> <span class='ocrx_word' id='word_1_629' title='bbox 2353 3357 2455 3402; x_wconf 88' lang='lat' dir='ltr'><strong>est.</strong></span> <span class='ocrx_word' id='word_1_630' title='bbox 2494 3348 2564 3403; x_wconf 88' lang='lat' dir='ltr'><strong>Ut</strong></span> <span class='ocrx_word' id='word_1_631' title='bbox 2609 3359 2789 3403; x_wconf 84' lang='lat' dir='ltr'><strong>autem</strong></span> <span class='ocrx_word' id='word_1_632' title='bbox 2833 3348 3112 3401; x_wconf 85' lang='lat' dir='ltr'><strong>veniamus</strong></span> <span class='ocrx_word' id='word_1_633' title='bbox 3142 3345 3210 3399; x_wconf 83' lang='lat' dir='ltr'><strong>ad</strong></span> <span class='ocrx_word' id='word_1_634' title='bbox 3238 3342 3352 3411; x_wconf 82' lang='lat' dir='ltr'><strong>ejus</strong></span> <span class='ocrx_word' id='word_1_635' title='bbox 3381 3345 3561 3415; x_wconf 83' lang='lat' dir='ltr'><strong>digni-</strong></span> 
     </span>
    </p>
   </div>
   <div class='ocr_carea' id='block_1_79' title="bbox 1988 3437 3559 3505">
    <p class='ocr_par' dir='ltr' id='par_1_79' title="bbox 1988 3437 3559 3505">
     <span class='ocr_line' id='line_1_79' title="bbox 1988 3437 3559 3505; baseline -0.001 -17"><span class='ocrx_word' id='word_1_636' title='bbox 1988 3445 2176 3499; x_wconf 90' lang='lat' dir='ltr'><strong>tatem,</strong></span> <span class='ocrx_word' id='word_1_637' title='bbox 2202 3445 2505 3491; x_wconf 88' lang='lat' dir='ltr'><strong>scrutantes</strong></span> <span class='ocrx_word' id='word_1_638' title='bbox 2537 3450 2842 3490; x_wconf 75' lang='lat' dir='ltr'><strong>scrutemur</strong></span> <span class='ocrx_word' id='word_1_639' title='bbox 2877 3437 3000 3505; x_wconf 88' lang='lat' dir='ltr'><strong>quia</strong></span> <span class='ocrx_word' id='word_1_640' title='bbox 3038 3450 3266 3504; x_wconf 86' lang='lat' dir='ltr'><strong>corpora</strong></span> <span class='ocrx_word' id='word_1_641' title='bbox 3303 3452 3405 3488; x_wconf 91' lang='lat' dir='ltr'><strong>non</strong></span> <span class='ocrx_word' id='word_1_642' title='bbox 3432 3450 3559 3505; x_wconf 88' lang='lat' dir='ltr'><strong>ger-</strong></span> 
     </span>
    </p>
   </div>
   <div class='ocr_carea' id='block_1_80' title="bbox 1989 3526 3557 3597">
    <p class='ocr_par' dir='ltr' id='par_1_80' title="bbox 1989 3526 3557 3597">
     <span class='ocr_line' id='line_1_80' title="bbox 1989 3526 3557 3597; baseline -0.003 -16"><span class='ocrx_word' id='word_1_643' title='bbox 1989 3528 2215 3591; x_wconf 87' lang='lat' dir='ltr'><strong>minant,</strong></span> <span class='ocrx_word' id='word_1_644' title='bbox 2258 3529 2351 3581; x_wconf 90' lang='lat' dir='ltr'><strong>sed</strong></span> <span class='ocrx_word' id='word_1_645' title='bbox 2383 3529 2607 3581; x_wconf 86' lang='lat' dir='ltr'><strong>arbores</strong></span> <span class='ocrx_word' id='word_1_646' title='bbox 2644 3534 2698 3582; x_wconf 89' lang='lat' dir='ltr'><strong>et</strong></span> <span class='ocrx_word' id='word_1_647' title='bbox 2728 3526 2929 3597; x_wconf 62' lang='lat' dir='ltr'><strong>planta:</strong></span> <span class='ocrx_word' id='word_1_648' title='bbox 2952 3534 3278 3595; x_wconf 87' lang='lat' dir='ltr'><strong>acceperunt</strong></span> <span class='ocrx_word' id='word_1_649' title='bbox 3310 3540 3557 3594; x_wconf 81' lang='lat' dir='ltr'><strong>germen,</strong></span> 
     </span>
    </p>
   </div>
   <div class='ocr_carea' id='block_1_81' title="bbox 1987 3615 3560 3688">
    <p class='ocr_par' dir='ltr' id='par_1_81' title="bbox 1987 3615 3560 3688">
     <span class='ocr_line' id='line_1_81' title="bbox 1987 3615 3560 3688; baseline -0.003 -15"><span class='ocrx_word' id='word_1_650' title='bbox 1987 3628 2432 3688; x_wconf 87' lang='lat' dir='ltr'><strong>etaugmentum,</strong></span> <span class='ocrx_word' id='word_1_651' title='bbox 2466 3626 2519 3673; x_wconf 87' lang='lat' dir='ltr'><strong>et</strong></span> <span class='ocrx_word' id='word_1_652' title='bbox 2541 3632 2746 3679; x_wconf 89' lang='lat' dir='ltr'><strong>escam,</strong></span> <span class='ocrx_word' id='word_1_653' title='bbox 2779 3630 2943 3685; x_wconf 85' lang='lat' dir='ltr'><strong>quam</strong></span> <span class='ocrx_word' id='word_1_654' title='bbox 2988 3630 3096 3671; x_wconf 92' lang='lat' dir='ltr'><strong>non</strong></span> <span class='ocrx_word' id='word_1_655' title='bbox 3130 3615 3402 3670; x_wconf 86' lang='lat' dir='ltr'><strong>habebant</strong></span> <span class='ocrx_word' id='word_1_656' title='bbox 3430 3631 3560 3670; x_wconf 72' lang='lat' dir='ltr'><strong>saxa</strong></span> 
     </span>
    </p>
   </div>
   <div class='ocr_carea' id='block_1_82' title="bbox 1988 3708 3560 3780">
    <p class='ocr_par' dir='ltr' id='par_1_82' title="bbox 1988 3708 3560 3780">
     <span class='ocr_line' id='line_1_82' title="bbox 1988 3708 3560 3780; baseline -0.001 -16"><span class='ocrx_word' id='word_1_657' title='bbox 1988 3726 2105 3780; x_wconf 72' lang='lat' dir='ltr'><strong>qua:</strong></span> <span class='ocrx_word' id='word_1_658' title='bbox 2129 3725 2256 3765; x_wconf 76' lang='lat' dir='ltr'><strong>vere</strong></span> <span class='ocrx_word' id='word_1_659' title='bbox 2302 3720 2427 3765; x_wconf 87' lang='lat' dir='ltr'><strong>sunt</strong></span> <span class='ocrx_word' id='word_1_660' title='bbox 2464 3726 2629 3765; x_wconf 78' lang='lat' dir='ltr'><strong>.saxa.</strong></span> <span class='ocrx_word' id='word_1_661' title='bbox 2660 3709 2980 3765; x_wconf 83' lang='lat' dir='ltr'><strong>Germinare</strong></span> <span class='ocrx_word' id='word_1_662' title='bbox 3006 3708 3150 3765; x_wconf 92' lang='lat' dir='ltr'><strong>enim</strong></span> <span class='ocrx_word' id='word_1_663' title='bbox 3182 3717 3235 3762; x_wconf 90' lang='lat' dir='ltr'><strong>et</strong></span> <span class='ocrx_word' id='word_1_664' title='bbox 3268 3722 3517 3764; x_wconf 90' lang='lat' dir='ltr'><strong>crescere</strong></span> <span class='ocrx_word' id='word_1_665' title='bbox 3542 3748 3560 3774; x_wconf 92' lang='lat'><strong>,</strong></span> 
     </span>
    </p>
   </div>
   <div class='ocr_carea' id='block_1_83' title="bbox 1987 3800 3562 3871">
    <p class='ocr_par' dir='ltr' id='par_1_83' title="bbox 1987 3800 3562 3871">
     <span class='ocr_line' id='line_1_83' title="bbox 1987 3800 3562 3871; baseline -0.001 -15"><span class='ocrx_word' id='word_1_666' title='bbox 1987 3812 2041 3856; x_wconf 87' lang='lat' dir='ltr'><strong>et</strong></span> <span class='ocrx_word' id='word_1_667' title='bbox 2093 3802 2353 3857; x_wconf 88' lang='lat' dir='ltr'><strong>imbribus</strong></span> <span class='ocrx_word' id='word_1_668' title='bbox 2386 3803 2581 3856; x_wconf 90' lang='lat' dir='ltr'><strong>nutriri</strong></span> <span class='ocrx_word' id='word_1_669' title='bbox 2614 3818 2717 3856; x_wconf 91' lang='lat' dir='ltr'><strong>non</strong></span> <span class='ocrx_word' id='word_1_670' title='bbox 2775 3801 3013 3867; x_wconf 84' lang='lat' dir='ltr'><strong>habent,</strong></span> <span class='ocrx_word' id='word_1_671' title='bbox 3064 3803 3157 3857; x_wconf 90' lang='lat' dir='ltr'><strong>sed</strong></span> <span class='ocrx_word' id='word_1_672' title='bbox 3190 3800 3306 3855; x_wconf 78' lang='lat' dir='ltr'><strong>hch</strong></span> <span class='ocrx_word' id='word_1_673' title='bbox 3339 3816 3562 3871; x_wconf 82' lang='lat' dir='ltr'><strong>accepe-</strong></span> 
     </span>
    </p>
   </div>
   <div class='ocr_carea' id='block_1_84' title="bbox 1991 3892 3565 3962">
    <p class='ocr_par' dir='ltr' id='par_1_84' title="bbox 1991 3892 3565 3962">
     <span class='ocr_line' id='line_1_84' title="bbox 1991 3892 3565 3962; baseline 0 -18"><span class='ocrx_word' id='word_1_674' title='bbox 1991 3902 2113 3945; x_wconf 91' lang='lat' dir='ltr'><strong>runt</strong></span> <span class='ocrx_word' id='word_1_675' title='bbox 2138 3893 2336 3962; x_wconf 68' lang='lat' dir='ltr'><strong>plantae</strong></span> <span class='ocrx_word' id='word_1_676' title='bbox 2364 3902 2419 3946; x_wconf 92' lang='lat' dir='ltr'><strong>et</strong></span> <span class='ocrx_word' id='word_1_677' title='bbox 2442 3894 2683 3947; x_wconf 83' lang='lat' dir='ltr'><strong>arbores.</strong></span> <span class='ocrx_word' id='word_1_678' title='bbox 2710 3892 2777 3946; x_wconf 84' lang='lat' dir='ltr'><strong>Et</strong></span> <span class='ocrx_word' id='word_1_679' title='bbox 2802 3907 2867 3946; x_wconf 91' lang='lat' dir='ltr'><strong>ne</strong></span> <span class='ocrx_word' id='word_1_680' title='bbox 2888 3892 3011 3961; x_wconf 91' lang='lat' dir='ltr'><strong>quis</strong></span> <span class='ocrx_word' id='word_1_681' title='bbox 3050 3893 3313 3961; x_wconf 79' lang='lat' dir='ltr'><strong>produCat</strong></span> <span class='ocrx_word' id='word_1_682' title='bbox 3342 3901 3565 3946; x_wconf 89' lang='lat' dir='ltr'><strong>contra-</strong></span> 
     </span>
    </p>
   </div>
   <div class='ocr_carea' id='block_1_85' title="bbox 1988 3983 3563 4053">
    <p class='ocr_par' dir='ltr' id='par_1_85' title="bbox 1988 3983 3563 4053">
     <span class='ocr_line' id='line_1_85' title="bbox 1988 3983 3563 4053; baseline 0.002 -17"><span class='ocrx_word' id='word_1_683' title='bbox 1988 3984 2316 4049; x_wconf 88' lang='lat' dir='ltr'><strong>dictionem,</strong></span> <span class='ocrx_word' id='word_1_684' title='bbox 2346 3984 2391 4037; x_wconf 88' lang='lat' dir='ltr'><strong>si</strong></span> <span class='ocrx_word' id='word_1_685' title='bbox 2422 3984 2591 4053; x_wconf 88' lang='lat' dir='ltr'><strong>aliqui</strong></span> <span class='ocrx_word' id='word_1_686' title='bbox 2636 3983 2842 4053; x_wconf 83' lang='lat' dir='ltr'><strong>lapides</strong></span> <span class='ocrx_word' id='word_1_687' title='bbox 2886 3992 3139 4038; x_wconf 84' lang='lat' dir='ltr'><strong>crescunt</strong></span> <span class='ocrx_word' id='word_1_688' title='bbox 3169 3983 3222 4037; x_wconf 88' lang='lat' dir='ltr'><strong>in</strong></span> <span class='ocrx_word' id='word_1_689' title='bbox 3250 3984 3410 4047; x_wconf 91' lang='lat' dir='ltr'><strong>mari,</strong></span> <span class='ocrx_word' id='word_1_690' title='bbox 3445 3984 3563 4039; x_wconf 83' lang='lat' dir='ltr'><strong>sive</strong></span> 
     </span>
    </p>
   </div>
   <div class='ocr_carea' id='block_1_86' title="bbox 1988 4073 3561 4143">
    <p class='ocr_par' dir='ltr' id='par_1_86' title="bbox 1988 4073 3561 4143">
     <span class='ocr_line' id='line_1_86' title="bbox 1988 4073 3561 4143; baseline 0.001 -17"><span class='ocrx_word' id='word_1_691' title='bbox 1988 4075 2167 4143; x_wconf 84' lang='lat' dir='ltr'><strong>nigri,</strong></span> <span class='ocrx_word' id='word_1_692' title='bbox 2202 4075 2317 4129; x_wconf 86' lang='lat' dir='ltr'><strong>sive</strong></span> <span class='ocrx_word' id='word_1_693' title='bbox 2368 4074 2559 4128; x_wconf 88' lang='lat' dir='ltr'><strong>rubri:</strong></span> <span class='ocrx_word' id='word_1_694' title='bbox 2590 4074 2666 4128; x_wconf 92' lang='lat' dir='ltr'><strong>illi</strong></span> <span class='ocrx_word' id='word_1_695' title='bbox 2711 4073 2855 4127; x_wconf 86' lang='lat' dir='ltr'><strong>enim</strong></span> <span class='ocrx_word' id='word_1_696' title='bbox 2908 4073 3104 4142; x_wconf 89' lang='lat' dir='ltr'><strong>plantis</strong></span> <span class='ocrx_word' id='word_1_697' title='bbox 3137 4073 3306 4142; x_wconf 87' lang='lat' dir='ltr'><strong>magis</strong></span> <span class='ocrx_word' id='word_1_698' title='bbox 3357 4073 3561 4137; x_wconf 87' lang='lat' dir='ltr'><strong>similes</strong></span> 
     </span>
    </p>
   </div>
   <div class='ocr_carea' id='block_1_87' title="bbox 1985 4162 3561 4232">
    <p class='ocr_par' dir='ltr' id='par_1_87' title="bbox 1985 4162 3561 4232">
     <span class='ocr_line' id='line_1_87' title="bbox 1985 4162 3561 4232; baseline -0.002 -13"><span class='ocrx_word' id='word_1_699' title='bbox 1985 4173 2112 4219; x_wconf 87' lang='lat' dir='ltr'><strong>sunt</strong></span> <span class='ocrx_word' id='word_1_700' title='bbox 2135 4179 2295 4232; x_wconf 89' lang='lat' dir='ltr'><strong>quam</strong></span> <span class='ocrx_word' id='word_1_701' title='bbox 2326 4164 2592 4232; x_wconf 88' lang='lat' dir='ltr'><strong>lapidibus</strong></span> <span class='ocrx_word' id='word_1_702' title='bbox 2619 4163 2819 4226; x_wconf 78' lang='lat' dir='ltr'><strong>:,incisi</strong></span> <span class='ocrx_word' id='word_1_703' title='bbox 2854 4163 3001 4217; x_wconf 86' lang='lat' dir='ltr'><strong>enim</strong></span> <span class='ocrx_word' id='word_1_704' title='bbox 3029 4179 3149 4217; x_wconf 90' lang='lat' dir='ltr'><strong>cum</strong></span> <span class='ocrx_word' id='word_1_705' title='bbox 3176 4162 3401 4228; x_wconf 78' lang='lat' dir='ltr'><strong>fuerint,</strong></span> <span class='ocrx_word' id='word_1_706' title='bbox 3432 4172 3561 4217; x_wconf 91' lang='lat' dir='ltr'><strong>tunc</strong></span> 
     </span>
    </p>
   </div>
   <div class='ocr_carea' id='block_1_88' title="bbox 1991 4253 3563 4324">
    <p class='ocr_par' dir='ltr' id='par_1_88' title="bbox 1991 4253 3563 4324">
     <span class='ocr_line' id='line_1_88' title="bbox 1991 4253 3563 4324; baseline 0 -18"><span class='ocrx_word' id='word_1_707' title='bbox 1991 4254 2194 4322; x_wconf 88' lang='lat' dir='ltr'><strong>lapides</strong></span> <span class='ocrx_word' id='word_1_708' title='bbox 2222 4253 2533 4307; x_wconf 81' lang='lat' dir='ltr'><strong>eﬁiciuntur</strong></span> <span class='ocrx_word' id='word_1_709' title='bbox 2562 4271 2576 4308; x_wconf 89' lang='lat'><strong>:</strong></span> <span class='ocrx_word' id='word_1_710' title='bbox 2605 4254 2657 4308; x_wconf 93' lang='lat' dir='ltr'><strong>in</strong></span> <span class='ocrx_word' id='word_1_711' title='bbox 2689 4267 2948 4324; x_wconf 88' lang='lat' dir='ltr'><strong>quantum</strong></span> <span class='ocrx_word' id='word_1_712' title='bbox 2988 4264 3166 4308; x_wconf 82' lang='lat' dir='ltr'><strong>autem</strong></span> <span class='ocrx_word' id='word_1_713' title='bbox 3188 4260 3335 4307; x_wconf 90' lang='lat' dir='ltr'><strong>stant</strong></span> <span class='ocrx_word' id='word_1_714' title='bbox 3356 4259 3563 4306; x_wconf 70' lang='lat' dir='ltr'><strong>natura:</strong></span> 
     </span>
    </p>
   </div>
   <div class='ocr_carea' id='block_1_89' title="bbox 1988 4344 3563 4416">
    <p class='ocr_par' dir='ltr' id='par_1_89' title="bbox 1988 4344 3563 4416">
     <span class='ocr_line' id='line_1_89' title="bbox 1988 4344 3563 4416; baseline 0 -19"><span class='ocrx_word' id='word_1_715' title='bbox 1988 4346 2213 4415; x_wconf 81' lang='lat' dir='ltr'><strong>legibus,</strong></span> <span class='ocrx_word' id='word_1_716' title='bbox 2244 4354 2299 4399; x_wconf 91' lang='lat' dir='ltr'><strong>et</strong></span> <span class='ocrx_word' id='word_1_717' title='bbox 2337 4346 2548 4399; x_wconf 86' lang='lat' dir='ltr'><strong>radices</strong></span> <span class='ocrx_word' id='word_1_718' title='bbox 2578 4347 2868 4412; x_wconf 89' lang='lat' dir='ltr'><strong>emittunt,</strong></span> <span class='ocrx_word' id='word_1_719' title='bbox 2900 4356 2953 4400; x_wconf 91' lang='lat' dir='ltr'><strong>et</strong></span> <span class='ocrx_word' id='word_1_720' title='bbox 2998 4344 3400 4416; x_wconf 78' lang='lat' dir='ltr'><strong>pullulationem</strong></span> <span class='ocrx_word' id='word_1_721' title='bbox 3432 4357 3563 4413; x_wconf 85' lang='lat' dir='ltr'><strong>ope-</strong></span> 
     </span>
    </p>
   </div>
   <div class='ocr_carea' id='block_1_90' title="bbox 1990 4436 3562 4507">
    <p class='ocr_par' dir='ltr' id='par_1_90' title="bbox 1990 4436 3562 4507">
     <span class='ocr_line' id='line_1_90' title="bbox 1990 4436 3562 4507; baseline -0.001 -17"><span class='ocrx_word' id='word_1_722' title='bbox 1990 4448 2196 4500; x_wconf 86' lang='lat' dir='ltr'><strong>rantur,</strong></span> <span class='ocrx_word' id='word_1_723' title='bbox 2233 4446 2286 4491; x_wconf 87' lang='lat' dir='ltr'><strong>et</strong></span> <span class='ocrx_word' id='word_1_724' title='bbox 2322 4439 2717 4495; x_wconf 85' lang='lat' dir='ltr'><strong>incrementum</strong></span> <span class='ocrx_word' id='word_1_725' title='bbox 2744 4437 3041 4507; x_wconf 86' lang='lat' dir='ltr'><strong>accipiunt,</strong></span> <span class='ocrx_word' id='word_1_726' title='bbox 3076 4446 3131 4491; x_wconf 86' lang='lat' dir='ltr'><strong>et</strong></span> <span class='ocrx_word' id='word_1_727' title='bbox 3162 4436 3325 4490; x_wconf 87' lang='lat' dir='ltr'><strong>ramis</strong></span> <span class='ocrx_word' id='word_1_728' title='bbox 3348 4450 3562 4490; x_wconf 82' lang='lat' dir='ltr'><strong>annun-</strong></span> 
     </span>
    </p>
   </div>
   <div class='ocr_carea' id='block_1_91' title="bbox 313 4522 3567 4601">
    <p class='ocr_par' dir='ltr' id='par_1_91' title="bbox 313 4522 3567 4601">
     <span class='ocr_line' id='line_1_91' title="bbox 313 4522 3567 4601; baseline 0.002 -25"><span class='ocrx_word' id='word_1_729' title='bbox 313 4524 421 4577; x_wconf 83' lang='lat' dir='ltr'><strong>lum</strong></span> <span class='ocrx_word' id='word_1_730' title='bbox 460 4534 507 4577; x_wconf 80' lang='lat' dir='ltr'><strong>et</strong></span> <span class='ocrx_word' id='word_1_731' title='bbox 545 4534 735 4576; x_wconf 85' lang='lat' dir='ltr'><strong>terram</strong></span> <span class='ocrx_word' id='word_1_732' title='bbox 772 4523 839 4576; x_wconf 87' lang='lat'><strong>&#39;°.</strong></span> <span class='ocrx_word' id='word_1_733' title='bbox 886 4522 1095 4578; x_wconf 69' lang='lat' dir='ltr'><strong>leum</strong></span> <span class='ocrx_word' id='word_1_734' title='bbox 1146 4525 1288 4577; x_wconf 90' lang='lat' dir='ltr'><strong>enim</strong></span> <span class='ocrx_word' id='word_1_735' title='bbox 1324 4541 1441 4577; x_wconf 90' lang='lat' dir='ltr'><strong>cum</strong></span> <span class='ocrx_word' id='word_1_736' title='bbox 1496 4536 1633 4579; x_wconf 86' lang='lat' dir='ltr'><strong>terra</strong></span> <span class='ocrx_word' id='word_1_737' title='bbox 1684 4525 1882 4591; x_wconf 76' lang='lat' dir='ltr'><strong>factum</strong></span> <span class='ocrx_word' id='word_1_738' title='bbox 1920 4545 1962 4599; x_wconf 81' lang='grc' dir='ltr'>υ</span> <span class='ocrx_word' id='word_1_739' title='bbox 1995 4532 2126 4585; x_wconf 85' lang='lat' dir='ltr'><strong>liant</strong></span> <span class='ocrx_word' id='word_1_740' title='bbox 2158 4528 2495 4584; x_wconf 79' lang='lat' dir='ltr'><strong>aliinitatem.</strong></span> <span class='ocrx_word' id='word_1_741' title='bbox 2530 4531 2671 4601; x_wconf 87' lang='lat' dir='ltr'><strong>Ergo</strong></span> <span class='ocrx_word' id='word_1_742' title='bbox 2700 4531 2900 4601; x_wconf 84' lang='lat' dir='ltr'><strong>plantis</strong></span> <span class='ocrx_word' id='word_1_743' title='bbox 2937 4538 2993 4584; x_wconf 88' lang='lat' dir='ltr'><strong>et</strong></span> <span class='ocrx_word' id='word_1_744' title='bbox 3020 4528 3306 4583; x_wconf 87' lang='lat' dir='ltr'><strong>arboribus</strong></span> <span class='ocrx_word' id='word_1_745' title='bbox 3337 4529 3436 4584; x_wconf 88' lang='lat' dir='ltr'><strong>ista</strong></span> <span class='ocrx_word' id='word_1_746' title='bbox 3460 4528 3567 4591; x_wconf 46' lang='lat' dir='ltr'><strong>ade,</strong></span> 
     </span>
    </p>
   </div>
   <div class='ocr_carea' id='block_1_92' title="bbox 314 4605 1886 4686">
    <p class='ocr_par' dir='ltr' id='par_1_92' title="bbox 314 4605 1886 4686">
     <span class='ocr_line' id='line_1_92' title="bbox 314 4605 1886 4686; baseline 0.001 -15"><span class='ocrx_word' id='word_1_747' title='bbox 314 4616 487 4680; x_wconf 86' lang='lat' dir='ltr'><strong>dicit,</strong></span> <span class='ocrx_word' id='word_1_748' title='bbox 527 4632 630 4669; x_wconf 88' lang='lat' dir='ltr'><strong>non</strong></span> <span class='ocrx_word' id='word_1_749' title='bbox 664 4616 826 4670; x_wconf 81' lang='lat' dir='ltr'><strong>isuim</strong></span> <span class='ocrx_word' id='word_1_750' title='bbox 871 4605 959 4684; x_wconf 83' lang='lat' dir='ltr'><strong>qui</strong></span> <span class='ocrx_word' id='word_1_751' title='bbox 1014 4614 1244 4677; x_wconf 85' lang='lat' dir='ltr'><strong>videtur,</strong></span> <span class='ocrx_word' id='word_1_752' title='bbox 1284 4615 1378 4669; x_wconf 89' lang='lat' dir='ltr'><strong>sed</strong></span> <span class='ocrx_word' id='word_1_753' title='bbox 1428 4616 1591 4669; x_wconf 89' lang='lat' dir='ltr'><strong>alium</strong></span> <span class='ocrx_word' id='word_1_754' title='bbox 1639 4620 1886 4686; x_wconf 64' lang='grc' dir='ltr'><strong>θυμω-ἰο-</strong></span> 
     </span>
    </p>
   </div>
   <div class='ocr_carea' id='block_1_93' title="bbox 315 4703 1883 4776">
    <p class='ocr_par' dir='ltr' id='par_1_93' title="bbox 315 4703 1883 4776">
     <span class='ocr_line' id='line_1_93' title="bbox 315 4703 1883 4776; baseline 0.003 -15"><span class='ocrx_word' id='word_1_755' title='bbox 315 4721 452 4761; x_wconf 88' lang='lat' dir='ltr'><strong>rem.</strong></span> <span class='ocrx_word' id='word_1_756' title='bbox 486 4703 737 4760; x_wconf 91' lang='lat' dir='ltr'><strong>Secundo</strong></span> <span class='ocrx_word' id='word_1_757' title='bbox 766 4706 909 4759; x_wconf 89' lang='lat' dir='ltr'><strong>enim</strong></span> <span class='ocrx_word' id='word_1_758' title='bbox 960 4705 1046 4759; x_wconf 90' lang='lat' dir='ltr'><strong>die</strong></span> <span class='ocrx_word' id='word_1_759' title='bbox 1097 4704 1327 4758; x_wconf 81' lang='lat' dir='ltr'><strong>ellicitur</strong></span> <span class='ocrx_word' id='word_1_760' title='bbox 1372 4705 1472 4761; x_wconf 86' lang='lat' dir='ltr'><strong>iste</strong></span> <span class='ocrx_word' id='word_1_761' title='bbox 1518 4708 1607 4775; x_wconf 90' lang='lat' dir='ltr'><strong>qui</strong></span> <span class='ocrx_word' id='word_1_762' title='bbox 1648 4710 1883 4776; x_wconf 85' lang='lat' dir='ltr'><strong>videtur,</strong></span> 
     </span>
    </p>
   </div>
   <div class='ocr_carea' id='block_1_94' title="bbox 313 4798 1885 4858">
    <p class='ocr_par' dir='ltr' id='par_1_94' title="bbox 313 4798 1885 4858">
     <span class='ocr_line' id='line_1_94' title="bbox 313 4798 1885 4858; baseline 0.003 -5"><span class='ocrx_word' id='word_1_763' title='bbox 313 4809 369 4854; x_wconf 91' lang='lat' dir='ltr'><strong>et</strong></span> <span class='ocrx_word' id='word_1_764' title='bbox 399 4799 713 4853; x_wconf 87' lang='lat' dir='ltr'><strong>nominatur</strong></span> <span class='ocrx_word' id='word_1_765' title='bbox 746 4798 1161 4853; x_wconf 86' lang='lat' dir='ltr'><strong>ﬁrmamentum.</strong></span> <span class='ocrx_word' id='word_1_766' title='bbox 1203 4798 1436 4853; x_wconf 87' lang='lat' dir='ltr'><strong>Tantum</strong></span> <span class='ocrx_word' id='word_1_767' title='bbox 1482 4803 1622 4855; x_wconf 87' lang='lat' dir='ltr'><strong>cnim</strong></span> <span class='ocrx_word' id='word_1_768' title='bbox 1653 4804 1885 4858; x_wconf 89' lang='lat' dir='ltr'><strong>honora-</strong></span> 
     </span>
    </p>
   </div>
   <div class='ocr_carea' id='block_1_95' title="bbox 313 4890 1883 4962">
    <p class='ocr_par' dir='ltr' id='par_1_95' title="bbox 313 4890 1883 4962">
     <span class='ocr_line' id='line_1_95' title="bbox 313 4890 1883 4962; baseline 0.002 -17"><span class='ocrx_word' id='word_1_769' title='bbox 313 4890 475 4945; x_wconf 83' lang='lat' dir='ltr'><strong>bilior</strong></span> <span class='ocrx_word' id='word_1_770' title='bbox 501 4901 555 4945; x_wconf 89' lang='lat' dir='ltr'><strong>et</strong></span> <span class='ocrx_word' id='word_1_771' title='bbox 608 4891 709 4944; x_wconf 90' lang='lat' dir='ltr'><strong>iste</strong></span> <span class='ocrx_word' id='word_1_772' title='bbox 736 4907 762 4943; x_wconf 90' lang='lat' dir='ltr'><strong>a</strong></span> <span class='ocrx_word' id='word_1_773' title='bbox 794 4899 933 4944; x_wconf 86' lang='lat' dir='ltr'><strong>terra</strong></span> <span class='ocrx_word' id='word_1_774' title='bbox 975 4900 1096 4953; x_wconf 89' lang='lat' dir='ltr'><strong>est,</strong></span> <span class='ocrx_word' id='word_1_775' title='bbox 1134 4902 1390 4960; x_wconf 90' lang='lat' dir='ltr'><strong>quantum</strong></span> <span class='ocrx_word' id='word_1_776' title='bbox 1418 4902 1474 4947; x_wconf 91' lang='lat' dir='ltr'><strong>et</strong></span> <span class='ocrx_word' id='word_1_777' title='bbox 1516 4895 1690 4962; x_wconf 81' lang='lat' dir='ltr'><strong>Spatio</strong></span> <span class='ocrx_word' id='word_1_778' title='bbox 1721 4896 1883 4949; x_wconf 82' lang='lat' dir='ltr'><strong>distat</strong></span> 
     </span>
    </p>
   </div>
   <div class='ocr_carea' id='block_1_96' title="bbox 310 4982 1880 5054">
    <p class='ocr_par' dir='ltr' id='par_1_96' title="bbox 310 4982 1880 5054">
     <span class='ocr_line' id='line_1_96' title="bbox 310 4982 1880 5054; baseline 0.003 -17"><span class='ocrx_word' id='word_1_779' title='bbox 310 4982 705 5052; x_wconf 88' lang='lat' dir='ltr'><strong>superpositus.</strong></span> <span class='ocrx_word' id='word_1_780' title='bbox 734 4984 797 5036; x_wconf 84' lang='lat' dir='ltr'><strong>Et</strong></span> <span class='ocrx_word' id='word_1_781' title='bbox 826 4998 930 5037; x_wconf 87' lang='lat' dir='ltr'><strong>non</strong></span> <span class='ocrx_word' id='word_1_782' title='bbox 964 4985 1085 5050; x_wconf 89' lang='lat' dir='ltr'><strong>quia</strong></span> <span class='ocrx_word' id='word_1_783' title='bbox 1128 4994 1238 5037; x_wconf 88' lang='lat' dir='ltr'><strong>toto</strong></span> <span class='ocrx_word' id='word_1_784' title='bbox 1281 4984 1366 5038; x_wconf 89' lang='lat' dir='ltr'><strong>die</strong></span> <span class='ocrx_word' id='word_1_785' title='bbox 1398 4986 1679 5054; x_wconf 74' lang='lat' dir='ltr'><strong>prrccessit</strong></span> <span class='ocrx_word' id='word_1_786' title='bbox 1737 4999 1880 5041; x_wconf 88' lang='lat' dir='ltr'><strong>terra</strong></span> 
     </span>
    </p>
   </div>
   <div class='ocr_carea' id='block_1_97' title="bbox 311 5076 1885 5150">
    <p class='ocr_par' dir='ltr' id='par_1_97' title="bbox 311 5076 1885 5150">
     <span class='ocr_line' id='line_1_97' title="bbox 311 5076 1885 5150; baseline 0.001 -17"><span class='ocrx_word' id='word_1_787' title='bbox 311 5078 479 5133; x_wconf 88' lang='lat' dir='ltr'><strong>istum</strong></span> <span class='ocrx_word' id='word_1_788' title='bbox 519 5076 610 5145; x_wconf 91' lang='lat' dir='ltr'><strong>qui</strong></span> <span class='ocrx_word' id='word_1_789' title='bbox 644 5076 849 5131; x_wconf 87' lang='lat' dir='ltr'><strong>videtur</strong></span> <span class='ocrx_word' id='word_1_790' title='bbox 874 5078 1093 5140; x_wconf 78' lang='lat' dir='ltr'><strong>cmlum,</strong></span> <span class='ocrx_word' id='word_1_791' title='bbox 1120 5077 1228 5145; x_wconf 88' lang='lat' dir='ltr'><strong>jam</strong></span> <span class='ocrx_word' id='word_1_792' title='bbox 1258 5084 1311 5131; x_wconf 90' lang='lat' dir='ltr'><strong>et</strong></span> <span class='ocrx_word' id='word_1_793' title='bbox 1352 5078 1553 5132; x_wconf 89' lang='lat' dir='ltr'><strong>honore</strong></span> <span class='ocrx_word' id='word_1_794' title='bbox 1589 5080 1759 5147; x_wconf 90' lang='lat' dir='ltr'><strong>prima</strong></span> <span class='ocrx_word' id='word_1_795' title='bbox 1788 5098 1885 5150; x_wconf 82' lang='lat' dir='ltr'><strong>pu-</strong></span> 
     </span>
    </p>
   </div>
   <div class='ocr_carea' id='block_1_98' title="bbox 313 5170 1883 5239">
    <p class='ocr_par' dir='ltr' id='par_1_98' title="bbox 313 5170 1883 5239">
     <span class='ocr_line' id='line_1_98' title="bbox 313 5170 1883 5239; baseline 0.002 -15"><span class='ocrx_word' id='word_1_796' title='bbox 313 5172 537 5225; x_wconf 88' lang='lat' dir='ltr'><strong>tabitur.</strong></span> <span class='ocrx_word' id='word_1_797' title='bbox 567 5170 644 5224; x_wconf 91' lang='lat' dir='ltr'><strong>Ita</strong></span> <span class='ocrx_word' id='word_1_798' title='bbox 680 5170 939 5239; x_wconf 86' lang='lat' dir='ltr'><strong>ﬁguretur</strong></span> <span class='ocrx_word' id='word_1_799' title='bbox 985 5170 1133 5235; x_wconf 86' lang='lat' dir='ltr'><strong>prius</strong></span> <span class='ocrx_word' id='word_1_800' title='bbox 1167 5185 1385 5238; x_wconf 88' lang='lat' dir='ltr'><strong>corpus,</strong></span> <span class='ocrx_word' id='word_1_801' title='bbox 1414 5179 1466 5224; x_wconf 90' lang='lat' dir='ltr'><strong>et</strong></span> <span class='ocrx_word' id='word_1_802' title='bbox 1495 5182 1614 5239; x_wconf 86' lang='lat' dir='ltr'><strong>post</strong></span> <span class='ocrx_word' id='word_1_803' title='bbox 1651 5176 1740 5226; x_wconf 87' lang='lat' dir='ltr'><strong>lial</strong></span> <span class='ocrx_word' id='word_1_804' title='bbox 1767 5174 1883 5227; x_wconf 87' lang='lat' dir='ltr'><strong>ani-</strong></span> 
     </span>
    </p>
   </div>
   <div class='ocr_carea' id='block_1_99' title="bbox 310 5260 1883 5332">
    <p class='ocr_par' dir='ltr' id='par_1_99' title="bbox 310 5260 1883 5332">
     <span class='ocr_line' id='line_1_99' title="bbox 310 5260 1883 5332; baseline 0.004 -17"><span class='ocrx_word' id='word_1_805' title='bbox 310 5279 422 5327; x_wconf 88' lang='lat' dir='ltr'><strong>ma,</strong></span> <span class='ocrx_word' id='word_1_806' title='bbox 456 5273 507 5316; x_wconf 87' lang='lat' dir='ltr'><strong>et</strong></span> <span class='ocrx_word' id='word_1_807' title='bbox 536 5262 691 5316; x_wconf 91' lang='lat' dir='ltr'><strong>nobis</strong></span> <span class='ocrx_word' id='word_1_808' title='bbox 724 5271 971 5314; x_wconf 87' lang='lat' dir='ltr'><strong>servetur</strong></span> <span class='ocrx_word' id='word_1_809' title='bbox 996 5261 1251 5330; x_wconf 85' lang='lat' dir='ltr'><strong>dignitas.</strong></span> <span class='ocrx_word' id='word_1_810' title='bbox 1289 5260 1486 5315; x_wconf 81' lang='lat' dir='ltr'><strong>Factus</strong></span> <span class='ocrx_word' id='word_1_811' title='bbox 1515 5263 1680 5332; x_wconf 84' lang='lat' dir='ltr'><strong>igitur</strong></span> <span class='ocrx_word' id='word_1_812' title='bbox 1720 5266 1883 5322; x_wconf 91' lang='lat' dir='ltr'><strong>homo</strong></span> 
     </span>
    </p>
   </div>
   <div class='ocr_carea' id='block_1_100' title="bbox 307 5349 1881 5423">
    <p class='ocr_par' dir='ltr' id='par_1_100' title="bbox 307 5349 1881 5423">
     <span class='ocr_line' id='line_1_100' title="bbox 307 5349 1881 5423; baseline -0.001 -14"><span class='ocrx_word' id='word_1_813' title='bbox 307 5366 392 5409; x_wconf 83' lang='lat' dir='ltr'><strong>est</strong></span> <span class='ocrx_word' id='word_1_814' title='bbox 418 5398 431 5419; x_wconf 89' lang='lat'><strong>,</strong></span> <span class='ocrx_word' id='word_1_815' title='bbox 469 5355 543 5407; x_wconf 92' lang='lat' dir='ltr'><strong>ita</strong></span> <span class='ocrx_word' id='word_1_816' title='bbox 575 5354 717 5407; x_wconf 90' lang='lat' dir='ltr'><strong>enim</strong></span> <span class='ocrx_word' id='word_1_817' title='bbox 746 5351 986 5405; x_wconf 84' lang='lat' dir='ltr'><strong>nominat</strong></span> <span class='ocrx_word' id='word_1_818' title='bbox 1019 5349 1157 5407; x_wconf 90' lang='lat' dir='ltr'><strong>Deus</strong></span> <span class='ocrx_word' id='word_1_819' title='bbox 1183 5353 1307 5405; x_wconf 89' lang='lat' dir='ltr'><strong>dum</strong></span> <span class='ocrx_word' id='word_1_820' title='bbox 1344 5352 1491 5405; x_wconf 78' lang='lat' dir='ltr'><strong>dicit.</strong></span> <span class='ocrx_word' id='word_1_821' title='bbox 1528 5352 1595 5405; x_wconf 83' lang='lat' dir='ltr'><strong>Et</strong></span> <span class='ocrx_word' id='word_1_822' title='bbox 1638 5352 1881 5423; x_wconf 76' lang='lat' dir='ltr'><strong>ﬁguravit</strong></span> 
     </span>
    </p>
   </div>
   <div class='ocr_carea' id='block_1_101' title="bbox 312 5445 1883 5512">
    <p class='ocr_par' dir='ltr' id='par_1_101' title="bbox 312 5445 1883 5512">
     <span class='ocr_line' id='line_1_101' title="bbox 312 5445 1883 5512; baseline 0 -11"><span class='ocrx_word' id='word_1_823' title='bbox 312 5448 452 5501; x_wconf 79' lang='lat' dir='ltr'><strong>Deus</strong></span> <span class='ocrx_word' id='word_1_824' title='bbox 486 5449 769 5509; x_wconf 79' lang='lat' dir='ltr'><strong>hominem,</strong></span> <span class='ocrx_word' id='word_1_825' title='bbox 806 5445 991 5497; x_wconf 83' lang='lat' dir='ltr'><strong>limum</strong></span> <span class='ocrx_word' id='word_1_826' title='bbox 1019 5462 1050 5497; x_wconf 91' lang='lat' dir='ltr'><strong>a</strong></span> <span class='ocrx_word' id='word_1_827' title='bbox 1086 5454 1226 5499; x_wconf 78' lang='lat' dir='ltr'><strong>terra</strong></span> <span class='ocrx_word' id='word_1_828' title='bbox 1249 5446 1505 5512; x_wconf 79' lang='lat' dir='ltr'><strong>accipiens</strong></span> <span class='ocrx_word' id='word_1_829' title='bbox 1528 5445 1594 5497; x_wconf 62' lang='grc' dir='ltr'><strong>δι.</strong></span> <span class='ocrx_word' id='word_1_830' title='bbox 1647 5445 1883 5501; x_wconf 75' lang='lat' dir='ltr'><strong>Necdum</strong></span> 
     </span>
    </p>
   </div>
   <div class='ocr_carea' id='block_1_102' title="bbox 308 5537 1882 5607">
    <p class='ocr_par' dir='ltr' id='par_1_102' title="bbox 308 5537 1882 5607">
     <span class='ocr_line' id='line_1_102' title="bbox 308 5537 1882 5607; baseline -0.001 -13"><span class='ocrx_word' id='word_1_831' title='bbox 308 5548 429 5594; x_wconf 84' lang='lat' dir='ltr'><strong>erat</strong></span> <span class='ocrx_word' id='word_1_832' title='bbox 460 5548 603 5594; x_wconf 90' lang='lat' dir='ltr'><strong>totus</strong></span> <span class='ocrx_word' id='word_1_833' title='bbox 637 5538 795 5593; x_wconf 91' lang='lat' dir='ltr'><strong>homo</strong></span> <span class='ocrx_word' id='word_1_834' title='bbox 829 5556 841 5591; x_wconf 87' lang='lat'><strong><em>:</em></strong></span> <span class='ocrx_word' id='word_1_835' title='bbox 875 5538 966 5591; x_wconf 88' lang='lat' dir='ltr'><strong>sed</strong></span> <span class='ocrx_word' id='word_1_836' title='bbox 1002 5537 1045 5591; x_wconf 86' lang='lat' dir='ltr'><strong>si</strong></span> <span class='ocrx_word' id='word_1_837' title='bbox 1082 5537 1219 5591; x_wconf 81' lang='lat' dir='ltr'><strong>forte</strong></span> <span class='ocrx_word' id='word_1_838' title='bbox 1259 5538 1433 5607; x_wconf 88' lang='lat' dir='ltr'><strong>imago</strong></span> <span class='ocrx_word' id='word_1_839' title='bbox 1466 5538 1716 5604; x_wconf 92' lang='lat' dir='ltr'><strong>hominis,</strong></span> <span class='ocrx_word' id='word_1_840' title='bbox 1748 5540 1882 5593; x_wconf 55' lang='lat' dir='ltr'><strong>ima-</strong></span> 
     </span>
    </p>
   </div>
   <div class='ocr_carea' id='block_1_103' title="bbox 383 5650 1766 5719">
    <p class='ocr_par' dir='ltr' id='par_1_103' title="bbox 383 5650 1766 5719">
     <span class='ocr_line' id='line_1_103' title="bbox 383 5650 1766 5719; baseline -0.001 -10"><span class='ocrx_word' id='word_1_841' title='bbox 383 5656 428 5688; x_wconf 72' lang='grc' dir='ltr'><strong>δ’</strong></span> <span class='ocrx_word' id='word_1_842' title='bbox 466 5654 604 5710; x_wconf 85' lang='lat' dir='ltr'><strong>Gen.</strong></span> <span class='ocrx_word' id='word_1_843' title='bbox 656 5667 717 5716; x_wconf 82' lang='lat' dir='ltr'><strong>ll,</strong></span> <span class='ocrx_word' id='word_1_844' title='bbox 761 5653 809 5704; x_wconf 84' lang='lat'><strong>7.</strong></span> <span class='ocrx_word' id='word_1_845' title='bbox 886 5653 935 5683; x_wconf 82' lang='lat'>”</span> <span class='ocrx_word' id='word_1_846' title='bbox 981 5650 1117 5707; x_wconf 80' lang='lat' dir='ltr'><strong>Gen.</strong></span> <span class='ocrx_word' id='word_1_847' title='bbox 1170 5669 1206 5717; x_wconf 88' lang='grc' dir='ltr'><strong>ι,</strong></span> <span class='ocrx_word' id='word_1_848' title='bbox 1264 5654 1310 5707; x_wconf 91' lang='lat' dir='ltr'><strong>l.</strong></span> <span class='ocrx_word' id='word_1_849' title='bbox 1389 5653 1432 5683; x_wconf 81' lang='lat'>“</span> <span class='ocrx_word' id='word_1_850' title='bbox 1462 5652 1598 5708; x_wconf 85' lang='lat' dir='ltr'><strong>Gen.</strong></span> <span class='ocrx_word' id='word_1_851' title='bbox 1626 5669 1686 5719; x_wconf 86' lang='grc' dir='ltr'><strong>ιι,</strong></span> <span class='ocrx_word' id='word_1_852' title='bbox 1716 5653 1766 5707; x_wconf 88' lang='lat'><strong>7.</strong></span> 
     </span>
    </p>
   </div>
   <div class='ocr_carea' id='block_1_104' title="bbox 385 5810 1774 5881">
    <p class='ocr_par' dir='ltr' id='par_1_104' title="bbox 385 5810 1774 5881">
     <span class='ocr_line' id='line_1_104' title="bbox 385 5810 1774 5881; baseline 0.004 -20"><span class='ocrx_word' id='word_1_853' title='bbox 385 5812 493 5881; x_wconf 72' lang='lat' dir='ltr'><strong>i159)</strong></span> <span class='ocrx_word' id='word_1_854' title='bbox 529 5813 707 5878; x_wconf 81' lang='lat' dir='ltr'><strong>Forte,</strong></span> <span class='ocrx_word' id='word_1_855' title='bbox 742 5810 1103 5873; x_wconf 76' lang='lat' dir='ltr'><strong>l&#39;an‘ﬁcatnm.</strong></span> <span class='ocrx_word' id='word_1_856' title='bbox 1130 5820 1183 5865; x_wconf 90' lang='lat' dir='ltr'><strong>ut</strong></span> <span class='ocrx_word' id='word_1_857' title='bbox 1210 5827 1366 5881; x_wconf 88' lang='lat' dir='ltr'><strong>supra</strong></span> <span class='ocrx_word' id='word_1_858' title='bbox 1400 5813 1503 5871; x_wconf 84' lang='lat' dir='ltr'><strong>col.</strong></span> <span class='ocrx_word' id='word_1_859' title='bbox 1544 5812 1671 5872; x_wconf 73' lang='lat'><strong>1151</strong></span> <span class='ocrx_word' id='word_1_860' title='bbox 1711 5812 1774 5867; x_wconf 89' lang='lat' dir='ltr'><strong>B.</strong></span> 
     </span>
    </p>
   </div>
   <div class='ocr_carea' id='block_1_105' title="bbox 1844 5653 2046 5711">
    <p class='ocr_par' dir='ltr' id='par_1_105' title="bbox 1844 5653 2046 5711">
     <span class='ocr_line' id='line_1_105' title="bbox 1844 5653 2046 5711; baseline 0.015 -3"><span class='ocrx_word' id='word_1_861' title='bbox 1844 5655 1888 5686; x_wconf 86' lang='lat'>&quot;</span> <span class='ocrx_word' id='word_1_862' title='bbox 1915 5653 2046 5711; x_wconf 86' lang='lat' dir='ltr'><strong>ibid.</strong></span> 
     </span>
    </p>
   </div>
   <div class='ocr_carea' id='block_1_106' title="bbox 1993 4621 3562 4692">
    <p class='ocr_par' dir='ltr' id='par_1_106' title="bbox 1993 4621 3562 4692">
     <span class='ocr_line' id='line_1_106' title="bbox 1993 4621 3562 4692; baseline -0.003 -17"><span class='ocrx_word' id='word_1_863' title='bbox 1993 4624 2213 4689; x_wconf 91' lang='lat' dir='ltr'><strong>duntur,</strong></span> <span class='ocrx_word' id='word_1_864' title='bbox 2250 4624 2372 4691; x_wconf 89' lang='lat' dir='ltr'><strong>quia</strong></span> <span class='ocrx_word' id='word_1_865' title='bbox 2408 4623 2607 4677; x_wconf 89' lang='lat' dir='ltr'><strong>habent</strong></span> <span class='ocrx_word' id='word_1_866' title='bbox 2650 4633 2709 4676; x_wconf 93' lang='lat' dir='ltr'><strong>ut</strong></span> <span class='ocrx_word' id='word_1_867' title='bbox 2734 4622 3080 4692; x_wconf 82' lang='lat' dir='ltr'><strong>germinent,</strong></span> <span class='ocrx_word' id='word_1_868' title='bbox 3117 4631 3176 4674; x_wconf 80' lang='lat' dir='ltr'><strong>ut</strong></span> <span class='ocrx_word' id='word_1_869' title='bbox 3224 4621 3562 4689; x_wconf 87' lang='lat' dir='ltr'><strong>procedant,</strong></span> 
     </span>
    </p>
   </div>
   <div class='ocr_carea' id='block_1_107' title="bbox 1994 4710 3563 4783">
    <p class='ocr_par' dir='ltr' id='par_1_107' title="bbox 1994 4710 3563 4783">
     <span class='ocr_line' id='line_1_107' title="bbox 1994 4710 3563 4783; baseline -0.003 -16"><span class='ocrx_word' id='word_1_870' title='bbox 1994 4726 2053 4768; x_wconf 91' lang='lat' dir='ltr'><strong>ut</strong></span> <span class='ocrx_word' id='word_1_871' title='bbox 2090 4725 2383 4780; x_wconf 81' lang='lat' dir='ltr'><strong>crescant,</strong></span> <span class='ocrx_word' id='word_1_872' title='bbox 2435 4724 2495 4767; x_wconf 92' lang='lat' dir='ltr'><strong>ut</strong></span> <span class='ocrx_word' id='word_1_873' title='bbox 2545 4724 2854 4783; x_wconf 87' lang='lat' dir='ltr'><strong>pascantur.</strong></span> <span class='ocrx_word' id='word_1_874' title='bbox 2888 4712 3226 4768; x_wconf 85' lang='lat' dir='ltr'><strong>Animalibus</strong></span> <span class='ocrx_word' id='word_1_875' title='bbox 3275 4720 3452 4765; x_wconf 90' lang='lat' dir='ltr'><strong>autem</strong></span> <span class='ocrx_word' id='word_1_876' title='bbox 3508 4710 3563 4764; x_wconf 87' lang='lat' dir='ltr'><strong>id</strong></span> 
     </span>
    </p>
   </div>
   <div class='ocr_carea' id='block_1_108' title="bbox 1990 4807 3564 4876">
    <p class='ocr_par' dir='ltr' id='par_1_108' title="bbox 1990 4807 3564 4876">
     <span class='ocr_line' id='line_1_108' title="bbox 1990 4807 3564 4876; baseline -0.003 -17"><span class='ocrx_word' id='word_1_877' title='bbox 1990 4808 2133 4864; x_wconf 89' lang='lat' dir='ltr'><strong>inest</strong></span> <span class='ocrx_word' id='word_1_878' title='bbox 2153 4807 2296 4876; x_wconf 91' lang='lat' dir='ltr'><strong>quod</strong></span> <span class='ocrx_word' id='word_1_879' title='bbox 2330 4808 2491 4869; x_wconf 86' lang='lat' dir='ltr'><strong>inest,</strong></span> <span class='ocrx_word' id='word_1_880' title='bbox 2520 4807 2619 4861; x_wconf 89' lang='lat' dir='ltr'><strong>hoc</strong></span> <span class='ocrx_word' id='word_1_881' title='bbox 2645 4817 2729 4862; x_wconf 89' lang='lat' dir='ltr'><strong>est</strong></span> <span class='ocrx_word' id='word_1_882' title='bbox 2766 4817 2824 4860; x_wconf 90' lang='lat' dir='ltr'><strong>ut</strong></span> <span class='ocrx_word' id='word_1_883' title='bbox 2873 4816 3179 4871; x_wconf 88' lang='lat' dir='ltr'><strong>nascantur,</strong></span> <span class='ocrx_word' id='word_1_884' title='bbox 3210 4814 3264 4859; x_wconf 90' lang='lat' dir='ltr'><strong>ct</strong></span> <span class='ocrx_word' id='word_1_885' title='bbox 3287 4813 3564 4867; x_wconf 84' lang='lat' dir='ltr'><strong>crescant,</strong></span> 
     </span>
    </p>
   </div>
   <div class='ocr_carea' id='block_1_109' title="bbox 1988 4897 3559 4971">
    <p class='ocr_par' dir='ltr' id='par_1_109' title="bbox 1988 4897 3559 4971">
     <span class='ocr_line' id='line_1_109' title="bbox 1988 4897 3559 4971; baseline -0.004 -15"><span class='ocrx_word' id='word_1_886' title='bbox 1988 4911 2041 4956; x_wconf 90' lang='lat' dir='ltr'><strong>ct</strong></span> <span class='ocrx_word' id='word_1_887' title='bbox 2070 4911 2381 4971; x_wconf 89' lang='lat' dir='ltr'><strong>pascantur.</strong></span> <span class='ocrx_word' id='word_1_888' title='bbox 2415 4900 2606 4956; x_wconf 83' lang='lat' dir='ltr'><strong>Juncta</strong></span> <span class='ocrx_word' id='word_1_889' title='bbox 2630 4910 2810 4963; x_wconf 88' lang='lat' dir='ltr'><strong>autem</strong></span> <span class='ocrx_word' id='word_1_890' title='bbox 2839 4901 3031 4955; x_wconf 85' lang='lat' dir='ltr'><strong>iisdem</strong></span> <span class='ocrx_word' id='word_1_891' title='bbox 3057 4908 3141 4954; x_wconf 84' lang='lat' dir='ltr'><strong>est</strong></span> <span class='ocrx_word' id='word_1_892' title='bbox 3173 4907 3225 4951; x_wconf 84' lang='lat' dir='ltr'><strong>et</strong></span> <span class='ocrx_word' id='word_1_893' title='bbox 3259 4897 3559 4966; x_wconf 74' lang='lat' dir='ltr'><strong>proprieta-</strong></span> 
     </span>
    </p>
   </div>
   <div class='ocr_carea' id='block_1_110' title="bbox 1992 4988 3563 5059">
    <p class='ocr_par' dir='ltr' id='par_1_110' title="bbox 1992 4988 3563 5059">
     <span class='ocr_line' id='line_1_110' title="bbox 1992 4988 3563 5059; baseline -0.004 -11"><span class='ocrx_word' id='word_1_894' title='bbox 1992 4997 2059 5049; x_wconf 91' lang='lat' dir='ltr'><strong>tis</strong></span> <span class='ocrx_word' id='word_1_895' title='bbox 2087 4994 2506 5050; x_wconf 90' lang='lat' dir='ltr'><strong>additamentum</strong></span> <span class='ocrx_word' id='word_1_896' title='bbox 2528 4994 2875 5051; x_wconf 85' lang='lat' dir='ltr'><strong>sensibilitas.</strong></span> <span class='ocrx_word' id='word_1_897' title='bbox 2897 4994 2993 5048; x_wconf 79' lang='lat' dir='ltr'><strong>Est</strong></span> <span class='ocrx_word' id='word_1_898' title='bbox 3011 5002 3186 5046; x_wconf 91' lang='lat' dir='ltr'><strong>autem</strong></span> <span class='ocrx_word' id='word_1_899' title='bbox 3213 4990 3315 5044; x_wconf 91' lang='lat' dir='ltr'><strong>hoc</strong></span> <span class='ocrx_word' id='word_1_900' title='bbox 3340 4989 3395 5043; x_wconf 87' lang='lat' dir='ltr'><strong>in</strong></span> <span class='ocrx_word' id='word_1_901' title='bbox 3424 4988 3563 5059; x_wconf 89' lang='lat' dir='ltr'><strong>lapi-</strong></span> 
     </span>
    </p>
   </div>
   <div class='ocr_carea' id='block_1_111' title="bbox 1992 5078 3562 5150">
    <p class='ocr_par' dir='ltr' id='par_1_111' title="bbox 1992 5078 3562 5150">
     <span class='ocr_line' id='line_1_111' title="bbox 1992 5078 3562 5150; baseline -0.004 -13"><span class='ocrx_word' id='word_1_902' title='bbox 1992 5084 2147 5139; x_wconf 92' lang='lat' dir='ltr'><strong>dibus</strong></span> <span class='ocrx_word' id='word_1_903' title='bbox 2190 5094 2247 5139; x_wconf 91' lang='lat' dir='ltr'><strong>ut</strong></span> <span class='ocrx_word' id='word_1_904' title='bbox 2274 5088 2400 5150; x_wconf 90' lang='lat' dir='ltr'><strong>sint,</strong></span> <span class='ocrx_word' id='word_1_905' title='bbox 2433 5086 2524 5139; x_wconf 84' lang='lat' dir='ltr'><strong>sed</strong></span> <span class='ocrx_word' id='word_1_906' title='bbox 2558 5101 2660 5139; x_wconf 90' lang='lat' dir='ltr'><strong>non</strong></span> <span class='ocrx_word' id='word_1_907' title='bbox 2700 5084 2840 5138; x_wconf 85' lang='lat' dir='ltr'><strong>inest</strong></span> <span class='ocrx_word' id='word_1_908' title='bbox 2879 5084 2958 5137; x_wconf 88' lang='lat' dir='ltr'><strong>eis</strong></span> <span class='ocrx_word' id='word_1_909' title='bbox 2987 5091 3045 5136; x_wconf 92' lang='lat' dir='ltr'><strong>ut</strong></span> <span class='ocrx_word' id='word_1_910' title='bbox 3077 5089 3345 5146; x_wconf 91' lang='lat' dir='ltr'><strong>crescant,</strong></span> <span class='ocrx_word' id='word_1_911' title='bbox 3381 5088 3434 5132; x_wconf 89' lang='lat' dir='ltr'><strong>et</strong></span> <span class='ocrx_word' id='word_1_912' title='bbox 3465 5078 3562 5133; x_wconf 81' lang='lat' dir='ltr'><strong>ad-</strong></span> 
     </span>
    </p>
   </div>
   <div class='ocr_carea' id='block_1_112' title="bbox 1994 5171 3558 5253">
    <p class='ocr_par' dir='ltr' id='par_1_112' title="bbox 1994 5171 3558 5253">
     <span class='ocr_line' id='line_1_112' title="bbox 1994 5171 3558 5253; baseline -0.004 -24"><span class='ocrx_word' id='word_1_913' title='bbox 1994 5177 2288 5233; x_wconf 81' lang='lat' dir='ltr'><strong>ditamenta</strong></span> <span class='ocrx_word' id='word_1_914' title='bbox 2322 5187 2559 5241; x_wconf 84' lang='lat' dir='ltr'><strong>sumant,</strong></span> <span class='ocrx_word' id='word_1_915' title='bbox 2591 5178 2731 5245; x_wconf 90' lang='lat' dir='ltr'><strong>quod</strong></span> <span class='ocrx_word' id='word_1_916' title='bbox 2756 5184 2835 5230; x_wconf 82' lang='lat' dir='ltr'><strong>est</strong></span> <span class='ocrx_word' id='word_1_917' title='bbox 2868 5176 2918 5227; x_wconf 92' lang='lat' dir='ltr'><strong>in</strong></span> <span class='ocrx_word' id='word_1_918' title='bbox 2944 5172 3264 5226; x_wconf 87' lang='lat' dir='ltr'><strong>animalibus</strong></span> <span class='ocrx_word' id='word_1_919' title='bbox 3288 5171 3558 5253; x_wconf 83' lang='lat' dir='ltr'><strong>omnibus.</strong></span> 
     </span>
    </p>
   </div>
   <div class='ocr_carea' id='block_1_113' title="bbox 1990 5266 3554 5333">
    <p class='ocr_par' dir='ltr' id='par_1_113' title="bbox 1990 5266 3554 5333">
     <span class='ocr_line' id='line_1_113' title="bbox 1990 5266 3554 5333; baseline -0.003 -13"><span class='ocrx_word' id='word_1_920' title='bbox 1990 5266 2121 5321; x_wconf 83' lang='lat' dir='ltr'><strong>Esse</strong></span> <span class='ocrx_word' id='word_1_921' title='bbox 2155 5277 2333 5323; x_wconf 89' lang='lat' dir='ltr'><strong>autem</strong></span> <span class='ocrx_word' id='word_1_922' title='bbox 2372 5268 2514 5322; x_wconf 87' lang='lat' dir='ltr'><strong>inest</strong></span> <span class='ocrx_word' id='word_1_923' title='bbox 2536 5269 2682 5321; x_wconf 78' lang='lat' dir='ltr'><strong>saxis</strong></span> <span class='ocrx_word' id='word_1_924' title='bbox 2712 5276 2768 5321; x_wconf 90' lang='lat' dir='ltr'><strong>et</strong></span> <span class='ocrx_word' id='word_1_925' title='bbox 2813 5276 3010 5320; x_wconf 80' lang='lat' dir='ltr'><strong>terrae:</strong></span> <span class='ocrx_word' id='word_1_926' title='bbox 3048 5266 3351 5333; x_wconf 87' lang='lat' dir='ltr'><strong>germinare</strong></span> <span class='ocrx_word' id='word_1_927' title='bbox 3374 5272 3554 5317; x_wconf 88' lang='lat' dir='ltr'><strong>autem</strong></span> 
     </span>
    </p>
   </div>
   <div class='ocr_carea' id='block_1_114' title="bbox 1990 5356 3562 5428">
    <p class='ocr_par' dir='ltr' id='par_1_114' title="bbox 1990 5356 3562 5428">
     <span class='ocr_line' id='line_1_114' title="bbox 1990 5356 3562 5428; baseline -0.001 -18"><span class='ocrx_word' id='word_1_928' title='bbox 1990 5368 2055 5411; x_wconf 69' lang='lat' dir='ltr'><strong>et,</strong></span> <span class='ocrx_word' id='word_1_929' title='bbox 2076 5372 2344 5423; x_wconf 88' lang='lat' dir='ltr'><strong>crescere,</strong></span> <span class='ocrx_word' id='word_1_930' title='bbox 2383 5369 2437 5413; x_wconf 91' lang='lat' dir='ltr'><strong>et</strong></span> <span class='ocrx_word' id='word_1_931' title='bbox 2468 5360 2675 5428; x_wconf 89' lang='lat' dir='ltr'><strong>augeri,</strong></span> <span class='ocrx_word' id='word_1_932' title='bbox 2718 5358 2859 5427; x_wconf 87' lang='lat' dir='ltr'><strong>quod</strong></span> <span class='ocrx_word' id='word_1_933' title='bbox 2885 5368 3005 5410; x_wconf 89' lang='lat' dir='ltr'><strong>erat</strong></span> <span class='ocrx_word' id='word_1_934' title='bbox 3038 5356 3315 5417; x_wconf 89' lang='lat' dir='ltr'><strong>arborum,</strong></span> <span class='ocrx_word' id='word_1_935' title='bbox 3349 5369 3453 5408; x_wconf 86' lang='lat' dir='ltr'><strong>non</strong></span> <span class='ocrx_word' id='word_1_936' title='bbox 3476 5361 3562 5408; x_wconf 84' lang='lat' dir='ltr'><strong>est</strong></span> 
     </span>
    </p>
   </div>
   <div class='ocr_carea' id='block_1_115' title="bbox 1986 5448 3560 5517">
    <p class='ocr_par' dir='ltr' id='par_1_115' title="bbox 1986 5448 3560 5517">
     <span class='ocr_line' id='line_1_115' title="bbox 1986 5448 3560 5517; baseline -0.004 -14"><span class='ocrx_word' id='word_1_937' title='bbox 1986 5448 2041 5504; x_wconf 90' lang='lat' dir='ltr'><strong>in</strong></span> <span class='ocrx_word' id='word_1_938' title='bbox 2070 5450 2172 5503; x_wconf 89' lang='lat' dir='ltr'><strong>eis.</strong></span> <span class='ocrx_word' id='word_1_939' title='bbox 2206 5450 2645 5503; x_wconf 80' lang='lat' dir='ltr'><strong>Additamentum</strong></span> <span class='ocrx_word' id='word_1_940' title='bbox 2680 5459 2859 5502; x_wconf 89' lang='lat' dir='ltr'><strong>autem</strong></span> <span class='ocrx_word' id='word_1_941' title='bbox 2901 5462 3087 5505; x_wconf 89' lang='lat' dir='ltr'><strong>eorum</strong></span> <span class='ocrx_word' id='word_1_942' title='bbox 3116 5455 3420 5517; x_wconf 84' lang='lat' dir='ltr'><strong>separatum</strong></span> <span class='ocrx_word' id='word_1_943' title='bbox 3477 5453 3560 5499; x_wconf 90' lang='lat' dir='ltr'><strong>est</strong></span> 
     </span>
    </p>
   </div>
   <div class='ocr_carea' id='block_1_116' title="bbox 1993 5535 3560 5610">
    <p class='ocr_par' dir='ltr' id='par_1_116' title="bbox 1993 5535 3560 5610">
     <span class='ocr_line' id='line_1_116' title="bbox 1993 5535 3560 5610; baseline -0.003 -15"><span class='ocrx_word' id='word_1_944' title='bbox 1993 5540 2325 5595; x_wconf 90' lang='lat' dir='ltr'><strong>sensibilitas</strong></span> <span class='ocrx_word' id='word_1_945' title='bbox 2350 5579 2365 5605; x_wconf 91' lang='lat'><strong>,</strong></span> <span class='ocrx_word' id='word_1_946' title='bbox 2393 5550 2575 5610; x_wconf 83' lang='lat' dir='ltr'><strong>utpote</strong></span> <span class='ocrx_word' id='word_1_947' title='bbox 2601 5554 2740 5595; x_wconf 73' lang='lat' dir='ltr'><strong>uua:</strong></span> <span class='ocrx_word' id='word_1_948' title='bbox 2774 5541 2825 5595; x_wconf 91' lang='lat' dir='ltr'><strong>in</strong></span> <span class='ocrx_word' id='word_1_949' title='bbox 2855 5539 3179 5597; x_wconf 83' lang='lat' dir='ltr'><strong>animalibus</strong></span> <span class='ocrx_word' id='word_1_950' title='bbox 3216 5537 3463 5593; x_wconf 85' lang='lat' dir='ltr'><strong>habetur.</strong></span> <span class='ocrx_word' id='word_1_951' title='bbox 3501 5535 3560 5591; x_wconf 85' lang='lat' dir='ltr'><strong>lu</strong></span> 
     </span>
    </p>
   </div>
   <div class='ocr_carea' id='block_1_117' title="bbox 2125 5655 2328 5709">
    <p class='ocr_par' dir='ltr' id='par_1_117' title="bbox 2125 5655 2328 5709">
     <span class='ocr_line' id='line_1_117' title="bbox 2125 5655 2328 5709; baseline -0.005 0"><span class='ocrx_word' id='word_1_952' title='bbox 2125 5656 2168 5685; x_wconf 80' lang='grc'><strong>⁸³</strong></span> <span class='ocrx_word' id='word_1_953' title='bbox 2200 5655 2328 5709; x_wconf 87' lang='lat' dir='ltr'><strong>ibid.</strong></span> 
     </span>
    </p>
   </div>
   <div class='ocr_carea' id='block_1_118' title="bbox 2068 5809 2803 5883">
    <p class='ocr_par' dir='ltr' id='par_1_118' title="bbox 2068 5809 2803 5883">
     <span class='ocr_line' id='line_1_118' title="bbox 2068 5809 2803 5883; baseline -0.001 -17"><span class='ocrx_word' id='word_1_954' title='bbox 2068 5811 2181 5883; x_wconf 67' lang='grc'><strong>(10)</strong></span> <span class='ocrx_word' id='word_1_955' title='bbox 2208 5810 2271 5866; x_wconf 75' lang='lat' dir='ltr'><strong>Et</strong></span> <span class='ocrx_word' id='word_1_956' title='bbox 2304 5810 2440 5882; x_wconf 67' lang='lat' dir='ltr'><strong>jam.</strong></span> <span class='ocrx_word' id='word_1_957' title='bbox 2483 5809 2562 5866; x_wconf 77' lang='lat' dir='ltr'><strong>An</strong></span> <span class='ocrx_word' id='word_1_958' title='bbox 2601 5810 2803 5865; x_wconf 72' lang='lat' dir='ltr'><strong>etiam?</strong></span> 
     </span>
    </p>
   </div>
  </div>
