3956 6548
380 426 521 501 “5'9

1060 445 1326 503 EUSEBII
1363 447 1839 504 CAESARIENSIS
1876 446 2027 503 OPP.
2071 447 2248 503 PARS
2289 448 2373 503 IV.
2414 480 2482 490 ——
2522 447 2945 504 DOCMATICA.

3480 449 3622 506 1H0

382 560 541 616 nobis
590 570 765 616 autem
814 561 992 614 omnia
1041 578 1162 631 quae
1208 566 1463 634 praedicta
1495 576 1620 620 sunt
1667 566 1951 621 habentur.
1988 569 2029 623 Α
2061 564 2257 633 perﬂua
2286 581 2299 629 ;
2336 568 2428 619 sed
2457 575 2659 619 tantum
2684 566 2863 620 anima
2898 580 3122 634 corpore
3157 566 3345 620 fortior
3376 570 3621 637 est,quia

382 655 643 707 Additum
692 660 870 706 autem
906 654 1062 708 nobis
1094 666 1177 709 est
1217 657 1360 725 quod
1409 668 1651 711 nostrum
1701 667 1785 711 est
1832 673 1957 726 pro—

387 746 586 811 prium,
612 754 666 799 et
685 744 826 814 quod
855 746 1009 800 nobis
1045 747 1293 813 provenit
1318 788 1335 812 ,
1379 757 1439 801 ut
1468 750 1715 802 deorsum
1741 750 1955 817 quidem

386 839 685 891 habeamus
715 837 893 891 oumia
928 854 1047 906 qua:
1074 839 1269 893 habent
1297 854 1359 893 ea
1388 854 1506 909 qua:
1539 840 1639 893 sub
1675 856 1770 894 nos
1792 849 1952 903 sunt;

386 929 724 994 extrinsecus
745 939 917 983 autem
944 939 1188 984 nostrum
1235 933 1375 1000 qttod
1411 943 1493 986 est
1525 931 1801 1002 proprium
1827 972 1842 996 ,
1888 934 1958 987 sit

383 1022 441 1073 in
478 1018 631 1073 nobis
662 1020 928 1089 cogitatus
975 1030 1027 1073 et
1062 1036 1277 1075 sensus.
1320 1021 1519 1075 lterum
1570 1038 1631 1076 ea
1669 1037 1788 1091 qua:
1839 1031 1958 1090 post

384 1125 485 1164 nos
512 1119 670 1175 sunt,
713 1110 892 1162 statim
935 1110 1328 1165 irrationabilia
1360 1111 1611 1165 animalia
1658 1113 1893 1182 cogitatu
1925 1129 1955 1165 a

387 1204 540 1257 nobis
572 1203 953 1270 relinquuntur
979 1212 1034 1256 et
1076 1218 1263 1258 sensu.
1299 1203 1511 1258 Habent
1545 1212 1723 1257 autem
1753 1205 1953 1270 omnia,

385 1310 719 1364 quaecunque
749 1296 966 1362 habent,
1000 1297 1234 1349 minora.
1256 1295 1364 1348 Illis
1386 1298 1528 1349 enim
1559 1307 1612 1350 et
1638 1298 1777 1364 quod
1802 1313 1954 1351 sumn

385 1395 471 1441 est
508 1387 689 1452 inest,
726 1388 1063 1443 sensibilitas
1116 1388 1342 1442 scilicet.
1375 1387 1572 1441 Iterum
1626 1388 1847 1443 arbores
1905 1398 1959 1443 et

382 1478 582 1545 plantae
612 1478 992 1547 relinquuntur
1034 1479 1249 1548 quidem
1282 1495 1312 1532 a
1358 1481 1594 1549 cogitatu
1629 1489 1835 1543 nostro,
1874 1495 1958 1534 re-

386 1568 702 1637 linquuntur
749 1580 927 1623 autem
961 1580 1014 1623 et
1045 1584 1073 1623 a
1106 1569 1464 1623 sensibilitate
1490 1571 1822 1623 animalium.
1854 1570 1959 1625 Ha-

385 1660 515 1713 bent
560 1670 741 1714 autem
785 1676 880 1714 sua
940 1662 1328 1731 proprietatem
1378 1661 1662 1716 adversum
1723 1678 1853 1716 saxa
1905 1673 1959 1717 et

385 1758 612 1811 terram,
653 1750 1101 1817 germinationem
1150 1752 1362 1806 scilicet
1385 1761 1435 1807 et
1474 1760 1821 1822 augmentum
1853 1791 1868 1815 ,
1904 1761 1960 1805 et

385 1842 821 1896 crescibilitatem
867 1852 921 1897 et
954 1859 1157 1900 escam.
1203 1845 1313 1900 ch
1354 1857 1557 1911 autem,
1595 1854 1647 1899 et
1690 1862 1808 1915 qua;
1860 1862 1955 1914 pu-

2057 665 2111 709 et
2158 657 2369 726 corpori
2417 673 2703 712 mensuras
2754 659 2818 711 ad
2871 660 3098 714 salutem
3135 662 3301 730 ponit.
3340 661 3402 714 Et
3447 662 3626 729 primo

2057 746 2273 812 quidem
2306 748 2543 801 ostendit
2568 763 2686 816 quae
2716 750 2907 806 debeat
2930 766 3160 816 sumere,
3187 762 3241 806 et
3271 769 3299 806 a
3342 754 3537 822 quibus
3565 769 3627 808 se

2058 837 2355 899 abstinere,
2385 844 2438 890 et
2460 851 2519 890 ea
2543 852 2660 907 qua!
2687 837 2829 893 licita
2855 851 2980 894 sunt
3012 841 3360 917 manducare,
3386 845 3624 912 quando,

2056 938 2111 983 ct
2147 940 2404 1000 quantum
2422 966 2447 991 -.
2473 940 2526 984 et
2552 930 2751 1000 quibus
2799 930 2947 985 boris
2973 971 2988 995 ,
3021 941 3075 985 et
3119 930 3247 999 quid
3275 930 3470 984 debeat
3499 943 3628 986 ante

2058 1036 2237 1078 escam
2272 1024 2484 1092 operari
2517 1065 2532 1087 ,
2582 1033 2637 1076 et
2687 1023 3141 1091 quemadmodum
3181 1022 3382 1077 moveri
3416 1023 3630 1078 deside-

2059 1112 2194 1165 rium
2220 1128 2485 1175 esearum,
2509 1122 2563 1166 et
2603 1113 3053 1181 quemadmodum
3089 1129 3309 1167 servare
3329 1129 3509 1167 escam
3537 1115 3620 1168 in-

2059 1219 2295 1274 gressam
2316 1248 2328 1264 .
2359 1215 2410 1257 et
2437 1205 2706 1272 quomodo
2740 1205 2967 1259 reﬁcere
2997 1216 3344 1273 Operamenta
3376 1223 3390 1258 :
3423 1215 3480 1259 ut
3518 1221 3628 1259 non

2059 1309 2123 1348 ex
2166 1294 2461 1348 abundanti
2514 1294 2749 1347 motione
2783 1294 3024 1347 confusio
3056 1294 3146 1347 fiat
3174 1294 3289 1361 ejus
3313 1296 3400 1359 qui
3433 1296 3630 1363 pascit.

2061 1385 2127 1438 Et
2177 1386 2436 1455 potuisset
2476 1387 2661 1455 utique
2701 1400 2897 1455 corpus
2943 1387 3214 1454 corrumpi
3267 1386 3366 1439 nisi
3413 1387 3633 1439 adesset

2060 1479 2262 1544 anima,
2296 1480 2611 1547 permittens
2653 1489 2915 1547 quantum
2956 1479 3208 1541 deberet,
3240 1486 3295 1531 et
3341 1478 3633 1531 continens

2059 1576 2316 1635 quantum
2351 1576 2644 1636 oporteret,
2677 1578 2733 1621 et
2756 1582 3075 1621 mensurans
3099 1574 3153 1621 et
3196 1566 3547 1636 permiscens,
3572 1577 3632 1621 et

2058 1660 2307 1712 aetatibus
2358 1658 2704 1727 semetipsam
2756 1658 3077 1720 extendens,
3117 1666 3171 1710 et
3225 1658 3418 1711 iterum
3478 1657 3636 1711 colli-

2060 1764 2189 1820 gens
2226 1765 2330 1803 non
2367 1748 2737 1815 magnitudine
2762 1748 2883 1802 dico
2911 1787 2923 1813 ,
2948 1750 3039 1801 sed
3071 1748 3360 1802 mensuris.
3408 1748 3633 1814 Quoties

2061 1843 2205 1895 enim
2242 1841 2497 1895 irascitur
2519 1854 2718 1908 corpus
2741 1840 2864 1908 quia
2892 1840 3149 1893 derelicta
3186 1850 3267 1893 est
3294 1855 3417 1894 esca
3465 1856 3631 1909 quam

387 1942 574 1986 tantur
612 1934 927 1999 fortissima,
976 1946 1164 2005 petrae,
1214 1937 1460 2005 inquam,
1512 1949 1568 1991 et
1597 1914 1752 1992 terra:
1783 1979 1799 1999 .
1857 1937 1959 1991 hoc
1991 1914 2031 1967 Β
2064 1931 2289 1983 libenter
2323 1930 2586 1991 sumebat,
2630 1937 2683 1981 et
2716 1928 2905 1981 iterum
2945 1928 3180 1992 volebat,
3217 1940 3268 1983 et
3305 1944 3407 1981 non
3440 1930 3635 1998 permi-

370 2025 563 2095 tipsum
586 2036 711 2080 sunt
733 2041 963 2093 corpus;
992 2043 1098 2081 non
1125 2028 1512 2098 producuntur,
1531 2044 1635 2082 non
1671 2036 1955 2082 crescunt:

386 2117 434 2171 si
458 2117 603 2171 enim
634 2127 686 2172 et
715 2127 988 2182 crescunt,
1014 2120 1084 2171 ita
1113 2131 1359 2172 crescunt
1392 2129 1448 2172 ut
1484 2135 1581 2173 nec
1610 2120 1812 2174 sciatur
1836 2118 1960 2187 quia

387 2217 659 2263 crescunt.
691 2206 783 2263 His
812 2210 882 2263 ita
910 2224 940 2263 a
972 2211 1221 2264 deorsmn
1248 2225 1417 2278 usque
1446 2226 1680 2277 sursum,
1703 2222 1755 2265 ct
1795 2226 1822 2263 a
1850 2226 1962 2264 sur-

388 2315 509 2355 sum
559 2313 731 2369 usque
764 2302 1016 2355 deorsum
1074 2301 1339 2368 separatis
1368 2341 1382 2365 ,
1428 2316 1785 2371 agnosmmns
1836 2302 1959 2369 quia

388 2406 491 2447 nos
513 2393 727 2461 quidem
762 2408 948 2448 sumus
986 2392 1041 2446 in
1076 2406 1396 2457 commune.
1430 2393 1573 2446 sicut
1618 2403 1671 2446 et
1709 2403 1849 2445 terra
1909 2403 1964 2446 et

390 2483 594 2553 lapides
624 2485 1070 2540 :cuextendimur
1119 2494 1296 2539 autem
1330 2493 1384 2538 et
1419 2484 1618 2554 plantis
1666 2493 1721 2537 et
1750 2484 1961 2539 arbori-

390 2577 513 2631 bus.
550 2577 820 2632 Habemus
861 2578 1002 2632 enim
1049 2586 1105 2631 ut
1151 2586 1205 2631 et
1241 2592 1526 2631 nascamur
1556 2586 1610 2631 et
1653 2593 1962 2632 crescamus

393 2678 450 2721 et
496 2683 805 2738 pascamur.
837 2667 1293 2723 TranScendimus
1318 2679 1496 2723 autem
1533 2678 1583 2722 et
1616 2668 1962 2722 irratioaabi-

389 2760 460 2814 lia
496 2760 749 2815 animalia
794 2776 917 2815 cum
949 2760 1327 2815 sensibilitate.
1375 2760 1729 2814 Transilimus
1796 2759 1958 2813 etiam

389 2862 444 2905 et
473 2853 540 2907 ab
570 2853 655 2907 his
686 2870 702 2909 :
738 2852 1002 2907 habentes
1037 2852 1178 2922 quod
1223 2862 1307 2905 est
1341 2852 1689 2920 praecipuum,
1724 2852 1961 2905 rationa-

388 2943 516 2997 bilis
541 2942 740 3013 quippe
766 2944 889 2997 vitae
920 2944 1234 3013 cogitatum.
1266 2942 1409 2996 Nihil
1445 2954 1623 2996 autem
1657 2941 1964 3010 praescribi-

389 3043 480 3089 tur
502 3049 533 3088 a
561 3035 936 3090 communibus
959 3075 973 3099 ,
1006 3043 1063 3088 ut
1101 3044 1248 3103 puta,
1281 3034 1326 3088 si
1364 3034 1484 3103 quis
1530 3034 1757 3087 voluerit
1784 3033 1961 3086 homi-

390 3143 514 3182 nem
564 3128 796 3197 aliquem
836 3142 1091 3197 separare
1129 3130 1195 3181 ab
1233 3128 1404 3181 altero
1434 3166 1448 3191 ,
1495 3141 1596 3179 non
1628 3126 1785 3179 debet
1815 3126 1961 3179 dice-

393 3234 495 3273 re:
528 3219 621 3273 Ille
654 3220 743 3288 qui
786 3219 921 3273 duos
946 3219 1132 3273 oculos
1162 3219 1323 3272 habet
1348 3228 1442 3270 aut
1467 3219 1601 3270 duas
1631 3232 1822 3279 aures;
1871 3234 1962 3270 ne-

392 3326 499 3378 que
532 3310 621 3364 illa
653 3326 773 3380 quae
819 3311 871 3365 in
904 3324 1188 3365 commune
1219 3320 1345 3363 sunt
1386 3319 1439 3363 et
1485 3311 1607 3363 aliis
1633 3350 1647 3371 .
1694 3312 1788 3364 sed
1823 3310 1963 3364 illius

393 3401 628 3455 hominis
669 3402 810 3471 quod
848 3411 930 3456 est
960 3404 1289 3472 praecipuum
1326 3401 1392 3455 ad
1430 3402 1781 3468 agnitionem.
1831 3400 1966 3454 Esse

391 3494 537 3547 enim
566 3508 671 3548 non
703 3494 855 3547 nobis
885 3494 1013 3548 solis
1040 3502 1121 3547 est
1147 3533 1162 3557 ,
1214 3503 1268 3546 et
1307 3493 1612 3560 germinare
1642 3507 1744 3544 non
1786 3493 1837 3544 in
1867 3506 1967 3545 no-

392 3583 481 3638 bis
508 3595 590 3638 est
640 3591 890 3646 tantum,
926 3593 979 3637 et
1033 3584 1361 3637 manducare
1410 3598 1514 3636 non
1556 3582 1835 3636 hominum
1879 3595 1969 3636 so-

394 3669 692 3735 lummodo,
739 3681 791 3723 et
821 3685 1071 3725 crescere
1098 3688 1202 3725 non
1234 3682 1482 3725 nostrum
1510 3680 1594 3725 est
1631 3681 1863 3736 tantum,
1914 3680 1969 3725 et

397 3759 852 3814 sensibilitatibus
894 3760 968 3811 uti
1018 3775 1122 3813 non
1180 3769 1423 3812 nostrum
1475 3766 1559 3811 est
1610 3757 1815 3823 solum;
1871 3758 1966 3810 sed

400 3850 619 3919 quando
652 3867 747 3904 nos
782 3859 834 3905 et
866 3850 974 3914 ubi,
1012 3850 1067 3903 in
1098 3865 1369 3912 sermone,
1404 3849 1457 3903 in
1498 3850 1762 3916 cogitatu,
1791 3848 1841 3901 in
1875 3863 1965 3901 ra-

393 3941 641 3995 tionabili
674 3942 781 3994 vita
806 3981 824 4008 ,
878 3943 977 3995 boe
1009 3940 1169 3994 homo
1199 3949 1302 4003 est,
1355 3940 1470 3994 inec
1498 3940 1676 4008 imago
1697 3980 1712 4004 ,
1741 3940 1843 3993 huc
1888 3946 1970 3992 est

398 4033 696 4087 secundum
730 4032 1020 4103 imaginem
1044 4072 1059 4095 ,
1101 4034 1204 4088 hoc
1232 4042 1315 4086 est
1364 4031 1657 4101 pretiosum
1690 4070 1704 4093 ,
1740 4032 1843 4085 hoc
1876 4031 1973 4084 im-

398 4124 640 4193 periale,
668 4125 772 4179 hoc
796 4136 879 4179 est
911 4125 1052 4195 quod
1101 4134 1246 4178 tenet
1291 4139 1387 4189 per
1425 4124 1684 4177 animam.
1715 4121 1818 4176 Per
1862 4124 1974 4176 [nec

400 4218 714 4289 agnoscitur
766 4230 819 4272 et
870 4219 1142 4288 pudicitiae
1200 4220 1477 4272 honestas.
1533 4216 1599 4270 Et
1646 4226 1792 4271 certe
1845 4232 1976 4272 caro

398 4311 699 4364 contrarias
732 4312 971 4381 snggerit
1023 4310 1292 4363 motiones
1332 4327 1345 4362 :
1386 4318 1580 4379 utpote
1628 4308 1976 4362 irrationabi-

404 4401 535 4454 lium
566 4403 633 4455 ad
680 4401 1200 4454 communicationes
1258 4418 1271 4454 :
1323 4400 1415 4454 sed
1467 4400 1661 4453 anima:
1713 4402 1977 4469 cogitatus

398 4492 704 4561 gubernans
740 4492 1010 4544 motiones
1041 4490 1608 4559 concupiscentiarum
1630 4529 1644 4551 ,
1687 4498 1741 4542 et
1769 4490 1977 4557 asperi-

2063 2021 2131 2075 sit
2161 2022 2353 2073 anima:
2386 2019 2651 2089 cogitatus
2678 2024 2700 2072 Υ
2741 2019 2960 2083 Quoties
2995 2035 3220 2073 accensa
3250 2030 3334 2073 est
3362 2022 3626 2089 concupi-

2063 2112 2293 2174 scentia,
2318 2122 2370 2164 et
2398 2112 2562 2164 voluit
2590 2127 2709 2165 esse
2746 2127 2840 2164 sua
2877 2110 3077 2173 aliena,
3103 2121 3155 2164 et
3187 2127 3412 2164 accensa
3439 2125 3543 2174 est.
3579 2121 3640 2166 et

2065 2203 2194 2255 arsit
2228 2201 2493 2256 ﬂamma?
2539 2204 2632 2257 sed
2680 2217 2870 2257 sensus
2902 2218 3091 2257 rorans
3133 2204 3392 2257 exstinxit
3439 2205 3637 2258 iuotio-

2065 2312 2209 2357 nem,
2236 2305 2288 2349 et
2316 2298 2605 2349 marcidum
2643 2296 2910 2350 [lantmam
2954 2295 3155 2360 eﬂ‘ecit,
3183 2308 3235 2351 et
3262 2298 3495 2351 ostendit
3534 2298 3638 2350 lio-

2065 2389 2195 2441 miui
2242 2389 2451 2442 ratione
2500 2390 2625 2458 quia
2660 2390 2824 2442 homo
2855 2397 2961 2452 est,
3008 2398 3063 2443 et
3113 2404 3219 2443 non
3257 2389 3638 2442 irrationabile

2065 2493 2247 2547 pecus.
2271 2476 2388 2532 Non
2411 2494 2595 2533 sumus
2619 2481 2763 2535 inter
2783 2497 2975 2549 greges
3001 2480 3069 2534 ad
3094 2481 3636 2545 communicationes,

2066 2569 2160 2623 sed
2186 2571 2388 2637 nuptia:
2412 2570 2553 2638 apud
2601 2585 2718 2633 nos,
2756 2581 2810 2625 et
2845 2572 2895 2625 iu
2921 2570 3171 2625 domibus
3200 2610 3214 2633 ,
3246 2581 3299 2625 et
3340 2570 3640 2623 successio-

2068 2675 2162 2714 nes
2186 2670 2237 2714 et
2260 2663 2605 2731 cognationes
2627 2662 2912 2716 habentur.
2938 2661 3308 2731 Compatimur
3328 2662 3473 2715 enim
3499 2661 3640 2715 alter

2072 2753 2248 2816 alteri,
2284 2764 2338 2805 et
2366 2754 2789 2823 congaudemus.
2831 2753 3108 2822 Cogitatus
3138 2755 3280 2807 enim
3332 2754 3638 2821 conjungit,

2067 2858 2120 2899 et
2150 2856 2415 2915 separatae
2442 2847 2639 2911 nuptiae
2669 2846 2808 2914 apud
2836 2861 2935 2899 nos
2980 2855 3127 2900 sunt.
3175 2846 3455 2914 Separavit
3486 2848 3635 2900 enim

2069 2938 2171 2991 hoc
2199 2937 2338 2991 ratio
2368 2950 2601 2990 sensus:
2635 2947 2689 2990 et
2721 2937 2859 3004 quod
2897 2944 2979 2991 est
3002 2937 3337 3002 admirabile,
3367 2952 3487 3006 quae
3526 2950 3635 2990 non

2067 3037 2151 3082 est
2188 3027 2306 3081 visa
2340 3028 2389 3081 ei
2436 3029 2527 3097 qui
2570 3041 2675 3081 non
2722 3036 2807 3081 est
2837 3028 2985 3082 visus
3009 3066 3023 3091 ,
3055 3037 3146 3080 aut
3177 3027 3301 3081 alibi
3336 3028 3532 3081 nutrita
3584 3028 3634 3080 ei

2083 3120 2173 3188 qui
2207 3119 2329 3173 alibi
2355 3129 2437 3174 est
2461 3120 2741 3184 educatus,
2774 3119 2956 3173 subito
2989 3119 3182 3173 tradita
3216 3119 3501 3185 conjuncta
3550 3130 3637 3171 est

2072 3211 2283 3265 ratione
2313 3222 2366 3264 et
2417 3226 2576 3264 sensu
2609 3219 2661 3264 et
2713 3210 2970 3279 cogitatu,
3002 3218 3057 3263 et
3108 3210 3512 3278 [lﬂEllOllOl'alllS
3553 3222 3637 3262 cst

2002 3285 2034 3307 u
2069 3305 2160 3374 qui
2210 3305 2420 3373 accepit
2468 3314 2520 3357 et
2557 3304 2697 3372 patri
2749 3303 2946 3357 dilecto
2971 3343 2986 3367 ,
3035 3311 3089 3356 et
3153 3303 3308 3356 matri
3344 3302 3550 3365 amicae,
3580 3310 3635 3353 et

2067 3394 2216 3450 omni
2262 3395 2595 3463 cognationi.
2641 3393 2757 3447 Non
2813 3395 2954 3447 enim
3005 3393 3135 3447 mihi
3172 3408 3316 3445 nunc
3347 3392 3636 3446 inducatur

2069 3502 2254 3541 eorum
2306 3488 2397 3554 qui
2426 3486 2729 3540 adulterant
2772 3501 3051 3539 nummum
3098 3485 3252 3553 (4|):
3292 3486 3416 3552 quia
3452 3499 3555 3539 nec
3605 3500 3637 3540 a

2070 3577 2228 3632 caacis
2250 3576 2564 3645 agnoscitur
2599 3574 2739 3629 oculi
2789 3576 2978 3641 virtus,
3008 3591 3181 3645 neque
3211 3590 3240 3629 a
3263 3576 3469 3630 claudis
3516 3590 3637 3629 am-

2070 3667 2278 3722 bulatio
2309 3678 2452 3722 recta
2481 3707 2496 3731 ,
2552 3681 2727 3735 neque
2759 3668 2826 3720 ab
2866 3666 3122 3722 adulteris
3155 3668 3354 3721 nummi
3386 3668 3639 3737 [iguratio

2071 3772 2217 3811 vera.
2250 3757 2354 3810 Sed
2390 3758 2589 3826 nuptiae
2620 3759 2727 3810 sint
2748 3758 2964 3826 nuptiae,
2993 3774 3109 3826 quae
3136 3759 3382 3812 terminis
3413 3758 3641 3813 rationis

2073 3865 2101 3902 a
2153 3849 2388 3917 cogitatu
2450 3860 2580 3901 sunt
2620 3849 2917 3902 honorata.
2951 3848 3066 3903 Duo
3111 3850 3253 3903 enim
3291 3850 3639 3912 liuntunum,

2076 3940 2200 4009 quia
2229 3956 2291 3993 ex
2324 3954 2430 3993 uno
2459 3938 2584 3993 facti
2618 3948 2747 3993 sunt
2781 3940 2848 3993 ab
2872 3939 3027 3993 initio
3054 3942 3178 3993 duo.
3209 3940 3272 3993 Et
3295 3941 3417 4009 quis
3441 3941 3644 4007 poterit

2076 4032 2336 4085 exhibere
2359 4046 2545 4085 eorum
2578 4031 2669 4100 qui
2693 4032 2973 4085 salvantur
3003 4033 3250 4101 ﬁguram,
3278 4032 3641 4101 pulchritudi-

2076 4140 2198 4178 nem
2230 4164 2244 4188 ,
2294 4125 2732 4194 speciositatem,
2782 4124 2978 4195 quibus
3030 4127 3285 4182 tristities
3337 4126 3642 4182 consolatio

2078 4226 2160 4270 est
2189 4217 2211 4270 ?
2240 4218 2545 4285 partiuntur
2572 4217 2737 4280 enim,
2764 4227 2815 4271 et
2853 4217 3171 4272 alterutrum
3205 4234 3364 4273 onera
3403 4230 3639 4288 portant,

2078 4316 2132 4361 et
2157 4308 2291 4362 alius
2326 4323 2423 4376 pro
2456 4308 2559 4362 alio
2583 4309 2847 4363 sollicitus
2877 4320 2982 4371 est,
3032 4320 3089 4364 ut
3134 4328 3235 4363 non
3267 4312 3507 4364 tristetur
3541 4327 3643 4365 nec

2080 4400 2276 4465 doleat,
2319 4417 2406 4463 ne,
2443 4401 2487 4454 si
2537 4417 2639 4454 non
2672 4402 2853 4455 videat
2890 4403 3118 4469 tristem,
3149 4404 3340 4457 iterum
3376 4404 3639 4458 tristetur.

2083 4494 2188 4547 Aut
2214 4494 2356 4547 enim
2384 4494 2648 4563 figuratur
2671 4495 2965 4562 tristitiam,
2998 4505 3089 4549 aut
3116 4495 3281 4565 pellit.
3298 4498 3432 4550 Cum
3462 4507 3641 4550 autem

399 4590 563 4635 tatem
620 4582 902 4636 libidinum
962 4596 1191 4651 regens,
1239 4581 1483 4635 ostendit
1529 4581 1653 4653 quia
1710 4579 1886 4632 anima
1941 4596 1969 4633 a
2004 4593 2046 4645 ι)
2082 4587 2373 4639 incurrerit
2422 4586 2634 4655 aliquod
2683 4588 2936 4655 gaudium
2984 4598 3077 4641 aut
3122 4589 3396 4653 laetitiam,
3437 4588 3646 4645 videbis

399 4688 627 4743 corpore
657 4686 903 4742 separata
937 4684 1039 4729 est.
1067 4672 1123 4726 Si
1157 4672 1299 4725 enim
1331 4686 1528 4739 corpus
1569 4671 1837 4734 turbatur,
1866 4688 1972 4725 mo.

400 4778 578 4829 vetur,
616 4764 906 4818 ﬂuctuatur
948 4780 977 4816 a
1030 4762 1485 4831 concupiscentiis
1513 4801 1528 4826 ,
1564 4762 1742 4815 anima
1792 4772 1972 4817 autem

401 4858 664 4927 gubernat
698 4874 712 4910 :
742 4871 936 4925 corpus
970 4856 1209 4910 exsultat
1240 4857 1383 4909 escis
1412 4896 1427 4921 ,
1459 4856 1639 4919 anima
1670 4865 1847 4911 autem
1884 4873 1975 4912 co-

400 4951 569 5020 gitatu
605 4951 845 5003 refrenat
877 4962 1074 5018 corpus
1108 4966 1122 5002 :
1155 4962 1353 5017 corpus
1381 4948 1586 5017 expetit
1613 4963 1796 5003 escam
1818 4966 1834 5016 ς
1859 4966 1977 5005 eva-

402 5052 595 5097 cuatur
618 5043 787 5107 enim,
822 5051 874 5096 et
921 5043 1033 5095 vult
1069 5042 1262 5095 iterum
1296 5042 1571 5111 adimpleri
1606 5061 1619 5096 :
1656 5044 1836 5098 anima
1882 5061 1977 5097 au-

402 5144 509 5188 tem
534 5136 633 5188 sub
662 5150 757 5203 spe
805 5133 1174 5203 religiositatis
1206 5135 1404 5188 retinet
1450 5134 1778 5189 desiderium
1812 5155 1826 5190 :
1857 5153 1979 5190 cor-

407 5242 507 5294 pus
530 5226 685 5289 sitit;
712 5227 890 5279 anima
944 5235 1225 5279 mensurat
1262 5228 1402 5293 quod
1438 5227 1485 5280 ei
1523 5236 1607 5282 est
1637 5229 1765 5282 utile
1803 5248 1815 5283 :
1856 5245 1978 5283 cor-

409 5335 506 5387 pus
532 5328 710 5371 movet
746 5319 963 5379 tiuctus,
990 5318 1169 5371 anima
1201 5332 1380 5370 autem
1416 5319 1865 5387 tranquillitatem
1895 5323 1981 5373 ad-

408 5410 576 5464 ducit.
607 5411 816 5478 Corpus
842 5410 953 5462 sola
980 5424 1098 5476 quae
1127 5419 1253 5463 sunt
1288 5411 1504 5477 quaerit,
1532 5419 1585 5464 et
1613 5425 1718 5464 non
1746 5426 1863 5479 qua:
1886 5426 1979 5465 sua

406 5513 534 5555 sunt
561 5510 785 5559 tantum,
809 5503 902 5554 sed
939 5511 994 5554 et
1022 5516 1184 5568 supra
1215 5515 1276 5554 ea
1306 5517 1424 5569 qua:
1456 5518 1552 5555 sua
1576 5512 1721 5556 sunt.
1754 5501 1808 5555 Si
1834 5503 1979 5556 enim

410 5609 515 5645 non
580 5596 792 5646 adesset
846 5595 1025 5646 anima
1080 5609 1439 5658 mensurans,
1491 5603 1672 5663 posset
1728 5595 1983 5649 aviditate

403 5700 650 5741 escarum
666 5700 862 5751 corpus
885 5687 1179 5755 corrumpi,
1202 5697 1257 5740 et
1278 5701 1306 5738 a
1341 5688 1616 5756 potatione
1640 5700 1863 5756 crepare
1886 5702 1976 5741 su-

478 5865 589 5935 (Ηι)
617 5864 714 5918 Ms.
747 5866 831 5934 qui
858 5867 1157 5919 adulteram
1200 5881 1461 5919 nuntmus.

2080 4676 2181 4730 ista
2215 4676 2472 4745 duplicia.
2506 4676 2659 4731 Sicut
2692 4679 2834 4733 enim
2866 4680 3265 4748 compatiuntur
3294 4680 3396 4735 sibi
3428 4680 3481 4734 in
3505 4680 3645 4734 mul-

2082 4770 2151 4824 tis
2173 4810 2187 4835 ,
2220 4769 2290 4822 ita
2327 4778 2380 4822 et
2411 4769 2762 4824 collaetantur.
2800 4769 3077 4839 Cogitatus
3129 4771 3305 4840 itaque
3331 4773 3492 4825 etiam
3527 4770 3641 4826 for-

2083 4862 2293 4917 tissima
2331 4861 2485 4915 nobis
2517 4862 2767 4915 animalia
2795 4862 3039 4931 subjecit.
3059 4863 3473 4932 Comprehendit
3498 4866 3643 4919 enim

2081 4962 2136 5008 et
2160 4954 2389 5018 velocia,
2427 4962 2479 5005 et
2515 4958 2669 5007 tarda
2700 4956 2906 5008 domuit
2936 4964 2992 5007 et
3020 4954 3267 5022 subjecit.
3302 4954 3646 5010 Descendens

2083 5054 2263 5099 autem
2301 5045 2354 5098 in
2380 5058 2554 5109 mare,
2582 5047 2886 5098 necessaria
2916 5046 3069 5100 nobis
3108 5048 3174 5100 ad
3208 5062 3360 5100 usum
3410 5048 3595 5102 eduxit
3627 5064 3644 5111 ;

2084 5142 2139 5189 et
2172 5139 2239 5189 ad
2289 5151 2471 5191 aerem
2522 5138 2840 5205 perveniens
2868 5176 2883 5200 ,
2917 5139 3038 5192 inde
3072 5154 3133 5192 ea
3164 5153 3280 5207 quae
3308 5138 3549 5193 videmus
3593 5149 3649 5194 et

2087 5228 2475 5281 manducamus
2509 5228 2776 5297 deposuit.
2810 5228 3088 5298 Decerpsit
3119 5232 3278 5283 etiam
3326 5231 3391 5283 ab
3438 5231 3647 5285 arbori-

2083 5321 2184 5373 bus
2207 5330 2258 5373 et
2287 5319 2503 5389 plantis,
2532 5329 2586 5374 et
2605 5338 2633 5374 a
2655 5329 2795 5374 terra
2813 5330 2865 5374 et
2893 5322 2961 5374 ab
2987 5321 3307 5377 animalibus
3325 5323 3644 5387 necessaria,

2088 5422 2144 5464 ct
2173 5414 2402 5481 partitus
2424 5423 2527 5478 est,
2549 5422 2601 5466 et
2627 5415 2803 5467 omnia
2826 5415 2979 5468 nobis
3002 5415 3070 5469 ob
3090 5431 3250 5468 unam
3276 5430 3466 5470 sensus
3482 5420 3645 5469 ratiu-

2090 5520 2211 5559 nem
2233 5508 2459 5575 paravit.
2479 5506 2690 5559 Nullum
2715 5508 2858 5561 enim
2886 5509 3081 5561 animal
3111 5509 3182 5561 ita
3200 5519 3279 5562 est
3297 5508 3450 5572 forte,
3480 5516 3537 5559 ut
3559 5524 3648 5561 eo.

2095 5598 2284 5664 gitatui
2329 5599 2399 5651 sit
2428 5599 2656 5652 fortior:
2691 5598 2959 5669 siquidem
3010 5616 3107 5654 nec
3150 5616 3319 5669 penna
3355 5601 3478 5654 huic
3507 5602 3645 5652 velo-

2091 5689 2208 5744 cior
2254 5690 2525 5746 invenitur
2556 5709 2570 5747 :
2604 5692 2698 5747 sed
2750 5705 2952 5761 quanta
2989 5694 3132 5749 carni
3171 5704 3366 5749 nostra:
3406 5696 3472 5750 ob
3504 5694 3650 5747 iulir-
