3956 6508
278 421 411 480 HM

1481 419 1571 473 DE
1610 416 2071 475 INCORPORALI
2110 415 2347 469 ΔΝΙΜΑ.

3383 405 3519 459 1142

276 538 523 595 nitatem
576 535 766 592 deesse
801 536 1072 600 videntur,
1112 537 1226 591 lianc
1275 536 1497 591 fortiora
1539 538 1841 593 eﬂlciuntur
1870 542 1915 599 Α
1946 537 2094 591 dives
2118 536 2210 604 qui
2239 533 2443 589 creavit
2463 533 2622 593 Deus,
2643 538 2696 585 et
2721 528 2808 597 qui
2840 527 3028 594 dignus
3058 533 3138 579 est
3158 522 3375 577 liabitus
3395 537 3519 573 sen-

276 631 479 685 virtute
506 644 700 685 sensus
724 638 779 685 et
807 629 1094 697 cogitatus.
1127 628 1239 684 Non
1265 638 1445 700 potest
1486 640 1668 684 nostra
1697 631 1842 700 aspi-

280 725 421 779 ratio
445 723 735 793 plurimum
768 722 1008 778 contueri
1051 723 1103 776 in
1154 723 1312 776 mari.
1346 722 1482 788 Quid
1512 724 1687 791 ergo?
1718 738 1844 777 num

276 815 491 883 aufugit
513 830 610 869 nos
639 829 789 869 mare
815 814 837 867 l
883 812 1071 867 Nonne
1094 813 1145 867 ei
1181 813 1296 882 (42)
1324 814 1492 868 maris
1524 812 1845 883 profundum

281 907 554 975 cogitatus
600 905 847 970 invenit,
876 915 936 960 ut
992 922 1134 961 nunc
1164 906 1380 976 quidem
1420 904 1571 959 l'unes
1622 906 1676 959 in
1712 904 1845 958 mari

288 1002 605 1070 deponeret,
640 1015 783 1055 nunc
816 1000 949 1054 retia
978 1003 1329 1069 expanderet,
1360 1000 1465 1053 alio
1489 1008 1665 1055 autem
1710 1009 1847 1054 tem-

283 1105 417 1160 pore
463 1091 570 1144 alia
620 1090 1050 1145 machinamenta
1092 1090 1449 1146 immitteret?
1499 1089 1762 1157 siquidem
1795 1097 1850 1142 et

281 1197 382 1254 per
406 1196 610 1236 cannas
661 1182 727 1235 ad
760 1181 1084 1251 profundum
1136 1182 1425 1251 pervenit,
1475 1190 1531 1237 et
1579 1196 1674 1250 per
1704 1188 1850 1233 setas

281 1280 559 1342 operatur.
605 1269 727 1325 Jam
762 1280 937 1325 autem
968 1281 1024 1326 et
1053 1273 1379 1337 margaritas
1407 1280 1655 1326 scrutaris
1702 1271 1852 1323 inve-

284 1367 385 1430 nit,
408 1376 464 1420 et
497 1363 781 1434 spirationi
829 1374 1027 1418 nostra:
1055 1364 1303 1433 deposuit
1333 1364 1605 1418 solatium.
1635 1361 1702 1415 Et
1738 1360 1849 1429 pri-

284 1472 377 1511 mo
403 1457 644 1525 quidem,
675 1455 943 1524 quomodo
980 1454 1244 1509 intellexit
1268 1470 1329 1509 ea
1369 1471 1485 1523 qua:
1513 1456 1562 1508 in
1588 1452 1851 1521 profundo

282 1548 450 1601 maris
481 1556 607 1600 sunt
640 1546 813 1616 posita
835 1546 859 1600 ?
882 1555 936 1600 et
958 1546 1078 1600 dein
1106 1548 1375 1614 quomodo
1404 1547 1569 1615 erepit
1597 1545 1731 1615 (45),
1759 1554 1852 1598 aut

286 1638 505 1705 agnovit
533 1653 688 1693 usum
723 1652 931 1703 eorum,
965 1649 1024 1692 ut
1052 1641 1296 1710 qttmdam
1329 1640 1545 1708 quidem
1572 1648 1853 1708 separaret

285 1730 352 1783 ad
375 1745 582 1794 escam,
614 1732 858 1799 quaedam
891 1742 1068 1787 autem
1120 1734 1437 1787 reconderet
1470 1733 1534 1786 ad
1563 1730 1849 1793 medelam,

288 1821 393 1874 alia
422 1821 646 1891 eligeret
674 1823 741 1876 ad
780 1832 1029 1877 ornatqu
1055 1824 1077 1877 ?
1117 1824 1329 1878 lnvenit
1377 1833 1554 1877 autem
1584 1832 1638 1877 et
1666 1824 1768 1876 iter
1797 1822 1851 1875 in

1952 642 2042 682 sus
2087 625 2179 679 tali
2220 623 2432 686 divitia,
2495 630 2553 675 ut
2595 622 2708 675 lizec
2751 617 2928 672 omnia
2981 623 3330 670 scrutaretur.
3383 610 3525 665 Vidit

1951 718 2093 773 enim
2127 714 2390 785 cogitatus
2421 714 2472 765 in
2502 710 2686 767 sabulo
2708 708 2924 763 vitrum.
2956 705 3167 760 intuere
3194 716 3322 770 ergo
3352 714 3530 769 quand

1955 818 2066 862 tum
2097 807 2261 861 distat
2292 805 2559 872 cogitatus
2586 815 2618 855 ι
2649 814 2896 870 corpore.
2936 797 3075 865 Quid
3105 795 3249 849 videt
3284 793 3472 848 oculus
3500 789 3526 844 τ

1952 897 2195 954 sabulum
2227 913 2242 950 :
2274 896 2402 966 quid
2426 893 2568 948 videt
2586 908 2774 945 sensus
2799 891 2821 943 ?
2842 890 3057 943 vitrum.
3089 884 3320 941 Intueris
3358 882 3522 937 alium

1952 999 2006 1043 et
2035 988 2196 1042 alium
2230 1003 2244 1040 :
2271 985 2362 1040 ille
2399 986 2541 1039 enim
2569 982 2715 1036 videt
2745 979 3013 1043 sabulum,
3037 978 3137 1032 iste
3173 985 3348 1030 autem
3379 973 3525 1027 videt

1954 1082 2173 1142 vitrum,
2210 1078 2351 1147 quod
2378 1077 2613 1131 necdum
2640 1083 2739 1127 est.
2778 1071 2917 1139 Ergo
2959 1086 3063 1123 non
3104 1068 3293 1122 oculus
3330 1080 3522 1133 corpo-

1954 1164 2082 1224 ralis
2110 1170 2367 1228 intuetur.
2401 1165 2490 1234 qui
2520 1178 2617 1219 nec
2642 1162 2787 1216 videt
2815 1160 2911 1213 nisi
2935 1157 3168 1213 adfuerit
3192 1156 3390 1210 anima.
3419 1152 3526 1208 Sed

1955 1272 2009 1317 et
2037 1276 2159 1314 cum
2190 1258 2402 1313 videtur
2430 1254 2635 1318 videre,
2649 1252 2803 1308 aliter
2820 1251 2961 1305 videt
3002 1263 3196 1318 corpus
3226 1254 3281 1300 et
3305 1245 3525 1300 oculus:

1954 1362 2009 1405 et
2042 1357 2193 1405 certe
2226 1347 2405 1401 anima
2430 1345 2575 1399 videt
2626 1358 2720 1411 per
2758 1357 2924 1395 eum:
2965 1339 3120 1393 aliter
3158 1338 3396 1392 intuetur
3435 1350 3528 1389 co-

1958 1446 2208 1513 gitatusa
2246 1438 2556 1505 semetipso.
2600 1433 2715 1488 Non
2751 1432 2884 1485 vidit
2922 1444 3118 1501 corpus
3156 1436 3543 1489 :eramentum,

1960 1551 2061 1588 non
2085 1532 2216 1587 vidit
2244 1543 2439 1599 corpus
2464 1530 2695 1587 ferrum,
2728 1524 2819 1579 sed
2848 1521 2983 1591 lapis
3023 1528 3139 1575 erat
3169 1528 3221 1574 et
3243 1528 3405 1573 terra.
3426 1518 3530 1571 Co-

1958 1627 2155 1696 gitatus
2197 1632 2373 1677 autem
2411 1618 2597 1674 videns
2634 1631 2752 1686 quae
2778 1629 2880 1668 non
2910 1609 3531 1673 videbantur,restimans

1959 1719 2085 1788 quid
2126 1716 2365 1770 facturus
2393 1720 2535 1767 esset
2564 1709 2723 1781 ignis,
2741 1707 2783 1763 si
2809 1704 3181 1760 confabulatust
3214 1712 3371 1755 terrae
3401 1699 3535 1752 luis-

1959 1820 2041 1865 set
2074 1808 2175 1862 iste
2201 1805 2462 1876 (44),Ιιιοη
2492 1814 2668 1855 tamen
2699 1797 2879 1861 omni;
2909 1803 2961 1849 et
3006 1793 3076 1847 illi
3117 1792 3298 1860 lapidi,
3343 1798 3398 1844 et
3432 1803 3535 1842 non

286 1914 447 1967 mari.
476 1914 763 1983 Accipiens
796 1915 939 1969 enim
972 1929 1003 1969 θ
1036 1926 1176 1969 terra
1206 1916 1476 1979 ‘arbnrcs,
1505 1913 1749 1967 vehicula
1800 1913 1854 1965 in
1888 1894 1930 1948 Β
1959 1900 2125 1956 οηιιιῖ-
2160 1898 2417 1964 Olmie"!5
2445 1894 2587 1948 enim
2628 1899 2978 1946 mmmemum
3010 1894 3205 1938 ῑεπτίηη
3238 1882 3538 1951 accepit,“

285 2004 540 2060 dorsibus
567 2015 827 2075 operatus
853 2015 935 2060 est
966 2006 1152 2060 maris.
1186 2005 1466 2060 Generans
1514 2004 1657 2059 enim
1709 2011 1854 2057 artes

286 2104 380 2148 aut
415 2092 717 2163 suscipiens
742 2133 756 2157 ,
788 2095 854 2147 ad
887 2110 949 2149 ea
987 2110 1118 2148 usus
1148 2105 1229 2148 est
1253 2109 1370 2163 quae
1409 2094 1637 2161 accepit,
1676 2102 1733 2148 et
1782 2102 1858 2147 te-

289 2196 466 2239 statur
509 2194 757 2239 creatura
800 2185 1061 2253 sapientis
1085 2201 1181 2255 per
1212 2186 1390 2240 omnia
1422 2183 1536 2238 Dei.
1566 2184 1858 2253 Accipiens

287 2277 434 2332 enim
482 2292 675 2346 aquam
700 2284 753 2331 et
782 2277 959 2345 ignem
987 2285 1041 2331 et
1074 2286 1275 2331 terram
1315 2286 1371 2330 et
1400 2291 1580 2331 aerem
1611 2285 1665 2330 et
1696 2276 1859 2330 arbo-

291 2382 380 2422 res
430 2375 487 2421 et
532 2383 680 2422 mare
731 2378 785 2422 et
816 2370 992 2424 fontes
1016 2378 1071 2423 et
1104 2378 1314 2424 montes
1338 2378 1391 2423 et
1428 2384 1649 2437 campos
1672 2408 1686 2433 ,
1726 2369 1861 2423 nihil

290 2461 484 2515 borum
526 2460 599 2513 ita
626 2471 683 2514 ut
708 2462 914 2529 accepit
939 2461 1171 2515 otiosum
1217 2474 1339 2515 esse
1380 2461 1645 2531 permisit.
1689 2460 1859 2514 Coac-

289 2560 511 2617 ceperat
542 2552 684 2605 enim
716 2552 976 2606 virtutem
1025 2554 1291 2621 cogitatus
1341 2562 1397 2606 et
1447 2552 1746 2621 sapientiai.
1796 2552 1864 2605 Et

294 2644 416 2697 ideo
442 2644 794 2698 considerans
824 2658 884 2700 ea
921 2659 1040 2712 qua:
1070 2644 1267 2698 inidem
1302 2654 1459 2699 erant
1484 2645 1693 2700 occulta
1716 2686 1731 2709 ,
1762 2646 1861 2698 lia-

292 2736 410 2790 buit
438 2750 681 2800 sensum,
709 2745 769 2790 ut
788 2736 836 2790 ei
874 2735 1153 2790 adveniret
1176 2745 1231 2789 et
1263 2747 1582 2805 operaretur
1603 2747 1656 2791 et
1685 2747 1863 2789 utere-

295 2835 401 2877 tur.
437 2827 663 2896 Accepit
693 2829 838 2881 enim
866 2830 1039 2899 ignem
1059 2870 1074 2892 ,
1109 2840 1164 2885 et
1198 2830 1404 2884 invenit
1430 2831 1685 2886 solatium
1715 2840 1864 2886 tene-

295 2917 410 2973 bris
431 2926 485 2973 et
506 2920 680 2974 noctis
708 2920 971 2975 obscurae.
1002 2919 1211 2977 Invenit
1239 2921 1511 2993 quomodo
1555 2938 1623 2978 ex
1670 2923 1863 2991 lapidi-

296 3011 398 3066 bus
430 3009 659 3065 edicitur
690 3012 890 3067 ferrum
926 3031 939 3067 :
980 3013 1180 3068 invenit
1228 3014 1496 3083 quomodo
1540 3024 1681 3069 esset
1726 3030 1864 3068 acra-

299 3112 540 3156 nientum
567 3111 784 3159 eterra.
812 3104 1019 3159 Invenit
1050 3110 1320 3175 quomodo
1348 3122 1540 3160 aurum
1586 3116 1863 3176 purgatur,

297 3194 568 3259 quomodo
633 3207 914 3265 argentum
971 3198 1203 3262 colatur,
1260 3198 1530 3268 quomodo
1590 3200 1864 3267 plumbum

298 3283 563 3339 conﬂatur
592 3294 648 3341 et
700 3288 920 3354 ferrum,
950 3298 1004 3343 et
1030 3288 1299 3357 quomodo
1322 3304 1390 3343 ex
1442 3290 1525 3344 bis
1557 3305 1683 3343 vasa
1728 3289 1866 3360 ﬁgu-

300 3386 510 3440 rantur,
545 3387 602 3431 et
645 3393 894 3432 vasorum
949 3379 1186 3435 varietas
1211 3418 1226 3443 ,
1269 3390 1324 3436 et
1363 3395 1481 3452 qua:
1528 3382 1594 3434 ad
1626 3381 1868 3446 tutelam,

300 3481 421 3534 quae
447 3468 513 3521 ad
542 3469 828 3534 medelam,
877 3486 997 3539 qua:
1046 3472 1113 3526 ad
1141 3474 1509 3541 operationem
1542 3481 1719 3538 terrae,
1752 3489 1872 3543 qua:

302 3560 371 3612 ad
403 3561 822 3630 navigationem,
859 3577 979 3631 quas
1023 3564 1088 3618 ad
1122 3574 1346 3630 terram,
1371 3580 1489 3634 qure
1513 3567 1580 3620 ad
1613 3566 1870 3634 lapidem,

302 3664 423 3717 qua:
453 3652 519 3705 ad
573 3651 737 3719 ligna,
778 3667 896 3721 qua:
937 3654 1001 3707 ad
1048 3670 1241 3723 aquam
1294 3665 1419 3709 sunt
1470 3656 1793 3719 necessaria,
1820 3666 1874 3709 et

300 3757 423 3811 qua:
457 3745 710 3798 materies
739 3745 910 3814 magis
950 3747 1219 3814 quomodo
1241 3746 1522 3813 conﬂatur,
1546 3757 1599 3800 et
1625 3749 1754 3815 quid
1784 3749 1875 3801 de-

299 3832 426 3886 beat
458 3833 725 3901 accipere,
757 3844 810 3887 et
835 3836 1117 3903 quomodo
1154 3847 1402 3903 oporteat
1450 3836 1728 3892 coeﬂicere
1760 3839 1872 3906 spi-

303 3922 464 3974 ritum
497 3919 723 3977 llantmaa
744 3938 809 3977 ex
843 3924 964 3993 igne
996 3941 1011 3977 :
1046 3935 1193 3980 tanta
1225 3936 1352 3981 sunt
1374 3926 1535 3989 bona,
1568 3927 1747 3981 lumen
1776 3944 1874 3981 no-

299 4011 497 4079 ctibus,
531 4013 733 4068 medela
757 4016 1158 4083 aegrotantibus,
1198 4028 1602 4085 operamentmu
1646 4019 1873 4082 artibus,

300 4115 356 4157 et
387 4106 635 4174 agricolis
666 4108 1025 4175 pugnantibus
1045 4108 1347 4175 tuitionem,
1372 4109 1609 4178 paciﬁcis
1635 4110 1875 4165 tutelam.

302 4194 503 4249 lterum
525 4208 703 4250 autem
726 4201 1017 4252 secundum
1040 4201 1455 4269 unumquodque
1473 4210 1877 4268 operamenlum

303 4295 360 4339 et
409 4300 521 4350 vas,
560 4298 756 4354 quanta
799 4289 936 4357 ignis
979 4299 1231 4357 operatur
1269 4290 1697 4345 consideremus.
1729 4289 1894 4345 Fecit‘

305 4392 517 4440 aurum,
541 4389 597 4432 ct
625 4394 690 4433 ex
719 4395 850 4434 auro
889 4389 1036 4435 tanta
1062 4399 1076 4449 ;
1106 4394 1384 4452 argentum
1406 4424 1421 4449 ,
1455 4393 1509 4436 et
1544 4399 1609 4435 ex
1657 4393 1881 4451 argento

307 4480 416 4522 tam
466 4469 672 4533 multa;
712 4481 766 4524 et
802 4483 1175 4537 teramenturn,
1212 4483 1266 4528 et
1313 4489 1381 4527 ex
1438 4474 1553 4541 ipso
1586 4475 1636 4527 in
1693 4474 1882 4542 primis

305 4559 631 4622 necessaria;
657 4568 710 4613 et
738 4562 1154 4630 unumquodque
1184 4563 1323 4630 quod
1360 4562 1591 4616 colatum
1628 4572 1720 4617 attt
1748 4578 1880 4618 cou-

305 4650 489 4707 ﬂatum
532 4659 631 4718 est,
685 4656 859 4723 primo
905 4656 1119 4724 quidem
1162 4656 1439 4711 inventum
1475 4669 1577 4725 est,
1610 4660 1731 4714 dein
1763 4661 1875 4715 dis-

306 4754 552 4809 cretum,
604 4756 657 4799 et
695 4758 806 4815 post
856 4747 1179 4811 conlectum,
1233 4759 1286 4802 et
1326 4750 1396 4803 ita
1451 4766 1625 4804 usum.
1685 4751 1879 4804 Didicit

307 4838 451 4891 enim
483 4837 745 4906 cogitatus
770 4840 964 4907 quibus
1011 4842 1249 4909 pascitur
1296 4842 1469 4910 ignis:
1506 4852 1560 4895 et
1596 4852 1743 4897 certe
1777 4841 1876 4895 ali-

306 4928 517 4997 quoties
552 4926 706 4982 oll‘ert
736 4928 876 4999 ligna
898 4930 964 4984 ad
986 4932 1279 4995 coctiones,
1302 4931 1588 5000 aliquoties
1609 4942 1790 4985 autem
1822 4941 1881 4986 ut

308 5030 544 5088 maneat,
579 5032 634 5076 et
662 5036 756 5089 per
793 5037 950 5091 quem
1000 5023 1144 5093 ligna
1188 5034 1579 5077 consumuntur
1629 5037 1881 5092 peraran-

308 5113 461 5175 serit,
495 5127 591 5182 per
626 5114 785 5165 istum
818 5127 1032 5167 sensum
1070 5114 1269 5168 nutrita
1314 5124 1634 5183 arguuntur.
1664 5114 1719 5167 In
1759 5124 1877 5167 tau-

309 5214 422 5257 tum
452 5204 594 5256 enim
631 5203 779 5255 (lives
809 5212 892 5257 est
916 5205 1007 5271 qui
1033 5205 1244 5267 tribuit,
1270 5213 1323 5258 et
1353 5213 1558 5257 tantum
1581 5204 1780 5258 ditatus
1798 5215 1882 5259 est

307 5295 401 5364 qni
428 5294 700 5363 suscepit;
729 5294 875 5362 quia,
906 5294 947 5347 si
980 5295 1304 5350 voluerimus
1323 5295 1666 5360 contendere,
1685 5304 1740 5350 et
1767 5305 1882 5350 tan-

312 5398 422 5437 tum
467 5398 535 5439 ex
560 5384 789 5453 opiﬁciis
819 5384 995 5453 ignem
1032 5399 1321 5454 exponere,
1363 5394 1417 5439 et
1450 5384 1601 5439 utilia
1649 5400 1768 5454 qua:
1811 5401 1875 5440 cx

310 5478 432 5546 igne
467 5485 595 5531 sunt
624 5475 988 5540 manifestare,
1034 5480 1260 5532 transiet
1303 5492 1405 5532 nox
1441 5476 1724 5545 conjuncta
1754 5476 1879 5542 diei,

307 5576 365 5622 et
392 5568 684 5645 manebunt
712 5567 850 5638 ignis
880 5566 1045 5622 solius
1077 5584 1181 5626 non
1218 5569 1397 5641 plena.
1439 5569 1677 5640 Apparet
1702 5575 1885 5623 autem

382 5787 496 5855 (42)
533 5786 615 5840 Ei.
655 5786 836 5851 Forte,
867 5796 933 5841 el.

385 5855 496 5929 (l3)
529 5857 708 5927 Carpit.
746 5857 926 5925 Forte,
966 5856 1119 5929 cepit.

1958 2006 2203 2062 qurerens
2240 1988 2441 2042 ferrum
2486 1984 2712 2052 lapidem
2763 1978 3029 2049 sumpsit;
3060 1985 3113 2030 et
3157 1990 3261 2028 non
3311 1973 3535 2035 erravit,

1960 2083 2053 2138 sed
2084 2081 2304 2151 agnovit
2341 2078 2394 2131 in
2424 2084 2683 2145 quantum
2716 2072 2936 2126 deberet
2977 2068 3081 2139 igni
3118 2065 3446 2134 permittere.
3480 2065 3535 2115 Si

1959 2172 2101 2226 enim
2134 2168 2410 2223 transierit
2440 2179 2745 2219 mensuram
2773 2178 2801 2215 a
2830 2161 2934 2215 [)eo
2966 2168 3260 2225 acceptam,
3294 2156 3429 2225 ignis
3446 2157 3538 2223 qui

1961 2273 2151 2333 purgat
2182 2259 2474 2315 consumit.
2506 2259 2584 2309 Ita
2624 2255 2676 2307 in
2708 2250 3011 2307 istiusmodi
3041 2249 3282 2302 materiis
3318 2247 3540 2300 immisit

1961 2352 2230 2420 cogitatus
2260 2363 2413 2403 suam
2445 2346 2883 2406 admiratiuncrn,
2919 2342 2972 2394 in
3016 2340 3160 2393 vasis
3190 2353 3341 2393 suam
3366 2335 3542 2390 varie-

1962 2449 2146 2503 tatem,
2172 2440 2223 2492 in
2245 2435 2646 2504 operationibus
2668 2448 2819 2487 suam
2844 2432 3117 2491 virtutem,
3150 2428 3201 2480 in
3225 2439 3543 2496 operamen-

1966 2533 2030 2585 tis
2055 2545 2204 2584 suam
2232 2526 2576 2597 sapientiam.
2612 2525 2910 2578 Procrcans
2945 2521 3087 2575 enim
3130 2520 3322 2572 artium
3356 2524 3543 2603 gentes

1964 2633 2017 2676 ct
2043 2619 2444 2689 disciplinarum
2470 2616 2721 2687 p0pulos,
2756 2626 2810 2667 et
2858 2614 3106 2668 nationes
3141 2622 3195 2666 et
3237 2624 3458 2681 genera,
3491 2617 3545 2662 et

1965 2726 2223 2782 separaris
2251 2712 2354 2763 alia
2392 2709 2572 2770 aliter,
2617 2708 2743 2761 etin
2773 2706 2877 2760 alio
2907 2719 3068 2773 Opere
3109 2703 3265 2756 aliter
3291 2709 3547 2770 operat-us

1966 2816 2049 2860 est
2070 2804 2359 2872 unicuique
2384 2810 2731 2872 operamenta
2756 2806 3024 2866 separata,
3049 2805 3101 2851 et
3130 2794 3398 2865 suggessit
3427 2808 3542 2846 ma-

1968 2896 2166 2960 terias;
2211 2905 2265 2949 et
2302 2894 2443 2947 illam
2473 2892 2688 2961 quidem
2719 2889 2897 2961 posuit
2923 2904 3075 2952 auro,
3097 2886 3255 2940 aliam
3278 2886 3549 2955 separavit

1967 3012 2033 3065 ad
2064 3021 2369 3081 argentum,
2389 3008 2616 3062 alteram
2652 3007 2716 3061 ad
2745 3014 3118 3069 aeramentum,
3146 3012 3201 3058 et
3224 3003 3342 3058 alias
3363 3011 3544 3074 ostep-

1971 3102 2050 3156 dit
2080 3100 2303 3165 ferrum,
2334 3101 2450 3153 alia:
2475 3099 2863 3155 demonstravit
2885 3096 3153 3161 sabulum,
3183 3102 3235 3149 et
3263 3084 3331 3148 ex
3358 3090 3573 3180 sabulo.

1894 3222 1940 3282 ε
1970 3193 2205 3247 fructum
2240 3192 2383 3246 vitri.
2419 3191 2551 3246 Aliae
2579 3190 2723 3245 dedit
2758 3189 2999 3244 invenire
3026 3195 3267 3240 naturam
3292 3185 3547 3238 arborum

1972 3295 2025 3337 et
2047 3284 2412 3352 Operatiouem
2435 3293 2487 3336 et
2516 3298 2669 3337 usum
2704 3290 2759 3335 et
2792 3290 3051 3348 tempora.
3078 3277 3205 3330 Alia:
3234 3274 3439 3329 fructus
3460 3286 3553 3325 eo-

1974 3387 2113 3439 rum,
2138 3372 2254 3426 alia:
2280 3372 2542 3426 culturam
2576 3387 2787 3433 eorum,
2824 3369 2943 3423 aliae
2996 3365 3423 3421 adinventionem
3457 3376 3551 3415 eo-

1975 3481 2116 3530 rum,
2148 3464 2267 3518 alia:
2294 3464 2552 3518 medelam
2584 3478 2649 3517 ex
2676 3462 2825 3531 ipsis,
2844 3470 2899 3516 et
2926 3460 3023 3529 ipsi
3061 3457 3339 3512 medicinae
3366 3463 3551 3509 nostra

1974 3571 2198 3625 corpora
2227 3554 2384 3624 :quid
2419 3554 2638 3609 deberet
2663 3553 2970 3615 amburere,
2998 3550 3125 3619 quid
3152 3555 3429 3616 oporteret
3450 3559 3548 3600 co-

1976 3664 2162 3718 quere,
2187 3662 2309 3701 cum
2337 3661 2444 3716 quo
2475 3646 2693 3700 deberet
2721 3644 2978 3709 miscere;
3003 3640 3127 3711 quid
3151 3638 3370 3693 deberet
3397 3650 3553 3706 sepa-

1977 3740 2137 3794 ratim
2195 3738 2414 3803 olferre,
2446 3737 2575 3809 quid
2621 3737 2937 3791 conveniret
2967 3749 3089 3789 cum
3129 3729 3399 3802 plurimis,
3425 3726 3553 3798 quid

1978 3832 2225 3895 crudum,
2258 3830 2385 3899 quid
2417 3827 2800 3898 incipientibus
2831 3824 3031 3880 morbis
3060 3831 3114 3879 et
3166 3823 3239 3877 illi
3290 3818 3552 3892 passioni,

1978 3925 2104 3992 quid
2130 3933 2307 3975 autem
2333 3922 2664 3991 promoventi
2698 3930 2750 3973 et
2781 3917 2889 3987 jam
2923 3915 3097 3986 posito
3132 3915 3183 3968 in
3224 3912 3552 3972 cessatione,

1978 4014 2103 4083 quid
2135 4013 2295 4066 etiam
2348 4012 2400 4065 in
2434 4011 2716 4065 insistendi
2747 4009 2920 4073 initio,
2950 4007 3078 4077 quid
3107 4019 3236 4060 vero
3277 4001 3555 4065 reddenti,

1980 4114 2033 4157 et
2067 4104 2331 4166 credenti,
2369 4113 2423 4157 et
2454 4102 2744 4157 rccedenti.
2776 4100 2891 4153 Non
2927 4097 3170 4168 despexit
3206 4110 3305 4150 nec
3341 4093 3555 4148 anima-

1981 4196 2106 4249 lium
2139 4194 2365 4255 l'ructus,
2387 4194 2477 4247 sed
2512 4194 2739 4247 totondit
2756 4190 3231 4244 uoltisiudumenta
3256 4200 3322 4239 ex
3344 4183 3555 4247 ovibus,

1983 4285 2213 4340 totondit
2244 4294 2299 4338 et
2330 4299 2360 4338 e
2391 4283 2569 4351 capris
2601 4281 2859 4351 plurimos
2885 4294 3032 4332 usus.
3064 4276 3129 4329 Et
3165 4290 3268 4329 non
3297 4286 3380 4330 est
3409 4273 3558 4327 tlinu-

1983 4392 2194 4431 nterare
2222 4387 2420 4445 quanta
2445 4390 2513 4428 ex
2548 4373 2869 4427 animalibus
2899 4381 2953 4424 et
2982 4367 3253 4422 alirnoniis
3286 4365 3442 4420 nobis
3463 4363 3558 4419 de-

1984 4471 2122 4525 derit
2151 4471 2215 4524 ad
2242 4468 2596 4536 operimenta,
2627 4466 2692 4517 ad
2731 4480 2904 4524 usum,
2944 4462 3009 4513 ad
3034 4458 3406 4521 medelam,ad
3431 4470 3563 4525 ope-

1908 4556 1958 4614 D
1986 4577 2041 4615 ra
2072 4577 2088 4615 :
2118 4571 2319 4629 quanta
2358 4575 2421 4612 ex
2447 4558 2749 4620 arboribus,
2769 4563 2966 4624 quanta
2996 4567 3026 4605 e
3066 4552 3227 4609 saxis,
3258 4559 3457 4620 quanta
3490 4562 3557 4602 ex

1986 4655 2159 4721 aquis,
2202 4661 2398 4722 quanta
2441 4666 2509 4703 ex
2541 4649 2843 4702 natantibus
2877 4656 2931 4698 et
2974 4643 3279 4699 volantibus
3308 4682 3324 4709 ,
3354 4649 3561 4711 quanta

1984 4761 2050 4799 ex
2078 4759 2208 4796 auro
2236 4751 2289 4796 et
2329 4752 2570 4810 argento,
2606 4751 2658 4793 et
2705 4739 2882 4809 lignis,
2916 4748 2969 4792 et
3010 4736 3296 4806 lapidibus,
3332 4742 3386 4787 et
3424 4747 3559 4784 mra-

1988 4843 2188 4897 mento,
2214 4843 2268 4887 et
2299 4833 2461 4896 ferro,
2488 4842 2541 4885 et
2573 4831 2808 4899 plumbo,
2838 4838 2891 4884 ct
2922 4844 3039 4899 quae
3094 4827 3454 4881 amburuntur
3503 4829 3557 4876 et

1990 4936 2093 4974 non
2122 4921 2497 4986 amburuntur,
2528 4930 2580 4973 et
2612 4930 2984 4984 attenuantur,
3013 4929 3065 4972 et
3093 4924 3471 4973 contexuntur.
3494 4913 3560 4966 Et

1989 5012 2119 5066 mihi
2148 5013 2361 5080 quidem
2390 5011 2603 5065 videtur
2635 5012 2900 5081 cogitatus
2927 5012 2997 5063 ita
3026 5022 3144 5064 esse
3169 5008 3308 5062 sicut
3330 5006 3411 5059 vir
3440 5004 3559 5074 qui-
3586 5010 3587 5013 ‘

1988 5106 2110 5158 dam
2144 5104 2313 5168 dives,
2337 5121 2432 5160 sua
2455 5106 2678 5174 cupiens
2703 5105 3059 5164 dinumerare,
3086 5111 3138 5155 et
3162 5099 3391 5154 scrutari
3418 5112 3557 5162 ;nou

1988 5197 2205 5261 suilicit,
2233 5196 2326 5251 sed
2375 5197 2446 5251 ob
2481 5196 2872 5249 multitudinem
2904 5191 3305 5261 possessionum
3332 5199 3387 5243 et
3433 5189 3559 5242 sub-

1990 5290 2222 5354 stantiae,
2252 5305 2426 5358 neque
2478 5288 2781 5342 rationibus
2829 5294 2921 5338 aut
2962 5283 3209 5337 sensibus
3240 5296 3431 5335 vacare
3461 5295 3561 5350 po-

1989 5393 2126 5445 tens,
2149 5384 2243 5437 sed
2260 5391 2543 5450 superatus
2573 5381 2639 5433 ab
2659 5380 2740 5434 liis
2761 5392 2879 5445 quae
2898 5377 3078 5438 habet,
3099 5384 3277 5427 manet
3295 5373 3560 5427 incertus.

1988 5474 2120 5530 Tale
2147 5475 2327 5529 nescio
2344 5473 2471 5541 quid
2489 5483 2543 5525 et
2564 5487 2704 5524 llllltc
2727 5483 2914 5539 passus
2934 5478 3016 5522 est
3044 5468 3334 5537 cogitatus.
3360 5464 3567 5521 Similis

1990 5566 2135 5620 enim
2164 5574 2247 5620 est
2273 5564 2322 5618 ei
2354 5563 2444 5633 qui
2478 5564 2673 5616 ﬂuctus
2709 5563 3032 5618 dinuruerat.
3070 5559 3125 5614 lit
3155 5574 3220 5614 eo
3264 5559 3407 5613 enim
3437 5559 3566 5613 dum

1988 5785 2341 5916 11084261515
2375 5788 2557 5854 Forte,
2588 5789 2694 5844 isti.
2716 5818 2740 5832 ο
2771 5820 2786 5831 ε
2808 5786 3207 5857 Confabulalm.
3247 5782 3367 5840 Yid.
3414 5795 3562 5853 supr.
