3956 6578
309 479 311 481 ,
384 419 525 475 “43

1033 417 1302 476 EESEBll
1341 418 1820 476 CESARIENSIS
1857 419 2006 474 OPP.
2056 419 2231 473 PARS
2269 418 2356 473 μ’.
2399 447 2470 461 --
2509 417 2929 475 DOGMATICA.

3499 422 3633 477 MM

382 546 634 599 volumus
685 544 1072 613 proprietatem
1117 544 1236 610 ejus
1290 542 1342 596 in
1383 543 1491 614 igni
1533 544 1750 608 videre,
1783 558 1967 598 exsur—
1994 549 2042 604 Α
2072 557 2136 596 ex
2168 543 2322 596 bonis
2357 542 2635 610 angustari
2664 540 2777 613 (45)
2812 556 2910 596 nos
2949 553 3056 595 non
3088 541 3287 611 pigeat,
3317 543 3410 596 sed
3433 554 3639 612 quanto

385 635 526 688 rexit
548 649 610 687 ex
644 649 790 687 mare
818 633 921 685 alia
959 633 1126 694 unda,
1156 643 1212 686 et
1241 631 1379 684 alius
1409 641 1618 688 meatus
1635 648 1676 684 Aa
1720 631 1967 696 flumine,

385 737 439 777 et
465 741 493 778 a
525 725 778 790 fontibus,
811 736 867 780 et
894 725 964 778 ab
994 724 1096 780 illis
1126 724 1492 794 irrigationes,
1517 735 1571 777 et
1611 739 1744 778 usus
1771 740 1835 778 ex
1870 739 1962 776 ar-

385 817 628 880 boribus,
663 834 690 869 a
737 817 1033 880 fructibus,
1083 832 1112 868 a
1169 817 1466 881 radicibus,
1499 832 1530 869 a
1567 815 1726 875 foliis,
1760 815 1829 869 ab
1879 815 1964 869 bis

384 924 559 976 qum'a
613 907 745 962 foris
762 919 824 962 et
850 911 918 963 ab
955 909 1098 963 intus
1126 909 1417 972 habentur,
1451 919 1507 963 et
1550 909 1602 962 in
1641 907 1962 962 animalibus

386 1014 504 1067 qua:
530 1016 561 1052 a
585 1000 718 1055 foris
743 1009 798 1054 et
822 1001 890 1054 ab
917 1000 1062 1054 intus
1081 1009 1228 1061 sunt.
1247 1010 1300 1054 et
1323 1000 1487 1068 pelles
1507 1000 1575 1054 ad
1597 999 1757 1052 alium
1783 1013 1960 1062 usum,

385 1101 436 1144 et
456 1105 576 1147 ossa
605 1093 670 1145 ad
684 1091 906 1146 alteram
928 1094 1325 1147 necessitatem.
1344 1092 1409 1146 Et
1432 1107 1499 1146 ne
1519 1089 1733 1160 quidem
1752 1101 1963 1144 stercus

387 1185 573 1238 inutile
603 1185 835 1248 exstitit,
872 1183 1204 1254 pretiositate
1263 1185 1531 1252 cogitatus
1578 1183 1959 1252 appretiatunt.

387 1276 490 1329 Sed
521 1292 903 1345 ucttnnnquam
933 1286 985 1328 et
1011 1291 1042 1330 e
1067 1277 1352 1332 messibus.
1371 1276 1494 1344 quia
1531 1276 1756 1329 multum
1781 1275 1962 1330 attulit

387 1376 552 1434 terra,
567 1367 653 1436 plu
663 1371 792 1421 rima
821 1369 1212 1438 relinquuntur.
1231 1370 1354 1437 quia
1369 1379 1474 1424 nOn
1488 1379 1962 1439 potestpossessor

383 1455 638 1526 colligere
669 1467 866 1526 quanta
893 1468 947 1510 et
971 1459 1257 1510 seminavit
1277 1499 1292 1523 ,
1323 1468 1377 1511 et
1422 1470 1564 1512 terra
1593 1461 1958 1526 multiplicans

383 1547 634 1616 praebuit.
653 1546 903 1600 Maneant
927 1547 1086 1616 igitur
1107 1547 1297 1601 fluctus
1313 1559 1370 1601 et
1393 1550 1657 1610 undarum
1691 1547 1958 1616 procellae,

383 1647 439 1692 et
479 1653 688 1694 meatus
733 1639 1017 1694 ﬂuviorum
1045 1649 1098 1694 et
1130 1641 1325 1706 fontes,
1355 1650 1410 1695 et
1439 1657 1775 1710 quacunque
1810 1643 1960 1696 dere-

384 1729 509 1784 licta
554 1742 680 1800 sunt
717 1731 786 1786 de
828 1731 1118 1794 fructibus,
1165 1733 1436 1804 cogitatus
1471 1745 1527 1789 et
1575 1734 1858 1803 progenies
1903 1744 1957 1787 et

383 1836 544 1890 opera
580 1840 594 1876 :
627 1833 681 1877 et
701 1833 950 1892 putantes
975 1841 1072 1878 nos
1107 1826 1263 1880 hodie
1287 1825 1510 1892 implere
1546 1841 1702 1893 posse
1736 1842 1798 1880 ea
1834 1841 1955 1893 quae

2065 633 2400 701 potuerimus
2447 631 2813 688 scrutabimur
2855 647 3120 696 coronas,
3153 642 3336 702 utpote
3389 645 3638 692 serentes

2062 724 2356 784 Altissimo,
2380 740 2446 780 ex
2479 724 2674 793 quibus
2705 725 2760 778 in
2805 732 2946 780 terra
2977 734 3033 778 et
3063 725 3199 778 mari
3243 734 3328 780 est
3354 737 3636 792 operatus.

2062 816 2404 884 Quaecunque
2449 825 2630 868 autem
2669 829 2769 869 nos
2821 817 3230 878 transcendunt,
3257 823 3313 870 ct
3351 826 3639 886 superant,

2063 908 2116 961 in
2156 922 2222 962 eo
2250 907 2365 976 ipso
2409 909 2552 975 quod
2581 907 2872 973 vincimur,
2899 907 3094 961 victori
3127 907 3233 975 ipsi
3257 923 3332 962 ex
3377 911 3636 978 operibus

2062 1001 2173 1055 suis
2196 1001 2307 1054 sint
2339 1009 2396 1053 et
2422 1000 2539 1054 istac
2567 1014 2800 1054 corona.
2822 999 3138 1054 Retinentes
3161 1001 3322 1068 igitur
3352 1011 3636 1071 quouqu

2061 1106 2115 1148 et
2143 1093 2391 1162 pervenit
2417 1109 2622 1156 sermo,
2647 1093 3010 1147 recondantur:
3047 1094 3316 1147 sermonis
3344 1094 3635 1161 reliquias;

2061 1197 2121 1239 ut
2149 1186 2342 1240 iterum
2367 1187 2433 1238 ad
2464 1185 2632 1254 ipsum
2653 1197 2894 1237 mensam
2915 1185 3189 1248 sedentes,
3223 1185 3418 1240 iterum
3445 1185 3640 1240 iisdem

2062 1277 2191 1347 ipsis
2231 1277 2475 1330 fruamur
2510 1277 2680 1331 bouis.
2713 1276 2892 1332 Unum
2917 1285 3096 1330 autem
3123 1287 3210 1330 est
3228 1276 3369 1346 quod
3398 1277 3645 1332 decet-et

2061 1386 2223 1433 nunc,
2264 1378 2322 1423 ut
2363 1369 2619 1425 reddatur
2639 1371 2692 1425 ei
2719 1371 2805 1423 cui
2833 1383 3053 1438 semper
3083 1372 3399 1425 redditur-et
3424 1385 3645 1441 semper

2060 1463 2307 1526 debetur,
2340 1462 2392 1516 in
2433 1462 2517 1516 his
2549 1478 2668 1531 qua:
2698 1471 3091 1527 praecesserunt
3133 1463 3426 1531 gratiarqu
3475 1463 3640 1526 actio,

2059 1563 2111 1607 et
2141 1554 2191 1604 in
2227 1553 2312 1606 bis
2344 1567 2464 1620 qua:
2505 1552 2958 1622 incipientgloria
2987 1554 3096 1607 Det)
3117 1567 3302 1607 sancto
3328 1556 3416 1621 qui
3455 1554 3645 1608 omnia

2061 1645 2217 1699 nobis
2239 1645 2494 1713 subjecit,
2535 1658 2631 1714 per
2656 1643 2914 1713 Spiritum
2959 1646 3191 1715 cogitatu
3224 1661 3323 1699 nos
3356 1648 3648 1714 praeltono-

2061 1737 2198 1788 ravit
2213 1749 2229 1787 :
2247 1737 2328 1788 cui
2353 1744 2435 1788 est
2455 1751 2549 1803 per
2565 1737 2893 1806 unigenitum
2915 1751 3068 1789 suum
3081 1734 3282 1790 IFilium
3294 1752 3418 1790 cum
3437 1736 3642 1804 Spiritu

2060 1837 2266 1888 sancto,
2305 1827 2501 1896 gloria,
2539 1829 2744 1894 honor,
2773 1829 3077 1897 imperium,
3110 1830 3382 1898 maiestas,
3418 1837 3475 1883 et
3497 1843 3641 1882 nunc

385 1915 720 1982 resederant,
754 1916 908 1984 plura
947 1918 1208 1974 habentes
1239 1919 1542 1972 recedimus
1567 1928 1620 1971 et
1655 1919 1814 1973 hodie
1843 1937 1856 1972 :
1881 1923 1956 1974 ita
1989 1907 2030 1959 Β
2059 1931 2112 1974 et
2144 1936 2375 1986 semper,
2406 1930 2459 1976 et
2485 1935 2579 1990 per
2605 1923 2785 1976 omnia
2807 1922 3010 1976 saecula
3058 1924 3396 1977 seculorum.
3444 1926 3645 1983 Amen.

411 2129 1303 2160 W—

1313 2146 1779 2157 MM
1802 2149 1832 2156 .-
1839 2147 2020 2156 .—-.-———
2029 2149 2170 2156 ..»--———
2179 2149 2574 2158 ...ι’-Ἢν

1351 2305 1910 2426 EUSEBII
2001 2313 2685 2428 PAMPHlLI

445 2625 467 2649 ,
916 2549 1064 2636 DE
1139 2545 1750 2637 SPIRITALI
1833 2544 2450 2638 COGlTATU
2526 2548 3110 2664 HOMINI-‘S,

1052 2757 1055 2760 '
1708 2739 1941 2800 LIBER
1983 2740 2342 2804 TERTIUS.

454 3091 570 3161 Ipse
595 3087 942 3155 semetipsum
969 3085 1231 3154 cogitatus
1260 3083 1457 3150 reficit,
1480 3086 1592 3153 ipse
1615 3087 1961 3154 semetipsum
1991 3091 2033 3147 (ζ
2068 3088 2242 3142 obfuit
2274 3087 2684 3146 festinantibus.
2727 3090 3063 3162 Frequenter
3093 3094 3238 3148 enim
3269 3096 3652 3166 tranquillitas

381 3183 590 3255 pascit,
620 3181 735 3249 ipse
763 3176 1108 3247 semetipsum
1145 3174 1427 3240 fortilicat,
1475 3177 1586 3245 ipse
1618 3177 1968 3244 semetipsum

379 3275 709 3330 considerat.
727 3271 843 3340 Ipse
861 3270 1002 3324 enim
1032 3269 1096 3322 ad
1116 3269 1457 3336 semetipsum
1479 3283 1536 3321 se
1553 3267 1776 3336 colligit,
1800 3277 1856 3321 et
1885 3283 1969 3322 se-

381 3367 668 3435 metipsum
721 3364 990 3422 intuetur,
1024 3371 1077 3413 et
1128 3369 1368 3414 arctatur
1405 3359 1457 3413 in
1503 3358 1638 3415 suis.
1670 3357 1784 3411 Non
1824 3359 1966 3412 enim

382 3461 526 3513 sicut
565 3457 755 3512 oculus
804 3455 906 3506 alia
952 3452 1163 3520 quidem
1202 3453 1364 3514 videt,
1405 3450 1755 3520 semetipsum
1789 3459 1966 3504 autem

382 3549 580 3605 intueri
607 3565 708 3602 non
735 3557 950 3617 potest;
981 3547 1104 3614 quia
1138 3561 1234 3600 nec
1255 3562 1363 3600 suae
1395 3556 1604 3600 natura:
1629 3553 1711 3598 est
1737 3554 1869 3597 utse
1894 3559 1969 3597 re-

382 3642 600 3712 spiciat.
625 3634 741 3692 Non
772 3641 842 3691 ita
876 3649 927 3691 et
959 3639 1245 3706 cogitatus.
1274 3638 1452 3706 Neque
1486 3639 1630 3690 enim
1682 3639 1823 3692 sicut
1855 3636 1968 3690 vul-

383 3742 470 3787 tus
509 3733 561 3785 in
597 3731 852 3798 speculo.
885 3731 936 3782 in
973 3731 1078 3784 alio
1137 3730 1353 3797 quidem
1398 3731 1638 3793 videtur,
1671 3731 1736 3782 ad
1775 3739 1970 3783 semet-

382 3829 557 3895 ipsum
594 3834 772 3877 autem
809 3825 1049 3877 converti
1090 3841 1193 3877 non
1241 3833 1431 3891 potest.
1474 3823 1588 3876 Non
1625 3825 1694 3877 ita
1738 3834 1792 3878 et
1820 3824 1967 3893 cogi-

382 3921 528 3971 tatus
562 3917 818 3983 habetur;
859 3917 951 3970 sed
980 3915 1326 3983 semetipsum
1366 3914 1531 3976 videt,
1557 3926 1611 3969 et
1645 3915 1758 3981 ipse
1785 3917 1849 3968 ad
1881 3931 1966 3969 se-

381 3987 669 4078 metipsum
698 4009 1035 4063 c0uvertitur
1058 4017 1110 4060 et
1149 4022 1206 4060 se
1245 4007 1502 4070 intuetur,
1529 4016 1584 4060 ct
1625 4009 1728 4061 alia
1777 4007 1960 4060 multa.

384 4099 449 4155 Et
475 4117 579 4154 nou
627 4100 766 4153 sicut
800 4115 897 4153 vox
939 4099 1146 4152 levibus
1187 4099 1506 4166 quibusdam
1531 4098 1643 4166 (46)
1688 4097 1964 4152 offendens

385 4201 622 4250 resonat.
651 4193 722 4245 ita
763 4201 817 4244 et
846 4191 1115 4261 cogitatus
1163 4194 1227 4244 ad
1263 4192 1610 4254 semetipsum
1661 4201 1877 4245 resonat
1908 4204 1964 4242 ut

307 4335 309 4337 ,
383 4286 540 4341 cclto.
581 4287 693 4339 Vox
723 4287 864 4338 enim
895 4284 1178 4337 olfendens
1207 4285 1424 4338 aliunde
1467 4285 1774 4354 respondet.
1803 4284 1959 4352 Cugi-

388 4390 530 4434 tatus
559 4389 736 4432 autem
775 4378 890 4447 ipse
943 4377 1290 4444 semetipsum
1344 4386 1639 4441 scrutatur,
1667 4383 1720 4428 et
1757 4376 1864 4442 ipse
1895 4375 1959 4428 ad

385 4469 735 4536 semetipsum
770 4479 1028 4534 tanquam
1065 4477 1356 4532 penetrans
1410 4466 1662 4526 recurrit,
1696 4475 1752 4517 ct
1786 4464 1960 4517 revol-

384 4565 529 4615 vitur
558 4562 610 4614 in
652 4563 962 4628 semetipso.
997 4559 1275 4613 Diversum
1305 4567 1482 4612 autem
1523 4558 1624 4609 scit
1657 4572 1669 4608 :
1710 4571 1848 4608 nunc
1875 4565 1967 4608 aut

386 4656 684 4720 desurguut
736 4653 1018 4716 libidines,
1057 4662 1106 4705 et
1158 4652 1366 4720 Spirant
1423 4651 1891 4718 concupiscentim,
1913 4658 1966 4704 et

385 4745 658 4811 pelluntur
703 4757 898 4802 metus.
931 4756 982 4797 ιιι
1014 4761 1116 4797 ιιοιι
1169 4745 1406 4797 salvatur
1441 4745 1581 4813 quod
1615 4745 1773 4811 sapit.
1813 4744 1966 4796 Inﬁr-

387 4845 564 4896 m'atur
592 4843 734 4894 enim
757 4851 808 4894 et
843 4840 1171 4894 fortissimus
1200 4838 1486 4906 cogitatus.
1511 4834 1644 4889 Cum
1674 4844 1849 4887 autem
1869 4851 1966 4902 pu-

385 4937 564 4990 dicitia
599 4935 762 4989 fuerit
809 4937 1054 5004 ingressa
1085 4943 1177 4987 aut
1199 4935 1458 4995 excitata,
1489 4929 1669 4986 statim
1714 4931 1965 4999 concupi—

385 5031 606 5082 scentiae
635 5039 693 5081 ct
719 5028 992 5090 libidines,
1041 5037 1098 5080 ut
1125 5028 1333 5082 ancilla:
1367 5043 1485 5095 qua:
1507 5037 1639 5080 ante
1675 5027 1963 5079 surrectiu-

385 5138 507 5176 nem
533 5122 764 5176 dominae
797 5124 1147 5175 turbaverant
1175 5121 1415 5178 domum.
1437 5135 1556 5172 mox
1583 5130 1638 5171 ut
1674 5119 1780 5170 visa
1807 5117 1966 5170 fuerit

387 5217 626 5276 domina,
665 5216 768 5268 alia
818 5216 943 5270 alibi
994 5214 1381 5277 absconditur,
1415 5213 1518 5266 alia
1565 5213 1688 5266 alibi
1729 5212 1879 5279 fugit,
1913 5227 1968 5265 et

387 5316 582 5373 negant
603 5309 711 5373 jam
744 5309 1031 5372 motiones,
1060 5320 1115 5364 et
1147 5310 1407 5375 colligunt
1439 5309 1702 5370 luxurias,
1732 5321 1784 5363 et
1809 5324 1963 5363 revo-

386 5409 514 5453 cant
560 5412 770 5462 ventos,
797 5409 850 5454 et
900 5404 1188 5468 quiescunt
1219 5401 1450 5464 ﬂuctus,
1474 5413 1528 5457 et
1571 5400 1800 5458 cﬂicitur
1821 5413 1966 5454 tran-

387 5490 630 5556 quillum.
662 5493 780 5547 Hoc
805 5494 946 5548 enim
977 5505 1061 5550 est
1082 5495 1333 5562 pudicitia
1371 5497 1422 5548 in
1453 5497 1660 5550 anima.
1692 5496 1830 5562 Quid
1864 5496 1969 5549 tale

384 5586 590 5652 praebet
621 5588 984 5655 tranquillitas
1014 5591 1064 5644 iu
1104 5591 1236 5645 mari
1285 5589 1308 5642 ?
1340 5603 1459 5659 qua:
1499 5601 1882 5661 nonnunquam
1911 5597 1970 5643 et

460 5758 571 5834 (ιβ)
608 5765 908 5834 Αιιθιιιιηγὶ.
952 5765 1134 5822 Fnrlc.
1166 5768 1476 5834 angustiari.

479 5825 594 5903 (4⁷6)
635 5825 730 5887 Ms.
767 5849 859 5886 tna'
882 5837 1078 5887 lrntbus
1102 5826 1433 5905 quibusdam.

2071 3194 2125 3238 et
2152 3196 2482 3254 Opportunos
2511 3197 2700 3242 ventos
2731 3197 3112 3258 exspectantes
3139 3188 3409 3247 fraudavit
3435 3203 3492 3248 et
3513 3211 3654 3250 non-

2072 3293 2354 3348 nunquam
2382 3291 2439 3334 et
2465 3282 2550 3334 siti
2601 3282 2872 3337 interemit
2897 3284 3156 3351 graviori,
3181 3297 3368 3354 utpote
3399 3303 3430 3340 τι
3467 3297 3651 3343 tenta-

2074 3373 2312 3428 tioni-bus
2365 3384 2545 3429 moue.
2603 3375 2706 3429 Sed
2765 3391 2869 3430 non
2925 3378 3049 3431 talis
3101 3378 3372 3446 pudicitiae
3416 3381 3654 3434 habetur

2073 3467 2458 3532 tranquillitas,
2487 3468 2580 3522 sed
2603 3484 2720 3536 qua:
2752 3470 3082 3538 compescuit
3115 3479 3322 3535 ventos,
3353 3481 3410 3524 et
3437 3472 3653 3526 confre-

2071 3561 2147 3627 git
2189 3558 2404 3623 fluctus,
2444 3570 2497 3615 et
2550 3562 2735 3614 statim
2783 3561 3010 3614 adduxit
3045 3562 3110 3615 ad
3143 3571 3386 3631 portum,
3415 3572 3472 3617 et
3521 3579 3647 3618 mox

2069 3653 2244 3706 erexit
2271 3669 2336 3706 ex
2383 3650 2635 3721 pudicitia
2690 3653 2918 3708 fructus.
2963 3654 3268 3721 Cogitatum
3303 3655 3518 3725 quippe,
3554 3657 3651 3725 qui

2070 3743 2243 3810 sapiat
2287 3745 2479 3798 anima:
2533 3744 2870 3813 dignitatem,
2929 3747 3279 3800 sanctimonii
3345 3747 3648 3813 bonorum,

2068 3838 2357 3904 puritatem
2391 3837 2863 3895 honestatis..tunc
2885 3837 3030 3891 videt
3064 3837 3253 3892 oculus
3287 3839 3498 3897 animm.
3519 3838 3650 3906 quia

2069 3928 2310 3981 excussit
2339 3927 2406 3980 ab
2436 3941 2501 3980 eo
2548 3927 2806 3995 pudicitia
2856 3925 3125 3994 pulverem
3173 3926 3646 3993 concupiscentia-

2069 4035 2218 4082 rum,
2276 4018 2628 4086 procellarum
2675 4016 2970 4070 libidinem.
3010 4017 3066 4070 Si
3103 4016 3225 4083 quis
3256 4024 3509 4084 expertus
3559 4025 3649 4067 est

2067 4118 2412 4176 tempestates
2434 4107 3285 4175 concupiscentiarum,expertus
3312 4115 3394 4157 est
3414 4113 3470 4157 et
3498 4115 3650 4157 tran-

2066 4202 2288 4268 quillttm
2318 4200 2600 4268 pudicitia:
2633 4215 2647 4262 ;
2694 4213 2760 4252 ex
2809 4198 2892 4251 bis
2935 4212 3052 4265 qua:
3081 4211 3279 4262 passus
3327 4204 3408 4247 est
3433 4233 3449 4255 .
3484 4203 3542 4248 et
3581 4209 3648 4246 ex

2069 4289 2152 4339 bis
2183 4305 2210 4338 ει
2243 4288 2441 4353 quibus
2481 4286 2722 4340 salvatus
2767 4295 2884 4348 est,
2917 4285 3160 4354 agnoscit
3202 4300 3318 4352 qua:
3370 4284 3646 4335 dicuntur.

2069 4380 2346 4450 Cugitatus
2377 4378 2519 4431 enim
2546 4375 3431 4446 concupiscentiarumdormiunt.
3461 4376 3652 4427 motio-

2077 4490 2190 4537 nes,
2227 4471 2438 4535 fluctus,
2469 4470 2850 4532 immissioues,
2899 4469 3118 4522 turbela:
3145 4466 3274 4537 (i7).
3302 4467 3484 4536 Neque
3531 4466 3650 4518 dor-

2076 4567 2367 4618 mientibus
2385 4564 2559 4619 dormi
2571 4579 2626 4616 re
2637 4563 2916 4632 permittit.
2930 4563 3308 4615 Accenduntur
3323 4562 3465 4614 enim
3479 4568 3536 4611 et
3551 4573 3652 4624 per

2076 4658 2419 4720 ambitiones,
2449 4666 2502 4709 et
2525 4656 2766 4724 jacentcs
2791 4656 3128 4724 perturbant.
3151 4665 3203 4704 et
3231 4668 3352 4705 cum
3385 4651 3648 4706 dormien-

2075 4751 2217 4803 tibus
2241 4765 2343 4802 non
2373 4747 2669 4811 dormiunt,
2698 4747 2792 4800 sed
2820 4760 3029 4813 semper
3054 4755 3178 4796 sunt
3211 4744 3483 4810 inquietan
3510 4741 3644 4795 Cum

2075 4852 2254 4896 autem
2289 4840 2548 4909 pudicitia
2587 4837 2750 4891 fuerit
2789 4836 3159 4906 subingressa,
3193 4851 3309 4888 cum
3356 4834 3444 4886 illa
3496 4833 3646 4886 babi-

2075 4937 2270 4991 taverit
2302 4945 2358 4988 ut
2411 4933 2628 4989 domina
2651 4972 2668 4997 ,
2697 4947 2818 4986 cum
2866 4931 3113 4985 detinens
3147 4927 3326 4990 fuerit,
3361 4942 3481 4980 cum
3534 4925 3651 4979 suis

2077 5027 2394 5083 retinaculis
2428 5025 2684 5079 tutaverit
2712 5025 2968 5083 domum;
3005 5031 3134 5076 tunc
3174 5021 3320 5074 sicut
3349 5018 3647 5086 praedoetiti

2073 5121 2224 5191 equi,
2250 5129 2304 5172 et
2329 5119 2394 5171 ad
2423 5117 2687 5187 praisepia
2716 5115 2883 5183 quieti
2916 5124 3060 5177 sunt,
3090 5123 3144 5166 et
3171 5113 3222 5164 in
3256 5109 3538 5164 itineribus
3560 5122 3646 5161 re-

2073 5228 2222 5271 ctum
2257 5220 2561 5283 agnoscunt
2605 5211 2730 5275 iter,
2765 5208 2988 5262 nutibus
3027 5213 3212 5274 utpote
3241 5203 3527 5273 digitorum
3555 5201 3648 5252 ad-

2075 5309 2218 5362 ducti
2256 5325 2271 5358 :
2301 5306 2377 5359 ita
2410 5319 2532 5358 cum
2581 5302 2748 5356 semel
2777 5311 2937 5356 tenax
2971 5297 3133 5354 fuerit
3165 5295 3450 5366 pudicitia,
3473 5304 3527 5348 et
3555 5293 3648 5346 do-

2078 5403 2278 5457 mnerit
2330 5399 2837 5466 concupiscentias,
2889 5405 2944 5448 et
2989 5392 3313 5461 mitigaverit
3365 5388 3645 5445 libidines.

2077 5497 2469 5551 manducamus
2509 5493 2756 5556 honeste,
2775 5500 2832 5542 et
2866 5489 3100 5541 bibimus
3127 5490 3433 5538 meusurate
3459 5497 3474 5533 :
3499 5491 3645 5532 men-

2077 5599 2229 5644 surat
2255 5589 2401 5642 enim
2440 5601 2561 5655 qua:
2596 5585 2748 5641 adest
2779 5581 3058 5651 pudicitia.
3084 5576 3326 5645 Denique
3351 5584 3407 5628 et
3427 5573 3645 5626 honeste

2145 5769 2258 5841 (Π)
2297 5767 2396 5824 MS'
2429 5765 2963 5841 ω”τηρίδῖἒηήανυητ
3011 5765 3279 5823 motion“.
3310 5759 3522 5827 ﬂuctus,
3549 5752 3635 5807 ἱξτιι

2066 5835 2359 5900 missiones,
2394 5841 2640 5890 turbelas.
2675 5835 2869 5903 Neque.
