3956 6512
243 429 386 489 1145

1209 426 1298 485 DE
1342 428 1731 486 SPIRITUALI
1775 430 2127 486 COGITATU
2169 430 2499 490 liOMlNlS-

3349 425 3484 480 1145

235 549 556 606 dormimus.
582 553 636 600 et
661 544 825 600 sobrii
849 544 1172 611 excitamur,
1191 556 1243 600 et
1272 547 1520 600 videmus
1564 547 1799 616 pulcltri-
1837 567 1883 622 Α
1913 549 2057 602 enim
2115 547 2288 602 adhuc
2320 547 2690 602 adolescentes
2724 555 2879 609 sunt,
2929 553 2983 598 et
3035 543 3260 598 necdum
3318 559 3482 608 opera

235 639 480 694 tudinem
504 636 700 703 vultus,
735 649 789 692 et
827 635 1298 706 pulchritudinem,
1333 648 1386 693 et
1416 653 1518 691 non
1549 647 1604 692 nt
1637 637 1807 692 allen-

233 731 466 786 sionem.
503 731 678 785 Aures
711 745 928 800 quoque
961 739 1174 784 nostras
1222 745 1326 784 non
1371 730 1607 798 perforat
1639 730 1809 785 melo-

231 823 342 878 dia.
366 821 482 875 Scit
505 822 648 876 enim
676 823 931 891 pudicitia
954 831 1008 876 et
1037 822 1247 877 solvere
1273 837 1452 878 ceram
1485 822 1537 876 in
1562 824 1805 886 auribus,

232 924 411 980 neque
447 921 642 966 noceat
679 912 948 966 audientia
988 911 1124 983 (48).
1156 909 1347 966 Nostra
1391 913 1534 965 enim
1568 911 1804 964 membra

230 1011 584 1071 operamenta
601 1004 886 1074 «pudicitia
915 1005 1071 1060 ﬁunt.
1108 1003 1310 1058 Oculus
1330 1003 1474 1058 videt
1503 1004 1694 1056 bonam
1731 1003 1810 1056 ia-

229 1097 394 1163 ciem,
418 1106 475 1151 et
505 1111 626 1152 cum
653 1097 945 1151 honestate
967 1107 1082 1150 eam
1119 1097 1382 1150 intuetur.
1412 1095 1527 1149 Non
1561 1103 1809 1149 movetur

229 1190 299 1243 ad
345 1189 871 1259 concupiscentiam,
905 1190 998 1244 sed
1043 1191 1188 1243 videt
1235 1191 1287 1242 in
1335 1189 1470 1243 facie
1510 1188 1810 1257 pulchritu-

228 1277 437 1343 dinem,
471 1263 526 1334 e't
553 1282 756 1351 cogitat
789 1281 965 1349 qualis
1005 1282 1073 1336 sit
1120 1281 1465 1351 pulchritudo
1493 1280 1546 1333 in
1591 1280 1805 1343 anima;

229 1380 286 1426 et
323 1385 444 1441 qua
474 1387 502 1424 a
539 1370 670 1425 loris
700 1379 826 1426 sunt
859 1371 997 1427 bona
1028 1372 1093 1426 ad
1121 1373 1468 1440 semetipsum
1511 1372 1805 1436 adducens,

228 1473 287 1514 ct
335 1477 365 1515 a
403 1461 558 1516 bonis
607 1464 742 1540 bona
778 1464 1051 1533 decerpit,
1101 1472 1155 1516 et
1204 1479 1309 1517 non
1352 1465 1402 1516 in
1450 1463 1605 1516 malis
1643 1461 1808 1516 odeu-

229 1553 329 1606 dit.
356 1547 522 1607 Sicut
549 1568 772 1623 corpora
813 1554 1098 1608 incolumia
1135 1553 1202 1608 ab
1229 1553 1476 1607 omnibus
1523 1552 1804 1605 utilitatem

223 1644 526 1712 accipiunt,
554 1655 606 1698 et
632 1662 660 1697 a
694 1655 864 1705 itiotu.
897 1654 951 1698 et
1000 1646 1067 1698 ab
1112 1646 1461 1709 exercitio,et
1485 1660 1512 1698 a
1537 1659 1718 1706 cursu,
1752 1649 1806 1698 et

225 1734 299 1786 ob
334 1735 608 1796 unctione,
635 1744 694 1790 “et
740 1751 767 1788 a
799 1749 986 1788 somno
1009 1776 1022 1797 ,
1059 1745 1113 1787 et
1136 1737 1202 1789 ab
1230 1750 1384 1799 'esca,
1416 1746 1469 1789 et
1494 1750 1522 1787 a
1550 1745 1676 1804 potu
1697 1751 1710 1786 :
1733 1734 1802 1787 ita

223 1835 475 1889 econtra,
501 1839 621 1895 qua
666 1837 927 1896 aegrotant
957 1828 1024 1880 ab
1061 1829 1314 1881 omnibus
1364 1839 1645 1881 uocentur.
1679 1828 1800 1881 ‘Vini

1915 638 2037 694 belli
2063 639 2385 703 didicerunt,
2401 653 2496 690 nec
2516 639 2580 691 ad
2604 638 2782 708 pralia
2802 646 3081 697 vocantur,
3098 649 3482 702 nonnunquam

1912 731 2182 801 pudicitia
2215 728 2317 784 sibi
2347 729 2648 797 imposuere
2685 743 2938 782 coronas:
2964 725 3058 779 sed
3085 736 3139 780 et
3165 725 3234 778 ob
3258 723 3484 777 inllrmi-

1913 831 2075 876 tatem
2115 820 2359 890 plurimis
2387 820 2566 888 quiete
2602 820 2819 874 donatis
2839 818 3095 888 pudicitia
3130 816 3305 870 adhuc
3338 813 3484 868 utilis

1913 917 2202 971 invenitur.
2225 912 2358 967 Nam
2387 914 2486 967 etsi
2520 913 2668 966 senio
2703 914 3043 981 deponuntur
3080 908 3351 970 libidines,
3388 908 3482 961 sed

1911 1010 2090 1063 adimo
2145 1022 2320 1075 usque
2353 1007 2624 1060 motiones
2674 1003 3270 1072 concupicentiarutn,
3308 1000 3486 1053 intus-

1913 1116 2017 1170 que
2043 1110 2096 1154 et
2128 1099 2514 1154 fornicationes
2554 1107 2818 1164 aegrotant
2842 1104 2899 1149 et
2927 1090 3330 1164 occidunt(Sl),
3365 1108 3484 1160 qua

1913 1192 2196 1247 libidinem
2231 1191 2510 1244 continere
2556 1205 2660 1241 non
2703 1195 2961 1256 possunt,
3005 1195 3059 1239 et
3111 1195 3290 1252 patres
3319 1183 3484 1236 deho-

1910 1293 2128 1338 nestant
2151 1325 2166 1349 ,
2195 1297 2315 1350 qua
2349 1280 2676 1334 monitiones
2697 1279 2965 1348 pudicitia
2994 1292 3096 1331 non
3133 1277 3361 1330 libenter
3395 1289 3485 1326 ac-

1910 1375 2134 1443 cipiunt.
2176 1372 2234 1427 Si
2263 1373 2407 1426 enim
2440 1371 2653 1423 adesset
2681 1369 2940 1438 pudicitia
2963 1408 2977 1430 ,
3015 1380 3186 1434 neque
3216 1366 3485 1417 iuraretur

1908 1466 2029 1535 quis
2055 1508 2068 1531 ,
2097 1478 2276 1532 neque
2299 1461 2569 1517 occideret
2611 1461 2805 1531 aliquis
2827 1499 2842 1524 ,
2875 1466 3083 1512 amaret
3114 1467 3290 1510 autem
3313 1466 3367 1508 et
3387 1469 3484 1523 pa-

1910 1557 2011 1609 tris
2039 1554 2236 1608 tuonita
2266 1552 2424 1606 lilius.
2462 1551 2650 1604 Divina
2691 1548 2961 1618 possessio
2991 1547 3091 1601 ista
3113 1587 3128 1608 ,
3156 1545 3248 1599 sed
3275 1541 3487 1596 diliieile

1906 1648 2206 1702 invenitur.
2242 1645 2344 1712 Qui
2382 1653 2561 1697 autem
2589 1640 2699 1709 jam
2743 1640 2944 1695 habent
2990 1637 3164 1699 illam,
3198 1650 3316 1706 qua
3366 1643 3489 1704 post

1910 1739 2357 1793 resurrectionem
2392 1735 2570 1789 futura
2617 1743 2698 1787 est
2734 1730 3116 1786 conversatio?
3163 1725 3311 1782 Dicit
3343 1727 3487 1782 enim

1913 1834 2078 1900 ipsius
2113 1831 2260 1900 regni
2299 1831 2557 1884 Dominus
2593 1839 2646 1881 et
2683 1835 3038 1895 apportator:
3078 1824 3382 1892 Quicunque
3409 1837 3490 1873 re-

227 1917 374 1969 enim
405 1916 568 1968 etiam
615 1917 835 1970 odorem
869 1925 1133 1970 excusant
1163 1927 1217 1971 et
1261 1917 1512 1981 unguenti
1538 1917 1800 1981 nidorem,
1835 1920 1877 1972 Β
1911 1927 2253 1980 δαγγεειὶοηὶε
2295 1931 2618 1975 mortuorum
2661 1920 2803 1989 digni
2830 1919 3063 1989 fuerint,
3101 1932 3208 1968 non
3249 1915 3487 1976 nubunt.

227 2017 282 2060 et
326 2008 540 2063 itineris
589 2017 817 2070 motum,
849 2016 902 2062 et
947 2022 1152 2071 escam,
1182 2015 1236 2062 et
1269 2007 1577 2077 iridgorem,
1601 2016 1653 2061 et
1674 2005 1811 2061 calo-

223 2099 589 2154 rem.'0mnia
618 2099 762 2154 enim
802 2097 888 2154 eis
926 2108 1122 2154 nocent
1181 2099 1272 2168 qui
1328 2099 1467 2153 male
1487 2113 1552 2152 se
1588 2097 1806 2152 habent.

222 2192 421 2249 Omnia
451 2192 968 2261 autemprosunthis
981 2192 1072 2261 qui
1104 2191 1157 2246 in
1168 2192 1404 2246 colutnes
1423 2192 1712 2246 habentur.
1734 2190 1809 2245 lta

224 2298 282 2340 et
323 2283 668 2340 libidinosum
701 2286 884 2340 omnia
923 2295 1143 2340 movent
1179 2284 1245 2340 ad
1272 2299 1494 2348 noxam,
1530 2293 1584 2340 et
1612 2284 1808 2351 vultus,

227 2390 282 2433 et
313 2378 678 2447 pulchritudo,
712 2388 768 2432 et
815 2379 1141 2446 compositio
1196 2378 1463 2442 melodia,
1501 2387 1556 2431 et
1578 2378 1808 2432 vestium

227 2474 486 2538 varietas,
515 2481 569 2527 et
608 2469 789 2526 honor
814 2472 1054 2539 quidam,
1076 2479 1131 2525 et
1170 2469 1308 2525 bona
1343 2483 1506 2540 opera
1549 2469 1615 2524 ad
1671 2468 1810 2524 mala

231 2564 630 2620 tranSl'eruntur
651 2564 722 2619 ei.
744 2563 845 2629 Qui
881 2572 1059 2618 autem
1095 2563 1305 2618 sobrius
1331 2571 1433 2626 est,
1458 2578 1519 2617 ex
1551 2563 1806 2628 adverso;

228 2657 355 2728 quia
387 2667 441 2712 et
493 2657 763 2711 contraria
805 2656 880 2709 illi
913 2667 1058 2719 sunt,
1085 2669 1115 2707 a
1151 2657 1319 2710 ‘boni‘s
1359 2657 1501 2709 enim
1550 2657 1685 2711 bona
1719 2656 1812 2709 de-

229 2761 478 2820 cerpens,
504 2749 736 2804 dives-iu
753 2748 915 2802 'honis
944 2758 1044 2803 cst.
1068 2747 1154 2802 'lta
1184 2763 1312 2818 ergo
1339 2749 1573 2818 pretiosa
1599 2756 1684 2802 est
1713 2763 1810 2816 pu-

232 2842 440 2906 dicitia,
464 2841 755 2911 quia,’dum
788 2841 959 2905 adest,
988 2842 1283 2912 etjustitia
1310 2850 1578 2912 praparat
1605 2840 1806 2906 locum,

231 2933 326 2988 da‘t
354 2932 516 2989 etiam
533 2935 762 3002 spatiqu
793 2944 846 2986 et
872 2935 1056 2988 virtuti
1079 2953 1091 2988 :
1115 2933 1448 2988 intellectum
1466 2944 1644 2987 autem
1670 2932 1807 3004 (49),

231 3034 292 3077 ut
341 3026 725 3094 interpretetur
749 3041 966 3093 nomen,
1003 3027 1194 3081 salvat.
1221 3025 1362 3097 Ergo
1387 3027 1731 3097 amplectitur
1758 3037 1812 3083 et

230 3119 532 3172 circumdat
561 3120 840 3184 virtutem,
860 3131 914 3174 et
940 3122 1083 3175 sicut
1114 3129 1284 3174 mater
1320 3123 1563 3191 quadam
1595 3122 1811 3192 pietatis

231 3211 464 3265 edicitur
520 3212 800 3267 fratribus.
843 3209 992 3266 Bona
1033 3214 1249 3282 quidem
1297 3223 1380 3269 est
1419 3213 1632 3270 virtutis
1662 3213 1879 3313 l‘orti-C

234 3303 381 3368 tudo,
418 3304 510 3357 sed
551 3320 657 3358 non
693 3319 904 3374 semper
933 3320 1051 3359 eam
1097 3307 1458 3374 necessariam
1504 3307 1806 3370 habemus;

223 3387 374 3450 'l'orte
397 3403 576 3449 autem
615 3395 823 3449 audebo
844 3407 899 3450 et
925 3397 1104 3451 dicere
1134 3415 1147 3450 :
1177 3397 1392 3453 Utinam
1420 3414 1524 3451 non
1563 3401 1810 3460 eam,scd

231 3501 390 3556 opus.
421 3486 476 3540 Si
513 3487 635 3556 quis
671 3488 814 3540 enim
845 3503 964 3541 eam
998 3490 1289 3558 acceperit,
1323 3499 1530 3543 tantum
1576 3489 1811 3545 inbellis

229 3585 316 3630 est
345 3575 510 3628 utilis.
543 3573 597 3628 Si
625 3585 801 3628 autem
828 3585 882 3629 et
918 3577 969 3628 in
1003 3591 1134 3643 pace
1158 3579 1463 3631 necessaria
1497 3588 1581 3632 est
1618 3579 1810 3644 virtus,

231 3667 373 3721 forte
395 3676 450 3719 ut
473 3665 740 3722 coeﬂiciat
771 3666 1043 3736 pudicitia
1069 3684 1081 3719 :
1110 3665 1247 3722 forte
1275 3669 1416 3722 enim
1444 3685 1564 3722 cum
1589 3669 1812 3737 jurgan-

225 3770 322 3816 tur
376 3762 847 3831 concupiscentia,
885 3770 938 3814 et
989 3761 1200 3816 illarum
1251 3761 1446 3818 ﬂuctus
1496 3765 1809 3832 eriguntur,

230 3863 370 3920 opus
392 3864 474 3907 est
511 3865 568 3907 ut
593 3854 823 3907 viriliter
855 3855 1075 3910 resistat
1110 3854 1389 3922 pudicitia.
1429 3855 1485 3909 Si
1517 3855 1682 3924 igitur
1713 3858 1810 3909 ad.

229 3945 454 3998 veniens
495 3946 615 4000 istic
642 3945 880 4011 juverit,
917 3958 1043 4000 tunc
1086 3947 1190 3999 erit
1225 3947 1456 4014 pretiosa
1483 3957 1540 3999 et
1582 3946 1634 4000 in
1684 3962 1814 4016 pace

234 4035 426 4089 virtus.
460 4033 572 4089 Non
615 4038 810 4106 quippe
835 4038 1178 4105 semelipsam
1205 4037 1504 4102 vindicans,
1538 4038 1631 4091 sed
1657 4038 1812 4108 pudi-

234 4127 378 4181 citia
414 4129 758 4196 coadjuvans.
795 4130 850 4184 Si
886 4141 1064 4182 autem
1097 4129 1224 4183 etin
1258 4129 1396 4183 bello
1442 4129 1612 4183 virtus
1647 4145 1815 4198 pona-

229 4232 342 4284 tur,
377 4221 715 4272 medietatem
754 4222 964 4288 gcueris
1016 4222 1262 4289 despicit.
1295 4219 1548 4274 Mulieres
1580 4222 1721 4275 enim
1748 4222 1813 4276 ad

231 4311 583 4383 praliaudum
635 4327 907 4366 armatnus
965 4313 1076 4384 (30)
1107 4330 1120 4377 ;
1157 4313 1412 4381 pudicitia
1468 4324 1646 4367 autem
1675 4323 1727 4368 et
1760 4315 1811 4366 in

230 4404 367 4456 viris
413 4407 645 4471 pretiosa
673 4414 774 4469 est,
803 4404 985 4456 utilior
1011 4415 1188 4456 autem
1231 4414 1286 4458 et
1318 4405 1654 4459 mulieribus.
1705 4406 1816 4459 Cur

230 4504 416 4550 autem
457 4512 559 4548 non
590 4497 819 4559 dicatur,
861 4497 1000 4564 quod
1029 4512 1213 4551 verum
1239 4505 1341 4562 est,
1365 4498 1489 4565 quia
1525 4507 1578 4551 et
1603 4498 1814 4554 virtutis

1913 2033 2073 2087 neque
2110 2018 2396 2081 nubentur,
2427 2016 2593 2068 sed'u't
2628 2012 2801 2083 angeli
2836 2020 2986 2066 erunt
3019 2008 3113 2062 Dei
3140 2007 3208 2072 “,
3235 2006 3360 2076 quia
3387 2018 3490 2060 nec

1914 2111 2053 2165 tnori
2079 2110 2189 2180 jam
2215 2117 2462 2178 possunt.
2492 2107 2536 2163 0
2566 2106 2944 2162 immortalitas
2976 2098 3484 2175 pudicitiajunctal

1911 2201 2016 2268 Qui
2048 2202 2100 2255 in
2135 2202 2286 2256 bellis
2321 2200 2544 2253 vincunt
2565 2214 2668 2252 non
2703 2197 3008 2252 efﬁciuntur
3045 2207 3102 2249 ut
3143 2193 3359 2264 angeli,
3393 2191 3487 2246 sed

1911 2292 2002 2361 qui
2034 2305 2206 2358 neque
2235 2290 2442 2344 nubunt
2485 2303 2660 2356 neque
2680 2287 2972 2342 nubentur.
2992 2286 3102 2339 Hoc
3123 2284 3383 2355 judicium
3406 2289 3492 2335 est

1923 2380 2039 2448 ejus
2067 2382 2157 2450 qui
2213 2381 2340 2435 fecit
2395 2390 2664 2435 naturam.
2701 2377 2842 2432 Nam
2885 2387 2938 2432 et
2966 2377 3092 2432 alibi
3127 2377 3190 2430 ad
3239 2383 3488 2429 ornatum

1910 2470 2083 2540 ipsius
2109 2470 2392 2539 pudicitia
2419 2468 2631 2524 locutus
2655 2479 2738 2524 est
2766 2469 3030 2523 Dominus
3061 2483 3076 2520 :
3117 2465 3236 2520 Non
3273 2481 3450 2519 omnes
3470 2503 3488 2529 ,

1916 2561 2128 2630 inquit,
2165 2571 2284 2614 sunt
2313 2561 2496 2630 digni,
2533 2563 2627 2613 sed
2676 2559 2866 2630 quibus
2916 2564 3098 2610 datum
3133 2565 3205 2618 est
3229 2557 3304 2612 θ’.
3339 2555 3488 2622 Quod

1910 2653 2060 2709 enim
2096 2655 2255 2706 homo
2275 2667 2338 2707 ex
2368 2660 2561 2706 natura
2589 2666 2693 2704 non
2725 2650 2912 2704 habult
2937 2692 2950 2716 ,
2986 2649 3093 2704 ‘hoc
3139 2649 3211 2701 sit
3263 2647 3491 2713 desuper

1913 2747 2116 2801 donum
2157 2763 2171 2800 :
2204 2745 2298 2800 sed
2333 2744 2462 2798 mihi
2495 2743 2710 2813 quidem
2735 2741 3000 2812 pudicitia
3033 2741 3142 2794 ista
3183 2753 3335 2794 suam
3373 2736 3491 2805 pul-

1909 2838 2275 2895 chritudinem
2304 2836 2581 2902 ostendat,
2643 2843 2696 2890 et
2745 2834 2952 2889 sensim
2981 2833 3278 2894 'traltat,et
3327 2826 3492 2880 relin-

1913 2945 2110 3006 quatur
2143 2947 2250 2989 non
2272 2933 2494 2997 cedens,
2529 2945 2704 3000 neque
2728 2929 2929 3000 repleta
2958 2936 3012 2982 et
3041 2935 3192 2995 capta
3227 2922 3355 2978 :sed
3385 2920 3492 2976 sic—

1911 3042 1971 3088 ut
2026 3033 2142 3086 avis
2207 3030 2451 3100 quadam
2512 3027 2806 3088 adornata,
2863 3032 3244 3087 nonnunquam
3294 3013 3491 3067 ludere

1913 3123 2235 3178 desiderans
2264 3121 2465 3174 sensim
2515 3117 2759 3180 recedit,
2787 3125 2841 3170 et
2888 3114 2940 3168 in
2985 3124 3050 3168 eo
3076 3111 3202 3167 dum
3237 3107 3449 3161 videtur
3469 3143 3487 3168 ,

1911 3224 2093 3270 movet
2118 3213 2486 3276 desiderium;
2517 3211 2716 3265 sensim
2750 3219 2929 3263 autem
2963 3207 3098 3262 dum
3141 3197 3490 3264 movetur,“-

1915 3309 2031 3364 licit
2075 3318 2132 3362 ut
2165 3322 2282 3361 eam
2315 3306 2436 3375 quis
2477 3304 2831 3370 insequatur;
2889 3314 2994 3354 non
3035 3296 3246 3367 capitur
3273 3301 3489 3356 autem,

1913 3401 2037 3472 quia
2074 3399 2240 3467 ipsius
2265 3406 2348 3452 est
2379 3406 2438 3449 ut
2464 3389 3003 3464 eﬂugiat:protendit
3031 3399 3210 3444 autem
3249 3397 3494 3449 cursum,

1913 3504 1968 3549 et
2001 3508 2123 3546 cum
2152 3493 2273 3560 quis
2305 3489 2538 3544 maxime
2571 3485 2840 3557 putaverit
2883 3497 2941 3538 se
2985 3477 3490 3551 comprehendisse.

1915 3593 2094 3638 movet
2127 3597 2356 3648 pennam
2385 3589 2438 3633 et
2466 3578 2611 3633 volat
2639 3597 2649 3631 :
2681 3578 2751 3630 ita
2781 3583 2834 3630 et
2859 3573 3118 3646 pudicitia
3142 3585 3293 3626 suam
3316 3566 3494 3620 varie-

1920 3686 2082 3730 tatem
2117 3675 2170 3729 in
2200 3677 2479 3729 honestate
2501 3671 2817 3742 proferens,
2849 3668 3050 3723 sensim
3083 3672 3264 3718 autem
3294 3677 3353 3716 se
3386 3674 3495 3714 mo—

1916 3785 2044 3824 vens
2070 3777 2122 3824 et
2171 3781 2554 3830 commovens,
2602 3763 2653 3816 in
2688 3771 2890 3815 tantum
2927 3773 3015 3813 me
3051 3757 3214 3810 traxit
3244 3763 3302 3808 ut
3351 3752 3495 3807 inso-

1917 3875 2112 3931 querer
2147 3874 2160 3912 :
2196 3875 2316 3913 cum
2342 3867 2520 3911 autem
2548 3853 2660 3922 jam
2697 3861 2941 3922 putarem
2973 3864 3058 3903 me
3084 3860 3244 3916 posse
3275 3855 3495 3897 manum

1916 3950 2206 4005 extendere
2231 3962 2459 4015 eamque
2500 3942 2957 4012 cmnprchendere
2981 3981 2998 4006 ,
3024 3951 3242 3991 movens
3291 3945 3496 4002 pennas

1917 4042 2166 4109 superius
2197 4055 2255 4092 se
2283 4038 2422 4092 calo
2457 4033 2765 4100 conjuugit,
2803 4032 2870 4086 ad
2895 4027 3113 4100 angelos
3146 4025 3376 4088 scilicet,
3404 4023 3492 4076 ubi

1918 4136 2031 4199 ejus
2067 4140 2252 4183 natura
2287 4139 2369 4183 est
2393 4137 2450 4180 ut
2481 4134 2718 4180 maneat.
2742 4125 2804 4177 Et
2832 4123 2944 4192 ipsa
2972 4119 3185 4188 quidem
3219 4132 3321 4170 non
3346 4129 3496 4168 com-

1920 4220 2444 4293 prehensamausit,
2482 4234 2566 4272 tne
2605 4229 2783 4270 autem
2835 4213 3053 4282 reliquit
3103 4216 3406 4276 stupentem
3441 4216 3498 4259 ct

1917 4316 2316 4370 desiderantem
2346 4309 2916 4382 comprehensionem,
2957 4317 3116 4373 quam
3167 4310 3498 4370 persequens

1921 4427 2026 4463 non
2064 4404 2420 4476 apprehendi.
2450 4403 2621 4458 Etiam
2667 4402 2886 4471 quidem
2937 4396 3251 4463 colligamus
3289 4404 3497 4452 sermo-

1921 4520 2076 4569 ncm;
2109 4512 2162 4556 et
2185 4500 2308 4569 quia
2340 4496 2594 4567 pudicitia
2623 4494 2787 4547 multa
2820 4503 3083 4560 superans
3110 4495 3163 4540 et
3188 4495 3497 4542 sermonem

230 4589 405 4656 ipsius
441 4587 648 4641 fructus
674 4597 728 4641 et
767 4587 818 4641 in
847 4588 1001 4642 bellis
1030 4589 1098 4642 ob
1136 4590 1446 4656 pudicitiam
1481 4592 1818 4645 necessarius
1849 4593 1894 4646 D
1926 4599 2104 4664 ipsum
2131 4595 2220 4657 qui
2254 4592 2322 4646 de
2349 4591 2536 4646 eadem
2578 4599 2658 4642 est
2685 4580 3166 4652 ininterpretabilis
3187 4618 3202 4641 ,
3239 4575 3494 4639 recessit,

226 4677 357 4731 est?
381 4671 514 4730 ideo
541 4678 683 4730 enim
713 4678 1034 4747 suscipimus
1064 4680 1270 4747 praelia,
1291 4691 1349 4733 ut
1381 4697 1483 4734 non
1522 4682 1814 4735 adversarii

227 4777 580 4836 Silp'Cl‘nlllCS,
616 4770 871 4824 ntulieres
923 4780 1079 4824 extra
1135 4770 1306 4841 legem
1372 4773 1649 4841 pudicitia
1694 4788 1816 4828 cor-

230 4869 511 4928 rumpant.
542 4858 608 4912 Si
639 4860 780 4912 enim
821 4859 1021 4915 ob'hoc
1046 4877 1368 4930 pugnamus,
1395 4872 1448 4914 et
1487 4879 1679 4931 pugna
1720 4872 1820 4916 ter-

232 4965 387 5006 rores
422 4953 764 5018 suscipimus,
814 4953 983 5007 virtus
1019 4954 1085 5006 ob
1141 4953 1455 5022 pudicitiam
1483 4963 1538 5008 et
1569 4956 1620 5007 in
1662 4955 1818 5009 bellis

232 5051 494 5098 certatur.
526 5043 677 5097 Sicut
704 5044 847 5096 enim
899 5044 1156 5114 naupegia
1194 5060 1285 5096 ars
1315 5045 1680 5112 gubernatrici
1717 5047 1816 5099 mi-

233 5139 456 5193 nistrat.
490 5137 559 5189 ita
588 5147 641 5188 et
673 5139 844 5190 virtus
871 5137 1143 5204 pudicitia
1169 5148 1429 5205 praeparat
1455 5139 1816 5208 tranquillita-

233 5237 369 5280 tem.
397 5223 588 5280 ‘DiviSa
633 5239 716 5281 est
749 5228 914 5297 igitur
959 5230 1131 5282 virtus
1156 5245 1221 5282 cx
1262 5238 1412 5299 parte
1453 5232 1684 5282 maxima
1721 5245 1815 5301 ge-

234 5317 354 5370 neri
375 5327 576 5371 nostro
601 5320 724 5371 :‘sed
753 5314 851 5372 nec
880 5321 1009 5375 viris
1059 5323 1312 5376 omnibus
1346 5321 1492 5375 utilis
1524 5323 1811 5375 invenitur.

237 5409 506 5462 l‘ravenit
543 5413 693 5464 ‘enim
739 5429 857 5466 eam
905 5425 959 5468 et
1013 5417 1346 5485 temporibus
1399 5416 1679 5484 pudicitia.
1712 5416 1811 5482 Qui

1928 4691 2238 4744 universam
2291 4687 2582 4739 humanam
2638 4676 3021 4734 trauscendens
3064 4679 3308 4727 naturam
3336 4684 3353 4721 :
3381 4681 3498 4721 ser—

1927 4797 2013 4835 mo
2041 4789 2222 4832 autem
2259 4776 2536 4831 inveniens
2565 4787 2684 4843 qua
2717 4772 2854 4826 Deus
2888 4765 3195 4823 hominibus
3236 4759 3452 4816 donavit
3476 4795 3495 4823 ,

1923 4885 1977 4927 et
2006 4872 2109 4927 hoc
2141 4868 2482 4931 mortalibus,
2503 4882 2599 4936 per
2622 4880 2742 4934 qua
2782 4859 3238 4918 immortalitatem
3269 4854 3347 4908 eis
3365 4867 3499 4921 .pro—

1923 4964 2166 5027 curavit,
2211 4963 2274 5015 ad
2309 4959 2606 5030 gratiarum
2645 4957 2915 5010 actionem
2947 4953 3143 5005 iterum
3180 4961 3236 5001 se
3263 4956 3495 4998 conver-

1924 5064 2033 5119 tat,
2062 5062 2116 5107 et
2139 5055 2205 5107 de
2239 5061 2428 5105 sancto
2452 5059 2503 5103 et
2527 5046 2899 5117 sanctiﬁcante
2916 5083 2930 5107 ,
2953 5057 3050 5110 per
3069 5053 3226 5106 quem
3251 5044 3496 5089 sanctum

1926 5140 2025 5193 hoc
2061 5141 2264 5192 donum
2292 5137 2600 5192 hominibus
2637 5135 2824 5196 misit,
2869 5146 2962 5199 per
2995 5127 3326 5197 unigenitum
3352 5121 3497 5175 scili-

1926 5239 2008 5283 cet
2033 5246 2188 5283 suutn
2217 5226 2432 5291 Filium,
2467 5225 2806 5295 sitei-gluria
2842 5233 2896 5276 et
2941 5222 3144 5282 honor,
3179 5214 3497 5285 imperium,

1928 5324 2181 5390 Inajestas
2216 5340 2336 5378 cum
2371 5323 2792 5391 Spiritusancto
2825 5326 2878 5371 et
2909 5333 3048 5369 nunc
3079 5323 3133 5369 et
3169 5324 3415 5380 semper,
3445 5315 3502 5360 et

1923 5435 2015 5486 per
2039 5419 2216 5471 omnia
2249 5417 2440 5468 sacula
2473 5413 2818 5468 saculorum.
2847 5410 3040 5464 Arnen.

297 5567 357 5598 ’⁸⁸
381 5567 577 5623 Matth.
612 5585 731 5622 manu
757 5609 770 5630 ,
797 5568 892 5623 ‘50.
923 5568 1083 5624 Mare.
1122 5571 1349 5633 311,25.
1383 5569 1512 5625 an.
1546 5587 1610 5623 xv
1678 5569 1773 5624 '55.
1801 5575 1809 5586 '

1917 5573 2091 5625 “allii.
2125 5587 2236 5633 Nix,
2271 5571 2369 5623 ‘l'l.

316 5731 431 5798 (48)
471 5733 566 5786 Ms.
604 5735 846 5798 auribus,
879 5750 939 5786 ne
965 5745 1146 5787 noceat
1178 5735 1464 5788 audientia.

314 5802 427 5858 (49$
467 5801 982 5874 Intellectumtrtttem
1019 5808 1224 5857 «uitiator
1245 5803 1591 5874 Etymningict’
1628 5805 1822 5874 'ttagut,

244 5873 578 5943 Σωςροσύνη
607 5875 752 5946 παρὰ
783 5873 842 5926 τὸ
861 5873 1068 5938 ’σώζειν
1099 5875 1156 5927 τὸ
1197 5873 1432 5944 ςροιὶεῐν.

2003 5736 2118 5804 (50)
2164 5735 2240 5785 Ad
2296 5726 2815 5804 prrrlianrdumuﬂs.
2860 5728 2925 5777 ad
2982 5723 3161 5787 prtch‘a
3207 5735 3495 5777 annoums.

1922 5800 2096 5858 lForte
2131 5805 2431 5867 legendum.
2462 5803 2528 5852 ad
2553 5800 2736 5866 pra‘liu
2771 5814 2869 5848 non
2901 5811 3188 5867 armemus.

2009 5875 2122 5946 (δι)
2153 5865 2249 5931 .‘ils.
2290 5865 2662 5938 fornicationes
2687 5877 2897 5933 eroguut
2931 5876 2976 5918 ct
3011 5865 3278 5918 ocridunt.
