3956 6512
478 458 617 529 “4‘7

1113 468 1378 523 EUSEBII
1419 469 1898 525 CASSARIENSIS
1935 460 2084 527 O'PP.
2127 470 2308 526 PARS
2346 465 2438 524 IV.
2478 499 2545 508 —
2584 465 3001 522 DOGMATICA.

3582 461 3726 518 H58

1436 784 2001 899 EUSEBII
2082 783 2761 896 PAMPHILI

698 1026 847 1114 DE
898 1023 1051 1118 ΕΟ
1105 1022 1441 1132 QUOD
1497 1024 1801 1114 DEUS
1856 1022 2247 1142 PATER
2302 1018 3183 1114 INCORPOBALIS
3233 1020 3498 1130 EST,

1765 1216 1999 1276 LIBER
2042 1214 2430 1288 QUARTUS.

545 1516 625 1569 Ad
677 1515 849 1583 ipsum
900 1514 1065 1568 Deum
1115 1525 1359 1569 nostrum
1413 1514 1685 1582 erigamus
1714 1516 2006 1586 cogitatmn
2033 1554 2048 1579 ,
2077 1518 2125 1576 Α
2154 1514 2273 1569 dem
2303 1522 2357 1568 et
2387 1513 2592 1582 lapides
2628 1512 2729 1567 hoc
2761 1510 2931 1578 ipsum
2969 1518 3026 1563 ut
3048 1514 3239 1565 essent
3288 1510 3490 1564 habent
3517 1527 3532 1563 :
3562 1506 3732 1565 arbo-

467 1607 582 1675 jatu
634 1623 740 1662 non
786 1608 1143 1663 concedentes
1191 1608 1445 1677 cogitatui
1504 1606 1690 1676 fugere
1725 1619 1781 1663 et
1836 1609 2045 1662 vitare:

474 1698 743 1766 parcimus
775 1699 917 1754 enim
953 1699 1162 1754 timenti
1189 1718 1205 1755 :
1244 1715 1497 1769 urgemus
1527 1709 1705 1754 autem
1746 1717 1849 1754 non
1876 1716 2047 1770 quan-

478 1800 564 1845 tus
588 1800 667 1845 est
696 1791 834 1844 Deus
860 1806 981 1845 eum
1015 1807 1290 1861 qua-rere,
1315 1792 1408 1847 sed
1438 1803 1695 1861 quantum
1727 1792 1826 1860 ipsi
1850 1792 2052 1860 cogita-

475 1886 549 1936 tui
588 1884 842 1951 possibile
890 1894 974 1940 est
1009 1887 1297 1941 aestimare.
1343 1885 1536 1940 Multas
1577 1887 1720 1940 enim
1776 1886 2051 1940 adinvenit

473 1976 573 2030 sibi
605 1974 957 2046 confugiones
978 2019 994 2044 ,
1024 1986 1079 2033 et
1108 1978 1394 2034 dilationes
1418 2019 1433 2045 ,
1461 1988 1514 2033 et
1539 1978 1921 2044 circuitiones,
1950 1980 2047 2033 bo-

473 2083 599 2121 num
637 2077 821 2136 utpote
856 2071 1243 2140 pertimescens
1279 2072 1552 2127 timorem.
1598 2072 1702 2126 Sed
1740 2071 1879 2125 sicut
1912 2086 2049 2139 equo

472 2174 857 2230 nonnunquam
882 2163 1101 2229 territo,
1124 2174 1178 2218 et
1205 2164 1419 2219 nolente
1453 2176 1655 2218 rectum
1701 2165 1801 2219 iter
1835 2174 2046 2234 petere,

472 2263 527 2307 ct
564 2252 713 2308 freno
741 2256 846 2308 vim
873 2255 1101 2313 facimus
1126 2299 1142 2324 ,
1168 2268 1223 2314 et
1250 2260 1517 2315 calcaneis
1549 2270 1842 2330 pungentes
1872 2260 2049 2314 corri-

473 2346 682 2413 gimus,
712 2357 767 2401 et
802 2349 1073 2405 refrenare
1127 2358 1400 2406 tentamus
1446 2353 1513 2406 ab
1562 2353 1645 2406 his
1673 2367 1791 2415 niue
1840 2352 1886 2404 ei
1942 2366 2045 2404 non

474 2440 833 2493 concedimus
865 2458 878 2494 :
913 2441 986 2494 ita
1030 2449 1085 2496 et
1122 2458 1265 2499 nunc
1299 2443 1556 2497 extollere
1586 2443 1651 2496 ad
1699 2443 1862 2496 Deum
1899 2442 2046 2511 cogi-

477 2537 646 2580 talum
676 2528 971 2593 debemus,
1001 2544 1306 2600 quaerentes
1337 2535 1426 2588 illa
1464 2549 1583 2603 qua?
1605 2543 1658 2587 et
1682 2532 1961 2603 Scriptura
1983 2534 2049 2587 de

476 2616 588 2671 Deo
626 2619 793 2686 quaari
819 2621 1085 2689 permittit
1115 2641 1127 2676 :
1158 2625 1281 2693 quia
1336 2639 1511 2694 neque
1558 2624 1611 2678 in
1668 2624 1827 2678 domo
1871 2624 2043 2684 Deus.

476 2722 653 2777 neque
681 2710 734 2763 in
786 2712 1110 2780 simulacro;
1138 2729 1241 2769 non
1276 2715 1328 2769 in
1364 2724 1547 2769 monte
1584 2724 1675 2769 aut
1721 2724 1900 2779 terra;
1938 2730 2045 2769 non

477 2799 532 2853 in
566 2816 694 2856 aere
722 2802 857 2872 (52),
892 2819 989 2859 nec
1015 2805 1066 2859 in
1099 2807 1216 2876 ipso
1238 2817 1350 2863 toto
1382 2809 1556 2870 creto;
1597 2825 1771 2878 neque
1805 2811 2047 2866 reclusus

475 2900 555 2945 est
580 2932 596 2957 ,
625 2907 799 2962 neque
826 2896 1127 2963 retinetur,
1159 2914 1331 2968 neque
1365 2900 1612 2955 conﬁxus
1654 2912 1738 2956 est
1766 2916 1781 2955 :
1812 2905 1904 2957 sed
1928 2921 2047 2957 om-

473 2983 562 3038 nia
595 2988 809 3054 quidem
835 2988 1245 3056 incorporaliter
1270 2992 1505 3063 complet
1529 3033 1545 3057 ,
1572 2984 1639 3049 ab
1664 2996 1916 3050 omnibus
1948 3011 2049 3050 au-

478 3082 584 3127 tem
609 3076 1046 3133 inenarrabiliter
1070 3090 1154 3134 est
1177 3091 1479 3151 separatus.
1517 3083 1626 3139 Nos
1649 3095 1829 3140 autem
1864 3096 1918 3140 et
1942 3087 2049 3144 late

477 3165 766 3222 irridemus
791 3184 924 3233 eos,
965 3171 1052 3239 qui
1099 3181 1287 3239 putant
1339 3190 1460 3229 esse
1492 3173 1687 3242 Deum,
1743 3186 1834 3231 aut
1883 3179 2047 3243 deos.

464 3263 738 3324 {tanquam
770 3274 989 3328 gregem
1042 3262 1326 3329 quemdam
1376 3264 1644 3319 reclusum
1688 3267 1739 3320 in
1778 3268 1999 3321 mandra
2032 3284 2047 3322 :

477 3346 676 3415 quippe
705 3348 856 3401 valde
897 3358 951 3402 et
999 3352 1446 3418 reprehendimus
1491 3368 1618 3421 eos,
1659 3356 1748 3423 qui
1778 3356 1960 3411 volunt
1998 3356 2050 3411 in

463 3433 790 3491 tsimulaeris
829 3437 1057 3491 virtutes
1097 3438 1309 3493 divinas
1354 3439 1595 3494 reclusas
1635 3440 1858 3505 haberi,
1900 3457 1968 3497 ex
2000 3442 2052 3496 vi

463 3514 686 3582 [scilicet
730 3528 1005 3582 hominum
1031 3529 1409 3595 malignorum.
1454 3528 1744 3586 lrridemus
1774 3532 1916 3586 enim
1960 3546 2055 3587 eos

463 3624 606 3671 tcum
635 3616 850 3672 habitus
876 3621 1104 3688 appositi
1139 3621 1343 3675 fuerint
1378 3622 1431 3675 in
1473 3622 1807 3685 simulacris,
1840 3622 2055 3690 quidam

463 3708 701 3777 tquidem
740 3709 1094 3776 feminarum,
1156 3713 1373 3781 quidam
1422 3723 1601 3767 autem
1655 3717 2056 3783 masculorum,

463 3801 534 3863 {et
560 3798 1002 3867 quadrupedum.
1030 3813 1084 3856 et
1125 3804 1480 3871 serpentium.
1517 3804 1747 3863 Tantum
1790 3806 1935 3859 enim
1976 3807 2058 3860 lu-

464 3884 631 3973 [crunt
657 3888 899 3957 capimus
931 3907 995 3945 ex
1030 3891 1381 3960 iisdem,qnia
1411 3908 1476 3947 ex
1511 3894 1593 3947 his
1624 3910 1744 3963 quae
1775 3894 1863 3948 alii
1904 3895 2062 3950 aliter

464 3987 534 4050 {et
564 3981 751 4035 dicunt
774 3992 827 4036 et
848 3993 1046 4053 agunt,
1074 3994 1127 4038 et
1159 3985 1393 4038 conflant
1430 3994 1483 4039 et
1528 3985 1891 4050 dissentiunt,
1933 4002 2064 4041 con-

468 4066 706 4163 ;fltentur
741 4072 867 4141 quia
917 4086 1040 4125 eum
1093 4074 1182 4142 qui
1238 4073 1500 4141 quaeritur
1558 4073 1825 4141 ignorant.
1881 4071 2064 4140 Neque

2154 1621 2241 1659 res
2273 1614 2451 1658 autem
2488 1613 2541 1658 et
2572 1602 2765 1671 planta:
2791 1602 2857 1654 ad
2894 1602 2945 1654 id
2979 1602 3120 1670 quod
3164 1610 3288 1653 sunt
3315 1607 3733 1669 assumpserunt

2154 1706 2210 1751 ut
2257 1706 2312 1752 et
2340 1704 2720 1764 exsurgerent,
2759 1705 2814 1750 et
2857 1695 3258 1763 germinareut,
3288 1704 3340 1746 et
3372 1703 3687 1747 crescerent
3711 1733 3728 1758 ,

2151 1800 2205 1844 et
2258 1798 2655 1858 pascerentur:
2692 1786 2945 1839 animalia
2993 1796 3174 1839 autem
3228 1785 3614 1838 irrationabilia
3654 1785 3731 1838 ad

2151 1897 2212 1936 ea
2240 1896 2360 1949 quae
2389 1880 2529 1933 dicta
2563 1888 2688 1933 sunt
2718 1879 2879 1933 etiam
2914 1878 3014 1932 hoc
3043 1887 3446 1945 assumpserunt
3468 1919 3482 1941 ,
3507 1885 3564 1929 ut
3596 1893 3727 1931 sen-

2150 1972 2381 2027 sibilitas
2409 1972 2622 2025 essetin
2658 1971 2757 2025 eis.
2791 1969 2899 2025 Nos
2932 1986 3060 2024 vero
3084 1986 3204 2024 cum
3240 1970 3321 2023 his
3351 1970 3606 2023 omnibus
3629 1983 3725 2022 ae-

2151 2063 2391 2132 cepimus
2446 2063 2739 2131 c0gitatum
2779 2072 2835 2116 et
2886 2076 3149 2125 sensum,
3184 2071 3238 2114 et
3294 2061 3357 2113 ad
3406 2076 3503 2114 nos
3553 2074 3728 2128 usque

2152 2171 2363 2224 semper
2383 2155 2534 2223 quod
2564 2164 2684 2208 erat
2718 2156 3069 2218 honoratius,
3114 2154 3480 2208 additamenta
3525 2152 3730 2205 elﬁcie-

2150 2245 2345 2298 bantur
2380 2244 2753 2297 honoratiora.
2789 2242 2955 2298 Nobis
2997 2253 3175 2297 autem
3210 2244 3273 2296 ad
3305 2245 3580 2314 superiora
3610 2243 3725 2312 iam

2151 2349 2253 2386 non
2280 2349 2345 2386 ex
2383 2332 2764 2386 additameutis
2789 2333 3100 2403 agnoscitur
3123 2333 3352 2402 dignitas
3372 2372 3388 2395 ,
3416 2334 3509 2387 sed
3542 2335 3587 2386 si
3612 2333 3731 2387 for-

2152 2435 2201 2479 te
2229 2440 2257 2477 a
2305 2425 2733 2479 detractionibus
2767 2443 2781 2480 :
2815 2426 3202 2479 detractionem
3240 2436 3419 2479 autem
3450 2425 3569 2480 dico
3612 2441 3725 2480 non

2148 2534 2210 2573 ex
2245 2518 2329 2571 his
2353 2533 2471 2587 quor
2496 2516 2607 2586 jam
2638 2525 2764 2571 sunt
2799 2526 2854 2571 et
2887 2517 3186 2582 habentur,
3216 2517 3540 2571 ablutionem
3566 2556 3580 2580 ,
3622 2518 3726 2571 sed

2156 2610 2326 2676 ipsam
2362 2616 2612 2661 naturam
2637 2622 2757 2677 qua:
2790 2622 2896 2661 non
2932 2607 3157 2676 indiguit
3190 2608 3342 2662 istis:
3378 2616 3432 2661 ut
3463 2618 3584 2677 puta
3612 2625 3725 2663 non

2148 2698 2309 2752 habet
2377 2711 2596 2751 necesse
2652 2697 2962 2766 angelorum
3028 2713 3271 2753 crescere
3306 2708 3549 2753 natura:
3602 2716 3729 2767 qua:

2149 2788 2293 2841 enim
2323 2802 2427 2841 non
2465 2797 2763 2856 augentur,
2795 2794 2849 2841 et
2885 2802 2989 2841 non
3021 2789 3363 2843 minuuntur.
3401 2787 3536 2854 Quid
3590 2804 3726 2859 ergo

2152 2878 2379 2934 inferior
2411 2890 2495 2935 est
2527 2888 2721 2933 natura
2768 2870 3118 2949 angelorum,
3157 2881 3282 2951 quia
3333 2881 3553 2937 arbores
3604 2882 3729 2948 qui-

2150 2970 2269 3024 dem
2298 2979 2353 3024 et
2392 2969 2589 3039 planta:
2618 2981 2953 3038 pascuntur,
2987 2979 3041 3024 et
3086 2980 3368 3037 crescunt,
3416 2982 3470 3025 et
3520 2973 3732 3026 addita-

2153 3070 2336 3117 menta
2368 3061 2677 3130 accipiunt;
2721 3062 3032 3127 angelorum
3080 3070 3259 3116 autem
3312 3074 3498 3117 natura
3548 3078 3731 3133 neque

2153 3154 2455 3224 germinat,
2488 3168 2662 3223 neque
2696 3152 3102 3221 pullulationem
3153 3154 3417 3224 suscipit,
3455 3170 3625 3223 neque
3666 3165 3731 3208 ut

2156 3255 2413 3315 pascatur
2447 3256 2539 3300 aut
2571 3245 2801 3299 addatur
2824 3246 2847 3300 ἲ
2869 3246 2965 3300 Cui
2999 3245 3140 3300 enim
3178 3244 3376 3300 ablatio
3409 3245 3732 3300 incrementi

2154 3346 2238 3392 est
2264 3346 2317 3393 et
2348 3336 2578 3391 aliorum
2608 3350 2730 3405 quae
2779 3335 3048 3399 diximus,
3084 3352 3188 3390 non
3229 3346 3311 3392 est
3352 3337 3601 3390 damnum
3643 3338 3736 3392 his

2156 3429 2247 3498 qui
2286 3429 2567 3499 possident
2597 3429 2713 3484 sine
2742 3428 2860 3483 istis
2890 3428 2940 3482 id
2967 3429 3110 3499 quod
3140 3438 3302 3494 sunt,
3334 3431 3426 3483 sed
3452 3431 3737 3498 dignitatis

2156 3521 2448 3575 eminentia
2484 3538 2499 3573 :
2533 3521 2697 3576 multa
2732 3521 2877 3575 enim
2916 3535 3019 3575 non
3069 3521 3251 3574 insunt
3290 3522 3518 3591 angelis.
3555 3540 3738 3593 neque

2158 3614 2354 3666 adsunt
2396 3630 2514 3683 quae
2541 3615 2591 3668 in
2629 3613 2783 3668 nobis
2810 3616 3093 3669 habentur.
3130 3614 3195 3669 Et
3251 3632 3354 3669 non
3400 3616 3522 3684 una
3579 3617 3737 3672 deest

2161 3706 2266 3760 illis
2289 3722 2406 3775 quae
2436 3724 2538 3762 non
2579 3708 2815 3771 habent,
2853 3707 2946 3761 sed
2976 3707 3100 3775 quia
3138 3722 3234 3761 nos
3274 3708 3575 3777 indigemus
3608 3709 3699 3764 his
3720 3750 3736 3773 ,

2163 3798 2281 3852 ideo
2307 3800 2460 3852 nobis
2491 3800 2641 3853 adest
2669 3801 2734 3852 ad
2767 3799 3016 3854 solatium
3045 3799 3094 3852 id
3134 3801 3275 3867 quod
3311 3802 3377 3854 ab
3410 3801 3598 3855 iisdem
3638 3802 3739 3855 de-

2164 3890 2392 3943 ficimus.
2427 3889 2542 3943 Non
2585 3900 2710 3944 sunt
2746 3892 2943 3960 nuptiae
2972 3892 3112 3960 apud
3145 3890 3381 3960 angelos.
3419 3891 3551 3946 Data
3585 3894 3734 3947 enim

2163 3992 2245 4036 est
2284 3982 2401 4035 viro
2457 3983 2646 4035 mulier
2681 3984 2743 4036 ad
2794 3983 3119 4047 adiutorium
3158 4002 3171 4037 :
3207 3983 3514 4053 angelorum
3554 3995 3734 4039 autem

2168 4076 2534 4144 unusquisque
2561 4076 2780 4144 propria
2808 4087 2995 4129 natura
3034 4073 3228 4130 sufﬁcit
3263 4076 3386 4131 sibi.
3436 4074 3551 4130 Non
3600 4092 3733 4130 cou-

470 4162 622 4233 ‘enim
655 4178 852 4233 corpus
875 4175 958 4217 est
992 4165 1132 4218 Deus
1155 4205 1169 4229 ,
1202 4181 1379 4233 neque
1412 4166 1656 4232 corporis
1697 4164 1897 4233 aliquid
1918 4206 1932 4230 ,
1966 4163 2062 4216 ali-
2086 4197 2131 4259 ε
2170 4164 2422 4217 ficiuntur
2453 4165 2658 4234 angelis
2688 4169 3029 4233 indumenta,
3062 4178 3122 4222 ut
3164 4177 3456 4221 contexant
3483 4168 3735 4238 (.55)th

468 4246 600 4323 ‘quis
623 4259 680 4303 ιιι
707 4261 831 4319 puta
865 4252 1047 4316 color;
1084 4268 1254 4322 neque
1286 4253 1339 4305 in
1374 4267 1619 4321 corpore.
1644 4254 1816 4323 qualis
1838 4262 2057 4323 putatur

479 4353 599 4393 esse
632 4340 841 4404 anima;
868 4355 1040 4409 neque
1065 4342 1210 4395 circa
1239 4358 1436 4411 corpus
1460 4385 1474 4408 ,
1511 4345 1651 4398 sicut
1691 4353 1909 4411 putatur
1941 4357 2057 4395 seu-

479 4442 603 4493 sus;
652 4429 747 4482 sed
787 4429 920 4483 liber
944 4440 1026 4484 est
1059 4442 1113 4483 et
1152 4447 1180 4484 a
1242 4446 1432 4486 natura
1465 4433 1710 4503 corporis
1745 4442 1800 4486 et
1847 4434 2051 4486 habitu.

480 4518 736 4586 Corporis
763 4520 903 4572 enim
942 4532 1136 4574 natura
1170 4524 1220 4575 iu
1250 4525 1641 4591 compositione
1667 4524 1909 4577 habetur.
1926 4524 2055 4589 Quae

481 4618 661 4663 autem
688 4622 1118 4679 componuntur,
1150 4617 1330 4668 omnia
1352 4631 1415 4669 ea
1448 4631 1567 4684 qum
1604 4626 1728 4671 ante
1755 4615 1865 4683 jam
1912 4617 2053 4671 facta

478 4711 628 4763 sunt,
661 4704 1105 4771 compositionem
1144 4707 1411 4774 accipiunt
1450 4726 1462 4760 :
1500 4717 1557 4760 ut
1590 4721 1715 4776 puta
1738 4709 1879 4777 quod
1911 4710 2053 4777 dico,

481 4790 687 4858 lapides
730 4800 885 4844 erant
920 4795 1116 4860 creati,
1151 4797 1473 4864 compositio
1518 4797 1757 4865 lapidum
1789 4797 1913 4851 fecit
1954 4799 2052 4852 do-

479 4899 646 4936 mum.
674 4882 811 4937 Deus
842 4897 1017 4939 autem
1053 4889 1163 4956 ipse
1189 4900 1375 4943 auctor
1401 4900 1455 4943 et
1498 4890 1707 4944 initium
1737 4900 1843 4953 est,
1872 4901 1925 4944 et
1948 4907 2050 4945 non

478 4978 547 5030 ah
577 4977 658 5030 his
698 4994 815 5045 qua:
846 4990 1004 5032 erant
1038 4980 1209 5044 facta,
1246 4982 1361 5051 ipse
1399 4984 1726 5051 compositus
1761 4983 2047 5037 invenitur.

481 5066 717 5135 Simplex
748 5071 891 5123 enim
922 5081 975 5124 et
1006 5073 1295 5126 uniformis
1323 5083 1405 5127 est
1436 5075 1573 5128 Deus
1615 5075 1732 5145 (55)
1754 5116 1770 5142 ,
1806 5086 1857 5129 et
1904 5091 2054 5129 com-

478 5158 686 5227 positus
711 5160 763 5227 (5
780 5159 845 5230 ι),
873 5162 1071 5232 quippe
1122 5164 1309 5216 vivens
1344 5162 1458 5232 ipsa
1504 5179 1624 5232 quae
1679 5175 1780 5219 est.
1812 5166 2049 5235 Corpora

476 5251 620 5303 enim
654 5265 774 5319 qua:
806 5254 1080 5323 accipiunt
1108 5254 1312 5319 vitam,
1339 5254 1449 5322 ipsa
1476 5264 1531 5309 et
1566 5256 1883 5309 fraudantur
1919 5256 2048 5311 vita.

479 5343 580 5410 Qui
610 5354 786 5398 autem
820 5361 919 5401 nec
946 5347 1157 5402 initium
1186 5347 1394 5417 accepit
1435 5347 1606 5417 (Deus
1638 5349 1781 5402 enim
1838 5350 2050 5404 initium

478 5452 586 5488 non
615 5438 823 5505 accepit
862 5460 875 5493 :
909 5439 1029 5508 quis
1060 5442 1199 5494 enim
1233 5450 1287 5494 et
1315 5440 1544 5512 daret?)
1571 5458 1675 5495 non
1714 5443 1819 5495 vita
1855 5443 1905 5496 in
1932 5460 2053 5497 cor-

2160 4256 2490 4311 cohahitant.
2520 4257 2631 4311 Non
2659 4259 3085 4324 domusiisdem;
3106 4260 3297 4313 sufﬁcit
3324 4260 3466 4313 enim
3490 4261 3687 4314 caelum
3718 4280 3730 4313 :

2160 4366 2262 4401 non
2299 4348 2449 4403 lectis
2495 4351 2699 4420 indiget
2742 4352 2860 4407 sine
2901 4367 3107 4406 sommo
3135 4363 3346 4407 natura.
3391 4352 3505 4406 Non
3545 4368 3728 4408 mensa

2158 4439 2295 4505 apud
2319 4454 2413 4494 eos
2449 4458 2462 4493 :
2498 4440 2640 4496 forte
2669 4453 2851 4496 autem
2895 4458 2992 4497 nec
3024 4453 3322 4511 pascuntur
3356 4461 3369 4496 :
3410 4461 3604 4496 aurum
3636 4459 3731 4498 au-

2160 4540 2263 4584 tem
2286 4539 2338 4585 ct
2363 4542 2647 4599 argentum
2684 4541 2737 4587 et
2774 4545 3127 4587 arramcutum
3171 4544 3224 4588 et
3269 4535 3467 4587 ferrum
3490 4576 3503 4597 ,
3534 4546 3589 4589 et
3617 4550 3734 4590 om-

2156 4623 2243 4676 nia
2275 4640 2393 4693 quze
2438 4626 2701 4679 miramur
2734 4637 2914 4681 creata
2973 4637 3027 4679 et
3080 4628 3292 4681 iuventa
3317 4668 3331 4693 ,
3365 4629 3501 4697 apud
3556 4646 3653 4685 nos
3683 4638 3733 4684 et

2157 4730 2289 4769 usus
2315 4715 2545 4770 habetur
2570 4758 2583 4782 ,
2625 4717 2730 4771 illic
2783 4728 2959 4771 autem
2991 4734 3087 4772 nec
3120 4722 3447 4789 nuncupatio
3487 4722 3733 4775 nomina-

2158 4816 2271 4871 tur,
2314 4822 2413 4861 nec
2443 4807 2734 4861 invenitur.
2768 4810 2905 4874 Quid
2936 4811 3104 4880 ergo?
3134 4828 3257 4865 num
3285 4828 3349 4867 ex
3405 4813 3569 4866 tantis
3614 4828 3732 4883 qua

2154 4907 2405 4967 putamus
2429 4914 2456 4950 a
2484 4899 2637 4951 nobis
2680 4901 2835 4954 bouis
2866 4916 3186 4969 superamus
3226 4906 3537 4975 angelorum
3573 4914 3726 4960 natu-

2155 4992 2319 5043 ram?
2358 4990 2467 5044 Nos
2497 4993 2641 5044 enim
2679 4994 2874 5048 divites
2911 5010 3042 5047 auro
3066 5012 3283 5060 smnus.
3315 4999 3489 5068 angeli
3529 5016 3719 5053 aurum

2157 5098 2261 5134 non
2294 5082 2489 5136 habent
2524 5100 2538 5137 :
2584 5100 2687 5137 non
2731 5085 2850 5139 ideo
2880 5103 3143 5157 pauperes
3195 5090 3572 5156 inveniuntur,
3601 5094 3721 5160 quia

2156 5192 2345 5229 aurum
2379 5178 2517 5246 apud
2547 5178 2666 5231 illos
2696 5194 2799 5233 non
2825 5190 2942 5245 est;
2976 5182 3067 5234 sed
3107 5183 3278 5252 magis
3305 5182 3376 5236 illi
3404 5183 3724 5253 divites,qni

2156 5280 2255 5318 nec
2282 5281 2414 5318 auro
2446 5266 2687 5333 indigent
2718 5277 2901 5323 nostro
2929 5284 3026 5324 ncc
3052 5283 3294 5339 argento.
3326 5272 3462 5336 Quid
3491 5287 3625 5342 opus
3649 5284 3725 5326 est

2154 5355 2357 5410 ferrum
2390 5356 2441 5411 in
2475 5359 2670 5413 caelis?
2701 5369 2881 5413 utrum
2919 5361 2985 5415 ad
3014 5361 3282 5433 culturam
3302 5403 3317 5426 ,
3356 5371 3449 5417 aut
3478 5365 3545 5417 ad
3573 5366 3723 5418 navi-

2154 5447 2420 5518 gationem
2447 5492 2462 5516 ,
2494 5462 2582 5503 aut
2612 5452 2678 5503 ad
2716 5452 2911 5505 bellum
2940 5492 2954 5517 ,
2986 5464 3077 5505 aut
3111 5453 3178 5506 ad
3204 5454 3524 5509 medicinam
3546 5456 3568 5507 ?
3593 5456 3721 5523 Quid

481 5541 612 5594 pore
641 5538 721 5581 est
756 5528 898 5583 Deus
921 5571 935 5592 .
967 5533 1058 5585 sed
1089 5534 1218 5587 vita.
1246 5534 1300 5586 lu
1334 5543 1541 5588 tatumn
1572 5535 1716 5588 enim
1754 5537 1944 5603 repetit
1966 5552 2057 5590 co-
2085 5538 2131 5598 D
2159 5555 2292 5609 opus
2324 5549 2407 5594 est
2433 5542 2780 5609 permistione
2816 5543 2956 5608 illis,
3007 5546 3094 5599 ubi
3129 5562 3234 5599 non
3276 5556 3400 5601 sunt
3431 5556 3715 5600 commuta-

479 5619 681 5687 gitatus
714 5627 853 5688 quod
903 5624 1004 5677 sibi
1037 5626 1171 5679 utile
1221 5626 1492 5681 invenitur
1526 5642 1539 5679 :
1569 5626 1691 5697 quia
1734 5638 1897 5697 petra!
1927 5629 2049 5697 qui-

554 5756 665 5828 (52)
708 5758 802 5814 Ms.
849 5773 941 5814 aut
1013 5764 1065 5816 in
1131 5776 1293 5828 terra,
1340 5782 1439 5820 non
1507 5768 1561 5821 in
1615 5767 1785 5832 mari,
1847 5782 1947 5821 nou
1997 5769 2051 5823 in

478 5844 615 5881 πονε.

557 5898 673 5966 (53)
733 5896 825 5953 Ms.
899 5900 1129 5970 Simplex
1188 5904 1322 5958 enim
1358 5915 1401 5959 (ι
1429 5905 1664 5975 infamis
1698 5917 1767 5961 est
1802 5906 1955 5962 Dcus.

2162 5633 2379 5688 tiones?
2405 5633 2507 5687 Sed
2546 5650 2642 5689 nec
2679 5635 2851 5689 servis
2883 5650 3020 5707 opus
3069 5645 3152 5691 est
3185 5639 3263 5692 eis
3290 5657 3303 5693 :
3336 5639 3528 5696 suflicit
3581 5638 3718 5693 enim

2231 5774 2342 5841 (Si)
2378 5774 2727 5840 Composilus.
2759 5773 2954 5839 Forte,
2984 5776 3371 5842 incompositus.

2235 5844 2353 5913 (bii)
2399 5842 2707 5900 Conlatum.
2744 5845 2936 5913 Futlc,
2973 5858 3265 5918 contegunt.
