3956 6510
237 430 378 488 1149

1007 435 1097 490 DE
1148 437 1236 494 ΕΟ
1277 437 1465 506 QUOD
1501 437 1683 495 DEUS
1720 438 1948 495 PATER
1983 430 2483 497 INCORPOBALIS
2522 440 2671 495 EST.
2745 463 2753 470 -

3331 436 3464 492 “50

234 542 607 613 unusquisque
657 545 777 600 sibi.
808 546 872 601 Et
901 561 1019 616 qua:
1048 560 1298 619 putamus
1339 549 1493 604 nobis
1526 564 1646 603 esse
1690 563 1804 603 ma-
1838 551 1883 605 Δ
1911 562 2159 620 pratum;
2191 560 2248 606 et
2272 553 2586 607 assistentes
2614 551 2782 622 pratis
2803 591 2820 616 ,
2861 551 3138 607 videamus
3178 568 3282 606 uon
3324 567 3467 607 nunc

232 651 338 706 gna
356 676 378 704 ,
407 645 460 690 et
484 638 622 692 bona
645 678 660 703 ,
688 646 743 692 et
774 642 1078 695 necessaria
1105 656 1327 711 qua-que
1363 650 1489 695 sunt
1517 641 1702 707 nobis;
1729 640 1803 694 illi

235 736 442 782 natura:
463 729 641 782 omnia
664 712 787 783 sunt
808 731 986 799 otiosa
1023 750 1036 785 :
1072 741 1127 786 et
1150 745 1483 801 quaecunque
1509 746 1573 785 ex
1600 732 1803 783 anima-

234 816 379 877 libus
428 819 584 873 nobis
611 830 731 873 sunt
776 820 965 888 utilia,
1016 822 1122 877 illis
1151 812 1278 876 sunt
1324 838 1430 876 non
1474 822 1798 875 necessaria.

234 908 449 963 Tauros
472 911 616 965 enim
644 913 710 965 ad
736 912 1000 967 culturam
1051 930 1159 968 non
1206 914 1403 970 habent
1429 930 1563 985 Opus
1583 955 1598 977 ,
1630 928 1803 982 neque

230 1014 406 1068 equos
434 1002 501 1056 ad
526 1003 722 1057 bellum
751 1021 765 1059 :
796 1020 901 1058 non
930 1004 1170 1075 indigent
1209 1006 1332 1075 igne
1365 1006 1432 1059 ad
1476 1005 1761 1059 luminaria
1783 1044 1798 1068 ,

230 1106 409 1159 neque
436 1107 498 1146 ea
535 1108 653 1162 qua:
678 1110 773 1164 per
805 1096 982 1166 ignem
1023 1098 1089 1150 ad
1135 1112 1342 1151 curam.
1388 1096 1503 1150 Non
1552 1112 1689 1166 aqua
1721 1104 1803 1149 est

226 1180 314 1234 eis
339 1183 641 1236 necessaria
665 1224 681 1250 ,
708 1201 813 1239 non
840 1202 905 1241 ex
936 1187 1094 1251 mari,
1120 1203 1225 1240 non
1258 1202 1325 1241 ex
1355 1196 1494 1241 terra
1527 1203 1541 1240 :
1574 1202 1678 1241 non
1713 1185 1799 1239 illa

229 1285 351 1339 qua:
377 1286 443 1325 ex
469 1272 731 1330 imbribus
755 1288 1092 1345 apportatur.
1123 1276 1239 1331 Non
1285 1293 1532 1332 somnum
1569 1278 1633 1331 ad
1665 1277 1802 1332 refe-

228 1362 467 1416 Ctionem
500 1368 863 1421 necessarium
895 1368 1117 1433 habent,
1144 1384 1250 1423 non
1284 1383 1435 1422 escas
1455 1369 1522 1421 ad
1549 1367 1798 1422 salutem.

228 1449 400 1508 Forte
446 1463 625 1508 autem
653 1457 867 1524 quidem
917 1467 972 1511 et
1028 1458 1294 1511 mirantur
1345 1458 1663 1523 audientes,
1707 1455 1799 1525 qui

231 1555 418 1600 mente
444 1547 511 1600 ad
539 1547 850 1617 angelorum
876 1551 1071 1605 choros
1114 1566 1218 1605 non
1255 1559 1633 1619 pervenerunt.
1675 1549 1801 1616 Qui-

228 1636 333 1691 bns
359 1636 506 1692 enim
545 1638 824 1695 beatitudo
848 1650 931 1694 est
958 1642 1001 1695 si
1031 1643 1352 1696 manducent
1394 1652 1449 1695 et
1495 1641 1712 1707 bibant,
1745 1649 1801 1694 et

231 1729 443 1798 nuptiis
470 1740 710 1796 utantur,
743 1740 796 1785 et
824 1732 1194 1800 possessiones
1222 1731 1486 1795 habeant,
1510 1741 1562 1784 et
1586 1732 1802 1785 thesau-

230 1835 325 1875 ros
342 1822 671 1885 recondant,
706 1830 759 1874 et
783 1820 1086 1889 iudiciariis
1126 1822 1480 1892 dignitatibus
1516 1822 1797 1891 perfruan-

1907 642 2069 697 ﬂores
2096 652 2354 697 exeuntes
2375 682 2392 706 ,
2427 658 2596 711 neque
2619 642 2887 698 coloribus
2915 643 3093 698 varios
3112 685 3129 709 ,
3185 658 3359 707 neque
3412 643 3465 695 in

1905 734 2164 790 odoribus
2194 735 2471 799 diversos;
2504 736 2596 790 sed
2619 735 2893 789 videamus
2915 735 3020 789 illic
3050 735 3185 790 caalo
3219 734 3465 803 superius

1919 832 2095 882 locum
2122 866 2139 888 .
2172 843 2267 897 per
2302 827 2519 897 angelos
2543 839 2722 883 autem
2752 828 3138 898 splendentem.
3177 826 3463 881 Multitudo

1911 922 2053 977 enim
2089 922 2197 977 illic
2229 938 2334 977 non
2372 930 2517 976 tanta
2543 932 2741 990 quanta
2768 931 2850 977 est
2876 922 3173 977 stellarum.
3209 921 3266 977 Si
3316 920 3461 974 enim

1904 1022 1960 1066 et
1995 1012 2177 1065 multa:
2211 1020 2339 1064 sunt
2367 1011 2553 1075 stella,
2588 1012 2680 1064 sed
2709 1012 2761 1065 in
2795 1012 3251 1077 magnitudinibus
3274 1020 3328 1063 et
3348 1024 3466 1064 cor-

1907 1103 2129 1171 poribus
2156 1102 2465 1156 constitutae
2485 1141 2500 1167 ,
2543 1101 2677 1155 locis
2707 1103 2938 1169 indigent
2960 1143 2976 1167 ,
3001 1112 3056 1157 et
3080 1118 3146 1156 ex
3196 1104 3464 1170 magnitu-

1909 1196 2034 1249 dine
2065 1195 2186 1249 cmli
2223 1193 2504 1248 multitudo
2528 1203 2872 1248 mensuratur
2890 1210 2950 1248 ea
2962 1210 3097 1250 ι-ιιιιι.
3118 1193 3300 1246 Tanta:
3319 1190 3463 1245 enim

1903 1298 2066 1349 sunt,
2111 1295 2339 1353 quantas
2369 1285 2515 1354 capit
2560 1295 2615 1338 et
2659 1286 2877 1339 cmlum.
2927 1285 3109 1351 Angeli
3147 1293 3320 1337 autem
3357 1299 3461 1335 non

1904 1380 1993 1434 ind
2014 1380 2157 1449 igcut
2183 1378 2335 1442 loco,
2371 1380 2463 1431 sed
2496 1378 2647 1432 liberi
2679 1395 2707 1432 a
2764 1378 2892 1432 locis
2922 1378 3160 1430 viventes
3199 1388 3321 1431 sunt
3345 1417 3361 1441 ,
3409 1385 3466 1432 et

1903 1470 1957 1524 in
1994 1469 2311 1523 alterutrum
2350 1478 2592 1537 agentes.
2630 1465 2747 1521 Non
2789 1468 2841 1521 iu
2883 1467 3197 1522 conlusiooe
3241 1468 3465 1536 quippe.

1904 1577 2005 1615 nec
2032 1559 2394 1614 exsultatione
2442 1574 2700 1629 corporea
2726 1599 2743 1623 ,
2782 1559 2874 1613 sed
2928 1573 3139 1627 semper
3182 1559 3235 1611 in
3269 1558 3468 1613 lumine

1903 1661 2069 1706 sunt:
2105 1652 2205 1720 ipsi
2232 1650 2410 1703 lumen
2446 1650 2548 1704 tale
2571 1689 2587 1714 ,
2626 1651 2812 1718 quales
2845 1658 2897 1702 et
2953 1659 3097 1701 sum.
3148 1648 3301 1717 Apud
3351 1648 3470 1703 illos

1902 1743 2043 1797 enim
2070 1758 2172 1795 non
2199 1758 2304 1796 nox
2339 1743 2405 1795 ad
2449 1741 2807 1796 refectionem
2839 1741 3069 1794 habetur
3092 1782 3107 1805 ,
3135 1757 3238 1795 non
3265 1741 3380 1793 dics
3403 1739 3466 1792 ad

1903 1836 2385 1889 cxsurrectiouem.
2416 1833 2640 1902 Semper
2670 1832 2812 1884 enim
2836 1831 3037 1885 habent
3069 1830 3242 1884 lumen
3265 1872 3280 1895 ,
3312 1840 3365 1883 et
3390 1830 3469 1882 lu—

230 1921 356 1973 tur;
384 1910 469 1965 his
498 1910 658 1964 etiam
689 1927 749 1965 ea
781 1926 900 1979 qua:
926 1926 1086 1980 supra
1120 1911 1221 1966 ista
1260 1921 1385 1965 sunt
1406 1951 1421 1975 ,
1448 1913 1657 1965 minora
1700 1926 1799 1979 νυκ-

1911 1942 2032 1981 men
2074 1941 2178 1980 non
2207 1926 2308 1980 hoc
2341 1923 2482 1992 quod
2536 1923 2673 1992 apud
2702 1937 2799 1976 nos
2839 1932 2939 1976 est.
2972 1921 3084 1974 Iioc
3128 1921 3271 1975 enim
3299 1921 3470 1974 sensi-

235 2012 443 2057 tantur.
476 2001 582 2057 Sed
617 2018 723 2057 non
774 2002 1207 2057 contaminemus
1239 2012 1482 2057 sanctum
1512 2002 1658 2055 illum
1702 2017 1799 2055 an-

228 2096 475 2163 gelorum
499 2096 719 2149 chorum
747 2111 761 2160 ;
801 2111 907 2149 non
943 2095 1013 2148 sit
1048 2094 1119 2150 ibi
1146 2094 1344 2149 femina
1368 2133 1382 2159 ,
1414 2094 1503 2148 ubi
1532 2093 1799 2149 successio

232 2186 545 2240 necessaria
586 2201 691 2241 non
739 2195 842 2241 est.
876 2184 991 2239 Non
1036 2186 1160 2255 quia
1203 2194 1506 2240 creaturam
1548 2200 1744 2239 accuso
1782 2202 1796 2240 :

231 2277 651 2346 unumquodque
679 2278 823 2331 enim
851 2275 1083 2332 olIieium
1139 2278 1192 2331 in
1244 2291 1337 2333 sua
1394 2284 1581 2331 natura
1625 2275 1797 2344 iacet;

230 2367 369 2421 bene
394 2368 714 2421 translatum
753 2378 931 2423 autem
960 2384 990 2421 a
1034 2369 1148 2423 suis
1173 2368 1341 2436 locis,
1386 2378 1442 2423 et
1491 2369 1800 2438 regionibus

231 2470 285 2513 et
316 2469 508 2514 natura
532 2462 600 2516 ad
630 2475 789 2529 quam
817 2461 1109 2516 constituta
1137 2471 1220 2516 est
1241 2500 1258 2527 ,
1299 2472 1519 2517 revocat
1543 2463 1610 2515 ad
1645 2476 1705 2516 se
1726 2461 1802 2515 le-

231 2554 317 2622 gis
347 2552 544 2606 divina:
569 2553 848 2605 virtutem.
875 2552 1154 2617 Quomodo
1183 2553 1326 2605 enim
1367 2551 1546 2607 decori
1578 2552 1632 2606 in
1664 2552 1799 2607 mari

231 2652 357 2698 sunt
390 2644 615 2713 piscium
667 2645 899 2713 greges?
947 2645 1217 2714 quomodo
1262 2645 1470 2698 decorat
1509 2655 1633 2699 sunt
1680 2644 1803 2698 illo--

232 2752 353 2789 rum
386 2748 437 2788 tu
468 2736 734 2790 meatibus
760 2733 1036 2789 ﬂuminum
1062 2735 1492 2793 exsultationes?
1533 2737 1801 2806 quomodo

234 2828 412 2882 nitent
446 2828 498 2881 iu
530 2829 708 2882 exitus
737 2828 1005 2882 fontium?
1048 2827 1106 2882 Si
1149 2839 1329 2883 autem
1357 2829 1590 2883 volueris
1631 2830 1800 2893 istos,

232 2930 291 2974 ut
315 2921 449 2974 dans
473 2920 816 2987 beneficium,
841 2936 907 2975 ex
935 2920 1089 2989 aquis
1118 2921 1182 2974 ad
1211 2922 1498 2990 puritatem
1517 2922 1659 2975 aeris
1679 2921 1803 2975 edu-

232 3025 387 3079 cere,
411 3012 477 3065 ad
505 3011 856 3081 perditionem
889 3012 1115 3081 piscium
1151 3012 1469 3065 beneficium
1502 3011 1592 3065 flet
1622 3021 1795 3066 tuum.

234 3102 375 3174 Ergo
404 3103 567 3173 piscis
599 3103 815 3172 quidem
866 3103 936 3157 sit
992 3102 1078 3156 ubi
1129 3111 1240 3167 est;
1285 3102 1499 3170 quidam
1551 3104 1693 3157 enim
1748 3103 1801 3157 in

237 3196 370 3249 mari
412 3204 538 3257 sunt
565 3196 757 3265 positi;
786 3204 839 3249 et
868 3196 978 3249 sint
1008 3194 1096 3249 ubi
1141 3196 1219 3248 eis
1258 3206 1340 3250 est
1370 3197 1549 3249 datum
1582 3212 1597 3249 :
1629 3195 1716 3248 alii
1750 3184 1801 3249 in

232 3286 545 3339 lluttiinibus
574 3296 625 3339 et
656 3286 709 3338 in
740 3285 973 3341 fontibus
1014 3298 1239 3351 natant,
1274 3287 1397 3355 quia
1425 3302 1531 3339 non
1566 3286 1803 3354 indigent

236 3380 342 3430 tuis
375 3376 652 3431 beneficiis
678 3379 743 3430 ad
776 3377 1272 3446 interemptionem.
1320 3376 1457 3443 Quid
1485 3377 1654 3447 ergo?
1680 3377 1803 3446 quia

234 3467 372 3520 bona
401 3478 481 3520 est
507 3482 641 3535 aqua
670 3468 906 3537 piscibus
934 3508 949 3533 ,
976 3469 1310 3536 deponamus
1335 3469 1443 3522 illic
1467 3468 1804 3524 exsultantes

233 3567 287 3611 et
323 3559 589 3612 homines.
617 3557 923 3612 Secundum
958 3560 1121 3612 istum
1153 3559 1315 3630 igitur
1342 3574 1676 3628 sermonem,
1696 3562 1804 3615 sint

234 3652 511 3706 masculus
536 3662 588 3706 et
615 3652 811 3706 femina
844 3652 1001 3706 utiles
1058 3652 1198 3719 apud
1250 3667 1347 3705 nos
1380 3662 1433 3706 et
1477 3652 1803 3719 necessarii,

233 3743 518 3795 hominum
548 3753 727 3794 autem
765 3751 1012 3794 naturam
1044 3753 1233 3795 contra
1274 3752 1521 3795 naturam
1552 3757 1661 3797 non
1714 3744 1806 3798 de—

233 3850 520 3903 ponamus.
562 3834 616 3888 Si
650 3836 793 3888 enim
824 3833 1116 3888 ascendere
1138 3849 1243 3887 non
1280 3843 1454 3903 potest
1485 3843 1674 3887 natura
1726 3836 1806 3904 pi-

232 3929 407 3982 scium
448 3942 609 3997 supra
635 3936 879 3980 naturam
902 3966 917 3990 ,
948 3927 1216 3995 quomodo
1241 3941 1348 3979 non
1388 3925 1559 3994 magis
1596 3926 1806 3980 timebi-

236 4037 392 4088 mus,
425 4021 470 4075 si
522 4020 833 4090 angelorum
886 4029 1133 4073 naturam
1183 4020 1347 4073 verbo
1405 4018 1519 4070 ausi
1547 4016 1804 4071 fuerimus

234 4118 508 4184 deponere
531 4153 546 4177 ,
568 4129 687 4183 qua:
714 4128 819 4166 non
855 4110 1174 4166 descendit?
1202 4110 1350 4163 Alias
1375 4120 1553 4162 autem
1593 4118 1649 4161 et
1672 4107 1806 4161 nihil

235 4210 471 4277 amplius
498 4208 588 4261 fiet
634 4222 661 4259 a
706 4207 893 4268 nobis,
952 4206 1052 4260 nisi
1097 4214 1153 4259 ut
1191 4203 1644 4270 blasphememus.
1696 4199 1806 4256 Nec

236 4300 381 4353 enim
413 4301 510 4353 etsi
542 4298 867 4351 voluerimus
894 4297 1000 4351 vim
1032 4299 1209 4351 facere
1240 4296 1311 4349 illi
1337 4306 1570 4359 naturae,
1614 4308 1803 4362 perur-

236 4391 451 4460 gebitur
487 4407 501 4443 :
534 4391 625 4443 sed
657 4390 733 4443 illi
766 4390 984 4458 quidem
1010 4396 1226 4442 manent
1247 4387 1400 4441 liberi
1447 4387 1514 4439 ab
1561 4386 1665 4440 isto
1710 4385 1806 4437 ha-

237 4485 355 4538 bitu
382 4483 677 4553 corporali.
710 4481 897 4552 Neque
921 4482 1062 4534 enim
1097 4481 1368 4535 masculus
1397 4494 1569 4547 neque
1606 4477 1801 4531 femina

237 4574 381 4643 apud
411 4589 504 4627 eos
528 4583 645 4639 est,
674 4587 727 4627 et
762 4590 867 4627 non
912 4574 976 4627 de
1009 4584 1170 4627 terra.
1215 4574 1279 4625 Et
1312 4574 1411 4626 hoc
1434 4613 1449 4635 ,
1494 4572 1628 4625 forte
1661 4570 1802 4624 enim

236 4666 439 4721 audisti
477 4667 725 4721 mirabile
750 4666 879 4720 illud
908 4666 1146 4734 Apostoli
1174 4666 1375 4719 dictum
1398 4704 1411 4728 ,
1441 4665 1562 4733 quia
1595 4672 1648 4717 et
1671 4662 1807 4731 apud

237 4775 374 4829 quos
404 4769 595 4813 natura
650 4761 839 4814 statuit
883 4758 1177 4813 masculum
1231 4774 1351 4812 esse
1400 4767 1454 4811 et
1517 4756 1805 4822 feminam,

238 4854 384 4923 apud
417 4854 554 4906 istos
586 4853 728 4919 ipsos
754 4853 918 4917 fides,
948 4862 1001 4905 et
1031 4867 1125 4918 per
1178 4852 1334 4905 fidem
1381 4849 1688 4916 coniunctio
1730 4849 1811 4901 in-

193 4953 196 4955 ‘
239 4942 477 4995 venitur.
509 4941 561 4995 In
595 4941 808 4995 Christo
831 4944 972 4996 enim
995 4982 1011 5007 ,
1040 4942 1248 5009 inquit,
1279 4958 1381 4994 non
1412 4951 1495 4995 est
1520 4938 1809 5003 masculus,

239 5048 416 5102 neque
447 5035 645 5087 femina
682 5035 748 5089 ⁵⁸.
780 5034 837 5088 Si
874 5035 1037 5103 igitur
1068 5035 1156 5089 ubi
1220 5051 1282 5089 ex
1327 5044 1514 5087 natura
1560 5042 1643 5088 est
1690 5048 1806 5087 mnu

247 5124 433 5177 sculus
468 5132 523 5177 et
557 5123 753 5178 femina
774 5164 790 5189 ,
822 5125 875 5178 in
906 5125 1122 5179 Christo
1154 5125 1387 5178 efficitur
1416 5139 1588 5191 neque
1607 5137 1817 5177 mascu-

240 5216 328 5268 lus
367 5229 542 5283 neque
572 5214 792 5279 femina,
820 5218 912 5269 sed
947 5216 1178 5271 imitatio
1211 5216 1562 5286 angelorum:
1591 5230 1686 5266 cur
1710 5229 1813 5267 non

242 5307 414 5374 magis
441 5305 765 5373 suscipimus
795 5306 1022 5374 gratiam
1081 5317 1138 5359 ut
1199 5287 1571 5371 assumantur,
1620 5312 1711 5356 aut
1758 5314 1817 5357 ut

242 5409 492 5452 naturam
527 5398 840 5468 angelorum
887 5399 1215 5467 deponamus
1276 5400 1340 5452 ad
1387 5396 1667 5451 nostram?
1706 5393 1809 5450 Sed

246 5507 349 5545 nos
377 5492 653 5560 erigamus
688 5494 1075 5561 nosmetipsos,
1126 5503 1179 5546 et
1231 5492 1297 5547 ad
1332 5489 1609 5560 superiora
1664 5488 1810 5555 cogi-

245 5595 416 5640 latum
442 5586 799 5654 perducamus
825 5595 1066 5639 nostrum
1095 5626 1109 5649 ,
1151 5585 1214 5638 ad
1265 5583 1577 5655 angelorum
1608 5580 1815 5636 scilicet

316 5740 364 5772 "
396 5738 513 5793 Gal.
543 5753 597 5791 Itt
627 5777 639 5802 ,
672 5738 764 5792 28.

328 5875 439 5949 (ὃὸ)
484 5875 578 5930 .\ls.
614 5878 781 5946 ipsum
812 5874 967 5929 ratem
1002 5872 1242 5942 inferius.

1905 2019 2210 2075 bilitatibus
2242 2026 2609 2071 mensuratum
2638 2026 2756 2080 est,
2785 2014 2913 2068 illud
2956 2023 3132 2066 autem
3171 2012 3310 2065 aliud
3370 2010 3472 2064 ali-

1905 2112 2056 2183 quid.
2080 2106 2223 2163 Nihil
2245 2124 2375 2163 sane
2397 2123 2493 2162 nos
2518 2108 2769 2177 prohibet
2793 2107 2844 2159 in
2877 2105 3066 2159 iisdem
3092 2104 3220 2172 ipsis
3249 2118 3469 2171 compa-

1906 2203 2209 2260 rationibus
2243 2200 2505 2265 volutari,
2542 2199 2666 2268 quia
2690 2207 2744 2253 et
2773 2198 3008 2266 piscibus
3034 2195 3211 2248 lumen
3243 2195 3473 2248 habetur

1906 2312 2010 2350 non
2037 2304 2240 2349 tantum
2267 2300 2527 2361 quantum
2557 2299 2609 2345 et
2634 2288 2774 2359 apud
2805 2303 2920 2342 nos.
2950 2285 3297 2341 Commistum
3325 2282 3470 2337 enim

1906 2387 2035 2441 ilhnl
2073 2394 2155 2440 est
2186 2385 2362 2437 lumen
2385 2422 2401 2447 ,
2433 2381 2576 2451 quod
2604 2380 2742 2450 apud
2792 2380 2970 2449 pisces
3004 2377 3231 2432 habetur
3273 2374 3469 2443 aquis;

1906 2487 1960 2532 et
1990 2477 2109 2531 ideo
2138 2490 2242 2529 non
2283 2476 2354 2527 ita
2402 2474 2561 2541 sicut~
2591 2471 2729 2539 apud
2781 2485 2879 2523 nos
2913 2476 3194 2538 permanet
3242 2480 3475 2535 purum,

1907 2569 2003 2623 sed
2034 2569 2212 2621 lumen
2261 2575 2314 2620 et
2354 2564 2464 2618 illic
2515 2572 2601 2617 est
2631 2579 2646 2615 :
2678 2563 2924 2630 perlucet
2970 2559 3114 2614 enim
3163 2568 3219 2612 et
3272 2558 3343 2611 ibi
3379 2572 3478 2626 per

1909 2674 2079 2729 aquas
2112 2696 2129 2723 ,
2162 2657 2252 2710 sed
2280 2670 2385 2710 non
2413 2663 2494 2709 est
2515 2654 2587 2708 ita
2619 2667 2810 2723 purum
2834 2661 2891 2705 ut
2937 2649 3115 2705 nobis.
3163 2648 3229 2702 Et
3279 2648 3323 2700 si
3355 2646 3478 2715 quis

1907 2750 2195 2822 aliquando
2224 2748 2274 2802 vi
2304 2748 2492 2802 mersit
2521 2747 2575 2799 in
2602 2759 2768 2814 aquas
2789 2782 2806 2809 ,
2839 2753 2893 2798 et
2921 2742 2973 2797 in
3005 2741 3160 2811 aquis
3199 2755 3326 2794 suos
3350 2754 3478 2807 ape-

1911 2845 2018 2899 ruit
2040 2841 2224 2897 oculos
2243 2880 2259 2904 ,
2295 2840 2426 2895 vidit
2447 2838 2647 2909 quippe
2667 2838 2808 2906 quod
2832 2834 2973 2906 apud
3023 2849 3122 2888 nos
3149 2840 3230 2887 est
3258 2831 3475 2896 lumen;

1909 2935 2085 3000 videt,
2122 2936 2339 3002 inquam
2362 2972 2377 2997 ,
2414 2931 2517 2984 hoc
2551 2931 2757 2983 clarum
2790 2929 2843 2983 in
2893 2926 3049 2996 aquis
3098 2924 3475 2993 caliginosum.

1914 3026 2141 3082 Utamur
2163 3031 2342 3076 autem
2383 3032 2436 3076 et
2459 3020 2564 3074 alia
2596 3018 3023 3087 comparatione.
3058 3015 3302 3069 i’razsens
3330 3011 3474 3066 enim

1910 3118 2066 3171 istius
2102 3117 2246 3169 horae
2275 3112 2592 3168 constitutio
2614 3111 2984 3164 testimonium
3012 3104 3246 3161 sermoni
3278 3104 3479 3170 imper-

1914 3208 2026 3262 tiet.
2083 3205 2194 3259 Hoc
2224 3204 2367 3273 quod
2414 3202 2554 3269 apud
2612 3215 2710 3253 nos
2743 3214 2936 3268 purum
2969 3207 3055 3251 est
3105 3196 3280 3249 lumen
3307 3211 3321 3245 :
3352 3190 3476 3260 quia

1912 3297 2053 3351 enim
2084 3296 2253 3348 nubes
2276 3292 2568 3347 adveniens
2602 3290 2848 3344 constitit
2874 3303 3033 3357 super
3062 3302 3183 3347 nos,
3217 3284 3370 3354 aquis
3393 3292 3479 3336 ut-

1913 3398 2033 3459 pote
2051 3386 2233 3455 plena;
2259 3400 2363 3439 non
2395 3381 2639 3452 permisit
2658 3390 2837 3434 autem
2865 3381 2968 3432 tale
2989 3378 3055 3431 ad
3076 3392 3173 3430 nos
3192 3375 3369 3428 lumen
3391 3389 3480 3427 ve-

1915 3483 2051 3546 nire,
2073 3479 2231 3549 quale
2251 3478 2364 3531 heri
2384 3485 2438 3530 et
2463 3475 2670 3545 pridem
2696 3472 3026 3527 habebamus
3045 3469 3095 3523 in
3120 3463 3481 3522 oculis.Acris

1914 3569 2056 3625 enim
2077 3567 2290 3622 tristitia
2307 3566 2513 3636 pervisa
2533 3563 2767 3618 ostendit
2781 3570 2975 3629 quanta
2993 3553 3479 3612 immutatioeidem

1915 3663 2012 3734 ipsi
2044 3661 2229 3715 lumini
2258 3661 2323 3713 ab
2351 3656 2646 3724 interiectis
2678 3653 2908 3708 nubibus
2931 3649 3232 3721 perficitur,
3261 3658 3318 3700 ut
3342 3647 3482 3713 apud

1916 3770 2033 3809 nos.
2062 3752 2118 3807 Si
2152 3762 2334 3806 autem
2372 3758 2638 3819 prmcepto
2672 3746 2766 3802 Dei
2799 3745 3073 3799 evacuatis
3103 3740 3256 3811 aquis
3290 3738 3484 3807 fugata

1915 3847 2113 3901 fuerint
2135 3847 2324 3907 nubes,
2342 3852 2395 3896 et
2417 3853 2607 3895 natura
2628 3839 2744 3908 eius
2765 3847 2866 3901 est,
2887 3838 3077 3892 iterum
3099 3834 3250 3888 nobis
3267 3830 3485 3887 advenit

1916 3938 2119 4001 lumen,
2147 3951 2251 3988 non
2276 3934 2416 3986 aliud
2448 3934 2646 4001 quippe
2667 3930 2886 3992 factum,
2908 3932 3000 3981 sed
3021 3927 3304 3979 liberatum
3337 3938 3365 3975 a
3385 3936 3484 3974 nu-

1912 4029 2059 4082 bium
2080 4024 2425 4094 pcrmistione
2442 4066 2454 4083 ,
2478 4023 2634 4075 istam
2653 4037 2812 4090 quam
2832 4019 3022 4073 videtis
3044 4013 3480 4070 constitutionem

1914 4118 2258 4185 prtebentem.
2303 4113 2442 4183 Ergo
2477 4111 2605 4166 etin
2650 4110 2806 4175 tnari,
2838 4120 2890 4165 et
2926 4110 2976 4162 in
3005 4108 3159 4176 aquis
3183 4114 3301 4159 erat
3339 4104 3483 4157 aliud

1915 4209 2129 4273 lumen;
2180 4221 2284 4260 non
2320 4204 2545 4258 alterum
2578 4204 2775 4272 quippe
2805 4210 3019 4265 natura,
3056 4199 3148 4252 sed
3184 4200 3283 4251 sub
3314 4198 3483 4249 intro-

1914 4302 2163 4355 ductione
2197 4299 2422 4350 aliorum
2458 4296 2832 4364 caliginosum.
2888 4294 2962 4346 lta
2992 4301 3045 4345 et
3092 4290 3230 4360 apud
3278 4303 3373 4342 nos
3417 4301 3485 4342 ex

1914 4404 2180 4447 conventu
2213 4389 2431 4442 nubium
2465 4398 2519 4442 et
2562 4402 2821 4455 aquarum
2855 4386 2953 4438 hoc
2984 4383 3181 4437 factum
3210 4391 3312 4444 est,
3343 4379 3484 4449 quod

1914 4484 2106 4537 videtis
2145 4499 2241 4551 per
2285 4481 2474 4538 nubes.
2528 4478 2829 4535 Secundum
2873 4479 3029 4531 istum
3077 4476 3240 4544 igitur
3281 4488 3486 4527 sermo-

1842 4608 1883 4661 υ
1918 4590 2059 4637 nem,
2094 4583 2146 4627 et
2207 4589 2303 4642 per
2350 4588 2527 4626 aerem
2562 4581 2850 4640 penetrans
2885 4571 3061 4623 lumen
3107 4585 3209 4621 non
3253 4576 3336 4621 est
3384 4565 3489 4619 tale

1915 4665 2071 4734 quale
2104 4680 2132 4719 a
2170 4666 2279 4719 sole
2328 4664 2610 4720 emittitur.
2661 4662 2717 4717 Si
2760 4663 2903 4717 enim
2956 4661 3189 4714 niaxime
3237 4674 3300 4713 eo
3343 4656 3486 4726 quod

1919 4759 2231 4827 perspicuus
2262 4772 2355 4811 aer
2384 4758 2629 4819 habetur,
2664 4755 2792 4809 latet
2816 4755 3093 4822 permistio
3123 4776 3134 4809 :
3164 4754 3256 4807 sed
3287 4752 3330 4805 si
3365 4750 3486 4819 quis

1919 4848 2147 4901 voluerit
2178 4849 2410 4918 cogitatu
2443 4847 2673 4913 evolare,
2714 4857 2768 4902 et
2800 4848 2944 4900 velut
2984 4847 3035 4900 iu
3080 4846 3235 4914 aquis
3267 4843 3485 4896 nubium

1919 4955 1975 4993 se
2011 4954 2253 5006 mergere
2275 4979 2290 5003 ,
2330 4949 2383 4994 et
2414 4941 2581 4993 nubes
2622 4939 2882 5003 transire,
2912 4950 2965 4992 et
2998 4938 3138 4991 aeris
3183 4933 3489 5004 permistio-

1919 5047 2038 5084 nem
2086 5031 2485 5097 transcendere,
2540 5031 2838 5098 pervidebit
2893 5028 3235 5099 purissimum
3285 5025 3485 5079 lumen.

1920 5122 2071 5176 Sicut
2100 5123 2241 5176 enim
2282 5122 2387 5178 hoc
2416 5124 2556 5193 quod
2584 5123 2720 5193 apud
2758 5138 2854 5176 nos
2886 5131 2967 5174 est
2998 5120 3196 5181 lumen,
3254 5117 3486 5184 regioni-

1920 5216 2018 5267 bus
2041 5223 2095 5267 et
2116 5213 2302 5288 spatiis
2331 5222 2385 5268 et
2426 5213 2808 5268 offensionibus
2842 5226 3051 5279 semper
3079 5208 3335 5262 minuitur
3362 5221 3378 5260 :
3414 5207 3488 5261 ita

1922 5305 2154 5371 rediens,
2187 5317 2240 5360 et
2285 5307 2352 5361 ab
2399 5307 2553 5377 aquis
2601 5304 2778 5359 iumen
2812 5304 3143 5372 abstergens,
3176 5311 3228 5354 et
3263 5316 3291 5353 a
3336 5299 3491 5352 nubi-

1918 5398 2015 5451 bus
2053 5409 2102 5453 te
2159 5413 2440 5469 separans,
2478 5410 2532 5452 et
2588 5413 2616 5450 a
2665 5396 3014 5465 permistione
3060 5394 3200 5447 aeris
3234 5393 3490 5459 liberans,

1924 5495 2311 5545 transcenderis
2366 5498 2543 5541 autem
2603 5499 2657 5541 et
2711 5488 2864 5541 istius
2914 5486 3126 5540 luminis
3179 5484 3490 5555 puritatem,

1922 5580 2180 5652 relinquis
2231 5592 2283 5638 et
2335 5581 2503 5649 ipsum
2555 5582 2722 5637 solum
2777 5580 2999 5637 inferius
3031 5577 3164 5650 (56).
3200 5577 3492 5634 Transiens
