3956 6512
505 456 634 511 1151

500 571 701 639 quippe
731 577 783 622 et
822 568 1029 622 ratium
1072 570 1345 636 superius,
1388 583 1643 622 occurres
1680 567 1873 621 lumini
1918 586 1929 621 :

498 662 581 715 illi
600 662 701 731 qui
726 675 761 713 δ
788 662 903 715 sole
928 672 1034 724 est,
1066 676 1165 715 nec
1193 660 1267 714 illi
1302 661 1388 715 cui
1418 660 1692 715 successio
1724 677 1827 713 nox
1852 670 1955 720 est,
2002 677 2089 713 ne-

493 767 607 821 que
647 752 723 806 illi
750 754 841 823 qui
884 768 915 808 a
952 755 1261 823 parietibus
1288 752 1628 822 prohibetur,
1665 769 1766 808 nec
1793 753 1868 807 illi
1894 753 1978 808 cui
2007 754 2086 807 ol-

488 841 729 898 Tendunt
754 843 992 912 *umbrm,
1030 860 1203 913 neque
1234 843 1308 897 illi
1342 844 1432 912 qui
1456 844 1848 912 permisceatur
1878 842 1989 897 aeri
2030 854 2084 896 et

496 934 831 1002 aquis,sive
864 951 961 1005 per
984 936 1165 990 mutes
1214 936 1328 989 sive
1384 950 1479 1003 per
1535 950 1705 997 mare,
1756 934 1848 990 sed
1903 934 2086 989 lumini

494 1037 657 1092 puro.
706 1022 874 1080 lit'ne
904 1035 1059 1095 putes
1084 1039 1171 1083 me
1217 1040 1361 1079 nunc
1390 1025 1608 1093 angelos
1645 1025 1825 1079 dicere
1865 1024 2085 1080 lumen:

496 1124 585 1169 est
608 1114 757 1170 enim
783 1123 836 1170 et
856 1132 1025 1186 super
1058 1118 1162 1172 hoc
1184 1116 1386 1172 clarum
1406 1116 1596 1170 lumen
1628 1115 1848 1171 clarius.
1895 1116 1952 1170 lu
1986 1118 2089 1172 isto

494 1207 670 1275 ig'tur
708 1208 912 1264 lumine
938 1214 1292 1277 sempiterno,
1327 1209 1378 1262 in
1431 1209 1533 1262 isto
1568 1208 1661 1277 qui
1708 1224 1816 1262 non
1864 1207 1915 1262 in
1965 1224 2082 1264 suc-

500 1301 840 1357 ccssionibus
881 1302 1131 1362 habetur,
1173 1302 1262 1369 qui
1286 1316 1395 1355 non
1425 1300 1714 1370 aliquando
1738 1301 1950 1368 quidem
1978 1313 2085 1365 est,

494 1392 796 1463 aliquando
830 1404 1009 1450 autem
1034 1412 1137 1450 non
1169 1403 1251 1449 est
1284 1394 1378 1447 :in
1420 1393 1524 1447 isto
1550 1394 1642 1463 qui
1666 1393 1805 1449 cosio
1837 1394 2087 1464 superius

496 1496 608 1550 eSt,
660 1495 712 1541 et
753 1503 862 1542 non
893 1504 921 1541 a
954 1487 1093 1543 casio
1144 1485 1268 1540 istic
1298 1504 1312 1540 :
1346 1486 1431 1540 cui
1459 1484 1541 1540 sol
1584 1502 1691 1539 non
1732 1495 1817 1541 est
1854 1486 2086 1554 genitor,

498 1591 612 1631 non
645 1576 767 1631 luna
798 1588 971 1633 mater
993 1618 1007 1636 .
1040 1593 1145 1632 non
1175 1577 1371 1633 cmlum
1406 1592 1438 1630 α
1466 1577 1655 1640 stellis,
1694 1592 1800 1630 non
1840 1576 2089 1629 lucerna-

496 1684 625 1721 rum
657 1668 991 1739 splendores,
1027 1651 1120 1724 sed
1152 1668 1328 1723 lumen
1369 1668 1518 1722 illud.
1546 1666 1623 1722 Tu
1657 1668 1800 1723 enim
1832 1666 1950 1722 sine
1976 1667 2088 1721 sole

508 1760 686 1814 lumen
722 1761 902 1813 videre
936 1777 1038 1812 non
1092 1770 1269 1827 potes,
1326 1775 1425 1814 nec
1471 1775 1531 1812 ea
1578 1774 1695 1828 quae
1742 1758 1878 1812 infra
1920 1758 2086 1813 solem

496 1852 796 1913 habentur.
828 1863 881 1907 et
910 1869 970 1905 ca
999 1870 1117 1922 qum
1156 1864 1473 1923 quaeruntur
1497 1862 1557 1907 ut
1590 1862 1875 1907 teneantur
1905 1869 2085 1905 manu.

492 1944 622 2001 Non
674 1963 859 2002 eorum
913 1953 1002 2017 qui
1056 1960 1305 2019 qumrttut
1346 1949 1474 2017 quid
1522 1959 1759 2017 gusteut,
1805 1956 1894 2000 aut
1924 1942 2119 2002 odore~

496 2050 829 2101 assumant;
882 2056 985 2093 non
1034 2055 1221 2094 eorum
1278 2040 1367 2107 qui
1421 2038 1642 2091 auribus
1671 2037 1984 2103 educentur.
2034 2048 2090 2092 et

506 2131 679 2185 oculis
705 2132 906 2195 vident,
946 2133 1082 2185 εἶναι
1115 2132 1167 2184 in
1202 2132 1376 2200 aquis.
1414 2130 1528 2185 illic
1555 2130 1698 2185 enim
1725 2130 1827 2183 alia
1859 2146 2088 2184 conver-

496 2219 647 2273 satio
674 2228 780 2281 est,
808 2231 862 2274 et
893 2221 994 2273 alia
1024 2221 1078 2273 in
1113 2231 1277 2283 terra,
1312 2230 1365 2275 rt
1399 2220 1450 2274 in
1486 2236 1612 2275 aere
1644 2236 1749 2275 non
1786 2222 1995 2284 eadem,
2037 2229 2091 2274 et

496 2307 703 2363 uelum
756 2308 914 2363 aliam
962 2310 1125 2365 habet
1179 2311 1642 2365 constitutionem.
1702 2310 1774 2365 Ita
1838 2320 2091 2366 maneant

507 2401 610 2455 ista
643 2403 783 2466 istic,
818 2403 903 2456 illa
944 2412 1123 2458 autem
1156 2420 1279 2472 qua:
1323 2405 1447 2459 intle
1490 2413 1616 2458 sunt
1658 2403 1767 2458 sint
1813 2404 1939 2464 alia,
1982 2418 2087 2457 non

493 2494 701 2546 'horum
754 2508 1105 2563 congeneres.
1152 2493 1216 2549 Si
1266 2497 1408 2550 enim
1465 2496 1660 2550 clarior
1705 2495 1859 2550 stella
1919 2496 2091 2565 magis

500 2585 931 2655 quam‘luccrna:
979 2586 1156 2640 lumen
1192 2596 1292 2653 est,
1347 2603 1450 2641 non
1488 2596 1538 2641 te
1567 2587 1805 2649 seducat,
1851 2586 1974 2656 quia
2008 2586 2089 2640 lu-

508 2688 669 2729 cerua
696 2677 912 2746 quidem
943 2677 1251 2733 illuminare
1283 2678 1529 2742 videtur,
1561 2687 1615 2732 et
1648 2693 1982 2748 unaquavque
2011 2688 2091 2733 to-

509 2780 616 2823 tam
644 2770 859 2824 domum
898 2788 913 2823 :
958 2771 1125 2825 stella:
1152 2781 1328 2824 autem
1359 2780 1519 2825 tantae
1554 2780 1763 2826 noctem
1804 2787 1908 2824 non
1934 2770 2087 2827 anfe-

492 2870 633 2912 ‘runt
653 2859 912 2915 unam.Si
933 2862 1055 2929 quis
1080 2861 1223 2915 cnim
1251 2861 1637 2916 volueritscire
1670 2862 2090 2917 lnceruaaimbe-

505 2950 784 3007 clllitatem
805 2952 869 3005 ad
894 2953 1170 3006 stellarum
1192 2952 1416 3019 lumina,
1444 2954 1701 3008 abstrahe
1730 2954 2001 3009 lucernam
2022 2954 2089 3008 ab

504 3044 702 3099 oculo:
733 3060 837 3100 non
890 3058 1148 3115 quantum
1188 3047 1355 3100 distat
1385 3046 1579 3101 cmlum
1608 3056 1772 3112 terra,
1818 3046 1943 3116 quia
1982 3060 2087 3100 non

505 3149 589 3194 est
627 3138 730 3193 hoc
765 3139 854 3194 tibi
894 3140 1193 3205 possibile;
1232 3150 1413 3194 tamen
1441 3150 1700 3209 quantum
1738 3150 1891 3208 potes
1913 3139 2089 3193 lucero

507 3244 633 3283 nam
660 3230 726 3285 ab
757 3232 917 3286 oculo
940 3248 1152 3300 separa,
1186 3233 1478 3287 intueberis
1505 3233 1629 3300 quia
1661 3232 1847 3299 spatiis
1891 3232 2087 3285 minui-
2113 3268 2155 3326 ρ

508 3334 616 3384 tur,
651 3330 703 3376 et
744 3324 1091 3394 caliginatur,
1138 3337 1188 3378 et
1244 3324 1511 3378 infirmior
1543 3324 1788 3394 arguitur
1830 3323 2084 3379 lucerna-

504 3432 625 3473 rum
668 3419 869 3474 lumen.
929 3420 984 3476 Si
1039 3435 1218 3474 autem
1265 3431 1409 3475 esset
1460 3422 1638 3488 aliqua
1670 3420 2001 3485 adinventio,
2033 3429 2090 3474 ut

505 3527 609 3567 non
642 3514 813 3566 solum
840 3515 999 3567 unius
1026 3514 1258 3568 lucerna!
1284 3555 1297 3576 ,
1347 3515 1438 3568 sed
1468 3514 1708 3569 omnium
1743 3514 2087 3567 lucernarum

503 3605 799 3674 ﬂammam,
841 3614 894 3659 et
941 3607 1180 3659 omnium
1224 3623 1343 3676 quae
1394 3608 1792 3672 accenduntur;
1848 3606 1890 3659 si
1947 3614 2085 3659 esset

505 3698 754 3751 machina
787 3696 1029 3762 quaedam
1056 3738 1070 3762 ,
1102 3710 1155 3750 ut
1194 3712 1409 3751 onmem
1448 3697 1602 3749 istam
1651 3694 1919 3749 ﬂammam
1967 3698 2088 3766 quis

490 3797 690 3857 ,posset
735 3788 1010 3857 colligere,
1063 3797 1116 3842 et
1161 3792 1213 3843 in
1249 3787 1386 3842 coelo
1426 3787 1775 3848 constituere,
1812 3785 1903 3838 ubi
1934 3786 2086 3839 stella

506 3882 829 3950 parvissima
874 3895 958 3935 est
1013 3882 1210 3948 posita,
1260 3897 1359 3935 nec
1416 3894 1634 3949 prorsus
1670 3878 1847 3947 agnita
1901 3877 2087 3931 luisset

506 3977 743 4038 ﬂamma,
811 3975 899 4028 ubi
959 3974 1131 4041 posita
1194 3972 1502 4027 haberetur.
1568 3969 1677 4024 Cur
1731 3985 1860 4039 ergo
1897 3984 2086 4024 omnes

488 4066 677 4120 stella:
703 4082 806 4118 non
833 4066 1037 4134 pellunt
1064 4065 1315 4120 noctem‘?
1347 4064 1472 4132 quia
1504 4062 1687 4117 multis
1712 4062 1902 4131 spatiis
1930 4076 1957 4113 a
1994 4075 2086 4113 no-

505 4160 589 4213 bis
636 4160 869 4218 distant,
938 4168 1117 4212 tamen
1169 4174 1272 4211 non
1325 4157 1621 4225 quamlibet
1680 4154 2083 4225 permistioncm

503 4251 722 4305 luminis
754 4252 804 4304 in
841 4260 1000 4305 nocte
1058 4249 1454 4304 transmittunt.
1491 4246 1548 4301 Si
1600 4248 1719 4318 quis
1766 4256 1944 4299 autem
1989 4259 2084 4297 vo-

506 4345 662 4399 luerit
694 4345 908 4407 intueri,
941 4353 994 4398 et
1022 4358 1337 4411 comparare
1362 4341 1594 4394 nubibus
1626 4351 1858 4397 noctem,
1900 4338 2085 4405 pervi-

504 4436 655 4491 dcbit
679 4438 803 4504 quia
831 4436 1023 4496 nubes.
1054 4436 1181 4489 licet
1214 4452 1317 4487 non
1346 4450 1444 4503 per
1464 4434 1663 4494 omnia,
1695 4442 1872 4485 tamen
1903 4432 2082 4501 splen-

501 4526 686 4581 dorem
721 4527 997 4581 stellarum
1042 4527 1345 4596 prohibent.
1382 4528 1445 4580 Et
1475 4542 1595 4579 cum
1630 4526 1731 4579 hoc
1765 4526 1833 4577 ita
1864 4525 1965 4587 sit,
1998 4524 2080 4575 in-

1190 450 1455 507 eusenu
1495 436 1978 506 CESARIENStS
2012 451 2169 505 ora.
2214 448 2391 504 rans
2426 449 2516 503 tv.
2560 481 2625 492 .-
2661 429 3088 503 υθωιιιτιω.

1976 564 2081 619 non
2118 574 2157 626 Α
2190 568 2519 620 contendens
2556 567 2814 620 exhibere
2855 566 2920 619 de
2971 563 3322 618 inenarrabili
3352 561 3460 617 Deo
3506 561 3772 631 loquitur,

3642 426 3777 503 tisi

2193 660 2368 711 lumen
2410 658 2658 712 habitans
2690 655 3159 717 inaccessibile‘";
3194 656 3569 710 inaccessibile
3594 656 3770 708 nomi-

2192 767 2349 812 uans,
2392 750 2455 805 'id
2500 749 2632 804 dicit
2665 749 2810 815 quod
2842 748 3037 814 suscipi
3069 748 3173 800 non
3200 755 3397 815 potest.
3432 745 3638 800 Lumen
3673 745 3774 813 igi-

2191 848 2279 893 tur
2304 838 2512 910 angelis
2534 838 2665 892 illud
2688 846 2799 901 est,
2824 836 2981 904 cujus
3002 851 3184 904 neque
3207 845 3395 904 gustus
3420 850 3597 902 neque
3627 851 3775 890 como

2190 933 2402 1001 paratio
2435 931 2574 1002 apud
2604 946 2709 985 nos
2742 930 3036 985 invenitur.
3062 928 3237 999 Regio
3261 937 3439 982 autem
3464 929 3581 998 ejus
3604 943 3769 997 supra

2190 1028 2409 1082 dorsum
2459 1033 2543 1080 est
2584 1025 2725 1085 creti,
2770 1023 3047 1093 possessio
3084 1038 3214 1077 vero
3260 1032 3315 1076 et
3358 1022 3559 1075 divitia:
3592 1021 3766 1090 ipsis:
3808 1048 3811 1051 -

2190 1137 2295 1176 non
2330 1121 2472 1174 enim
2505 1119 2645 1174 lecto
2678 1130 2731 1172 et
2765 1118 3029 1172 medicina
3079 1125 3134 1171 et
3176 1133 3382 1181 mensa,
3430 1127 3485 1170 et
3539 1131 3605 1169 ea
3649 1132 3771 1185 qut:

2191 1211 2331 1282 apud
2366 1227 2468 1267 nos
2495 1222 2693 1279 magna
2726 1218 2984 1279 putantur
3009 1250 3022 1272 ,
3072 1210 3399 1278 sempiterna
3436 1207 3525 1262 illa
3565 1208 3772 1277 indiget

2190 1318 2239 1362 et
2278 1315 2463 1361 sancta
2506 1314 2695 1359 natura
2732 1323 2744 1359 :
2790 1303 2892 1357 illis
2928 1303 3072 1357 enim
3113 1318 3334 1356 somnus
3371 1319 3472 1355 non
3520 1312 3627 1366 est,
3662 1318 3770 1356 non

2190 1399 2368 1465 dolor,
2422 1412 2526 1451 non
2570 1395 2743 1452 labor.
2785 1396 2921 1461 Quid
2970 1397 3141 1463 ergo?
3183 1396 3316 1450 Num
3361 1396 3531 1450 otiosa
3579 1410 3769 1449 eorum

2190 1504 2386 1547 natura
2423 1490 2551 1545 est?
2598 1488 2805 1543 Habent
2840 1504 2974 1557 opus
3008 1488 3221 1559 (lignum
3268 1502 3379 1541 suae
3410 1486 3730 1540 substantia!
3759 1509 3767 1537 :

2194 1585 2361 1640 Deum
2406 1584 2633 1639 laudant
2678 1598 2782 1636 non
2825 1580 3049 1635 vocibus
3094 1596 3267 1650 neque
3309 1579 3563 1635 clamore.
3623 1578 3771 1643 Quo-

2195 1679 2355 1733 modo
2388 1691 2519 1747 ergo
2560 1675 2688 1730 dicit
2720 1673 2999 1743 Scriptura
3041 1662 3216 1733 voces.
3257 1681 3327 1732 et,
3364 1671 3407 1726 si
3462 1669 3771 1740 permiserit

2195 1782 2423 1839 tempus,
2470 1770 2844 1838 contingemus
2873 1766 3175 1829 audientes,
3211 1775 3263 1819 et
3300 1766 3399 1819 ista
3426 1762 3641 1815 interim
3669 1776 3771 1814 au-

2195 1874 2297 1917 tem
2328 1873 2521 1917 natura
2555 1869 2901 1932 agnoscatur.
2956 1858 3010 1912 Si
3044 1869 3222 1913 autem
3262 1868 3316 1911 et
3356 1856 3510 1910 aliter
3535 1869 3771 1923 appara-

2195 1956 2328 2011 veril
2363 1954 2643 2021 Scriptura
2680 1954 2886 2017 dicens,
2924 1953 3103 2019 agnita
3129 1960 3319 2004 natura
3358 1956 3685 2017 agnoscetur
3721 1958 3774 2001 et

2193 2046 2391 2114 quibus
2458 2045 2737 2114 Scriptura
2791 2042 3107 2112 alloquitur.
3169 2041 3413 2110 Denique
3464 2050 3519 2093 et
3583 2048 3775 2093 orator

2193 2133 2375 2202 parvis
2414 2143 2507 2184 aut
2550 2147 2656 2185 non
2701 2130 2959 2200 loquitur,
2996 2140 3090 2185 aut
3139 2130 3218 2185 sic
3263 2128 3499 2197 loquitur
3529 2138 3588 2181 ut
3617 2127 3771 2196 pani

2196 2235 2421 2289 possunt
2452 2224 2679 2292 audire;
2732 2232 2783 2277 et
2838 2222 3120 2291 Scriptura
3155 2222 3335 2276 divina
3374 2220 3681 2275 hominibus
3713 2228 3774 2271 ut

2194 2316 2427 2370 humane
2471 2316 2739 2382 loquatur,
2776 2321 2875 2371 ,aut
2911 2313 3126 2367 silentio
3176 2313 3494 2368 honoretur.
3546 2310 3660 2365 Non
3704 2328 3771 2363 ex

2196 2408 2277 2462 his
2304 2407 2467 2475 igitur
2498 2423 2563 2461 ex
2596 2406 2791 2475 quibus
2817 2404 3259 2459 condescendens
3286 2404 3565 2473 Scriptura
3601 2404 3775 2473 loqui-

2195 2510 2283 2554 tur
2315 2501 2488 2563 nobis,
2538 2499 2793 2555 debemus
2827 2496 2992 2551 verbo
3033 2498 3300 2552 deducere
3346 2505 3399 2550 et
3432 2505 3685 2553 naturas,
3722 2509 3777 2547 et

2194 2594 2299 2647 vim
2360 2592 2541 2648 facere
2587 2591 3017 2659 nobismetipsis,
3061 2599 3117 2645 et
3165 2598 3225 2643 ut
3262 2588 3435 2658 pisces
3480 2587 3703 2642 exsilire
3744 2604 3777 2639 c

2193 2684 2349 2738 mari.
2382 2683 2551 2737 Erunt
2588 2683 2729 2736 cnim
2764 2682 2918 2737 nobis
2949 2681 3295 2749 jactationes,
3328 2696 3433 2735 non
3474 2680 3541 2734 ad
3585 2680 3773 2750 perdi-

2196 2779 2395 2830 tionem
2449 2786 2509 2829 ut
2561 2775 2795 2845 piscibus
2830 2792 2844 2828 :
2886 2774 2985 2829 sed
3030 2773 3297 2842 quomodo
3328 2788 3387 2826 ea
3422 2771 3621 2835 dicam,
3671 2786 3775 2841 ego

2190 2870 2406 2939 quidem
2450 2884 2553 2922 non
2585 2882 2825 2937 possum.
2875 2866 3039 2921 Decet
3072 2874 3577 2935 autemOpportune
3610 2878 3771 2933 repe—

2194 2971 2308 3015 tere
2354 2976 2459 3015 non
2505 2960 2712 3014 Domini
2760 2974 2968 3025 vocem,
2998 2957 3088 3028 qui
3130 2959 3428 3026 piscatores
3458 2975 3487 3007 a
3534 2956 3673 3009 mari
3720 2964 3774 3011 et

2191 3054 2397 3123 stagnis
2425 3064 2476 3105 et
2507 3050 2680 3106 ﬂuviis
2710 3051 3052 3116 abstrahens,
3086 3051 3161 3103 ait
3199 3069 3212 3105 :
3257 3052 3301 3081 "'
3335 3048 3531 3113 Venite,
3575 3049 3771 3116 faciam

2190 3164 2280 3201 vos
2313 3147 2598 3214 piscatores
2634 3146 2928 3200 hominum.
2970 3145 3131 3199 Decet
3169 3145 3333 3207 enim,
3369 3144 3561 3212 inquit,
3596 3142 3771 3195 homi—

2192 3255 2287 3294 nes
2314 3238 2624 3307 piscamini.
2654 3236 2721 3290 Et
2757 3253 2864 3292 non
2902 3238 3087 3302 tacuit,
3120 3252 3184 3289 ne
3211 3235 3444 3302 suspicio
3474 3234 3628 3286 fieret
3658 3248 3774 3301 per-

2191 3332 2432 3393 ditionis,
2464 3331 2557 3386 sed
2582 3331 2852 3393 homines,
2877 3330 3070 3399 inquit,
3110 3327 3386 3398 piscamini
3420 3327 3484 3381 ad
3515 3326 3768 3379 salutem.

2190 3424 2478 3490 Erigamus
2524 3423 2688 3492 igitur
2736 3422 3114 3491 nosmetipsos,
3148 3421 3457 3474 cxsiliamns
3484 3434 3513 3472 e
3549 3419 3688 3471 mari
3718 3428 3773 3471 et

2190 3529 2219 3566 a
2264 3524 2404 3567 terra
2441 3514 2492 3566 in
2525 3530 2627 3584 qua
2662 3525 2889 3575 stamus,
2923 3522 2977 3569 et
3020 3513 3287 3565 incidatur
3314 3526 3348 3563 a
3380 3510 3533 3564 nobis
3563 3525 3680 3573 aer,
3720 3520 3773 3563 et

2191 3606 2471 3658 scindatur
2502 3606 2655 3659 nobis
2682 3618 2734 3658 et
2761 3603 2979 3657 coelum.
3010 3604 3284 3673 Cogitatus
3311 3603 3454 3655 enim
3494 3617 3600 3655 non
3635 3601 3773 3655 deti-

2191 3705 2370 3759 nctur,
2428 3706 2480 3748 et
2535 3697 2727 3766 pennis
2770 3696 3023 3750 desiderii
3064 3695 3203 3750 coelo
3251 3692 3498 3761 superius
3549 3695 3775 3745 accedat.

2191 3804 2331 3851 nius,
2365 3803 2562 3856 corpus
2616 3788 2735 3842 istic
2770 3787 2836 3840 ad
2888 3802 3220 3857 congeneres
3270 3784 3665 3853 relinquentes,
3722 3794 3773 3836 et

2190 3883 2352 3950 pedes
2395 3881 2446 3933 in
2487 3889 2650 3942 terra,
2689 3880 2811 3949 quia
2839 3881 2903 3933 ad
2929 3881 3122 3936 malum
3156 3894 3261 3932 non
3290 3886 3533 3939 currunt,
3565 3887 3619 3929 et
3657 3890 3770 3928 ma-

2191 3990 2290 4028 nus
2326 3975 2445 4027 istic
2476 3972 2565 4027 ubi
2605 3982 2826 4042 possunt
2861 3982 2913 4027 et
2964 3982 3205 4041 tangere,
3249 3980 3304 4022 et
3348 3982 3505 4020 aures
3548 3967 3637 4019 hic
3687 3983 3770 4018 au-

2190 4065 2339 4119 diant
2368 4080 2548 4127 voces,
2581 4076 2635 4118 ct
2674 4064 2921 4118 odoratin
2972 4062 3059 4117 ubi
3103 4062 3265 4116 habet
3291 4061 3766 4121 necessitatem,et

2188 4168 2377 4228 gustus
2408 4160 2545 4226 apud
2584 4174 2676 4211 eos
2715 4158 3147 4225 Qui.pascnutur,
3177 4167 3230 4209 et
3260 4155 3394 4207 visio
3431 4170 3554 4207 cum
3595 4153 3765 4205 visibi-

2190 4250 2329 4304 libns
2368 4259 2603 4302 maneat.
2650 4248 2928 4318 Cogitatus
2973 4258 3150 4300 autem
3202 4256 3347 4301 veste
3396 4263 3456 4300 sn
3507 4246 3760 4309 spolianti.

2187 4342 2430 4409 corporis
2461 4342 2614 4394 istius
2650 4342 2858 4410 pondus
2894 4340 3146 4407 deponat,
3177 4350 3227 4393 et
3264 4353 3388 4393 suas
3415 4353 3624 4404 pennas
3656 4351 3760 4386 mo-

2192 4441 2330 4494 veat,
2382 4441 2435 4484 et
2479 4446 2811 4498 quaecunque
2852 4431 3190 4484 deducuntur
3237 4431 3497 4492 abscidat,
3549 4439 3605 4482 et
3647 4443 3761 4497 qaze

2191 4532 2317 4576 sunt
2363 4523 2545 4591 gratia
2580 4530 2632 4575 et
2665 4522 2910 4576 dctincre
2960 4532 3191 4588 tentant,
3229 4523 3489 4589 deponat;
3522 4530 3579 4575 et
3608 4520 3677 4573 sit
3704 4519 3753 4571 in

484 4617 696 4687 rspiciet
727 4617 852 4685 quid
889 4626 1187 4686 operantur
1217 4615 1417 4678 stellae,
1455 4624 1508 4669 et
1538 4624 1800 4682 quantum
1835 4613 2085 4681 splendo-
2119 4610 2161 4666 D
2190 4614 2437 4667 dorsibus
2468 4614 2611 4677 cmli,
2648 4622 2703 4667 ct
2734 4614 2841 4668 illic
2885 4615 3062 4667 l‘ai-tus
3102 4630 3221 4667 cum
3268 4612 3472 4680 angelis
3508 4623 3564 4665 et
3602 4629 3760 4681 ange-

502 4726 615 4764 rem
655 4710 875 4763 mittunt
904 4710 955 4763 in
992 4719 1150 4762 nocte
1180 4727 1193 4761 :
1225 4718 1277 4763 et
1313 4719 1489 4761 tamen
1529 4706 1699 4761 stellae
1734 4721 1923 4781 omnes
1956 4722 2075 4758 cum

502 4799 773 4853 universis
805 4798 1037 4853 lucernis
1064 4798 1268 4852 habent
1310 4799 1524 4867 quidem
1563 4795 1899 4860 aﬂinitatem,
1953 4796 2078 4863 quia

500 4891 765 4944 luminosa
792 4887 1245 4957 qualitercunque
1274 4901 1499 4954 utraque
1528 4895 1672 4939 sunt.
1713 4885 1818 4938 Sed
1848 4901 1951 4940 non
1987 4900 2078 4938 so-

499 4983 610 5037 lum
650 5000 677 5036 a
719 4982 952 5037 lucernis
986 4981 1155 5033 stellae
1189 4980 1464 5041 diﬂ'cruut,
1501 4978 1593 5030 sed
1630 4988 1682 5030 et
1712 4977 1865 5030 stella
1912 4977 2080 5031 stellae

500 5074 677 5128 diﬂ'crt
713 5076 763 5126 iu
792 5072 1129 5127 claritate”.
1183 5069 1363 5123 Stellis
1404 5079 1581 5123 autem
1631 5069 1789 5123 simul
1826 5070 2078 5123 omnibus

500 5167 771 5229 adunatis,
800 5164 1056 5234 splendor
1083 5163 1222 5215 lunze
1261 5161 1576 5231 prazfulget;
1617 5172 1671 5217 et
1711 5162 1868 5216 istam
1899 5162 2077 5216 lunam

500 5258 751 5313 omnibus
785 5256 957 5311 stellis
986 5256 1270 5318 addentes,
1314 5255 1601 5307 vincuntur
1630 5270 1816 5308 eorum
1844 5255 2078 5324 fulgores

499 5369 527 5403 a
564 5350 730 5404 radiis
771 5349 919 5405 solis.
980 5349 1133 5403 Sicut
1165 5349 1307 5401 enim
1350 5348 1517 5402 stella:
1547 5347 1762 5417 quidem
1809 5348 2075 5408 lucernas,

500 5440 625 5495 luna
659 5452 839 5497 autem
870 5441 1079 5505 stellas,
1117 5452 1172 5496 ct
1213 5443 1290 5495 sol
1331 5442 1582 5494 universa
1618 5440 1730 5495 haec
1768 5441 2075 5503 luminaria,

498 5544 550 5586 ct
594 5535 760 5599 ipsius
802 5535 978 5588 noctis
1016 5544 1237 5603 superat
1274 5534 1526 5588 tenebras
1561 5547 1576 5586 :
1616 5534 1685 5586 ita
1734 5543 1786 5588 et
1828 5531 1906 5588 sol
1952 5548 2073 5585 cum

496 5626 753 5679 omnibus
783 5641 903 5696 qua:
933 5626 1186 5696 prmdicta
1214 5637 1339 5680 sunt
1364 5627 1598 5681 vincitur
1630 5642 1658 5678 a
1698 5625 1899 5678 lumine
1930 5624 2072 5694 quod

497 5716 636 5769 cmlo
683 5720 927 5787 superius
961 5718 1209 5773 habetur.
1258 5718 1323 5771 Et
1346 5718 1616 5786 quomodo
1646 5718 1831 5771 eadem
1878 5716 2074 5771 Paulus

568 5894 613 5927 "
652 5894 818 5951 lCur.
844 5911 931 5961 xv,
964 5897 1039 5952 ll.
1120 5899 1161 5931 "
1198 5895 1373 5952 lTun.
1408 5913 1477 5959 ιι.
1516 5898 1598 5953 16.

1680 5898 1722 5931 ³⁸
1763 5896 1951 5955 Matth.
1987 5914 2059 5965 tv,
2089 5894 2170 5954 l9.

2187 4707 2358 4759 lorum
2392 4706 2573 4760 decies
2616 4706 2883 4769 millibus,
2931 4716 2983 4759 et
3037 4706 3485 4774 archangelorum
3514 4690 3761 4757 .millibus

2186 4800 2238 4853 in
2274 4800 2374 4852 alia
2410 4800 2517 4852 vita
2552 4810 2606 4852 et
2657 4800 3042 4853 constitutione
3084 4808 3134 4852 et
3167 4798 3577 4854 conversatione
3621 4797 3760 4865 posi—

2188 4902 2296 4955 tus,
2342 4892 2694 4945 obliviscatur
2729 4892 2906 4944 omnia
2953 4906 3072 4958 qua:
3101 4890 3325 4951 dimisit,
3369 4903 3465 4941 nec
3497 4888 3759 4941 alienetur

2185 4984 2312 5035 illic.
2360 4980 2474 5035 Non
2508 4983 2833 5035 alieuahitur
2876 4990 3054 5034 autem
3101 4982 3142 5034 si
3184 4980 3270 5033 hic
3304 4989 3498 5047 putans
3535 4994 3591 5031 se
3621 4994 3757 5042 esse,

2185 5074 2416 5126 voluerit
2450 5075 2646 5140 smpius
2677 5090 2863 5127 eorum
2912 5088 3029 5141 quae
3067 5074 3151 5125 hic
3196 5082 3318 5125 sunt
3368 5052 3756 5142 ignobilitatem

2185 5168 2386 5227 videre,
2416 5179 2468 5219 ct
2510 5170 2822 5230 motionem,
2857 5178 2912 5219 ct
2964 5166 3390 5229 iustabilitatcm,
3421 5174 3474 5219 et
3505 5164 3756 5219 deﬂuxiov

2183 5274 2325 5321 nem,
2365 5272 2418 5312 et
2459 5259 2813 5313 defectionem
2842 5299 2855 5320 ,
2902 5269 2957 5311 et
3002 5259 3409 5311 diminutionem
3443 5275 3455 5311 :
3493 5259 3617 5324 quia
3663 5259 3753 5310 ob-

2183 5353 2491 5405 scurabitur
2535 5360 2588 5403 ct
2639 5367 2743 5403 non
2791 5352 2995 5415 stabit;
3038 5351 3160 5418 quia
3194 5362 3245 5404 et
3286 5350 3503 5419 quando
3548 5350 3753 5399 videtur

2186 5458 2526 5511 promovere,
2577 5458 2669 5510 per
2716 5442 2912 5496 tnultos
2962 5459 3123 5498 casus
3152 5443 3300 5495 venit
3340 5444 3403 5494 ad
3456 5442 3754 5495 incremen-

2185 5544 2318 5587 tum.
2361 5537 2493 5588 Cum
2531 5537 2643 5589 hazc
2678 5535 2856 5587 omnia
2900 5536 3306 5605 contempserit,
3340 5534 3423 5586 illa
3456 5544 3629 5585 autent
3660 5538 3749 5585 de-

2192 5626 2555 5692 sideraverit;
2592 5636 2645 5680 et
2676 5626 2798 5681 hinc
2830 5626 2942 5694 jam
2987 5629 3087 5681 ista
3111 5628 3325 5695 quidem
3352 5626 3629 5695 despiciet,
3663 5624 3746 5675 illa

2186 5728 2360 5773 autent
2395 5718 2778 5785 considerabit,
2830 5732 2883 5775 et
2924 5721 3138 5777 erolans
3184 5720 3500 5789 pervidebit.
3552 5715 3746 5770 Factus
