3956 6546
220 427 361 483 “55

996 425 1086 482 DE
1124 424 1214 483 EO
1250 423 1439 493 QUOD
1478 424 1659 484 DEUS
1696 424 1924 485 PATER
1965 430 2474 486 INCORPORAUS
2516 430 2661 487 EST.

3331 441 3476 496 HM

220 550 387 616 igitur
424 562 545 599 cum
587 548 678 600 his;
711 546 776 601 ad
808 560 871 600 ea
913 555 1032 615 qum
1064 546 1354 610 desiderat,
1401 549 1541 603 scies
1574 565 1691 615 quae
1722 561 1802 603 est
1832 557 1874 613 Α
1904 550 2029 621 quia
2084 550 2513 603 transcendinms
2548 561 2805 604 naturam
2832 569 2845 605 :
2892 551 3159 621 spiritalis
3184 553 3351 624 igitur
3375 559 3474 625 qui

218 642 457 710 dignitas
478 641 763 708 cogitatus.
788 639 922 694 Cum
953 641 1161 711 angelis
1195 641 1443 696 homines
1475 642 1621 696 ccelo'
1644 659 1797 712 supe-

219 733 334 786 rius
363 733 671 802 terrenique
700 733 947 787 machina
990 734 1110 801 quis
1138 733 1239 786 erit
1270 733 1397 797 dux,
1428 735 1547 801 quis
1582 750 1795 788 sursum

218 824 478 885 adducet,
516 822 609 875 sed
646 834 751 874 non
783 822 1041 876 concedet
1072 830 1283 875 natura.
1337 821 1623 875 Descendit
1656 821 1796 877 Deus

221 915 314 967 Dei
338 913 507 967 Filius
532 913 675 978 inde,
710 923 764 968 et
788 913 1142 978 descendens,
1180 914 1305 983 quia
1336 914 1649 968 incredibile
1679 924 1796 968 erat

219 1006 467 1058 homines
503 1004 610 1058 illic
642 1004 958 1067 ascendere,
1000 1006 1291 1073 assumpsit
1327 1007 1427 1059 hoc
1461 1007 1793 1071 incredibile,

220 1095 325 1150 hoc
360 1105 444 1149 est
471 1107 713 1150 nostrum
738 1110 952 1164 corpus,
983 1111 1014 1149 e
1056 1110 1271 1148 summo
1312 1097 1643 1149 descendens
1690 1111 1793 1151 non

220 1187 290 1239 ad
318 1186 689 1242 confusionem
716 1228 731 1253 ,
765 1189 859 1243 sed
892 1187 958 1240 ad
1008 1186 1237 1240 salutem
1278 1191 1394 1257 ejus
1427 1189 1516 1257 qui
1547 1202 1793 1243 assume-

217 1278 401 1331 batur.
440 1270 495 1332 Si
526 1279 693 1348 igitur
722 1278 861 1332 Deus
890 1291 991 1331 non
1022 1278 1337 1346 assumpsit,
1368 1279 1456 1347 qui
1484 1292 1587 1332 non
1617 1282 1805 1334 credis

218 1370 263 1421 si
297 1368 493 1423 ccelum
525 1370 770 1423 concedit
799 1370 905 1430 his,
935 1370 1076 1437 quod
1124 1369 1342 1425 adducit
1381 1384 1596 1424 sursum
1626 1370 1673 1423 is
1699 1374 1789 1439 qui

218 1461 286 1514 de
322 1462 458 1513 coelo
482 1460 792 1523 descendit,
818 1460 909 1513 sed
939 1461 1171 1513 nondum
1197 1474 1256 1513 ea
1287 1475 1405 1528 qua
1434 1460 1608 1514 futura
1642 1472 1789 1525 sunt,

218 1551 313 1603 sed
347 1552 566 1604 interim
602 1566 662 1605 ea
707 1566 827 1621 quze
879 1561 1055 1619 potest
1089 1553 1381 1622 cogitatus,
1414 1554 1677 1621 siquidem
1708 1564 1792 1608 est

216 1655 271 1697 et
303 1644 606 1706 admiratio,
654 1645 779 1712 quia
813 1645 865 1697 in
897 1658 1124 1711 corpore
1168 1646 1513 1708 constitutus,
1562 1656 1616 1700 et
1648 1649 1788 1701 circa

218 1746 416 1799 corpus
445 1742 620 1800 potest
661 1736 931 1801 deponere
962 1747 976 1785 :
1009 1749 1111 1786 non
1150 1742 1206 1787 ut
1238 1750 1339 1788 non
1384 1738 1666 1801 moriatur,
1698 1739 1789 1793 sed

218 1830 277 1872 ut
323 1836 440 1873 eam
483 1836 601 1889 qmc
652 1837 776 1876 vere
826 1823 929 1875 vita
974 1835 1053 1875 est
1097 1824 1261 1876 vivat.
1318 1826 1477 1879 Forte
1519 1839 1699 1881 autem
1738 1838 1791 1881 et

1902 641 2125 703 dicitur,
2157 642 2383 707 angelus
2432 640 2771 709 appelletur;
2815 655 2919 695 non
2955 642 3081 710 quia
3114 643 3185 696 ita
3225 641 3343 711 ejus
3370 660 3483 699 na~

1902 742 2018 784 tura
2050 741 2154 793 est,
2185 732 2277 784 sed
2314 731 2487 797 magis
2517 745 2631 784 non.
2653 729 2948 786 eiﬁeiamur
2981 747 3128 787 caro.
3175 733 3283 788 Nec
3313 735 3469 791 valde

1896 820 2231 875 confidamus
2263 819 2500 871 animus:
2535 819 2723 873 oculus
2763 820 2905 873 enim
2942 820 3063 876 sine
3085 819 3295 875 lumine
3322 832 3477 877 tene-t

1896 910 2089 965 brosus
2119 920 2224 971 est,
2256 920 2308 963 et
2342 909 2611 977 cogitatus
2640 910 2757 964 sine
2783 908 3071 964 efﬁcientia
3101 925 3329 980 superna
3356 913 3470 965 vult

1895 1002 2098 1067 videre,
2122 1002 2265 1057 sicut
2295 1002 2484 1057 oculus
2520 1001 2573 1056 in
2622 1013 2803 1065 nocte,
2843 1010 2898 1056 et
2933 1002 3227 1066 desiderat,
3268 1015 3322 1059 et
3365 1003 3471 1057 illi-

1895 1096 2068 1162 citur;
2108 1095 2322 1149 laborat
2365 1104 2566 1155 autem,
2612 1092 2743 1160 quia.
2772 1108 2881 1149 non
2911 1093 3057 1147 valet
3084 1109 3099 1148 :
3132 1109 3252 1147 cum
3285 1103 3477 1149 autem

1896 1184 2175 1240 advenerit
2221 1184 2428 1248 lumen,
2466 1183 2695 1237 efﬁcitur
2744 1184 2950 1238 oculus.
3005 1184 3079 1238 Ita
3116 1195 3173 1240 et
3199 1185 3479 1255 cogitatusi

1892 1276 2010 1330 sine
2053 1276 2367 1345 operatione
2402 1275 2639 1344 Spiritus
2684 1275 2859 1329 sancti
2915 1274 3126 1344 paipat,
3177 1277 3471 1344 contingit,

1895 1376 2195 1434 promovet,
2229 1366 2450 1430 crescit,
2486 1373 2636 1433 putat
2664 1366 2795 1432 quia
2832 1365 2935 1419 iste
2975 1365 3111 1435 lapis
3150 1367 3289 1420 forte
3327 1368 3475 1422 Deus

1891 1466 1995 1521 est,
2028 1458 2169 1511 istud
2213 1473 2405 1512 aurum
2448 1456 2587 1512 forte
2620 1456 2780 1518 Deus,
2821 1464 2873 1510 et
2910 1457 3010 1511 hoc
3053 1456 3272 1526 lignum.
3330 1457 3472 1512 Dicit

1892 1550 2034 1604 enim
2066 1550 2205 1619 apud
2233 1562 2326 1604 se:
2358 1548 2527 1602 Putas
2564 1561 2712 1600 mare
2738 1545 2883 1599 Deus
2923 1546 3052 1599 est?
3082 1557 3241 1614 putas
3277 1555 3421 1599 terra
3444 1547 3470 1598 τ

1891 1654 2046 1710 putas
2070 1658 2161 1695 aer
2186 1641 2209 1695 ?
2236 1640 2392 1698 Unde
2420 1650 2472 1694 et
2501 1651 2767 1695 creatura:
2807 1638 3198 1692 transtulerunt
3227 1638 3471 1698 nomina.

1892 1745 1949 1788 ut
1983 1751 2085 1787 non
2134 1734 2223 1787 his
2254 1746 2373 1802 quae
2417 1732 2470 1785 in
2521 1734 2911 1786 consuetudine
2951 1742 3079 1785 sunt
3119 1731 3471 1800 appellantes,

1893 1825 1984 1877 sed
2037 1838 2097 1876 ea
2145 1838 2267 1888 quae
2310 1822 2563 1875 colebant
2612 1822 2976 1885 nominantes,
3017 1822 3469 1899 convincerentur

215 1912 435 1978 quidam
474 1914 752 1967 audientes
782 1931 918 1966 nunc
948 1915 1076 1967 istos
1107 1930 1405 1981 sermones,
1432 1932 1553 1971 cum
1582 1932 1785 1971 sermo—
1823 1908 1860 1960 Β
1889 1917 2012 1982 quia
2036 1917 2142 1969 vim
2178 1916 2455 1977 faciebant
2474 1914 2728 1983 opificiis.
2780 1915 2880 1981 Qui
2908 1924 3087 1968 autem
3122 1916 3275 1969 valde
3307 1928 3467 1985 puta-

217 2001 379 2055 mbus
433 2004 645 2057 accensi
686 2003 809 2056 illud
847 2004 1061 2071 quidem
1113 2005 1253 2073 quod
1308 2017 1461 2060 erant
1527 2009 1789 2077 deposue-

218 2104 364 2156 runt,
394 2094 536 2158 quod
570 2104 748 2147 autem
782 2110 885 2148 non
923 2107 1075 2149 erant
1110 2096 1285 2150 eil‘ccti
1310 2108 1606 2152 noscuntur
1633 2116 1647 2152 :
1677 2100 1789 2153 sic-

216 2193 277 2235 ut
332 2180 532 2235 fcrrum
567 2184 834 2252 quoddam
863 2186 911 2237 in
945 2186 1064 2255 igne
1098 2186 1354 2252 furatum,
1389 2200 1544 2257 negat
1570 2190 1787 2257 quidem

215 2275 453 2343 nigrum,
484 2286 641 2344 negat
668 2276 845 2329 album
877 2278 1133 2338 colorem,
1155 2290 1208 2330 et
1238 2289 1377 2332 totus
1403 2280 1627 2334 edicitur
1652 2282 1790 2350 ignis

215 2379 273 2421 et
299 2369 479 2421 calore
510 2375 562 2421 et
588 2370 868 2435 incendio;
921 2371 991 2422 ita
1026 2369 1161 2422 forte
1191 2372 1407 2438 quidam
1446 2372 1556 2443 (57)
1584 2387 1789 2425 sermo.

217 2461 376 2513 nibus
416 2460 531 2513 istis
556 2462 787 2528 accensi,
820 2477 1011 2531 corpus
1054 2465 1268 2531 quidem
1303 2474 1356 2516 et
1385 2465 1629 2529 corporis
1660 2478 1785 2534 gra.

216 2551 483 2617 vedincm,
529 2562 584 2605 et
628 2553 778 2619 vitia,
809 2563 863 2606 et
901 2554 1268 2622 promotioues
1308 2554 1613 2608 incidentes
1662 2570 1787 2624 pro-

211 2642 481 2707 iecerunt,
523 2642 619 2710 ipsi
657 2651 837 2695 autem
864 2645 1202 2696 sermonibus
1245 2644 1362 2697 istis
1386 2644 1665 2699 evolnutes
1691 2646 1783 2699 de~

217 2747 429 2786 sursum
462 2747 557 2787 nos
589 2734 916 2803 respiciunt;
954 2734 996 2787 si
1026 2746 1201 2787 tamen
1234 2734 1340 2789 illic
1370 2734 1546 2790 effecti
1576 2738 1789 2805 patitur-

220 2834 304 2877 tur
344 2824 616 2893 respicere
650 2824 794 2890 istic,
831 2834 883 2878 et
922 2840 1027 2878 non
1067 2826 1160 2880 toti
1196 2826 1306 2880 illic
1349 2827 1628 2881 constituti
1666 2840 1788 2897 pte-

219 2916 458 2969 nitentur
498 2915 623 2982 quia
660 2917 733 2970 ita
763 2917 914 2969 tarde
948 2926 1000 2971 et
1036 2931 1139 2971 non
1168 2926 1297 2973 ante
1323 2917 1445 2973 hoc.
1491 2918 1655 2974 Forte
1687 2935 1787 2974 au-

218 3014 325 3060 tem
355 3020 456 3061 nec
480 3008 727 3076 peeniteri
760 3008 864 3063 illis
896 3008 1006 3075 jam
1036 3019 1210 3073 vacat,
1244 3010 1335 3079 qui
1373 3011 1444 3064 ita
1489 3011 1624 3065 laetis
1667 3026 1788 3080 quae

217 3099 328 3153 illic
353 3110 479 3154 sunt
509 3099 666 3155 factis
690 3110 1009 3166 noscuntur,
1040 3116 1145 3156 non
1173 3103 1252 3157 eis
1275 3110 1359 3157 est
1390 3103 1558 3157 otium
1590 3104 1643 3156 in
1676 3118 1788 3157 me-

218 3192 447 3246 moriam
494 3193 739 3262 redigere
792 3207 877 3256 ea,
929 3208 959 3247 a
1014 3195 1208 3264 quibus
1248 3194 1457 3249 liberati
1510 3195 1784 3250 videntur.

215 3284 519 3340 Istiusmodi
559 3286 702 3340 enim
759 3285 1007 3339 homines
1052 3285 1160 3341 illic
1196 3301 1300 3340 non
1360 3294 1486 3341 sunt
1520 3286 1785 3341 homines.

217 3376 328 3432 Sed
356 3377 495 3432 sicut
526 3378 741 3432 domum
792 3377 1004 3447 plenam
1056 3378 1406 3448 thymiamate
1445 3379 1694 3449 ingressi,
1734 3391 1789 3434 et

208 3470 324 3539 jam
371 3470 640 3525 sensimus
663 3470 805 3538 quod
842 3483 1049 3533 sumus,
1084 3469 1441 3525 nihilominus
1492 3481 1673 3524 tamen
1705 3485 1787 3524 re-

215 3562 484 3627 dolemus,
534 3571 595 3615 ut
651 3561 945 3633 thymiama
982 3561 1109 3616 facti
1147 3580 1160 3615 :
1195 3563 1266 3616 ita
1306 3572 1359 3618 et
1402 3562 1494 3632 qui
1525 3561 1635 3617 illic
1674 3562 1785 3631 jam

198 3653 344 3745 ifacti
382 3650 507 3706 sunt
557 3654 797 3718 accensi,
846 3654 1012 3707 veluti
1065 3671 1094 3707 a
1150 3663 1338 3708 natura
1370 3655 1571 3724 egressi
1600 3674 1612 3709 :
1642 3655 1786 3725 quod

215 3753 396 3797 autem
430 3745 665 3813 sapiunt,
693 3742 867 3797 eil‘ecti
899 3752 1025 3798 sunt
1049 3744 1159 3797 illic
1184 3744 1381 3813 angeli.
1408 3744 1615 3810 Quibus
1642 3746 1785 3797 enim

215 3835 523 3888 intellectus
550 3852 612 3888 ex
649 3835 959 3888 imitatione
997 3848 1181 3902 arquus
1206 3834 1411 3903 angelis
1441 3833 1670 3886 habetur
1694 3843 1787 3885 aut

198 3910 426 3990 'similis,
472 3925 587 3979 istis
623 3941 727 3979 non
782 3924 1031 3995 prohibet
1072 3934 1264 3978 natura
1302 3924 1784 3979 conversationem.

199 3998 334 4083 :Qua
363 4021 503 4072 enim
533 4017 598 4072 de
624 4034 785 4072 causa
815 4020 1061 4073 carnales
1094 4033 1190 4071 nos
1237 4028 1393 4072 vocat
1422 4017 1640 4081 Paulus,
1679 4032 1784 4070 non

200 4094 478 4161 'seduceus
506 4120 719 4163 nostras
762 4110 995 4174 animas,
1031 4109 1202 4179 magis
1239 4120 1418 4162 autem
1460 4108 1781 4162 subduceris.

212 4199 347 4266 Quis
373 4201 513 4253 enim
552 4212 793 4254 mortuus
838 4199 1059 4255 effectus
1099 4202 1400 4256 fornicatur
1438 4210 1531 4254 aut
1581 4199 1784 4254 adulte-

215 4290 341 4344 rat?
390 4290 524 4344 Dicit
576 4294 716 4345 enim
776 4293 888 4361 ipse
912 4292 1222 4361 Apostolus,
1270 4291 1623 4345 manifestans
1670 4289 1783 4361 (58)

211 4391 378 4445 opera
419 4378 598 4431 carnis
648 4391 764 4446 qua:
817 4389 943 4433 sunt
989 4380 1356 4444 adulterium,
1410 4379 1693 4435 foruicatio
1715 4380 1780 4434 ‘°.

209 4466 407 4523 Carnis
444 4482 605 4539 opera
641 4471 742 4523 ista
779 4482 903 4524 sunt
932 4489 943 4524 :
984 4472 1109 4539 quis
1143 4471 1289 4523 enim
1321 4479 1563 4526 mortuus
1594 4471 1675 4526 his
1699 4472 1783 4526 in-

1893 2017 2082 2061 verunt
2134 2022 2192 2061 se
2239 2007 2556 2071 ascendere,
2606 2022 2821 2061 sursum
2882 2009 3261 2075 pervenientes
3293 2022 3468 2077 usque

1893 2101 1959 2151 ad
2012 2098 2214 2162 stellas,
2269 2107 2631 2152 occurrerunt
2677 2097 2815 2150 luutc
2870 2107 2927 2150 et.
2980 2098 3231 2150 viderunt
3271 2096 3464 2163 solem,

1892 2190 2027 2244 forte
2068 2204 2247 2243 autem
2294 2199 2347 2243 et
2393 2190 2614 2253 cmlum,
2667 2199 2721 2243 et
2778 2199 3197 2257 permanserunt
3240 2189 3367 2252 illic,
3410 2198 3469 2244 et

1891 2284 2033 2350 passi
2074 2292 2198 2335 sunt
2242 2280 2429 2334 vitium
2478 2280 2797 2333 sceleratum
2833 2296 2846 2332 :
2887 2280 3030 2333 sicut
3062 2280 3153 2347 qui
3188 2278 3254 2332 ad
3284 2293 3464 2347 regem

1892 2376 2124 2437 festinat,
2159 2373 2225 2427 ad
2266 2372 2412 2442 regia
2448 2371 2637 2441 palatii
2675 2372 2959 2434 accedens,
2997 2385 3189 2441 magna
3231 2380 3286 2427 et
3320 2372 3463 2426 clara

1890 2473 1944 2516 et
1973 2464 2080 2531 regi
2114 2463 2273 2533 digna
2303 2464 2643 2530 conspiciat;
2692 2473 2745 2514 et
2775 2477 2894 2515 cum
2940 2461 3131 2516 debeat
3175 2460 3346 2530 magis
3373 2463 3464 2515 de-

1889 2553 2140 2608 siderium
2171 2570 2323 2606 suum
2348 2554 2417 2607 ad
2446 2569 2566 2607 enm
2601 2552 2689 2621 qui
2726 2553 2986 2621 queritur
3016 2552 3317 2622 propalare,
3351 2563 3465 2606 etu-

1890 2661 2025 2714 pens
2051 2646 2231 2698 valvas
2279 2645 2477 2712 regias,
2526 2655 2581 2699 et
2628 2654 2824 2714 putans
2881 2645 3016 2699 nihil
3066 2644 3296 2713 amplius
3343 2659 3465 2700 esse

1892 2752 2071 2807 regem
2126 2753 2155 2790 a
2208 2736 2339 2801 suis,
2388 2737 2619 2791 resideat
2657 2739 2725 2791 ad
2750 2752 2813 2791 ea
2843 2751 2965 2806 quae
2993 2738 3169 2806 prima
3209 2751 3464 2792 occurre-

1892 2838 2034 2894 rant,
2070 2826 2354 2882 fraudatur
2400 2828 2540 2898 regis
2590 2827 2799 2883 visione
2838 2838 2894 2882 et
2936 2839 3149 2883 natura.
3203 2827 3313 2883 Sed
3355 2842 3458 2884 nos

1890 2932 1995 2973 non
2029 2919 2261 2973 retineat
2307 2929 2471 2984 terra,
2503 2933 2607 2975 non
2639 2919 2895 2990 pmfocet
2924 2934 3106 2983 mare;
3141 2935 3251 2974 non
3285 2916 3459 2973 oﬂ'en.

1889 3012 2082 3065 damus
2115 3010 2168 3063 in
2196 3010 2389 3074 stellis,
2420 3026 2523 3064 non
2554 3011 2975 3065 obtenebremur
3019 3026 3051 3070 a
3089 3010 3238 3075 luna,
3286 3025 3461 3079 neque

1890 3117 1988 3156 nos
2021 3100 2275 3173 caiiginet
2323 3101 2442 3168 sol;
2494 3118 2599 3156 non
2644 3102 2883 3157 detineat
2922 3101 3161 3157 calum:
3203 3102 3461 3157 Dominus

1888 3194 2032 3247 enim
2061 3203 2113 3248 et
2141 3192 2322 3263 opifex
2358 3202 2414 3249 et
2442 3203 2656 3249 creator
2690 3194 2929 3249 omnium
2958 3208 3143 3253 eorum
3166 3210 3287 3265 qua
3313 3195 3459 3252 dicta

1889 3292 2015 3337 sunt
2046 3295 2100 3339 et
2134 3300 2239 3339 non
2289 3294 2416 3339 sunt
2445 3285 2585 3338 dicta
2610 3322 2626 3348 ,
2669 3294 2756 3338 est
2797 3283 2885 3339 ille
2920 3285 3012 3353 qui
3052 3286 3331 3353 qumritur.
3377 3286 3459 3339 Ad

1890 3372 2059 3427 Deum
2092 3375 2272 3445 igitur,
2328 3391 2363 3430 ο
2414 3377 2596 3440 homo,
2646 3376 2713 3429 ad
2758 3378 2922 3431 Deum
2964 3376 3161 3432 borum
3216 3376 3459 3433 omnium

1888 3481 2008 3534 qua:
2038 3467 2173 3521 bona
2201 3476 2254 3521 ct
2291 3467 2439 3521 clara
2473 3483 2620 3525 sunt.
2658 3467 2801 3522 Nihil
2838 3467 3091 3523 miserius
3109 3477 3373 3538 estquam
3399 3477 3461 3523 ut

1886 3559 2008 3627 quis
2049 3559 2100 3612 iu
2135 3559 2335 3614 lumine
2374 3559 2611 3615 oil‘endst
2643 3577 2659 3616 :
2695 3562 2786 3616 sed
2822 3575 3087 3615 eiecerunt
3127 3562 3229 3615 hoc
3269 3560 3458 3616 vitium

1886 3660 1988 3704 cst.
2020 3649 2131 3704 Non
2155 3653 2571 3707 obtenebremur
2588 3669 2617 3707 a
2639 3653 2786 3707 sole:
2815 3653 2966 3708 vides
2983 3668 3103 3709 eum
3120 3652 3385 3709 orientem
3407 3662 3462 3709 et

1888 3743 2250 3808 occidentem,
2292 3754 2348 3798 et
2378 3745 2658 3799 cedentem
2690 3746 2978 3800 mensuris.
3008 3744 3113 3800 Sed
3146 3745 3259 3815 ipse
3286 3758 3462 3814 praeco

1886 3845 1973 3888 est
2014 3836 2082 3888 ab
2117 3838 2325 3891 oriente
2370 3852 2540 3905 usque
2593 3835 2661 3891 ad
2700 3852 2978 3903 occasum,
3035 3836 3291 3907 praedicat
3337 3850 3459 3890 eum

1884 3924 1976 3991 qui
2006 3939 2067 3977 se
2090 3924 2217 3977 fecit
2244 3936 2297 3979 et
2322 3927 2477 3990 dicit,
2505 3930 2550 3981 si
2584 3938 2761 3981 tamen
2798 3936 2853 3981 tu
2878 3928 3056 3993 audis,
3090 3929 3261 3997 magis
3282 3936 3459 3981 autem

1885 4016 1928 4068 si
1961 4015 2149 4069 vides:
2180 4015 2297 4069 Non
2326 4033 2444 4070 sum
2477 4033 2576 4088 ego
2606 4017 2769 4079 Deus,
2797 4019 2891 4073 sed
2925 4018 3014 4073 ille
3058 4016 3212 4084 cujus
3260 4031 3376 4072 sum
3407 4027 3460 4072 et

1884 4117 1984 4173 ego
2012 4105 2309 4173 opificium.
2353 4105 2436 4160 lle
2465 4107 2634 4171 vides,
2670 4107 2761 4161 ille
2789 4105 3075 4161 invisibilis
3106 4117 3205 4161 est.
3240 4104 3462 4160 Visibilo

1885 4198 1952 4249 ad
2001 4195 2273 4251 invisibile
2320 4199 2589 4252 contraria
2622 4208 2705 4252 est
2739 4208 2976 4253 natura:
3012 4213 3132 4250 nam
3180 4198 3289 4252 etsi
3340 4211 3460 4251 sum

1886 4289 2066 4343 clarus
2100 4291 2239 4342 sicut
2261 4305 2402 4354 sum,
2441 4290 2530 4345 sed
2563 4290 2740 4345 clarus
2770 4295 2858 4358 qui
2890 4290 3077 4344 videor
3108 4305 3124 4341 :
3161 4288 3249 4342 ille
3278 4298 3459 4343 autem

1886 4380 2254 4436 iuvisibilitate
2287 4382 2623 4436 transcendit
2648 4381 2950 4451 fulgoribus
2979 4380 3184 4436 omnia.
3224 4378 3340 4436 Non
3374 4394 3461 4434 me

1884 4472 2161 4525 heuorans
2191 4471 2531 4527 debonestes.
2581 4470 2697 4525 Non
2724 4487 2844 4526 sum
2879 4472 3122 4538 ingratus
3152 4471 3220 4524 ad
3259 4470 3457 4526 Condi-

199 4561 487 4615 monitor?
518 4559 641 4615 Haec
665 4576 792 4629 ergo
818 4565 1063 4615 viventes
1092 4562 1291 4615 animis
1315 4574 1434 4615 cum
1462 4563 1779 4630 corporibus
1813 4573 1855 4627 ι)
1886 4570 2057 4615 torem
2083 4581 2096 4615 :
2137 4559 2408 4615 sufﬁciunt
2441 4562 2569 4616 mibi
2618 4562 2885 4617 beneﬁcia
2915 4577 3034 4629 qua:
3082 4560 3270 4630 accepi
3299 4579 3317 4617 ε
3350 4561 3459 4615 noli

199 4669 336 4706 £11m
365 4650 600 4707 declives
646 4653 903 4706 fuerimus
934 4654 998 4705 ad
1032 4664 1246 4715 carnes,
1272 4666 1402 4707 care
1435 4663 1642 4707 tantum
1679 4669 1775 4708 vo-

209 4760 437 4811 camur;
472 4758 592 4799 cum
622 4755 803 4800 autem
839 4745 1265 4814 promoverimus
1288 4747 1353 4797 ad
1380 4746 1640 4809 animam,
1663 4746 1779 4799 ani-

194 4837 366 4891 .malis
392 4836 553 4891 homo
579 4837 807 4891 dicimur
844 4854 858 4891 :
896 4852 1018 4891 cum
1053 4846 1232 4889 autem
1286 4836 1780 4892 transcenderimus

190 4935 482 4993 Maturam,
518 4929 777 4999 spiritalis
808 4931 970 4983 homo
1002 4929 1354 4998 appellamur.
1429 4929 1492 4983 Et
1530 4943 1637 4981 non
1666 4928 1777 4996 jam

189 5021 339 5091 iqoia
362 5021 594 5076 carnalis
624 5028 841 5075 vocatus
866 5031 968 5082 est,
1004 5020 1285 5074 fraudatus
1320 5030 1401 5074 est
1429 5019 1606 5072 anima
1642 5035 1657 5073 :
1696 5031 1783 5071 ne-

188 5128 315 5181 ηιιο
337 5114 462 5181 quia
494 5112 741 5165 animaiis
764 5112 941 5167 dictus
962 5122 1065 5179 est,
1092 5114 1202 5181 jam
1230 5126 1333 5164 nun
1358 5110 1523 5164 habet
1548 5121 1777 5179 corpus;

208 5203 560 5273 siquidemet
591 5204 825 5274 spiritali
870 5204 1075 5259 homini
1105 5215 1159 5259 et
1185 5216 1380 5274 corpus
1424 5204 1565 5257 inest
1592 5214 1647 5256 ut
1684 5203 1780 5256 lio-

208 5293 343 5347 mini
390 5301 443 5345 et
472 5294 647 5345 anima
682 5301 739 5345 ut
767 5293 978 5348 animm.
1024 5293 1080 5347 Si
1111 5302 1289 5347 autem
1322 5302 1380 5347 et
1422 5291 1547 5346 istic
1576 5290 1782 5344 consti-

198 5383 334 5445 tuti,
360 5381 578 5449 quidam
598 5381 816 5451 quidem
841 5396 970 5438 caro
1001 5392 1209 5436 tantum
1235 5396 1443 5445 sursus,
1471 5379 1600 5452 quis
1624 5381 1781 5435 decit-

190 5486 305 5528 tves
340 5471 538 5527 fuimus
556 5472 634 5527 ad
668 5483 903 5538 terram;
937 5475 1026 5536 alii
1067 5475 1248 5527 anima
1277 5481 1507 5537 tantum,
1540 5471 1666 5542 quia
1700 5472 1780 5525 in-

188 5564 295 5617 iter
340 5574 629 5634 utrumque
693 5573 937 5628 stamus;
1005 5565 1094 5628 alii
1159 5565 1431 5636 spiritales
1494 5577 1752 5627 vocamur

281 5680 326 5711 ‘°
357 5678 470 5734 Gul.
512 5696 561 5744 v,
604 5680 656 5733 9.

277 5798 390 5867 (57)
428 5798 669 5867 Quidam.
706 5797 883 5860 Forte,
914 5796 1159 5867 quidam.

278 5866 390 5942 (58)
428 5869 522 5923 Ms.
563 5866 838 5937 Manifesta
880 5879 997 5922 sunt
1038 5882 1211 5937 opera.

1884 4652 2083 4706 addere
2116 4652 2257 4721 quod
2310 4668 2414 4705 non
2464 4653 2727 4722 suscipio.
2779 4653 3038 4707 Creatura
3088 4667 3236 4716 sum,
3265 4662 3320 4708 et
3354 4668 3457 4707 non

1884 4740 2151 4807 Creator;
2202 4742 2479 4809 opificium
2521 4755 2575 4797 et
2605 4759 2710 4797 non
2737 4743 2956 4813 opifex;
3010 4743 3188 4799 factus
3230 4758 3375 4808 sum,
3407 4753 3461 4797 et

1884 4847 1991 4887 non
2027 4834 2071 4886 is
2102 4836 2191 4901 qui
2226 4834 2389 4899 fecit;
2429 4836 2586 4890 istinc
2621 4850 2743 4888 sum
2765 4836 2924 4898 cmio,
2958 4846 3014 4890 et
3043 4835 3169 4891 inde
3194 4834 3365 4889 oculis
3388 4834 3459 4887 vi-

1887 4926 2056 4978 deor:
2089 4924 2179 4979 ille
2230 4927 2512 4979 invisibilis
2559 4936 2663 4980 est.
2702 4927 2814 4997 Ego
2848 4928 2899 4981 ie
2950 4926 3071 4981 loco
3108 4924 3459 4981 confirmatus

1886 5032 2005 5071 sum
2034 5036 2051 5072 :
2082 5018 2170 5072 ille
2198 5017 2333 5071 liber
2365 5020 2433 5072 ab
2457 5020 2605 5072 omni
2637 5030 2723 5073 est
2753 5020 2889 5075 loco.
2915 5020 3030 5089 Ege
3050 5019 3315 5087 parietem
3334 5016 3457 5072 cali

1886 5117 2045 5163 teneo
2094 5111 2145 5164 iu
2186 5125 2299 5180 qua
2347 5126 2466 5163 sum
2511 5122 2565 5165 et
2613 5112 2869 5182 positus:
2906 5111 2996 5165 ille
3040 5119 3225 5164 autem
3276 5107 3459 5177 implet

1887 5200 2089 5256 omnia.
2139 5200 2248 5271 Ego
2283 5218 2346 5257 ex
2377 5202 2494 5257 loco
2523 5203 2595 5257 ad
2623 5203 2800 5258 locum
2829 5205 3073 5256 accedo:
3118 5200 3208 5256 ius
3238 5210 3293 5257 et
3326 5199 3456 5255 mihi

1885 5292 2157 5359 separavit
2184 5292 2380 5348 locutu.
2421 5292 2551 5348 Vide
2573 5308 2682 5359 me,
2708 5303 2764 5346 et
2787 5292 2897 5346 noti
2923 5305 3313 5347 contremuere
3340 5304 3459 5360 qua

1888 5397 1997 5435 non
2019 5394 2504 5439 conuulneratum.
2541 5382 2833 5439 Invisibilis
2862 5392 2915 5438 et
2941 5382 3167 5438 visibilis
3189 5381 3459 5450 qmnuodo

1885 5478 2395 5531 connumerantur?
2431 5477 2530 5544 Qui
2562 5477 2614 5530 iu
2647 5476 2751 5530 loci
2789 5475 2928 5545 (69),
2971 5483 3025 5530 et
3067 5478 3159 5543 qui
3194 5474 3311 5527 sine
3340 5462 3459 5533 loco

1884 5580 2044 5634 quam
2082 5568 2748 5625 halieuticommuuionem
2796 5568 3040 5625 natum?
3081 5566 3203 5639 E10.
3230 5567 3376 5625 orior
3402 5572 3458 5638 et

1958 5796 2068 5866 (59)
2110 5793 2467 5868 Lach-Forte,
2506 5794 2620 5847 loco
2661 5791 2923 5880 veljloris.
