3956 6512
518 389 658 453 1155

1185 390 1453 448 EUSEBII
1491 391 1964 448 CESARIENSlS
2001 391 2149 446 OPP.
2193 391 2372 446 PARS
2409 391 2497 447 IV.
2529 423 2597 431 ——
2637 391 3051 447 DOGMATICA.

3626 393 3761 447 1156

518 514 724 575 occido,
754 511 876 581 quia
908 518 961 564 et
992 524 1207 580 possum
1245 520 1474 579 utraque
1499 510 1566 564 ad
1595 509 1744 576 iussa
1771 514 2038 578 complere
2065 528 2078 562 :
2112 514 2155 569 Λ
2187 511 2399 575 generis
2429 510 2571 563 enim
2603 511 2922 564 miseremur
2945 511 3130 564 nostri.
3179 509 3282 563 illis
3309 511 3504 580 quippe
3543 512 3633 580 qui
3666 527 3759 562 vc-

520 605 609 658 ille
633 601 1034 672 supereminet;
1088 615 1192 652 non
1249 598 1450 668 indiget
1482 608 1540 652 ut
1567 601 1796 662 oriatur,
1846 615 1950 652 non
1983 599 2083 651 im-

519 703 694 752 mutat
739 696 934 758 locum,
961 709 1174 763 semper
1219 695 1270 746 in
1315 709 1382 747 eo
1433 694 1548 761 ipso
1578 693 1716 761 quod
1747 705 1829 746 est
1858 704 2038 746 manet
2067 709 2080 754 ;

519 801 729 855 semper
757 788 868 856 ipse
898 795 979 840 est
1004 790 1094 855 qui
1129 795 1246 849 est;
1281 786 1348 839 ab
1376 785 1466 838 illo
1496 795 1552 838 et
1577 784 1730 838 calor
1752 793 1875 847 est,
1905 786 1970 837 ab
1996 784 2084 836 illo

517 879 717 933 dantur
743 889 796 933 et
821 895 1010 932 cursus
1037 895 1322 942 mensurze,
1357 879 1424 930 ab
1477 876 1569 929 illo
1600 885 1965 929 mensuratmn
2003 885 2085 928 est

519 971 738 1024 cmlum.
799 970 933 1023 Natn
978 970 1075 1025 etsi
1124 973 1298 1038 spatio
1330 969 1486 1037 longe
1515 984 1654 1029 sttm,
1693 977 1866 1020 tamen
1905 966 2083 1020 calore

519 1061 777 1115 confiteor
801 1072 1084 1115 naturam:
1115 1062 1202 1113 ille
1231 1059 1515 1113 invisibilis
1532 1067 1632 1112 est.
1661 1058 1833 1111 Meum
1855 1059 2082 1113 intueris

517 1153 782 1220 habitum,
820 1154 906 1208 ille
935 1155 1048 1208 sine
1082 1153 1266 1206 habitu
1299 1162 1399 1204 est.
1444 1150 1615 1203 Tanta
1673 1151 1801 1204 mihi
1851 1161 1976 1203 sunt
2029 1160 2083 1204 et

518 1246 643 1309 alia,
677 1262 742 1299 ex
796 1247 988 1315 quibus
1032 1244 1162 1297 nihil
1215 1246 1279 1296 ad
1325 1243 1472 1296 illum
1519 1244 1790 1311 pertinere
1821 1244 2078 1296 videtur:

519 1354 628 1391 non
669 1349 870 1391 tactum
907 1341 1154 1402 incurrit,
1201 1354 1304 1390 non
1356 1339 1472 1390 loco
1509 1335 1764 1397 ambitur,
1809 1351 1912 1389 non
1965 1337 2080 1389 loca

517 1429 846 1494 circumdat,
881 1445 984 1482 non
1020 1431 1231 1482 habitus
1260 1429 1401 1481 circa
1457 1428 1655 1496 ipsum,
1709 1442 1815 1480 non
1866 1444 2081 1496 compo-

517 1520 640 1576 sitio
673 1521 738 1573 atl
767 1521 1007 1588 gloriam.
1039 1518 1129 1574 llle
1159 1531 1316 1573 natus
1369 1527 1567 1572 annato
1595 1528 1675 1571 est
1710 1519 1843 1588 (60),
1888 1534 1982 1586 per
2012 1520 2079 1571 il-

517 1617 627 1665 ium
671 1621 725 1666 et
768 1628 864 1680 ego
891 1622 943 1665 et
964 1612 1144 1665 omnia
1190 1612 1327 1666 facta
1353 1621 1492 1666 sunt.
1530 1610 1702 1666 Nolite
1735 1629 1819 1667 me
1846 1627 2080 1667 conver-

520 1713 634 1758 tere
677 1703 742 1756 ad
798 1703 1218 1771 blasphemiam,
1276 1719 1370 1772 per
1426 1719 1510 1757 me
1554 1704 1932 1772 blasphemare
1986 1719 2080 1757 no-

517 1795 630 1849 lite.
663 1795 860 1848 Littera
895 1809 1012 1848 sum
1035 1796 1100 1848 ad
1126 1795 1346 1865 gloriam
1376 1796 1494 1866 ejus
1521 1797 1610 1865 qui
1651 1812 1734 1851 me
1763 1797 1888 1850 fecit
1920 1814 1934 1849 :
1967 1813 2079 1851 coe-

517 1886 624 1942 lum
671 1887 811 1940 enim
851 1885 983 1940 liber
1025 1895 1107 1939 est
1141 1901 1400 1954 magnus;
1449 1902 1548 1955 ego
1582 1897 1758 1940 autem
1805 1903 1923 1940 cum
1969 1888 2082 1938 alli-

518 1974 674 2029 nibus
722 1976 854 2029 meis
891 1990 1071 2028 sumus
1122 1974 1311 2029 litterae
1346 1975 1727 2043 religiositatis.
1777 1975 1954 2044 Legite
2005 1976 2086 2028 lu-

516 2081 597 2120 nae
643 2066 935 2119 virtutem:
978 2066 1170 2119 crescit
1227 2075 1280 2118 et
1313 2065 1590 2128 minuitur,
1637 2075 1692 2118 et
1742 2079 1950 2134 semper
1982 2066 2085 2118 im-

517 2167 775 2220 mutatur,
810 2167 864 2210 et
895 2156 1174 2210 annuntiat
1216 2155 1640 2209 immutabilem:
1670 2165 1722 2210 et
1766 2157 1816 2209 in
1851 2158 1935 2209 illa
1980 2158 2084 2211 ite-

518 2265 636 2302 rum
664 2249 880 2303 habitus
915 2248 1210 2311 invenitur,
1255 2248 1518 2317 siquidem
1541 2248 1758 2302 etillam
1794 2249 1937 2302 videt
1962 2264 2088 2301 ocu-

517 2339 621 2403 lus,
669 2350 722 2393 et
762 2355 1036 2408 nunquam
1094 2339 1146 2392 in
1199 2354 1263 2394 eo
1301 2339 1418 2409 ipso
1445 2340 1582 2407 quod
1626 2349 1707 2393 est
1739 2349 1934 2393 manet.
1976 2338 2082 2392 No-

517 2430 610 2485 lite
649 2447 748 2485 uec
798 2431 952 2484 istam
1000 2445 1206 2484 mecum
1263 2430 1464 2499 pariter
1506 2430 1897 2497 blasphemare.
1946 2431 2084 2496 Quid

518 2537 616 2576 nos
645 2521 1079 2576 ealumniamini?
1109 2521 1266 2574 modo
1301 2521 1514 2589 quidem
1558 2536 1642 2574 me
1708 2522 1947 2576 dicentes
1977 2523 2086 2575 for-

517 2615 753 2668 nicatum
792 2629 930 2676 esse,
964 2613 1121 2667 modo
1157 2621 1336 2665 autem
1365 2613 1567 2676 lunam,
1610 2613 1732 2681 quia
1763 2614 2082 2668 adulterium

518 2707 754 2760 admisit.
795 2703 969 2758 Nolite
1009 2705 1275 2771 deponere
1309 2717 1402 2756 uos
1442 2714 1625 2756 contra
1667 2713 1938 2766 naturam,
1990 2722 2085 2759 ne-

515 2811 621 2868 que
657 2798 846 2850 iterum
891 2795 1148 2849 extollere
1186 2809 1348 2863 supra
1385 2802 1655 2848 naturam.
1718 2797 1906 2850 Dicitis
1957 2797 2084 2864 quia

517 2903 618 2958 ego
651 2888 859 2941 mulieri
884 2887 1262 2941 confabulatus
1287 2902 1404 2941 sum
1436 2904 1450 2939 :
1474 2886 1666 2955 quibus
1688 2889 2086 2958 operamentis?

517 2980 713 3049 quibus
734 2977 1031 3032 membris?
1061 2993 1167 3044 quo
1186 2977 1409 3030 habitu?
1434 2978 1883 3046 quemadmodum
1911 2994 2082 3032 meam

515 3071 782 3125 ﬂammam
836 3069 1001 3137 potuit
1045 3067 1296 3121 sull'erre?
1340 3067 1786 3134 quemadmodum
1836 3070 2086 3137 splendo-

516 3162 637 3215 res?
671 3160 724 3214 Si
748 3161 890 3214 enim
925 3168 1072 3212 tanto
1107 3159 1278 3225 spatio
1301 3157 1412 3228 (6t)
1446 3174 1621 3212 meum
1650 3160 1856 3212 radium
1890 3160 2083 3214 sull'er-
2110 3195 2151 3251 ο

515 3267 576 3306 re
608 3267 710 3305 non
743 3259 938 3319 potest,
965 3250 1018 3303 iu
1051 3250 1256 3303 sinibus
1286 3258 1506 3318 portare
1531 3264 1703 3303 meam
1749 3249 2081 3316 conjunctio-

515 3355 637 3394 nem
673 3339 878 3408 potuit?
901 3338 1076 3392 Nolite
1113 3340 1182 3392 ita
1215 3353 1299 3391 me
1332 3339 1558 3407 turpiter
1581 3339 1920 3404 calumniari,
1953 3344 2084 3396 noli-

515 3443 568 3484 te
598 3434 669 3484 ita
712 3431 1024 3499 insipienter
1052 3430 1311 3483 extollere
1343 3448 1356 3483 :
1387 3446 1489 3484 non
1527 3431 1696 3484 solum
1739 3434 1881 3486 enim
1916 3433 2080 3488 Deum

515 3523 800 3590 ignoratis,
829 3523 918 3574 sed
948 3533 998 3574 et
1029 3521 1243 3588 opiﬁcia
1273 3521 1437 3589 ipsius
1471 3523 1560 3575 Dei
1589 3524 1826 3578 nescitis.
1861 3525 2085 3580 Dimitti-

516 3625 567 3668 te
603 3630 685 3667 me
716 3617 837 3682 quia
879 3614 1014 3666 lixus
1048 3628 1189 3674 sum,
1229 3628 1449 3666 cursum
1492 3613 1612 3666 cceli
1639 3615 1884 3669 coniicio.
1909 3615 2082 3672 Nolite

514 3724 602 3760 me
630 3706 694 3758 ad
733 3715 929 3757 terram
966 3705 1233 3772 deponere
1278 3705 1480 3768 verbis,
1508 3719 1679 3772 neque
1714 3707 1976 3762 deducere
2004 3709 2085 3761 l'a-

513 3796 673 3850 bulis.
707 3795 817 3848 Non
846 3795 1136 3866 praevarico
1176 3793 1347 3864 legem
1383 3813 1395 3848 :
1438 3810 1650 3850 sursum
1684 3813 1800 3851 sum
1843 3799 2079 3867 positus;

513 3903 619 3940 non
651 3887 872 3940 immuto
904 3902 1118 3939 cursum
1147 3887 1496 3941 constitutum
1540 3887 1705 3951 mihi;
1743 3903 1847 3942 non
1889 3891 2082 3944 recedo

513 3981 582 4032 ab
621 3978 826 4043 oliicio;
883 3977 1052 4043 legem
1101 3977 1278 4030 datam
1321 3976 1596 4041 custodio;
1629 3991 1862 4044 agnosco
1905 3981 2080 4047 spatia

510 4069 788 4135 caali,quae
812 4077 864 4122 et
889 4067 1038 4136 jussa
1067 4081 1344 4135 percurro.
1377 4066 1599 4119 Terram
1625 4068 1835 4121 calcare
1864 4085 1968 4122 non
2000 4078 2081 4123 est

512 4170 715 4213 natura:
740 4174 869 4212 mea:
897 4177 908 4212 :
939 4160 1153 4228 quando
1180 4173 1284 4212 nox
1316 4159 1454 4212 facta
1485 4169 1570 4211 est
1596 4159 1925 4228 importuna,
1957 4162 2078 4230 quia

510 4267 610 4320 ego
639 4250 885 4303 descendi
917 4252 980 4302 ad
1013 4249 1250 4303 mulieris
1279 4250 1818 4303 communicationem
1839 4252 1856 4304 ?
1876 4263 2081 4307 cessate

511 4342 742 4408 turpiter
775 4342 1120 4404 honorantes,
1176 4339 1318 4394 {aede
1362 4342 1690 4395 deducentes
1729 4359 1742 4394 :
1781 4344 1948 4398 nolite
1985 4361 2077 4398 ora

510 4445 691 4486 vestra
717 4433 768 4484 in
807 4433 961 4486 bonis
981 4433 1224 4484 versibus
1253 4432 1408 4485 malis
1435 4433 1663 4498 negotiis
1685 4435 1916 4501 aperire.
1943 4435 2078 4500 Quid

2187 601 2359 652 stibns
2387 601 2598 670 quidem
2637 617 2694 654 se
2721 604 2943 664 nudant,
2988 617 3143 655 emno
3167 611 3343 654 autem
3388 617 3448 656 se
3480 605 3756 671 operiunt,

2186 692 2275 759 qui
2308 692 2510 760 lapides
2543 702 2779 760 portant,
2815 694 2906 762 qui
2934 695 3182 747 damnum
3227 694 3422 761 duplex
3453 695 3749 764 accipiunt,

2185 791 2314 834 utet
2347 799 2532 834 aurum
2561 783 2853 851 proferant,
2884 793 2938 836 et
2974 799 3001 835 a
3035 783 3145 837 Deo
3183 785 3449 837 decidant.
3483 783 3598 837 Non
3635 799 3759 838 ces-

2185 883 2268 928 sat
2295 874 2371 928 sol
2407 891 2503 928 nec
2540 875 2664 928 illud
2695 876 2745 928 in
2776 875 3010 928 medium
3041 875 3308 943 proferre,
3333 877 3457 944 quia
3505 885 3760 944 putantes

2184 981 2305 1018 eum
2335 967 2609 1031 deiﬁcare,
2642 970 2692 1020 in
2721 967 2805 1020 his
2836 968 3069 1019 maxime
3094 967 3146 1020 in
3181 967 3377 1035 quibus
3419 967 3757 1036 indignatur.

2183 1059 2466 1112 Adducunt
2495 1061 2635 1113 enim
2670 1061 2736 1112 ad
2766 1073 2980 1112 onmem
3026 1060 3409 1126 malignitatem
3473 1060 3758 1113 hominum

2183 1165 2368 1218 opera,
2408 1160 2459 1206 et
2514 1151 2748 1204 malitias
2797 1151 2893 1204 soli
2941 1161 2996 1204 et
3027 1151 3188 1209 lttnaa,
3226 1161 3279 1204 et
3313 1166 3436 1203 suas
3478 1151 3548 1202 illi
3574 1153 3754 1204 ascri-

2184 1244 2620 1312 pscreluxnrias.
2651 1243 2762 1296 Non
2791 1245 2913 1307 iste,
2965 1244 3158 1312 inquit,
3207 1244 3366 1296 homo
3406 1244 3618 1295 adulter
3647 1253 3763 1307 est,

2183 1332 2275 1384 sed
2307 1332 2404 1386 sol.
2430 1333 2664 1386 Veniunt
2693 1335 2834 1386 enim
2863 1338 2926 1385 ad
2953 1333 3100 1385 illum
3138 1334 3334 1398 locum,
3377 1342 3432 1387 et
3479 1335 3616 1387 mala
3656 1335 3758 1386 lto—

2185 1423 2385 1476 minum
2416 1425 2512 1477 soli
2538 1425 2834 1481 ascribunt.
2858 1426 2922 1478 Et
2945 1427 3249 1479 hominibus
3275 1427 3488 1494 quidem
3514 1426 3645 1478 nihil
3671 1442 3759 1478 re-

2184 1513 2428 1581 linquunt
2462 1515 2621 1579 mali,
2662 1531 2764 1568 non
2799 1515 3035 1569 luxurias
3082 1517 3402 1580 luxuriosis;
3437 1531 3539 1568 non
3574 1518 3754 1568 immi-

2183 1605 2319 1656 citlia
2383 1605 2707 1669 bomicidis;
2755 1607 2857 1659 n'on
2912 1607 3229 1660 adulterium
3286 1607 3589 1668 adulteris;
3645 1623 3758 1660 non

2185 1694 2455 1746 mendacia
2493 1695 2869 1757 meudacilms;
2910 1712 3012 1749 non
3039 1697 3177 1748 furta
3212 1695 3416 1748 furibus
3444 1713 3458 1760 ;
3491 1698 3583 1750 sed
3617 1698 3758 1748 ohli-

2185 1785 2221 1835 ti
2277 1799 2458 1836 eorum
2500 1798 2618 1851 qua:
2679 1785 3121 1854 blasphemabaut
3178 1787 3416 1841 dicentes
3475 1790 3628 1849 deos,
3699 1798 3759 1839 et

2186 1880 2493 1933 omittentes
2524 1879 2765 1932 homines
2805 1878 2895 1944 qui
2929 1877 3263 1946 delinquunt,
3297 1892 3388 1930 eos
3429 1893 3561 1945 quos
3591 1892 3758 1930 voca-

2187 1971 2314 2024 bant
2367 1973 2494 2024 deos
2552 1984 2692 2022 nunc
2739 1969 3014 2021 hominum
3084 1969 3353 2030 latrones,
3416 1969 3758 2031 homicidas,

2187 2062 2494 2127 mendaces,
2533 2061 2812 2130 malignos,
2851 2062 3144 2122 adulteros,
3180 2061 3325 2114 fures
3366 2075 3462 2127 pro
3512 2061 3756 2114 homini-

2186 2157 2284 2212 bus
2313 2172 2430 2211 esse
2464 2156 2668 2210 volunt.
2723 2154 2828 2209 Sed
2885 2155 3022 2224 apud
3078 2171 3174 2208 nos
3226 2155 3488 2208 homicida
3535 2155 3577 2208 si
3615 2154 3764 2206 ferta

2187 2265 2348 2302 unum
2386 2249 2603 2311 occidit,
2647 2258 2699 2301 et
2741 2249 2875 2303 forte
2909 2250 3152 2302 tristatus
3185 2257 3276 2300 aut
3306 2247 3520 2300 infamis
3554 2247 3753 2309 factus,

2185 2348 2238 2390 et
2293 2347 2548 2400 tremens,
2597 2348 2650 2391 et
2699 2338 3003 2406 compulsus
3051 2339 3120 2392 oh
3150 2347 3459 2407 egestatem,
3494 2348 3586 2390 aut
3613 2337 3750 2389 iram

2185 2440 2279 2483 aut
2327 2430 2670 2490 inimicitias,
2723 2430 2799 2481 sol
2853 2429 3050 2482 occidit
3097 2443 3218 2480 eum
3264 2428 3353 2494 qui
3409 2428 3760 2482 interﬁcitur.

2185 2520 2398 2585 Quare?
2425 2536 2542 2588 quae
2573 2519 2801 2572 vicinia?
2829 2535 2945 2584 quae
2974 2517 3361 2570 cohaereditas?
3398 2532 3514 2585 quae
3560 2519 3754 2568 cOndi-

2187 2613 2362 2667 visio?
2387 2612 2512 2680 quid
2545 2612 2778 2679 passus?
2807 2611 2931 2677 quid
2961 2609 3285 2662 admittens?
3317 2609 3443 2676 quid
3475 2608 3755 2676 indigens!

2185 2706 2312 2774 quid
2346 2705 2608 2758 commodi
2641 2703 2860 2756 sumus?
2897 2702 3009 2755 Non
3049 2717 3232 2756 sumus
3271 2715 3455 2754 canum
3502 2701 3756 2753 manibus

2183 2797 2455 2851 stellarum
2500 2804 2656 2848 mota:
2704 2795 2767 2847 ad
2805 2795 3028 2848 litteras.
3062 2793 3197 2856 Tua,
3227 2803 3312 2846 tua
3343 2801 3484 2854 sunt,
3537 2793 3754 2845 etiamsi

2185 2886 2527 2939 calumniet'is
2557 2885 2744 2938 solem.
2781 2885 2928 2939 Luna
2967 2896 3144 2940 autem
3197 2904 3298 2941 non
3346 2897 3602 2955 operatur
3627 2901 3754 2956 qua:

2185 2977 2534 3031 calumniaris
2568 2996 2581 3030 :
2616 2993 2720 3031 non
2780 2989 2832 3031 te
2882 2978 3074 3032 liberat
3110 2979 3373 3033 calumnia
3419 2994 3446 3032 a
3485 2991 3750 3048 peccato:

2185 3069 2423 3136 acquiris
2445 3069 2536 3122 tibi
2561 3081 2612 3122 et
2636 3069 3020 3138 blasphemiam
3059 3089 3070 3122 :
3099 3072 3147 3123 in
3171 3086 3235 3124 eo
3261 3071 3400 3124 enim
3427 3071 3550 3122 dum
3577 3070 3714 3122 dicis
3733 3089 3750 3122 :

2187 3159 2300 3214 Non
2330 3177 2430 3230 ego
2465 3162 2710 3226 admitto,
2742 3163 2834 3216 sed
2885 3162 2976 3216 Dei
3021 3163 3257 3231 opiﬁcia.
3298 3163 3446 3227 Quod
3478 3162 3621 3215 enim
3650 3178 3749 3226 ego

2185 3268 2289 3305 non
2321 3268 2438 3320 ego,
2473 3253 2726 3322 relinquit
2759 3254 2886 3308 illud
2921 3255 2967 3308 ei
2997 3253 3148 3322 cujus
3171 3256 3396 3323 opit’iciis
3419 3263 3472 3307 et
3498 3253 3750 3322 blasphe-

2183 3342 2343 3394 miam
2391 3342 2557 3394 addit.
2604 3342 2661 3396 Si
2700 3343 2844 3396 enim
2896 3358 2998 3394 non
3032 3351 3156 3394 sunt
3198 3357 3358 3407 opera
3407 3349 3589 3394 nostra
3629 3355 3750 3407 qua:

2182 3431 2538 3498 admittimus,
2573 3434 2666 3486 sed
2695 3433 2774 3486 sol
2812 3444 2864 3485 et
2895 3433 3015 3485 luna
3059 3442 3112 3486 et
3145 3432 3310 3485 stella:
3359 3445 3454 3500 per
3484 3445 3584 3484 nos
3619 3446 3750 3497 ope-

2184 3533 2401 3589 rantur;
2432 3524 2504 3578 ita
2559 3539 2732 3592 neque
2783 3523 2993 3577 illormu
3045 3533 3167 3578 sunt
3199 3538 3360 3592 opera
3401 3537 3417 3577 :
3467 3523 3752 3592 aequaliter

2182 3615 2325 3667 enim
2371 3615 2512 3669 Deus
2543 3615 2838 3671 constituit.
2885 3615 3017 3668 Vide
3047 3616 3184 3684 quod
3229 3615 3362 3668 dicis
3395 3636 3407 3668 :
3444 3615 3610 3667 Deum
3653 3630 3752 3668 uo-

2185 3708 2360 3760 minas
2390 3721 2548 3776 quem
2595 3707 2738 3775 piget
2785 3722 2941 3760 nosse
2990 3707 3173 3770 Deum,
3208 3708 3298 3760 sed
3343 3707 3432 3759 tibi
3473 3706 3632 3760 facile
3671 3719 3753 3759 est

2183 3800 2321 3866 apud
2356 3814 2512 3868 quem
2538 3808 2662 3852 sunt
2701 3799 2882 3851 dicere
2912 3815 2924 3849 :
2961 3796 3269 3851 Confundor
3318 3809 3372 3851 et
3425 3798 3575 3866 piger
3631 3816 3749 3848 smn

2189 3889 2567 3943 contaminare
2599 3905 2767 3943 meam
2806 3890 3061 3958 linguam,
3101 3897 3154 3943 et
3184 3889 3413 3941 maxime
3439 3890 3647 3941 cmlcsti
3675 3895 3751 3935 vi-

2181 3983 2331 4036 sione
2367 3982 2719 4035 descendens.
2765 3980 2899 4046 Quid
2945 3998 3097 4050 ergo,
3148 3995 3180 4033 o
3231 3980 3478 4046 sapiens?
3531 3981 3746 4050 Cygnus

2183 4075 2310 4128 deus
2337 4084 2421 4126 est
2461 4074 2548 4141 qui
2589 4074 2870 4126 adversum
2900 4073 3158 4141 virginem
3192 4073 3370 4124 calet?
3397 4071 3743 4124 Confundan-

2184 4172 2266 4216 tur
2287 4162 2377 4230 qui
2405 4161 2689 4228 aliquoties
2718 4160 2934 4229 quidem
2960 4172 3170 4213 taurum
3195 4163 3440 4224 adurant,
3463 4162 3742 4229 aliquoties

2182 4252 2292 4322 (63)
2323 4263 2497 4305 autem
2532 4261 2688 4304 tauro
2736 4251 2892 4304 deum
2922 4253 3356 4319 transliguratum
3385 4252 3608 4318 fingunt.
3635 4253 3736 4305 Sed

2180 4343 2343 4396 dicite
2383 4344 2540 4396 nobis
2585 4359 2682 4398 cur
2720 4345 3034 4397 immutatus
3062 4353 3144 4396 est
3198 4353 3256 4396 ut
3300 4343 3558 4412 virginem
3593 4346 3737 4396 vide-

2181 4435 2304 4487 ret?
2332 4434 2442 4487 Non
2471 4435 2614 4487 enim
2643 4434 2871 4487 habebat
2897 4433 3122 4488 feminas
3145 4434 3276 4488 deus
3305 4435 3596 4490 secundum
3626 4451 3738 4490 vos.

512 4538 596 4575 me
627 4523 927 4575 deducitis?
968 4524 1095 4591 quid
1135 4538 1219 4576 me
1249 4524 1536 4578 extollitis?
1567 4524 1680 4579 Non
1713 4527 1981 4580 descendo
2009 4528 2073 4580 ad
2108 4539 2152 4596 ι)
2181 4527 2367 4581 Nonne
2414 4542 2652 4580 sororem
2694 4528 3112 4594 cooperatricem
3163 4525 3370 4592 habuit,
3422 4537 3483 4579 ut
3515 4528 3736 4581 aliorum

513 4613 811 4672 mulierem,
843 4630 944 4666 non
987 4615 1219 4667 ascendo
1269 4616 1490 4684 aequalis
1541 4617 1666 4670 Deo.
1702 4617 1853 4683 Quod
1893 4629 2075 4671 autem

508 4713 626 4757 erat
658 4704 784 4756 mihi
810 4715 863 4757 et
895 4706 1062 4758 otium
1103 4707 1406 4774 relinquere
1434 4724 1649 4762 cursum
1675 4720 1936 4764 statutum
1971 4712 2074 4764 mi-

509 4793 601 4846 bi?
634 4794 847 4860 quando
894 4794 1219 4861 interruptus
1251 4805 1335 4847 est
1389 4797 1542 4849 dies?
1588 4806 1680 4849 aut
1719 4800 1937 4866 quando
1966 4816 2071 4855 non

509 4885 697 4939 adveni
723 4902 946 4939 currens
971 4887 1033 4937 ad
1059 4898 1329 4950 ornatum,
1355 4899 1648 4958 occupatus
1669 4890 1733 4942 ad
1760 4891 2070 4946 mulierem?

507 4977 573 5032 Et
603 4978 725 5030 luna
763 4979 955 5032 fabulis
977 4979 1311 5047 deturpatur,
1369 4983 1462 5034 sed
1511 4985 1684 5049 arguit
1721 4981 1913 5035 fabulis
1959 4983 2070 5055 (εἳ)

503 5085 600 5123 sua
632 5082 843 5124 natura.
897 5070 1055 5125 Forte
1100 5081 1276 5124 autem
1327 5087 1426 5124 nec
1467 5071 1594 5124 illud
1642 5072 1840 5126 tacebit
1884 5073 1983 5125 sol.
2015 5073 2069 5126 Si

506 5174 682 5227 autem
713 5163 828 5230 ejus
861 5181 965 5217 non
1001 5173 1082 5218 est
1109 5175 1300 5218 natura
1343 5179 1399 5216 ut
1427 5164 1696 5232 loquatur,
1747 5181 1844 5218 nos
1885 5179 1982 5233 pro
2006 5182 2070 5219 eo

505 5254 810 5324 ioquemur,
845 5257 887 5310 si
919 5266 1092 5311 tamen
1145 5272 1241 5326 pro
1278 5257 1392 5310 sole
1430 5268 1483 5309 et
1515 5273 1618 5310 non
1652 5272 1748 5326 pro
1779 5258 1921 5321 Deo;
1962 5273 2065 5311 non

503 5351 628 5418 quia
683 5351 822 5404 Deus
860 5350 1061 5419 indiget
1106 5351 1374 5417 adjutorio
1419 5358 1602 5402 nostro
1650 5359 1701 5400 et
1732 5349 2064 5411 defensione,

504 5440 596 5494 sed
625 5443 869 5497 homines
899 5443 1175 5496 constituti
1202 5441 1506 5496 hominibus
1543 5441 1922 5509 eompatimur.
1974 5441 2065 5494 Vi-

503 5535 691 5589 deutes
715 5536 858 5590 enim
879 5535 1121 5589 volumus
1151 5536 1252 5587 iter
1273 5534 1558 5587 ostendere
1589 5549 1691 5587 non
1723 5532 2061 5597 videntibus;

597 5671 686 5740 60)
719 5671 815 5724 Ms.
852 5671 949 5726 Ille
979 5685 1130 5726 natus
1151 5690 1213 5726 ex
1236 5675 1415 5725 innato
1439 5683 1534 5724 est.

599 5743 689 5807 61)
730 5742 828 5795 Ms.
857 5743 912 5796 Si
934 5745 1066 5794 enim
1089 5746 1138 5795 in
1168 5753 1311 5794 tanto
1336 5744 1521 5807 spatio.

576 5765 657 5802 ιυι
730 5765 828 5795 ms.
857 5765 912 5796 or
934 5765 1066 5794 emm
1089 5765 1138 5795 ιιι
1168 5765 1311 5794 mnu:
1336 5765 1390 5807 sp

576 5765 689 5880 (6‘25
727 5809 963 5863 Fucu'ts.
984 5813 1139 5865 Forte
1165 5815 1392 5880 [ultu/us.

2183 4619 2447 4672 connubia
2472 4618 2779 4672 t‘uraretur?
2810 4616 2923 4670 Non
2951 4617 3037 4670 isti
3069 4633 3346 4672 sermones
3384 4628 3509 4672 sunt
3547 4622 3738 4683 nostri,

2179 4711 2271 4764 sed
2304 4722 2496 4764 vestra:
2531 4709 2723 4764 l‘abulte
2753 4710 2963 4777 scripta:
3002 4709 3053 4762 in
3087 4710 3236 4762 libris
3265 4708 3402 4779 (64),
3441 4710 3490 4763 in
3521 4711 3736 4763 simula-

2179 4805 2306 4868 cris,
2353 4804 2403 4855 in
2430 4803 2744 4870 parietibus,
2781 4802 2830 4854 iu
2858 4802 3234 4854 saltationibus
3266 4802 3622 4856 theatrorum.
3661 4804 3740 4856 ln-

2179 4897 2416 4964 dignaris
2450 4895 2570 4963 quia
2596 4895 2715 4947 dico
2737 4909 2800 4947 ea
2829 4909 2947 4962 qua:
2971 4903 3024 4946 tu
3056 4896 3236 4961 legens
3273 4896 3487 4948 miraris
3511 4913 3527 4948 :
3550 4895 3741 4947 irasce-

2179 4987 2252 5040 rls
2281 4987 2402 5055 quia
2439 4986 2630 5054 loquor
2675 4987 2740 5038 de
2770 4987 2852 5040 bis
2883 5000 3001 5053 qua:
3030 4986 3218 5039 videns
3250 4996 3302 5038 ιιι
3334 4988 3547 5040 adoras.
3600 4985 3738 5039 Indi-

2176 5082 2356 5149 gnaris
2381 5080 2506 5147 quia
2542 5079 2662 5132 dico
2703 5094 2822 5148 quae
2872 5088 2925 5131 tu
2960 5078 3010 5130 in
3046 5078 3423 5131 saltationibus
3460 5078 3646 5130 videns
3684 5090 3736 5131 et

2175 5170 2396 5224 audiens
2427 5170 2730 5224 delectaris.
2767 5170 2890 5224 Dele
2913 5185 2973 5224 ea
2999 5185 3064 5222 ex
3095 5171 3316 5238 poeticis
3343 5171 3514 5233 libris,
3549 5172 3733 5224 recede

2176 5276 2205 5314 a
2239 5262 2486 5324 theatris,
2524 5273 2578 5316 et
2606 5262 2901 5316 extermina
2941 5277 3001 5316 ea
3032 5278 3060 5314 a
3095 5263 3420 5332 parietibus;
3455 5265 3624 5316 conti:
3650 5281 3729 5324 ea,

2175 5369 2203 5406 a
2234 5355 2538 5408 simulacris
2564 5353 2776 5418 recede,
2803 5364 2859 5408 et
2885 5357 3211 5422 congaudeo.
3233 5355 3289 5409 Si
3326 5364 3503 5409 autem
3528 5373 3728 5425 perma-

2176 5431 2278 5497 nes‘
2299 5446 2350 5497 in
2379 5448 2642 5508 excitate,
2670 5447 2775 5498 noli
2801 5447 3066 5514 indignari
3099 5449 3144 5500 si
3173 5449 3538 5514 convinceris;
3570 5447 3727 5500 dicite

2175 5535 2374 5604 siquid
2397 5538 2595 5590 addidi.
2628 5537 2686 5590 Si
2717 5549 2894 5592 autem
2928 5540 3064 5607 apud
3110 5550 3160 5593 te
3199 5550 3322 5593 sunt
3355 5542 3567 5610 scripta
3599 5552 3725 5592 auro

2237 5675 2347 5745 (63)
2377 5675 2474 5731 Ms.
2500 5677 2774 5747 aliquoties
2801 5691 2968 5732 autem
2997 5684 3048 5732 in
3073 5690 3244 5734 tauro.

2237 5751 2344 5813 (σά-ι)
2379 5747 2472 5799 Ms.
2504 5753 2594 5800 sed
2629 5761 2802 5803 νοείτω
2827 5750 3020 5817 [attulre
3047 5753 3100 5803 in
3126 5751 3293 5805 libris.
