3956 6538
274 366 410 424 “57

1053 375 1138 430 DE
1176 376 1263 430 ΕΟ
1303 377 1490 445 QUOD
1529 380 1704 440 DEUS
1746 383 1978 443 PATER
2020 389 2528 449 INCORPORALIS
2568 399 2720 456 EST.

3385 397 3522 454 “58

268 493 327 538 et
362 493 585 553 argento
614 495 672 582 et
692 487 965 582 lapidibus
995 500 1050 545 et
1080 491 1377 559 parietibus
1414 504 1468 548 et
1496 498 1760 566 theatris;
1798 504 1840 556 si
1875 509 1917 566 Α
1946 519 2051 573 que
2083 515 2227 560 terra
2253 510 2474 580 jurgans
2504 520 2706 565 natura:
2736 519 3016 567 atacrttate
3034 509 3292 582 jurgavit,
3322 517 3414 569 sed
3439 517 3520 570 lex

267 593 368 647 ego
397 579 446 630 in
476 594 636 647 parva
661 580 789 634 hora
827 593 879 634 et
907 581 1008 636 hoc
1051 585 1238 652 pigens
1268 585 1478 654 loquor,
1505 600 1721 658 prapter
1745 592 1844 645 mi-

266 669 594 724 serationem
656 683 833 726 autem
863 689 1179 730 commoneo
1212 694 1224 729 :
1259 679 1384 746 quia
1435 696 1554 750 qua:
1606 683 1775 751 vides,
1811 701 1844 740 ο

268 764 452 826 homo,
485 772 536 816 et
572 765 743 818 oculis
803 775 857 820 et
908 781 1068 821 sensu
1124 782 1232 822 non
1294 769 1544 838 intueris,
1607 776 1673 829 ad
1731 777 1845 832 haec

266 853 539 907 irasceris.
569 854 624 908 Si
661 856 742 909 dei
771 866 914 922 sunt,
949 859 1173 914 adulteri
1202 876 1307 914 non
1328 873 1486 929 sunt;
1520 867 1565 920 si
1592 868 1842 937 adulteri,

266 960 372 998 non
418 954 541 1000 sunt
567 948 658 1001 dii.
678 947 733 1002 Si
763 959 942 1005 autem
969 951 1154 1006 volunt
1182 953 1382 1008 habere
1400 957 1672 1014 adulteros
1689 963 1840 1027 deos,

264 1050 366 1090 nos
397 1037 612 1104 quidem
652 1040 730 1093 eis
761 1055 866 1094 non
908 1042 1308 1109 maledicimus;
1345 1049 1452 1101 sint
1483 1059 1661 1106 autem
1698 1063 1756 1108 ut
1789 1056 1843 1110 hi

261 1128 356 1195 qui
382 1129 673 1183 adorantur
699 1132 766 1186 ab
793 1133 916 1186 illis.
965 1133 1176 1190 Primus
1203 1137 1413 1193 illorum
1446 1140 1588 1198 deus
1621 1161 1725 1200 non
1760 1157 1844 1203 est

261 1217 489 1272 satiatus
508 1220 749 1287 libidine,
777 1224 828 1277 in
858 1225 1012 1292 cmlo,
1037 1235 1094 1281 ut
1116 1227 1215 1297 ipsi
1242 1230 1424 1285 volunt
1446 1250 1586 1305 saepe
1610 1253 1728 1292 cum
1747 1255 1842 1296 sua

260 1310 489 1380 conjuge
516 1328 680 1382 agens
718 1331 731 1366 :
770 1316 942 1372 sicubi
968 1319 1110 1374 enim
1139 1336 1262 1376 cum
1310 1323 1412 1378 alia
1452 1327 1705 1386 inventus
1737 1343 1841 1400 est,

259 1404 444 1456 statim
473 1419 501 1457 a
531 1420 626 1459 sua
651 1406 800 1462 zelus
831 1423 1091 1466 accensus
1120 1423 1202 1468 est
1231 1432 1244 1468 :
1273 1431 1378 1470 non
1403 1420 1545 1474 enim
1587 1424 1841 1479 credebat

261 1497 362 1552 deo
393 1499 489 1553 dea
533 1502 670 1556 male
692 1503 758 1556 de
781 1517 846 1558 eo
875 1517 1145 1574 suspecta.
1180 1507 1235 1563 Si
1264 1513 1406 1565 enim
1446 1526 1501 1569 et
1542 1532 1570 1570 a
1597 1522 1842 1575 mortali-

259 1588 357 1642 bus
388 1605 447 1644 se
477 1606 580 1645 non
617 1594 952 1660 continebat,
1007 1601 1277 1667 quomodo
1331 1605 1430 1658 iste
1465 1622 1494 1660 a
1532 1610 1844 1669 coelestibus

255 1687 316 1730 ut
349 1679 536 1733 volunt
563 1682 831 1736 cessavit?
855 1684 958 1738 Sed
981 1688 1256 1743 concedite
1281 1689 1473 1760 linguae
1500 1712 1511 1747 :
1537 1710 1676 1750 nunc
1697 1699 1841 1753 enim

258 1787 450 1826 aurum
481 1783 563 1827 est
614 1775 664 1828 in
713 1776 865 1830 sinus
914 1777 1178 1846 virginum
1233 1783 1464 1851 liquens,
1522 1795 1582 1840 ut
1625 1788 1833 1843 furetur

1948 598 2250 652 communis
2285 599 2492 655 Domini
2526 611 2606 656 est
2643 601 2814 671 posita
2841 601 2974 656 ﬁnes
2999 602 3210 668 aeterni,
3241 613 3294 657 et
3323 607 3374 659 in
3401 616 3522 659 tan-

1949 688 2015 742 tis
2038 690 2249 745 steculis
2277 692 2474 758 digitus
2499 694 2710 747 additus
2733 710 2837 748 non
2869 705 2972 760 est,
3007 694 3324 752 ﬂuminibus
3353 699 3522 751 tantis

1946 786 1999 831 et
2031 776 2267 834 fontibus
2317 781 2369 834 in
2403 783 2566 836 maris
2610 783 2817 838 sinibus
2850 784 3277 840 incurrentibus.
3333 787 3525 844 Flante

1945 877 2104 924 vento
2151 881 2446 939 pascuntur
2503 873 2721 929 ﬂatibus
2774 891 2956 943 naves,
3004 877 3069 930 ad
3101 877 3298 931 malum
3349 894 3523 948 usque

1949 959 2226 1016 tolluntur.
2263 963 2330 1016 Et
2360 964 2482 1033 quis
2506 980 2889 1036 nonnunquam
2917 969 3285 1037 pertransiens
3318 969 3520 1032 timuit,

1947 1067 2014 1106 ne
2035 1063 2093 1106 ut
2123 1054 2383 1119 minatur,
2421 1057 2492 1109 ita
2516 1056 2741 1111 effusum
2774 1059 3196 1128 comprehendat
3217 1061 3522 1114 astantem?

1945 1142 2340 1214 Nonnunquam
2377 1147 2519 1201 enim
2563 1158 2616 1202 et
2655 1148 2947 1202 declinavit
2974 1165 3141 1214 mare,
3174 1151 3319 1204 venit
3354 1151 3442 1203 ubi
3470 1152 3519 1204 ei

1945 1244 2204 1290 statutum
2240 1247 2343 1302 est,
2407 1238 2761 1310 legislatorem
2812 1251 2867 1296 et
2917 1249 3234 1297 statutorem
3277 1243 3400 1298 ﬁnis
3449 1243 3520 1296 ti-

1946 1343 2129 1393 mens;
2159 1339 2211 1382 et
2236 1327 2488 1397 frangens
2519 1331 2710 1385 ﬂuctus
2733 1333 2799 1385 ad
2821 1332 2993 1398 littus,
3020 1335 3255 1388 ostendit
3282 1334 3521 1389 invisibi-

1945 1418 2047 1473 lem
2078 1436 2172 1488 per
2199 1436 2261 1474 ea
2288 1437 2405 1489 quae
2432 1424 2700 1479 videntur.
2734 1425 2840 1478 Ista
2876 1426 3029 1480 decet
3057 1426 3104 1478 ei
3134 1426 3368 1490 cithara,
3401 1440 3521 1496 qua:

1949 1504 2003 1556 in
2029 1503 2294 1559 frontibus
2329 1505 2606 1560 hominum
2639 1507 2952 1562 harmonias
2982 1509 3261 1572 describit,
3305 1510 3392 1562 ubi
3423 1510 3520 1564 de-

1949 1590 2111 1647 beant
2141 1607 2261 1648 esse
2283 1595 2443 1660 oculi,
2476 1607 2529 1651 et
2559 1597 2686 1665 quid
2723 1597 2865 1651 circa
2901 1599 3078 1667 ipsos;
3115 1599 3201 1653 ubi
3234 1601 3441 1664 dentes,
3466 1607 3521 1652 et

1951 1685 2170 1753 quanti;
2219 1686 2306 1740 ubi
2339 1702 2523 1752 aures,
2569 1698 2622 1741 et
2658 1698 2787 1757 quot
2817 1697 2870 1743 et
2900 1690 2964 1742 ad
2995 1691 3157 1760 quid;
3192 1691 3278 1744 ubi
3315 1692 3518 1761 lingua,

1950 1786 2004 1831 et
2036 1779 2100 1830 ad
2130 1778 2290 1847 quid;
2324 1779 2445 1847 quis
2477 1795 2602 1834 usus
2629 1787 2712 1834 est
2744 1780 3020 1836 oculorum
3049 1799 3064 1846 ;
3099 1782 3186 1834 ubi
3216 1799 3441 1852 ungues.
3467 1797 3521 1839 et

255 1863 373 1933 ejus
397 1864 764 1934 virginitatem
805 1887 816 1921 :
851 1868 988 1922 forte
1017 1877 1191 1924 autem
1231 1881 1283 1925 et
1321 1873 1454 1928 bene
1492 1874 1741 1944 liquescit
1769 1879 1835 1932 li-
1870 1855 1912 1910 Β
1941 1869 2007 1922 ad
2044 1881 2343 1939 quantum;
2377 1873 2464 1925 "bi
2493 1872 2693 1938 Capilli.
2723 1882 2776 1926 el
2798 1873 2884 1926 ubi
2907 1888 3009 1926 ιιοιι
3037 1873 3211 1941 Capilli
3237 1891 3252 1936 ;
3281 1876 3406 1942 (ιυίά
3439 1876 3520 1929 ἰη-

252 1953 380 2010 bido
413 1957 693 2023 dissoluta,
745 1960 790 2012 si
827 1968 1010 2016 taurus
1053 1964 1186 2016 deus
1221 1964 1456 2031 illorum,
1490 1969 1580 2037 qui
1617 1985 1720 2024 non
1748 1980 1831 2026 est

252 2047 337 2100 dei
361 2049 668 2118 progenies,
696 2049 891 2105 fabula:
936 2068 1000 2106 ex
1033 2055 1194 2108 corde
1245 2056 1553 2126 ﬁgmentum
1603 2063 1828 2116 mendax

254 2146 446 2191 natura
481 2147 665 2192 taurus
689 2149 805 2206 est;
833 2151 889 2195 et
938 2142 1064 2211 quid
1096 2131 1252 2212 putas
1284 2147 1365 2200 vir
1404 2159 1458 2202 et
1491 2157 1677 2204 taurus
1707 2169 1829 2222 por-

251 2237 376 2282 tans
402 2229 662 2299 virginem
693 2231 931 2287 libidinis
956 2249 1165 2299 servus,
1195 2241 1647 2307 concupiscentiae
1674 2245 1829 2296 mini-

251 2328 384 2383 ster,
441 2321 491 2374 in
527 2321 666 2375 collo
720 2324 869 2391 virgo
925 2339 1048 2379 cum
1109 2327 1330 2383 libidine
1374 2330 1826 2400 domina?Quam

249 2413 395 2465 enim
427 2412 649 2479 ﬁguram
704 2415 1033 2481 intermisit,
1092 2423 1304 2487 quando
1355 2423 1557 2490 quievit
1610 2442 1678 2480 ne
1729 2428 1830 2480 im-

250 2511 556 2556 mutaretur
594 2519 816 2574 cygnus,
849 2515 1056 2568 taurus,
1087 2509 1288 2577 aquila,
1318 2513 1544 2565 aurum?
1578 2524 1671 2568 aut
1698 2531 1828 2570 con-

251 2589 429 2646 tinens
470 2591 643 2646 factus
669 2603 752 2647 est
799 2595 978 2648 nunc?
1013 2594 1192 2651 Multis
1219 2601 1361 2652 enim
1388 2599 1499 2665 jam
1536 2603 1693 2658 annis
1722 2620 1825 2658 non

248 2689 335 2735 est
361 2680 536 2736 factus
560 2683 758 2752 aquila,
787 2693 840 2738 et
862 2694 1008 2739 certe
1049 2701 1152 2740 non
1181 2689 1335 2756 pauci
1364 2688 1454 2741 lilii
1482 2701 1532 2744 et
1562 2693 1684 2748 boni
1714 2695 1825 2749 nati

248 2780 377 2826 sunt
412 2775 462 2827 in
499 2776 736 2828 deserto.
771 2774 934 2830 Putas
966 2778 1144 2831 senuit
1171 2786 1223 2831 et
1250 2781 1678 2849 concupiscentia
1711 2800 1827 2840 ces-

246 2865 408 2930 savit,
437 2874 528 2918 aut
562 2867 928 2935 paenitentiam
960 2867 1194 2922 libidinis
1233 2869 1440 2934 habuit,
1486 2882 1540 2927 et
1590 2891 1730 2929 nunc
1767 2892 1826 2932 se

246 2956 357 3026 jam
384 2958 661 3011 continet?
683 2956 799 3011 Jam
829 2960 970 3012 enim
1005 2976 1110 3015 non
1141 2962 1279 3032 rapit
1306 2977 1552 3031 puerum.
1587 2966 1826 3022 Confun-

247 3049 348 3102 dor
386 3057 441 3102 et
475 3049 652 3103 dicere
687 3051 786 3103 sub
816 3065 918 3119 qua
948 3053 1232 3106 occasione
1266 3071 1371 3108 non
1403 3057 1690 3113 suﬂ‘ecerat
1737 3077 1824 3115 so-

247 3155 340 3194 ror
361 3140 580 3209 conjux,
623 3145 992 3211 cooperatrix,
1025 3160 1090 3199 ex
1135 3161 1239 3214 qua
1274 3151 1382 3203 nati
1418 3161 1541 3204 sunt
1579 3153 1820 3220 plurimi,

1940 1959 2226 2022 trinsccus,
2263 1960 2390 2028 quid
2424 1962 2816 2030 constringere,
2867 1961 2992 2028 quid
3046 1962 3339 2025 involvere,
3385 1967 3512 2034 quid

1937 2050 2138 2113 velare,
2164 2051 2289 2120 quid
2313 2049 2518 2118 jacere,
2560 2061 2612 2105 et
2641 2054 2702 2105 ad
2735 2053 2862 2120 quid
2897 2052 3058 2118 utile;
3091 2055 3210 2122 quis
3241 2055 3517 2126 suscipere

1937 2153 2092 2193 escas
2128 2151 2181 2193 et
2212 2140 2486 2205 dividere;
2517 2150 2744 2207 quantas
2771 2157 3051 2196 mensuras
3087 2144 3280 2196 debeat
3316 2147 3517 2199 habere

1936 2230 2109 2294 cibus,
2142 2240 2194 2284 et
2217 2241 2475 2300 quantum
2509 2231 2653 2284 intus
2676 2233 2865 2286 debeat
2896 2248 3235 2301 permanere,
3264 2244 3314 2288 et
3342 2251 3517 2305 quan-

1936 2321 2004 2373 do
2035 2319 2228 2374 debeat
2257 2336 2508 2390 purgare,
2535 2330 2589 2373 et
2631 2321 2676 2374 si
2709 2321 2988 2377 transierit
3041 2325 3249 2388 horam,
3281 2325 3517 2380 05tendit

1938 2425 2162 2463 noxam.
2219 2410 2323 2462 Ista
2380 2411 2494 2480 lyra
2548 2411 2701 2465 decet
2754 2411 2863 2466 Deo
2921 2415 3216 2480 composita
3272 2415 3516 2470 melodiis

1936 2499 2300 2551 membrorum
2331 2513 2345 2549 :
2379 2498 2539 2552 habet
2563 2501 2706 2553 enim
2730 2515 2924 2555 nervos
2951 2512 3003 2556 et
3029 2504 3221 2558 cordas
3245 2503 3297 2557 in
3321 2505 3516 2574 quibus

1933 2600 1990 2644 et
2017 2605 2080 2644 os
2110 2591 2176 2644 ad
2212 2605 2393 2644 ossum
2421 2600 2528 2655 est,
2561 2599 2615 2644 et
2643 2592 2851 2646 viscera
2894 2594 2960 2648 ad
2991 2594 3220 2657 viscera.
3267 2607 3321 2650 et
3353 2612 3516 2651 mem-

1935 2683 2030 2738 bra
2067 2683 2134 2736 ad
2167 2684 2434 2750 membra,
2465 2699 2560 2753 per
2588 2699 2706 2752 qua:
2742 2685 3085 2754 deponuntur
3122 2699 3174 2742 et
3197 2690 3515 2757 aperiuntur

1934 2791 2126 2830 manus
2157 2794 2169 2829 :
2209 2791 2305 2845 per
2341 2792 2460 2845 qua:
2498 2776 2809 2840 ﬂectuntur,
2852 2787 2908 2830 et
2942 2777 3136 2832 iterum
3167 2781 3395 2834 redeunt
3421 2797 3515 2850 pe-

1932 2866 2060 2929 des;
2088 2867 2414 2922 clauduntur
2442 2869 2584 2923 oculi
2614 2869 2679 2921 ad
2715 2870 3087 2933 refectionem,
3114 2882 3169 2926 et
3205 2873 3397 2927 iterum
3428 2887 3512 2928 re-

1931 2968 2191 3014 vocantur
2217 2960 2282 3012 ad
2302 2976 2455 3030 opus.
2491 2961 2556 3014 Et
2586 2962 2707 3031 quis
2731 2963 2928 3031 poterit
2960 2963 3306 3019 dinumerare
3335 2981 3512 3034 quan-

1934 3056 2000 3101 t:e
2027 3049 2324 3105 istiusmodi
2353 3065 2568 3119 semper
2591 3051 2966 3120 percutiuntur
3001 3052 3152 3122 lyrae,
3189 3069 3294 3109 non
3327 3055 3378 3110 in
3404 3072 3510 3110 uno

1933 3149 2140 3194 tantum
2174 3141 2415 3204 homine,
2458 3156 2558 3194 nec
2590 3143 2641 3195 in
2673 3142 2982 3198 hominibus
3020 3144 3170 3209 solis,
3215 3145 3308 3199 sed
3352 3155 3407 3200 et
3456 3150 3508 3201 in

243 3233 339 3286 sed
368 3232 478 3300 jam
514 3248 655 3286 nunc
688 3250 792 3287 non
827 3247 1144 3289 nascuntur.
1171 3237 1466 3296 Consenuit
1493 3254 1671 3297 autem
1695 3259 1820 3298 con-

1932 3232 2071 3286 omni
2105 3232 2368 3286 animali?
2395 3233 2646 3288 omnibus
2679 3235 2823 3287 enim
2853 3249 3138 3299 mensurae,
3166 3245 3372 3304 aetates,
3404 3253 3514 3291 ma-

237 3321 471 3391 jngium,
503 3338 599 3377 cur
621 3323 733 3391 jam
762 3340 862 3379 non
901 3327 1156 3393 pariunt?
1185 3329 1290 3382 Sed
1335 3345 1439 3383 non
1477 3331 1690 3386 suffecit
1712 3334 1822 3398 illa,

242 3414 377 3468 abiit
405 3415 471 3468 ad
504 3416 759 3469 mortales
792 3435 804 3470 :
838 3416 1049 3470 suﬂ'ecit
1081 3434 1182 3472 non
1210 3423 1445 3476 secunda
1490 3424 1676 3477 eodem
1713 3441 1827 3479 mo-

246 3520 340 3571 re;
376 3504 705 3559 multiforme
735 3511 879 3560 enim
934 3519 1017 3563 est
1071 3510 1290 3566 malttm.
1341 3511 1456 3564 Non
1507 3512 1826 3567 suﬂ‘ecerant

241 3595 502 3648 mortales
533 3610 547 3646 :
578 3596 643 3647 ad
676 3598 943 3650 masculos
968 3601 1234 3653 convertit
1266 3601 1559 3656 libidinem.
1587 3603 1822 3672 Opoeta,

239 3700 380 3754 quos
413 3685 784 3739 irridebimus?
812 3688 982 3757 magis
1011 3699 1187 3742 autem
1214 3705 1350 3758 quos
1378 3692 1825 3750 lamentabimus?

237 3793 334 3831 eos
395 3777 484 3846 qui
517 3777 871 3846 scripserunt,
903 3789 993 3832 aut
1021 3795 1116 3833 eos
1154 3782 1242 3849 qui
1280 3797 1421 3836 nunc
1452 3799 1622 3852 usque
1674 3786 1822 3840 illum

238 3869 332 3940 qui
381 3869 432 3922 in
475 3869 689 3922 dextera
730 3879 905 3938 portat
945 3871 1202 3939 aquilam,
1234 3872 1518 3927 adorantes
1558 3886 1609 3928 et
1655 3877 1828 3942 respi-

238 3963 470 4025 cientes,
500 3971 589 4015 ant
619 3961 858 4016 colentes
889 3962 1048 4014 sunt?
1073 3961 1176 4016 Sed
1210 3973 1363 4031 putas
1396 3967 1519 4035 quia
1551 3968 1651 4020 iste
1677 3968 1822 4021 solus

237 4055 445 4108 exstitit
470 4053 635 4107 talis?
665 4068 840 4106 nonne
864 4063 918 4106 et
949 4053 1232 4108 citharista
1275 4056 1360 4110 ille
1386 4056 1683 4112 honestus?
1714 4059 1821 4128 pri-

239 4160 331 4198 mo
364 4145 580 4213 quidem
613 4160 708 4198 cur
738 4144 1047 4198 citharistas
1075 4146 1204 4200 deos
1233 4162 1516 4216 ponamus,
1549 4147 1674 4217 quia
1719 4149 1819 4202 ista

237 4235 394 4290 decet
427 4236 703 4289 harmonia
737 4238 974 4290 decora?
1015 4238 1116 4290 ista
1164 4240 1306 4292 enim
1346 4249 1427 4294 est
1478 4240 1567 4294 illa
1612 4241 1665 4294 in
1711 4257 1816 4310 qua

238 4327 505 4396 Olympias
534 4343 547 4378 :
576 4325 856 4379 harmonia
883 4337 1061 4381 autem
1090 4328 1173 4380 illa
1205 4338 1287 4381 est
1315 4345 1457 4392 vera,
1493 4331 1545 4384 in
1576 4346 1680 4400 qua
1712 4346 1819 4386 coe-

238 4419 351 4471 lum
392 4428 494 4482 est,
538 4427 592 4472 et
630 4427 770 4471 terra
807 4429 888 4472 est
922 4420 1116 4486 posita,
1162 4435 1310 4474 mare
1344 4422 1575 4490 adjacet,
1625 4432 1680 4477 et
1726 4438 1821 4479 aer

237 4520 323 4565 est
351 4511 705 4580 compositus,
736 4518 789 4564 et
827 4513 1130 4580 percutitur
1169 4515 1478 4569 consensio.
1527 4514 1643 4569 Non
1673 4516 1815 4570 enim

237 4602 389 4673 pellit
418 4618 567 4656 mare
601 4613 798 4655 terram
848 4609 1070 4670 pr0pter
1102 4604 1442 4657 harmoniam
1489 4621 1502 4657 :
1550 4620 1656 4660 non
1707 4622 1813 4662 nox

237 4700 345 4754 diei
377 4698 501 4751 facit
523 4700 648 4760 \im,
677 4714 779 4751 non
807 4697 1123 4766 permittunt
1145 4700 1286 4751 enim
1320 4698 1462 4753 illius
1495 4699 1812 4754 harmonim.

239 4792 450 4855 Dicitis,
478 4791 668 4844 uelum
694 4790 957 4845 consentit
983 4791 1066 4844 his
1087 4806 1202 4859 qua:
1220 4791 1470 4846 deorsum
1501 4803 1646 4847 sunt.
1673 4793 1816 4847 Tan-

240 4893 352 4938 tum
385 4883 524 4936 enim
555 4880 779 4948 praebuit
812 4881 861 4934 in
889 4895 952 4934 eo
987 4881 1063 4934 sol
1096 4881 1322 4948 positus,
1368 4891 1629 4950 quantum
1670 4892 1815 4938 esset

239 4975 370 5028 utile
392 4974 604 5042 parari;
631 4983 684 5026 et
713 4981 918 5025 tantum
949 4972 1213 5038 accendit,
1241 4984 1502 5040 quantum
1530 4983 1646 5028 erat
1680 4989 1812 5029 con-

237 5067 500 5128 veniens;
533 5076 586 5120 et
616 5066 790 5135 pergit
821 5075 876 5117 et
909 5065 1067 5126 redit,
1114 5074 1172 5118 ut
1203 5079 1375 5134 neque
1412 5065 1695 5121 abundans
1727 5067 1812 5121 in-

238 5158 487 5212 cendium
511 5165 761 5210 exureret
793 5156 1008 5222 omnia;
1040 5170 1210 5223 neque
1241 5156 1432 5209 iterum
1459 5156 1504 5210 si
1533 5166 1815 5212 transcen-

238 5251 411 5311 deret,
453 5245 649 5316 frigore
688 5246 928 5314 perirent
971 5245 1243 5300 universa.
1282 5245 1385 5300 Sed
1410 5256 1465 5301 et
1496 5263 1814 5303 communes

240 5338 537 5392 harmoniae
571 5345 625 5390 et
651 5335 896 5404 partibus
927 5336 1131 5400 divisa,
1161 5338 1302 5391 sicut
1328 5337 1475 5390 brevi
1508 5337 1674 5391 silura
1701 5353 1813 5391 ma-

238 5429 353 5498 jora
401 5429 634 5492 cuidam,
686 5427 804 5480 aliae
851 5425 998 5480 siluri
1031 5441 1230 5480 canore
1259 5427 1625 5481 consentiens.
1670 5426 1814 5481 Istud

243 5534 393 5575 mare
422 5534 673 5589 magnum
721 5527 775 5572 et
832 5518 1147 5585 spatiosum,
1190 5518 1340 5587 cujus
1382 5515 1571 5570 ﬂuctus
1609 5517 1811 5570 cmlum

239 5612 478 5681 pulsant,
519 5621 677 5664 terra:
707 5609 966 5662 terminos
994 5621 1100 5661 non
1131 5609 1538 5662 transcendunt.
1580 5605 1684 5659 Sed
1721 5621 1807 5659 ne-

314 5746 426 5816 (65)
459 5745 552 5802 Ms.
584 5746 811 5800 Uranus.
845 5742 952 5800 Vox
981 5742 1162 5799 Graeca
1191 5745 1436 5816 οὐρανός,
1460 5743 1650 5798 Latine
1677 5744 1806 5798 scri-

242 5831 354 5885 pta.

1930 3320 2256 3388 gnitudines,
2306 3322 2574 3386 dentium,
2613 3337 2898 3388 cornuum,
2944 3325 3269 3393 quibusdam
3315 3336 3508 3383 etnon

1929 3419 2053 3464 sunt
2081 3426 2300 3464 cornua.
2335 3411 2470 3464 Aliis
2518 3411 2614 3479 pili
2653 3422 2802 3478 sunt,
2845 3423 2898 3467 et
2953 3412 3250 3480 cujusmodi
3304 3415 3507 3484 capilli,

1929 3518 2134 3571 ungues
2167 3514 2221 3556 et
2252 3503 2554 3573 cujuSniodi
2596 3520 2826 3573 ungues,
2871 3521 3061 3575 pcnnze
3092 3517 3146 3561 et
3175 3507 3370 3562 iterum
3403 3523 3508 3564 non

1937 3610 2144 3664 penum,
2177 3608 2232 3650 et
2270 3597 2321 3650 in
2356 3597 2534 3665 aquis,
2555 3606 2610 3651 et
2638 3597 2688 3651 in
2724 3613 2867 3662 aere,
2896 3609 2949 3652 et
2978 3599 3031 3652 in
3070 3600 3228 3663 mari,
3252 3610 3307 3654 et
3331 3601 3382 3654 in
3411 3602 3510 3654 ﬂu-

1928 3686 2058 3748 viis,
2111 3694 2164 3738 et
2203 3685 2252 3739 in
2295 3685 2555 3750 fontibus,
2611 3696 2666 3740 et
2703 3687 3114 3743 innumerabilia
3165 3705 3285 3758 quae
3318 3704 3510 3745 exsur-

1925 3784 2076 3843 gunt,
2110 3791 2212 3828 una
2245 3784 2422 3831 tamen
2451 3785 2534 3830 est
2563 3776 2862 3831 harmonia.
2886 3775 3021 3831 Cum
3051 3778 3196 3832 enim
3238 3795 3388 3834 suam
3417 3795 3508 3836 ac-

1925 3868 2168 3920 cenderit
2202 3868 2500 3932 lucernam,
2549 3883 2670 3922 cum
2719 3885 2875 3923 suum
2905 3871 3109 3925 scilicet
3152 3873 3357 3927 oraviis
3389 3873 3506 3944 (65)

1926 3957 2086 4011 fuerit
2120 3959 2314 4023 solem,
2349 3975 2469 4012 cum
2499 3977 2529 4013 a
2560 3962 2755 4015 ﬁnibus
2778 3963 3003 4017 orientis
3033 3963 3192 4018 simul
3239 3965 3308 4020 ad
3347 3981 3506 4022 occa~

1925 4063 2042 4101 sum
2097 4051 2458 4105 transmiserit
2508 4050 2722 4119 lumen;
2783 4068 2944 4108 omne
2991 4066 3237 4110 movetur
3280 4058 3502 4122 animal,

1925 4139 2342 4209 unumquodque
2384 4141 2447 4192 ad
2478 4143 2619 4210 quod
2650 4143 2698 4196 ei
2727 4152 2917 4198 natura
2946 4154 3053 4200 est.
3087 4146 3150 4198 Et
3175 4161 3354 4202 mensa
3382 4150 3504 4218 qui-

1923 4228 2042 4279 dem
2075 4229 2377 4282 communis
2406 4241 2486 4284 est
2517 4229 2694 4298 plena,
2738 4241 2793 4284 et
2830 4232 2974 4284 aliud
3002 4231 3201 4284 animal
3240 4233 3306 4286 ad
3341 4233 3502 4288 aliam

1922 4328 2172 4388 properat
2199 4335 2400 4384 escam,
2427 4321 2571 4375 aliud
2601 4322 2728 4376 alibi
2757 4323 2991 4386 devitat;
3022 4334 3075 4377 ει
3103 4338 3223 4391 ψιεε
3252 4323 3358 4378 illis
3395 4326 3503 4378 uti-

1922 4410 1990 4464 lia
2029 4427 2133 4465 non
2158 4421 2302 4477 sunt,
2343 4412 2464 4466 aliis
2521 4412 2896 4467 convenientia
2952 4412 3240 4467 habentur.
3287 4411 3503 4468 Eiciunt

1923 4501 2032 4574 (66)
2057 4505 2444 4559 irrationabilia
2487 4520 2585 4574 per
2629 4506 2926 4560 istiusmodi
2961 4506 3298 4559 harmoniam
3332 4506 3503 4560 addu-

1921 4609 2028 4663 cta,
2070 4600 2191 4668 quis
2227 4598 2341 4669 (67)
2371 4599 2564 4653 debeat
2593 4608 2831 4667 gustare,
2861 4608 2913 4652 et
2939 4612 3058 4666 quae
3091 4597 3281 4651 debeat
3305 4597 3499 4664 vitare,

1921 4703 1972 4747 et
2004 4707 2124 4745 cum
2164 4692 2357 4760 quibus
2387 4689 2722 4745 conversari.
2751 4687 2857 4742 Ista
2889 4687 3088 4744 decens
3133 4689 3242 4744 Deo
3287 4690 3501 4745 harmo-

1923 4793 2010 4845 nia
2041 4799 2144 4853 est,
2175 4803 2268 4858 per
2295 4804 2455 4857 quam
2485 4786 2567 4842 sol
2601 4795 2834 4841 statutus
2859 4787 2925 4839 ad
2957 4801 3173 4840 cursum
3203 4794 3306 4851 est,
3336 4795 3390 4840 et
3414 4785 3498 4840 lu-

1926 4898 1990 4936 na
2028 4883 2093 4936 ad
2118 4881 2494 4943 crescendum,
2520 4890 2575 4935 et
2601 4878 2769 4934 stellze
2798 4883 2867 4932 ad
2893 4879 3087 4948 Spatia.
3124 4876 3283 4931 istam
3308 4893 3499 4944 percu-

1923 4980 1987 5028 tit
2019 4989 2113 5042 per
2135 4973 2248 5026 dies
2277 4981 2330 5026 et
2357 4982 2562 5033 noctes,
2594 4969 2862 5041 siquidem
2889 4978 2944 5024 et
2967 4967 3296 5022 dormientes
3317 4977 3496 5038 auget,

1919 5073 1975 5116 et
2029 5060 2384 5116 eﬂicientibus
2418 5061 2624 5116 otiosus
2679 5076 2784 5114 non
2828 5067 2933 5114 εει.
2987 5057 3054 5111 Ει
3100 5057 3240 5114 Deus
3278 5058 3495 5128 quidem

1920 5154 2076 5208 istam
2103 5152 2218 5207 sine
2243 5152 2424 5221 digitis
2446 5161 2500 5206 et
2524 5151 2709 5207 labore
2739 5149 2972 5221 percutit
2996 5149 3332 5204 harmoniam
3361 5169 3375 5204 :
3404 5150 3492 5207 ills

1918 5255 2095 5298 autem
2146 5243 2236 5314 qui
2267 5243 2423 5299 ﬁctus
2455 5253 2510 5297 et
2535 5257 2642 5297 non
2677 5243 2809 5297 deus
2835 5251 2939 5306 est,
2970 5241 3168 5310 accipit
3207 5242 3492 5312 virginem.

1918 5335 1962 5389 Ο
1993 5332 2273 5403 injuriam!
2312 5333 2474 5404 Virgo
2500 5335 2570 5387 ob
2601 5331 2912 5403 pudicitiam
2943 5330 3078 5402 fugit
3107 5343 3122 5385 :
3151 5333 3279 5385 deus
3309 5343 3493 5386 autem

1919 5425 2009 5496 qui
2040 5425 2259 5490 dicitur,
2292 5425 2361 5479 ob
2389 5438 2628 5478 amorem
2669 5422 2904 5477 libidinis
2934 5422 3257 5492 insequitur,
3299 5432 3351 5477 et
3385 5440 3491 5478 non

1920 5518 2345 5586 comprehendit.
2380 5516 2687 5572 Velociores
2713 5516 2857 5572 enim
2898 5515 3062 5584 pedes
3093 5512 3242 5568 fuere
3267 5517 3493 5586 virginis

1922 5607 2195 5677 pudicitiae
2237 5621 2330 5674 per
2360 5605 2713 5668 voluntatem,
2740 5618 2904 5673 quam
2942 5603 3031 5660 ille
3070 5603 3158 5674 qui
3196 5618 3226 5658 a
3273 5603 3493 5662 libidine

1991 5743 2102 5813 (66)
2139 5742 2366 5813 Eliciam.
2395 5742 2573 5802 Forte,
2592 5750 2638 5792 et
2662 5741 2851 5813 sciunt.

1990 5811 2102 5886 (67)
2135 5811 2288 5880 Quis.
2326 5812 2485 5869 Forte
2510 5829 2649 5882 qua,
2681 5811 2761 5866 vel
2786 5811 2931 5883 quid.
