3956 6534
483 433 616 489 “59

1158 424 1420 481 EESEBH
1461 423 1936 477 CESMUENSIS
1978 420 2125 474 OPP.
2165 419 2339 473 PARS
2379 419 2552 472 ii’.——
2583 417 3001 472 DOGHATICA.

3596 419 3735 474 “60

479 553 770 606 dissolutus
797 560 897 603 est.
969 551 1064 615 Qui
1093 549 1326 602 ambulat
1360 549 1585 608 sensim,
1616 547 1703 614 qui
1737 560 1926 614 passus
1957 559 2042 596 se-
2081 557 2121 608 Α
2157 541 2563 596 fornicationem
2604 539 2712 610 (68)
2745 541 3041 592 insecutum
3076 540 3317 608 quidem,
3351 555 3453 594 non
3481 555 3733 610 compre-

473 645 668 711 jungit,
711 645 813 697 iste
849 657 988 695 nttnc
1021 641 1277 695 festinans
1311 655 1413 693 non
1449 639 1855 706 comprehendit
1887 635 2048 704 virgi-

480 750 600 788 nem
631 749 644 788 :
674 733 834 801 pedes
865 731 1007 785 enim
1050 746 1079 783 a
1136 731 1355 783 libidine
1407 728 1673 790 dissoluti,
1709 743 1806 782 nec
1866 729 2050 781 molles

477 823 703 893 virginis
735 839 928 890 passus
964 821 1424 890 comprehendere
1473 828 1784 889 potuerunt,
1819 818 1910 870 sed
1955 832 2047 884 pa-

478 932 596 969 rum
649 916 775 983 quid
820 925 872 968 et
918 917 1204 984 pervenit:
1238 915 1357 968 talis
1398 929 1584 967 eorum
1627 914 1778 975 deus,
1824 921 1875 966 et
1919 915 2050 966 bene

479 1007 938 1070 comprehendens
979 1017 1059 1061 est
1108 1006 1356 1060 columba
1401 1009 1469 1063 ab
1512 1007 1769 1074 accipitre
1799 1005 2046 1058 musico:

479 1100 571 1154 sed
608 1109 772 1160 terra,
800 1099 992 1166 inquit,
1028 1100 1270 1164 miserta,
1304 1099 1587 1153 humanior
1618 1098 1707 1150 tali
1737 1114 1922 1150 eorum
1952 1099 2053 1152 deo

478 1194 618 1256 visa,
651 1191 928 1244 transtulit
951 1206 1067 1242 eam
1110 1190 1172 1242 ad
1208 1190 1436 1243 laurum.
1473 1187 1536 1242 Et
1560 1189 1701 1242 forte
1730 1187 1918 1240 maluit
1949 1189 2055 1240 vir-

476 1302 544 1350 gn
579 1286 780 1355 lignum
821 1286 958 1347 fieri,
996 1300 1155 1354 quant
1198 1302 1224 1336 a
1276 1285 1365 1337 tali
1398 1299 1585 1339 eorum
1617 1281 1716 1336 deo
1756 1283 2050 1349 corrmnpi.

478 1378 570 1431 ille
600 1387 781 1430 autem
814 1377 905 1446 qui
939 1386 1132 1444 praeter
1167 1392 1312 1443 spem
1344 1392 1370 1427 a
1409 1374 1502 1428 tali
1531 1375 1814 1427 venatione
1847 1375 2054 1428 decide-

478 1477 583 1529 rat,
613 1467 797 1522 videns
835 1467 1094 1536 virginem
1126 1467 1177 1518 in
1210 1464 1456 1520 arborem
1486 1480 1830 1528 conversam,
1884 1480 2054 1530 neque

477 1561 831 1614 conversione
884 1560 1139 1612 confusus
1179 1569 1280 1621 est,
1337 1572 1510 1625 neque
1546 1560 1804 1611 translata
1861 1570 2055 1612 natura

451 1649 750 1702 'transtnlit
780 1658 826 1702 et
857 1665 1092 1703 amorem
1127 1668 1138 1704 :
1167 1651 1259 1703 sed
1285 1650 1458 1702 adhuc
1490 1649 1703 1702 fervens
1727 1666 1929 1713 amore,
1961 1652 2053 1706 atl-

478 1741 583 1792 huc
610 1741 803 1794 ardens
831 1741 1292 1808 concupiscentia,
1323 1741 1668 1810 amplectitur
1695 1743 1966 1807 arborem,
2005 1754 2056 1797 et

478 1832 718 1900 decerpit
754 1847 818 1884 ex
855 1831 940 1884 illa
970 1849 1086 1900 qua:
1138 1833 1249 1902 jam
1299 1848 1403 1887 non
1447 1844 1565 1887 erat
1599 1837 1772 1905 virgo.
1822 1837 1965 1896 folia,
2003 1847 2055 1890 et

2159 633 2378 686 hcnsam
2403 643 2603 692 autem,
2634 632 2807 682 adhuc
2842 645 3008 697 usque
3037 630 3419 695 accusabilem,
3443 642 3497 684 et
3529 631 3738 699 fingunt

2158 727 2209 779 in
2244 724 2566 787 simulacris,
2626 732 2679 775 et
2728 724 2954 793 pingunt
3002 723 3051 774 in
3101 724 3422 792 parietibus.
3469 723 3579 779 Sed
3610 725 3739 792 quid

2158 817 2286 870 mihi
2313 826 2366 868 et
2395 817 2510 870 istis
2537 817 2652 870 est?
2678 816 3274 888 llevertere,lingua,et
3297 815 3425 870 audi
3443 818 3738 886 psalmum,

2156 925 2188 962 0
2217 911 2391 962 anima
2417 928 2428 962 :
2450 909 2774 974 Convertere,
2792 911 2971 964 anima
3003 927 3138 972 mea,
3156 912 3223 963 ad
3252 911 3472 977 quietem
3504 919 3654 962 tuam
3674 907 3741 960 ".

2158 1003 2294 1068 Quid
2347 1003 2476 1056 mihi
2514 1013 2596 1056 est
2625 1019 2719 1058 eos
2758 1003 2847 1072 qui
2881 1003 3013 1058 foris
3046 1011 3170 1058 sunt
3206 1003 3491 1070 judicare?
3531 997 3772 1058 Sufﬁcit"

2157 1097 2234 1151 eis
2269 1098 2391 1165 quia
2425 1096 2476 1149 in
2511 1096 2595 1149 his
2623 1097 2954 1150 volutantur.
2997 1097 3221 1154 Cessent
3260 1096 3326 1154 de
3367 1097 3601 1166 opificiis
3635 1112 3737 1148 non

2161 1189 2294 1242 bene
2362 1188 2597 1249 sentire;
2658 1186 2899 1244 fruentes
2956 1190 3097 1243 enim
3157 1189 3408 1254 opificia,
3467 1189 3613 1242 male
3677 1189 3741 1240 de

2157 1279 2390 1348 Opificiis
2457 1279 2719 1341 sentiunt,
2770 1290 2823 1334 et
2856 1281 3091 1348 ipsorum
3151 1281 3460 1336 Creatorem
3522 1281 3740 1350 injuriis

2163 1380 2370 1440 petunt.
2432 1370 2553 1425 Sint
2613 1382 2669 1424 ut
2729 1371 2933 1435 volunt,
2990 1382 3042 1426 et
3102 1383 3248 1428 certe
3315 1373 3435 1428 nolo
3497 1388 3740 1428 eosesse

2158 1472 2216 1516 ut
2279 1462 2486 1517 volunt.
2524 1461 2715 1517 Noster
2777 1475 2955 1517 autem
3012 1479 3191 1518 sermo
3252 1465 3417 1535 fugiat
3471 1476 3736 1536 quantum

2162 1563 2339 1622 potest
2389 1554 2599 1606 illorum
2653 1554 2900 1619 fetorem,
2945 1556 3066 1623 quia
3116 1557 3255 1626 apud
3309 1557 3450 1625 ipsos
3495 1566 3627 1611 sunt
3681 1557 3739 1609 fi-

2158 1656 2396 1716 gmenta,
2432 1646 2641 1712 fabula,
2670 1647 2980 1708 simulacra.
3007 1648 3295 1711 adulteria,
3328 1648 3735 1712 fornicationes,

2159 1741 2396 1809 sanguis,
2427 1738 2652 1806 lapides,
2690 1739 2859 1809 ligna,
2895 1740 3183 1804 dazmones,
3223 1742 3514 1804 nuditates,
3564 1742 3735 1810 turpi-

2162 1832 2390 1895 tudines,
2422 1831 2644 1885 dicenda
2691 1840 2743 1884 et
2797 1845 2900 1884 non
2963 1832 3185 1888 dicenda
3235 1831 3470 1887 occulta.
3505 1830 3737 1902 Fugiens

479 1921 759 1974 confessus
789 1922 1073 1975 victoriam
1109 1925 1306 1977 victum
1341 1941 1495 1978 sumn
1522 1936 1745 1980 coronat
1773 1939 1949 1995 caput,
1988 1930 2044 1980 ti-
2088 1939 2132 1997 Β
2162 1931 2338 1974 autem
2394 1921 2539 1984 inde,
2585 1931 2710 1990 agat
2757 1922 2958 1991 gralias
3012 1923 3080 1988 ei,
3131 1924 3220 1992 ριιὶ
3271 1937 3328 1978 se
3376 1922 3629 1976 liberaVii
3673 1925 3737 1974 ab

482 2014 646 2063 tnintn
697 2021 882 2080 utpote
940 2014 992 2067 in
1051 2029 1247 2068 corona
1298 2016 1503 2071 libidini
1547 2033 1658 2073 suae
1697 2023 2053 2076 constituens.

480 2099 584 2153 Sed
619 2102 755 2156 forte
784 2105 1025 2173 qumdam
1063 2118 1217 2173 poeta
1247 2107 1424 2162 facilis
1464 2119 1517 2163 et
1552 2110 1946 2164 inconsiderate
1982 2112 2058 2165 Io-

479 2212 650 2263 quens
698 2200 958 2254 mentitus
996 2200 1060 2254 de
1078 2201 1178 2254 diis
1205 2202 1448 2268 esttalia,
1473 2213 1644 2256 etnon
1671 2213 1755 2257 est
1786 2205 2057 2260 insecutus

483 2288 740 2355 virginem
767 2290 1066 2343 citharista.
1096 2291 1234 2357 Quid
1266 2293 1439 2348 adhuc
1471 2310 1640 2362 usque
1674 2297 1722 2348 in
1748 2295 2051 2352 simulacris

481 2394 542 2428 es
586 2381 682 2430 ἰςιπ
721 2381 910 2433 arbore
937 2370 1245 2448 coronatur,
1288 2394 1346 2436 ut
1375 2393 1566 2452 putant
1605 2387 1819 2454 quidem
1861 2389 1928 2441 ob
1967 2391 2056 2442 ho-

484 2470 700 2525 norem?
750 2470 807 2526 Si
842 2484 1020 2527 autem
1055 2475 1224 2528 honor
1265 2486 1346 2529 est
1389 2477 1796 2532 forniCntionem
1849 2480 2050 2534 laudari

490 2696 704 2708 ’ψ’-ι*

2162 2011 2487 2063 istiusmodi.
2526 2011 2643 2063 Erit
2689 2014 2832 2064 enim
2893 2014 3062 2081 gratia
3117 2013 3336 2080 duplex,
3395 2013 3520 2082 quia
3567 2021 3622 2065 et
3678 2013 3737 2064 li-

2161 2102 2368 2155 beravit
2415 2117 2442 2154 a
2472 2103 2633 2166 falsis,
2687 2114 2739 2157 et
2767 2105 2831 2156 ad
2867 2120 2990 2158 vera
3025 2106 3267 2160 adduxit.
3303 2106 3542 2161 Liberali
3579 2105 3736 2172 igitur

2161 2191 2228 2245 ab
2258 2192 2362 2255 his,
2397 2202 2451 2245 et
2481 2194 2623 2262 digni
2655 2192 2880 2261 judicati
2923 2196 3072 2248 estis.
3137 2195 3247 2250 Deo
3279 2211 3383 2250 non
3427 2205 3560 2250 nato
3595 2195 3735 2250 Patri

2160 2298 2254 2353 per
2299 2300 2460 2337 unum
2518 2285 2852 2354 unigenitum
2903 2302 3057 2341 suum
3110 2286 3303 2342 Filium
3360 2304 3484 2343 cum
3532 2289 3734 2357 Spiritu

2170 2384 2357 2426 sancto
2384 2376 2449 2427 sit
2465 2377 2653 2442 gloria,
2675 2377 2861 2439 honor,
2887 2379 3189 2447 imperium,
3207 2379 3482 2447 maiestas.
3502 2391 3558 2434 et
3577 2397 3732 2442 nunc,

2164 2475 2217 2518 et
2246 2481 2475 2536 semper,
2521 2479 2573 2522 et
2605 2486 2698 2537 per
2726 2472 2901 2523 omnia
2931 2473 3123 2528 saecula
3166 2472 3504 2528 saeculorum.
3540 2477 3733 2527 Amen.

1955 2713 3725 2740 MM

1445 2873 2008 2990 EUSEBII
2091 2805 2778 3001 PAMPHILI

535 3101 824 3191 ITEM
873 3103 1019 3192 DE
1070 3101 1222 3195 ΕΟ
1267 3107 1602 3211 QUOD
1661 3113 1968 3202 DEUS
2021 3115 2406 3207 PATER
2472 3121 3366 3220 INCOBPORALIS
3434 3130 3691 3258 EST,

1788 3303 2021 3363 LIBER
2065 3305 2407 3377 QUINTUS

549 3615 892 3685 Qumcunqne
924 3633 985 3672 ex
1019 3619 1252 3686 cogitatu
1288 3620 1483 3673 debent
1517 3620 1694 3689 colligi
1749 3633 1803 3676 et
1856 3627 2053 3691 requiri
2087 3640 2126 3694 ς,
2165 3628 2395 3697 ﬁngunt,
2443 3643 2497 3684 ct
2543 3648 2645 3686 non
2697 3635 2866 3689 solum
2919 3638 2972 3692 in
3008 3640 3220 3711 templis
3253 3651 3306 3695 et
3333 3644 3642 3704 simulacris
3689 3646 3742 3706 et

481 3708 567 3764 vel
609 3709 889 3773 exhiberi,
926 3709 1052 3777 quia
1098 3709 1454 3777 incorporalis
1486 3722 1566 3766 est
1614 3713 1708 3768 Dei
1750 3726 1965 3779 natura,
2005 3727 2059 3770 et

477 3800 590 3867 jam
617 3801 659 3854 si
696 3814 798 3854 non
829 3811 1089 3867 quantum
1141 3816 1228 3856 res
1279 3799 1392 3870 ipsa
1427 3804 1671 3872 deposcit
1699 3804 1831 3878 (69),
1875 3818 2053 3862 tamen

482 3901 742 3962 quantum
778 3891 842 3944 ad
878 3900 1116 3945 nostram
1146 3895 1396 3959 pervenit
1447 3895 1726 3963 virtutem,
1760 3901 1928 3966 magis
1963 3917 2059 3952 au-

483 3993 589 4038 tem
621 3991 880 4052 qnantum
935 3983 1286 4038 imbecillitati
1346 3989 1516 4054 gratia
1549 3987 1791 4053 donavit,
1823 3991 1923 4043 ista
1967 4009 2060 4060 per

483 4075 677 4129 multos
707 4075 1010 4142 praeteritos
1039 4085 1092 4127 et
1119 4076 1473 4131 adunavimus
1503 4079 1638 4143 dies,
1695 4091 1749 4134 et
1808 4085 2059 4135 tractavi-

485 4181 602 4220 mus
625 4168 677 4219 in
709 4183 1013 4220 commune.
1055 4166 1120 4220 Et
1151 4167 1194 4220 si
1226 4169 1346 4236 quis
1378 4173 1614 4238 pervidit
1664 4184 1754 4226 aut
1797 4175 2062 4229 intellexit

481 4267 574 4312 aut
609 4259 872 4324 meminit,
921 4260 1118 4314 nullam
1171 4260 1280 4329 jam
1329 4261 1492 4316 habet
1541 4263 1936 4320 dubitationem
1996 4269 2061 4319 de

485 4349 570 4418 illa
603 4361 792 4404 natura
828 4366 931 4420 qua
963 4351 1283 4417 incorporali
1320 4352 1598 4408 decretum
1642 4367 1723 4409 est
1752 4372 1763 4406 :
1800 4360 1891 4410 sed
1925 4358 2060 4412 forte

485 4442 647 4495 multa
682 4441 768 4494 illa
823 4441 1131 4495 sollicitudo
1163 4458 1282 4510 quia
1322 4459 1417 4513 per
1449 4444 1718 4514 cogitatus
1772 4449 2058 4516 processit,

479 4537 547 4589 ad
580 4534 737 4586 aliam
765 4537 1051 4605 quamdam
1087 4537 1449 4603 SUSpiCiOllem
1487 4539 1773 4593 nonnullos
1810 4541 2055 4594 adducet.

482 4625 732 4680 Dicentes
760 4627 899 4679 enim
928 4628 1015 4694 qui
1047 4627 1232 4679 volunt
1263 4638 1574 4695 pervertere
1607 4637 1777 4694 recta,
1813 4630 1936 4700 quia
1971 4647 2061 4686 co-

479 4721 681 4786 gitatus
707 4719 918 4787 quidem
955 4720 1078 4772 boni
1129 4728 1183 4773 et
1221 4722 1373 4782 veri,
1421 4731 1476 4774 et
1519 4722 1702 4775 decori
1735 4733 1789 4775 et
1830 4725 1962 4778 recti
1995 4727 2060 4778 de

481 4811 589 4866 Deo
617 4822 740 4864 sunt
777 4822 832 4864 et
855 4812 1153 4877 habentur;
1187 4811 1484 4882 Scriptura:
1516 4827 1694 4868 autem
1723 4816 1805 4870 his
1831 4818 1984 4875 bonis
2009 4829 2061 4872 et

480 4905 640 4956 rectis
663 4903 986 4971 cogitatibus
1013 4919 1117 4957 non
1146 4906 1511 4970 consentiunt,
1540 4907 1633 4960 sed
1668 4907 1842 4976 magis
1873 4924 1964 4977 per
1995 4924 2054 4962 ea

2167 3721 2485 3791 imaginibus
2508 3728 2802 3798 depingunt
2822 3740 2873 3784 et
2900 3731 3147 3800 ﬁgurant,
3180 3735 3272 3788 sed
3298 3745 3351 3789 et
3376 3738 3548 3805 ipsum
3577 3756 3737 3810 quem

2166 3816 2413 3869 videntur
2451 3819 2846 3890 incorporalem
2891 3823 3070 3878 dicere
3118 3825 3307 3887 Deum,
3340 3842 3405 3882 ex
3442 3833 3606 3885 corde
3645 3837 3741 3888 ﬁn-

2165 3918 2349 3975 gentes
2387 3912 2716 3979 producunt.
2769 3912 2921 3970 Unde
2966 3925 3021 3971 et
3055 3917 3099 3970 is
3138 3920 3227 3988 qui
3269 3923 3406 3990 apud
3447 3937 3544 3977 eos
3588 3938 3742 3982 actor

2164 4010 2401 4068 putatur,
2440 4006 2578 4073 apud
2611 4006 2749 4061 alios
2785 4009 3066 4063 creditur:
3094 4012 3219 4080 quia
3251 4014 3394 4067 enim
3426 4015 3469 4071 is
3510 4019 3600 4086 qui
3634 4031 3738 4084 est,

2165 4097 2378 4162 agnitus
2415 4113 2518 4150 non
2552 4109 2634 4153 est
2664 4102 2729 4153 ab
2763 4100 2951 4156 iisdem
2975 4143 2989 4167 ,
3033 4103 3168 4157 fama
3224 4117 3399 4161 autem
3443 4108 3508 4162 ad
3555 4125 3652 4165 eos
3687 4114 3736 4166 in

2164 4191 2470 4246 novissimis
2508 4195 2752 4261 pervenit
2781 4199 3110 4268 temporibus
3138 4211 3349 4264 ;tamen
3371 4214 3436 4258 ex
3467 4206 3738 4266 auditione

2164 4278 2355 4351 Moysi,
2385 4285 2508 4352 quia
2542 4284 2740 4341 famam
2761 4289 2825 4343 de
2857 4306 2960 4344 uno
2999 4293 3125 4357 Deo,
3151 4303 3202 4348 et
3224 4295 3338 4362 ipso
3361 4295 3618 4355 Creatore
3642 4317 3736 4355 au-

2164 4375 2400 4440 dierant,
2443 4380 2533 4448 qui
2575 4381 2627 4434 in
2680 4383 2860 4437 multis
2900 4387 3109 4444 saeculis
3163 4389 3371 4459 opilicia
3429 4391 3735 4450 intermisso

2162 4464 2422 4522 Creatore
2473 4470 2878 4540 adoraveruut;
2945 4478 3084 4532 alius
3138 4479 3282 4533 aliud
3335 4485 3732 4552 nuncupatione

2164 4559 2434 4628 suggessit
2461 4561 2525 4614 de
2553 4577 2618 4614 eo
2643 4577 2801 4632 quem
2829 4567 3148 4632 audierant;
3184 4571 3254 4625 ita
3281 4580 3336 4625 ut
3361 4572 3579 4642 quidam
3597 4577 3733 4631 seri-

2165 4651 2351 4703 bentes
2389 4655 2642 4720 praecepti
2687 4656 2795 4709 sint
2821 4671 2885 4711 ex
2916 4663 3135 4715 nomine
3167 4663 3280 4718 solo
3316 4665 3603 4734 imaginem
3653 4671 3735 4727 de-

2163 4741 2420 4805 scribere,
2447 4758 2551 4797 non
2582 4746 2838 4811 hominis,
2871 4749 3114 4819 inquam,
3153 4764 3248 4808 aut
3303 4755 3529 4812 alterius
3556 4760 3733 4828 cujus.

2163 4845 2374 4900 cunque
2401 4844 2570 4888 status
2601 4836 2738 4905 (70),
2784 4841 2876 4894 sed
2926 4843 3245 4910 simpliciter
3278 4851 3729 4918 nuncupationem

2165 4939 2226 4974 ex
2250 4924 2408 4982 fama.
2430 4925 2657 4984 Necesse
2677 4931 2816 4984 enim
2837 4944 2951 4988 erat
2969 4936 3097 4990 istos
3123 4937 3211 5005 qui
3237 4936 3571 5005 Scripturam
3595 4945 3734 5014 igno-

479 5012 598 5064 qna»
631 4997 767 5049 dicta
809 5005 933 5048 sunt
980 5007 1240 5050 accusant
1281 4997 1549 5067 cogitatus
1593 5013 1753 5066 qnam
1789 5014 2057 5054 commcn-
2092 4994 2136 5050 ο
2167 5014 2375 5077 rabant,
2406 5027 2609 5073 naturae
2649 5031 2826 5078 autem
2862 4994 3153 5079 audierant
3187 4994 3644 5099 nuncupationem
3671 5038 3732 5089 de

477 5087 628 5141 dant.
656 5087 786 5140 Erat
807 5097 984 5140 autem
1022 5088 1358 5157 pr0positum
1390 5103 1495 5141 non
1531 5090 1656 5156 quid
1689 5091 1920 5144 dicimus
1949 5109 2051 5146 non

478 5179 794 5246 simpliciter
836 5180 902 5232 de
944 5181 1096 5232 Deo:
1133 5183 1260 5248 quia
1322 5194 1420 5232 nec
1473 5181 1631 5234 nobis
1679 5192 1761 5235 est
1815 5193 2054 5247 potestas

479 5271 614 5324 sicut
640 5271 931 5342 gentilibus
959 5287 1020 5326 ex
1062 5273 1224 5325 corde
1249 5273 1314 5326 de
1356 5273 1462 5326 Deo
1500 5273 1665 5342 loqui,
1712 5273 1806 5330 sed
1835 5277 2049 5346 qualem

478 5380 598 5417 eum
629 5365 920 5433 Scriptura:
945 5365 1312 5428 introducunt,
1336 5375 1390 5419 et
1412 5366 1622 5435 qualem
1663 5383 1720 5422 se
1753 5369 1869 5438 ipse
1895 5369 2052 5424 inter-

479 5466 742 5524 pretatur,
773 5454 931 5508 talem
964 5465 1178 5523 oportet
1208 5457 1408 5526 suscipi
1444 5467 1496 5510 et
1527 5458 1762 5510 adorari.
1813 5458 2050 5512 Gentiles

477 5545 618 5596 enim
645 5545 731 5611 qui
761 5546 940 5598 omnia
979 5549 1091 5600 ausi
1123 5559 1268 5602 sunt.
1325 5548 1507 5601 omnia
1566 5550 1957 5617 trausfigurant
1993 5560 2049 5603 et

550 5662 588 5689 ⁶¹
625 5661 769 5714 Psal.
805 5676 950 5725 cxxv,
983 5662 1033 5713 ’1.

552 5803 658 5886 (iiii)
694 5801 794 5886 χιε.
831 5803 1038 5886 lrftudari
1064 5805 1487 5886 fornicationem.

553 5877 654 5942 (αὖ)
694 5873 785 5933 iis.
825 5870 998 5926 Eram
1032 5870 1078 5927 εἷ
1108 5891 1202 5928 non
1234 5890 1482 5946 quantum
1513 5894 1587 5930 res
1616 5895 1724 5932 tum
1752 5879 2001 5947 deposcit.

2163 5104 2449 5174 incognito,
2495 5111 2653 5164 aliter
2690 5123 2870 5178 autem
2915 5126 2967 5169 et
3000 5118 3225 5173 alterum
3263 5121 3424 5177 aliter
3457 5139 3522 5182 ex
3573 5127 3733 5182 corde

2162 5197 2381 5266 fingere,
2405 5205 2763 5261 mstimatione
2796 5211 2995 5280 quippe
3023 5212 3088 5266 de
3113 5228 3176 5267 eo
3199 5229 3360 5286 quem
3393 5217 3724 5286 ignorabant.

2158 5299 2212 5342 et
2233 5291 2349 5345 ideo
2367 5310 2464 5362 per
2494 5299 2671 5351 omnia
2696 5314 3040 5358 erraverunt.
3075 5304 3201 5361 lude
3232 5317 3313 5361 est
3337 5318 3394 5362 ut
3429 5325 3531 5363 non
3561 5309 3726 5363 solum

2162 5382 2262 5437 sibi
2289 5383 2637 5443 dissentirent
2663 5391 2728 5445 de
2760 5391 2890 5460 Deo,
2921 5397 3012 5451 sed
3042 5409 3096 5451 et
3120 5399 3562 5456 adversarentur.
3605 5381 3728 5471 Qui;

2162 5476 2284 5563 dam
2324 5479 2465 5530 enim
2497 5480 2624 5534 dicit
2666 5482 2792 5550 quia
2841 5489 3111 5556 providet,
3145 5489 3279 5544 alius
3300 5493 3438 5562 quod
3467 5512 3573 5550 non
3606 5511 3724 5563 pro—

2161 5557 2322 5621 videt,
2355 5571 2408 5615 et
2448 5563 2582 5618 alius
2615 5568 2737 5635 quia
2771 5584 2938 5638 usque
2962 5575 3027 5626 ad
3054 5575 3232 5630 lunam
3265 5557 3558 5646 provideat,
3587 5557 3721 5634 alius

2236 5811 2338 5882 (70)
2373 5813 2465 5868 Ms.
2497 5818 2802 5884 Cujumtmnt
2832 5831 3017 5874 ﬂatus.
