3956 6564
220 451 348 510 ιιθι

997 449 1087 503 DE
1126 449 1214 505 E0
1253 447 1442 517 QUOD
1482 446 1663 503 DEUS
1702 446 1934 502 PATER
1974 445 2483 503 INCORPORALIS
2521 448 2673 503 EST.

3333 452 3470 509 “‘59.

217 575 346 647 quia
388 572 443 629 In
470 571 723 628 omnibus
749 570 1018 643 providet.
1053 571 1119 625 Et
1144 570 1363 640 quidam
1398 569 1531 625 dicit
1558 569 1683 639 quia
1714 568 1800 622 in-
1826 574 1873 630 Α
1900 581 2167 638 quemque
2188 567 2509 637 prophetam
2541 566 2847 622 invenimus
2868 566 3090 630 dictum,
3110 565 3257 622 Dixit
3290 565 3474 621 Domi-

216 665 523 735 corporalis
552 674 656 730 est,
702 664 840 718 alius
864 663 987 733 quia
1020 677 1218 732 corpus
1244 671 1348 717 est.
1385 660 1490 716 Ista
1520 673 1795 715 commen-

216 759 369 813 datio
404 757 517 828 (⁵11)
542 756 846 827 ignorantia
884 766 968 809 est
999 769 1209 816 eorum,
1243 754 1333 822 qui
1381 752 1626 807 nesciunt
1667 752 1796 821 quid

218 847 540 917 loquuntur.
584 847 689 901 Sed
722 846 793 899 illi
840 846 1058 915 quidem
1114 845 1397 907 audentes,
1427 853 1518 896 aut
1547 844 1707 898 aliter
1731 845 1798 898 de

220 943 329 996 Deo
352 943 666 1006 sentientes,
682 955 871 995 omnes
886 948 1226 994 erraverunt.
1255 938 1363 992 Nec
1383 939 1525 993 enim
1548 955 1615 994 ex
1636 940 1799 995 corde

220 1036 459 1090 humano
488 1036 629 1091 Deus
654 1033 881 1105 produci
909 1033 1115 1098 debuit,
1158 1033 1255 1087 sed
1286 1047 1315 1085 a
1349 1031 1458 1085 Deo
1488 1032 1699 1086 edoceri
1732 1035 1799 1088 de

221 1126 353 1181 Deo.
401 1122 569 1181 Nobis
594 1134 773 1179 autem
808 1138 1033 1179 necesse
1077 1132 1163 1178 est
1207 1136 1271 1177 ea
1312 1137 1535 1193 surgere
1576 1121 1692 1195 (72)
1744 1131 1802 1178 et

221 1227 478 1282 tractare,
505 1231 626 1286 qua:
656 1231 722 1296 ex
762 1216 1056 1286 Scripturls
1085 1214 1377 1269 didicimus
1421 1215 1645 1280 sanctis,
1671 1214 1799 1284 quia

220 1307 580 1377 incorporalis
611 1316 693 1362 est
720 1306 879 1362 Deus.
906 1304 1013 1361 Sed
1039 1320 1144 1361 non
1187 1304 1385 1361 sullicit
1423 1307 1797 1376 pronuntiare,

218 1412 400 1468 neque
430 1398 695 1452 rationem
722 1397 989 1466 cogitatus
1015 1394 1188 1461 adire,
1230 1394 1325 1449 sed
1353 1395 1641 1449 ostendere
1667 1395 1797 1465 quia

217 1498 275 1545 et
311 1487 435 1558 ipsi,
479 1497 535 1542 et
573 1488 664 1557 qui
712 1488 764 1541 in
818 1486 1008 1541 iisdem
1056 1485 1326 1556 cogitatus
1376 1486 1663 1553 habentur,
1704 1501 1801 1556 per

215 1582 399 1637 omnia
450 1580 796 1635 consentiunt
836 1579 921 1633 bis
966 1591 1088 1646 qure
1132 1575 1429 1647 Scriptura:
1478 1575 1694 1633 Veteris
1746 1586 1803 1633 et

217 1672 353 1729 Novi
374 1671 718 1728 Testamenti
755 1671 820 1725 de
847 1671 958 1727 Deo
992 1671 1346 1742 pronuntiant
1376 1687 1390 1724 :
1432 1669 1572 1726 forte
1617 1679 1800 1726 autem

215 1773 273 1820 et
312 1772 486 1819 totum
522 1760 891 1832 suspicabitur
920 1762 1160 1831 quidam,
1198 1770 1254 1817 et
1314 1760 1677 1827 corporaliter
1743 1759 1798 1815 in

1897 675 1996 713 nus
2041 659 2109 711 ad
2153 674 2249 714 me.
2310 657 2365 711 In
2407 659 2694 729 Evangelio
2746 668 2905 714 etzam
2963 677 2979 713 :
3042 657 3325 714 Desursum
3376 676 3475 715 ros:

1898 750 2040 818 [acta
2070 750 2205 803 est"
2230 765 2244 814 ;
2274 759 2484 819 oportet
2521 752 2661 806 enim
2690 752 2981 807 immisceri
3004 767 3067 807 ea
3095 767 3213 820 quae
3229 767 3293 805 ex
3321 750 3475 808 Novo

1898 849 2023 895 sunt
2064 840 2428 903 Testamento,
2462 839 2674 910 Veteri,
2710 858 2777 897 ne
2817 844 3010 898 iterum
3054 844 3287 899 haeretici
3320 860 3445 913 sepa

1900 942 2040 999 rent,
2080 941 2135 987 et
2171 932 2335 986 alium
2377 932 2722 989 introducant
2772 936 2961 990 Deum.
2998 936 3260 1006 Adjuncta
3292 948 3477 991 autem

1899 1026 2009 1079 sint
2042 1025 2144 1080 ista
2187 1040 2254 1079 ex
2286 1023 2589 1094 Scriptura,
2626 1027 2770 1081 unde
2812 1037 2868 1082 et
2911 1030 3090 1081 omnia
3127 1038 3270 1085 mota
3305 1039 3472 1085 sunt:

1902 1114 2130 1172 Factum
2155 1128 2230 1171 est
2261 1126 2440 1171 autem
2457 1119 2544 1172 die
2578 1119 2751 1183 tertio,
2788 1135 2905 1172 cum
2934 1137 3086 1196 mane
3108 1120 3306 1189 factum
3341 1122 3477 1191 fuis-

1899 1218 1996 1275 set,
2024 1220 2070 1264 et
2110 1209 2267 1278 [cette
2296 1218 2417 1262 sunt
2440 1224 2589 1263 voces
2614 1218 2661 1264 et
2694 1208 2931 1279 fulgura,
2972 1222 3019 1264 et
3056 1212 3209 1266 nubis
3244 1214 3473 1276 nimbus,

1899 1311 1947 1354 et
1993 1316 2150 1368 super
2193 1308 2421 1353 montem
2477 1297 2608 1354 Sina
2646 1316 2743 1355 vox
2781 1303 2919 1356 tuba:
2964 1303 3182 1357 canebat
3229 1304 3378 1358 ualde
3404 1305 3475 1360 ’⁵.

1904 1389 2045 1459 Ergo
2066 1397 2120 1444 et
2154 1391 2281 1443 tuba
2312 1387 2543 1443 sonabat
2568 1404 2784 1458 magna,
2823 1401 2872 1445 et
2914 1399 3156 1446 turbatus
3182 1402 3257 1446 est
3307 1394 3479 1447 omnis

1901 1480 2122 1549 populus
2146 1481 2199 1533 in
2232 1482 2445 1546 castris,
2496 1488 2547 1533 et
2594 1481 2848 1548 produxit
2896 1482 3104 1554 Moyses
3136 1484 3382 1553 populum
3425 1486 3481 1537 in

1902 1569 2104 1625 obuiam
2131 1571 2241 1626 Deo
2283 1573 2347 1625 de
2388 1573 2602 1636 castris,
2639 1584 2890 1640 tanquam
2929 1591 3050 1644 1am
3077 1585 3329 1644 prazsente
3370 1575 3481 1629 illic

1904 1662 2033 1727 Deo,
2065 1673 2116 1717 et
2142 1666 2413 1719 constituit
2443 1681 2530 1719 eos
2555 1666 2651 1719 sub
2681 1677 2930 1722 montem.
2964 1666 3120 1723 Mons
3147 1678 3322 1723 autem
3347 1666 3480 1723 Sina

1902 1754 2140 1823 fumabat
2165 1767 2327 1825 tatus,
2364 1772 2575 1829 prapter
2596 1762 2738 1831 quod
2764 1760 3116 1814 descendisset
3139 1760 3281 1816 Deus
3322 1776 3482 1830 super

218 1857 517 1928 Scripturis
568 1854 798 1925 proferri
832 1855 995 1909 Deum
1048 1855 1290 1924 putabit;
1348 1854 1491 1907 forte
1541 1853 1705 1908 etiam
1746 1862 1803 1906 et
1838 1918 1874 1928 ᾎ
1902 1862 2022 1900 eum
2052 1848 2107 1901 in
2125 1848 2320 1919 igne".
2349 1850 2407 1905 Si
2440 1852 2724 1907 descendit
2749 1860 2803 1904 et
2834 1852 2887 1907 in
2913 1861 3149 1908 montem
3175 1853 3476 1915 descendit,

216 1918 462 2020 panibus
486 1918 842 2017 compositum
872 1961 936 2001 ex
957 1918 1255 2016 scripturis
1285 1946 1517 2016 putabit,
1540 1946 1797 2015 colligens
1836 1918 1877 1973 Β
1906 1944 1959 1990 et
1992 1939 2320 1994 ascendebat
2370 1940 2550 1995 fumus
2607 1949 2862 2010 tauquam
2920 1941 3100 1995 fumus
3133 1940 3370 1995 fornacis
3422 1954 3477 1996 et

216 2040 464 2095 membra
491 2054 611 2108 quae
640 2037 781 2093 dicta
819 2046 965 2092 sunt.
1000 2036 1229 2108 Oportet
1258 2039 1422 2108 igitur
1446 2038 1679 2107 primum
1708 2053 1799 2092 su-

215 2131 552 2203 spicionem,
582 2144 685 2199 qua
722 2129 909 2183 dicunt
960 2129 1011 2183 in
1058 2144 1285 2198 corpore
1327 2144 1448 2184 esse
1474 2128 1664 2192 Deum,
1710 2137 1803 2182 aut

214 2236 417 2291 corpus
449 2235 593 2285 esse,
628 2218 793 2274 diseri
832 2217 967 2289 (75),
1018 2228 1077 2274 ut
1130 2220 1522 2291 apparentibus
1571 2217 1801 2274 vinculis

215 2324 544 2388 agnoscatur
587 2312 873 2368 solutionis
904 2312 1325 2383 magnificentia.
1382 2311 1575 2367 Totum
1622 2313 1802 2382 itaque

215 2407 433 2461 videtur
455 2420 648 2474 corpus
663 2403 1007 2458 introducere
1027 2403 1307 2473 Scriptura
1324 2420 1442 2474 quae
1464 2405 1631 2459 dicit:
1660 2404 1800 2469 Quia

214 2497 452 2551 ambulat
491 2495 545 2550 in
572 2495 820 2563 paradiso
842 2494 886 2525 “
916 2512 930 2547 :
964 2504 1059 2547 aut
1086 2510 1205 2563 quae
1231 2496 1425 2551 iterum
1447 2497 1579 2553 dicit
1609 2515 1621 2552 :
1669 2498 1800 2563 Quis

214 2597 293 2642 est
324 2588 416 2658 qui
446 2586 576 2641 venit
608 2603 673 2640 ea:
697 2584 869 2639 Edam
889 2585 933 2616 "
949 2585 972 2638 ‘i
988 2594 1042 2640 et
1067 2602 1183 2654 qua:
1199 2585 1330 2641 dicit
1354 2584 1632 2656 Scriptura
1650 2605 1663 2640 :
1678 2585 1801 2639 Vidi

212 2678 478 2730 sedentem
506 2692 665 2744 supra
686 2673 1162 2743 sedemmajestatis
1184 2691 1293 2728 sua:
1317 2674 1365 2706 “
1398 2693 1413 2728 :
1450 2685 1505 2728 et
1532 2674 1636 2728 alia
1680 2690 1801 2745 quas

214 2767 336 2822 ait:
375 2766 535 2821 Sedes
561 2775 682 2821 sunt
706 2766 913 2834 positw,
958 2776 1003 2818 et
1048 2763 1285 2820 Vetustus
1320 2768 1523 2819 dierum
1560 2767 1694 2820 sedit
1724 2769 1795 2822 ⁵⁸.

216 2859 483 2929 Quienim
505 2860 557 2913 in
588 2862 841 2928 paradiso
870 2860 1131 2924 ambulat,
1162 2868 1215 2915 et
1236 2859 1325 2929 qui
1352 2860 1496 2913 venit
1521 2875 1586 2914 ex
1607 2860 1798 2924 Edom,

214 2960 275 3006 et
308 2950 403 3021 qui
456 2958 679 3019 apparet
722 2959 780 3004 ut
817 2950 1065 3020 apparuit
1101 2949 1369 3014 Ezechiel,
1418 2959 1472 3004 et
1519 2950 1612 3019 qui
1665 2951 1803 3005 sedit

216 3039 515 3095 secundum
554 3039 847 3103 Danielem,
880 3050 935 3093 et
962 3041 1055 3110 qui
1095 3041 1236 3095 sedit
1258 3043 1551 3095 secundum
1580 3040 1797 3109 Isaiam,

216 3131 554 3200 corporalem
588 3132 874 3200 quamdam
911 3133 1259 3187 ambitionem
1290 3134 1528 3204 suggerit
1561 3132 1695 3205 (74).
1733 3134 1803 3189 Et

218 3224 323 3277 boc
346 3222 561 3292 quidem
596 3224 757 3278 veluti
783 3226 848 3279 de
871 3227 1015 3280 omni
1044 3225 1360 3294 parentibus
1389 3236 1569 3281 autem
1597 3225 1710 3296 (75)
1743 3234 1801 3282 ut

214 3317 505 3371 videamur
538 3327 593 3371 et
620 3317 911 3387 depingere
946 3336 958 3371 :
991 3316 1144 3371 Oculi
1183 3316 1396 3370 Domini
1423 3335 1576 3387 super
1596 3318 1794 3388 justas,

213 3417 262 3458 et
287 3422 440 3459 aures
461 3406 574 3475 ejus
598 3409 666 3460 ad
698 3424 873 3476 preces
910 3424 1088 3462 eorum
1110 3409 1172 3462 “.
1218 3408 1289 3462 0s
1325 3408 1541 3465 Domini
1565 3410 1799 3466 Sabaoth

214 3498 449 3550 locutum
483 3508 555 3551 est
587 3500 690 3551 ista
713 3499 778 3563 ",
815 3499 1020 3552 faciens
1053 3498 1164 3570 (76)
1198 3499 1364 3554 Deum
1399 3501 1511 3573 (77)
1546 3511 1599 3556 et
1630 3517 1801 3556 mem-

216 3587 440 3654 bratim,
481 3599 535 3642 et
572 3598 682 3644 tota
724 3589 890 3645 facies
944 3592 1064 3646 istic
1109 3592 1379 3661 descripta
1431 3602 1536 3658 est,
1580 3603 1636 3649 et
1680 3604 1801 3663 post

210 3678 335 3734 haec
377 3694 496 3746 quae
545 3678 920 3748 insequuntur.
965 3680 1105 3734 Dicit
1134 3681 1276 3735 enim
1310 3682 1626 3752 Scriptura:
1660 3683 1801 3739 Dea:-

219 3778 345 3825 tcxa
384 3770 598 3823 Domini
628 3771 750 3839 fecit
774 3774 1015 3825 uirtutem
1044 3772 1088 3802 ⁸⁸
1115 3788 1129 3826 :
1162 3780 1219 3826 et
1260 3770 1392 3826 Sede
1427 3775 1495 3826 ad
1526 3774 1801 3829 dexteram

210 3876 389 3916 meum
414 3861 481 3926 ",
507 3878 669 3931 quam
696 3880 809 3916 rem
840 3864 1148 3933 insequitur
1174 3878 1227 3919 et
1250 3880 1279 3918 a
1307 3865 1526 3918 sinistra
1567 3880 1705 3920 esse.
1736 3868 1801 3922 Et

214 3954 413 4007 .‘tterum
437 3972 449 4007 :
473 3952 670 4007 leum
691 3956 836 4009 sedes
856 3964 933 4009 est
966 3957 1114 4019 mihi,
1143 3967 1286 4010 terra
1314 3969 1487 4012 autem
1518 3958 1801 4012 scabellum

210 4043 408 4111 pedum
436 4059 667 4097 meorum
685 4044 754 4098 7°.
783 4043 889 4100 Per
934 4045 1035 4098 ista
1088 4046 1270 4114 itaque
1307 4049 1490 4101 omnia
1537 4065 1565 4101 a
1620 4048 1800 4118 capite

212 4147 392 4201 usque
424 4134 490 4186 ad
517 4134 677 4204 pedes
703 4135 917 4189 videtur
946 4122 1284 4191 membratim
1316 4137 1431 4191 ﬁeri
1457 4138 1799 4208 compositio,

211 4233 481 4295 quantum
506 4225 571 4279 ad
597 4240 902 4281 sermonem
936 4238 1166 4295 spectat.
1209 4229 1481 4284 Addemus
1514 4238 1691 4283 autem
1718 4229 1802 4283 in-

210 4318 384 4373 certis
414 4317 522 4383 his,
559 4317 737 4387 capilli
769 4320 953 4386 rapitis
977 4321 1090 4389 ejus
1114 4320 1183 4376 ⁷⁸.
1231 4320 1373 4391 Ergo
1407 4332 1461 4376 et
1502 4322 1704 4392 capilli,
1746 4332 1801 4376 et

207 4410 549 4479 caputcujus
571 4419 626 4465 et
646 4412 920 4479 capilli,et
940 4414 1115 4467 adhuc
1159 4414 1389 4482 amplius
1436 4425 1696 4483 quantum
1731 4413 1799 4467 ad

208 4500 542 4555 exteriorem
593 4513 799 4571 partem
857 4505 1131 4560 invenitur
1180 4506 1587 4570 vestimentum,
1640 4506 1799 4560 modo

1896 2026 2179 2097 obstupuit
2231 2038 2377 2084 tctus
2412 2030 2639 2101 populus
2669 2031 2844 2096 valde,
2900 2032 3101 2087 flebant
3128 2031 3275 2087 enim
3315 2048 3477 2095 voces

1902 2118 2041 2172 tubae
2067 2120 2398 2188 prodeuntes
2431 2120 2760 2187 fortissime;
2802 2122 2954 2179 valde
2979 2122 3190 2196 Moyses
3220 2124 3479 2194 loqueba-

1902 2219 2007 2274 tur,
2041 2219 2096 2265 et
2120 2212 2262 2266 Deus
2291 2213 2650 2282 respondebat
2675 2214 2727 2269 ei
2768 2229 2926 2269 voce:
2956 2226 3011 2270 et
3041 2216 3321 2271 descendit
3380 2216 3479 2271 Do-

1900 2303 2079 2357 minus
2132 2304 2186 2356 in
2225 2314 2407 2358 monte
2441 2305 2570 2358 Sina
2628 2320 2791 2376 super
2846 2322 3106 2362 cacumen
3147 2308 3379 2374 montis,
3423 2317 3480 2365 et

1902 2394 2113 2447 vocavit
2161 2396 2419 2450 Dominus
2469 2395 2686 2467 Moysen
2734 2399 2785 2451 in
2834 2400 3116 2454 cacumine
3161 2400 3381 2465 montis,
3425 2408 3484 2456 et

1900 2485 2142 2540 ascendit
2168 2484 2400 2556 Moyses,
2429 2496 2485 2541 et
2508 2487 2643 2541 dixit
2666 2487 2803 2543 Deus
2840 2490 2908 2544 ad
2947 2489 3187 2562 Moysen.
3214 2491 3340 2548 llaec
3363 2493 3483 2565 qui-

1901 2578 2020 2632 dem
2053 2578 2121 2633 de
2157 2594 2221 2633 eo
2250 2580 2294 2632 si
2327 2578 2625 2644 descendit,
2654 2590 2705 2635 et
2739 2581 2783 2634 si
2806 2582 3040 2649 videtur,
3073 2593 3128 2639 et
3176 2584 3222 2640 si
3259 2586 3483 2640 vocibus

1900 2669 2141 2737 loquitur
2174 2669 2333 2733 Deus,
2372 2680 2427 2726 et
2460 2671 2505 2725 si
2539 2673 2681 2726 tuba:
2721 2660 2984 2739 aderant,
3032 2683 3089 2729 et
3131 2676 3178 2731 si
3217 2677 3269 2730 in
3299 2677 3480 2747 ignem

1901 2761 2203 2827 descendit,
2244 2764 2375 2833 quid
2417 2763 2520 2819 sibi
2582 2764 2697 2817 vult
2740 2763 2961 2819 fumus?
2992 2766 3131 2821 Sunt
3177 2776 3358 2822 autem
3415 2784 3484 2827 ex

1902 2856 2253 2925 sequentibus
2290 2856 2408 2911 alias
2440 2856 2767 2925 quaestiones
2803 2871 2818 2911 :
2861 2860 2955 2913 sed
2995 2857 3133 2915 bene
3167 2871 3249 2914 est
3280 2864 3484 2922 sensim

1903 2945 2163 2999 accedere
2196 2945 2264 2999 ad
2295 2946 2595 3016 proposita.
2630 2944 2697 2998 Et
2724 2946 2862 3001 sicut
2887 2948 2941 3002 bi
2969 2949 3060 3019 qui
3102 2949 3374 3005 aediﬁcare
3391 2952 3484 3005 de-

1901 3036 2164 3101 siderant,
2196 3046 2252 3091 et
2294 3038 2504 3107 lapides
2536 3041 2834 3095 transferre
2873 3042 3120 3110 cupiunt,
3157 3043 3203 3097 si
3240 3042 3484 3112 singulos

1903 3128 2307 3196 transtulerint,
2357 3131 2556 3186 multos
2608 3140 2864 3201 poterunt
2892 3132 3132 3188 adunare
3165 3135 3250 3189 :si
3297 3143 3481 3189 autem

1827 3259 1870 3318 ϐ
1906 3219 2102 3274 multos
2130 3221 2289 3275 simul
2320 3220 2656 3288 levaverint,
2696 3238 2795 3278 nec
2834 3223 3053 3293 quidem
3094 3240 3258 3279 unum
3302 3225 3486 3280 levare

1902 3319 2156 3379 poterunt
2194 3329 2208 3366 :
2250 3313 2321 3366 ita
2379 3322 2431 3367 et
2474 3329 2572 3369 nos
2623 3314 2879 3381 interim;
2938 3315 3113 3383 prima
3151 3331 3298 3371 enim
3337 3318 3484 3372 dicta

1901 3404 2226 3472 intercipere
2270 3404 2428 3461 facile
2478 3406 2690 3460 videtur
2741 3407 3097 3474 audentibus;
3127 3407 3328 3464 timidis
3385 3424 3476 3463 au.

1904 3504 2009 3549 tem
2051 3494 2284 3551 difficile.
2337 3495 2392 3550 Si
2444 3498 2586 3551 enim
2647 3497 2877 3553 voluerit
2921 3499 3044 3570 quis
3076 3499 3276 3565 dicere,
3332 3499 3484 3556 locu-

1902 3595 1988 3640 tus
2018 3595 2128 3649 est,
2177 3603 2281 3641 non
2336 3595 2420 3642 est
2466 3586 2676 3643 locutus
2710 3606 2722 3643 :
2755 3603 2879 3654 vox,
2938 3606 3043 3644 non
3096 3605 3241 3657 vox;
3278 3589 3483 3659 facies,

1901 3694 2007 3732 non
2060 3676 2279 3744 facies;
2327 3679 2644 3749 simpliciter
2698 3680 2913 3735 videtur
2962 3681 3118 3737 facile
3160 3684 3289 3753 quid
3350 3700 3482 3755 ope-

1902 3769 2034 3837 rari,
2070 3771 2335 3827 audenter
2395 3784 2574 3828 autem
2626 3785 2904 3842 operatur.
2962 3775 3069 3830 Sed
3098 3786 3307 3846 oportet
3340 3794 3484 3835 nitnc

1901 3862 1970 3915 ab
2018 3862 2130 3931 ipsa
2189 3864 2472 3933 Scriptura
2514 3868 2764 3935 accipere
2824 3866 3121 3922 solutiones
3155 3908 3170 3932 ,
3221 3878 3276 3922 et
3300 3880 3485 3924 osten-

1908 3954 2037 4007 dere
2088 3955 2214 4022 quia
2264 3955 2378 4008 ista:
2435 3971 2597 4010 voces
2655 3958 2728 4012 ita
2768 3959 2985 4027 quidem
3043 3958 3329 4021 dicuntur,
3372 3978 3482 4016 non

1904 4042 1977 4096 ita
2012 4054 2191 4097 autem
2217 4045 2413 4099 debent
2443 4046 2691 4116 intelligi.
2734 4048 2790 4100 ln
2833 4048 2965 4117 ipsis
3005 4048 3149 4102 enim
3183 4050 3482 4120 iisdemque

1903 4135 2248 4191 sermonibus
2299 4137 2474 4205 primo
2502 4138 2727 4193 exhibet
2761 4140 3165 4207 necessitatem,
3213 4142 3281 4197 ob
3317 4157 3479 4211 quam

1905 4228 1975 4279 ita
2009 4228 2258 4297 apparuit
2283 4228 2442 4283 Deus.
2471 4230 2609 4285 Dicit
2630 4233 2773 4285 enim
2798 4252 2808 4286 :
2831 4231 2967 4287 Ecce
2987 4251 3078 4305 ego
3109 4236 3252 4288 venio
3270 4235 3338 4287 ad
3363 4246 3410 4289 te
3428 4237 3481 4289 in

1903 4318 2147 4373 columna
2176 4323 2349 4386 nubis,
2378 4332 2435 4375 ut
2465 4326 2649 4378 audiat
2684 4327 2910 4395 populus
2947 4326 3239 4397 loquentem
3285 4344 3366 4380 me
3413 4331 3482 4381 ad

1905 4423 1972 4475 te,
2015 4422 2063 4465 et
2091 4414 2305 4466 credant
2340 4416 2435 4468 tibi
2478 4418 2535 4469 in
2582 4419 2953 4486 sempiternum
2978 4419 3044 4472 ⁷⁸.
3080 4418 3147 4473 Et
3192 4406 3387 4475 iterum
3416 4423 3483 4475 ad

1904 4506 2159 4579 populum
2208 4508 2383 4563 dicit:
2425 4507 2531 4563 Vos
2573 4510 2797 4575 uidistis,
2829 4512 2951 4581 quia
2985 4513 3050 4566 de
3105 4512 3232 4566 caelo
3277 4514 3483 4571 locutus

207 4592 435 4661 quidem
472 4595 715 4659 rubrum,
748 4596 905 4649 modo
956 4606 1136 4649 autem
1187 4597 1386 4651 album.
1443 4596 1499 4651 Si
1552 4596 1717 4666 igitur
1743 4605 1797 4651 et
1825 4601 1879 4663 Ι)
1901 4615 2017 4651 sum
2042 4598 2181 4652 vobis
2212 4598 2278 4651 ⁷⁷.
2305 4599 2369 4652 Ει
2399 4609 2551 4653 certe
2582 4616 2648 4654 ex
2683 4610 2862 4655 monte
2882 4600 3331 4671 Sina.Quomodo
3353 4621 3485 4673 ergo

208 4684 603 4740 vestimentum
629 4685 776 4741 circa
822 4688 1021 4755 ipsum,
1068 4688 1297 4755 quaestio
1327 4694 1408 4742 est
1458 4697 1513 4741 et
1546 4689 1610 4740 de
1639 4687 1798 4742 indu-

210 4783 425 4837 mento,
468 4781 644 4828 utrum
670 4776 859 4831 vivens
904 4777 1149 4847 quaedam
1197 4788 1389 4833 natura
1432 4786 1515 4833 est
1543 4788 1597 4833 et
1628 4779 1794 4833 vesti-

206 4875 482 4931 mentum,
522 4874 613 4919 aut
638 4868 907 4935 quomodo
957 4868 1066 4922 illic
1117 4869 1495 4923 vestimentum
1528 4869 1792 4935 habetur;

206 4967 269 5013 et.
293 4971 625 5027 quaecunque
648 4960 1082 5024 convenerimus,
1117 4970 1172 5014 ut
1207 4962 1272 5014 de
1304 4960 1621 5015 indumenlo
1645 4961 1795 5015 dica-

204 5062 341 5104 mus
369 5058 581 5119 Oportet
611 5050 836 5108 moveri.
866 5052 932 5106 Et
960 5054 1156 5106 iterum
1190 5067 1203 5103 :
1235 5052 1279 5106 si
1307 5063 1424 5106 'voa:
1462 5051 1680 5106 Domini
1703 5051 1789 5118 [e-

205 5138 313 5204 cit,
340 5138 384 5193 si
416 5155 515 5193 uox
539 5139 748 5194 Domini
787 5143 842 5196 in
873 5144 1058 5217 uirtute
1086 5144 1152 5210 ⁷³,
1186 5152 1241 5198 et
1289 5158 1394 5199 vox
1430 5143 1642 5198 Domini
1681 5141 1791 5197 fre-

203 5238 448 5298 quenter
480 5230 533 5283 in
563 5228 654 5286 illo
686 5231 892 5300 psalmo
925 5235 1143 5297 dicitur,
1179 5244 1233 5289 et
1256 5236 1551 5290 secundum
1592 5249 1789 5289 unum-

290 5392 337 5423 η
366 5390 503 5445 Gen.
532 5408 616 5453 Ill,
644 5394 698 5446 8.
800 5391 847 5423 “
871 5392 972 5447 lsa.
1008 5411 1161 5462 Lxut,
1198 5400 1250 5449 1.

204 5462 269 5495 ⁸⁸
299 5462 442 5516 Psal.
471 5476 638 5526 cxvu,
683 5462 766 5517 16.
862 5464 907 5495 ⁸⁵
936 5464 1080 5520 Psal.
1102 5482 1212 5531 cu,
1242 5469 1290 5521 ί.

201 5532 261 5568 ⁷⁸
292 5532 463 5587 Exod.
498 5549 615 5597 xix,
648 5534 735 5587 16.
808 5533 854 5565 ⁷⁸
877 5534 1005 5592 ibid.
1039 5537 1127 5603 i7,
1159 5536 1246 5593 18.

1356 5396 1400 5427 ⁸⁸
1434 5395 1535 5450 lsa.
1560 5411 1637 5460 vn,
1662 5397 1713 5452 1.

286 5690 407 5764 (ξιι)
440 5689 854 5764 Commendatio-
880 5693 1063 5764 Forte,
1095 5701 1484 5757 commentatio.

288 5762 407 5836 (:7?)
440 5763 519 5836 Ea
547 5780 778 5836 surgere.
809 5764 991 5831 Forte,
1024 5762 1322 5836 exsurgere.

230 5888 233 5889 ν
308 5833 404 5902 73)
442 5833 633 5888 Diseri.
666 5834 850 5901 Forte,
873 5837 1063 5890 disseri
1090 5833 1399 5900 vel'deseri.

285 5834 403 5973 in)
424 5903 801 5973 Περιγραφήν,
821 5909 1092 5969 ambitum.

310 5890 403 5974 Ἠ)
424 5903 801 5976 Περιγραφήν,
821 5890 1092 5969 ambitum.

538 6000 812 6075 ΡΑτιιοι..
860 6001 980 6065 Gtt.
1029 6003 1259 6066 XXIV.

1820 5397 1865 5429 ⁸³
1905 5397 2037 5453 Dan.
2079 5415 2173 5463 vn,
2215 5402 2270 5456 9.

1382 5468 1429 5499 ’°
1459 5469 1560 5521 lsa.
1596 5480 1746 5532 1.x",
1773 5466 1825 5521 i.

1347 5539 1393 5569 "
1416 5538 1585 5593 Exod.
1612 5553 1724 5605 xu,
1760 5539 1814 5594 9.
1888 5538 1939 5572 "
1960 5538 2132 5596 Exod.
2167 5558 2263 5608 xx,
2296 5540 2386 5596 22.
2464 5542 2509 5575 ⁷⁸
2537 5544 2670 5600 ibid.
2697 5546 2753 5600 4.

1906 4698 2081 4757 potest
2108 4687 2224 4743 fleri
2257 4689 2323 4742 de
2348 4690 2489 4743 cmlo
2532 4699 2587 4743 et
2635 4692 2699 4745 de
2732 4703 2915 4746 monte
2946 4692 3076 4747 Sina
3106 4695 3310 4749 simul?
3338 4694 3487 4751 Vidi-

1904 4783 2020 4844 stis,
2053 4781 2246 4850 inquit,
2282 4783 2404 4852 quia
2450 4783 2513 4834 de
2549 4782 2679 4836 cmlo
2712 4783 2917 4839 locutus
2947 4802 3063 4839 sum
3112 4789 3273 4842 vobis.
3303 4788 3486 4844 Nolite

1903 4873 2045 4926 vobis
2101 4874 2272 4939 [acere
2329 4874 2725 4930 similitudinem
2786 4864 3018 4930 omnium
3074 4896 3193 4948 qua:
3246 4891 3366 4934 sunt
3428 4882 3485 4933 in

1904 4972 2042 5015 terra
2067 4962 2135 5020 ⁷⁸.
2172 4963 2238 5017 Εῑ
2270 4976 2418 5019 certe
2450 4966 2493 5019 si
2521 4966 2823 5025 similitudo
2864 4979 2983 5023 erat
3022 4971 3113 5038 qui
3163 4973 3480 5041 apparebat,

1902 5052 2162 5107 deberent
2189 5055 2431 5109 videntes
2463 5057 2635 5124 magis
2665 5058 2856 5114 adduci
2892 5062 2957 5115 ad
2984 5061 3153 5130 ipsius
3181 5061 3486 5118 similitudi-

1895 5158 2039 5197 nem.
2062 5142 2117 5199 Si
2148 5156 2328 5200 autem
2360 5147 2522 5202 dicit:
2546 5149 2619 5203 De
2643 5155 2769 5205 calo
2803 5151 3006 5205 locutus
3038 5169 3155 5207 sum
3182 5154 3359 5221 vobis,
3390 5158 3480 5224 qui

1896 5235 2095 5289 dicitur
2130 5236 2258 5306 quia
2305 5239 2373 5293 de
2411 5251 2591 5297 monte
2640 5241 2769 5296 Sina
2811 5260 2823 5295 :
2864 5244 3208 5300 manifestum
3232 5257 3315 5301 est
3356 5249 3481 5318 quia

2373 5401 2585 5457 “Psal.
2629 5417 2821 5470 xxxiii,
2868 5403 2955 5459 16.

2411 5474 2455 5503 ⁷⁸
2479 5472 2620 5528 Psal.
2662 5489 2853 5540 xxvm,
2887 5475 2943 5531 4.

3078 5404 3123 5435 ⁶’
3159 5405 3261 5460 lsa.
3309 5421 3346 5470 ι,
3383 5406 3477 5463 20.

1913 5470 2118 5542 '_‘_Dan.
2144 5487 2237 5537 vn,
2267 5472 2321 5542 9.
2411 5474 2455 5503 "
2479 5472 2620 5528 Psal.
2662 5489 2853 5540 xxvm,
2887 5475 2943 5531 4.
3047 5475 3094 5508 ’³
3119 5476 3251 5532 Luc.
3275 5493 3360 5542 tu,
3386 5478 3478 5533 29.

1899 5779 1947 5825 ω
1972 5699 2083 5771 (75)
2116 5699 2280 5760 Forte
2310 5702 2389 5758 sic
2418 5703 2702 5776 legendum
2726 5745 2744 5773 ,
2779 5706 2845 5760 de
2883 5707 3026 5785 omni
3054 5721 3075 5760 :
3106 5709 3347 5778 partibus
3379 5725 3480 5763 au-

1951 5787 2022 5823 in.

2114 5840 2214 5915 Djs.
2255 5854 2374 5915 est.
2404 5843 2518 5902 Ista
2548 5846 2710 5915 {acies
2743 5847 2954 5903 Domini
2977 5858 3025 5904 et
3057 5849 3405 5906 memoratim.

1977 5910 2090 5981 (77)
2119 5912 2306 5969 Deum.
2332 5914 2430 5971 Ms.
2467 5910 2698 5973 Domini.

3091 6014 3159 6074 37
