3956 6544
499 453 634 507 1163

1170 446 1437 505 EUSEBII
1475 442 1953 523 CESARIENSIS
1991 444 2139 501 OPP.
2186 442 2362 497 PARS
2398 441 2489 500 IV.
2531 473 2600 483 -
2640 440 3059 501 DOGMATICA.

3619 447 3759 505 1161

494 566 844 622 ambitionem
882 565 994 637 (78)
1044 567 1347 635 praesentia:
1373 581 1483 620 suae
1512 564 1752 620 ostendit
1783 566 1834 619 in
1869 575 2068 629 monte,
2101 572 2145 626 Α
2175 562 2471 632 prophetiae
2506 562 2668 617 facta:
2715 572 2843 616 sunt
2868 577 2898 615 a
2927 562 3037 617 Deo
3061 561 3486 631 pmnuntiantes
3522 565 3758 633 captivi-

495 660 609 728 ipse
634 669 814 712 autem
847 659 899 713 in
925 673 1019 713 sua
1052 658 1305 712 manebat
1347 660 1647 728 majestate.
1676 656 1784 711 Cur
1814 667 1995 711 autem
2022 666 2076 710 et

493 770 521 806 a
556 765 737 809 monte
773 754 899 807 Sina
929 764 1150 823 apparet
1206 754 1295 822 qui
1353 753 1419 805 de
1453 752 1592 806 caelo
1617 793 1631 815 ,
1662 749 1743 803 Ne
1774 749 2071 813 timueritis,

495 847 690 916 inquit,
727 847 851 916 quia
892 856 1093 899 tentare
1129 862 1214 899 vos
1241 845 1373 898 venit
1399 844 1556 904 Deus,
1582 853 1637 895 ut
1662 843 1728 895 sit
1763 843 1920 893 timor
1959 840 2074 908 eius

495 937 548 989 in
574 937 713 989 vobis
734 936 826 989 ⁷θῖ
854 935 969 990 Non
995 950 1127 1004 ergo
1162 944 1350 988 natura
1380 943 1463 988 est
1491 948 1608 1001 qua:
1638 932 1956 1001 apparebat,
1981 930 2075 983 sed

494 1028 828 1099 dispensatio
862 1042 982 1093 qua:
1012 1027 1341 1081 adducebat.
1395 1025 1529 1091 Quia
1578 1023 1719 1076 enim
1774 1020 2075 1075 audacissi-

494 1138 615 1176 mus
637 1130 755 1178 erat
778 1120 1031 1191 populus,
1062 1119 1187 1188 quia
1223 1133 1438 1187 semper
1469 1116 1693 1169 declivis
1735 1114 1801 1168 ad
1847 1112 2076 1169 idolola-

492 1214 652 1268 triam
673 1215 1001 1279 habebatur;
1033 1213 1157 1282 quia
1176 1214 1319 1267 enim
1340 1211 1557 1265 humilis
1574 1220 1713 1274 erat,
1731 1219 1785 1264 et
1802 1210 2075 1265 desidera-

490 1306 689 1375 batper
706 1322 894 1360 manus
909 1308 1222 1374 contingere
1243 1308 1430 1367 Deum,
1460 1313 1511 1358 et
1532 1319 1624 1372 per
1638 1304 1823 1359 oculos
1845 1305 2026 1357 videre
2056 1321 2069 1357 :

490 1398 618 1465 quia
644 1399 787 1451 enim
819 1397 941 1451 talis
961 1405 1080 1450 erat
1098 1396 1341 1464 populus,
1378 1394 1684 1448 misericors
1715 1404 1896 1447 autem
1933 1393 2073 1448 Dens

490 1499 546 1543 et
561 1490 731 1543 bonus
749 1488 965 1543 faciteis
980 1490 1245 1550 timorem,
1261 1488 1349 1555 qui
1366 1502 1465 1540 nec
1482 1496 1600 1556 post
1615 1486 1859 1539 timorem
1882 1487 2074 1539 timue-

490 1588 637 1637 runt.
652 1579 848 1633 etdicit
867 1596 880 1631 ε
901 1579 1037 1644 Quia
1054 1578 1100 1632 si
1114 1578 1229 1646 quis
1248 1577 1761 1646 appropinquaverit,
1786 1585 1951 1629 morte
1966 1592 2075 1628 mo-

489 1670 659 1724 rietur
684 1671 750 1725 '°.
788 1671 851 1724 Et
880 1681 1026 1725 certe
1053 1686 1182 1725 oves
1228 1678 1384 1724 erant
1425 1669 1536 1724 illic
1571 1680 1696 1723 ante
1722 1670 1844 1732 hoc,
1876 1679 1930 1723 et
1964 1685 2070 1725 non

490 1774 613 1819 sunt
650 1773 895 1819 mortuae.
932 1763 1144 1834 Moyses
1188 1762 1329 1816 enim
1365 1762 1472 1816 illic
1500 1764 1671 1832 pavit,
1706 1761 1921 1833 Moyses
1956 1771 2072 1815 erat

488 1854 600 1909 illic
624 1866 681 1908 ut
710 1863 913 1924 pastor,
960 1869 1057 1909 nec
1104 1854 1233 1907 dum
1270 1863 1353 1908 est
1411 1852 1694 1922 propheta,
1731 1863 1785 1907 et
1831 1870 1935 1907 non
1986 1866 2070 1910 est

2178 664 2345 710 tatem
2370 656 2545 724 populi
2578 671 2698 725 qua:
2728 671 2825 723 per
2858 672 2980 710 eum
3026 655 3169 710 facta
3216 656 3468 724 videtur,
3509 672 3639 712 vasa
3673 672 3762 712 sa-

2176 748 2471 801 cerdotalia
2505 748 2803 816 accipiens,
2839 757 2894 803 et
2928 750 3029 803 hoc
3056 750 3324 819 superbus
3359 759 3414 804 et
3434 760 3677 813 erectus,
3707 759 3763 805 et

2176 838 2281 891 alta
2308 840 2571 909 cogitans,
2604 850 2663 893 υι
2690 840 2950 909 propheta
2977 841 3044 894 ile
3073 854 3139 894 eo
3168 840 3375 894 diceret
3412 858 3424 895 :
3469 840 3547 894 Tu
3572 842 3760 894 dixisti

2175 932 2229 984 in
2257 933 2410 985 corde
2442 945 2556 996 tuo,
2586 934 2663 984 Ad
2686 932 2837 985 cados
2867 935 3175 997 ascendam,
3196 949 3354 1001 supra
3386 933 3547 986 nubes
3566 942 3761 1000 ponam

2178 1025 2348 1077 sedem
2382 1040 2571 1088 meam,
2606 1037 2653 1077 et
2686 1024 2871 1077 sedebo
2899 1040 3063 1091 supra
3099 1034 3299 1077 montes
3344 1024 3639 1077 altissimos
3691 1026 3759 1074 ad

2176 1118 2494 1186 aquilonem,
2526 1126 2572 1170 et
2600 1134 2687 1171 ero
2714 1118 2902 1171 similis
2919 1118 3198 1171 Altissimo
3226 1118 3271 1149 ⁸⁸
3298 1132 3313 1171 :
3342 1119 3469 1187 quia
3510 1119 3640 1171 talia
3682 1133 3760 1170 sa-

2176 1210 2377 1279 piebat,
2411 1220 2463 1263 et
2500 1211 2625 1263 talia
2660 1210 3004 1279 loquebatur,
3058 1219 3113 1265 et
3145 1210 3274 1264 talia
3309 1210 3605 1280 cogitabat,
3660 1210 3760 1265 iste

2175 1302 2449 1372 accipiens
2482 1303 2838 1357 sacerdmalia
2858 1317 2985 1357 vasa
3014 1318 3117 1357 non
3148 1314 3230 1357 est
3257 1318 3420 1357 ausus
3440 1304 3511 1357 uti
3538 1302 3756 1367 iisdem,

2174 1394 2269 1448 sed
2301 1406 2557 1464 tanquam
2611 1396 2662 1449 in
2709 1396 2919 1450 ratione
2970 1396 3192 1449 honoris
3228 1398 3405 1462 posuit
3434 1397 3485 1449 in
3517 1396 3757 1463 templis,

2176 1501 2279 1540 non
2298 1502 2627 1542 consecrans
2654 1488 2830 1551 idolis,
2853 1489 2993 1542 sicut
3018 1504 3136 1556 qum
3159 1486 3518 1556 insequuntur
3534 1488 3760 1541 demon-

2174 1587 2370 1639 strant,
2403 1581 2495 1634 sed
2533 1594 2792 1634 recusans
2816 1580 2959 1633 vasis
2989 1581 3063 1632 uti
3097 1578 3424 1633 divinis.lsti
3455 1581 3757 1633 succedens

2173 1671 2315 1727 filius
2341 1672 2457 1739 ejus
2486 1672 2537 1725 in
2574 1688 2759 1742 regno,
2810 1689 2914 1727 non
2958 1673 3005 1727 ei
3060 1672 3326 1727 successit
3369 1681 3425 1725 et
3452 1672 3754 1725 secundum

2172 1764 2332 1819 istum
2368 1765 2656 1830 honorem,
2688 1766 2783 1819 sed
2812 1767 3077 1819 innovans
3112 1774 3432 1835 potestatem
3468 1765 3624 1834 regni
3648 1764 3749 1827 sui,

2172 1856 2379 1927 profert
2411 1873 2535 1912 vasa
2556 1858 2940 1921 sacerdotalia,
2963 1866 3019 1913 et
3049 1858 3185 1912 bibit
3235 1856 3288 1910 in
3327 1857 3478 1926 ipsis.
3519 1858 3587 1910 Et
3628 1856 3750 1925 quia

486 1956 754 2001 ηιυηυυεο
781 1946 982 2015 Utique
1013 1955 1067 2000 ει
1112 1945 1201 1999 ὂΙίῘ
1250 1936 1385 1999 Nilei
1420 1944 1641 2015 M0330"
1668 1961 1683 2011 ;
1720 1946 1813 2000 sed
1843 1957 2064 2015 propter
2097 1941 2136 1995 Β
2164 1950 2277 2019 ipse
2304 1960 2356 2003 et
2387 1952 2468 2005 sui
2501 1951 2640 2005 male
2668 1953 3032 2006 extenderunt
3067 1967 3261 2007 manus
3298 1967 3425 2006 suas
3462 1951 3529 2004 ad
3591 1965 3748 2015 vasa,

483 2044 796 2106 adventum,
824 2042 946 2111 quis
970 2041 1121 2107 dicit,
1154 2041 1244 2094 Dei
1280 2040 1435 2105 dixit,
1478 2040 1605 2109 quia
1636 2040 1681 2094 si
1714 2041 1836 2110 quis
1872 2056 2069 2109 appro-

485 2136 833 2205 pinquaverit
862 2135 1144 2190 morietur.
1187 2135 1376 2189 Nonne
1433 2137 1604 2203 magis
1634 2135 1855 2190 deberet
1886 2136 2068 2189 vivere

484 2229 576 2298 qui
613 2228 1007 2298 apprOpinquat
1042 2228 1291 2282 adventui
1342 2228 1434 2282 Dei
1471 2228 1495 2280 ἲ
1528 2228 1632 2282 Sed
1690 2237 1897 2284 terrere
1955 2229 2067 2284 vult

481 2319 736 2389 populum
797 2320 1098 2383 audacem;
1144 2320 1282 2373 unde
1328 2329 1381 2373 et
1433 2319 1573 2374 tubae
1633 2332 1822 2375 sonant
1869 2336 2065 2375 canen-

484 2411 637 2463 tium.
689 2410 825 2477 Quid
892 2410 1035 2463 enim
1092 2426 1342 2482 magnum
1406 2422 1489 2466 est
1546 2414 1656 2467 Deo
1713 2424 2063 2482 operamenta

483 2515 672 2556 creare
706 2502 772 2554 ad
803 2502 1109 2557 istiusmodi
1154 2502 1557 2567 necessitatem,
1596 2514 1688 2557 θυι
1734 2504 1855 2558 sine
1915 2506 2059 2560 tubis

482 2608 672 2647 sonum
699 2594 856 2647 tatem
890 2595 1177 2649 emittere?
1213 2594 1325 2649 Non
1357 2594 1424 2648 ab
1458 2609 1515 2649 re
1562 2604 1742 2648 autem
1796 2605 1879 2649 est
1911 2611 2060 2665 quae-

483 2686 605 2739 dam
642 2702 705 2741 ex
736 2685 956 2740 Daniele
982 2702 1275 2757 apponere,
1305 2688 1398 2742 sed
1431 2697 1486 2742 et
1518 2689 2056 2758 opportunissimum.

481 2780 616 2847 Quia
650 2783 795 2836 enim
826 2782 1065 2836 diximus
1108 2782 1233 2849 quia
1271 2795 1376 2833 non
1409 2790 1532 2834 erat
1582 2782 1919 2849 impossibile
1949 2782 2060 2837 Deo

480 2873 640 2927 tubas
666 2888 875 2935 creare,
900 2883 992 2927 aut
1018 2873 1134 2928 sine
1159 2872 1300 2927 tubis
1318 2888 1507 2927 sonum
1542 2873 1717 2927 audiri
1748 2894 1759 2927 :
1797 2874 2057 2942 scriptum

477 2966 620 3035 apud
655 2967 931 3021 Danielem
966 2976 1071 3031 est,
1112 2966 1259 3035 quia,
1288 2966 1480 3019 Manus
1512 2967 1749 3036 ingressa
1786 2966 1900 3019 sola
1926 2967 2055 3020 scri-

478 3059 629 3113 bebat
655 3059 707 3111 in
745 3060 1029 3128 pariete".
1069 3058 1173 3111 lsta
1203 3074 1393 3112 manus
1423 3058 1565 3113 Deus
1593 3068 1695 3122 est,
1737 3068 1829 3112 aut
1878 3058 2056 3129 angeli

478 3151 669 3207 incisio
694 3152 811 3207 est?
863 3150 971 3205 Sed
1022 3152 1148 3219 quia
1200 3150 1421 3204 deberet
1477 3150 1650 3204 videri
1688 3166 1791 3204 non
1842 3161 2053 3214 tenens,

479 3245 617 3301 forte
671 3254 847 3301 autem
894 3258 994 3297 nec
1021 3252 1384 3297 atramentum
1429 3242 1693 3309 bajnlans,
1728 3259 1902 3313 neque
1948 3245 2055 3299 alio

2170 2041 2293 2110 quia
2325 2042 2467 2095 enim
2501 2044 2753 2096 manibus
2789 2042 3083 2111 tetigerunt
3117 2058 3179 2097 ea
3206 2058 3327 2111 qua:
3373 2042 3455 2096 eis
3484 2056 3593 2095 non
3625 2056 3752 2095 con-

2170 2132 2476 2201 tingebant;
2515 2148 2712 2188 manus
2764 2148 2860 2202 pro
2917 2150 3082 2187 manu
3128 2137 3316 2190 exiens
3356 2136 3747 2206 scripsitjuxta

2166 2223 2461 2287 lucernam,
2493 2226 2664 2294 utqui
2704 2226 2935 2279 aderant
2968 2228 3219 2282 homines
3242 2228 3486 2282 viderent
3523 2238 3746 2283 senten-

2166 2315 2316 2368 tiam.
2348 2315 2478 2381 Qua:
2507 2331 2639 2385 ergo
2669 2326 2751 2371 est
2783 2332 2976 2371 manus
3000 2318 3127 2371 illa?
3158 2317 3271 2372 Non
3306 2334 3531 2388 corpus,
3576 2335 3748 2389 neque

2163 2421 2226 2459 ex
2260 2420 2485 2475 corpore
2524 2409 2740 2470 incisio,
2786 2409 2881 2462 sed
2922 2408 3208 2464 efﬁcientia
3252 2411 3318 2465 ad
3352 2412 3621 2467 visionem
3654 2428 3743 2469 ve-

2164 2498 2341 2562 niens,
2371 2508 2428 2551 ut
2457 2510 2841 2569 agnosceretur
2869 2502 3139 2555 sententia
3190 2503 3521 2561 invisibibis.
3571 2503 3743 2558 Suﬂ'e—

2163 2601 2310 2643 cerat
2335 2601 2514 2645 autem
2557 2600 2609 2645 et
2641 2608 2830 2647 manus
2853 2595 3141 2649 ostendere
3175 2598 3453 2662 virtutem,
3482 2606 3538 2651 et
3574 2598 3742 2651 inter-

2163 2683 2364 2750 pretari
2397 2684 2783 2748 obscuritates,
2832 2686 3044 2740 solvere
3076 2687 3470 2753 dubitationes,
3508 2691 3605 2744 sed
3638 2706 3740 2744 n0n

2161 2784 2243 2828 est
2289 2790 2488 2844 egenus
2550 2776 2721 2833 dives.
2777 2778 3085 2833 Invenimus
3133 2780 3276 2832 enim
3335 2782 3387 2833 in
3441 2781 3739 2852 Scripturis

2161 2875 2214 2922 et
2249 2866 2386 2921 forte
2412 2867 2603 2930 multa.
2643 2884 2765 2937 quae
2797 2882 2853 2922 υι
2878 2870 3208 2937 quaestiones
3241 2880 3399 2925 mota:
3432 2883 3587 2940 sunt,
3620 2890 3743 2944 pos-

2159 2968 2283 3013 sunt
2314 2960 2469 3014 nobis
2492 2961 2557 3013 ad
2578 2960 2900 3015 solutionem
2927 2962 3205 3031 prodesse.
3236 2964 3497 3021 Novimus
3523 2970 3669 3023 enim
3688 2982 3739 3024 et

2159 3051 2225 3104 de
2260 3050 2500 3117 Daniele,
2545 3052 2671 3121 quia
2710 3053 2843 3106 vidit
2878 3054 3037 3107 sedes
3083 3056 3307 3123 positas,
3348 3068 3401 3113 et
3445 3059 3734 3115 Vetustuai

2159 3140 2367 3195 dierum
2405 3144 2750 3210 insidentem,
2792 3146 2943 3215 cujus
2981 3149 3086 3203 albi
3127 3160 3284 3204 erant
3316 3151 3519 3220 capilli,
3567 3165 3623 3206 et
3654 3170 3740 3207 ve-

2158 3235 2414 3290 stimenta
2442 3237 2667 3291 candida
2701 3239 2767 3295 3'.
2812 3240 2878 3293 Et
2906 3253 3053 3297 certe
3101 3251 3155 3296 et
3208 3245 3312 3299 hoc
3371 3247 3740 3316 accipiebatur

477 3337 656 3409 aliquo
708 3345 1057 3406 Operamento
1086 3334 1277 3399 abusa,
1332 3345 1418 3389 aut
1478 3336 1590 3403 ipsa
1650 3352 1777 3401 usa,
1817 3338 2046 3389 addatur

2160 3338 2381 3395 propter
2436 3333 2852 3397 contumaciam,
2900 3345 2993 3387 aut
3046 3346 3269 3404 propter
3329 3338 3732 3409 negligentiam.

474 3439 531 3485 et
565 3444 761 3494 canna,
798 3439 854 3483 et
895 3437 1259 3482 atramentum
1286 3436 1550 3482 creatum.
1589 3428 1694 3481 Ant
1719 3429 1762 3483 si
1795 3430 1897 3482 hoc
1931 3430 2053 3497 quis

477 3521 706 3577 voluerit
739 3521 1004 3590 accipere,
1036 3518 1254 3587 scripsit
1287 3534 1500 3585 manus,
1543 3530 1596 3575 et
1642 3521 1767 3573 dum
1801 3521 2053 3588 scripsis-

475 3628 580 3685 set,
611 3618 856 3672 recessit.
900 3614 1039 3681 Quid
1086 3629 1279 3668 manus
1335 3616 1434 3668 ista
1464 3615 1701 3678 dicebat,
1747 3615 1905 3685 cujus
1957 3615 2047 3669 Dei

473 3709 589 3765 sola
624 3723 839 3770 manus,
885 3716 938 3761 et
983 3706 1076 3760 ubi
1109 3716 1193 3759 est
1240 3706 1448 3759 totum?
1492 3716 1582 3759 aut
1623 3706 1823 3776 angeli,
1874 3719 1927 3761 et
1959 3706 2047 3761 ubi

471 3810 557 3855 est
590 3799 806 3854 totum?
846 3798 1039 3853 incisio
1088 3808 1209 3851 erat
1259 3797 1555 3868 passibilis.
1592 3796 1735 3868 Ergo
1782 3813 1888 3867 quo
1943 3799 2047 3854 ista

474 3894 667 3951 incisio
692 3893 815 3949 θειῖ
848 3892 985 3959 Quid
1021 3907 1152 3963 ergo
1186 3902 1271 3946 est
1306 3892 1575 3945 sententia
1611 3892 1765 3946 visa?
1808 3893 1875 3947 Ut
1900 3894 2046 3948 enim

473 3988 639 4043 sciret
672 4002 763 4040 rex
792 3985 884 4055 qui
918 4000 1085 4041 ausus
1112 3992 1220 4047 est,
1259 3985 1378 4037 ideo
1431 4000 1625 4037 manus
1665 3985 1729 4037 ad
1770 3984 2046 4040 lucernam

470 4079 737 4148 indigens,
761 4093 881 4147 quae
917 4093 1013 4131 nec
1040 4077 1209 4131 oculis
1237 4076 1346 4131 visa
1377 4086 1523 4130 sunt.
1560 4077 1625 4130 Et
1654 4088 1803 4131 certe
1832 4089 1887 4131 ut
1912 4078 2047 4133 scri-

467 4171 724 4241 batqnis,
756 4170 908 4225 valde
940 4171 1167 4225 intentio
1208 4171 1515 4225 necessaria
1548 4180 1651 4238 est,
1672 4180 1726 4225 et
1748 4171 2044 4225 videntium

477 4265 783 4327 oculorum,
811 4273 865 4317 et
905 4272 1062 4317 acute
1094 4264 1412 4317 videntium.
1443 4262 1595 4318 Nunc
1642 4273 1817 4317 autem
1858 4264 2046 4317 scribit

466 4357 586 4411 sine
618 4356 812 4421 oculis,
841 4356 958 4409 sine
992 4364 1229 4420 tenente,
1274 4354 1388 4409 sive
1414 4370 1534 4408 cum
1573 4364 1904 4419 atramento,
1930 4357 2045 4409 sive

466 4449 583 4503 sine
606 4456 930 4513 atramento,
951 4447 1062 4501 sive
1084 4448 1202 4501 sine
1225 4446 1345 4499 aliis
1367 4446 1753 4515 operamentis,
1783 4446 1895 4500 sive
1920 4462 2041 4501 cum

464 4539 605 4600 aliis,
629 4538 915 4593 admiratio
933 4548 1015 4593 est
1038 4556 1053 4605 ;
1079 4539 1170 4607 qui
1205 4538 1356 4592 valde
1378 4552 1569 4592 carnes
1591 4538 1836 4606 sunt,qni
1855 4552 2041 4608 corpo-

465 4632 637 4699 rales,
672 4632 761 4700 qui
819 4631 1002 4685 volunt
1050 4631 1157 4684 Deo
1209 4643 1407 4699 corpus
1456 4630 1610 4693 dare,
1672 4630 2036 4696 respondeant
2067 4667 2113 4722 Β

462 4725 641 4788 nobis,
691 4724 779 4778 illa
825 4738 1014 4778 manus
1042 4737 1242 4792 corpus
1275 4731 1393 4775 erat
1444 4729 1537 4773 aut
1568 4735 1670 4774 non
1707 4721 1947 4789 corpus?
1976 4720 2032 4774 Si

461 4832 693 4886 corpus;
730 4816 847 4870 sine
888 4802 1128 4867 humeris
1157 4830 1259 4866 non
1294 4824 1598 4877 moveatur,
1635 4811 1749 4865 sine
1774 4820 1888 4864 toto
1920 4827 2039 4865 cor-

458 4925 591 4978 pore
624 4924 727 4963 non
771 4910 841 4964 sit
875 4923 1086 4961 manus.
1118 4906 1176 4959 Si
1207 4915 1387 4959 autem
1420 4912 1645 4974 apparet
1696 4919 1886 4957 manus
1914 4942 1929 4965 ,
1982 4912 2036 4958 et

456 5000 646 5055 scribit
679 5016 892 5063 manus,
927 5007 982 5053 et
1010 4996 1213 5053 recedit
1262 5012 1489 5061 manus;
1542 5007 1871 5066 agnoscatur
1916 5011 2035 5065 qua:

455 5103 540 5148 est
582 5102 770 5147 natura
824 5090 1048 5146 visionis
1099 5089 1397 5161 praesentis.
1432 5087 1802 5156 Importunum
1847 5097 2031 5140 autem

456 5199 562 5238 non
589 5192 671 5238 est
699 5182 1013 5251 adjungere,
1048 5196 1143 5233 cur
1175 5188 1229 5233 et
1269 5193 1479 5231 manus.
1532 5176 1588 5231 Si
1626 5177 1771 5230 enim
1796 5176 1909 5244 jam
1954 5174 2033 5227 di-

452 5287 597 5330 ctum
623 5284 727 5340 est,
755 5276 877 5343 quia
895 5274 1181 5343 oportebat
1211 5272 1537 5325 sententiam
1570 5270 1758 5333 scribi,
1779 5269 1871 5321 sed
1893 5266 2035 5321 forte

455 5368 576 5423 ideo
599 5382 693 5437 per
718 5381 956 5430 manum,
990 5364 1115 5435 quia
1142 5373 1195 5417 et
1216 5360 1543 5432 paterhnjus
1577 5361 1716 5425 regis
1742 5359 2031 5412 adversum

455 5476 612 5531 quem
648 5461 749 5513 ista
798 5458 1065 5513 sententia
1104 5457 1303 5523 scripta
1334 5466 1449 5517 est,
1486 5454 1555 5507 ob
1599 5452 1780 5522 populi
1835 5452 2031 5505 delicta

453 5556 628 5622 potuit
658 5563 711 5607 et
741 5551 994 5621 populum
1046 5561 1229 5603 tenere
1258 5558 1313 5602 et
1364 5548 1644 5615 templum.
1680 5545 1745 5598 Et
1774 5544 2029 5612 populum

450 5641 668 5713 quidem
702 5642 929 5694 adduxit
977 5641 1271 5710 captivum.
1326 5637 1632 5691 Condicens
1676 5644 1854 5688 autem
1902 5634 2026 5703 quia

522 5781 567 5810 "
596 5780 747 5832 Deut.
791 5793 884 5841 vn,
916 5778 964 5830 5.
1046 5776 1090 5806 ⁸⁸
1123 5775 1293 5829 Exod.
1335 5789 1448 5835 xu,
1481 5773 1565 5825 i2.
1640 5772 1682 5802 “
1720 5770 1848 5828 Dan.
1878 5785 1927 5836 v,
1956 5768 2009 5838 5.

520 5919 634 5989 (78)
670 5919 1037 5971 Ambitionem.
1061 5916 1113 5971 Id
1138 5927 1242 5982 est,
1277 5914 1547 5972 ambitum.

2085 5771 2129 5803 “
2157 5770 2256 5826 lsa.
2285 5788 2394 5839 xlv,
2428 5773 2509 5829 15.

2157 3418 2237 3473 Ad
2290 3422 2702 3477 ostentationem
2757 3426 2953 3495 quippe
2997 3427 3122 3495 quia
3174 3444 3371 3498 corpus
3420 3442 3504 3486 est
3554 3433 3736 3503 Deus;

2157 3516 2419 3567 sententia
2460 3524 2639 3569 autem
2686 3517 2939 3571 virtutem
2975 3535 3285 3575 sermonum
3323 3524 3567 3589 exhibet,
3608 3529 3736 3596 quia

2157 3606 2391 3660 maxime
2422 3608 2617 3662 exhinc
2656 3608 3009 3679 incorporalis
3046 3614 3349 3668 ostenditur
3386 3617 3549 3672 Deus.
3604 3620 3737 3685 Quis

2153 3700 2297 3753 enim
2331 3701 2541 3769 ignorat
2574 3717 2787 3757 onmem
2825 3705 2915 3772 qui
2957 3705 3131 3762 oculis
3181 3708 3371 3775 utitur,
3406 3712 3532 3779 quia
3578 3714 3737 3767 oculo

2153 3796 2417 3865 contingit
2469 3811 2531 3850 ea
2578 3796 2761 3851 videre
2815 3812 2934 3865 quae
2990 3798 3224 3853 adsunt?
3274 3817 3393 3870 qua:
3448 3814 3635 3858 autem
3683 3806 3732 3859 in

2152 3890 2445 3942 crastinum
2478 3898 2570 3943 aut
2611 3899 2733 3958 post
2766 3904 2987 3955 parvam
3036 3893 3244 3960 horam,
3287 3904 3380 3947 aut
3440 3906 3560 3965 post
3620 3914 3732 3953 mo-

2152 3990 2390 4035 mentum
2426 3981 2576 4047 iient,
2629 3999 2733 4038 non
2791 3985 2937 4041 videt
2989 3986 3219 4041 oculus:
3259 3988 3495 4045 Danielis
3550 4002 3728 4049 autem

2148 4074 2305 4139 visio,
2346 4076 2557 4129 initium
2587 4076 2801 4145 quidem
2838 4079 2998 4135 habet
3024 4095 3053 4133 a
3093 4080 3196 4141 lea.
3228 4090 3348 4149 post
3379 4081 3517 4136 leam
3550 4096 3728 4141 autem

2148 4165 2448 4223 introducit
2503 4184 2729 4235 ursum,
2815 4174 3033 4226 tertium
3090 4174 3291 4227 animal
3351 4185 3409 4228 ut
3465 4180 3725 4245 pardum.

2146 4269 2395 4327 quartum
2424 4260 2530 4315 tale
2559 4261 2712 4328 cujus
2747 4271 2937 4316 natura
2978 4264 3117 4332 apud
3159 4280 3257 4319 nos
3297 4281 3399 4319 non
3433 4267 3722 4325 invenitur.

2146 4348 2494 4421 lnterrogabo
2527 4354 2792 4408 volentem
2820 4356 3168 4419 contendere,
3219 4356 3299 4412 lea
3345 4372 3568 4428 regnum
3607 4363 3725 4417 est?

2146 4442 2202 4497 Si
2229 4444 2373 4497 enim
2415 4446 2557 4512 quod
2583 4445 2715 4499 vidit
2746 4447 2931 4502 Daniel
2958 4458 3075 4502 erat
3104 4450 3330 4517 visibile,
3380 4450 3517 4505 leam
3545 4466 3721 4508 autem

2143 4535 2314 4600 vidit;
2347 4552 2450 4590 non
2493 4538 2626 4591 vidit
2656 4554 2900 4609 regnum,
2929 4545 3021 4595 sed
3051 4541 3211 4596 leam.
3247 4541 3323 4598 Ne
3354 4543 3517 4614 igitur
3551 4562 3723 4600 remo-

2144 4641 2365 4682 veamus
2416 4628 2644 4692 dictum,
2703 4631 3041 4700 Scripturam
3102 4633 3405 4689 videamus.
3464 4637 3522 4690 Si
3580 4641 3719 4693 enim

2142 4716 2256 4787 ipse
2310 4716 2497 4771 Daniel
2567 4718 2977 4789 interpretans,
3047 4732 3140 4776 aut
3196 4724 3605 4795 interpretatam
3658 4734 3720 4783 ab

2142 4808 2333 4877 angelo
2384 4810 2645 4865 visionem
2674 4814 2844 4878 audit,
2913 4815 3037 4883 quia
3094 4816 3326 4885 primum
3372 4834 3595 4889 regnum
3640 4834 3720 4876 est

2140 4900 2539 4965 Chaldaeorum,
2598 4902 2828 4959 intueris
2868 4907 2991 4975 quia
3029 4896 3395 4976 quod'visum
3448 4922 3572 4975 est,
3639 4912 3717 4966 lea

2140 4998 2293 5055 erat;
2327 4992 2467 5059 quod
2501 5002 2681 5049 autem
2713 4996 3119 5066 interpretatur,
3153 5015 3397 5070 regnum.
3445 5004 3553 5057 Aul
3582 5006 3720 5058 dicat

2141 5080 2231 5149 qui
2260 5081 2512 5148 voluerit,
2541 5095 2700 5153 putas
2731 5086 2839 5141 fera
2870 5088 3046 5157 aliqua
3086 5101 3235 5156 erat,
3274 5102 3327 5147 et
3368 5094 3617 5160 vivebat;
3667 5108 3717 5151 et

2146 5173 2267 5248 talis
2296 5174 2505 5244 qualem
2541 5178 2671 5230 vidit
2718 5179 2950 5234 Daniel?
3008 5182 3064 5236 Si
3102 5192 3280 5237 autem
3318 5186 3547 5257 insignia
3591 5189 3716 5243 vidit

2145 5268 2329 5336 regni,
2401 5269 2899 5340 interpretationem
2953 5283 3130 5329 autem
3184 5277 3421 5347 agnovit,
3481 5282 3711 5336 visiones

2141 5371 2428 5427 corporeas
2457 5360 2636 5415 facere
2666 5378 2769 5416 non
2801 5363 3077 5421 debemus.
3122 5366 3292 5421 Ursus
3330 5378 3507 5421 autem
3554 5384 3709 5438 appa»

2143 5451 2293 5504 rebat
2316 5454 2587 5507 secundus
2619 5465 2733 5523 post
2760 5455 2921 5523 leam,
2947 5468 3001 5511 et
3038 5460 3139 5511 tria
3170 5458 3339 5514 latera
3365 5470 3520 5514 erant
3547 5462 3596 5515 in
3618 5477 3709 5515 ore

2139 5538 2273 5606 ejus.
2316 5540 2479 5597 Putas
2516 5543 2640 5612 quia
2684 5554 2737 5599 et
2784 5545 2951 5600 latera
2994 5548 3114 5602 viva
3156 5557 3329 5615 crant,
3366 5558 3420 5604 et
3462 5550 3595 5603 unde
3646 5566 3704 5603 ea

2138 5634 2333 5701 accipit
2378 5634 2579 5689 ursus?
2636 5634 2799 5693 Putas
2844 5638 3063 5710 aliquod
3129 5640 3331 5695 animal
3400 5656 3711 5713 expugnans

2601 5774 2645 5807 ⁸³
2675 5776 2804 5830 Dan.
2840 5791 2933 5843 vn,
2966 5775 3017 5832 9.
