3956 6536
210 477 346 532 “65

987 473 1077 527 DE
1116 473 1203 530 EO
1240 472 1427 541 QUGD
1458 471 1642 529 DEUS
1679 472 1908 528 PATER
1947 471 2447 531 lNCOliPORALlS
2485 475 2636 531 EST.

3328 477 3461 532 “(ili

204 594 353 664 quod
386 592 443 647 in
467 590 863 649 consuetudine
900 598 985 645 est
1025 590 1168 660 apud
1208 603 1340 655 nos;
1374 596 1466 643 aut
1500 590 1789 658 signiﬁcat,
1818 595 1866 653 Α
1896 586 2077 643 futura
2108 597 2292 652 erant;
2346 587 2472 657 quia
2513 603 2633 658 qua:
2686 587 2874 658 incipit
2920 588 3119 653 videre,
3169 604 3275 643 non
3324 592 3470 646 videt

203 681 327 756 qtiia
368 699 463 755 per
503 686 607 740 tria
658 684 833 739 latera
920 690 1029 737 tres
1088 682 1339 749 regiones
1391 681 1607 736 habebit
1663 679 1793 736 illud

203 781 500 834 secundum
553 791 801 849 regnum.
855 775 1076 833 Tertius
1126 784 1305 831 autem
1337 776 1537 844 pardus
1574 774 1789 845 quidem

203 879 324 928 erat
351 880 614 941 quantum
666 870 734 925 ad
760 869 1048 935 visionem,
1099 876 1334 937 quatuor
1378 876 1559 922 autem
1613 866 1789 935 capita

206 962 463 1019 habebat.
523 962 732 1031 Siquis
793 971 969 1017 autem
1021 972 1260 1016 vestrum
1309 960 1445 1015 vidit
1489 960 1542 1013 in
1598 969 1789 1015 natura

203 1065 443 1126 quatuor
492 1053 671 1123 capita
732 1053 957 1123 pardum
1016 1051 1330 1118 habentem,
1377 1052 1449 1105 sit
1497 1049 1709 1106 visibile
1734 1058 1791 1107 et

202 1147 406 1202 animal
428 1147 592 1201 istud.
641 1145 697 1200 Si
739 1154 918 1199 autem
948 1154 1201 1199 naturam
1233 1143 1519 1209 convertit,
1550 1141 1789 1198 forman-

205 1251 295 1295 tur
311 1249 491 1294 autem
518 1253 684 1308 regna
709 1252 805 1304 per
831 1237 1135 1292 istiusmodi
1167 1236 1429 1301 visiones,
1460 1236 1528 1290 ad
1560 1249 1787 1305 corpora

206 1343 313 1383 non
345 1327 752 1397 compellamus.
809 1326 999 1392 Quarti
1029 1336 1212 1381 autem
1251 1325 1501 1381 animalis
1533 1326 1585 1380 in
1612 1333 1786 1381 totum

206 1438 307 1478 nec
348 1424 596 1493 ﬁguratio
633 1432 715 1477 est
763 1423 961 1492 posita,
1022 1435 1088 1476 eo
1150 1421 1293 1491 quod
1342 1421 1683 1475 immutatum
1733 1428 1789 1478 et

204 1529 403 1569 novum
431 1528 462 1568 a
492 1514 704 1569 caeteris
737 1514 1042 1576 videbatur,
1068 1520 1127 1567 ut
1158 1528 1227 1567 ne
1251 1514 1466 1582 quidem
1494 1514 1787 1571 similitudo

204 1607 259 1661 in
286 1621 352 1662 eo
381 1604 606 1674 alicujus
632 1606 881 1661 animalis
912 1606 1217 1661 inveniatur
1246 1624 1259 1660 :
1286 1606 1400 1661 haec
1426 1606 1556 1660 vidit
1576 1605 1782 1661 Daniel.

204 1696 275 1752 Et
327 1705 455 1751 ante
512 1697 626 1752 haec
657 1712 672 1750 :
705 1694 852 1763 Vidi,
898 1696 1095 1764 inquit,
1156 1706 1392 1765 quatuor
1446 1705 1625 1751 uentos
1667 1695 1786 1750 cwli

202 1786 535 1841 imminentes
559 1786 616 1841 in
642 1788 777 1839 mari
809 1802 999 1855 magno
1054 1784 1121 1840 “.
1171 1784 1334 1841 Putas
1374 1797 1428 1841 et
1474 1788 1617 1841 venti
1652 1787 1782 1841 visi-

202 1879 343 1935 biles
390 1877 577 1934 fuere?
609 1879 852 1946 Quatuor
894 1887 1073 1934 autem
1128 1877 1286 1934 simul
1336 1878 1699 1933 immittuntur
1728 1878 1782 1933 in

1901 694 2021 749 qua)
2054 679 2323 743 videntur,
2375 680 2469 733 sed
2516 680 2660 735 videt
2704 696 2822 749 qua:
2865 696 2972 735 non
3019 681 3287 737 videntur.
3346 681 3471 737 ldeo

1891 778 2076 825 autem
2141 782 2196 825 et
2240 771 2574 838 nuncupatio
2628 782 2744 825 erat
2796 773 3180 842 prophetarum
3230 774 3353 839 ista,
3413 785 3471 827 nt

1890 863 2199 918 dicerentur
2237 864 2329 931 qui
2365 862 2547 917 vident
2577 880 2589 915 :
2623 864 2748 931 quia
2789 865 2931 918 enim
2972 875 3025 918 et
3055 863 3191 934 apud
3228 880 3325 921 nos
3351 866 3472 935 qui-

1891 954 2013 1009 dam
2044 954 2260 1023 vident,
2311 954 2533 1024 quidam
2570 970 2674 1009 non
2704 955 2906 1020 vident,
2938 964 2992 1011 et
3025 958 3091 1010 ad
3122 973 3297 1012 caecos
3322 973 3475 1013 com--

1889 1046 2100 1117 paratio
2127 1056 2210 1101 est
2236 1060 2424 1101 eorum
2447 1044 2540 1115 qui
2570 1045 2774 1109 vident,
2805 1057 2860 1102 et
2882 1049 3171 1104 diversitas
3194 1060 3248 1104 et
3269 1051 3470 1105 discre-

1889 1138 1965 1193 tio
1985 1146 2086 1194 est.
2123 1137 2324 1195 Sumus
2357 1151 2535 1195 autem
2578 1149 2842 1211 quantum
2870 1141 2935 1194 ad
2980 1140 3471 1198 considerationem

1890 1230 2157 1286 visionum
2208 1246 2313 1287 non
2363 1232 2627 1287 videntes.
2692 1232 2888 1287 Vident
2940 1242 3118 1286 autem
3169 1235 3466 1303 prophetae,

1889 1338 2009 1393 quae
2051 1338 2149 1378 nos
2194 1337 2300 1378 non
2358 1322 2626 1377 videmus.
2684 1324 2761 1376 Ex
2830 1323 2943 1392 ipsa
2995 1337 3123 1391 ergo
3178 1322 3469 1379 eﬂicientia

1889 1424 2217 1485 acceperunt
2255 1425 2313 1470 et
2354 1415 2807 1485 nuncupationem
2850 1416 2939 1484 qui
2990 1416 3317 1469 vocabantur
3342 1431 3470 1485 pro-

1887 1509 2062 1577 phetae
2108 1509 2407 1563 secundum
2476 1516 2719 1564 veterem
2782 1522 3001 1573 vocem,
3058 1523 3181 1562 cum
3237 1508 3471 1562 maxime

1886 1608 2213 1669 exceperunt
2264 1600 2348 1655 bis
2389 1600 2481 1670 qui
2524 1600 2726 1655 vident.
2779 1599 2931 1655 Unde
2976 1609 3031 1655 et
3067 1601 3248 1656 multa:
3280 1601 3470 1655 inscri-

1885 1692 2095 1761 ptiones
2130 1690 2263 1747 tales
2310 1692 2677 1755 inveniuntur,
2730 1691 2854 1745 dum
2908 1693 3084 1746 dicit:
3131 1690 3274 1746 Visio
3312 1709 3469 1762 quam

1885 1786 2012 1839 vidit
2067 1783 2244 1840 Isaias
2307 1785 2554 1839 adversus
2614 1783 2951 1855 Egyptum:
2995 1781 3135 1837 Visio
3190 1783 3473 1838 adversum

1885 1877 2235 1949 Babyloniam
2277 1879 2347 1932 ⁸⁸.
2379 1878 2515 1945 Quia
2561 1879 2724 1949 igitur
2762 1879 3035 1941 videbant,
3085 1887 3144 1933 ut
3192 1878 3471 1944 videbant,

203 1969 362 2022 mari.
406 1968 471 2022 Et
513 1982 665 2024 mare
702 1968 860 2032 vidit,
899 1969 989 2023 ubi
1032 1983 1199 2039 agens
1226 1982 1463 2037 praesens
1489 1983 1658 2036 mare,
1696 1976 1788 2024 aut
1816 1963 1863 2023 Β
1891 1970 2149 2025 videbant
2187 1981 2368 2025 autem
2401 1985 2507 2025 non
2535 1978 2595 2024 ut
2626 1970 2893 2025 homines.
2945 1969 3073 2036 Quae
3132 1984 3259 2040 ergo
3299 1970 3472 2025 oculis

202 2075 312 2114 non
341 2074 580 2129 praesens
607 2061 917 2130 conspexit.
974 2058 1043 2112 Et
1074 2070 1320 2129 quatuor,
1368 2059 1563 2128 inquit,
1604 2075 1789 2113 ascen-

201 2154 396 2206 debant
424 2152 551 2220 ferte
588 2153 652 2206 de
697 2154 835 2205 mari
866 2152 912 2184 ³⁵
944 2170 957 2205 :
991 2152 1073 2206 lea
1112 2166 1179 2205 ex
1223 2151 1380 2219 mari,
1411 2161 1467 2205 et
1514 2167 1675 2207 ursus
1718 2166 1785 2206 ex

204 2243 367 2310 mari,
399 2253 453 2298 et
477 2244 676 2313 pardus
698 2258 765 2298 ex
792 2243 951 2298 mari.
980 2243 1208 2297 Intueris
1226 2242 1351 2313 quia
1370 2244 1484 2313 ipsa
1506 2243 1785 2312 Scriptura

203 2350 302 2403 per
346 2349 409 2388 ea
444 2350 564 2404 quae
596 2335 811 2391 videtur
862 2334 1068 2405 ligare,
1131 2350 1228 2405 per
1274 2334 1464 2390 eadem
1509 2344 1564 2390 et
1603 2335 1783 2391 solvit.

208 2426 352 2482 Mare
393 2426 445 2480 in
480 2426 583 2481 illis
615 2441 721 2481 non
756 2437 873 2481 erat
902 2427 1059 2493 locis,
1109 2427 1199 2481 ubi
1231 2436 1351 2482 erat
1398 2427 1605 2484 Daniel.
1652 2411 1785 2484 Puta

202 2520 331 2588 quia
368 2527 489 2573 erat
534 2518 637 2584 lea,
679 2527 734 2573 et
760 2534 918 2573 ursus
960 2527 1015 2573 et
1058 2518 1260 2586 pardus
1289 2527 1344 2574 et
1398 2534 1593 2573 novum
1652 2520 1780 2575 illud

201 2610 408 2665 animal
439 2629 455 2666 :
483 2626 549 2666 ex
581 2611 718 2666 mari
741 2610 1015 2681 quomodo
1039 2611 1386 2665 ascendunt?
1420 2610 1577 2666 Venti
1608 2622 1785 2665 autem

205 2703 479 2774 quomodo
533 2704 825 2759 videntur?
891 2704 1027 2760 Puta
1094 2705 1218 2774 quia
1294 2705 1408 2759 visa
1474 2712 1601 2757 sunt
1658 2703 1783 2759 ista.

203 2796 468 2852 Ascendit
494 2796 578 2851 lea
603 2812 670 2851 ex
699 2798 857 2865 mari,
897 2799 1167 2868 quomodo
1194 2812 1416 2866 regnum
1446 2797 1500 2851 in
1533 2807 1695 2852 terra.
1728 2796 1787 2852 Si

204 2899 385 2942 autem
410 2904 632 2957 regnum
660 2889 712 2942 in
743 2898 887 2943 terra
923 2899 1027 2954 est,
1065 2905 1168 2943 non
1211 2898 1294 2943 est
1331 2888 1444 2958 jam
1490 2888 1571 2943 lea
1601 2910 1611 2943 ;
1644 2889 1791 2957 quod

204 2979 351 3032 enim
380 2978 551 3031 visum
574 2985 658 3032 est
690 2977 832 3031 aliud
862 2987 1002 3043 erat,
1054 2979 1196 3048 quod
1235 2986 1412 3031 autem
1470 2977 1788 3046 interpreta-

208 3081 320 3125 tum
365 3070 530 3126 aliud.
586 3069 695 3124 Sed
747 3079 873 3139 pnta
937 3070 1064 3140 quia
1114 3069 1369 3124 transfert
1406 3078 1463 3123 et
1522 3068 1658 3123 leam
1720 3069 1788 3125 ad

205 3176 432 3230 regnum
463 3178 477 3215 :
511 3161 901 3230 interpretatur
941 3163 1085 3215 enim
1121 3160 1345 3230 angelus
1371 3160 1419 3215 ei
1447 3161 1536 3230 qui
1580 3161 1790 3216 viderat

203 3266 259 3312 et
292 3256 531 3326 reliquas
560 3255 704 3310 feras
729 3255 1148 3324 unumquodque
1176 3255 1229 3308 in
1258 3269 1353 3308 sua
1377 3254 1783 3311 constitutione.

207 3346 269 3404 Si
296 3348 397 3402 ista
434 3347 577 3401 enim
609 3360 728 3416 quae
758 3349 898 3415 apud
943 3360 1041 3400 nos
1079 3355 1206 3400 sunt
1238 3354 1293 3400 et
1320 3346 1551 3401 visibilia
1580 3346 1784 3401 haben-

211 3448 320 3503 iur,
368 3438 757 3491 transferamus
786 3438 855 3491 ad
902 3436 1215 3503 invisibilia,
1270 3446 1325 3493 et
1370 3438 1614 3495 dicamus
1659 3440 1786 3509 quia

205 3546 312 3586 non
362 3531 602 3594 aderant,
652 3530 747 3584 sed
784 3531 897 3585 visa
950 3541 1109 3597 sunt;
1139 3541 1195 3586 et
1233 3532 1369 3586 visio
1402 3541 1525 3597 est,
1567 3543 1623 3587 et
1680 3548 1785 3587 non

204 3634 416 3677 natura:
447 3620 747 3690 progenies.
790 3620 1157 3677 Transeamus
1189 3623 1254 3677 ad
1290 3623 1481 3688 Deum,
1513 3623 1601 3678 ubi
1632 3625 1788 3680 sedes

200 3721 336 3769 sunt
387 3713 607 3781 posilze;
668 3722 723 3767 et
785 3714 894 3783 jam
964 3728 1067 3768 non
1128 3714 1371 3768 dicamus
1435 3715 1591 3770 sedes
1641 3715 1787 3769 aliud

203 3804 438 3874 aliquid,
488 3806 581 3860 sed
623 3806 768 3876 ipsas
806 3807 962 3861 sedes
995 3816 1087 3863 :et
1114 3820 1217 3860 non
1248 3806 1358 3875 jam
1388 3806 1632 3862 dicamus
1660 3807 1786 3876 quia

204 3897 362 3951 visus
387 3908 468 3951 est
492 3897 581 3966 qui
615 3913 719 3951 non
742 3906 824 3953 est
856 3898 1106 3963 visibilis,
1134 3899 1226 3953 sed
1250 3898 1384 3953 visio
1404 3908 1505 3953 est.
1538 3896 1784 3953 Iudicem

204 3987 551 4043 introducere
571 3988 768 4043 audeat
783 3988 873 4058 qui
895 3988 1023 4054 vult,
1052 3990 1129 4043 sic
1146 3988 1390 4043 concedit
1417 3989 1463 4043 ei
1487 3988 1785 4059 Scriptura.

205 4081 520 4135 Meminisse
571 4090 749 4135 autem
804 4090 1013 4151 oportet
1056 4081 1180 4150 quia
1235 4081 1599 4151 suggessimus
1645 4082 1788 4150 quod

206 4173 453 4241 suggerit
488 4181 542 4225 et
575 4182 790 4236 natura,
836 4174 961 4241 quia
1007 4172 1147 4227 oculi
1200 4170 1381 4226 futura
1429 4189 1535 4226 non
1582 4172 1786 4227 vident.

206 4260 398 4330 Neque
454 4270 577 4331 post
635 4262 913 4331 quodlibet
992 4274 1326 4319 momentum
1403 4262 1484 4319 lea
1553 4263 1787 4334 primum

210 4369 437 4422 regnum
472 4364 598 4409 tunc
636 4356 733 4410 sub
781 4354 1001 4411 Daniele
1051 4367 1189 4424 erat,
1218 4371 1481 4425 ursusqee
1523 4355 1637 4424 ejus
1661 4370 1788 4412 suc-

206 4450 381 4503 cessit
430 4462 594 4517 regno
632 4450 874 4517 :pardus
910 4449 1130 4503 tertium
1177 4464 1421 4519 regnum.
1478 4450 1590 4504 Non
1642 4452 1787 4506 enim

207 4555 539 4608 unoquoque
582 4539 801 4593 animali
840 4554 1087 4608 regnum,
1144 4542 1238 4595 sed
1283 4556 1617 4611 unaquaeque
1672 4544 1787 4598 fera

1889 2060 2168 2114 hominum
2204 2075 2307 2114 non
2337 2060 2612 2125 videntur,
2646 2075 2753 2115 non
2785 2069 2914 2114 sunt
2948 2061 3273 2129 corporalia.
3322 2059 3473 2115 Vidit

1890 2150 2078 2206 Daniel
2109 2170 2122 2205 :
2151 2152 2282 2221 quid
2307 2151 2475 2205 vidit?
2497 2152 2621 2221 quia
2653 2156 2798 2206 sedes
2822 2165 2941 2206 sunt
2961 2152 3166 2218 positae.
3204 2148 3471 2217 Quando?

1890 2240 1947 2296 Si
1992 2241 2136 2295 enim
2182 2240 2447 2311 judicium
2494 2242 2668 2307 vidit,
2710 2251 2837 2296 tunc
2880 2243 3066 2312 utique
3116 2258 3237 2297 cum
3288 2242 3472 2312 quarti

1892 2333 2039 2401 regni
2102 2333 2451 2404 interemptio
2498 2333 2679 2389 futura
2727 2342 2837 2389 est.
2886 2335 3082 2389 lterum
3127 2345 3303 2390 tamen
3347 2350 3471 2389 cum

1888 2424 2005 2479 haec
2055 2425 2291 2488 videret,
2349 2440 2456 2480 non
2502 2425 2705 2481 ﬂebant
2746 2442 2810 2481 ea
2842 2418 2984 2496 quae
3052 2426 3289 2481 videbat.
3365 2426 3473 2481 Cur

1888 2525 2068 2571 autem
2109 2527 2162 2572 et
2194 2519 2352 2573 sedes
2387 2518 2552 2582 videt,
2586 2519 2860 2571 Judicium
2906 2519 3064 2580 sedit,
3096 2517 3231 2571 visio
3256 2516 3321 2571 ad
3357 2514 3474 2569 eiﬁ~

1889 2609 2144 2663 cientiam
2172 2609 2316 2663 facta
2352 2618 2437 2665 est
2469 2612 2565 2663 rei.
2623 2608 2757 2675 Quia
2792 2612 2934 2662 enim
2961 2609 3100 2678 apud
3132 2624 3230 2681 nos
3263 2607 3474 2677 judiees

1889 2702 1943 2755 in
1974 2701 2101 2756 sede
2125 2702 2375 2756 sedentes
2408 2702 2654 2757 subditos
2683 2701 2784 2755 sibi
2810 2699 3085 2768 judicent,
3124 2699 3276 2765 dicit,
3308 2698 3472 2752 Sedes

1889 2802 2008 2847 sunt
2042 2794 2247 2863 ροεὶιιε.
2286 2794 2353 2848 Ει
2405 2805 2553 2850 certe
2599 2794 2645 2847 si
2700 2793 2821 2848 talis
2868 2804 3013 2849 esset
3054 2794 3195 2848 Deus
3248 2802 3468 2855 natura,

1892 2902 1997 2940 non
2032 2886 2220 2941 debuit
2251 2887 2457 2951 dicere,
2509 2886 2695 2955 posita:
2739 2894 2865 2940 sunt
2909 2886 3087 2952 sedes,
3137 2886 3254 2951 sed,
3291 2896 3469 2940 erant.

1891 2975 1947 3031 Si
1970 2987 2151 3031 autem
2172 2978 2357 3047 positae
2386 2988 2511 3033 sunt
2533 2994 2652 3047 qua:
2678 2992 2782 3031 non
2808 2986 2958 3032 erant
2987 2989 3146 3031 antea
3173 2977 3469 3037 collocatae,

1890 3076 1943 3123 et
1976 3069 2116 3122 sedit
2147 3069 2237 3137 qui
2272 3078 2400 3124 ante
2436 3084 2541 3124 non
2575 3069 2831 3135 sedebat;
2853 3085 2984 3140 ergo
3008 3083 3105 3123 nec
3133 3077 3263 3123 tunc
3286 3068 3474 3138 posita:

1890 3168 2037 3225 sunt,
2066 3175 2166 3215 nec
2196 3170 2322 3216 tunc
2348 3165 2488 3217 sedit
2510 3179 2523 3215 :
2545 3164 2639 3219 sed
2667 3163 3015 3231 ostenditper
3034 3178 3098 3215 ea
3120 3176 3237 3231 quae
3257 3160 3472 3229 cognita

1892 3261 2017 3305 sunt
2074 3252 2229 3307 nobis
2294 3253 2458 3307 verba
2510 3253 2856 3309 eﬂicientiam
2908 3253 3003 3307 Dei
3068 3254 3136 3307 ad
3187 3252 3473 3323 judicium.

1894 3344 2131 3413 Denique
2156 3355 2212 3399 et
2242 3347 2527 3416 descripsit
2561 3348 2671 3401 illic
2702 3347 2853 3401 albos
2896 3347 3141 3413 capillos,
3185 3346 3473 3401 candidam

1890 3444 2116 3503 vestem,
2158 3436 2333 3505 ignem
2380 3436 2799 3508 ante‘judicem,
2858 3446 2915 3493 et
2962 3436 3183 3491 ﬂuvium
3229 3438 3468 3506 igneum.

1893 3530 2034 3585 Dicit
2053 3531 2195 3586 enim
2219 3533 2345 3601 quia
2382 3531 2635 3587 Vetustas
2662 3535 2865 3587 dierum
2897 3534 3053 3587 sedit.
3088 3533 3196 3588 Cur
3221 3544 3466 3589 vetustus

1892 3622 2140 3676 dierum?
2188 3624 2256 3677 Et
2302 3633 2449 3678 certe
2479 3639 2549 3678 ne
2577 3625 2794 3693 quidem
2829 3625 2943 3679 dies
2975 3640 3111 3689 opus
3142 3635 3269 3679 sunt
3306 3625 3417 3679 Deo
3456 3644 3469 3678 :

1890 3714 1980 3769 sed
2011 3715 2135 3783 quia
2181 3716 2505 3771 resurrectio
2536 3716 2698 3772 ﬁebat
2733 3716 2786 3770 in
2817 3717 2964 3772 exitu
3000 3726 3217 3772 :etatum
3253 3732 3472 3786 regum,

1892 3806 2117 3860 multum
2157 3816 2367 3877 tempus
2398 3810 2766 3864 necessarium
2798 3808 3121 3864 habebatur.
3167 3809 3299 3875 Quia
3326 3811 3473 3863 enim

1890 3913 1985 3966 per
2014 3899 2209 3953 multos
2243 3901 2359 3954 dies
2403 3900 2793 3969 expediebatur
2838 3903 3005 3966 istud,
3035 3900 3317 3955 Vetustum
3359 3902 3477 3955 die-

1891 4004 2009 4042 rum
2043 3991 2292 4043 nominat
2324 3989 2587 4058 judicem.
2632 3991 2694 4043 Et
2722 3991 2847 4059 quia
2887 3993 3144 4046 mundum
3178 3999 3293 4046 erat
3325 3991 3475 4058 judi-

1889 4082 2031 4136 cium
2095 4091 2150 4136 et
2200 4083 2552 4151 purissimum
2587 4124 2602 4148 ,
2661 4093 2715 4138 et
2776 4082 3099 4151 inﬂexibile;
3136 4085 3243 4139 albi
3295 4085 3471 4154 capilli

1890 4157 2311 4244 mundijudicis,
2349 4185 2404 4230 et
2434 4176 2664 4230 candida
2699 4176 2816 4246 ejus
2850 4176 3167 4232 vestimenta
3200 4186 3254 4231 et
3277 4177 3475 4231 imma-

1889 4265 2065 4320 culata
2101 4266 2357 4320 dicuntur
2388 4282 2400 4317 :
2436 4266 2557 4321 ideo
2582 4275 2639 4320 et
2670 4265 2847 4335 capilli
2875 4265 3021 4331 albi,
3063 4267 3177 4321 sive
3226 4275 3470 4321 vetusta-

1893 4365 1998 4408 tem
2044 4357 2427 4411 annuntiantes
2479 4366 2539 4412 et
2578 4357 2716 4426 ipsi,
2763 4357 2877 4412 sive
2928 4357 3113 4427 jndicii
3156 4359 3469 4427 puritatem.

1890 4447 2002 4516 Ego
2024 4457 2204 4501 autem
2236 4458 2290 4502 et
2322 4450 2637 4519 contingere
2673 4448 2982 4503 istiusmodi
3024 4449 3264 4503 habitum
3303 4450 3471 4519 perti-

1892 4553 2092 4593 mesco.
2146 4538 2202 4592 Si
2263 4549 2443 4593 autem
2494 4555 2599 4595 non
2657 4548 2778 4594 erat
2825 4540 2967 4608 quod
3006 4539 3297 4607 diceretur,
3327 4542 3471 4611 quod

208 4647 437 4701 regnum
472 4640 557 4685 est
606 4631 811 4686 habens
852 4631 1048 4685 multos
1090 4646 1263 4701 reges.
1319 4632 1458 4703 Ergo
1502 4649 1670 4704 usque
1720 4635 1788 4690 ad
1822 4664 1863 4717 ο
1894 4637 2075 4699 posset
2099 4630 2352 4685 omnibus
2379 4630 2547 4684 videri
2581 4630 2837 4684 recedere
2878 4629 2946 4684 ab
2971 4630 3272 4685 istiusmodi
3309 4646 3472 4685 sensu

204 4733 468 4790 quartum
495 4736 716 4789 regnum
758 4721 910 4775 multi
944 4735 1117 4790 reges.
1154 4720 1283 4776 Post
1324 4734 1573 4791 quartum
1607 4735 1784 4779 autem

206 4828 438 4882 regnum
487 4811 745 4879 judicium
797 4814 1080 4867 adversum
1145 4823 1395 4882 quatuor,
1461 4822 1516 4869 et
1558 4824 1803 4884 quatuor

206 4920 321 4961 non
357 4904 641 4959 adversum
676 4904 929 4972 primum.
970 4903 1153 4957 Daniel
1184 4914 1362 4958 autem
1402 4914 1457 4958 et
1498 4906 1694 4973 primo,
1734 4918 1789 4961 et

203 4996 472 5058 secundo,
524 5003 578 5049 et
623 4995 803 5061 tertio,
838 5004 892 5049 et
932 5003 1128 5064 quarto
1162 5009 1329 5063 regno
1358 4994 1622 5063 judicium
1662 5009 1783 5067 post

207 5088 566 5143 novissimum
590 5096 837 5155 quartum
863 5126 877 5151 ,
908 5087 959 5139 in
997 5102 1104 5141 uno
1139 5096 1410 5141 momento
1442 5088 1597 5142 vidit.
1638 5087 1784 5143 Nun-

206 5180 343 5250 quid
381 5187 605 5248 possunt
633 5178 857 5233 adnnari
882 5192 943 5231 ea
974 5194 1093 5247 quae
1124 5179 1282 5233 hodie
1312 5177 1451 5233 facta
1482 5189 1624 5247 sunt,
1659 5197 1781 5235 cum

206 5274 297 5327 his
320 5286 438 5339 qua:
473 5270 710 5324 crastino
748 5269 896 5333 ﬁent,
944 5280 999 5324 et
1044 5274 1204 5325 tertio
1241 5280 1297 5325 et
1335 5281 1531 5341 quarto
1560 5273 1680 5338 die,
1728 5282 1785 5327 ut

204 5361 533 5415 videantur?
566 5358 622 5413 Si
651 5360 814 5430 igitur
834 5374 897 5413 ea
924 5375 1044 5429 quae
1069 5362 1122 5414 in
1154 5372 1383 5432 quatuor
1412 5361 1604 5417 diebus
1628 5363 1781 5429 liunt,

205 5456 277 5508 ad
319 5466 484 5507 unum
529 5455 858 5505 momentum
890 5454 1182 5506 convenire
1213 5468 1317 5508 non
1347 5462 1570 5523 possunt
1606 5469 1620 5505 :
1652 5468 1786 5522 quo-

205 5547 375 5604 modo
397 5561 458 5600 ea
486 5560 604 5616 qua:
634 5544 689 5599 in
722 5555 955 5614 quatuor
984 5545 1163 5615 regnis
1201 5546 1337 5601 facta
1376 5553 1521 5611 sunt,
1561 5554 1615 5600 et
1655 5545 1786 5600 ﬁent

206 5643 263 5697 in
298 5639 462 5693 tantis
502 5636 714 5692 saeculis
761 5646 814 5691 et
852 5637 1210 5706 temporibus,
1265 5640 1317 5691 in
1359 5653 1467 5692 uno
1510 5646 1784 5693 momento

204 5729 386 5786 oculis
442 5729 604 5783 videri
663 5729 996 5797 potuerunt?
1051 5727 1192 5797 Ergo
1242 5745 1361 5798 quae
1400 5729 1533 5783 vidit
1586 5728 1780 5784 Daniel

280 5935 327 5967 ⁸³
371 5935 505 5992 Dan.
548 5952 643 6000 vn,
686 5936 738 5989 9..

814 5937 856 5967 ⁸⁸
892 5934 1018 5991 ibid.
1095 5934 1139 5967 "
1181 5935 1282 5990 lsa.
1327 5951 1433 6000 λιι,
1477 5937 1534 6002 l;
1578 5950 1698 6004 xm,
1750 5934 1796 5988 l.

1895 4731 2151 4775 tacerem.
2191 4717 2297 4774 Sed
2343 4720 2579 4786 timidos,
2610 4721 2802 4789 inquit,
2837 4721 3015 4776 facitis
3042 4722 3180 4776 ﬁlios
3212 4721 3372 4777 Israel
3400 4722 3469 4775 ⁸⁷.

1891 4811 2006 4865 Cur
2030 4819 2208 4864 autem
2238 4819 2292 4864 et
2316 4807 2513 4863 ﬂuvius
2552 4809 2660 4864 illic
2703 4810 2890 4880 igneus
2930 4811 3140 4877 currit,
3178 4812 3305 4865 dicit
3342 4813 3470 4881 quia

1894 4900 2178 4957 interfecta
2214 4911 2296 4957 est
2323 4902 2520 4967 bestia,
2559 4912 2614 4956 et
2643 4918 2838 4971 corpus
2872 4902 2987 4970 ejus
3020 4903 3203 4958 datum
3240 4912 3325 4957 est
3360 4904 3468 4973 igni

1894 4994 1959 5048 ad
1988 4995 2346 5048 exurendum.
2380 4992 2495 5063 Qua
2536 4995 2679 5048 enim
2715 4996 2982 5050 sententia
3017 4995 3243 5049 bestiam
3286 4996 3470 5048 mitte-

1892 5087 1983 5140 bat
2032 5086 2085 5139 in
2126 5086 2327 5154 ignem,
2365 5088 2517 5157 prius
2553 5089 2876 5159 praeparavit
2924 5096 3327 5156 operamcntum
3372 5103 3470 5156 per

1891 5178 2033 5246 quod
2069 5179 2308 5231 l‘u-turum
2340 5188 2458 5233 erat
2491 5179 2777 5248 judicium.
2838 5181 2912 5234 De
2953 5179 3037 5233 his
3079 5179 3241 5248 igitur
3265 5194 3383 5246 quac
3413 5180 3467 5234 in

1891 5270 2111 5325 Daniele
2148 5281 2274 5325 sunt
2308 5274 2479 5342 posita
2509 5314 2524 5337 ,
2567 5288 2633 5326 ex
2681 5273 2869 5327 bestiis
2922 5273 3028 5327 illis
3085 5284 3304 5325 manent
3348 5289 3468 5341 qua:

1892 5362 2024 5415 visae
2068 5371 2193 5415 sunt
2244 5362 2410 5428 ferre,
2460 5379 2566 5418 non
2622 5374 2798 5417 autem
2845 5379 2963 5434 quae
3009 5364 3469 5417 annuntiabantnr

1892 5468 2057 5523 regna
2086 5493 2102 5519 ,
2133 5466 2187 5507 et
2217 5470 2280 5508 ex
2321 5456 2651 5524 temporibus
2681 5471 2800 5524 quae
2834 5456 3035 5509 habent
3075 5456 3246 5524 spatia
3292 5471 3466 5509 saecu-

1890 5545 2090 5613 lorum,
2126 5562 2247 5617 qum
2278 5547 2565 5616 conjuncta
2606 5559 2732 5602 sunt
2778 5563 2871 5618 per
2920 5549 3178 5602 visionem
3212 5547 3275 5601 ad
3302 5564 3467 5602 nnntn

1890 5651 2243 5704 momentum,
2278 5649 2333 5695 et
2357 5655 2424 5694 ex
2465 5656 2531 5695 eo
2566 5641 2707 5709 quod
2757 5641 3017 5711 judicium
3068 5656 3172 5696 non
3222 5651 3345 5695 tunc
3384 5651 3468 5694 est

1888 5730 2113 5798 l‘acttnn,
2144 5733 2358 5801 quando
2388 5745 2442 5788 et
2471 5735 2642 5790 visum
2686 5744 2802 5803 est;
2851 5750 2955 5791 non
2987 5734 3157 5791 solum
3191 5734 3255 5789 ad
3286 5734 3465 5803 Sll:~pi-

1876 5935 1917 5968 "
1977 5936 2149 5993 Levit.
2208 5954 2297 5995 xv.
2349 5938 2438 5990 5|.
