  <div class='ocr_page' id='page_1' title='image "/cluster/home/n/w/nwhite01/storage/ocr_20150623/24/hvd.32044019207729/599.png"; bbox 0 0 3956 6516; ppageno 0'>
   <div class='ocr_carea' id='block_1_1' title="bbox 493 455 625 511">
    <p class='ocr_par' dir='ltr' id='par_1_1' title="bbox 493 455 625 511">
     <span class='ocr_line' id='line_1_1' title="bbox 493 455 625 511; baseline -0.03 0"><span class='ocrx_word' id='word_1_1' title='bbox 493 455 625 511; x_wconf 79' lang='lat'><strong>“07</strong></span> 
     </span>
    </p>
   </div>
   <div class='ocr_carea' id='block_1_2' title="bbox 1157 440 2063 508">
    <p class='ocr_par' dir='ltr' id='par_1_2' title="bbox 1157 445 2063 508">
     <span class='ocr_line' id='line_1_2' title="bbox 1157 445 2063 508; baseline -0.009 0"><span class='ocrx_word' id='word_1_2' title='bbox 1157 450 1428 508; x_wconf 82' lang='lat' dir='ltr'><strong>EUSEBII</strong></span> <span class='ocrx_word' id='word_1_3' title='bbox 1466 449 1578 504; x_wconf 65' lang='grc' dir='ltr'><strong>ΟΕ</strong></span> <span class='ocrx_word' id='word_1_4' title='bbox 1587 446 1940 503; x_wconf 74' lang='lat' dir='ltr'><strong>SABIENSIS</strong></span> <span class='ocrx_word' id='word_1_5' title='bbox 1978 445 2063 500; x_wconf 79' lang='grc' dir='ltr'><strong>ΟΡ</strong></span> 
     </span>
    </p>
   </div>
   <div class='ocr_carea' id='block_1_3' title="bbox 2168 440 3033 508">
    <p class='ocr_par' dir='ltr' id='par_1_3' title="bbox 2169 440 3033 500">
     <span class='ocr_line' id='line_1_3' title="bbox 2169 440 3033 500; baseline 0 -2"><span class='ocrx_word' id='word_1_6' title='bbox 2169 443 2345 499; x_wconf 74' lang='lat' dir='ltr'><strong>PARS</strong></span> <span class='ocrx_word' id='word_1_7' title='bbox 2380 442 2469 500; x_wconf 77' lang='lat' dir='ltr'><strong>iV.</strong></span> <span class='ocrx_word' id='word_1_8' title='bbox 2510 474 2579 485; x_wconf 92' lang='lat'><strong>—</strong></span> <span class='ocrx_word' id='word_1_9' title='bbox 2616 440 3033 500; x_wconf 74' lang='lat' dir='ltr'><strong>DOGMATICA.</strong></span> 
     </span>
    </p>
   </div>
   <div class='ocr_carea' id='block_1_4' title="bbox 3600 442 3735 498">
    <p class='ocr_par' dir='ltr' id='par_1_4' title="bbox 3600 442 3735 498">
     <span class='ocr_line' id='line_1_4' title="bbox 3600 442 3735 498; baseline 0.015 -2"><span class='ocrx_word' id='word_1_10' title='bbox 3600 442 3735 498; x_wconf 73' lang='lat'><strong>“68</strong></span> 
     </span>
    </p>
   </div>
   <div class='ocr_carea' id='block_1_5' title="bbox 491 565 3736 644">
    <p class='ocr_par' dir='ltr' id='par_1_5' title="bbox 491 565 3736 644">
     <span class='ocr_line' id='line_1_5' title="bbox 491 565 3736 644; baseline -0.005 -11"><span class='ocrx_word' id='word_1_11' title='bbox 491 577 715 633; x_wconf 69' lang='lat' dir='ltr'><strong>canduit)</strong></span> <span class='ocrx_word' id='word_1_12' title='bbox 753 573 923 634; x_wconf 79' lang='lat' dir='ltr'><strong>Deum</strong></span> <span class='ocrx_word' id='word_1_13' title='bbox 951 589 1146 644; x_wconf 86' lang='lat' dir='ltr'><strong>corpus</strong></span> <span class='ocrx_word' id='word_1_14' title='bbox 1189 587 1311 627; x_wconf 88' lang='lat' dir='ltr'><strong>esse</strong></span> <span class='ocrx_word' id='word_1_15' title='bbox 1357 586 1463 625; x_wconf 87' lang='lat' dir='ltr'><strong>non</strong></span> <span class='ocrx_word' id='word_1_16' title='bbox 1500 570 1681 624; x_wconf 88' lang='lat' dir='ltr'><strong>debuit</strong></span> <span class='ocrx_word' id='word_1_17' title='bbox 1716 585 1820 622; x_wconf 92' lang='lat' dir='ltr'><strong>non</strong></span> <span class='ocrx_word' id='word_1_18' title='bbox 1855 568 2054 631; x_wconf 81' lang='lat' dir='ltr'><strong>sinere,</strong></span> <span class='ocrx_word' id='word_1_19' title='bbox 2086 571 2131 627; x_wconf 75' lang='grc' dir='ltr'><strong>Α</strong></span> <span class='ocrx_word' id='word_1_20' title='bbox 2162 565 2329 618; x_wconf 82' lang='lat' dir='ltr'><strong>medio</strong></span> <span class='ocrx_word' id='word_1_21' title='bbox 2359 581 2562 632; x_wconf 88' lang='lat' dir='ltr'><strong>campo,</strong></span> <span class='ocrx_word' id='word_1_22' title='bbox 2610 575 2655 619; x_wconf 88' lang='lat' dir='ltr'><strong>et</strong></span> <span class='ocrx_word' id='word_1_23' title='bbox 2691 566 2920 618; x_wconf 73' lang='lat' dir='ltr'><strong>surrexit</strong></span> <span class='ocrx_word' id='word_1_24' title='bbox 2947 580 3090 620; x_wconf 75' lang='lat' dir='ltr'><strong>meus</strong></span> <span class='ocrx_word' id='word_1_25' title='bbox 3115 566 3449 635; x_wconf 70' lang='lat' dir='ltr'><strong>manipulus,</strong></span> <span class='ocrx_word' id='word_1_26' title='bbox 3483 574 3531 620; x_wconf 90' lang='lat' dir='ltr'><strong>et</strong></span> <span class='ocrx_word' id='word_1_27' title='bbox 3568 576 3736 618; x_wconf 77' lang='lat' dir='ltr'><strong>rectus</strong></span> 
     </span>
    </p>
   </div>
   <div class='ocr_carea' id='block_1_6' title="bbox 489 658 2060 746">
    <p class='ocr_par' dir='ltr' id='par_1_6' title="bbox 489 658 2060 746">
     <span class='ocr_line' id='line_1_6' title="bbox 489 658 2060 746; baseline -0.015 -13"><span class='ocrx_word' id='word_1_28' title='bbox 489 670 578 733; x_wconf 55' lang='lat' dir='ltr'><strong>“ad</strong></span> <span class='ocrx_word' id='word_1_29' title='bbox 613 670 794 746; x_wconf 74' lang='lat' dir='ltr'><strong>potius</strong></span> <span class='ocrx_word' id='word_1_30' title='bbox 835 670 898 723; x_wconf 89' lang='lat' dir='ltr'><strong>ad</strong></span> <span class='ocrx_word' id='word_1_31' title='bbox 933 665 1359 722; x_wconf 74' lang='lat' dir='ltr'><strong>satisfactionem</strong></span> <span class='ocrx_word' id='word_1_32' title='bbox 1408 662 1618 726; x_wconf 89' lang='lat' dir='ltr'><strong>venire,</strong></span> <span class='ocrx_word' id='word_1_33' title='bbox 1649 660 1772 728; x_wconf 81' lang='lat' dir='ltr'><strong>quia</strong></span> <span class='ocrx_word' id='word_1_34' title='bbox 1812 658 2060 726; x_wconf 82' lang='lat' dir='ltr'><strong>incorpo-</strong></span> 
     </span>
    </p>
   </div>
   <div class='ocr_carea' id='block_1_7' title="bbox 490 749 2058 823">
    <p class='ocr_par' dir='ltr' id='par_1_7' title="bbox 490 749 2058 823">
     <span class='ocr_line' id='line_1_7' title="bbox 490 749 2058 823; baseline -0.013 0"><span class='ocrx_word' id='word_1_35' title='bbox 490 768 618 823; x_wconf 81' lang='lat' dir='ltr'><strong>ralis</strong></span> <span class='ocrx_word' id='word_1_36' title='bbox 650 777 732 821; x_wconf 88' lang='lat' dir='ltr'><strong>est</strong></span> <span class='ocrx_word' id='word_1_37' title='bbox 759 763 921 818; x_wconf 86' lang='lat' dir='ltr'><strong>Deus.</strong></span> <span class='ocrx_word' id='word_1_38' title='bbox 973 761 1066 815; x_wconf 84' lang='lat' dir='ltr'><strong>Est</strong></span> <span class='ocrx_word' id='word_1_39' title='bbox 1114 770 1292 811; x_wconf 87' lang='lat' dir='ltr'><strong>autem</strong></span> <span class='ocrx_word' id='word_1_40' title='bbox 1344 754 1570 809; x_wconf 85' lang='lat' dir='ltr'><strong>rationis</strong></span> <span class='ocrx_word' id='word_1_41' title='bbox 1612 763 1667 807; x_wconf 92' lang='lat' dir='ltr'><strong>et</strong></span> <span class='ocrx_word' id='word_1_42' title='bbox 1720 752 1806 807; x_wconf 91' lang='lat' dir='ltr'><strong>his</strong></span> <span class='ocrx_word' id='word_1_43' title='bbox 1860 749 2058 805; x_wconf 85' lang='lat' dir='ltr'><strong>similia</strong></span> 
     </span>
    </p>
   </div>
   <div class='ocr_carea' id='block_1_8' title="bbox 486 841 2061 926">
    <p class='ocr_par' dir='ltr' id='par_1_8' title="bbox 486 841 2061 926">
     <span class='ocr_line' id='line_1_8' title="bbox 486 841 2061 926; baseline -0.011 -13"><span class='ocrx_word' id='word_1_44' title='bbox 486 860 708 913; x_wconf 83' lang='lat' dir='ltr'><strong>addere.</strong></span> <span class='ocrx_word' id='word_1_45' title='bbox 751 857 867 926; x_wconf 89' lang='lat' dir='ltr'><strong>ipsa</strong></span> <span class='ocrx_word' id='word_1_46' title='bbox 917 856 1060 908; x_wconf 91' lang='lat' dir='ltr'><strong>enim</strong></span> <span class='ocrx_word' id='word_1_47' title='bbox 1094 851 1232 905; x_wconf 85' lang='lat' dir='ltr'><strong>visio</strong></span> <span class='ocrx_word' id='word_1_48' title='bbox 1266 848 1498 902; x_wconf 84' lang='lat' dir='ltr'><strong>Danielis</strong></span> <span class='ocrx_word' id='word_1_49' title='bbox 1543 861 1664 915; x_wconf 70' lang='lat' dir='ltr'><strong>quae</strong></span> <span class='ocrx_word' id='word_1_50' title='bbox 1711 858 1807 913; x_wconf 91' lang='lat' dir='ltr'><strong>per</strong></span> <span class='ocrx_word' id='word_1_51' title='bbox 1858 841 2061 896; x_wconf 86' lang='lat' dir='ltr'><strong>bestias</strong></span> 
     </span>
    </p>
   </div>
   <div class='ocr_carea' id='block_1_9' title="bbox 488 934 2058 1012">
    <p class='ocr_par' dir='ltr' id='par_1_9' title="bbox 488 934 2058 1012">
     <span class='ocr_line' id='line_1_9' title="bbox 488 934 2058 1012; baseline -0.014 -6"><span class='ocrx_word' id='word_1_52' title='bbox 488 951 626 1006; x_wconf 76' lang='lat' dir='ltr'><strong>facta</strong></span> <span class='ocrx_word' id='word_1_53' title='bbox 658 956 761 1012; x_wconf 89' lang='lat' dir='ltr'><strong>est,</strong></span> <span class='ocrx_word' id='word_1_54' title='bbox 803 962 953 1002; x_wconf 83' lang='lat' dir='ltr'><strong>soror</strong></span> <span class='ocrx_word' id='word_1_55' title='bbox 1001 953 1081 999; x_wconf 89' lang='lat' dir='ltr'><strong>est</strong></span> <span class='ocrx_word' id='word_1_56' title='bbox 1123 943 1238 1011; x_wconf 83' lang='lat' dir='ltr'><strong>ejus</strong></span> <span class='ocrx_word' id='word_1_57' title='bbox 1263 956 1426 1010; x_wconf 88' lang='lat' dir='ltr'><strong>quam</strong></span> <span class='ocrx_word' id='word_1_58' title='bbox 1462 938 1601 992; x_wconf 88' lang='lat' dir='ltr'><strong>vidit</strong></span> <span class='ocrx_word' id='word_1_59' title='bbox 1638 951 1734 1007; x_wconf 90' lang='lat' dir='ltr'><strong>per</strong></span> <span class='ocrx_word' id='word_1_60' title='bbox 1769 934 2058 1003; x_wconf 83' lang='lat' dir='ltr'><strong>imaginem</strong></span> 
     </span>
    </p>
   </div>
   <div class='ocr_carea' id='block_1_10' title="bbox 488 1023 2057 1100">
    <p class='ocr_par' dir='ltr' id='par_1_10' title="bbox 488 1023 2057 1100">
     <span class='ocr_line' id='line_1_10' title="bbox 488 1023 2057 1100; baseline -0.012 -3"><span class='ocrx_word' id='word_1_61' title='bbox 488 1040 1006 1100; x_wconf 82' lang='lat' dir='ltr'><strong>Nabuchodonosor,</strong></span> <span class='ocrx_word' id='word_1_62' title='bbox 1046 1046 1101 1089; x_wconf 92' lang='lat' dir='ltr'><strong>et</strong></span> <span class='ocrx_word' id='word_1_63' title='bbox 1146 1033 1389 1088; x_wconf 85' lang='lat' dir='ltr'><strong>salvator</strong></span> <span class='ocrx_word' id='word_1_64' title='bbox 1430 1045 1550 1082; x_wconf 91' lang='lat' dir='ltr'><strong>cum</strong></span> <span class='ocrx_word' id='word_1_65' title='bbox 1591 1026 1907 1097; x_wconf 75' lang='lat' dir='ltr'><strong>pmnitentia</strong></span> <span class='ocrx_word' id='word_1_66' title='bbox 1945 1023 2057 1094; x_wconf 86' lang='lat'><strong>(79)</strong></span> 
     </span>
    </p>
   </div>
   <div class='ocr_carea' id='block_1_11' title="bbox 487 1114 2059 1203">
    <p class='ocr_par' dir='ltr' id='par_1_11' title="bbox 487 1114 2059 1203">
     <span class='ocr_line' id='line_1_11' title="bbox 487 1114 2059 1203; baseline -0.014 -16"><span class='ocrx_word' id='word_1_67' title='bbox 487 1139 885 1203; x_wconf 82' lang='lat' dir='ltr'><strong>comparantur,</strong></span> <span class='ocrx_word' id='word_1_68' title='bbox 917 1137 970 1182; x_wconf 90' lang='lat' dir='ltr'><strong>et</strong></span> <span class='ocrx_word' id='word_1_69' title='bbox 1001 1141 1032 1180; x_wconf 92' lang='lat' dir='ltr'><strong>e</strong></span> <span class='ocrx_word' id='word_1_70' title='bbox 1059 1133 1247 1179; x_wconf 88' lang='lat' dir='ltr'><strong>contra</strong></span> <span class='ocrx_word' id='word_1_71' title='bbox 1285 1131 1561 1190; x_wconf 89' lang='lat' dir='ltr'><strong>ponuntur</strong></span> <span class='ocrx_word' id='word_1_72' title='bbox 1584 1132 1647 1171; x_wconf 86' lang='lat' dir='ltr'><strong>ea</strong></span> <span class='ocrx_word' id='word_1_73' title='bbox 1680 1130 1800 1186; x_wconf 65' lang='lat' dir='ltr'><strong>quae</strong></span> <span class='ocrx_word' id='word_1_74' title='bbox 1840 1116 1891 1168; x_wconf 90' lang='lat' dir='ltr'><strong>in</strong></span> <span class='ocrx_word' id='word_1_75' title='bbox 1928 1114 2059 1167; x_wconf 82' lang='lat' dir='ltr'><strong>ima-</strong></span> 
     </span>
    </p>
   </div>
   <div class='ocr_carea' id='block_1_12' title="bbox 486 1207 2057 1295">
    <p class='ocr_par' dir='ltr' id='par_1_12' title="bbox 486 1207 2057 1295">
     <span class='ocr_line' id='line_1_12' title="bbox 486 1207 2057 1295; baseline -0.012 -17"><span class='ocrx_word' id='word_1_76' title='bbox 486 1225 607 1295; x_wconf 91' lang='lat' dir='ltr'><strong>gine</strong></span> <span class='ocrx_word' id='word_1_77' title='bbox 628 1223 741 1277; x_wconf 90' lang='lat' dir='ltr'><strong>visa</strong></span> <span class='ocrx_word' id='word_1_78' title='bbox 765 1231 907 1285; x_wconf 88' lang='lat' dir='ltr'><strong>sunt,</strong></span> <span class='ocrx_word' id='word_1_79' title='bbox 941 1228 994 1274; x_wconf 88' lang='lat' dir='ltr'><strong>et</strong></span> <span class='ocrx_word' id='word_1_80' title='bbox 1016 1233 1076 1273; x_wconf 90' lang='lat' dir='ltr'><strong>ea</strong></span> <span class='ocrx_word' id='word_1_81' title='bbox 1096 1232 1216 1286; x_wconf 76' lang='lat' dir='ltr'><strong>quae</strong></span> <span class='ocrx_word' id='word_1_82' title='bbox 1238 1230 1333 1285; x_wconf 86' lang='lat' dir='ltr'><strong>per</strong></span> <span class='ocrx_word' id='word_1_83' title='bbox 1357 1214 1617 1268; x_wconf 85' lang='lat' dir='ltr'><strong>visionem</strong></span> <span class='ocrx_word' id='word_1_84' title='bbox 1638 1210 1795 1265; x_wconf 88' lang='lat' dir='ltr'><strong>istam</strong></span> <span class='ocrx_word' id='word_1_85' title='bbox 1823 1207 2057 1262; x_wconf 88' lang='lat' dir='ltr'><strong>ferarum</strong></span> 
     </span>
    </p>
   </div>
   <div class='ocr_carea' id='block_1_13' title="bbox 484 1299 2060 1374">
    <p class='ocr_par' dir='ltr' id='par_1_13' title="bbox 484 1299 2060 1374">
     <span class='ocr_line' id='line_1_13' title="bbox 484 1299 2060 1374; baseline -0.013 -2"><span class='ocrx_word' id='word_1_86' title='bbox 484 1324 701 1372; x_wconf 89' lang='lat' dir='ltr'><strong>ostensa</strong></span> <span class='ocrx_word' id='word_1_87' title='bbox 761 1320 1077 1367; x_wconf 88' lang='lat' dir='ltr'><strong>noscuntur.</strong></span> <span class='ocrx_word' id='word_1_88' title='bbox 1125 1309 1368 1374; x_wconf 84' lang='lat' dir='ltr'><strong>Quatuor</strong></span> <span class='ocrx_word' id='word_1_89' title='bbox 1419 1304 1564 1358; x_wconf 91' lang='lat' dir='ltr'><strong>enim</strong></span> <span class='ocrx_word' id='word_1_90' title='bbox 1615 1310 1774 1356; x_wconf 86' lang='lat' dir='ltr'><strong>erant</strong></span> <span class='ocrx_word' id='word_1_91' title='bbox 1830 1309 1885 1354; x_wconf 89' lang='lat' dir='ltr'><strong>et</strong></span> <span class='ocrx_word' id='word_1_92' title='bbox 1939 1299 2060 1353; x_wconf 81' lang='lat' dir='ltr'><strong>istic</strong></span> 
     </span>
    </p>
   </div>
   <div class='ocr_carea' id='block_1_14' title="bbox 484 1395 2059 1470">
    <p class='ocr_par' dir='ltr' id='par_1_14' title="bbox 484 1395 2059 1470">
     <span class='ocr_line' id='line_1_14' title="bbox 484 1395 2059 1470; baseline -0.011 -6"><span class='ocrx_word' id='word_1_93' title='bbox 484 1409 613 1464; x_wconf 69' lang='lat' dir='ltr'><strong>fera!</strong></span> <span class='ocrx_word' id='word_1_94' title='bbox 635 1409 848 1462; x_wconf 87' lang='lat' dir='ltr'><strong>diversa</strong></span> <span class='ocrx_word' id='word_1_95' title='bbox 884 1412 1073 1458; x_wconf 85' lang='lat' dir='ltr'><strong>natura</strong></span> <span class='ocrx_word' id='word_1_96' title='bbox 1102 1419 1118 1467; x_wconf 89' lang='lat'><strong>;</strong></span> <span class='ocrx_word' id='word_1_97' title='bbox 1164 1409 1398 1470; x_wconf 85' lang='lat' dir='ltr'><strong>quatuor</strong></span> <span class='ocrx_word' id='word_1_98' title='bbox 1434 1406 1614 1452; x_wconf 90' lang='lat' dir='ltr'><strong>autem</strong></span> <span class='ocrx_word' id='word_1_99' title='bbox 1646 1406 1701 1450; x_wconf 93' lang='lat' dir='ltr'><strong>et</strong></span> <span class='ocrx_word' id='word_1_100' title='bbox 1734 1395 1841 1450; x_wconf 89' lang='lat' dir='ltr'><strong>illic</strong></span> <span class='ocrx_word' id='word_1_101' title='bbox 1888 1402 2059 1448; x_wconf 88' lang='lat' dir='ltr'><strong>mate-</strong></span> 
     </span>
    </p>
   </div>
   <div class='ocr_carea' id='block_1_15' title="bbox 484 1484 2057 1559">
    <p class='ocr_par' dir='ltr' id='par_1_15' title="bbox 484 1484 2057 1559">
     <span class='ocr_line' id='line_1_15' title="bbox 484 1484 2057 1559; baseline -0.013 -3"><span class='ocrx_word' id='word_1_102' title='bbox 484 1503 580 1556; x_wconf 68' lang='lat' dir='ltr'><strong>riae</strong></span> <span class='ocrx_word' id='word_1_103' title='bbox 608 1505 940 1554; x_wconf 83' lang='lat' dir='ltr'><strong>concurrunt</strong></span> <span class='ocrx_word' id='word_1_104' title='bbox 973 1495 1039 1548; x_wconf 88' lang='lat' dir='ltr'><strong>ad</strong></span> <span class='ocrx_word' id='word_1_105' title='bbox 1081 1490 1529 1559; x_wconf 86' lang='lat' dir='ltr'><strong>compositionem</strong></span> <span class='ocrx_word' id='word_1_106' title='bbox 1574 1488 1733 1542; x_wconf 90' lang='lat' dir='ltr'><strong>unius</strong></span> <span class='ocrx_word' id='word_1_107' title='bbox 1779 1484 2057 1555; x_wconf 87' lang='lat' dir='ltr'><strong>imaginis,</strong></span> 
     </span>
    </p>
   </div>
   <div class='ocr_carea' id='block_1_16' title="bbox 483 1581 2058 1657">
    <p class='ocr_par' dir='ltr' id='par_1_16' title="bbox 483 1581 2058 1657">
     <span class='ocr_line' id='line_1_16' title="bbox 483 1581 2058 1657; baseline -0.012 -9"><span class='ocrx_word' id='word_1_108' title='bbox 483 1602 539 1648; x_wconf 90' lang='lat' dir='ltr'><strong>et</strong></span> <span class='ocrx_word' id='word_1_109' title='bbox 577 1592 709 1646; x_wconf 86' lang='lat' dir='ltr'><strong>nihil</strong></span> <span class='ocrx_word' id='word_1_110' title='bbox 738 1605 836 1643; x_wconf 91' lang='lat' dir='ltr'><strong>nos</strong></span> <span class='ocrx_word' id='word_1_111' title='bbox 864 1587 1112 1657; x_wconf 87' lang='lat' dir='ltr'><strong>prohibet</strong></span> <span class='ocrx_word' id='word_1_112' title='bbox 1142 1599 1308 1637; x_wconf 88' lang='lat' dir='ltr'><strong>unmn</strong></span> <span class='ocrx_word' id='word_1_113' title='bbox 1332 1584 1400 1636; x_wconf 92' lang='lat' dir='ltr'><strong>ad</strong></span> <span class='ocrx_word' id='word_1_114' title='bbox 1427 1597 1593 1637; x_wconf 91' lang='lat' dir='ltr'><strong>unum</strong></span> <span class='ocrx_word' id='word_1_115' title='bbox 1625 1581 1960 1649; x_wconf 90' lang='lat' dir='ltr'><strong>interrogare</strong></span> <span class='ocrx_word' id='word_1_116' title='bbox 2002 1585 2058 1629; x_wconf 88' lang='lat' dir='ltr'><strong>et</strong></span> 
     </span>
    </p>
   </div>
   <div class='ocr_carea' id='block_1_17' title="bbox 481 1673 2057 1750">
    <p class='ocr_par' dir='ltr' id='par_1_17' title="bbox 481 1673 2057 1750">
     <span class='ocr_line' id='line_1_17' title="bbox 481 1673 2057 1750; baseline -0.013 -10"><span class='ocrx_word' id='word_1_117' title='bbox 481 1686 686 1740; x_wconf 87' lang='lat' dir='ltr'><strong>videre.</strong></span> <span class='ocrx_word' id='word_1_118' title='bbox 716 1682 821 1737; x_wconf 88' lang='lat' dir='ltr'><strong>Lca</strong></span> <span class='ocrx_word' id='word_1_119' title='bbox 848 1692 1076 1750; x_wconf 80' lang='lat' dir='ltr'><strong>regnans</strong></span> <span class='ocrx_word' id='word_1_120' title='bbox 1114 1677 1345 1732; x_wconf 87' lang='lat' dir='ltr'><strong>habetur</strong></span> <span class='ocrx_word' id='word_1_121' title='bbox 1380 1675 1433 1729; x_wconf 93' lang='lat' dir='ltr'><strong>in</strong></span> <span class='ocrx_word' id='word_1_122' title='bbox 1463 1673 1591 1727; x_wconf 87' lang='lat' dir='ltr'><strong>feris</strong></span> <span class='ocrx_word' id='word_1_123' title='bbox 1618 1690 1632 1726; x_wconf 90' lang='lat'><strong>:</strong></span> <span class='ocrx_word' id='word_1_124' title='bbox 1658 1686 1846 1725; x_wconf 91' lang='lat' dir='ltr'><strong>aurum</strong></span> <span class='ocrx_word' id='word_1_125' title='bbox 1876 1680 2057 1722; x_wconf 83' lang='lat' dir='ltr'><strong>autem</strong></span> 
     </span>
    </p>
   </div>
   <div class='ocr_carea' id='block_1_18' title="bbox 482 1763 2059 1846">
    <p class='ocr_par' dir='ltr' id='par_1_18' title="bbox 482 1763 2059 1846">
     <span class='ocr_line' id='line_1_18' title="bbox 482 1763 2059 1846; baseline -0.011 -15"><span class='ocrx_word' id='word_1_126' title='bbox 482 1775 792 1846; x_wconf 81' lang='lat' dir='ltr'><strong>praecedens</strong></span> <span class='ocrx_word' id='word_1_127' title='bbox 838 1773 889 1826; x_wconf 94' lang='lat' dir='ltr'><strong>in</strong></span> <span class='ocrx_word' id='word_1_128' title='bbox 931 1768 1232 1826; x_wconf 88' lang='lat' dir='ltr'><strong>istiusmodi</strong></span> <span class='ocrx_word' id='word_1_129' title='bbox 1278 1766 1521 1822; x_wconf 85' lang='lat' dir='ltr'><strong>materiis</strong></span> <span class='ocrx_word' id='word_1_130' title='bbox 1552 1783 1564 1818; x_wconf 92' lang='lat'><strong>:</strong></span> <span class='ocrx_word' id='word_1_131' title='bbox 1592 1764 1753 1834; x_wconf 86' lang='lat' dir='ltr'><strong>fulget</strong></span> <span class='ocrx_word' id='word_1_132' title='bbox 1802 1763 1970 1825; x_wconf 88' lang='lat' dir='ltr'><strong>enim,</strong></span> <span class='ocrx_word' id='word_1_133' title='bbox 2003 1768 2059 1814; x_wconf 92' lang='lat' dir='ltr'><strong>et</strong></span> 
     </span>
    </p>
   </div>
   <div class='ocr_carea' id='block_1_19' title="bbox 482 1858 2059 1937">
    <p class='ocr_par' dir='ltr' id='par_1_19' title="bbox 482 1858 2059 1937">
     <span class='ocr_line' id='line_1_19' title="bbox 482 1858 2059 1937; baseline -0.013 -11"><span class='ocrx_word' id='word_1_134' title='bbox 482 1873 622 1927; x_wconf 88' lang='lat' dir='ltr'><strong>sicut</strong></span> <span class='ocrx_word' id='word_1_135' title='bbox 650 1867 786 1937; x_wconf 86' lang='lat' dir='ltr'><strong>ignis</strong></span> <span class='ocrx_word' id='word_1_136' title='bbox 833 1882 884 1919; x_wconf 86' lang='lat' dir='ltr'><strong>tn</strong></span> <span class='ocrx_word' id='word_1_137' title='bbox 927 1872 1121 1929; x_wconf 74' lang='lat' dir='ltr'><strong>nocte,</strong></span> <span class='ocrx_word' id='word_1_138' title='bbox 1166 1862 1238 1915; x_wconf 91' lang='lat' dir='ltr'><strong>ita</strong></span> <span class='ocrx_word' id='word_1_139' title='bbox 1282 1874 1474 1914; x_wconf 89' lang='lat' dir='ltr'><strong>aurum</strong></span> <span class='ocrx_word' id='word_1_140' title='bbox 1523 1858 1664 1912; x_wconf 88' lang='lat' dir='ltr'><strong>inter</strong></span> <span class='ocrx_word' id='word_1_141' title='bbox 1703 1864 1894 1910; x_wconf 66' lang='lat' dir='ltr'><strong>caetera</strong></span> <span class='ocrx_word' id='word_1_142' title='bbox 1939 1867 2059 1923; x_wconf 72' lang='lat' dir='ltr'><strong>qua:</strong></span> 
     </span>
    </p>
   </div>
   <div class='ocr_carea' id='block_1_20' title="bbox 481 1946 2057 2032">
    <p class='ocr_par' dir='ltr' id='par_1_20' title="bbox 481 1946 2057 2032">
     <span class='ocr_line' id='line_1_20' title="bbox 481 1946 2057 2032; baseline -0.012 -16"><span class='ocrx_word' id='word_1_143' title='bbox 481 1960 844 2032; x_wconf 85' lang='lat' dir='ltr'><strong>possidentur.</strong></span> <span class='ocrx_word' id='word_1_144' title='bbox 894 1954 1241 2023; x_wconf 82' lang='lat' dir='ltr'><strong>Accipiamus</strong></span> <span class='ocrx_word' id='word_1_145' title='bbox 1283 1951 1446 2019; x_wconf 85' lang='lat' dir='ltr'><strong>igitur</strong></span> <span class='ocrx_word' id='word_1_146' title='bbox 1476 1949 1545 2003; x_wconf 91' lang='lat' dir='ltr'><strong>ab</strong></span> <span class='ocrx_word' id='word_1_147' title='bbox 1576 1947 1807 2017; x_wconf 75' lang='lat' dir='ltr'><strong>imagine</strong></span> <span class='ocrx_word' id='word_1_148' title='bbox 1838 1946 2057 2016; x_wconf 83' lang='lat' dir='ltr'><strong>quidem</strong></span> 
     </span>
    </p>
   </div>
   <div class='ocr_carea' id='block_1_21' title="bbox 480 2037 2059 2123">
    <p class='ocr_par' dir='ltr' id='par_1_21' title="bbox 480 2037 2059 2123">
     <span class='ocr_line' id='line_1_21' title="bbox 480 2037 2059 2123; baseline -0.01 -16"><span class='ocrx_word' id='word_1_149' title='bbox 480 2062 640 2123; x_wconf 88' lang='lat' dir='ltr'><strong>caput</strong></span> <span class='ocrx_word' id='word_1_150' title='bbox 687 2064 945 2115; x_wconf 85' lang='lat' dir='ltr'><strong>aureum;</strong></span> <span class='ocrx_word' id='word_1_151' title='bbox 1000 2063 1028 2101; x_wconf 88' lang='lat' dir='ltr'><strong>a</strong></span> <span class='ocrx_word' id='word_1_152' title='bbox 1070 2045 1277 2100; x_wconf 90' lang='lat' dir='ltr'><strong>visione</strong></span> <span class='ocrx_word' id='word_1_153' title='bbox 1332 2054 1513 2098; x_wconf 88' lang='lat' dir='ltr'><strong>autem</strong></span> <span class='ocrx_word' id='word_1_154' title='bbox 1558 2042 1717 2096; x_wconf 86' lang='lat' dir='ltr'><strong>istam</strong></span> <span class='ocrx_word' id='word_1_155' title='bbox 1768 2039 1931 2094; x_wconf 91' lang='lat' dir='ltr'><strong>leam.</strong></span> <span class='ocrx_word' id='word_1_156' title='bbox 1992 2037 2059 2092; x_wconf 85' lang='lat' dir='ltr'><strong>Et</strong></span> 
     </span>
    </p>
   </div>
   <div class='ocr_carea' id='block_1_22' title="bbox 478 2134 2056 2209">
    <p class='ocr_par' dir='ltr' id='par_1_22' title="bbox 478 2134 2056 2209">
     <span class='ocr_line' id='line_1_22' title="bbox 478 2134 2056 2209; baseline -0.011 -10"><span class='ocrx_word' id='word_1_157' title='bbox 478 2145 622 2200; x_wconf 78' lang='lat' dir='ltr'><strong>forte</strong></span> <span class='ocrx_word' id='word_1_158' title='bbox 645 2143 765 2199; x_wconf 80' lang='lat' dir='ltr'><strong>i‘deo</strong></span> <span class='ocrx_word' id='word_1_159' title='bbox 794 2151 1026 2209; x_wconf 89' lang='lat' dir='ltr'><strong>utraque</strong></span> <span class='ocrx_word' id='word_1_160' title='bbox 1060 2137 1289 2193; x_wconf 88' lang='lat' dir='ltr'><strong>femineo</strong></span> <span class='ocrx_word' id='word_1_161' title='bbox 1337 2135 1574 2198; x_wconf 90' lang='lat' dir='ltr'><strong>nomine,</strong></span> <span class='ocrx_word' id='word_1_162' title='bbox 1622 2134 1747 2203; x_wconf 91' lang='lat' dir='ltr'><strong>quia</strong></span> <span class='ocrx_word' id='word_1_163' title='bbox 1785 2140 1840 2185; x_wconf 88' lang='lat' dir='ltr'><strong>et</strong></span> <span class='ocrx_word' id='word_1_164' title='bbox 1871 2145 2056 2200; x_wconf 88' lang='lat' dir='ltr'><strong>regna.</strong></span> 
     </span>
    </p>
   </div>
   <div class='ocr_carea' id='block_1_23' title="bbox 483 2222 2055 2299">
    <p class='ocr_par' dir='ltr' id='par_1_23' title="bbox 483 2222 2055 2299">
     <span class='ocr_line' id='line_1_23' title="bbox 483 2222 2055 2299; baseline -0.008 -12"><span class='ocrx_word' id='word_1_165' title='bbox 483 2234 613 2289; x_wconf 89' lang='lat' dir='ltr'><strong>Inde</strong></span> <span class='ocrx_word' id='word_1_166' title='bbox 664 2233 996 2288; x_wconf 83' lang='lat' dir='ltr'><strong>acciniamus</strong></span> <span class='ocrx_word' id='word_1_167' title='bbox 1046 2238 1366 2299; x_wconf 85' lang='lat' dir='ltr'><strong>argenteum</strong></span> <span class='ocrx_word' id='word_1_168' title='bbox 1422 2235 1634 2295; x_wconf 86' lang='lat' dir='ltr'><strong>pectus,</strong></span> <span class='ocrx_word' id='word_1_169' title='bbox 1684 2232 1739 2279; x_wconf 91' lang='lat' dir='ltr'><strong>et</strong></span> <span class='ocrx_word' id='word_1_170' title='bbox 1786 2222 2055 2277; x_wconf 85' lang='lat' dir='ltr'><strong>brachia:</strong></span> 
     </span>
    </p>
   </div>
   <div class='ocr_carea' id='block_1_24' title="bbox 481 2311 2058 2395">
    <p class='ocr_par' dir='ltr' id='par_1_24' title="bbox 481 2311 2058 2395">
     <span class='ocr_line' id='line_1_24' title="bbox 481 2311 2058 2395; baseline -0.011 -16"><span class='ocrx_word' id='word_1_171' title='bbox 481 2333 602 2395; x_wconf 90' lang='lat' dir='ltr'><strong>post</strong></span> <span class='ocrx_word' id='word_1_172' title='bbox 641 2336 855 2384; x_wconf 82' lang='lat' dir='ltr'><strong>aurum,</strong></span> <span class='ocrx_word' id='word_1_173' title='bbox 878 2328 1203 2389; x_wconf 83' lang='lat' dir='ltr'><strong>argentum,</strong></span> <span class='ocrx_word' id='word_1_174' title='bbox 1244 2324 1369 2386; x_wconf 91' lang='lat' dir='ltr'><strong>post</strong></span> <span class='ocrx_word' id='word_1_175' title='bbox 1397 2313 1560 2376; x_wconf 88' lang='lat' dir='ltr'><strong>leam.</strong></span> <span class='ocrx_word' id='word_1_176' title='bbox 1583 2327 1767 2368; x_wconf 90' lang='lat' dir='ltr'><strong>ursum</strong></span> <span class='ocrx_word' id='word_1_177' title='bbox 1802 2328 1817 2364; x_wconf 87' lang='lat'><strong>:</strong></span> <span class='ocrx_word' id='word_1_178' title='bbox 1854 2319 1909 2366; x_wconf 90' lang='lat' dir='ltr'><strong>et</strong></span> <span class='ocrx_word' id='word_1_179' title='bbox 1936 2311 2058 2375; x_wconf 92' lang='lat' dir='ltr'><strong>tria,</strong></span> 
     </span>
    </p>
   </div>
   <div class='ocr_carea' id='block_1_25' title="bbox 482 2400 2057 2476">
    <p class='ocr_par' dir='ltr' id='par_1_25' title="bbox 482 2400 2057 2476">
     <span class='ocr_line' id='line_1_25' title="bbox 482 2400 2057 2476; baseline -0.011 -7"><span class='ocrx_word' id='word_1_180' title='bbox 482 2415 594 2469; x_wconf 92' lang='lat' dir='ltr'><strong>illic</strong></span> <span class='ocrx_word' id='word_1_181' title='bbox 634 2420 1009 2473; x_wconf 65' lang='lat' dir='ltr'><strong>aeramentum,</strong></span> <span class='ocrx_word' id='word_1_182' title='bbox 1053 2407 1176 2463; x_wconf 89' lang='lat' dir='ltr'><strong>istic</strong></span> <span class='ocrx_word' id='word_1_183' title='bbox 1223 2404 1496 2476; x_wconf 85' lang='lat' dir='ltr'><strong>pardum;</strong></span> <span class='ocrx_word' id='word_1_184' title='bbox 1545 2400 1866 2457; x_wconf 87' lang='lat' dir='ltr'><strong>subducitur</strong></span> <span class='ocrx_word' id='word_1_185' title='bbox 1916 2400 2057 2453; x_wconf 91' lang='lat' dir='ltr'><strong>enim</strong></span> 
     </span>
    </p>
   </div>
   <div class='ocr_carea' id='block_1_26' title="bbox 480 2494 2058 2575">
    <p class='ocr_par' dir='ltr' id='par_1_26' title="bbox 480 2494 2058 2575">
     <span class='ocr_line' id='line_1_26' title="bbox 480 2494 2058 2575; baseline -0.012 -11"><span class='ocrx_word' id='word_1_186' title='bbox 480 2507 775 2564; x_wconf 85' lang='lat' dir='ltr'><strong>secundum</strong></span> <span class='ocrx_word' id='word_1_187' title='bbox 811 2501 1187 2575; x_wconf 71' lang='lat' dir='ltr'><strong>paenitentiam</strong></span> <span class='ocrx_word' id='word_1_188' title='bbox 1225 2496 1338 2569; x_wconf 91' lang='lat'><strong>(80)</strong></span> <span class='ocrx_word' id='word_1_189' title='bbox 1380 2494 1733 2565; x_wconf 85' lang='lat' dir='ltr'><strong>comparatio.</strong></span> <span class='ocrx_word' id='word_1_190' title='bbox 1786 2494 1913 2548; x_wconf 90' lang='lat' dir='ltr'><strong>Inde</strong></span> <span class='ocrx_word' id='word_1_191' title='bbox 1947 2497 2058 2562; x_wconf 85' lang='lat' dir='ltr'><strong>jam</strong></span> 
     </span>
    </p>
   </div>
   <div class='ocr_carea' id='block_1_27' title="bbox 484 2586 2062 2670">
    <p class='ocr_par' dir='ltr' id='par_1_27' title="bbox 484 2586 2062 2670">
     <span class='ocr_line' id='line_1_27' title="bbox 484 2586 2062 2670; baseline -0.01 -16"><span class='ocrx_word' id='word_1_192' title='bbox 484 2599 803 2670; x_wconf 90' lang='lat' dir='ltr'><strong>permistum</strong></span> <span class='ocrx_word' id='word_1_193' title='bbox 853 2597 1053 2649; x_wconf 91' lang='lat' dir='ltr'><strong>ferrmn</strong></span> <span class='ocrx_word' id='word_1_194' title='bbox 1100 2607 1222 2647; x_wconf 87' lang='lat' dir='ltr'><strong>cum</strong></span> <span class='ocrx_word' id='word_1_195' title='bbox 1265 2599 1445 2654; x_wconf 85' lang='lat' dir='ltr'><strong>testa;</strong></span> <span class='ocrx_word' id='word_1_196' title='bbox 1507 2588 1634 2643; x_wconf 89' lang='lat' dir='ltr'><strong>istic</strong></span> <span class='ocrx_word' id='word_1_197' title='bbox 1685 2586 1858 2665; x_wconf 84' lang='lat' dir='ltr'><strong>bestia</strong></span> <span class='ocrx_word' id='word_1_198' title='bbox 1907 2586 2062 2654; x_wconf 88' lang='lat' dir='ltr'><strong>cujus</strong></span> 
     </span>
    </p>
   </div>
   <div class='ocr_carea' id='block_1_28' title="bbox 482 2678 2063 2761">
    <p class='ocr_par' dir='ltr' id='par_1_28' title="bbox 482 2678 2063 2761">
     <span class='ocr_line' id='line_1_28' title="bbox 482 2678 2063 2761; baseline -0.008 -16"><span class='ocrx_word' id='word_1_199' title='bbox 482 2693 713 2761; x_wconf 82' lang='lat' dir='ltr'><strong>liguram</strong></span> <span class='ocrx_word' id='word_1_200' title='bbox 767 2698 990 2759; x_wconf 88' lang='lat' dir='ltr'><strong>propter</strong></span> <span class='ocrx_word' id='word_1_201' title='bbox 1028 2684 1344 2739; x_wconf 84' lang='lat' dir='ltr'><strong>varietatem</strong></span> <span class='ocrx_word' id='word_1_202' title='bbox 1395 2698 1500 2736; x_wconf 87' lang='lat' dir='ltr'><strong>non</strong></span> <span class='ocrx_word' id='word_1_203' title='bbox 1556 2679 1939 2735; x_wconf 83' lang='lat' dir='ltr'><strong>manifestavit.</strong></span> <span class='ocrx_word' id='word_1_204' title='bbox 1996 2678 2063 2732; x_wconf 80' lang='lat' dir='ltr'><strong>Et</strong></span> 
     </span>
    </p>
   </div>
   <div class='ocr_carea' id='block_1_29' title="bbox 482 2770 2062 2851">
    <p class='ocr_par' dir='ltr' id='par_1_29' title="bbox 482 2770 2062 2851">
     <span class='ocr_line' id='line_1_29' title="bbox 482 2770 2062 2851; baseline -0.009 -14"><span class='ocrx_word' id='word_1_205' title='bbox 482 2783 595 2839; x_wconf 93' lang='lat' dir='ltr'><strong>illic</strong></span> <span class='ocrx_word' id='word_1_206' title='bbox 634 2782 771 2851; x_wconf 84' lang='lat' dir='ltr'><strong>lapis</strong></span> <span class='ocrx_word' id='word_1_207' title='bbox 795 2778 1115 2835; x_wconf 86' lang='lat' dir='ltr'><strong>comminuit</strong></span> <span class='ocrx_word' id='word_1_208' title='bbox 1156 2776 1484 2845; x_wconf 85' lang='lat' dir='ltr'><strong>imaginem;</strong></span> <span class='ocrx_word' id='word_1_209' title='bbox 1518 2773 1639 2827; x_wconf 84' lang='lat' dir='ltr'><strong>istic</strong></span> <span class='ocrx_word' id='word_1_210' title='bbox 1663 2772 1828 2841; x_wconf 85' lang='lat' dir='ltr'><strong>judex</strong></span> <span class='ocrx_word' id='word_1_211' title='bbox 1854 2770 2062 2841; x_wconf 87' lang='lat' dir='ltr'><strong>judicat</strong></span> 
     </span>
    </p>
   </div>
   <div class='ocr_carea' id='block_1_30' title="bbox 484 2862 2061 2940">
    <p class='ocr_par' dir='ltr' id='par_1_30' title="bbox 484 2862 2061 2940">
     <span class='ocr_line' id='line_1_30' title="bbox 484 2862 2061 2940; baseline -0.008 -11"><span class='ocrx_word' id='word_1_212' title='bbox 484 2874 709 2929; x_wconf 83' lang='lat' dir='ltr'><strong>bestias.</strong></span> <span class='ocrx_word' id='word_1_213' title='bbox 756 2872 813 2927; x_wconf 88' lang='lat' dir='ltr'><strong>Si</strong></span> <span class='ocrx_word' id='word_1_214' title='bbox 858 2870 979 2940; x_wconf 89' lang='lat' dir='ltr'><strong>quis</strong></span> <span class='ocrx_word' id='word_1_215' title='bbox 1028 2870 1194 2939; x_wconf 89' lang='lat' dir='ltr'><strong>igitur</strong></span> <span class='ocrx_word' id='word_1_216' title='bbox 1244 2865 1619 2921; x_wconf 88' lang='lat' dir='ltr'><strong>contentiosus</strong></span> <span class='ocrx_word' id='word_1_217' title='bbox 1664 2863 1897 2917; x_wconf 87' lang='lat' dir='ltr'><strong>voluerit</strong></span> <span class='ocrx_word' id='word_1_218' title='bbox 1947 2862 2061 2917; x_wconf 61' lang='lat' dir='ltr'><strong>hinc</strong></span> 
     </span>
    </p>
   </div>
   <div class='ocr_carea' id='block_1_31' title="bbox 482 2958 2059 3027">
    <p class='ocr_par' dir='ltr' id='par_1_31' title="bbox 482 2958 2059 3027">
     <span class='ocr_line' id='line_1_31' title="bbox 482 2958 2059 3027; baseline -0.008 -8"><span class='ocrx_word' id='word_1_219' title='bbox 482 2965 712 3021; x_wconf 75' lang='lat' dir='ltr'><strong>visibilis</strong></span> <span class='ocrx_word' id='word_1_220' title='bbox 743 2978 893 3027; x_wconf 80' lang='lat' dir='ltr'><strong>esse,</strong></span> <span class='ocrx_word' id='word_1_221' title='bbox 931 2961 1075 3014; x_wconf 82' lang='lat' dir='ltr'><strong>dicat</strong></span> <span class='ocrx_word' id='word_1_222' title='bbox 1108 2958 1262 3013; x_wconf 89' lang='lat' dir='ltr'><strong>nobis</strong></span> <span class='ocrx_word' id='word_1_223' title='bbox 1292 2967 1468 3010; x_wconf 88' lang='lat' dir='ltr'><strong>utrum</strong></span> <span class='ocrx_word' id='word_1_224' title='bbox 1511 2961 1676 3024; x_wconf 87' lang='lat' dir='ltr'><strong>caput</strong></span> <span class='ocrx_word' id='word_1_225' title='bbox 1713 2963 1794 3008; x_wconf 90' lang='lat' dir='ltr'><strong>est</strong></span> <span class='ocrx_word' id='word_1_226' title='bbox 1835 2968 2059 3008; x_wconf 86' lang='lat' dir='ltr'><strong>aureum</strong></span> 
     </span>
    </p>
   </div>
   <div class='ocr_carea' id='block_1_32' title="bbox 485 3048 2061 3122">
    <p class='ocr_par' dir='ltr' id='par_1_32' title="bbox 485 3048 2061 3122">
     <span class='ocr_line' id='line_1_32' title="bbox 485 3048 2061 3122; baseline -0.008 -11"><span class='ocrx_word' id='word_1_227' title='bbox 485 3058 568 3113; x_wconf 89' lang='lat' dir='ltr'><strong>lea</strong></span> <span class='ocrx_word' id='word_1_228' title='bbox 610 3074 622 3109; x_wconf 93' lang='lat'>:</span> <span class='ocrx_word' id='word_1_229' title='bbox 658 3066 886 3122; x_wconf 89' lang='lat' dir='ltr'><strong>utraque</strong></span> <span class='ocrx_word' id='word_1_230' title='bbox 935 3054 1080 3106; x_wconf 90' lang='lat' dir='ltr'><strong>enim</strong></span> <span class='ocrx_word' id='word_1_231' title='bbox 1135 3050 1202 3105; x_wconf 85' lang='lat' dir='ltr'><strong>ad</strong></span> <span class='ocrx_word' id='word_1_232' title='bbox 1264 3050 1365 3103; x_wconf 90' lang='lat' dir='ltr'><strong>hoc</strong></span> <span class='ocrx_word' id='word_1_233' title='bbox 1412 3048 1585 3116; x_wconf 91' lang='lat' dir='ltr'><strong>ipsum</strong></span> <span class='ocrx_word' id='word_1_234' title='bbox 1618 3054 1970 3111; x_wconf 86' lang='lat' dir='ltr'><strong>concurrunt,</strong></span> <span class='ocrx_word' id='word_1_235' title='bbox 2005 3054 2061 3100; x_wconf 92' lang='lat' dir='ltr'><strong>et</strong></span> 
     </span>
    </p>
   </div>
   <div class='ocr_carea' id='block_1_33' title="bbox 485 3136 2056 3215">
    <p class='ocr_par' dir='ltr' id='par_1_33' title="bbox 485 3136 2056 3215">
     <span class='ocr_line' id='line_1_33' title="bbox 485 3136 2056 3215; baseline -0.006 -15"><span class='ocrx_word' id='word_1_236' title='bbox 485 3157 716 3215; x_wconf 84' lang='lat' dir='ltr'><strong>utraque</strong></span> <span class='ocrx_word' id='word_1_237' title='bbox 760 3142 859 3197; x_wconf 91' lang='lat' dir='ltr'><strong>sibi</strong></span> <span class='ocrx_word' id='word_1_238' title='bbox 902 3156 1007 3195; x_wconf 90' lang='lat' dir='ltr'><strong>non</strong></span> <span class='ocrx_word' id='word_1_239' title='bbox 1060 3139 1283 3204; x_wconf 81' lang='lat' dir='ltr'><strong>similia,</strong></span> <span class='ocrx_word' id='word_1_240' title='bbox 1334 3152 1509 3206; x_wconf 89' lang='lat' dir='ltr'><strong>neque</strong></span> <span class='ocrx_word' id='word_1_241' title='bbox 1542 3139 1633 3206; x_wconf 88' lang='lat' dir='ltr'><strong>qui</strong></span> <span class='ocrx_word' id='word_1_242' title='bbox 1681 3136 2056 3191; x_wconf 87' lang='lat' dir='ltr'><strong>annuntiatur.</strong></span> 
     </span>
    </p>
   </div>
   <div class='ocr_carea' id='block_1_34' title="bbox 2161 656 3738 723">
    <p class='ocr_par' dir='ltr' id='par_1_34' title="bbox 2161 656 3738 723">
     <span class='ocr_line' id='line_1_34' title="bbox 2161 656 3738 723; baseline 0.001 -18"><span class='ocrx_word' id='word_1_243' title='bbox 2161 656 2323 718; x_wconf 79' lang='lat' dir='ltr'><strong>stetit,</strong></span> <span class='ocrx_word' id='word_1_244' title='bbox 2356 666 2403 709; x_wconf 85' lang='lat' dir='ltr'><strong>et</strong></span> <span class='ocrx_word' id='word_1_245' title='bbox 2435 657 2662 709; x_wconf 84' lang='lat' dir='ltr'><strong>conversi</strong></span> <span class='ocrx_word' id='word_1_246' title='bbox 2696 656 2951 723; x_wconf 84' lang='lat' dir='ltr'><strong>manipuli</strong></span> <span class='ocrx_word' id='word_1_247' title='bbox 2991 658 3141 710; x_wconf 78' lang='lat' dir='ltr'><strong>vestri</strong></span> <span class='ocrx_word' id='word_1_248' title='bbox 3175 657 3526 710; x_wconf 84' lang='lat' dir='ltr'><strong>adoraveruut</strong></span> <span class='ocrx_word' id='word_1_249' title='bbox 3570 671 3738 707; x_wconf 82' lang='lat' dir='ltr'><strong>meum</strong></span> 
     </span>
    </p>
   </div>
   <div class='ocr_carea' id='block_1_35' title="bbox 2159 744 3738 818">
    <p class='ocr_par' dir='ltr' id='par_1_35' title="bbox 2159 744 3738 818">
     <span class='ocr_line' id='line_1_35' title="bbox 2159 744 3738 818; baseline -0.003 -19"><span class='ocrx_word' id='word_1_250' title='bbox 2159 746 2490 814; x_wconf 84' lang='lat' dir='ltr'><strong>manipulum</strong></span> <span class='ocrx_word' id='word_1_251' title='bbox 2534 747 2601 802; x_wconf 82' lang='grc'><strong>⁸⁸.</strong></span> <span class='ocrx_word' id='word_1_252' title='bbox 2641 746 2705 800; x_wconf 87' lang='lat' dir='ltr'><strong>Et</strong></span> <span class='ocrx_word' id='word_1_253' title='bbox 2738 746 3309 818; x_wconf 63' lang='lat' dir='ltr'><strong>interpretaturpater</strong></span> <span class='ocrx_word' id='word_1_254' title='bbox 3330 789 3346 812; x_wconf 94' lang='lat'><strong>,</strong></span> <span class='ocrx_word' id='word_1_255' title='bbox 3371 754 3425 800; x_wconf 91' lang='lat' dir='ltr'><strong>et</strong></span> <span class='ocrx_word' id='word_1_256' title='bbox 3450 744 3738 814; x_wconf 75' lang='lat' dir='ltr'><strong>suspican-</strong></span> 
     </span>
    </p>
   </div>
   <div class='ocr_carea' id='block_1_36' title="bbox 2164 836 3739 908">
    <p class='ocr_par' dir='ltr' id='par_1_36' title="bbox 2164 836 3739 908">
     <span class='ocr_line' id='line_1_36' title="bbox 2164 836 3739 908; baseline 0 -15"><span class='ocrx_word' id='word_1_257' title='bbox 2164 848 2250 893; x_wconf 89' lang='lat' dir='ltr'><strong>tur</strong></span> <span class='ocrx_word' id='word_1_258' title='bbox 2294 837 2513 901; x_wconf 84' lang='lat' dir='ltr'><strong>fratres,</strong></span> <span class='ocrx_word' id='word_1_259' title='bbox 2563 838 2689 907; x_wconf 86' lang='lat' dir='ltr'><strong>quia</strong></span> <span class='ocrx_word' id='word_1_260' title='bbox 2746 838 2970 907; x_wconf 79' lang='lat' dir='ltr'><strong>incipiet</strong></span> <span class='ocrx_word' id='word_1_261' title='bbox 3035 854 3263 908; x_wconf 88' lang='lat' dir='ltr'><strong>regnare</strong></span> <span class='ocrx_word' id='word_1_262' title='bbox 3326 852 3492 907; x_wconf 88' lang='lat' dir='ltr'><strong>super</strong></span> <span class='ocrx_word' id='word_1_263' title='bbox 3544 836 3739 893; x_wconf 80' lang='lat' dir='ltr'><strong>fratres</strong></span> 
     </span>
    </p>
   </div>
   <div class='ocr_carea' id='block_1_37' title="bbox 2161 930 3738 1000">
    <p class='ocr_par' dir='ltr' id='par_1_37' title="bbox 2161 930 3738 1000">
     <span class='ocr_line' id='line_1_37' title="bbox 2161 930 3738 1000; baseline 0 -15"><span class='ocrx_word' id='word_1_264' title='bbox 2161 948 2308 988; x_wconf 86' lang='lat' dir='ltr'><strong>suos.</strong></span> <span class='ocrx_word' id='word_1_265' title='bbox 2334 931 2400 986; x_wconf 87' lang='lat' dir='ltr'><strong>Et</strong></span> <span class='ocrx_word' id='word_1_266' title='bbox 2429 947 2571 985; x_wconf 90' lang='lat' dir='ltr'><strong>nunc</strong></span> <span class='ocrx_word' id='word_1_267' title='bbox 2596 931 2814 1000; x_wconf 83' lang='lat' dir='ltr'><strong>quidem</strong></span> <span class='ocrx_word' id='word_1_268' title='bbox 2856 930 3113 1000; x_wconf 82' lang='lat' dir='ltr'><strong>manipuli</strong></span> <span class='ocrx_word' id='word_1_269' title='bbox 3140 946 3155 985; x_wconf 88' lang='lat'><strong>:</strong></span> <span class='ocrx_word' id='word_1_270' title='bbox 3187 932 3381 985; x_wconf 91' lang='lat' dir='ltr'><strong>iterum</strong></span> <span class='ocrx_word' id='word_1_271' title='bbox 3407 938 3589 984; x_wconf 88' lang='lat' dir='ltr'><strong>autem</strong></span> <span class='ocrx_word' id='word_1_272' title='bbox 3621 930 3738 997; x_wconf 89' lang='lat' dir='ltr'><strong>ipse</strong></span> 
     </span>
    </p>
   </div>
   <div class='ocr_carea' id='block_1_38' title="bbox 2161 1019 3737 1078">
    <p class='ocr_par' dir='ltr' id='par_1_38' title="bbox 2161 1019 3737 1078">
     <span class='ocr_line' id='line_1_38' title="bbox 2161 1019 3737 1078; baseline -0.003 0"><span class='ocrx_word' id='word_1_273' title='bbox 2161 1024 2327 1078; x_wconf 91' lang='lat' dir='ltr'><strong>solem</strong></span> <span class='ocrx_word' id='word_1_274' title='bbox 2360 1033 2413 1078; x_wconf 91' lang='lat' dir='ltr'><strong>et</strong></span> <span class='ocrx_word' id='word_1_275' title='bbox 2453 1023 2634 1076; x_wconf 90' lang='lat' dir='ltr'><strong>lunam</strong></span> <span class='ocrx_word' id='word_1_276' title='bbox 2674 1022 2821 1076; x_wconf 84' lang='lat' dir='ltr'><strong>videt</strong></span> <span class='ocrx_word' id='word_1_277' title='bbox 2857 1032 2914 1076; x_wconf 91' lang='lat' dir='ltr'><strong>et</strong></span> <span class='ocrx_word' id='word_1_278' title='bbox 2953 1021 3195 1076; x_wconf 87' lang='lat' dir='ltr'><strong>undecim</strong></span> <span class='ocrx_word' id='word_1_279' title='bbox 3231 1021 3431 1077; x_wconf 83' lang='lat' dir='ltr'><strong>stellas.</strong></span> <span class='ocrx_word' id='word_1_280' title='bbox 3466 1019 3660 1074; x_wconf 84' lang='lat' dir='ltr'><strong>Ditl‘ert</strong></span> <span class='ocrx_word' id='word_1_281' title='bbox 3685 1021 3737 1074; x_wconf 86' lang='lat' dir='ltr'><strong>in</strong></span> 
     </span>
    </p>
   </div>
   <div class='ocr_carea' id='block_1_39' title="bbox 2161 1111 3741 1187">
    <p class='ocr_par' dir='ltr' id='par_1_39' title="bbox 2161 1111 3741 1187">
     <span class='ocr_line' id='line_1_39' title="bbox 2161 1111 3741 1187; baseline -0.003 -18"><span class='ocrx_word' id='word_1_282' title='bbox 2161 1117 2329 1187; x_wconf 78' lang='lat' dir='ltr'><strong>gloria</strong></span> <span class='ocrx_word' id='word_1_283' title='bbox 2359 1115 2535 1181; x_wconf 90' lang='lat' dir='ltr'><strong>stella,</strong></span> <span class='ocrx_word' id='word_1_284' title='bbox 2581 1113 2887 1183; x_wconf 79' lang='lat' dir='ltr'><strong>manipulus</strong></span> <span class='ocrx_word' id='word_1_285' title='bbox 2935 1129 3040 1167; x_wconf 91' lang='lat' dir='ltr'><strong>non</strong></span> <span class='ocrx_word' id='word_1_286' title='bbox 3090 1111 3288 1167; x_wconf 76' lang='lat' dir='ltr'><strong>differt.</strong></span> <span class='ocrx_word' id='word_1_287' title='bbox 3354 1113 3461 1168; x_wconf 89' lang='lat' dir='ltr'><strong>Sed</strong></span> <span class='ocrx_word' id='word_1_288' title='bbox 3513 1120 3741 1181; x_wconf 85' lang='lat' dir='ltr'><strong>apparet</strong></span> 
     </span>
    </p>
   </div>
   <div class='ocr_carea' id='block_1_40' title="bbox 2161 1206 3739 1278">
    <p class='ocr_par' dir='ltr' id='par_1_40' title="bbox 2161 1206 3739 1278">
     <span class='ocr_line' id='line_1_40' title="bbox 2161 1206 3739 1278; baseline -0.003 -16"><span class='ocrx_word' id='word_1_289' title='bbox 2161 1210 2286 1278; x_wconf 87' lang='lat' dir='ltr'><strong>quia</strong></span> <span class='ocrx_word' id='word_1_290' title='bbox 2321 1207 2474 1263; x_wconf 85' lang='lat' dir='ltr'><strong>stella</strong></span> <span class='ocrx_word' id='word_1_291' title='bbox 2516 1206 2790 1277; x_wconf 90' lang='lat' dir='ltr'><strong>manipulo</strong></span> <span class='ocrx_word' id='word_1_292' title='bbox 2836 1207 2901 1259; x_wconf 89' lang='lat' dir='ltr'><strong>ad</strong></span> <span class='ocrx_word' id='word_1_293' title='bbox 2939 1206 3079 1274; x_wconf 87' lang='lat' dir='ltr'><strong>quod</strong></span> <span class='ocrx_word' id='word_1_294' title='bbox 3120 1215 3343 1276; x_wconf 89' lang='lat' dir='ltr'><strong>accepta</strong></span> <span class='ocrx_word' id='word_1_295' title='bbox 3379 1214 3483 1270; x_wconf 86' lang='lat' dir='ltr'><strong>est,</strong></span> <span class='ocrx_word' id='word_1_296' title='bbox 3516 1221 3625 1259; x_wconf 90' lang='lat' dir='ltr'><strong>non</strong></span> <span class='ocrx_word' id='word_1_297' title='bbox 3659 1216 3739 1260; x_wconf 88' lang='lat' dir='ltr'><strong>est</strong></span> 
     </span>
    </p>
   </div>
   <div class='ocr_carea' id='block_1_41' title="bbox 2161 1296 3741 1368">
    <p class='ocr_par' dir='ltr' id='par_1_41' title="bbox 2161 1296 3741 1368">
     <span class='ocr_line' id='line_1_41' title="bbox 2161 1296 3741 1368; baseline -0.003 -11"><span class='ocrx_word' id='word_1_298' title='bbox 2161 1302 2370 1357; x_wconf 86' lang='lat' dir='ltr'><strong>melior.</strong></span> <span class='ocrx_word' id='word_1_299' title='bbox 2406 1300 2540 1356; x_wconf 91' lang='lat' dir='ltr'><strong>Cum</strong></span> <span class='ocrx_word' id='word_1_300' title='bbox 2581 1301 2725 1355; x_wconf 90' lang='lat' dir='ltr'><strong>enim</strong></span> <span class='ocrx_word' id='word_1_301' title='bbox 2788 1308 2941 1368; x_wconf 87' lang='lat' dir='ltr'><strong>pater</strong></span> <span class='ocrx_word' id='word_1_302' title='bbox 2976 1300 3186 1368; x_wconf 87' lang='lat' dir='ltr'><strong>positus</strong></span> <span class='ocrx_word' id='word_1_303' title='bbox 3227 1308 3310 1353; x_wconf 89' lang='lat' dir='ltr'><strong>est</strong></span> <span class='ocrx_word' id='word_1_304' title='bbox 3347 1299 3399 1352; x_wconf 93' lang='lat' dir='ltr'><strong>in</strong></span> <span class='ocrx_word' id='word_1_305' title='bbox 3424 1297 3548 1353; x_wconf 90' lang='lat' dir='ltr'><strong>loco</strong></span> <span class='ocrx_word' id='word_1_306' title='bbox 3584 1296 3741 1362; x_wconf 88' lang='lat' dir='ltr'><strong>solis,</strong></span> 
     </span>
    </p>
   </div>
   <div class='ocr_carea' id='block_1_42' title="bbox 2160 1391 3740 1459">
    <p class='ocr_par' dir='ltr' id='par_1_42' title="bbox 2160 1391 3740 1459">
     <span class='ocr_line' id='line_1_42' title="bbox 2160 1391 3740 1459; baseline -0.005 -8"><span class='ocrx_word' id='word_1_307' title='bbox 2160 1403 2333 1451; x_wconf 86' lang='lat' dir='ltr'><strong>mater</strong></span> <span class='ocrx_word' id='word_1_308' title='bbox 2373 1402 2548 1449; x_wconf 90' lang='lat' dir='ltr'><strong>autem</strong></span> <span class='ocrx_word' id='word_1_309' title='bbox 2596 1394 2651 1448; x_wconf 92' lang='lat' dir='ltr'><strong>in</strong></span> <span class='ocrx_word' id='word_1_310' title='bbox 2704 1392 2822 1447; x_wconf 92' lang='lat' dir='ltr'><strong>loco</strong></span> <span class='ocrx_word' id='word_1_311' title='bbox 2872 1392 3045 1453; x_wconf 65' lang='lat' dir='ltr'><strong>lunae.</strong></span> <span class='ocrx_word' id='word_1_312' title='bbox 3108 1391 3301 1446; x_wconf 91' lang='lat' dir='ltr'><strong>fratres</strong></span> <span class='ocrx_word' id='word_1_313' title='bbox 3341 1401 3740 1459; x_wconf 85' lang='lat' dir='ltr'><strong>consequenter</strong></span> 
     </span>
    </p>
   </div>
   <div class='ocr_carea' id='block_1_43' title="bbox 2159 1483 3738 1541">
    <p class='ocr_par' dir='ltr' id='par_1_43' title="bbox 2159 1483 3738 1541">
     <span class='ocr_line' id='line_1_43' title="bbox 2159 1483 3738 1541; baseline -0.003 0"><span class='ocrx_word' id='word_1_314' title='bbox 2159 1485 2528 1541; x_wconf 81' lang='lat' dir='ltr'><strong>eﬂiciebantur</strong></span> <span class='ocrx_word' id='word_1_315' title='bbox 2552 1485 2605 1540; x_wconf 92' lang='lat' dir='ltr'><strong>in</strong></span> <span class='ocrx_word' id='word_1_316' title='bbox 2635 1485 2753 1541; x_wconf 88' lang='lat' dir='ltr'><strong>loco</strong></span> <span class='ocrx_word' id='word_1_317' title='bbox 2781 1485 3056 1540; x_wconf 86' lang='lat' dir='ltr'><strong>stellarum</strong></span> <span class='ocrx_word' id='word_1_318' title='bbox 3093 1501 3105 1537; x_wconf 91' lang='lat'><strong>:</strong></span> <span class='ocrx_word' id='word_1_319' title='bbox 3137 1483 3275 1538; x_wconf 79' lang='lat' dir='ltr'><strong>forte</strong></span> <span class='ocrx_word' id='word_1_320' title='bbox 3298 1498 3475 1538; x_wconf 86' lang='lat' dir='ltr'><strong>autem</strong></span> <span class='ocrx_word' id='word_1_321' title='bbox 3510 1500 3613 1537; x_wconf 88' lang='lat' dir='ltr'><strong>nec</strong></span> <span class='ocrx_word' id='word_1_322' title='bbox 3637 1483 3738 1537; x_wconf 81' lang='lat' dir='ltr'><strong>ista</strong></span> 
     </span>
    </p>
   </div>
   <div class='ocr_carea' id='block_1_44' title="bbox 2160 1576 3742 1649">
    <p class='ocr_par' dir='ltr' id='par_1_44' title="bbox 2160 1576 3742 1649">
     <span class='ocr_line' id='line_1_44' title="bbox 2160 1576 3742 1649; baseline -0.004 -14"><span class='ocrx_word' id='word_1_323' title='bbox 2160 1578 2483 1649; x_wconf 81' lang='lat' dir='ltr'><strong>simpliciter</strong></span> <span class='ocrx_word' id='word_1_324' title='bbox 2543 1578 2803 1632; x_wconf 87' lang='lat' dir='ltr'><strong>debemus</strong></span> <span class='ocrx_word' id='word_1_325' title='bbox 2859 1576 3096 1631; x_wconf 89' lang='lat' dir='ltr'><strong>transire</strong></span> <span class='ocrx_word' id='word_1_326' title='bbox 3143 1594 3156 1631; x_wconf 89' lang='lat'><strong>:</strong></span> <span class='ocrx_word' id='word_1_327' title='bbox 3198 1578 3293 1631; x_wconf 90' lang='lat' dir='ltr'><strong>sed</strong></span> <span class='ocrx_word' id='word_1_328' title='bbox 3336 1576 3462 1645; x_wconf 91' lang='lat' dir='ltr'><strong>quia</strong></span> <span class='ocrx_word' id='word_1_329' title='bbox 3526 1577 3742 1631; x_wconf 81' lang='lat' dir='ltr'><strong>occasio</strong></span> 
     </span>
    </p>
   </div>
   <div class='ocr_carea' id='block_1_45' title="bbox 2161 1668 3743 1732">
    <p class='ocr_par' dir='ltr' id='par_1_45' title="bbox 2161 1668 3743 1732">
     <span class='ocr_line' id='line_1_45' title="bbox 2161 1668 3743 1732; baseline -0.003 -6"><span class='ocrx_word' id='word_1_330' title='bbox 2161 1671 2498 1727; x_wconf 89' lang='lat' dir='ltr'><strong>adorationis</strong></span> <span class='ocrx_word' id='word_1_331' title='bbox 2526 1669 2665 1723; x_wconf 87' lang='lat' dir='ltr'><strong>facta</strong></span> <span class='ocrx_word' id='word_1_332' title='bbox 2688 1678 2774 1723; x_wconf 91' lang='lat' dir='ltr'><strong>est</strong></span> <span class='ocrx_word' id='word_1_333' title='bbox 2801 1668 3067 1723; x_wconf 87' lang='lat' dir='ltr'><strong>fructutnn</strong></span> <span class='ocrx_word' id='word_1_334' title='bbox 3104 1668 3455 1732; x_wconf 87' lang='lat' dir='ltr'><strong>abundantia,</strong></span> <span class='ocrx_word' id='word_1_335' title='bbox 3483 1668 3611 1722; x_wconf 88' lang='lat' dir='ltr'><strong>ideo</strong></span> <span class='ocrx_word' id='word_1_336' title='bbox 3640 1684 3743 1721; x_wconf 89' lang='lat' dir='ltr'><strong>non</strong></span> 
     </span>
    </p>
   </div>
   <div class='ocr_carea' id='block_1_46' title="bbox 2161 1758 3742 1827">
    <p class='ocr_par' dir='ltr' id='par_1_46' title="bbox 2161 1758 3742 1827">
     <span class='ocr_line' id='line_1_46' title="bbox 2161 1758 3742 1827; baseline -0.003 -10"><span class='ocrx_word' id='word_1_337' title='bbox 2161 1763 2229 1818; x_wconf 89' lang='lat' dir='ltr'><strong>ab</strong></span> <span class='ocrx_word' id='word_1_338' title='bbox 2263 1763 2366 1817; x_wconf 84' lang='lat' dir='ltr'><strong>alia</strong></span> <span class='ocrx_word' id='word_1_339' title='bbox 2393 1760 2682 1817; x_wconf 84' lang='lat' dir='ltr'><strong>occasione</strong></span> <span class='ocrx_word' id='word_1_340' title='bbox 2729 1760 2867 1815; x_wconf 90' lang='lat' dir='ltr'><strong>vidit</strong></span> <span class='ocrx_word' id='word_1_341' title='bbox 2900 1762 3189 1816; x_wconf 89' lang='lat' dir='ltr'><strong>adorantes</strong></span> <span class='ocrx_word' id='word_1_342' title='bbox 3229 1774 3289 1815; x_wconf 89' lang='lat' dir='ltr'><strong>se</strong></span> <span class='ocrx_word' id='word_1_343' title='bbox 3332 1758 3554 1822; x_wconf 87' lang='lat' dir='ltr'><strong>fratres,</strong></span> <span class='ocrx_word' id='word_1_344' title='bbox 3580 1773 3742 1827; x_wconf 87' lang='lat' dir='ltr'><strong>quam</strong></span> 
     </span>
    </p>
   </div>
   <div class='ocr_carea' id='block_1_47' title="bbox 2163 1851 3747 1926">
    <p class='ocr_par' dir='ltr' id='par_1_47' title="bbox 2163 1851 3747 1926">
     <span class='ocr_line' id='line_1_47' title="bbox 2163 1851 3747 1926; baseline -0.002 -16"><span class='ocrx_word' id='word_1_345' title='bbox 2163 1873 2191 1910; x_wconf 86' lang='lat' dir='ltr'><strong>a</strong></span> <span class='ocrx_word' id='word_1_346' title='bbox 2233 1854 2522 1926; x_wconf 87' lang='lat' dir='ltr'><strong>manipulis</strong></span> <span class='ocrx_word' id='word_1_347' title='bbox 2556 1854 2841 1909; x_wconf 89' lang='lat' dir='ltr'><strong>messium.</strong></span> <span class='ocrx_word' id='word_1_348' title='bbox 2910 1852 2967 1907; x_wconf 86' lang='lat' dir='ltr'><strong>Si</strong></span> <span class='ocrx_word' id='word_1_349' title='bbox 3013 1851 3135 1921; x_wconf 89' lang='lat' dir='ltr'><strong>quis</strong></span> <span class='ocrx_word' id='word_1_350' title='bbox 3189 1862 3365 1907; x_wconf 88' lang='lat' dir='ltr'><strong>autem</strong></span> <span class='ocrx_word' id='word_1_351' title='bbox 3407 1851 3647 1907; x_wconf 86' lang='lat' dir='ltr'><strong>voluerit</strong></span> <span class='ocrx_word' id='word_1_352' title='bbox 3691 1860 3747 1907; x_wconf 65' lang='grc' dir='ltr'><strong>α</strong></span> 
     </span>
    </p>
   </div>
   <div class='ocr_carea' id='block_1_48' title="bbox 2164 1945 3743 2015">
    <p class='ocr_par' dir='ltr' id='par_1_48' title="bbox 2164 1945 3743 2015">
     <span class='ocr_line' id='line_1_48' title="bbox 2164 1945 3743 2015; baseline -0.004 -11"><span class='ocrx_word' id='word_1_353' title='bbox 2164 1949 2368 2013; x_wconf 89' lang='lat' dir='ltr'><strong>stellas,</strong></span> <span class='ocrx_word' id='word_1_354' title='bbox 2398 1957 2457 2002; x_wconf 91' lang='lat' dir='ltr'><strong>et</strong></span> <span class='ocrx_word' id='word_1_355' title='bbox 2480 1946 2686 2013; x_wconf 90' lang='lat' dir='ltr'><strong>lunam,</strong></span> <span class='ocrx_word' id='word_1_356' title='bbox 2723 1954 2775 2000; x_wconf 92' lang='lat' dir='ltr'><strong>et</strong></span> <span class='ocrx_word' id='word_1_357' title='bbox 2805 1945 2976 2000; x_wconf 87' lang='lat' dir='ltr'><strong>solem</strong></span> <span class='ocrx_word' id='word_1_358' title='bbox 3010 1945 3311 2015; x_wconf 84' lang='lat' dir='ltr'><strong>requirere,</strong></span> <span class='ocrx_word' id='word_1_359' title='bbox 3343 1946 3409 2000; x_wconf 89' lang='lat' dir='ltr'><strong>ad</strong></span> <span class='ocrx_word' id='word_1_360' title='bbox 3435 1945 3600 1999; x_wconf 90' lang='lat' dir='ltr'><strong>istum</strong></span> <span class='ocrx_word' id='word_1_361' title='bbox 3625 1960 3743 2000; x_wconf 85' lang='lat' dir='ltr'><strong>ser-</strong></span> 
     </span>
    </p>
   </div>
   <div class='ocr_carea' id='block_1_49' title="bbox 2164 2036 3741 2106">
    <p class='ocr_par' dir='ltr' id='par_1_49' title="bbox 2164 2036 3741 2106">
     <span class='ocr_line' id='line_1_49' title="bbox 2164 2036 3741 2106; baseline -0.003 -11"><span class='ocrx_word' id='word_1_362' title='bbox 2164 2056 2378 2095; x_wconf 78' lang='lat' dir='ltr'><strong>monem</strong></span> <span class='ocrx_word' id='word_1_363' title='bbox 2412 2038 2649 2093; x_wconf 82' lang='lat' dir='ltr'><strong>inveniet</strong></span> <span class='ocrx_word' id='word_1_364' title='bbox 2684 2052 3036 2093; x_wconf 84' lang='lat' dir='ltr'><strong>concurrere.</strong></span> <span class='ocrx_word' id='word_1_365' title='bbox 3078 2037 3209 2104; x_wconf 84' lang='lat' dir='ltr'><strong>Quis</strong></span> <span class='ocrx_word' id='word_1_366' title='bbox 3251 2037 3394 2091; x_wconf 92' lang='lat' dir='ltr'><strong>enim</strong></span> <span class='ocrx_word' id='word_1_367' title='bbox 3430 2036 3649 2106; x_wconf 84' lang='lat' dir='ltr'><strong>ignorat</strong></span> <span class='ocrx_word' id='word_1_368' title='bbox 3682 2051 3741 2091; x_wconf 79' lang='lat' dir='ltr'><strong>ex</strong></span> 
     </span>
    </p>
   </div>
   <div class='ocr_carea' id='block_1_50' title="bbox 2162 2128 3743 2202">
    <p class='ocr_par' dir='ltr' id='par_1_50' title="bbox 2162 2128 3743 2202">
     <span class='ocr_line' id='line_1_50' title="bbox 2162 2128 3743 2202; baseline -0.003 -14"><span class='ocrx_word' id='word_1_369' title='bbox 2162 2134 2412 2188; x_wconf 79' lang='lat' dir='ltr'><strong>omnibus</strong></span> <span class='ocrx_word' id='word_1_370' title='bbox 2436 2130 2604 2202; x_wconf 77' lang='lat' dir='ltr'><strong>Moysi</strong></span> <span class='ocrx_word' id='word_1_371' title='bbox 2639 2145 2826 2186; x_wconf 91' lang='lat' dir='ltr'><strong>vocem</strong></span> <span class='ocrx_word' id='word_1_372' title='bbox 2849 2173 2862 2196; x_wconf 93' lang='lat'><strong>,</strong></span> <span class='ocrx_word' id='word_1_373' title='bbox 2891 2130 3015 2199; x_wconf 84' lang='lat' dir='ltr'><strong>quia</strong></span> <span class='ocrx_word' id='word_1_374' title='bbox 3043 2145 3109 2184; x_wconf 87' lang='lat' dir='ltr'><strong>ex</strong></span> <span class='ocrx_word' id='word_1_375' title='bbox 3140 2128 3380 2199; x_wconf 83' lang='lat' dir='ltr'><strong>frugibus</strong></span> <span class='ocrx_word' id='word_1_376' title='bbox 3405 2145 3544 2200; x_wconf 90' lang='lat' dir='ltr'><strong>quos</strong></span> <span class='ocrx_word' id='word_1_377' title='bbox 3576 2131 3743 2184; x_wconf 86' lang='lat' dir='ltr'><strong>nutrit</strong></span> 
     </span>
    </p>
   </div>
   <div class='ocr_carea' id='block_1_51' title="bbox 2162 2223 3741 2292">
    <p class='ocr_par' dir='ltr' id='par_1_51' title="bbox 2162 2223 3741 2292">
     <span class='ocr_line' id='line_1_51' title="bbox 2162 2223 3741 2292; baseline -0.001 -13"><span class='ocrx_word' id='word_1_378' title='bbox 2162 2225 2243 2279; x_wconf 90' lang='lat' dir='ltr'><strong>sol</strong></span> <span class='ocrx_word' id='word_1_379' title='bbox 2284 2236 2337 2280; x_wconf 89' lang='lat' dir='ltr'><strong>et</strong></span> <span class='ocrx_word' id='word_1_380' title='bbox 2368 2224 2493 2279; x_wconf 91' lang='lat' dir='ltr'><strong>luna</strong></span> <span class='ocrx_word' id='word_1_381' title='bbox 2520 2265 2535 2288; x_wconf 90' lang='lat'><strong>,</strong></span> <span class='ocrx_word' id='word_1_382' title='bbox 2575 2223 2719 2278; x_wconf 86' lang='lat' dir='ltr'><strong>facta</strong></span> <span class='ocrx_word' id='word_1_383' title='bbox 2746 2225 2962 2278; x_wconf 90' lang='lat' dir='ltr'><strong>occasio</strong></span> <span class='ocrx_word' id='word_1_384' title='bbox 3004 2232 3087 2278; x_wconf 91' lang='lat' dir='ltr'><strong>est</strong></span> <span class='ocrx_word' id='word_1_385' title='bbox 3119 2223 3381 2277; x_wconf 86' lang='lat' dir='ltr'><strong>visionis?</strong></span> <span class='ocrx_word' id='word_1_386' title='bbox 3436 2223 3581 2292; x_wconf 85' lang='lat' dir='ltr'><strong>Ergo</strong></span> <span class='ocrx_word' id='word_1_387' title='bbox 3618 2223 3741 2292; x_wconf 86' lang='lat' dir='ltr'><strong>quia</strong></span> 
     </span>
    </p>
   </div>
   <div class='ocr_carea' id='block_1_52' title="bbox 2165 2315 3739 2387">
    <p class='ocr_par' dir='ltr' id='par_1_52' title="bbox 2165 2315 3739 2387">
     <span class='ocr_line' id='line_1_52' title="bbox 2165 2315 3739 2387; baseline 0 -16"><span class='ocrx_word' id='word_1_388' title='bbox 2165 2319 2432 2373; x_wconf 87' lang='lat' dir='ltr'><strong>fructuum</strong></span> <span class='ocrx_word' id='word_1_389' title='bbox 2465 2326 2587 2372; x_wconf 89' lang='lat' dir='ltr'><strong>erat</strong></span> <span class='ocrx_word' id='word_1_390' title='bbox 2611 2319 2851 2381; x_wconf 83' lang='lat' dir='ltr'><strong>occasio,</strong></span> <span class='ocrx_word' id='word_1_391' title='bbox 2874 2332 2970 2387; x_wconf 90' lang='lat' dir='ltr'><strong>per</strong></span> <span class='ocrx_word' id='word_1_392' title='bbox 2992 2331 3053 2369; x_wconf 91' lang='lat' dir='ltr'><strong>ea</strong></span> <span class='ocrx_word' id='word_1_393' title='bbox 3081 2331 3200 2387; x_wconf 64' lang='lat' dir='ltr'><strong>quae</strong></span> <span class='ocrx_word' id='word_1_394' title='bbox 3229 2315 3410 2386; x_wconf 83' lang='lat' dir='ltr'><strong>fruges</strong></span> <span class='ocrx_word' id='word_1_395' title='bbox 3436 2318 3739 2385; x_wconf 88' lang='lat' dir='ltr'><strong>enutriunt,</strong></span> 
     </span>
    </p>
   </div>
   <div class='ocr_carea' id='block_1_53' title="bbox 2164 2407 3741 2479">
    <p class='ocr_par' dir='ltr' id='par_1_53' title="bbox 2164 2407 3741 2479">
     <span class='ocr_line' id='line_1_53' title="bbox 2164 2407 3741 2479; baseline 0.001 -15"><span class='ocrx_word' id='word_1_396' title='bbox 2164 2410 2308 2465; x_wconf 80' lang='lat' dir='ltr'><strong>facta</strong></span> <span class='ocrx_word' id='word_1_397' title='bbox 2335 2420 2418 2464; x_wconf 90' lang='lat' dir='ltr'><strong>est</strong></span> <span class='ocrx_word' id='word_1_398' title='bbox 2444 2420 2498 2464; x_wconf 90' lang='lat' dir='ltr'><strong>et</strong></span> <span class='ocrx_word' id='word_1_399' title='bbox 2526 2408 2666 2463; x_wconf 89' lang='lat' dir='ltr'><strong>visio</strong></span> <span class='ocrx_word' id='word_1_400' title='bbox 2698 2409 2914 2478; x_wconf 81' lang='lat' dir='ltr'><strong>duplex.</strong></span> <span class='ocrx_word' id='word_1_401' title='bbox 2946 2407 3272 2479; x_wconf 87' lang='lat' dir='ltr'><strong>Putas-ergo</strong></span> <span class='ocrx_word' id='word_1_402' title='bbox 3299 2410 3421 2479; x_wconf 84' lang='lat' dir='ltr'><strong>quia</strong></span> <span class='ocrx_word' id='word_1_403' title='bbox 3447 2409 3652 2479; x_wconf 89' lang='lat' dir='ltr'><strong>aliquis</strong></span> <span class='ocrx_word' id='word_1_404' title='bbox 3679 2427 3741 2465; x_wconf 90' lang='lat' dir='ltr'><strong>ex</strong></span> 
     </span>
    </p>
   </div>
   <div class='ocr_carea' id='block_1_54' title="bbox 2166 2502 3738 2574">
    <p class='ocr_par' dir='ltr' id='par_1_54' title="bbox 2166 2502 3738 2574">
     <span class='ocr_line' id='line_1_54' title="bbox 2166 2502 3738 2574; baseline 0.001 -17"><span class='ocrx_word' id='word_1_405' title='bbox 2166 2505 2249 2558; x_wconf 87' lang='lat' dir='ltr'><strong>his</strong></span> <span class='ocrx_word' id='word_1_406' title='bbox 2270 2503 2362 2572; x_wconf 90' lang='lat' dir='ltr'><strong>qui</strong></span> <span class='ocrx_word' id='word_1_407' title='bbox 2389 2503 2606 2565; x_wconf 86' lang='lat' dir='ltr'><strong>adsunt,</strong></span> <span class='ocrx_word' id='word_1_408' title='bbox 2640 2502 2929 2572; x_wconf 89' lang='lat' dir='ltr'><strong>invigilans</strong></span> <span class='ocrx_word' id='word_1_409' title='bbox 2957 2514 3012 2556; x_wconf 90' lang='lat' dir='ltr'><strong>et</strong></span> <span class='ocrx_word' id='word_1_410' title='bbox 3040 2502 3272 2565; x_wconf 87' lang='lat' dir='ltr'><strong>sobrius,</strong></span> <span class='ocrx_word' id='word_1_411' title='bbox 3311 2504 3572 2573; x_wconf 85' lang='lat' dir='ltr'><strong>cogitavit</strong></span> <span class='ocrx_word' id='word_1_412' title='bbox 3600 2510 3738 2574; x_wconf 88' lang='lat' dir='ltr'><strong>apud</strong></span> 
     </span>
    </p>
   </div>
   <div class='ocr_carea' id='block_1_55' title="bbox 2164 2595 3731 2665">
    <p class='ocr_par' dir='ltr' id='par_1_55' title="bbox 2164 2595 3731 2665">
     <span class='ocr_line' id='line_1_55' title="bbox 2164 2595 3731 2665; baseline 0.001 -16"><span class='ocrx_word' id='word_1_413' title='bbox 2164 2611 2224 2649; x_wconf 89' lang='lat' dir='ltr'><strong>se</strong></span> <span class='ocrx_word' id='word_1_414' title='bbox 2255 2605 2312 2649; x_wconf 91' lang='lat' dir='ltr'><strong>ut</strong></span> <span class='ocrx_word' id='word_1_415' title='bbox 2346 2596 2582 2660; x_wconf 89' lang='lat' dir='ltr'><strong>sobrius,</strong></span> <span class='ocrx_word' id='word_1_416' title='bbox 2616 2595 2744 2665; x_wconf 82' lang='lat' dir='ltr'><strong>quia</strong></span> <span class='ocrx_word' id='word_1_417' title='bbox 2774 2595 2892 2649; x_wconf 74' lang='lat' dir='ltr'><strong>ista:</strong></span> <span class='ocrx_word' id='word_1_418' title='bbox 2924 2595 3163 2650; x_wconf 87' lang='lat' dir='ltr'><strong>visiones</strong></span> <span class='ocrx_word' id='word_1_419' title='bbox 3193 2609 3289 2665; x_wconf 90' lang='lat' dir='ltr'><strong>per</strong></span> <span class='ocrx_word' id='word_1_420' title='bbox 3313 2596 3583 2651; x_wconf 86' lang='lat' dir='ltr'><strong>insomnia</strong></span> <span class='ocrx_word' id='word_1_421' title='bbox 3610 2605 3731 2651; x_wconf 91' lang='lat' dir='ltr'><strong>sunt</strong></span> 
     </span>
    </p>
   </div>
   <div class='ocr_carea' id='block_1_56' title="bbox 2167 2687 3741 2757">
    <p class='ocr_par' dir='ltr' id='par_1_56' title="bbox 2167 2687 3741 2757">
     <span class='ocr_line' id='line_1_56' title="bbox 2167 2687 3741 2757; baseline 0.001 -16"><span class='ocrx_word' id='word_1_422' title='bbox 2167 2688 2339 2749; x_wconf 59' lang='lat' dir='ltr'><strong>lactat.</strong></span> <span class='ocrx_word' id='word_1_423' title='bbox 2383 2694 2438 2742; x_wconf 90' lang='lat' dir='ltr'><strong>et</strong></span> <span class='ocrx_word' id='word_1_424' title='bbox 2484 2687 2622 2743; x_wconf 90' lang='lat' dir='ltr'><strong>forte</strong></span> <span class='ocrx_word' id='word_1_425' title='bbox 2668 2687 3034 2757; x_wconf 88' lang='lat' dir='ltr'><strong>suspicabitur</strong></span> <span class='ocrx_word' id='word_1_426' title='bbox 3067 2688 3174 2742; x_wconf 92' lang='lat' dir='ltr'><strong>vim</strong></span> <span class='ocrx_word' id='word_1_427' title='bbox 3218 2688 3396 2743; x_wconf 89' lang='lat' dir='ltr'><strong>facere</strong></span> <span class='ocrx_word' id='word_1_428' title='bbox 3432 2705 3531 2743; x_wconf 93' lang='lat' dir='ltr'><strong>nos</strong></span> <span class='ocrx_word' id='word_1_429' title='bbox 3580 2698 3635 2744; x_wconf 88' lang='lat' dir='ltr'><strong>et</strong></span> <span class='ocrx_word' id='word_1_430' title='bbox 3663 2690 3741 2743; x_wconf 89' lang='lat' dir='ltr'><strong>his</strong></span> 
     </span>
    </p>
   </div>
   <div class='ocr_carea' id='block_1_57' title="bbox 2162 2779 3740 2849">
    <p class='ocr_par' dir='ltr' id='par_1_57' title="bbox 2162 2779 3740 2849">
     <span class='ocr_line' id='line_1_57' title="bbox 2162 2779 3740 2849; baseline 0.003 -17"><span class='ocrx_word' id='word_1_431' title='bbox 2162 2779 2461 2833; x_wconf 78' lang='lat' dir='ltr'><strong>visionibus</strong></span> <span class='ocrx_word' id='word_1_432' title='bbox 2498 2794 2620 2849; x_wconf 62' lang='lat' dir='ltr'><strong>quas</strong></span> <span class='ocrx_word' id='word_1_433' title='bbox 2669 2794 2766 2847; x_wconf 90' lang='lat' dir='ltr'><strong>per</strong></span> <span class='ocrx_word' id='word_1_434' title='bbox 2812 2780 3081 2834; x_wconf 88' lang='lat' dir='ltr'><strong>insomnia</strong></span> <span class='ocrx_word' id='word_1_435' title='bbox 3126 2780 3280 2835; x_wconf 62' lang='lat' dir='ltr'><strong>factae</strong></span> <span class='ocrx_word' id='word_1_436' title='bbox 3331 2792 3652 2845; x_wconf 84' lang='lat' dir='ltr'><strong>noscuntur,</strong></span> <span class='ocrx_word' id='word_1_437' title='bbox 3689 2791 3740 2835; x_wconf 85' lang='lat' dir='ltr'><strong>et</strong></span> 
     </span>
    </p>
   </div>
   <div class='ocr_carea' id='block_1_58' title="bbox 2165 2869 3742 2941">
    <p class='ocr_par' dir='ltr' id='par_1_58' title="bbox 2165 2869 3742 2941">
     <span class='ocr_line' id='line_1_58' title="bbox 2165 2869 3742 2941; baseline 0.002 -18"><span class='ocrx_word' id='word_1_438' title='bbox 2165 2870 2230 2923; x_wconf 89' lang='lat' dir='ltr'><strong>ad</strong></span> <span class='ocrx_word' id='word_1_439' title='bbox 2262 2869 2585 2926; x_wconf 84' lang='lat' dir='ltr'><strong>solutionem</strong></span> <span class='ocrx_word' id='word_1_440' title='bbox 2608 2884 2703 2925; x_wconf 88' lang='lat' dir='ltr'><strong>eas</strong></span> <span class='ocrx_word' id='word_1_441' title='bbox 2724 2870 2990 2939; x_wconf 89' lang='lat' dir='ltr'><strong>accipere,</strong></span> <span class='ocrx_word' id='word_1_442' title='bbox 3012 2886 3133 2941; x_wconf 64' lang='lat' dir='ltr'><strong>quae</strong></span> <span class='ocrx_word' id='word_1_443' title='bbox 3166 2872 3417 2926; x_wconf 88' lang='lat' dir='ltr'><strong>videntur</strong></span> <span class='ocrx_word' id='word_1_444' title='bbox 3442 2887 3537 2941; x_wconf 90' lang='lat' dir='ltr'><strong>per</strong></span> <span class='ocrx_word' id='word_1_445' title='bbox 3562 2871 3742 2926; x_wconf 88' lang='lat' dir='ltr'><strong>oculos</strong></span> 
     </span>
    </p>
   </div>
   <div class='ocr_carea' id='block_1_59' title="bbox 2164 2958 3742 3032">
    <p class='ocr_par' dir='ltr' id='par_1_59' title="bbox 2164 2958 3742 3032">
     <span class='ocr_line' id='line_1_59' title="bbox 2164 2958 3742 3032; baseline 0.006 -21"><span class='ocrx_word' id='word_1_446' title='bbox 2164 2961 2293 3015; x_wconf 68' lang='lat' dir='ltr'><strong>visa:</strong></span> <span class='ocrx_word' id='word_1_447' title='bbox 2325 2958 2394 3013; x_wconf 89' lang='lat' dir='ltr'><strong>ah</strong></span> <span class='ocrx_word' id='word_1_448' title='bbox 2419 2958 2843 3029; x_wconf 87' lang='lat' dir='ltr'><strong>invigilantibus.</strong></span> <span class='ocrx_word' id='word_1_449' title='bbox 2885 2960 2941 3015; x_wconf 88' lang='lat' dir='ltr'><strong>Si</strong></span> <span class='ocrx_word' id='word_1_450' title='bbox 2969 2961 3116 3015; x_wconf 89' lang='lat' dir='ltr'><strong>enim</strong></span> <span class='ocrx_word' id='word_1_451' title='bbox 3149 2961 3219 3016; x_wconf 90' lang='lat' dir='ltr'><strong>ita</strong></span> <span class='ocrx_word' id='word_1_452' title='bbox 3260 2973 3426 3026; x_wconf 86' lang='lat' dir='ltr'><strong>esset,</strong></span> <span class='ocrx_word' id='word_1_453' title='bbox 3462 2965 3742 3032; x_wconf 86' lang='lat' dir='ltr'><strong>subripere</strong></span> 
     </span>
    </p>
   </div>
   <div class='ocr_carea' id='block_1_60' title="bbox 2164 3048 3741 3118">
    <p class='ocr_par' dir='ltr' id='par_1_60' title="bbox 2164 3048 3741 3118">
     <span class='ocr_line' id='line_1_60' title="bbox 2164 3048 3741 3118; baseline 0.003 -15"><span class='ocrx_word' id='word_1_454' title='bbox 2164 3050 2440 3113; x_wconf 88' lang='lat' dir='ltr'><strong>deberem,</strong></span> <span class='ocrx_word' id='word_1_455' title='bbox 2490 3058 2544 3103; x_wconf 92' lang='lat' dir='ltr'><strong>et</strong></span> <span class='ocrx_word' id='word_1_456' title='bbox 2586 3048 2689 3104; x_wconf 88' lang='lat' dir='ltr'><strong>hoc</strong></span> <span class='ocrx_word' id='word_1_457' title='bbox 2739 3049 2913 3118; x_wconf 83' lang='lat' dir='ltr'><strong>ipsum</strong></span> <span class='ocrx_word' id='word_1_458' title='bbox 2969 3050 3201 3105; x_wconf 86' lang='lat' dir='ltr'><strong>suadere</strong></span> <span class='ocrx_word' id='word_1_459' title='bbox 3242 3061 3294 3105; x_wconf 89' lang='lat' dir='ltr'><strong>et</strong></span> <span class='ocrx_word' id='word_1_460' title='bbox 3335 3052 3521 3106; x_wconf 88' lang='lat' dir='ltr'><strong>ludere</strong></span> <span class='ocrx_word' id='word_1_461' title='bbox 3558 3067 3571 3101; x_wconf 94' lang='lat'><strong>:</strong></span> <span class='ocrx_word' id='word_1_462' title='bbox 3607 3052 3741 3108; x_wconf 82' lang='lat' dir='ltr'><strong>forte</strong></span> 
     </span>
    </p>
   </div>
   <div class='ocr_carea' id='block_1_61' title="bbox 2168 3140 3742 3211">
    <p class='ocr_par' dir='ltr' id='par_1_61' title="bbox 2168 3140 3742 3211">
     <span class='ocr_line' id='line_1_61' title="bbox 2168 3140 3742 3211; baseline 0.003 -16"><span class='ocrx_word' id='word_1_463' title='bbox 2168 3151 2343 3196; x_wconf 86' lang='lat' dir='ltr'><strong>autem</strong></span> <span class='ocrx_word' id='word_1_464' title='bbox 2373 3150 2426 3194; x_wconf 92' lang='lat' dir='ltr'><strong>et</strong></span> <span class='ocrx_word' id='word_1_465' title='bbox 2454 3140 2499 3194; x_wconf 92' lang='lat' dir='ltr'><strong>si</strong></span> <span class='ocrx_word' id='word_1_466' title='bbox 2538 3141 2845 3207; x_wconf 87' lang='lat' dir='ltr'><strong>tacuissem,</strong></span> <span class='ocrx_word' id='word_1_467' title='bbox 2874 3142 2999 3211; x_wconf 87' lang='lat' dir='ltr'><strong>quia</strong></span> <span class='ocrx_word' id='word_1_468' title='bbox 3033 3157 3131 3210; x_wconf 90' lang='lat' dir='ltr'><strong>per</strong></span> <span class='ocrx_word' id='word_1_469' title='bbox 3161 3142 3421 3197; x_wconf 90' lang='lat' dir='ltr'><strong>insomnia</strong></span> <span class='ocrx_word' id='word_1_470' title='bbox 3452 3143 3631 3198; x_wconf 87' lang='lat' dir='ltr'><strong>factus</strong></span> <span class='ocrx_word' id='word_1_471' title='bbox 3661 3153 3742 3199; x_wconf 86' lang='lat' dir='ltr'><strong>est</strong></span> 
     </span>
    </p>
   </div>
   <div class='ocr_carea' id='block_1_62' title="bbox 484 3229 3732 3331">
    <p class='ocr_par' dir='ltr' id='par_1_62' title="bbox 484 3229 3732 3331">
     <span class='ocr_line' id='line_1_62' title="bbox 484 3229 3732 3331; baseline -0 -39"><span class='ocrx_word' id='word_1_472' title='bbox 484 3238 623 3307; x_wconf 83' lang='lat' dir='ltr'><strong>Quid</strong></span> <span class='ocrx_word' id='word_1_473' title='bbox 654 3236 796 3290; x_wconf 89' lang='lat' dir='ltr'><strong>enim</strong></span> <span class='ocrx_word' id='word_1_474' title='bbox 822 3235 888 3287; x_wconf 92' lang='lat' dir='ltr'><strong>ad</strong></span> <span class='ocrx_word' id='word_1_475' title='bbox 925 3234 1062 3288; x_wconf 90' lang='lat' dir='ltr'><strong>leam</strong></span> <span class='ocrx_word' id='word_1_476' title='bbox 1094 3231 1325 3286; x_wconf 78' lang='lat' dir='ltr'><strong>aurum?</strong></span> <span class='ocrx_word' id='word_1_477' title='bbox 1358 3229 1498 3297; x_wconf 89' lang='lat' dir='ltr'><strong>Quid</strong></span> <span class='ocrx_word' id='word_1_478' title='bbox 1529 3240 1712 3285; x_wconf 89' lang='lat' dir='ltr'><strong>autem</strong></span> <span class='ocrx_word' id='word_1_479' title='bbox 1740 3239 1970 3298; x_wconf 90' lang='lat' dir='ltr'><strong>utraque</strong></span> <span class='ocrx_word' id='word_1_480' title='bbox 1994 3229 2060 3283; x_wconf 93' lang='lat' dir='ltr'><strong>ad</strong></span> <span class='ocrx_word' id='word_1_481' title='bbox 2091 3270 2134 3331; x_wconf 63' lang='grc' dir='ltr'>ϐ</span> <span class='ocrx_word' id='word_1_482' title='bbox 2168 3233 2300 3287; x_wconf 83' lang='lat' dir='ltr'><strong>mihi</strong></span> <span class='ocrx_word' id='word_1_483' title='bbox 2327 3247 2529 3299; x_wconf 89' lang='lat' dir='ltr'><strong>sermo,</strong></span> <span class='ocrx_word' id='word_1_484' title='bbox 2564 3231 2778 3286; x_wconf 91' lang='lat' dir='ltr'><strong>viderer</strong></span> <span class='ocrx_word' id='word_1_485' title='bbox 2810 3232 2891 3286; x_wconf 90' lang='lat' dir='ltr'><strong>his</strong></span> <span class='ocrx_word' id='word_1_486' title='bbox 2931 3234 3021 3303; x_wconf 92' lang='lat' dir='ltr'><strong>qui</strong></span> <span class='ocrx_word' id='word_1_487' title='bbox 3056 3234 3234 3288; x_wconf 86' lang='lat' dir='ltr'><strong>adhuc</strong></span> <span class='ocrx_word' id='word_1_488' title='bbox 3272 3235 3633 3301; x_wconf 89' lang='lat' dir='ltr'><strong>somniautur,</strong></span> <span class='ocrx_word' id='word_1_489' title='bbox 3678 3245 3732 3291; x_wconf 85' lang='lat' dir='ltr'><strong>et</strong></span> 
     </span>
    </p>
   </div>
   <div class='ocr_carea' id='block_1_63' title="bbox 486 3321 2063 3399">
    <p class='ocr_par' dir='ltr' id='par_1_63' title="bbox 486 3321 2063 3399">
     <span class='ocr_line' id='line_1_63' title="bbox 486 3321 2063 3399; baseline -0.006 -15"><span class='ocrx_word' id='word_1_490' title='bbox 486 3326 749 3399; x_wconf 74' lang='lat' dir='ltr'><strong>regnum?</strong></span> <span class='ocrx_word' id='word_1_491' title='bbox 774 3340 828 3380; x_wconf 87' lang='lat' dir='ltr'><strong>et</strong></span> <span class='ocrx_word' id='word_1_492' title='bbox 855 3327 928 3379; x_wconf 90' lang='lat' dir='ltr'><strong>ita</strong></span> <span class='ocrx_word' id='word_1_493' title='bbox 966 3338 1029 3378; x_wconf 92' lang='lat' dir='ltr'><strong>ea</strong></span> <span class='ocrx_word' id='word_1_494' title='bbox 1060 3339 1181 3391; x_wconf 75' lang='lat' dir='ltr'><strong>qua:</strong></span> <span class='ocrx_word' id='word_1_495' title='bbox 1208 3322 1591 3391; x_wconf 78' lang='lat' dir='ltr'><strong>insequuntur,</strong></span> <span class='ocrx_word' id='word_1_496' title='bbox 1611 3335 1731 3391; x_wconf 67' lang='lat' dir='ltr'><strong>quae</strong></span> <span class='ocrx_word' id='word_1_497' title='bbox 1757 3331 1811 3374; x_wconf 90' lang='lat' dir='ltr'><strong>et</strong></span> <span class='ocrx_word' id='word_1_498' title='bbox 1833 3321 1901 3375; x_wconf 92' lang='lat' dir='ltr'><strong>ab</strong></span> <span class='ocrx_word' id='word_1_499' title='bbox 1930 3322 2063 3374; x_wconf 81' lang='lat' dir='ltr'><strong>ima-</strong></span> 
     </span>
    </p>
   </div>
   <div class='ocr_carea' id='block_1_64' title="bbox 483 3413 2066 3491">
    <p class='ocr_par' dir='ltr' id='par_1_64' title="bbox 483 3413 2066 3491">
     <span class='ocr_line' id='line_1_64' title="bbox 483 3413 2066 3491; baseline -0.005 -16"><span class='ocrx_word' id='word_1_500' title='bbox 483 3420 609 3491; x_wconf 89' lang='lat' dir='ltr'><strong>gine</strong></span> <span class='ocrx_word' id='word_1_501' title='bbox 641 3417 1012 3487; x_wconf 86' lang='lat' dir='ltr'><strong>proferuntur,</strong></span> <span class='ocrx_word' id='word_1_502' title='bbox 1040 3426 1093 3469; x_wconf 90' lang='lat' dir='ltr'><strong>et</strong></span> <span class='ocrx_word' id='word_1_503' title='bbox 1122 3429 1240 3485; x_wconf 66' lang='lat' dir='ltr'><strong>qum</strong></span> <span class='ocrx_word' id='word_1_504' title='bbox 1269 3429 1298 3467; x_wconf 89' lang='lat' dir='ltr'><strong>a</strong></span> <span class='ocrx_word' id='word_1_505' title='bbox 1332 3413 1521 3468; x_wconf 80' lang='lat' dir='ltr'><strong>bestiis</strong></span> <span class='ocrx_word' id='word_1_506' title='bbox 1567 3414 1968 3468; x_wconf 84' lang='lat' dir='ltr'><strong>discernuntur.</strong></span> <span class='ocrx_word' id='word_1_507' title='bbox 2001 3413 2066 3467; x_wconf 89' lang='lat' dir='ltr'><strong>Et</strong></span> 
     </span>
    </p>
   </div>
   <div class='ocr_carea' id='block_1_65' title="bbox 485 3505 2061 3579">
    <p class='ocr_par' dir='ltr' id='par_1_65' title="bbox 485 3505 2061 3579">
     <span class='ocr_line' id='line_1_65' title="bbox 485 3505 2061 3579; baseline -0.005 -12"><span class='ocrx_word' id='word_1_508' title='bbox 485 3513 595 3568; x_wconf 91' lang='lat' dir='ltr'><strong>illic</strong></span> <span class='ocrx_word' id='word_1_509' title='bbox 632 3511 769 3579; x_wconf 88' lang='lat' dir='ltr'><strong>lapis</strong></span> <span class='ocrx_word' id='word_1_510' title='bbox 796 3511 917 3564; x_wconf 87' lang='lat' dir='ltr'><strong>sine</strong></span> <span class='ocrx_word' id='word_1_511' title='bbox 944 3508 1212 3571; x_wconf 90' lang='lat' dir='ltr'><strong>manibus,</strong></span> <span class='ocrx_word' id='word_1_512' title='bbox 1246 3517 1305 3560; x_wconf 91' lang='lat' dir='ltr'><strong>ut</strong></span> <span class='ocrx_word' id='word_1_513' title='bbox 1340 3521 1444 3561; x_wconf 92' lang='lat' dir='ltr'><strong>non</strong></span> <span class='ocrx_word' id='word_1_514' title='bbox 1483 3506 1717 3561; x_wconf 91' lang='lat' dir='ltr'><strong>hominis</strong></span> <span class='ocrx_word' id='word_1_515' title='bbox 1772 3505 1845 3560; x_wconf 90' lang='lat' dir='ltr'><strong>sit</strong></span> <span class='ocrx_word' id='word_1_516' title='bbox 1890 3519 2061 3573; x_wconf 90' lang='lat' dir='ltr'><strong>opus;</strong></span> 
     </span>
    </p>
   </div>
   <div class='ocr_carea' id='block_1_66' title="bbox 487 3598 2058 3673">
    <p class='ocr_par' dir='ltr' id='par_1_66' title="bbox 487 3598 2058 3673">
     <span class='ocr_line' id='line_1_66' title="bbox 487 3598 2058 3673; baseline -0.006 -13"><span class='ocrx_word' id='word_1_517' title='bbox 487 3606 608 3660; x_wconf 89' lang='lat' dir='ltr'><strong>istic</strong></span> <span class='ocrx_word' id='word_1_518' title='bbox 654 3605 837 3673; x_wconf 81' lang='lat' dir='ltr'><strong>judex.</strong></span> <span class='ocrx_word' id='word_1_519' title='bbox 888 3603 953 3656; x_wconf 87' lang='lat' dir='ltr'><strong>Et</strong></span> <span class='ocrx_word' id='word_1_520' title='bbox 996 3601 1102 3655; x_wconf 91' lang='lat' dir='ltr'><strong>illic</strong></span> <span class='ocrx_word' id='word_1_521' title='bbox 1125 3601 1249 3669; x_wconf 89' lang='lat' dir='ltr'><strong>quia</strong></span> <span class='ocrx_word' id='word_1_522' title='bbox 1294 3599 1534 3653; x_wconf 70' lang='lat' dir='ltr'><strong>materiae</strong></span> <span class='ocrx_word' id='word_1_523' title='bbox 1585 3606 1778 3664; x_wconf 90' lang='lat' dir='ltr'><strong>erant,</strong></span> <span class='ocrx_word' id='word_1_524' title='bbox 1831 3598 2058 3653; x_wconf 75' lang='lat' dir='ltr'><strong>commi~</strong></span> 
     </span>
    </p>
   </div>
   <div class='ocr_carea' id='block_1_67' title="bbox 487 3689 2061 3761">
    <p class='ocr_par' dir='ltr' id='par_1_67' title="bbox 487 3689 2061 3761">
     <span class='ocr_line' id='line_1_67' title="bbox 487 3689 2061 3761; baseline -0.003 -10"><span class='ocrx_word' id='word_1_525' title='bbox 487 3706 759 3758; x_wconf 88' lang='lat' dir='ltr'><strong>nuuntur;</strong></span> <span class='ocrx_word' id='word_1_526' title='bbox 796 3694 917 3749; x_wconf 89' lang='lat' dir='ltr'><strong>istic</strong></span> <span class='ocrx_word' id='word_1_527' title='bbox 952 3693 1079 3761; x_wconf 89' lang='lat' dir='ltr'><strong>quia</strong></span> <span class='ocrx_word' id='word_1_528' title='bbox 1122 3691 1292 3746; x_wconf 87' lang='lat' dir='ltr'><strong>bestia</strong></span> <span class='ocrx_word' id='word_1_529' title='bbox 1336 3700 1472 3754; x_wconf 88' lang='lat' dir='ltr'><strong>erat,</strong></span> <span class='ocrx_word' id='word_1_530' title='bbox 1511 3690 1562 3743; x_wconf 92' lang='lat' dir='ltr'><strong>in</strong></span> <span class='ocrx_word' id='word_1_531' title='bbox 1596 3690 1772 3759; x_wconf 73' lang='lat' dir='ltr'><strong>ignem</strong></span> <span class='ocrx_word' id='word_1_532' title='bbox 1805 3689 2061 3746; x_wconf 88' lang='lat' dir='ltr'><strong>mittitur.</strong></span> 
     </span>
    </p>
   </div>
   <div class='ocr_carea' id='block_1_68' title="bbox 488 3782 2065 3852">
    <p class='ocr_par' dir='ltr' id='par_1_68' title="bbox 488 3782 2065 3852">
     <span class='ocr_line' id='line_1_68' title="bbox 488 3782 2065 3852; baseline -0.003 -11"><span class='ocrx_word' id='word_1_533' title='bbox 488 3786 565 3841; x_wconf 90' lang='lat' dir='ltr'><strong>lta</strong></span> <span class='ocrx_word' id='word_1_534' title='bbox 595 3787 856 3840; x_wconf 87' lang='lat' dir='ltr'><strong>habemus</strong></span> <span class='ocrx_word' id='word_1_535' title='bbox 886 3796 939 3839; x_wconf 89' lang='lat' dir='ltr'><strong>et</strong></span> <span class='ocrx_word' id='word_1_536' title='bbox 967 3783 1265 3838; x_wconf 85' lang='lat' dir='ltr'><strong>Pharaonis</strong></span> <span class='ocrx_word' id='word_1_537' title='bbox 1296 3782 1476 3852; x_wconf 82' lang='lat' dir='ltr'><strong>spicas</strong></span> <span class='ocrx_word' id='word_1_538' title='bbox 1500 3822 1517 3847; x_wconf 91' lang='lat'><strong>,</strong></span> <span class='ocrx_word' id='word_1_539' title='bbox 1554 3790 1608 3836; x_wconf 93' lang='lat' dir='ltr'><strong>et</strong></span> <span class='ocrx_word' id='word_1_540' title='bbox 1640 3782 1804 3836; x_wconf 87' lang='lat' dir='ltr'><strong>boves</strong></span> <span class='ocrx_word' id='word_1_541' title='bbox 1836 3790 2065 3851; x_wconf 86' lang='lat' dir='ltr'><strong>septem,</strong></span> 
     </span>
    </p>
   </div>
   <div class='ocr_carea' id='block_1_69' title="bbox 489 3872 2064 3947">
    <p class='ocr_par' dir='ltr' id='par_1_69' title="bbox 489 3872 2064 3947">
     <span class='ocr_line' id='line_1_69' title="bbox 489 3872 2064 3947; baseline -0.002 -16"><span class='ocrx_word' id='word_1_542' title='bbox 489 3887 543 3931; x_wconf 87' lang='lat' dir='ltr'><strong>et</strong></span> <span class='ocrx_word' id='word_1_543' title='bbox 576 3877 801 3947; x_wconf 85' lang='lat' dir='ltr'><strong>pingues</strong></span> <span class='ocrx_word' id='word_1_544' title='bbox 840 3886 894 3930; x_wconf 90' lang='lat' dir='ltr'><strong>et</strong></span> <span class='ocrx_word' id='word_1_545' title='bbox 932 3873 1271 3930; x_wconf 88' lang='lat' dir='ltr'><strong>macilentas.</strong></span> <span class='ocrx_word' id='word_1_546' title='bbox 1308 3872 1377 3927; x_wconf 88' lang='lat' dir='ltr'><strong>Et</strong></span> <span class='ocrx_word' id='word_1_547' title='bbox 1419 3882 1681 3944; x_wconf 91' lang='lat' dir='ltr'><strong>quantum</strong></span> <span class='ocrx_word' id='word_1_548' title='bbox 1711 3875 1778 3929; x_wconf 89' lang='lat' dir='ltr'><strong>ad</strong></span> <span class='ocrx_word' id='word_1_549' title='bbox 1814 3883 2064 3928; x_wconf 88' lang='lat' dir='ltr'><strong>naturam</strong></span> 
     </span>
    </p>
   </div>
   <div class='ocr_carea' id='block_1_70' title="bbox 486 3966 2070 4038">
    <p class='ocr_par' dir='ltr' id='par_1_70' title="bbox 486 3966 2070 4038">
     <span class='ocr_line' id='line_1_70' title="bbox 486 3966 2070 4038; baseline -0.001 -15"><span class='ocrx_word' id='word_1_550' title='bbox 486 3979 736 4037; x_wconf 86' lang='lat' dir='ltr'><strong>spectat,</strong></span> <span class='ocrx_word' id='word_1_551' title='bbox 788 3968 953 4023; x_wconf 90' lang='lat' dir='ltr'><strong>boves</strong></span> <span class='ocrx_word' id='word_1_552' title='bbox 1004 3966 1217 4036; x_wconf 89' lang='lat' dir='ltr'><strong>quidem</strong></span> <span class='ocrx_word' id='word_1_553' title='bbox 1261 3968 1442 4035; x_wconf 91' lang='lat' dir='ltr'><strong>spicas</strong></span> <span class='ocrx_word' id='word_1_554' title='bbox 1495 3968 1855 4033; x_wconf 89' lang='lat' dir='ltr'><strong>manducant,</strong></span> <span class='ocrx_word' id='word_1_555' title='bbox 1904 3968 2070 4038; x_wconf 68' lang='lat' dir='ltr'><strong>spicae</strong></span> 
     </span>
    </p>
   </div>
   <div class='ocr_carea' id='block_1_71' title="bbox 486 4058 2068 4132">
    <p class='ocr_par' dir='ltr' id='par_1_71' title="bbox 486 4058 2068 4132">
     <span class='ocr_line' id='line_1_71' title="bbox 486 4058 2068 4132; baseline 0.001 -18"><span class='ocrx_word' id='word_1_556' title='bbox 486 4072 667 4117; x_wconf 88' lang='lat' dir='ltr'><strong>autem</strong></span> <span class='ocrx_word' id='word_1_557' title='bbox 698 4078 726 4113; x_wconf 89' lang='lat' dir='ltr'><strong>a</strong></span> <span class='ocrx_word' id='word_1_558' title='bbox 767 4058 940 4114; x_wconf 85' lang='lat' dir='ltr'><strong>bubus</strong></span> <span class='ocrx_word' id='word_1_559' title='bbox 987 4061 1368 4125; x_wconf 89' lang='lat' dir='ltr'><strong>comeduntur.</strong></span> <span class='ocrx_word' id='word_1_560' title='bbox 1420 4060 1572 4127; x_wconf 87' lang='lat' dir='ltr'><strong>Quod</strong></span> <span class='ocrx_word' id='word_1_561' title='bbox 1626 4070 1806 4115; x_wconf 85' lang='lat' dir='ltr'><strong>autem</strong></span> <span class='ocrx_word' id='word_1_562' title='bbox 1858 4061 2068 4132; x_wconf 86' lang='lat' dir='ltr'><strong>signiﬁ-</strong></span> 
     </span>
    </p>
   </div>
   <div class='ocr_carea' id='block_1_72' title="bbox 487 4151 2067 4223">
    <p class='ocr_par' dir='ltr' id='par_1_72' title="bbox 487 4151 2067 4223">
     <span class='ocr_line' id='line_1_72' title="bbox 487 4151 2067 4223; baseline 0.001 -16"><span class='ocrx_word' id='word_1_563' title='bbox 487 4163 643 4208; x_wconf 84' lang='lat' dir='ltr'><strong>catur</strong></span> <span class='ocrx_word' id='word_1_564' title='bbox 696 4162 750 4207; x_wconf 90' lang='lat' dir='ltr'><strong>et</strong></span> <span class='ocrx_word' id='word_1_565' title='bbox 798 4153 865 4206; x_wconf 85' lang='lat' dir='ltr'><strong>ab</strong></span> <span class='ocrx_word' id='word_1_566' title='bbox 920 4152 1004 4206; x_wconf 89' lang='lat' dir='ltr'><strong>his</strong></span> <span class='ocrx_word' id='word_1_567' title='bbox 1033 4151 1122 4220; x_wconf 86' lang='lat' dir='ltr'><strong>qui</strong></span> <span class='ocrx_word' id='word_1_568' title='bbox 1160 4151 1575 4215; x_wconf 86' lang='lat' dir='ltr'><strong>manducantur,</strong></span> <span class='ocrx_word' id='word_1_569' title='bbox 1632 4162 1687 4207; x_wconf 90' lang='lat' dir='ltr'><strong>et</strong></span> <span class='ocrx_word' id='word_1_570' title='bbox 1739 4154 1807 4207; x_wconf 91' lang='lat' dir='ltr'><strong>ab</strong></span> <span class='ocrx_word' id='word_1_571' title='bbox 1854 4153 1942 4207; x_wconf 92' lang='lat' dir='ltr'><strong>his</strong></span> <span class='ocrx_word' id='word_1_572' title='bbox 1976 4152 2067 4223; x_wconf 90' lang='lat' dir='ltr'><strong>qui</strong></span> 
     </span>
    </p>
   </div>
   <div class='ocr_carea' id='block_1_73' title="bbox 488 4243 2065 4313">
    <p class='ocr_par' dir='ltr' id='par_1_73' title="bbox 488 4243 2065 4313">
     <span class='ocr_line' id='line_1_73' title="bbox 488 4243 2065 4313; baseline 0.001 -15"><span class='ocrx_word' id='word_1_573' title='bbox 488 4245 850 4309; x_wconf 88' lang='lat' dir='ltr'><strong>manducant,</strong></span> <span class='ocrx_word' id='word_1_574' title='bbox 910 4243 1081 4313; x_wconf 86' lang='lat' dir='ltr'><strong>ipsam</strong></span> <span class='ocrx_word' id='word_1_575' title='bbox 1133 4244 1487 4312; x_wconf 87' lang='lat' dir='ltr'><strong>eamdemque</strong></span> <span class='ocrx_word' id='word_1_576' title='bbox 1540 4244 1739 4298; x_wconf 80' lang='lat' dir='ltr'><strong>habent</strong></span> <span class='ocrx_word' id='word_1_577' title='bbox 1783 4244 2065 4299; x_wconf 85' lang='lat' dir='ltr'><strong>virtutem.</strong></span> 
     </span>
    </p>
   </div>
   <div class='ocr_carea' id='block_1_74' title="bbox 486 4335 2066 4405">
    <p class='ocr_par' dir='ltr' id='par_1_74' title="bbox 486 4335 2066 4405">
     <span class='ocr_line' id='line_1_74' title="bbox 486 4335 2066 4405; baseline 0 -15"><span class='ocrx_word' id='word_1_578' title='bbox 486 4337 567 4390; x_wconf 78' lang='lat' dir='ltr'><strong>Ad</strong></span> <span class='ocrx_word' id='word_1_579' title='bbox 594 4335 735 4405; x_wconf 91' lang='lat' dir='ltr'><strong>quod</strong></span> <span class='ocrx_word' id='word_1_580' title='bbox 761 4336 902 4390; x_wconf 90' lang='lat' dir='ltr'><strong>enim</strong></span> <span class='ocrx_word' id='word_1_581' title='bbox 942 4335 1118 4389; x_wconf 90' lang='lat' dir='ltr'><strong>fuerat</strong></span> <span class='ocrx_word' id='word_1_582' title='bbox 1157 4344 1436 4404; x_wconf 89' lang='lat' dir='ltr'><strong>acceptum</strong></span> <span class='ocrx_word' id='word_1_583' title='bbox 1483 4350 1587 4391; x_wconf 89' lang='lat' dir='ltr'><strong>non</strong></span> <span class='ocrx_word' id='word_1_584' title='bbox 1636 4336 1920 4403; x_wconf 87' lang='lat' dir='ltr'><strong>dissentit,</strong></span> <span class='ocrx_word' id='word_1_585' title='bbox 1972 4336 2066 4390; x_wconf 92' lang='lat' dir='ltr'><strong>sed</strong></span> 
     </span>
    </p>
   </div>
   <div class='ocr_carea' id='block_1_75' title="bbox 489 4426 2070 4493">
    <p class='ocr_par' dir='ltr' id='par_1_75' title="bbox 489 4426 2070 4493">
     <span class='ocr_line' id='line_1_75' title="bbox 489 4426 2070 4493; baseline -0.003 -8"><span class='ocrx_word' id='word_1_586' title='bbox 489 4441 541 4485; x_wconf 90' lang='lat' dir='ltr'><strong>et</strong></span> <span class='ocrx_word' id='word_1_587' title='bbox 569 4430 879 4485; x_wconf 88' lang='lat' dir='ltr'><strong>necessaria</strong></span> <span class='ocrx_word' id='word_1_588' title='bbox 906 4428 1043 4484; x_wconf 90' lang='lat' dir='ltr'><strong>visio</strong></span> <span class='ocrx_word' id='word_1_589' title='bbox 1065 4437 1171 4483; x_wconf 90' lang='lat' dir='ltr'><strong>est.</strong></span> <span class='ocrx_word' id='word_1_590' title='bbox 1204 4426 1342 4493; x_wconf 88' lang='lat' dir='ltr'><strong>Quia</strong></span> <span class='ocrx_word' id='word_1_591' title='bbox 1379 4429 1522 4483; x_wconf 91' lang='lat' dir='ltr'><strong>enim</strong></span> <span class='ocrx_word' id='word_1_592' title='bbox 1543 4428 1612 4482; x_wconf 91' lang='lat' dir='ltr'><strong>de</strong></span> <span class='ocrx_word' id='word_1_593' title='bbox 1641 4428 1817 4492; x_wconf 88' lang='lat' dir='ltr'><strong>annis,</strong></span> <span class='ocrx_word' id='word_1_594' title='bbox 1843 4438 1897 4482; x_wconf 91' lang='lat' dir='ltr'><strong>et</strong></span> <span class='ocrx_word' id='word_1_595' title='bbox 1930 4428 2070 4481; x_wconf 90' lang='lat' dir='ltr'><strong>nati-</strong></span> 
     </span>
    </p>
   </div>
   <div class='ocr_carea' id='block_1_76' title="bbox 492 4519 2071 4589">
    <p class='ocr_par' dir='ltr' id='par_1_76' title="bbox 492 4519 2071 4589">
     <span class='ocr_line' id='line_1_76' title="bbox 492 4519 2071 4589; baseline 0.001 -18"><span class='ocrx_word' id='word_1_596' title='bbox 492 4524 683 4589; x_wconf 80' lang='lat' dir='ltr'><strong>vitate,</strong></span> <span class='ocrx_word' id='word_1_597' title='bbox 712 4530 768 4576; x_wconf 89' lang='lat' dir='ltr'><strong>et</strong></span> <span class='ocrx_word' id='word_1_598' title='bbox 800 4520 1070 4575; x_wconf 86' lang='lat' dir='ltr'><strong>fructibus</strong></span> <span class='ocrx_word' id='word_1_599' title='bbox 1096 4530 1235 4582; x_wconf 88' lang='lat' dir='ltr'><strong>erat,</strong></span> <span class='ocrx_word' id='word_1_600' title='bbox 1273 4520 1437 4588; x_wconf 73' lang='lat' dir='ltr'><strong>spicze</strong></span> <span class='ocrx_word' id='word_1_601' title='bbox 1481 4529 1663 4573; x_wconf 89' lang='lat' dir='ltr'><strong>autem</strong></span> <span class='ocrx_word' id='word_1_602' title='bbox 1708 4519 1902 4573; x_wconf 90' lang='lat' dir='ltr'><strong>horum</strong></span> <span class='ocrx_word' id='word_1_603' title='bbox 1947 4528 2071 4574; x_wconf 91' lang='lat' dir='ltr'><strong>sunt</strong></span> 
     </span>
    </p>
   </div>
   <div class='ocr_carea' id='block_1_77' title="bbox 2170 3322 3742 3391">
    <p class='ocr_par' dir='ltr' id='par_1_77' title="bbox 2170 3322 3742 3391">
     <span class='ocr_line' id='line_1_77' title="bbox 2170 3322 3742 3391; baseline 0.002 -13"><span class='ocrx_word' id='word_1_604' title='bbox 2170 3323 2473 3378; x_wconf 79' lang='lat' dir='ltr'><strong>inauditum</strong></span> <span class='ocrx_word' id='word_1_605' title='bbox 2525 3322 2738 3377; x_wconf 88' lang='lat' dir='ltr'><strong>edicere</strong></span> <span class='ocrx_word' id='word_1_606' title='bbox 2773 3324 2901 3391; x_wconf 91' lang='lat' dir='ltr'><strong>quid</strong></span> <span class='ocrx_word' id='word_1_607' title='bbox 2946 3332 3003 3378; x_wconf 90' lang='lat' dir='ltr'><strong>et</strong></span> <span class='ocrx_word' id='word_1_608' title='bbox 3046 3324 3327 3378; x_wconf 85' lang='lat' dir='ltr'><strong>exhibere.</strong></span> <span class='ocrx_word' id='word_1_609' title='bbox 3384 3324 3519 3388; x_wconf 87' lang='lat' dir='ltr'><strong>Quia</strong></span> <span class='ocrx_word' id='word_1_610' title='bbox 3566 3336 3742 3381; x_wconf 86' lang='lat' dir='ltr'><strong>autem</strong></span> 
     </span>
    </p>
   </div>
   <div class='ocr_carea' id='block_1_78' title="bbox 2170 3415 3744 3487">
    <p class='ocr_par' dir='ltr' id='par_1_78' title="bbox 2170 3415 3744 3487">
     <span class='ocr_line' id='line_1_78' title="bbox 2170 3415 3744 3487; baseline 0.003 -18"><span class='ocrx_word' id='word_1_611' title='bbox 2170 3416 2419 3471; x_wconf 90' lang='lat' dir='ltr'><strong>veritatis</strong></span> <span class='ocrx_word' id='word_1_612' title='bbox 2442 3424 2524 3470; x_wconf 89' lang='lat' dir='ltr'><strong>est</strong></span> <span class='ocrx_word' id='word_1_613' title='bbox 2558 3415 2733 3482; x_wconf 91' lang='lat' dir='ltr'><strong>locus,</strong></span> <span class='ocrx_word' id='word_1_614' title='bbox 2792 3425 2847 3469; x_wconf 86' lang='lat' dir='ltr'><strong>et</strong></span> <span class='ocrx_word' id='word_1_615' title='bbox 2896 3432 2999 3471; x_wconf 92' lang='lat' dir='ltr'><strong>non</strong></span> <span class='ocrx_word' id='word_1_616' title='bbox 3051 3433 3151 3472; x_wconf 90' lang='lat' dir='ltr'><strong>nos</strong></span> <span class='ocrx_word' id='word_1_617' title='bbox 3201 3419 3462 3473; x_wconf 89' lang='lat' dir='ltr'><strong>seducere</strong></span> <span class='ocrx_word' id='word_1_618' title='bbox 3510 3429 3744 3487; x_wconf 87' lang='lat' dir='ltr'><strong>oportet,</strong></span> 
     </span>
    </p>
   </div>
   <div class='ocr_carea' id='block_1_79' title="bbox 2170 3510 3749 3582">
    <p class='ocr_par' dir='ltr' id='par_1_79' title="bbox 2170 3510 3749 3582">
     <span class='ocr_line' id='line_1_79' title="bbox 2170 3510 3749 3582; baseline 0.001 -17"><span class='ocrx_word' id='word_1_619' title='bbox 2170 3525 2347 3581; x_wconf 85' lang='lat' dir='ltr'><strong>neque</strong></span> <span class='ocrx_word' id='word_1_620' title='bbox 2401 3510 2641 3566; x_wconf 89' lang='lat' dir='ltr'><strong>suasioni</strong></span> <span class='ocrx_word' id='word_1_621' title='bbox 2700 3520 2946 3580; x_wconf 90' lang='lat' dir='ltr'><strong>captare,</strong></span> <span class='ocrx_word' id='word_1_622' title='bbox 3010 3513 3247 3566; x_wconf 86' lang='lat' dir='ltr'><strong>sciamus</strong></span> <span class='ocrx_word' id='word_1_623' title='bbox 3292 3512 3416 3581; x_wconf 79' lang='lat' dir='ltr'><strong>quia</strong></span> <span class='ocrx_word' id='word_1_624' title='bbox 3471 3513 3587 3566; x_wconf 62' lang='lat' dir='ltr'><strong>haec</strong></span> <span class='ocrx_word' id='word_1_625' title='bbox 3628 3527 3749 3582; x_wconf 67' lang='lat' dir='ltr'><strong>quae</strong></span> 
     </span>
    </p>
   </div>
   <div class='ocr_carea' id='block_1_80' title="bbox 2170 3601 3748 3673">
    <p class='ocr_par' dir='ltr' id='par_1_80' title="bbox 2170 3601 3748 3673">
     <span class='ocr_line' id='line_1_80' title="bbox 2170 3601 3748 3673; baseline 0.001 -16"><span class='ocrx_word' id='word_1_626' title='bbox 2170 3601 2313 3657; x_wconf 91' lang='lat' dir='ltr'><strong>dicta</strong></span> <span class='ocrx_word' id='word_1_627' title='bbox 2340 3611 2465 3656; x_wconf 92' lang='lat' dir='ltr'><strong>sunt</strong></span> <span class='ocrx_word' id='word_1_628' title='bbox 2490 3602 2671 3656; x_wconf 89' lang='lat' dir='ltr'><strong>omnia</strong></span> <span class='ocrx_word' id='word_1_629' title='bbox 2700 3616 2798 3673; x_wconf 89' lang='lat' dir='ltr'><strong>per</strong></span> <span class='ocrx_word' id='word_1_630' title='bbox 2834 3602 3101 3657; x_wconf 89' lang='lat' dir='ltr'><strong>insomnia</strong></span> <span class='ocrx_word' id='word_1_631' title='bbox 3128 3603 3242 3656; x_wconf 88' lang='lat' dir='ltr'><strong>visa</strong></span> <span class='ocrx_word' id='word_1_632' title='bbox 3280 3613 3441 3656; x_wconf 89' lang='lat' dir='ltr'><strong>sunt:</strong></span> <span class='ocrx_word' id='word_1_633' title='bbox 3479 3603 3748 3672; x_wconf 85' lang='lat' dir='ltr'><strong>siquidem</strong></span> 
     </span>
    </p>
   </div>
   <div class='ocr_carea' id='block_1_81' title="bbox 2169 3692 3750 3761">
    <p class='ocr_par' dir='ltr' id='par_1_81' title="bbox 2169 3692 3750 3761">
     <span class='ocr_line' id='line_1_81' title="bbox 2169 3692 3750 3761; baseline 0.002 -13"><span class='ocrx_word' id='word_1_634' title='bbox 2169 3703 2225 3749; x_wconf 91' lang='lat' dir='ltr'><strong>et</strong></span> <span class='ocrx_word' id='word_1_635' title='bbox 2263 3692 2762 3748; x_wconf 84' lang='lat' dir='ltr'><strong>Nabuchodonosor</strong></span> <span class='ocrx_word' id='word_1_636' title='bbox 2806 3693 3073 3747; x_wconf 91' lang='lat' dir='ltr'><strong>somnium</strong></span> <span class='ocrx_word' id='word_1_637' title='bbox 3116 3694 3271 3761; x_wconf 89' lang='lat' dir='ltr'><strong>vidit,</strong></span> <span class='ocrx_word' id='word_1_638' title='bbox 3315 3704 3370 3748; x_wconf 90' lang='lat' dir='ltr'><strong>et</strong></span> <span class='ocrx_word' id='word_1_639' title='bbox 3399 3694 3584 3750; x_wconf 85' lang='lat' dir='ltr'><strong>Daniel</strong></span> <span class='ocrx_word' id='word_1_640' title='bbox 3622 3696 3750 3751; x_wconf 91' lang='lat' dir='ltr'><strong>illud</strong></span> 
     </span>
    </p>
   </div>
   <div class='ocr_carea' id='block_1_82' title="bbox 2170 3785 3754 3855">
    <p class='ocr_par' dir='ltr' id='par_1_82' title="bbox 2170 3785 3754 3855">
     <span class='ocr_line' id='line_1_82' title="bbox 2170 3785 3754 3855; baseline 0.003 -16"><span class='ocrx_word' id='word_1_641' title='bbox 2170 3786 2314 3855; x_wconf 91' lang='lat' dir='ltr'><strong>quod</strong></span> <span class='ocrx_word' id='word_1_642' title='bbox 2360 3785 2593 3840; x_wconf 84' lang='lat' dir='ltr'><strong>diximus</strong></span> <span class='ocrx_word' id='word_1_643' title='bbox 2631 3800 2728 3854; x_wconf 89' lang='lat' dir='ltr'><strong>per</strong></span> <span class='ocrx_word' id='word_1_644' title='bbox 2782 3785 3051 3839; x_wconf 90' lang='lat' dir='ltr'><strong>somnium</strong></span> <span class='ocrx_word' id='word_1_645' title='bbox 3103 3786 3260 3848; x_wconf 87' lang='lat' dir='ltr'><strong>vidit.</strong></span> <span class='ocrx_word' id='word_1_646' title='bbox 3309 3797 3361 3840; x_wconf 90' lang='lat' dir='ltr'><strong>et</strong></span> <span class='ocrx_word' id='word_1_647' title='bbox 3406 3786 3658 3850; x_wconf 78' lang='lat' dir='ltr'><strong>Pharao,</strong></span> <span class='ocrx_word' id='word_1_648' title='bbox 3700 3797 3754 3843; x_wconf 88' lang='lat' dir='ltr'><strong>et</strong></span> 
     </span>
    </p>
   </div>
   <div class='ocr_carea' id='block_1_83' title="bbox 2179 3874 3752 3948">
    <p class='ocr_par' dir='ltr' id='par_1_83' title="bbox 2179 3874 3752 3948">
     <span class='ocr_line' id='line_1_83' title="bbox 2179 3874 3752 3948; baseline 0 -15"><span class='ocrx_word' id='word_1_649' title='bbox 2179 3878 2381 3948; x_wconf 81' lang='lat' dir='ltr'><strong>Joseph</strong></span> <span class='ocrx_word' id='word_1_650' title='bbox 2407 3892 2503 3948; x_wconf 89' lang='lat' dir='ltr'><strong>per</strong></span> <span class='ocrx_word' id='word_1_651' title='bbox 2528 3877 2799 3933; x_wconf 89' lang='lat' dir='ltr'><strong>insomnia</strong></span> <span class='ocrx_word' id='word_1_652' title='bbox 2824 3878 3133 3933; x_wconf 86' lang='lat' dir='ltr'><strong>habuerunt</strong></span> <span class='ocrx_word' id='word_1_653' title='bbox 3163 3879 3295 3934; x_wconf 85' lang='lat' dir='ltr'><strong>istas</strong></span> <span class='ocrx_word' id='word_1_654' title='bbox 3325 3874 3752 3936; x_wconf 77' lang='lat' dir='ltr'><strong>visiones.Nihil</strong></span> 
     </span>
    </p>
   </div>
   <div class='ocr_carea' id='block_1_84' title="bbox 2170 3970 3751 4043">
    <p class='ocr_par' dir='ltr' id='par_1_84' title="bbox 2170 3970 3751 4043">
     <span class='ocr_line' id='line_1_84' title="bbox 2170 3970 3751 4043; baseline 0 -17"><span class='ocrx_word' id='word_1_655' title='bbox 2170 3986 2300 4041; x_wconf 84' lang='lat' dir='ltr'><strong>ergo</strong></span> <span class='ocrx_word' id='word_1_656' title='bbox 2336 3971 2532 4024; x_wconf 91' lang='lat' dir='ltr'><strong>mirum</strong></span> <span class='ocrx_word' id='word_1_657' title='bbox 2587 3970 2631 4024; x_wconf 88' lang='lat' dir='ltr'><strong>si</strong></span> <span class='ocrx_word' id='word_1_658' title='bbox 2684 3980 2737 4024; x_wconf 90' lang='lat' dir='ltr'><strong>et</strong></span> <span class='ocrx_word' id='word_1_659' title='bbox 2788 3970 2945 4026; x_wconf 92' lang='lat' dir='ltr'><strong>nobis</strong></span> <span class='ocrx_word' id='word_1_660' title='bbox 2993 3985 3089 4041; x_wconf 91' lang='lat' dir='ltr'><strong>per</strong></span> <span class='ocrx_word' id='word_1_661' title='bbox 3134 3972 3401 4026; x_wconf 81' lang='lat' dir='ltr'><strong>insomnia</strong></span> <span class='ocrx_word' id='word_1_662' title='bbox 3451 3983 3751 4043; x_wconf 85' lang='lat' dir='ltr'><strong>appareant</strong></span> 
     </span>
    </p>
   </div>
   <div class='ocr_carea' id='block_1_85' title="bbox 2171 4062 3751 4134">
    <p class='ocr_par' dir='ltr' id='par_1_85' title="bbox 2171 4062 3751 4134">
     <span class='ocr_line' id='line_1_85' title="bbox 2171 4062 3751 4134; baseline 0.003 -18"><span class='ocrx_word' id='word_1_663' title='bbox 2171 4065 2292 4133; x_wconf 69' lang='lat' dir='ltr'><strong>qua’a</strong></span> <span class='ocrx_word' id='word_1_664' title='bbox 2327 4063 2600 4117; x_wconf 89' lang='lat' dir='ltr'><strong>videntur.</strong></span> <span class='ocrx_word' id='word_1_665' title='bbox 2652 4062 2770 4116; x_wconf 87' lang='lat' dir='ltr'><strong>Alia</strong></span> <span class='ocrx_word' id='word_1_666' title='bbox 2802 4064 2946 4118; x_wconf 89' lang='lat' dir='ltr'><strong>enim</strong></span> <span class='ocrx_word' id='word_1_667' title='bbox 2989 4065 3054 4119; x_wconf 90' lang='lat' dir='ltr'><strong>de</strong></span> <span class='ocrx_word' id='word_1_668' title='bbox 3083 4064 3204 4120; x_wconf 88' lang='lat' dir='ltr'><strong>aliis</strong></span> <span class='ocrx_word' id='word_1_669' title='bbox 3248 4063 3560 4134; x_wconf 90' lang='lat' dir='ltr'><strong>frequenter</strong></span> <span class='ocrx_word' id='word_1_670' title='bbox 3602 4067 3751 4121; x_wconf 84' lang='lat' dir='ltr'><strong>vide-</strong></span> 
     </span>
    </p>
   </div>
   <div class='ocr_carea' id='block_1_86' title="bbox 2171 4155 3749 4227">
    <p class='ocr_par' dir='ltr' id='par_1_86' title="bbox 2171 4155 3749 4227">
     <span class='ocr_line' id='line_1_86' title="bbox 2171 4155 3749 4227; baseline 0.001 -18"><span class='ocrx_word' id='word_1_671' title='bbox 2171 4170 2313 4221; x_wconf 90' lang='lat' dir='ltr'><strong>mus,</strong></span> <span class='ocrx_word' id='word_1_672' title='bbox 2342 4163 2432 4208; x_wconf 90' lang='lat' dir='ltr'><strong>aut</strong></span> <span class='ocrx_word' id='word_1_673' title='bbox 2480 4162 2852 4223; x_wconf 89' lang='lat' dir='ltr'><strong>tempestatem</strong></span> <span class='ocrx_word' id='word_1_674' title='bbox 2879 4155 3069 4221; x_wconf 86' lang='lat' dir='ltr'><strong>maris,</strong></span> <span class='ocrx_word' id='word_1_675' title='bbox 3100 4166 3193 4209; x_wconf 90' lang='lat' dir='ltr'><strong>aut</strong></span> <span class='ocrx_word' id='word_1_676' title='bbox 3222 4157 3581 4227; x_wconf 89' lang='lat' dir='ltr'><strong>nosmetipsos</strong></span> <span class='ocrx_word' id='word_1_677' title='bbox 3612 4158 3749 4212; x_wconf 84' lang='lat' dir='ltr'><strong>trahi</strong></span> 
     </span>
    </p>
   </div>
   <div class='ocr_carea' id='block_1_87' title="bbox 2171 4246 3752 4318">
    <p class='ocr_par' dir='ltr' id='par_1_87' title="bbox 2171 4246 3752 4318">
     <span class='ocr_line' id='line_1_87' title="bbox 2171 4246 3752 4318; baseline 0.002 -16"><span class='ocrx_word' id='word_1_678' title='bbox 2171 4264 2201 4302; x_wconf 92' lang='lat' dir='ltr'><strong>a</strong></span> <span class='ocrx_word' id='word_1_679' title='bbox 2234 4246 2433 4312; x_wconf 84' lang='lat' dir='ltr'><strong>ﬂuviis,</strong></span> <span class='ocrx_word' id='word_1_680' title='bbox 2460 4255 2552 4300; x_wconf 92' lang='lat' dir='ltr'><strong>aut</strong></span> <span class='ocrx_word' id='word_1_681' title='bbox 2575 4256 2755 4315; x_wconf 89' lang='lat' dir='ltr'><strong>prata,</strong></span> <span class='ocrx_word' id='word_1_682' title='bbox 2791 4256 2885 4301; x_wconf 90' lang='lat' dir='ltr'><strong>aut</strong></span> <span class='ocrx_word' id='word_1_683' title='bbox 2916 4246 3157 4313; x_wconf 88' lang='lat' dir='ltr'><strong>fructus;</strong></span> <span class='ocrx_word' id='word_1_684' title='bbox 3202 4258 3297 4303; x_wconf 89' lang='lat' dir='ltr'><strong>aut</strong></span> <span class='ocrx_word' id='word_1_685' title='bbox 3336 4250 3458 4318; x_wconf 89' lang='lat' dir='ltr'><strong>quia</strong></span> <span class='ocrx_word' id='word_1_686' title='bbox 3490 4252 3559 4305; x_wconf 91' lang='lat' dir='ltr'><strong>de</strong></span> <span class='ocrx_word' id='word_1_687' title='bbox 3596 4251 3752 4305; x_wconf 86' lang='lat' dir='ltr'><strong>tectis</strong></span> 
     </span>
    </p>
   </div>
   <div class='ocr_carea' id='block_1_88' title="bbox 2171 4338 3745 4412">
    <p class='ocr_par' dir='ltr' id='par_1_88' title="bbox 2171 4338 3745 4412">
     <span class='ocr_line' id='line_1_88' title="bbox 2171 4338 3745 4412; baseline 0.001 -18"><span class='ocrx_word' id='word_1_688' title='bbox 2171 4339 2482 4409; x_wconf 85' lang='lat' dir='ltr'><strong>dejicimur,</strong></span> <span class='ocrx_word' id='word_1_689' title='bbox 2510 4348 2606 4392; x_wconf 90' lang='lat' dir='ltr'><strong>aut</strong></span> <span class='ocrx_word' id='word_1_690' title='bbox 2632 4339 2759 4407; x_wconf 90' lang='lat' dir='ltr'><strong>quia</strong></span> <span class='ocrx_word' id='word_1_691' title='bbox 2791 4339 3072 4394; x_wconf 90' lang='lat' dir='ltr'><strong>thesauros</strong></span> <span class='ocrx_word' id='word_1_692' title='bbox 3106 4338 3436 4404; x_wconf 89' lang='lat' dir='ltr'><strong>invenimus,</strong></span> <span class='ocrx_word' id='word_1_693' title='bbox 3487 4354 3584 4395; x_wconf 89' lang='lat' dir='ltr'><strong>aut</strong></span> <span class='ocrx_word' id='word_1_694' title='bbox 3623 4342 3745 4412; x_wconf 74' lang='lat' dir='ltr'><strong>quia</strong></span> 
     </span>
    </p>
   </div>
   <div class='ocr_carea' id='block_1_89' title="bbox 2172 4430 3747 4501">
    <p class='ocr_par' dir='ltr' id='par_1_89' title="bbox 2172 4430 3747 4501">
     <span class='ocr_line' id='line_1_89' title="bbox 2172 4430 3747 4501; baseline 0.001 -17"><span class='ocrx_word' id='word_1_695' title='bbox 2172 4430 2452 4485; x_wconf 89' lang='lat' dir='ltr'><strong>amisimus</strong></span> <span class='ocrx_word' id='word_1_696' title='bbox 2469 4430 2695 4500; x_wconf 91' lang='lat' dir='ltr'><strong>aliquid,</strong></span> <span class='ocrx_word' id='word_1_697' title='bbox 2719 4438 2810 4483; x_wconf 90' lang='lat' dir='ltr'><strong>aut</strong></span> <span class='ocrx_word' id='word_1_698' title='bbox 2840 4431 2965 4501; x_wconf 92' lang='lat' dir='ltr'><strong>quia</strong></span> <span class='ocrx_word' id='word_1_699' title='bbox 2991 4431 3376 4500; x_wconf 86' lang='lat' dir='ltr'><strong>subingressus</strong></span> <span class='ocrx_word' id='word_1_700' title='bbox 3401 4442 3483 4487; x_wconf 89' lang='lat' dir='ltr'><strong>est</strong></span> <span class='ocrx_word' id='word_1_701' title='bbox 3505 4435 3747 4501; x_wconf 86' lang='lat' dir='ltr'><strong>quidam,</strong></span> 
     </span>
    </p>
   </div>
   <div class='ocr_carea' id='block_1_90' title="bbox 2173 4521 3751 4592">
    <p class='ocr_par' dir='ltr' id='par_1_90' title="bbox 2173 4521 3751 4592">
     <span class='ocr_line' id='line_1_90' title="bbox 2173 4521 3751 4592; baseline 0.003 -17"><span class='ocrx_word' id='word_1_702' title='bbox 2173 4530 2265 4575; x_wconf 87' lang='lat' dir='ltr'><strong>aut</strong></span> <span class='ocrx_word' id='word_1_703' title='bbox 2295 4522 2423 4591; x_wconf 91' lang='lat' dir='ltr'><strong>quia</strong></span> <span class='ocrx_word' id='word_1_704' title='bbox 2468 4521 2609 4577; x_wconf 88' lang='lat' dir='ltr'><strong>alius</strong></span> <span class='ocrx_word' id='word_1_705' title='bbox 2642 4524 2828 4586; x_wconf 84' lang='lat' dir='ltr'><strong>exivit,</strong></span> <span class='ocrx_word' id='word_1_706' title='bbox 2867 4532 2961 4577; x_wconf 87' lang='lat' dir='ltr'><strong>aut</strong></span> <span class='ocrx_word' id='word_1_707' title='bbox 3003 4523 3129 4592; x_wconf 88' lang='lat' dir='ltr'><strong>quia</strong></span> <span class='ocrx_word' id='word_1_708' title='bbox 3180 4524 3392 4579; x_wconf 91' lang='lat' dir='ltr'><strong>locutus</strong></span> <span class='ocrx_word' id='word_1_709' title='bbox 3440 4534 3523 4579; x_wconf 91' lang='lat' dir='ltr'><strong>est</strong></span> <span class='ocrx_word' id='word_1_710' title='bbox 3571 4527 3751 4580; x_wconf 86' lang='lat' dir='ltr'><strong>nescio</strong></span> 
     </span>
    </p>
   </div>
   <div class='ocr_carea' id='block_1_91' title="bbox 492 4608 3751 4684">
    <p class='ocr_par' dir='ltr' id='par_1_91' title="bbox 492 4608 3751 4684">
     <span class='ocr_line' id='line_1_91' title="bbox 492 4608 3751 4684; baseline 0.001 -20"><span class='ocrx_word' id='word_1_711' title='bbox 492 4612 813 4681; x_wconf 86' lang='lat' dir='ltr'><strong>genitrices;</strong></span> <span class='ocrx_word' id='word_1_712' title='bbox 862 4626 959 4680; x_wconf 87' lang='lat' dir='ltr'><strong>per</strong></span> <span class='ocrx_word' id='word_1_713' title='bbox 1001 4609 1178 4679; x_wconf 89' lang='lat' dir='ltr'><strong>spicas</strong></span> <span class='ocrx_word' id='word_1_714' title='bbox 1218 4610 1435 4676; x_wconf 88' lang='lat' dir='ltr'><strong>quidem</strong></span> <span class='ocrx_word' id='word_1_715' title='bbox 1487 4608 1611 4661; x_wconf 87' lang='lat' dir='ltr'><strong>anni</strong></span> <span class='ocrx_word' id='word_1_716' title='bbox 1655 4610 2064 4664; x_wconf 87' lang='lat' dir='ltr'><strong>annuntiantur.</strong></span> <span class='ocrx_word' id='word_1_717' title='bbox 2100 4626 2146 4681; x_wconf 79' lang='grc' dir='ltr'><strong>ι)</strong></span> <span class='ocrx_word' id='word_1_718' title='bbox 2174 4614 2317 4684; x_wconf 90' lang='lat' dir='ltr'><strong>quis,</strong></span> <span class='ocrx_word' id='word_1_719' title='bbox 2355 4624 2448 4668; x_wconf 87' lang='lat' dir='ltr'><strong>aut</strong></span> <span class='ocrx_word' id='word_1_720' title='bbox 2491 4614 2617 4683; x_wconf 91' lang='lat' dir='ltr'><strong>quia</strong></span> <span class='ocrx_word' id='word_1_721' title='bbox 2649 4614 2799 4669; x_wconf 89' lang='lat' dir='ltr'><strong>dedit</strong></span> <span class='ocrx_word' id='word_1_722' title='bbox 2846 4614 3061 4683; x_wconf 88' lang='lat' dir='ltr'><strong>aliquis.</strong></span> <span class='ocrx_word' id='word_1_723' title='bbox 3116 4613 3285 4668; x_wconf 87' lang='lat' dir='ltr'><strong>Erant</strong></span> <span class='ocrx_word' id='word_1_724' title='bbox 3336 4626 3517 4670; x_wconf 89' lang='lat' dir='ltr'><strong>autem</strong></span> <span class='ocrx_word' id='word_1_725' title='bbox 3563 4631 3751 4671; x_wconf 81' lang='lat' dir='ltr'><strong>omnes</strong></span> 
     </span>
    </p>
   </div>
   <div class='ocr_carea' id='block_1_92' title="bbox 492 4699 2067 4771">
    <p class='ocr_par' dir='ltr' id='par_1_92' title="bbox 492 4699 2067 4771">
     <span class='ocr_line' id='line_1_92' title="bbox 492 4699 2067 4771; baseline 0 -16"><span class='ocrx_word' id='word_1_726' title='bbox 492 4705 624 4771; x_wconf 83' lang='lat' dir='ltr'><strong>Quia</strong></span> <span class='ocrx_word' id='word_1_727' title='bbox 661 4713 839 4757; x_wconf 87' lang='lat' dir='ltr'><strong>autem</strong></span> <span class='ocrx_word' id='word_1_728' title='bbox 866 4718 961 4770; x_wconf 90' lang='lat' dir='ltr'><strong>per</strong></span> <span class='ocrx_word' id='word_1_729' title='bbox 989 4715 1152 4771; x_wconf 87' lang='lat' dir='ltr'><strong>Opera</strong></span> <span class='ocrx_word' id='word_1_730' title='bbox 1181 4702 1343 4755; x_wconf 89' lang='lat' dir='ltr'><strong>bomn</strong></span> <span class='ocrx_word' id='word_1_731' title='bbox 1368 4712 1667 4754; x_wconf 88' lang='lat' dir='ltr'><strong>nascuntur</strong></span> <span class='ocrx_word' id='word_1_732' title='bbox 1693 4700 1876 4769; x_wconf 81' lang='lat' dir='ltr'><strong>spicae,</strong></span> <span class='ocrx_word' id='word_1_733' title='bbox 1903 4699 2067 4755; x_wconf 86' lang='lat' dir='ltr'><strong>boves</strong></span> 
     </span>
    </p>
   </div>
   <div class='ocr_carea' id='block_1_93' title="bbox 489 4793 2069 4868">
    <p class='ocr_par' dir='ltr' id='par_1_93' title="bbox 489 4793 2069 4868">
     <span class='ocr_line' id='line_1_93' title="bbox 489 4793 2069 4868; baseline -0.001 -17"><span class='ocrx_word' id='word_1_734' title='bbox 489 4811 725 4868; x_wconf 90' lang='lat' dir='ltr'><strong>quorum</strong></span> <span class='ocrx_word' id='word_1_735' title='bbox 745 4794 991 4865; x_wconf 86' lang='lat' dir='ltr'><strong>operatio</strong></span> <span class='ocrx_word' id='word_1_736' title='bbox 1012 4793 1200 4863; x_wconf 79' lang='lat' dir='ltr'><strong>fruges</strong></span> <span class='ocrx_word' id='word_1_737' title='bbox 1228 4802 1377 4860; x_wconf 90' lang='lat' dir='ltr'><strong>sunt,</strong></span> <span class='ocrx_word' id='word_1_738' title='bbox 1414 4802 1467 4847; x_wconf 91' lang='lat' dir='ltr'><strong>et</strong></span> <span class='ocrx_word' id='word_1_739' title='bbox 1496 4793 1662 4862; x_wconf 61' lang='lat' dir='ltr'><strong>spicae</strong></span> <span class='ocrx_word' id='word_1_740' title='bbox 1689 4793 1848 4849; x_wconf 90' lang='lat' dir='ltr'><strong>boum</strong></span> <span class='ocrx_word' id='word_1_741' title='bbox 1875 4795 2069 4849; x_wconf 86' lang='lat' dir='ltr'><strong>nativi-</strong></span> 
     </span>
    </p>
   </div>
   <div class='ocr_carea' id='block_1_94' title="bbox 493 4886 2070 4956">
    <p class='ocr_par' dir='ltr' id='par_1_94' title="bbox 493 4886 2070 4956">
     <span class='ocr_line' id='line_1_94' title="bbox 493 4886 2070 4956; baseline -0.003 -11"><span class='ocrx_word' id='word_1_742' title='bbox 493 4901 667 4956; x_wconf 71' lang='lat' dir='ltr'><strong>tates;</strong></span> <span class='ocrx_word' id='word_1_743' title='bbox 728 4896 947 4956; x_wconf 86' lang='lat' dir='ltr'><strong>accepta</strong></span> <span class='ocrx_word' id='word_1_744' title='bbox 1004 4886 1220 4956; x_wconf 91' lang='lat' dir='ltr'><strong>quidem</strong></span> <span class='ocrx_word' id='word_1_745' title='bbox 1270 4895 1397 4940; x_wconf 89' lang='lat' dir='ltr'><strong>sunt</strong></span> <span class='ocrx_word' id='word_1_746' title='bbox 1444 4887 1628 4952; x_wconf 87' lang='lat' dir='ltr'><strong>varie,</strong></span> <span class='ocrx_word' id='word_1_747' title='bbox 1679 4888 2070 4941; x_wconf 90' lang='lat' dir='ltr'><strong>annuntiarunt</strong></span> 
     </span>
    </p>
   </div>
   <div class='ocr_carea' id='block_1_95' title="bbox 491 4978 2072 5047">
    <p class='ocr_par' dir='ltr' id='par_1_95' title="bbox 491 4978 2072 5047">
     <span class='ocr_line' id='line_1_95' title="bbox 491 4978 2072 5047; baseline -0.003 -10"><span class='ocrx_word' id='word_1_748' title='bbox 491 4993 673 5038; x_wconf 87' lang='lat' dir='ltr'><strong>autem</strong></span> <span class='ocrx_word' id='word_1_749' title='bbox 712 4978 927 5035; x_wconf 77' lang='lat' dir='ltr'><strong>eﬂ‘ectu.</strong></span> <span class='ocrx_word' id='word_1_750' title='bbox 978 4978 1143 5033; x_wconf 87' lang='lat' dir='ltr'><strong>Putas</strong></span> <span class='ocrx_word' id='word_1_751' title='bbox 1178 4992 1308 5047; x_wconf 88' lang='lat' dir='ltr'><strong>ergo</strong></span> <span class='ocrx_word' id='word_1_752' title='bbox 1362 4978 1572 5033; x_wconf 88' lang='lat' dir='ltr'><strong>fructus</strong></span> <span class='ocrx_word' id='word_1_753' title='bbox 1620 4980 1774 5034; x_wconf 90' lang='lat' dir='ltr'><strong>bovis</strong></span> <span class='ocrx_word' id='word_1_754' title='bbox 1824 4989 1941 5045; x_wconf 92' lang='lat' dir='ltr'><strong>est,</strong></span> <span class='ocrx_word' id='word_1_755' title='bbox 1978 4989 2072 5033; x_wconf 88' lang='lat' dir='ltr'><strong>aut</strong></span> 
     </span>
    </p>
   </div>
   <div class='ocr_carea' id='block_1_96' title="bbox 492 5068 2071 5145">
    <p class='ocr_par' dir='ltr' id='par_1_96' title="bbox 492 5068 2071 5145">
     <span class='ocr_line' id='line_1_96' title="bbox 492 5068 2071 5145; baseline -0.004 -15"><span class='ocrx_word' id='word_1_756' title='bbox 492 5075 655 5145; x_wconf 77' lang='lat' dir='ltr'><strong>spicae</strong></span> <span class='ocrx_word' id='word_1_757' title='bbox 702 5072 914 5126; x_wconf 82' lang='lat' dir='ltr'><strong>annos?</strong></span> <span class='ocrx_word' id='word_1_758' title='bbox 949 5068 1052 5124; x_wconf 90' lang='lat' dir='ltr'><strong>Sed</strong></span> <span class='ocrx_word' id='word_1_759' title='bbox 1087 5071 1188 5123; x_wconf 88' lang='lat' dir='ltr'><strong>alia</strong></span> <span class='ocrx_word' id='word_1_760' title='bbox 1234 5071 1451 5138; x_wconf 89' lang='lat' dir='ltr'><strong>quidem</strong></span> <span class='ocrx_word' id='word_1_761' title='bbox 1489 5080 1615 5124; x_wconf 88' lang='lat' dir='ltr'><strong>sunt</strong></span> <span class='ocrx_word' id='word_1_762' title='bbox 1646 5086 1765 5141; x_wconf 76' lang='lat' dir='ltr'><strong>qua:</strong></span> <span class='ocrx_word' id='word_1_763' title='bbox 1798 5069 2071 5135; x_wconf 89' lang='lat' dir='ltr'><strong>videntur,</strong></span> 
     </span>
    </p>
   </div>
   <div class='ocr_carea' id='block_1_97' title="bbox 496 5156 2073 5232">
    <p class='ocr_par' dir='ltr' id='par_1_97' title="bbox 496 5156 2073 5232">
     <span class='ocr_line' id='line_1_97' title="bbox 496 5156 2073 5232; baseline -0.004 -15"><span class='ocrx_word' id='word_1_764' title='bbox 496 5166 601 5220; x_wconf 88' lang='lat' dir='ltr'><strong>alia</strong></span> <span class='ocrx_word' id='word_1_765' title='bbox 640 5172 820 5217; x_wconf 86' lang='lat' dir='ltr'><strong>autem</strong></span> <span class='ocrx_word' id='word_1_766' title='bbox 852 5178 971 5232; x_wconf 66' lang='lat' dir='ltr'><strong>quae</strong></span> <span class='ocrx_word' id='word_1_767' title='bbox 998 5160 1416 5215; x_wconf 84' lang='lat' dir='ltr'><strong>annuntiantur.</strong></span> <span class='ocrx_word' id='word_1_768' title='bbox 1444 5156 1645 5223; x_wconf 85' lang='lat' dir='ltr'><strong>Joseph</strong></span> <span class='ocrx_word' id='word_1_769' title='bbox 1680 5166 1861 5211; x_wconf 88' lang='lat' dir='ltr'><strong>autem</strong></span> <span class='ocrx_word' id='word_1_770' title='bbox 1899 5158 2073 5211; x_wconf 86' lang='lat' dir='ltr'><strong>Inani-</strong></span> 
     </span>
    </p>
   </div>
   <div class='ocr_carea' id='block_1_98' title="bbox 495 5248 2075 5326">
    <p class='ocr_par' dir='ltr' id='par_1_98' title="bbox 495 5248 2075 5326">
     <span class='ocr_line' id='line_1_98' title="bbox 495 5248 2075 5326; baseline -0.004 -19"><span class='ocrx_word' id='word_1_771' title='bbox 495 5256 651 5326; x_wconf 85' lang='lat' dir='ltr'><strong>pulos</strong></span> <span class='ocrx_word' id='word_1_772' title='bbox 694 5254 823 5311; x_wconf 91' lang='lat' dir='ltr'><strong>vidit</strong></span> <span class='ocrx_word' id='word_1_773' title='bbox 862 5272 874 5307; x_wconf 90' lang='lat'><strong>:</strong></span> <span class='ocrx_word' id='word_1_774' title='bbox 912 5268 1092 5308; x_wconf 90' lang='lat' dir='ltr'><strong>nonne</strong></span> <span class='ocrx_word' id='word_1_775' title='bbox 1146 5251 1405 5307; x_wconf 87' lang='lat' dir='ltr'><strong>deberent</strong></span> <span class='ocrx_word' id='word_1_776' title='bbox 1448 5259 1504 5303; x_wconf 90' lang='lat' dir='ltr'><strong>et</strong></span> <span class='ocrx_word' id='word_1_777' title='bbox 1564 5249 1686 5303; x_wconf 87' lang='lat' dir='ltr'><strong>istic</strong></span> <span class='ocrx_word' id='word_1_778' title='bbox 1724 5248 1852 5303; x_wconf 89' lang='lat' dir='ltr'><strong>anni</strong></span> <span class='ocrx_word' id='word_1_779' title='bbox 1915 5249 2075 5303; x_wconf 84' lang='lat' dir='ltr'><strong>esse?</strong></span> 
     </span>
    </p>
   </div>
   <div class='ocr_carea' id='block_1_99' title="bbox 498 5337 2074 5407">
    <p class='ocr_par' dir='ltr' id='par_1_99' title="bbox 498 5337 2074 5407">
     <span class='ocr_line' id='line_1_99' title="bbox 498 5337 2074 5407; baseline -0.005 -7"><span class='ocrx_word' id='word_1_780' title='bbox 498 5350 604 5402; x_wconf 88' lang='lat' dir='ltr'><strong>Sed</strong></span> <span class='ocrx_word' id='word_1_781' title='bbox 637 5348 712 5401; x_wconf 89' lang='lat' dir='ltr'><strong>ait</strong></span> <span class='ocrx_word' id='word_1_782' title='bbox 746 5364 760 5399; x_wconf 90' lang='lat'><strong>:</strong></span> <span class='ocrx_word' id='word_1_783' title='bbox 794 5344 1084 5401; x_wconf 81' lang='lat' dir='ltr'><strong>Somniavit</strong></span> <span class='ocrx_word' id='word_1_784' title='bbox 1120 5354 1295 5395; x_wconf 80' lang='lat' dir='ltr'><strong>autem</strong></span> <span class='ocrx_word' id='word_1_785' title='bbox 1324 5342 1583 5394; x_wconf 80' lang='lat' dir='ltr'><strong>somnium</strong></span> <span class='ocrx_word' id='word_1_786' title='bbox 1607 5337 1823 5407; x_wconf 78' lang='lat' dir='ltr'><strong>Ioseph,</strong></span> <span class='ocrx_word' id='word_1_787' title='bbox 1851 5348 1897 5391; x_wconf 88' lang='lat' dir='ltr'><strong>et</strong></span> <span class='ocrx_word' id='word_1_788' title='bbox 1931 5347 2074 5392; x_wconf 85' lang='lat' dir='ltr'><strong>retu-</strong></span> 
     </span>
    </p>
   </div>
   <div class='ocr_carea' id='block_1_100' title="bbox 498 5431 2074 5508">
    <p class='ocr_par' dir='ltr' id='par_1_100' title="bbox 498 5431 2074 5508">
     <span class='ocr_line' id='line_1_100' title="bbox 498 5431 2074 5508; baseline -0.004 -17"><span class='ocrx_word' id='word_1_789' title='bbox 498 5439 559 5492; x_wconf 88' lang='lat' dir='ltr'><strong>lit</strong></span> <span class='ocrx_word' id='word_1_790' title='bbox 586 5440 838 5508; x_wconf 74' lang='lat' dir='ltr'><strong>fratribus</strong></span> <span class='ocrx_word' id='word_1_791' title='bbox 876 5437 1009 5501; x_wconf 85' lang='lat' dir='ltr'><strong>suis,</strong></span> <span class='ocrx_word' id='word_1_792' title='bbox 1053 5446 1102 5488; x_wconf 87' lang='lat' dir='ltr'><strong>et</strong></span> <span class='ocrx_word' id='word_1_793' title='bbox 1127 5434 1263 5486; x_wconf 70' lang='lat' dir='ltr'><strong>dixit</strong></span> <span class='ocrx_word' id='word_1_794' title='bbox 1290 5433 1364 5485; x_wconf 84' lang='lat' dir='ltr'><strong>eis</strong></span> <span class='ocrx_word' id='word_1_795' title='bbox 1413 5432 1639 5485; x_wconf 76' lang='lat' dir='ltr'><strong>:Audite</strong></span> <span class='ocrx_word' id='word_1_796' title='bbox 1672 5433 1934 5485; x_wconf 85' lang='lat' dir='ltr'><strong>somnium</strong></span> <span class='ocrx_word' id='word_1_797' title='bbox 1976 5431 2074 5484; x_wconf 84' lang='lat' dir='ltr'><strong>Itoc</strong></span> 
     </span>
    </p>
   </div>
   <div class='ocr_carea' id='block_1_101' title="bbox 498 5519 2075 5598">
    <p class='ocr_par' dir='ltr' id='par_1_101' title="bbox 498 5519 2075 5598">
     <span class='ocr_line' id='line_1_101' title="bbox 498 5519 2075 5598; baseline -0.006 -17"><span class='ocrx_word' id='word_1_798' title='bbox 498 5530 636 5598; x_wconf 82' lang='lat' dir='ltr'><strong>quod</strong></span> <span class='ocrx_word' id='word_1_799' title='bbox 670 5528 947 5582; x_wconf 74' lang='lat' dir='ltr'><strong>somniavi.</strong></span> <span class='ocrx_word' id='word_1_800' title='bbox 993 5523 1263 5578; x_wconf 84' lang='lat' dir='ltr'><strong>Putabam</strong></span> <span class='ocrx_word' id='word_1_801' title='bbox 1294 5538 1387 5575; x_wconf 90' lang='lat' dir='ltr'><strong>nos</strong></span> <span class='ocrx_word' id='word_1_802' title='bbox 1423 5520 1643 5589; x_wconf 72' lang='lat' dir='ltr'><strong>alligare</strong></span> <span class='ocrx_word' id='word_1_803' title='bbox 1681 5519 1976 5587; x_wconf 78' lang='lat' dir='ltr'><strong>manipulos</strong></span> <span class='ocrx_word' id='word_1_804' title='bbox 2020 5521 2075 5572; x_wconf 89' lang='lat' dir='ltr'><strong>in</strong></span> 
     </span>
    </p>
   </div>
   <div class='ocr_carea' id='block_1_102' title="bbox 571 5638 1619 5706">
    <p class='ocr_par' dir='ltr' id='par_1_102' title="bbox 571 5638 1619 5706">
     <span class='ocr_line' id='line_1_102' title="bbox 571 5638 1619 5706; baseline -0.01 -6"><span class='ocrx_word' id='word_1_805' title='bbox 571 5647 615 5678; x_wconf 78' lang='grc'><strong><em>⁸⁸</em></strong></span> <span class='ocrx_word' id='word_1_806' title='bbox 640 5646 775 5699; x_wconf 86' lang='lat' dir='ltr'><strong>Gcn.</strong></span> <span class='ocrx_word' id='word_1_807' title='bbox 809 5660 1016 5706; x_wconf 78' lang='lat' dir='ltr'><strong>xxxvii,</strong></span> <span class='ocrx_word' id='word_1_808' title='bbox 1047 5642 1097 5695; x_wconf 84' lang='lat'><strong>5.</strong></span> <span class='ocrx_word' id='word_1_809' title='bbox 1175 5640 1221 5672; x_wconf 85' lang='lat'><strong>”</strong></span> <span class='ocrx_word' id='word_1_810' title='bbox 1253 5640 1351 5693; x_wconf 88' lang='lat' dir='ltr'><strong>lsa.</strong></span> <span class='ocrx_word' id='word_1_811' title='bbox 1382 5655 1531 5700; x_wconf 74' lang='lat' dir='ltr'><strong>xxix,</strong></span> <span class='ocrx_word' id='word_1_812' title='bbox 1568 5638 1619 5690; x_wconf 92' lang='lat'><strong>8.</strong></span> 
     </span>
    </p>
   </div>
   <div class='ocr_carea' id='block_1_103' title="bbox 571 5760 2074 5835">
    <p class='ocr_par' dir='ltr' id='par_1_103' title="bbox 571 5760 2074 5835">
     <span class='ocr_line' id='line_1_103' title="bbox 571 5760 2074 5835; baseline -0.005 -15"><span class='ocrx_word' id='word_1_813' title='bbox 571 5768 683 5835; x_wconf 80' lang='lat'><strong>(79)</strong></span> <span class='ocrx_word' id='word_1_814' title='bbox 715 5764 846 5819; x_wconf 89' lang='lat' dir='ltr'><strong>Cum</strong></span> <span class='ocrx_word' id='word_1_815' title='bbox 881 5764 1203 5835; x_wconf 60' lang='lat' dir='ltr'><strong>poenitentia.</strong></span> <span class='ocrx_word' id='word_1_816' title='bbox 1229 5761 1508 5835; x_wconf 69' lang='lat' dir='ltr'><strong>interpres</strong></span> <span class='ocrx_word' id='word_1_817' title='bbox 1540 5760 1752 5835; x_wconf 81' lang='lat' dir='ltr'><strong>videtur</strong></span> <span class='ocrx_word' id='word_1_818' title='bbox 1788 5760 2074 5830; x_wconf 81' lang='grc' dir='ltr'><strong>μετάνοιαν</strong></span> 
     </span>
    </p>
   </div>
   <div class='ocr_carea' id='block_1_104' title="bbox 502 5830 1877 5907">
    <p class='ocr_par' dir='ltr' id='par_1_104' title="bbox 502 5830 1877 5907">
     <span class='ocr_line' id='line_1_104' title="bbox 502 5830 1877 5907; baseline -0.007 -16"><span class='ocrx_word' id='word_1_819' title='bbox 502 5830 858 5907; x_wconf 57' lang='grc' dir='ltr'><strong>ραήὸιεηίὶαηι</strong></span> <span class='ocrx_word' id='word_1_820' title='bbox 882 5833 1075 5907; x_wconf 74' lang='lat' dir='ltr'><strong>legisse</strong></span> <span class='ocrx_word' id='word_1_821' title='bbox 1100 5831 1463 5907; x_wconf 69' lang='lat' dir='ltr'><strong>pro_6:dv0tatv</strong></span> <span class='ocrx_word' id='word_1_822' title='bbox 1492 5830 1877 5907; x_wconf 63' lang='lat' dir='ltr'><strong>cogitationem.</strong></span> 
     </span>
    </p>
   </div>
   <div class='ocr_carea' id='block_1_105' title="bbox 578 5898 2077 5977">
    <p class='ocr_par' dir='ltr' id='par_1_105' title="bbox 578 5898 2077 5977">
     <span class='ocr_line' id='line_1_105' title="bbox 578 5898 2077 5977; baseline -0.003 -18"><span class='ocrx_word' id='word_1_823' title='bbox 578 5906 688 5977; x_wconf 82' lang='lat'><strong>(80)</strong></span> <span class='ocrx_word' id='word_1_824' title='bbox 724 5898 1115 5960; x_wconf 70' lang='lat' dir='ltr'><strong>Paenitentiam.</strong></span> <span class='ocrx_word' id='word_1_825' title='bbox 1151 5900 1245 5957; x_wconf 83' lang='lat' dir='ltr'><strong>Hic</strong></span> <span class='ocrx_word' id='word_1_826' title='bbox 1278 5915 1491 5971; x_wconf 88' lang='lat' dir='ltr'><strong>quoque</strong></span> <span class='ocrx_word' id='word_1_827' title='bbox 1525 5898 1760 5955; x_wconf 68' lang='grc' dir='ltr'><strong>διάνοιαν</strong></span> <span class='ocrx_word' id='word_1_828' title='bbox 1804 5902 2077 5971; x_wconf 83' lang='lat' dir='ltr'><strong>cogitatio-</strong></span> 
     </span>
    </p>
   </div>
   <div class='ocr_carea' id='block_1_106' title="bbox 2175 4705 3752 4777">
    <p class='ocr_par' dir='ltr' id='par_1_106' title="bbox 2175 4705 3752 4777">
     <span class='ocr_line' id='line_1_106' title="bbox 2175 4705 3752 4777; baseline 0 -18"><span class='ocrx_word' id='word_1_829' title='bbox 2175 4705 2291 4760; x_wconf 76' lang='lat' dir='ltr'><strong>istae</strong></span> <span class='ocrx_word' id='word_1_830' title='bbox 2325 4706 2670 4768; x_wconf 88' lang='lat' dir='ltr'><strong>ambitiones,</strong></span> <span class='ocrx_word' id='word_1_831' title='bbox 2721 4707 2865 4761; x_wconf 91' lang='lat' dir='ltr'><strong>sicut</strong></span> <span class='ocrx_word' id='word_1_832' title='bbox 2898 4706 3028 4761; x_wconf 89' lang='lat' dir='ltr'><strong>dicit</strong></span> <span class='ocrx_word' id='word_1_833' title='bbox 3074 4705 3241 4760; x_wconf 86' lang='lat' dir='ltr'><strong>Isaias</strong></span> <span class='ocrx_word' id='word_1_834' title='bbox 3276 4722 3290 4758; x_wconf 91' lang='lat'><strong>:</strong></span> <span class='ocrx_word' id='word_1_835' title='bbox 3322 4705 3471 4761; x_wconf 81' lang='lat' dir='ltr'><strong>Sicut</strong></span> <span class='ocrx_word' id='word_1_836' title='bbox 3500 4709 3594 4777; x_wconf 82' lang='lat' dir='ltr'><strong>qui</strong></span> <span class='ocrx_word' id='word_1_837' title='bbox 3624 4708 3752 4761; x_wconf 75' lang='lat' dir='ltr'><strong>vidit</strong></span> 
     </span>
    </p>
   </div>
   <div class='ocr_carea' id='block_1_107' title="bbox 2176 4799 3749 4868">
    <p class='ocr_par' dir='ltr' id='par_1_107' title="bbox 2176 4799 3749 4868">
     <span class='ocr_line' id='line_1_107' title="bbox 2176 4799 3749 4868; baseline 0.001 -18"><span class='ocrx_word' id='word_1_838' title='bbox 2176 4800 2508 4867; x_wconf 79' lang='lat' dir='ltr'><strong>semetipsum</strong></span> <span class='ocrx_word' id='word_1_839' title='bbox 2550 4799 2953 4853; x_wconf 86' lang='lat' dir='ltr'><strong>manducantem</strong></span> <span class='ocrx_word' id='word_1_840' title='bbox 2977 4815 3068 4868; x_wconf 86' lang='lat' dir='ltr'><strong>per</strong></span> <span class='ocrx_word' id='word_1_841' title='bbox 3089 4817 3327 4854; x_wconf 86' lang='lat' dir='ltr'><strong>somnum</strong></span> <span class='ocrx_word' id='word_1_842' title='bbox 3350 4811 3437 4853; x_wconf 90' lang='lat' dir='ltr'><strong>aut</strong></span> <span class='ocrx_word' id='word_1_843' title='bbox 3470 4799 3749 4863; x_wconf 78' lang='lat' dir='ltr'><strong>bibentem,</strong></span> 
     </span>
    </p>
   </div>
   <div class='ocr_carea' id='block_1_108' title="bbox 2177 4888 3754 4957">
    <p class='ocr_par' dir='ltr' id='par_1_108' title="bbox 2177 4888 3754 4957">
     <span class='ocr_line' id='line_1_108' title="bbox 2177 4888 3754 4957; baseline 0.003 -17"><span class='ocrx_word' id='word_1_844' title='bbox 2177 4888 2428 4957; x_wconf 83' lang='lat' dir='ltr'><strong>euigilans</strong></span> <span class='ocrx_word' id='word_1_845' title='bbox 2463 4900 2637 4943; x_wconf 88' lang='lat' dir='ltr'><strong>autem</strong></span> <span class='ocrx_word' id='word_1_846' title='bbox 2681 4890 2854 4943; x_wconf 81' lang='lat' dir='ltr'><strong>adhuc</strong></span> <span class='ocrx_word' id='word_1_847' title='bbox 2896 4891 3058 4944; x_wconf 86' lang='lat' dir='ltr'><strong>esurit</strong></span> <span class='ocrx_word' id='word_1_848' title='bbox 3087 4901 3178 4944; x_wconf 89' lang='lat' dir='ltr'><strong>aut</strong></span> <span class='ocrx_word' id='word_1_849' title='bbox 3210 4891 3320 4944; x_wconf 87' lang='lat' dir='ltr'><strong>sitit</strong></span> <span class='ocrx_word' id='word_1_850' title='bbox 3354 4891 3419 4943; x_wconf 83' lang='lat'><strong>”.</strong></span> <span class='ocrx_word' id='word_1_851' title='bbox 3460 4891 3596 4945; x_wconf 88' lang='lat' dir='ltr'><strong>Cum</strong></span> <span class='ocrx_word' id='word_1_852' title='bbox 3637 4907 3754 4945; x_wconf 82' lang='lat' dir='ltr'><strong>rna-</strong></span> 
     </span>
    </p>
   </div>
   <div class='ocr_carea' id='block_1_109' title="bbox 2181 4979 3755 5053">
    <p class='ocr_par' dir='ltr' id='par_1_109' title="bbox 2181 4979 3755 5053">
     <span class='ocr_line' id='line_1_109' title="bbox 2181 4979 3755 5053; baseline 0.003 -21"><span class='ocrx_word' id='word_1_853' title='bbox 2181 4979 2327 5035; x_wconf 87' lang='lat' dir='ltr'><strong>xime</strong></span> <span class='ocrx_word' id='word_1_854' title='bbox 2359 4980 2459 5034; x_wconf 90' lang='lat' dir='ltr'><strong>visi</strong></span> <span class='ocrx_word' id='word_1_855' title='bbox 2493 4995 2679 5036; x_wconf 90' lang='lat' dir='ltr'><strong>sumus</strong></span> <span class='ocrx_word' id='word_1_856' title='bbox 2708 4981 3008 5036; x_wconf 77' lang='lat' dir='ltr'><strong>exsolvisse</strong></span> <span class='ocrx_word' id='word_1_857' title='bbox 3036 4990 3089 5036; x_wconf 89' lang='lat' dir='ltr'><strong>et</strong></span> <span class='ocrx_word' id='word_1_858' title='bbox 3121 4982 3221 5037; x_wconf 88' lang='lat' dir='ltr'><strong>ista</strong></span> <span class='ocrx_word' id='word_1_859' title='bbox 3245 5024 3259 5046; x_wconf 89' lang='lat'><strong>,</strong></span> <span class='ocrx_word' id='word_1_860' title='bbox 3291 4994 3343 5037; x_wconf 89' lang='lat' dir='ltr'><strong>et</strong></span> <span class='ocrx_word' id='word_1_861' title='bbox 3382 4983 3755 5053; x_wconf 82' lang='lat' dir='ltr'><strong>unusquisque</strong></span> 
     </span>
    </p>
   </div>
   <div class='ocr_carea' id='block_1_110' title="bbox 2183 5072 3751 5147">
    <p class='ocr_par' dir='ltr' id='par_1_110' title="bbox 2183 5072 3751 5147">
     <span class='ocr_line' id='line_1_110' title="bbox 2183 5072 3751 5147; baseline 0.002 -22"><span class='ocrx_word' id='word_1_862' title='bbox 2183 5072 2516 5126; x_wconf 88' lang='lat' dir='ltr'><strong>audientium</strong></span> <span class='ocrx_word' id='word_1_863' title='bbox 2538 5074 2652 5143; x_wconf 86' lang='lat' dir='ltr'><strong>jam</strong></span> <span class='ocrx_word' id='word_1_864' title='bbox 2689 5090 2841 5130; x_wconf 88' lang='lat' dir='ltr'><strong>suam</strong></span> <span class='ocrx_word' id='word_1_865' title='bbox 2875 5075 3143 5132; x_wconf 87' lang='lat' dir='ltr'><strong>refecerat</strong></span> <span class='ocrx_word' id='word_1_866' title='bbox 3186 5087 3418 5131; x_wconf 87' lang='lat' dir='ltr'><strong>mentem</strong></span> <span class='ocrx_word' id='word_1_867' title='bbox 3442 5117 3456 5141; x_wconf 91' lang='lat'><strong>,</strong></span> <span class='ocrx_word' id='word_1_868' title='bbox 3496 5086 3751 5147; x_wconf 83' lang='lat' dir='ltr'><strong>tanquam</strong></span> 
     </span>
    </p>
   </div>
   <div class='ocr_carea' id='block_1_111' title="bbox 2185 5162 3752 5237">
    <p class='ocr_par' dir='ltr' id='par_1_111' title="bbox 2185 5162 3752 5237">
     <span class='ocr_line' id='line_1_111' title="bbox 2185 5162 3752 5237; baseline 0.005 -22"><span class='ocrx_word' id='word_1_869' title='bbox 2185 5162 2456 5219; x_wconf 90' lang='lat' dir='ltr'><strong>solutione</strong></span> <span class='ocrx_word' id='word_1_870' title='bbox 2487 5165 2707 5220; x_wconf 89' lang='lat' dir='ltr'><strong>inventa</strong></span> <span class='ocrx_word' id='word_1_871' title='bbox 2736 5167 3171 5223; x_wconf 90' lang='lat' dir='ltr'><strong>etsollicitudine</strong></span> <span class='ocrx_word' id='word_1_872' title='bbox 3199 5167 3402 5232; x_wconf 88' lang='lat' dir='ltr'><strong>soluta;</strong></span> <span class='ocrx_word' id='word_1_873' title='bbox 3429 5167 3607 5222; x_wconf 90' lang='lat' dir='ltr'><strong>subito</strong></span> <span class='ocrx_word' id='word_1_874' title='bbox 3636 5183 3752 5237; x_wconf 75' lang='lat' dir='ltr'><strong>qua</strong></span> 
     </span>
    </p>
   </div>
   <div class='ocr_carea' id='block_1_112' title="bbox 2184 5258 3751 5324">
    <p class='ocr_par' dir='ltr' id='par_1_112' title="bbox 2184 5258 3751 5324">
     <span class='ocr_line' id='line_1_112' title="bbox 2184 5258 3751 5324; baseline 0.003 -16"><span class='ocrx_word' id='word_1_875' title='bbox 2184 5264 2381 5324; x_wconf 65' lang='lat' dir='ltr'><strong>putata‘</strong></span> <span class='ocrx_word' id='word_1_876' title='bbox 2408 5267 2536 5311; x_wconf 89' lang='lat' dir='ltr'><strong>sunt</strong></span> <span class='ocrx_word' id='word_1_877' title='bbox 2560 5258 2796 5314; x_wconf 85' lang='lat' dir='ltr'><strong>visiones</strong></span> <span class='ocrx_word' id='word_1_878' title='bbox 2828 5260 3058 5315; x_wconf 90' lang='lat' dir='ltr'><strong>somniis</strong></span> <span class='ocrx_word' id='word_1_879' title='bbox 3086 5258 3355 5324; x_wconf 71' lang='lat' dir='ltr'><strong>revelatae,</strong></span> <span class='ocrx_word' id='word_1_880' title='bbox 3381 5259 3577 5313; x_wconf 89' lang='lat' dir='ltr'><strong>iterum</strong></span> <span class='ocrx_word' id='word_1_881' title='bbox 3599 5259 3751 5314; x_wconf 89' lang='lat' dir='ltr'><strong>nobis</strong></span> 
     </span>
    </p>
   </div>
   <div class='ocr_carea' id='block_1_113' title="bbox 2183 5348 3750 5421">
    <p class='ocr_par' dir='ltr' id='par_1_113' title="bbox 2183 5348 3750 5421">
     <span class='ocr_line' id='line_1_113' title="bbox 2183 5348 3750 5421; baseline 0.001 -20"><span class='ocrx_word' id='word_1_882' title='bbox 2183 5348 2626 5404; x_wconf 84' lang='lat' dir='ltr'><strong>constrinxerunt</strong></span> <span class='ocrx_word' id='word_1_883' title='bbox 2696 5350 2911 5405; x_wconf 87' lang='lat' dir='ltr'><strong>vincula</strong></span> <span class='ocrx_word' id='word_1_884' title='bbox 2968 5353 3322 5419; x_wconf 72' lang='lat' dir='ltr'><strong>quasstionum</strong></span> <span class='ocrx_word' id='word_1_885' title='bbox 3356 5390 3372 5416; x_wconf 93' lang='lat'><strong>,</strong></span> <span class='ocrx_word' id='word_1_886' title='bbox 3444 5360 3499 5405; x_wconf 85' lang='lat' dir='ltr'><strong>et</strong></span> <span class='ocrx_word' id='word_1_887' title='bbox 3546 5361 3750 5421; x_wconf 84' lang='lat' dir='ltr'><strong>tempus</strong></span> 
     </span>
    </p>
   </div>
   <div class='ocr_carea' id='block_1_114' title="bbox 2184 5438 3748 5512">
    <p class='ocr_par' dir='ltr' id='par_1_114' title="bbox 2184 5438 3748 5512">
     <span class='ocr_line' id='line_1_114' title="bbox 2184 5438 3748 5512; baseline 0.002 -23"><span class='ocrx_word' id='word_1_888' title='bbox 2184 5438 2974 5506; x_wconf 85' lang='lat' dir='ltr'><strong>apprehendittaciturnitatis.</strong></span> <span class='ocrx_word' id='word_1_889' title='bbox 3025 5440 3188 5497; x_wconf 86' lang='lat' dir='ltr'><strong>Forte</strong></span> <span class='ocrx_word' id='word_1_890' title='bbox 3231 5458 3334 5497; x_wconf 87' lang='lat' dir='ltr'><strong>non</strong></span> <span class='ocrx_word' id='word_1_891' title='bbox 3384 5444 3748 5512; x_wconf 88' lang='lat' dir='ltr'><strong>importunum</strong></span> 
     </span>
    </p>
   </div>
   <div class='ocr_carea' id='block_1_115' title="bbox 2188 5530 3748 5603">
    <p class='ocr_par' dir='ltr' id='par_1_115' title="bbox 2188 5530 3748 5603">
     <span class='ocr_line' id='line_1_115' title="bbox 2188 5530 3748 5603; baseline 0.004 -25"><span class='ocrx_word' id='word_1_892' title='bbox 2188 5535 2399 5597; x_wconf 89' lang='lat' dir='ltr'><strong>tempus</strong></span> <span class='ocrx_word' id='word_1_893' title='bbox 2435 5544 2607 5599; x_wconf 86' lang='lat' dir='ltr'><strong>neque</strong></span> <span class='ocrx_word' id='word_1_894' title='bbox 2639 5531 2829 5587; x_wconf 91' lang='lat' dir='ltr'><strong>inutile</strong></span> <span class='ocrx_word' id='word_1_895' title='bbox 2858 5540 2963 5587; x_wconf 90' lang='lat' dir='ltr'><strong>est.</strong></span> <span class='ocrx_word' id='word_1_896' title='bbox 3007 5530 3062 5586; x_wconf 87' lang='lat' dir='ltr'><strong>Si</strong></span> <span class='ocrx_word' id='word_1_897' title='bbox 3094 5532 3237 5587; x_wconf 89' lang='lat' dir='ltr'><strong>enim</strong></span> <span class='ocrx_word' id='word_1_898' title='bbox 3282 5545 3337 5588; x_wconf 91' lang='lat' dir='ltr'><strong>et</strong></span> <span class='ocrx_word' id='word_1_899' title='bbox 3363 5534 3581 5603; x_wconf 85' lang='lat' dir='ltr'><strong>quidam</strong></span> <span class='ocrx_word' id='word_1_900' title='bbox 3612 5546 3748 5601; x_wconf 69' lang='lat' dir='ltr'><strong>prae-</strong></span> 
     </span>
    </p>
   </div>
   <div class='ocr_carea' id='block_1_116' title="bbox 2184 5761 3748 5835">
    <p class='ocr_par' dir='ltr' id='par_1_116' title="bbox 2184 5761 3748 5835">
     <span class='ocr_line' id='line_1_116' title="bbox 2184 5761 3748 5835; baseline -0.001 -19"><span class='ocrx_word' id='word_1_901' title='bbox 2184 5778 2299 5835; x_wconf 80' lang='lat' dir='ltr'><strong>nem</strong></span> <span class='ocrx_word' id='word_1_902' title='bbox 2338 5762 2516 5835; x_wconf 83' lang='lat' dir='ltr'><strong>potius</strong></span> <span class='ocrx_word' id='word_1_903' title='bbox 2544 5778 2705 5831; x_wconf 93' lang='lat' dir='ltr'><strong>quam</strong></span> <span class='ocrx_word' id='word_1_904' title='bbox 2750 5766 3039 5835; x_wconf 78' lang='grc' dir='ltr'><strong>μετάνοιαν</strong></span> <span class='ocrx_word' id='word_1_905' title='bbox 3073 5765 3425 5835; x_wconf 76' lang='grc' dir='ltr'><strong>ρωηὶιεηιὶαηι</strong></span> <span class='ocrx_word' id='word_1_906' title='bbox 3469 5761 3748 5832; x_wconf 67' lang='lat' dir='ltr'><strong>legendum</strong></span> 
     </span>
    </p>
   </div>
   <div class='ocr_carea' id='block_1_117' title="bbox 2184 5832 2613 5891">
    <p class='ocr_par' dir='ltr' id='par_1_117' title="bbox 2184 5832 2613 5891">
     <span class='ocr_line' id='line_1_117' title="bbox 2184 5832 2613 5891; baseline 0.007 -5"><span class='ocrx_word' id='word_1_907' title='bbox 2184 5832 2351 5890; x_wconf 81' lang='lat' dir='ltr'><strong>fuisse</strong></span> <span class='ocrx_word' id='word_1_908' title='bbox 2384 5834 2613 5891; x_wconf 88' lang='lat' dir='ltr'><strong>videtur.</strong></span> 
     </span>
    </p>
   </div>
  </div>
