3956 6522
265 395 403 451 “69

1604 394 1669 450 IN
1714 396 1971 453 MATTH.
2007 398 2075 463 Χ,
2111 399 2197 456 34.

3389 398 3522 452 H70

261 511 497 565 sentiam
523 523 628 577 est,
661 514 750 583 qui
793 514 985 569 horum
1017 514 1296 568 scientiam
1330 528 1427 583 per
1452 522 1664 569 noctem
1704 516 1817 570 acci

1951 520 2064 576 sive
2104 522 2248 575 enim
2279 525 2402 592 quis
2447 524 2667 591 cogitat,
2702 523 2814 575 sive
2839 520 2961 588 quis
2996 520 3232 573 intentus
3266 529 3371 584 est,
3408 519 3522 573 sive

263 619 391 672 pere
427 605 647 674 incipiet
676 616 913 662 tractans
942 618 997 662 et
1043 608 1413 678 repercutiens
1460 609 1723 663 insomnia
1744 649 1759 672 ,
1789 617 1844 663 et

262 710 332 750 ne
378 696 598 765 quidem
641 698 745 769 ipsi
795 713 991 755 somno
1029 700 1354 763 concedens,
1404 697 1543 752 forte
1595 707 1843 754 scrutans

262 804 359 859 per
385 800 596 845 noctem
625 807 746 845 cum
775 794 907 858 otio,
939 800 993 846 et
1023 806 1050 843 a
1084 791 1286 845 lumine
1316 802 1580 847 nocturno
1604 790 1844 855 fulgores

262 881 558 950 accipiens,
608 892 813 952 qua'ret
856 882 1197 937 vinculorum
1244 882 1437 937 horum
1499 882 1838 938 solutiones:

262 984 317 1028 et
348 975 393 1028 si
440 974 651 1042 quidem
688 975 956 1030 invenerit
987 975 1229 1031 lucratus
1266 984 1383 1039 est,
1434 984 1490 1029 et
1527 990 1741 1030 sursum
1787 982 1843 1030 et

260 1068 515 1121 deorsum
551 1078 893 1133 convertens,
930 1078 986 1122 et
1023 1082 1270 1136 quaerens
1310 1076 1364 1121 et
1417 1066 1686 1133 volutans,
1720 1083 1844 1137 per-

258 1159 405 1214 sistit
451 1161 502 1213 in
546 1159 780 1224 incerto,
830 1159 1115 1215 sollicitior
1160 1159 1306 1214 venit
1352 1160 1418 1214 ad
1473 1160 1839 1214 inventionem

261 1250 572 1306 solutionis.
631 1251 756 1305 Scio
805 1259 984 1305 autem
1026 1252 1150 1321 quia
1206 1250 1579 1319 unusquisque
1620 1250 1712 1320 qui
1755 1249 1840 1304 hic

258 1342 490 1408 assistit,
526 1343 717 1396 exiens
748 1341 815 1395 de
848 1343 931 1397 his
958 1342 1174 1411 quidem
1202 1342 1307 1397 erit
1338 1341 1624 1406 sollicitus,
1650 1355 1837 1395 curam

256 1435 463 1488 ventris
509 1450 610 1489 non
642 1434 845 1489 faciens
881 1448 897 1488 :
934 1435 1073 1489 forte
1118 1444 1298 1489 autem
1344 1435 1565 1503 quidam
1606 1442 1661 1487 et
1698 1433 1839 1487 indi-

254 1538 533 1598 gnantur,
588 1529 712 1595 quia
770 1529 1152 1598 protendimus
1211 1543 1562 1593 sermonem;
1620 1528 1834 1597 plurimi

252 1621 398 1675 enim
433 1621 839 1677 obdormientes
883 1634 937 1677 et
980 1624 1032 1678 in
1088 1622 1228 1679 facie
1268 1621 1453 1677 volunt
1497 1636 1563 1676 ex
1610 1621 1834 1675 aliorum

252 1710 529 1766 laboribus
555 1722 610 1766 et
636 1714 925 1769 sudoribus
948 1714 1065 1768 sine
1096 1715 1282 1769 labore
1307 1722 1495 1783 parata
1521 1713 1831 1781 suscipere;

252 1806 296 1858 si
323 1812 503 1857 autem
532 1812 586 1859 et
611 1806 969 1876 susceperint,
1000 1807 1092 1875 qui
1138 1815 1317 1861 autem
1352 1805 1690 1861 adinveniant
1727 1820 1834 1860 non

1946 616 2067 681 quis
2100 616 2441 669 commodum
2477 616 2704 684 accepit,
2736 614 2850 669 sive
2883 612 3004 683 quis
3028 610 3296 667 convertit
3322 626 3521 681 opproo

1946 703 2144 769 brium,
2176 704 2409 773 gaudeo.
2448 702 2506 757 Si
2550 714 2730 758 autem
2758 702 3035 773 negligunt
3063 702 3155 771 qui
3186 700 3431 769 audiunt,
3465 709 3522 757 et

1945 796 2292 853 dissimulant
2322 797 2414 867 qui
2447 797 2731 862 docentur,
2762 812 2923 866 quam
2962 796 3224 849 rationem
3250 794 3401 848 dabit
3427 795 3516 864 qui

1944 889 2268 945 constitutus
2300 897 2387 943 est
2422 890 2701 957 magister,
2747 896 2802 942 et
2848 902 2953 941 non
2983 887 3332 955 quaestiosum
3366 886 3515 949 dicit,

1943 981 2038 1036 sed
2064 994 2183 1050 quae
2223 979 2463 1048 impertit
2490 978 2636 1049 gregi
2674 977 2920 1032 Domini?
2944 977 3276 1048 lmprecatur
3299 975 3515 1045 quidem

1943 1071 2012 1127 ab
2036 1087 2101 1128 eo
2124 1086 2314 1127 omnes
2340 1070 2600 1126 sollicitos
2627 1085 2770 1133 esse,
2808 1079 2862 1122 et
2885 1070 3136 1135 scrutari,
3166 1078 3219 1123 et
3250 1082 3514 1138 quaerere,

1943 1173 1998 1220 et
2027 1173 2232 1228 tenere,
2278 1172 2334 1217 et
2376 1163 2603 1225 discere,
2652 1170 2706 1216 et
2740 1161 3089 1219 fructiﬁcare.
3120 1161 3177 1214 Si
3230 1168 3411 1213 autem
3462 1166 3521 1213 et

1941 1257 2157 1327 quidam
2199 1256 2500 1326 negligant,
2528 1253 2726 1323 quibus
2752 1267 2851 1305 nec
2888 1251 3181 1306 convenire
3210 1248 3517 1305 sollicitudo

1941 1358 2046 1415 est,
2082 1348 2216 1402 nihil
2257 1348 2361 1401 hoc
2395 1347 2461 1401 ad
2493 1361 2577 1400 me
2609 1363 2623 1397 :
2656 1356 2710 1398 et
2747 1355 2896 1397 certe
2924 1343 2988 1396 ad
3019 1357 3135 1408 me;
3176 1342 3344 1412 tangit
3370 1340 3515 1396 enim

1941 1455 2027 1495 me
2056 1448 2110 1494 et
2141 1440 2462 1505 contristat;
2498 1448 2677 1491 tamen
2714 1436 2829 1491 sive
2864 1435 3054 1505 paucis
3086 1434 3318 1488 eflicitur
3339 1447 3517 1488 sermo

1939 1533 2055 1589 sive
2084 1531 2293 1597 multis,
2321 1531 2437 1586 sive
2461 1529 2795 1599 negligentes
2833 1536 2961 1582 sunt
2998 1528 3113 1582 sive
3136 1525 3376 1589 solliciti,
3410 1538 3514 1579 non

1940 1625 2108 1680 debeo
2135 1633 2353 1694 propter
2382 1621 2763 1691 negligentiam
2808 1628 2863 1674 et
2901 1620 3018 1684 ipse
3054 1618 3331 1689 negligens
3368 1617 3517 1671 inve-

1939 1718 2064 1773 niri.
2114 1715 2279 1770 Forte
2332 1723 2513 1768 autem
2565 1712 2782 1780 quidam
2820 1719 2875 1766 et
2928 1711 3255 1766 contendent
3317 1722 3513 1778 expro-

1939 1811 2075 1864 brati
2124 1830 2134 1863 :
2180 1815 2235 1861 et
2293 1807 2341 1862 si
2392 1819 2499 1859 non
2551 1812 2775 1872 propter
2839 1816 3080 1855 amorem
3148 1798 3407 1854 doctrina;
3461 1805 3517 1851 et

251 1895 527 1951 laborant.
578 1896 634 1951 Si
672 1907 855 1952 autem
890 1908 943 1953 et
988 1899 1345 1968 suscipientes
1393 1898 1685 1953 servabunt
1738 1897 1830 1967 qni
1862 1893 1907 1953 Β
1935 1898 2193 1965 studium,
2213 1898 2404 1952 saltem
2424 1904 2643 1964 propter
2670 1893 2919 1948 ruborem
2938 1900 2991 1947 et
3011 1888 3381 1960 opprobrium,
3402 1897 3515 1947 etc.

252 2001 359 2041 non
407 1986 756 2054 sudaverunt,
809 1988 941 2043 nihil
996 2002 1173 2043 autem
1220 1990 1410 2044 horum
1459 1987 1825 2057 requirentes;

253 2134 3507 2160 W

1222 2305 1785 2423 EUSEBlI
1870 2307 2035 2420 PA
2058 2305 2557 2419 MPHlLI

994 2549 1139 2636 DE
1214 2547 1371 2639 EO
1446 2547 1778 2653 QUOD
1856 2549 2061 2636 AI'I‘
2137 2546 2779 2639 DOMINUS:

1238 2698 1383 2759 Non
1422 2699 1562 2759 ueni
1597 2715 1817 2776 pacem
1860 2698 2107 2758 mittere
2151 2698 2515 2760 in'terram.

1566 2823 1799 2883 LIBER
1842 2823 2170 2884 SEXTUS.

312 3125 378 3180 Et
408 3138 635 3194 sponsos
662 3126 751 3193 qui
784 3142 924 3180 nunc
962 3125 1055 3179 filii
1084 3126 1376 3195 habentur,
1402 3136 1688 3195 parentum
1727 3127 1825 3182 de-
1855 3138 1900 3199 ο
1934 3126 2159 3199 ﬁguram
2211 3126 2409 3180 debent
2465 3127 2783 3181 assumere?
2831 3127 3074 3180 Sustinet
3120 3140 3252 3181 sane
3283 3140 3511 3196 sponsus

236 3216 498 3273 siderium
547 3217 728 3281 trahit,
789 3227 842 3272 et
894 3227 1186 3288 properant
1224 3218 1288 3272 ad
1321 3221 1591 3289 genitores
1619 3234 1828 3273 annun—

240 3312 377 3362 tiare
400 3324 609 3377 sponsa“:
638 3309 975 3364 honestatem
1004 3318 1059 3362 et
1085 3311 1372 3381 colloquia.
1418 3313 1617 3381 quique
1645 3322 1699 3368 et
1725 3329 1825 3381 pa-

240 3400 487 3456 rentibus
516 3398 831 3454 manifestus
856 3410 939 3454 est
963 3416 1078 3455 mos
1112 3400 1257 3469 ejus,
1286 3415 1337 3455 et
1368 3403 1603 3467 habitus,
1624 3415 1678 3458 et
1704 3402 1827 3459 επε-

239 3501 377 3545 ctus.
413 3489 695 3544 Festinant
746 3502 925 3543 autem
976 3491 1167 3544 iterum
1206 3500 1261 3545 ct
1295 3492 1359 3545 ad
1412 3508 1684 3561 sponsam,
1716 3510 1825 3548 me-

238 3599 424 3638 mores
475 3581 615 3635 illins
655 3583 722 3636 ab
766 3583 919 3637 initio
952 3585 1213 3647 mandati,
1261 3586 1349 3652 qui
1386 3586 1507 3638 ait:
1549 3584 1824 3657 Relinquet

237 3678 396 3729 homo
434 3685 635 3738 patrem
670 3684 719 3728 et
766 3685 1004 3740 matrem,
1047 3686 1095 3728 et
1131 3677 1478 3745 conjungetur
1510 3680 1744 3743 mulieri,
1776 3689 1824 3734 et

235 3779 390 3823 erunt
417 3769 568 3820 ambo
606 3768 659 3821 in
690 3784 848 3820 carne
880 3785 985 3822 una
1027 3770 1095 3823 ’°.
1118 3768 1395 3824 Laetamur
1429 3780 1611 3824 autem
1635 3782 1690 3824 et
1728 3786 1824 3841 pa—

236 3866 424 3913 rentes
473 3858 717 3935 videntes
779 3857 920 3915 filios
958 3868 1159 3929 patres.
1218 3858 1283 3913 Et
1324 3862 1525 3916 scimus
1564 3876 1823 3927 sponsum

236 3964 425 4004 verum
467 3950 716 4005 Ecclesia:
733 3950 1041 4005 Dominum.
1078 3952 1181 4006 Sed
1214 3952 1338 4020 quia
1371 3952 1548 4007 lumen
1582 3953 1709 4008 illud
1735 3970 1826 4009 ve-

237 4057 358 4096 rum
398 4042 684 4096 luminaria
718 4042 870 4107 facit,
918 4053 973 4098 et
1022 4048 1278 4113 magister
1308 4044 1422 4115 ipse
1450 4045 1595 4099 solus
1630 4047 1681 4100 in
1716 4048 1821 4102 Ec-

232 4133 401 4189 clesia
436 4134 614 4202 posuit
642 4144 697 4189 et
732 4135 1038 4203 magistros,
1072 4146 1124 4191 et
1152 4146 1339 4205 pastor
1378 4137 1490 4207 ipse
1524 4139 1697 4194 bonus
1721 4154 1823 4209 pa-

232 4233 414 4279 stores
439 4225 743 4287 constituit,
773 4240 1003 4295 sponsus
1049 4228 1267 4295 quidem
1306 4228 1419 4295 ipse
1448 4243 1607 4282 verus
1624 4238 1729 4294 est,
1765 4238 1823 4283 ut

232 4324 321 4371 est
353 4330 602 4384 sponsus.
627 4314 760 4382 Quia
792 4325 968 4371 autem
1007 4317 1335 4388 mysterialis
1374 4330 1476 4385 est,
1529 4322 1820 4392 mysteria-

230 4407 363 4461 litas
393 4407 493 4461 ista
521 4423 625 4460 non
676 4406 975 4461 macnlatur
1015 4424 1231 4477 sponsa,
1262 4410 1306 4463 si
1334 4418 1386 4464 et
1426 4425 1612 4468 servos
1642 4414 1695 4465 in
1723 4410 1821 4468 h0-

233 4518 370 4558 nore
403 4503 662 4573 suscipiat
690 4503 892 4571 sponsi.
936 4502 1152 4556 Dicebat
1196 4504 1337 4557 enim
1370 4518 1600 4571 sponsus
1636 4502 1817 4558 Domi-
1851 4483 1897 4542 Ῐ)

232 4610 361 4659 nus,
406 4604 465 4648 ut
500 4595 767 4651 audistis:
812 4595 917 4662 Qui
958 4612 1044 4649 vos
1087 4597 1324 4663 suscipit,
1375 4614 1454 4650 me
1506 4598 1721 4668 suscipit
1752 4598 1819 4652 ⁹¹.

233 4689 476 4757 Apparet
506 4698 684 4741 autem
740 4697 1000 4757 quantum
1050 4688 1378 4755 sponsalitas
1408 4690 1521 4758 ipsa
1561 4690 1820 4753 emineat,

234 4781 305 4835 ab
333 4796 393 4832 ea
428 4795 547 4848 qua:
575 4780 627 4833 in
658 4781 854 4835 mundo
890 4790 972 4835 est
994 4781 1329 4850 periculosa;
1364 4798 1466 4836 non
1493 4783 1635 4837 enim
1662 4784 1820 4838 istinc

235 4871 433 4926 mulier
489 4870 708 4938 adjuvat
738 4874 935 4939 virum,
967 4876 1060 4928 sed
1100 4890 1330 4942 sponsus
1365 4889 1618 4944 sponsam
1658 4893 1671 4930 :
1715 4891 1819 4930 non

232 4979 431 5033 sponsa
464 4965 633 5019 servit
657 4965 793 5031 viro,
826 4967 917 5020 sed
953 4981 1184 5036 Sponsus
1227 4967 1392 5020 servit
1419 4978 1472 5021 et
1504 4968 1668 5021 dicit:
1705 4968 1816 5039 Ego

232 5055 468 5110 libenter
497 5069 595 5122 pro
626 5056 821 5109 animis
840 5057 1032 5111 vestris
1053 5057 1336 5125 erogabor,
1358 5067 1412 5111 et
1441 5061 1815 5128 memetipsum

239 5147 471 5202 tradam.
505 5147 571 5201 Et
599 5148 792 5203 horum
820 5148 942 5216 quis
970 5160 1053 5203 est
1094 5149 1321 5220 dignus?
1352 5150 1406 5203 Si
1435 5150 1579 5205 enim
1609 5150 1697 5206 ille
1722 5155 1813 5222 qui

237 5256 366 5295 vere
418 5251 502 5296 est
553 5254 785 5309 sponsus
818 5240 1077 5296 Dominus
1132 5253 1187 5295 et
1237 5242 1379 5296 Deus
1425 5242 1517 5296 Dei
1552 5258 1657 5296 non
1709 5245 1818 5298 nati

236 5333 549 5402 unigenitus
569 5331 758 5394 Filius,
786 5332 874 5398 qui
908 5331 961 5385 in
998 5332 1165 5402 figura
1204 5334 1295 5387 Dei
1316 5334 1666 5400 constitutus,
1692 5352 1817 5405 pro-

232 5436 360 5497 pter
384 5426 707 5479 cbaritatem
742 5438 969 5492 sponsaa,
1020 5425 1247 5480 formam
1291 5428 1430 5481 servi
1458 5430 1665 5497 accepit
1702 5446 1715 5481 :
1772 5428 1817 5483 si

232 5518 496 5574 Dominus
551 5518 602 5571 in
648 5519 812 5587 figura
836 5517 979 5571 servi
1018 5528 1238 5587 propter
1269 5520 1817 5591 dilectionemspon-

233 5622 349 5670 sae;
413 5607 503 5674 qui
557 5616 749 5659 natura
836 5607 978 5661 servi
1040 5616 1201 5674 sunt,
1264 5610 1392 5678 quid
1453 5620 1607 5679 putas
1655 5626 1815 5679 quam

305 5703 353 5735 '°
387 5701 523 5757 Gen.
564 5718 624 5768 tt,
651 5701 739 5756 24.
816 5702 859 5734 ⁹¹
892 5701 1077 5757 Matth.
1112 5718 1165 5768 Χ,
1207 5703 1295 5758 40.

309 5821 421 5892 (8i)
445 5823 743 5891 Sttscipitis.
768 5821 948 5886 Forte,
969 5822 1257 5891 "recipiens

1928 3225 2132 3289 quanta
2164 3219 2230 3273 ad
2254 3219 2648 3275 correctionem
2680 3227 2807 3273 sunt
2842 3218 3146 3274 necessaria
3178 3229 3233 3274 et
3257 3229 3508 3276 ornatum

1926 3326 2158 3381 Sponsae,
2214 3312 2419 3381 patitur
2459 3320 2513 3365 et
2559 3311 2772 3366 labores
2820 3320 2874 3365 et
2905 3310 3114 3380 vigilias
3157 3320 3214 3366 et
3247 3309 3511 3365 adiuven-

1926 3404 2103 3460 tiones
2130 3420 2143 3457 :
2170 3404 2520 3473 vigilatenim
2554 3414 2611 3457 ut
2653 3403 2928 3458 reficiatur
2962 3418 3180 3471 sponsa,
3219 3411 3275 3457 et
3302 3402 3514 3455 laborat.

1927 3506 1985 3551 ut
2022 3498 2340 3560 adornetnr,
2365 3507 2420 3550 et
2449 3496 2653 3549 invenit
2693 3506 2746 3548 ut
2772 3503 3047 3563 pascatur.
3081 3492 3250 3548 Natus
3278 3493 3421 3546 enim
3446 3491 3512 3545 il-

1926 3589 2029 3645 lius
2089 3588 2317 3645 efﬁcitur
2362 3605 2571 3658 sponsae
2611 3600 2852 3644 ornatus.
2887 3587 3025 3655 Quid
3075 3598 3253 3642 autem
3284 3587 3404 3641 dico
3445 3585 3513 3641 de

1926 3680 2064 3737 Filio
2104 3681 2195 3750 qui
2226 3682 2291 3736 de
2325 3684 2462 3737 coelo
2493 3680 2794 3746 descendit,
2824 3691 2881 3733 ut
2912 3680 3180 3749 captivam
3212 3679 3312 3733 sibi
3363 3678 3512 3734 acci—

1926 3783 2078 3844 peret
2098 3788 2375 3843 sponsam,
2403 3772 2546 3826 illam
2569 3788 2688 3843 qua:
2714 3782 2838 3826 ante
2858 3781 2973 3826 erat
2999 3771 3235 3834 sordida,
3262 3787 3379 3841 qua:
3396 3769 3514 3825 fue-

1925 3874 2007 3919 rat
2040 3863 2321 3925 fornicata,
2348 3878 2467 3931 qua:
2503 3879 2690 3919 comas
2742 3864 2972 3918 habebat
3002 3867 3262 3933 impuras,
3308 3878 3426 3932 quae
3457 3871 3512 3918 et

1926 3957 1993 4009 ab
2028 3956 2170 4010 intus
2202 3967 2256 4011 et
2289 3970 2319 4009 a
2356 3956 2488 4011 foris
2535 3970 2641 4011 non
2679 3964 2797 4011 erat
2835 3958 2994 4020 bona,
3036 3957 3085 4010 in
3122 3970 3283 4025 quam
3326 3954 3510 4009 illuse-

1926 4060 2052 4103 runt
2107 4049 2399 4114 daemones,
2446 4063 2567 4118 quae
2595 4047 2900 4104 fcedabatur
2933 4050 2984 4102 in
3032 4046 3326 4111 montibus,
3391 4062 3511 4115 qua)

1925 4141 2066 4196 nuda
2093 4142 2364 4208 currebat,
2396 4158 2516 4211 quae
2544 4142 2802 4197 lectiones
2831 4142 3217 4195 daemoniorum
3252 4138 3509 4204 habebat,

1924 4247 2043 4302 qnte
2069 4234 2242 4300 turpia
2263 4234 2540 4301 cantabat,
2584 4234 2760 4303 turpia
2781 4232 3016 4298 ludebat,
3039 4232 3215 4301 turpia
3255 4232 3513 4302 loqueba-

1926 4332 2013 4376 tur
2045 4338 2058 4375 :
2091 4338 2211 4393 quae
2235 4339 2303 4379 ne
2338 4323 2554 4394 quidem
2596 4322 2650 4377 in
2689 4323 2881 4378 itinere
2906 4323 3211 4377 hominibus
3242 4324 3509 4378 concede-

1922 4412 2035 4479 bat,
2075 4430 2194 4484 quae
2226 4415 2477 4483 portabat
2504 4416 2725 4487 lapides,
2754 4426 2806 4471 et
2837 4414 3205 4472 fornicabatur
3239 4417 3304 4468 ad
3342 4415 3507 4486 ligna,

1925 4522 2046 4576 quae
2092 4506 2351 4579 fumigata
2392 4519 2530 4572 erat,
2576 4525 2696 4580 qua:
2754 4509 3030 4564 redolebat
3067 4508 3254 4562 nidore
3296 4507 3508 4576 ftetido,

1925 4614 2043 4667 qua:
2067 4600 2194 4668 quid
2234 4616 2337 4655 non
2371 4601 2496 4655 mali
2536 4602 2809 4657 habebat?
2837 4600 2934 4657 Cui
2965 4602 3109 4657 enim
3142 4601 3329 4657 etalio
3352 4600 3512 4659 dece-

1923 4692 2017 4746 bat
2061 4692 2218 4746 talem
2255 4692 2356 4747 sibi
2386 4693 2585 4764 eligere
2630 4710 2906 4764 sponsam,
2951 4710 3111 4765 quam
3147 4694 3221 4749 illi
3252 4696 3342 4765 qui
3391 4704 3511 4750 erat

1924 4783 2236 4839 misericors
2268 4785 2541 4853 sponsus?
2581 4785 2712 4840 nihil
2747 4787 2891 4841 enim
2922 4786 3158 4842 habebat
3184 4786 3507 4840 hortamenti

1923 4874 1990 4929 ad
2030 4875 2374 4931 dilectionem
2410 4892 2528 4945 quae
2562 4887 2839 4946 assumpta
2877 4889 2980 4934 est.
3037 4879 3170 4945 Quia
3211 4892 3339 4946 ergo
3377 4876 3507 4930 nihil

1924 4977 2043 5019 crat
2076 4968 2145 5020 ab
2177 4968 2273 5021 ista
2312 4968 2801 5033 adhortamentum,
2852 4970 2972 5025 ideo
3023 4970 3160 5024 facta
3201 4977 3283 5022 est
3334 4968 3505 5036 gratia

1925 5056 2039 5126 ejus
2070 5059 2159 5128 qni
2192 5064 2403 5126 accepit
2441 5060 2600 5116 talem
2632 5081 2644 5116 :
2678 5077 2775 5130 pro
2815 5063 2939 5117 odio
2966 5062 3107 5115 enim
3144 5076 3250 5128 quo
3273 5069 3391 5114 erat
3429 5058 3505 5112 di-

1923 5165 2048 5220 gna,
2088 5150 2272 5205 dilexit
2300 5166 2451 5215 eam;
2486 5170 2582 5222 pro
2623 5168 2783 5221 pinna
2818 5153 3121 5217 honoravit,
3163 5166 3260 5221 pro
3289 5150 3507 5206 mortali

1925 5250 2168 5297 mortuus
2192 5253 2295 5307 est,
2330 5259 2426 5313 pro
2458 5245 2813 5300 condemnata
2854 5243 3244 5298 condemnatus
3269 5248 3372 5305 est,
3409 5254 3508 5309 pro

1924 5334 2177 5405 injuriosa
2200 5337 2314 5406 ipse
2348 5353 2538 5406 passus
2575 5338 2824 5405 injuriam
2852 5345 2906 5390 et
2942 5336 3214 5403 accipiens
3245 5333 3507 5402 sputami-

1923 5443 1992 5481 na
2024 5429 2074 5481 in
2108 5439 2349 5484 sanctam
2378 5431 2592 5495 laciem,
2643 5440 2698 5485 et
2729 5439 2856 5485 ante
2887 5430 3191 5498 Sputamina
3219 5443 3336 5482 eam
3376 5439 3504 5481 sus.

1921 5518 2102 5588 cipitis
2121 5521 2253 5591 (8i).
2278 5520 2383 5576 Ista
2411 5523 2553 5576 enim
2580 5537 2799 5591 sponsa,
2833 5520 3026 5575 ancilla
3056 5536 3123 5575 ex
3145 5519 3319 5574 servis
3362 5528 3502 5577 erat.

1921 5628 1949 5665 a
1976 5626 2126 5683 patre
2167 5632 2273 5671 non
2322 5614 2482 5682 bono,
2519 5626 2573 5670 et
2608 5625 2779 5671 matre
2811 5630 2931 5687 qua
2973 5624 3271 5681 erraverat,
3315 5622 3506 5669 contu-
