3956 6516
483 392 618 450 ητι

1151 393 1423 451 EUSEBII
1463 396 1948 455 CAESARIENSIS
1987 395 2137 454 OPP.
2180 396 2360 452 PARS
2401 394 2485 451 IV.
2526 425 2595 439 -
2632 390 3050 449 DOGMATICA.

3603 386 3743 440 H72

481 525 604 563 max
644 527 673 563 a
725 510 1158 573 contumacibus,
1215 512 1268 566 in
1323 511 1491 567 multo
1540 522 1781 583 tempore
1830 513 2051 583 capillos
2080 517 2126 574 Α
2156 514 2208 569 in
2273 523 2413 567 terra
2445 527 2473 565 a
2504 509 2840 565 mortalibus.
2864 506 3008 574 Quia
3032 517 3158 573 ergo
3184 516 3290 557 non
3316 511 3397 557 est
3418 501 3609 556 idonea
3642 520 3743 558 no-

486 600 692 653 habens
713 599 957 668 captivos
1007 608 1059 653 et
1102 615 1329 669 ungues,
1360 611 1414 656 et
1450 603 1500 654 in
1539 604 1786 657 omnibus
1818 603 2052 658 sordida.

483 690 550 744 Et
577 689 717 758 quod
753 699 839 743 est
881 690 1134 745 maxima:
1162 692 1554 755 admirationis,
1583 693 1669 748 ille
1691 706 1810 747 crat
1844 703 2060 748 sanctus

482 782 536 835 i-u
570 779 776 834 sanctis
793 780 1063 845 habitans,
1088 783 1283 838 sedens
1308 783 1375 837 ad
1393 784 1667 837 dexteram
1689 783 1882 848 Patris,
1906 798 2063 836 mun-

483 874 583 926 dus
622 887 650 924 a
675 873 876 926 mundo
911 872 1227 941 procedens,
1261 874 1438 929 lumen
1477 891 1688 939 verum,
1718 874 2059 943 soljustitiae;

482 963 572 1018 ille
604 964 694 1032 qui
725 964 793 1018 ab
823 964 1030 1031 angelis
1059 966 1400 1029 adorabatur,
1433 980 1621 1034 passus
1653 976 1733 1020 est
1764 976 1820 1018 ut
1850 967 1917 1019 ab
1959 965 2060 1020 ho-

486 1055 721 1109 minibus
774 1055 1110 1109 illuderetur.
1164 1055 1229 1109 Et
1260 1069 1358 1125 ego
1413 1058 1623 1125 quidem
1667 1057 1833 1110 miror
1882 1071 1980 1126 nos
2010 1065 2065 1110 et

485 1163 763 1216 sponsam,
800 1148 927 1217 quia
954 1163 1059 1201 non
1091 1150 1398 1217 stnpuimus
1427 1149 1567 1203 illius
1594 1149 1683 1218 qui
1712 1149 2065 1218 advenitgra-

488 1240 639 1303 tiam,
671 1249 725 1294 et
754 1239 897 1292 illitts
928 1238 1020 1308 qui
1049 1239 1195 1293 misit
1224 1240 1443 1303 donum,
1484 1248 1539 1293 et
1567 1255 1673 1293 non
1708 1241 1914 1305 statim,
1958 1256 2065 1294 non

486 1329 695 1383 insania
735 1330 989 1398 quadam,
1028 1330 1121 1384 sed
1156 1330 1404 1398 religiosa
1451 1340 1628 1384 mente
1654 1339 1704 1384 et
1742 1332 1948 1385 tervido
1972 1332 2065 1386 de-

486 1421 686 1475 siderio
710 1422 946 1491 spoliati,
966 1436 1163 1491 corpus
1190 1431 1242 1476 et
1268 1421 1525 1486 animam,
1564 1432 1622 1475 ut
1652 1422 1725 1475 ita
1761 1422 1959 1489 dicam,
1985 1439 2067 1477 re-

489 1512 777 1567 tribuimus
829 1514 936 1568 Deo
984 1529 1082 1584 pro
1124 1516 1374 1571 omnibus
1418 1530 1541 1585 quae
1592 1516 1749 1572 nobis
1796 1517 2065 1571 retribuit.

488 1602 627 1668 Quid
657 1614 836 1658 autem
866 1614 921 1659 et
964 1606 1011 1659 ei
1053 1603 1342 1674 possumus
1386 1607 1725 1661 retribuere?
1778 1606 2069 1661 Moriemur

490 1711 588 1762 pro
631 1696 763 1765 ipso,
797 1698 889 1753 sed
919 1698 1035 1768 ipse
1062 1699 1266 1766 primus
1294 1714 1392 1769 pro
1417 1700 1569 1755 nobis
1604 1709 1851 1754 mortuus
1875 1708 1973 1753 est.
2004 1699 2070 1753 Et

489 1802 590 1843 nos
638 1789 853 1858 quidem
910 1790 953 1843 si
986 1791 1303 1857 moriamur,
1366 1791 1692 1846 naturaliter
1743 1790 2067 1857 suscipimus

2165 616 2277 660 slra
2331 615 2517 659 natura
2570 601 2750 657 verbis
2791 599 2992 655 assumi
3039 598 3105 651 ad
3151 604 3356 650 tantum
3396 594 3491 649 Dei
3540 594 3742 649 Filium

2163 699 2353 763 Deum,
2382 698 2472 766 qui
2504 706 2560 750 ut
2586 711 2691 749 non
2715 693 2889 749 solum
2909 692 3090 746 verbis
3112 688 3385 751 edoceret,
3418 685 3512 740 sed
3536 695 3586 741 et
3614 700 3746 754 ope-

2162 790 2313 843 ribus
2347 788 2687 851 informaret,
2718 787 2862 839 venit
2894 782 3148 844 visibilis,
3184 788 3317 834 utet
3340 781 3466 833 dum
3500 779 3743 840 videtur,

2164 880 2472 935 ostenderet
2499 877 2839 932 invisibilem.
2856 876 2921 929 Et
2947 876 3077 927 mihi
3104 872 3319 942 quidem
3351 872 3466 940 ipse
3484 881 3554 925 stt
3576 870 3737 924 testis

2166 973 2450 1030 sermonis.
2493 972 2626 1025 Cum
2657 970 2801 1024 enim
2836 970 3039 1022 lavaret
3073 966 3331 1021 Dominus
3363 964 3527 1032 pedes
3556 976 3749 1016 servo-

2167 1081 2307 1133 rum,
2339 1064 2595 1134 magister
2621 1062 3028 1132 discipulorum,
3064 1068 3117 1114 et
3147 1067 3442 1113 excusante
3474 1057 3633 1110 Petro
3654 1055 3745 1107 di—

2165 1158 2322 1214 cebat
2365 1156 2605 1211 formans
2635 1170 2728 1211 eos
2757 1162 2812 1210 et
2847 1154 3033 1209 dicens
3066 1173 3078 1206 ε
3114 1151 3243 1206 Hart:
3286 1168 3374 1219 ego
3420 1150 3533 1203 ideo
3576 1148 3747 1217 facio,

2166 1256 2224 1301 ut
2254 1258 2299 1301 et
2333 1263 2418 1301 vos
2441 1246 2763 1299 edoceamini
2796 1246 3011 1297 invicem
3051 1243 3249 1296 eadem
3276 1241 3449 1309 facere
3474 1239 3540 1292 ⁹².
3584 1238 3751 1291 Sicut

2169 1338 2332 1408 igitur
2364 1339 2414 1392 in
2444 1336 2533 1391 illo
2576 1347 2699 1390 actu
2747 1335 2951 1390 dictum
3000 1343 3085 1388 est
3126 1332 3269 1402 quod
3303 1331 3613 1385 mandatum
3634 1340 3750 1390 est.

2168 1432 2293 1500 quia
2326 1430 2446 1485 ideo
2478 1429 2610 1484 facit
2649 1437 2705 1482 ut
2727 1428 3041 1483 ostenderet
3073 1435 3275 1490 totum;
3322 1424 3394 1476 ita
3434 1423 3556 1475 audi
3618 1420 3751 1489 quia

2168 1523 2567 1577 venitformare
2596 1522 2662 1576 ad
2690 1520 2947 1575 deitatem
2985 1518 3251 1574 homines.
3280 1513 3617 1569 Miserabiles
3642 1527 3753 1566 au—

2170 1624 2276 1664 tem
2309 1620 2433 1665 sunt
2454 1611 2545 1680 qui
2580 1625 2685 1664 non
2716 1606 3205 1677 inspiciunt;beati
3235 1619 3363 1660 vero
3390 1604 3526 1659 oculi
3551 1617 3751 1657 eorum

2175 1704 2264 1771 qui
2291 1703 2498 1758 vident.
2541 1704 2763 1758 Videtur
2787 1703 2932 1758 enim
2957 1711 3010 1755 et
3045 1716 3190 1756 nunc
3223 1700 3479 1755 Dominus
3515 1699 3594 1754 :si
3622 1698 3754 1766 quis

2169 1799 2312 1851 enim
2340 1796 2501 1851 habet
2527 1796 2713 1852 oculos
2743 1796 2890 1850 videt
2916 1816 2927 1850 :
2960 1810 3233 1864 nunquam
3281 1792 3422 1846 enim
3452 1791 3540 1844 ille
3571 1790 3753 1845 disce-

492 1890 747 1945 niortcm;
778 1881 864 1935 ille
903 1890 1081 1937 autem
1110 1891 1301 1938 contra
1336 1893 1583 1937 naturam
1627 1882 1840 1951 patiens
1872 1881 1969 1934 fuit
1998 1882 2065 1933 ad
2098 1871 2142 1929 Β
2172 1891 2267 1955 ἀει,
2294 1891 2431 1944 sic.“
2455 1890 2566 1959 ipse
2596 1889 2723 1943 dicit
2754 1905 2767 1939 ε
2804 1886 2938 1942 Ecce
2981 1904 3074 1955 ego
3102 1886 3365 1939 vobiscum
3401 1900 3535 1947 sum,
3581 1895 3750 1951 usque

491 1979 743 2026 mortem.
780 1972 844 2024 Et
884 1988 983 2026 nos
1016 1972 1232 2041 quidem
1263 1972 1305 2027 si
1347 1972 1611 2027 fuerimus
1642 1970 1865 2034 mortui,
1891 1969 2067 2024 lucra-

489 2062 669 2115 bimur
703 2064 1059 2132 nosmetipsos
1098 2083 1111 2117 :
1152 2064 1238 2118 ille
1267 2073 1445 2118 autem
1486 2072 1731 2120 mortuus
1757 2070 1840 2118 est
1864 2078 1966 2118 non
2001 2062 2067 2116 ad

492 2152 776 2207 utilitatem
809 2154 1105 2221 propriam,
1136 2154 1229 2207 sed
1262 2163 1319 2207 ut
1356 2168 1453 2208 nos
1501 2152 1824 2207 lucraretur.
1856 2152 1923 2205 Et
1972 2166 2069 2205 nos

492 2245 755 2299 morimur
780 2251 845 2299 ad
877 2261 1026 2314 spem
1063 2245 1186 2299 vita:
1221 2263 1234 2299 :
1272 2245 1362 2300 ille
1397 2254 1575 2299 autem
1605 2245 1715 2299 vita
1754 2253 1835 2298 est
1861 2243 2067 2297 vivens.

494 2336 558 2389 Et
583 2351 682 2390 nos
703 2337 753 2390 in
781 2338 1038 2407 martyrio
1060 2337 1319 2407 patimur,
1355 2346 1413 2391 ut
1436 2352 1539 2391 non
1568 2351 1689 2391 cum
1718 2336 1918 2389 mundo
1939 2349 2071 2390 conc

492 2430 831 2495 demnemur,
863 2429 1128 2497 fugientes
1166 2444 1261 2498 per
1300 2438 1528 2483 mortem
1566 2430 1892 2498 gehennam,
1924 2436 1976 2483 et
2020 2427 2071 2481 in

493 2520 805 2574 haereditate
838 2520 1164 2589 accipientes
1196 2535 1357 2590 regna
1382 2522 1664 2575 calorum.
1700 2518 1809 2573 Nos
1837 2519 1904 2573 ad
1934 2533 2075 2572 mer-

494 2610 712 2674 cedem;
744 2610 831 2663 ille
866 2620 1083 2678 propter
1113 2610 1457 2664 charitatem.
1494 2611 1549 2665 Si
1582 2613 1705 2680 quis
1736 2620 1914 2664 autem
1947 2626 2075 2665 con-

491 2700 615 2755 silio
643 2700 870 2754 assentit
900 2716 1041 2767 meo,
1090 2702 1159 2754 sit
1193 2702 1405 2770 quidem
1440 2716 1644 2757 merces
1694 2703 1761 2757 ab
1797 2704 1933 2772 ipso,
1970 2718 2073 2756 non

493 2795 565 2847 sit
612 2802 789 2847 autem
854 2792 1007 2847 nobis
1062 2809 1252 2848 cursus
1301 2794 1366 2847 ad
1401 2797 1752 2848 mercedem:
1793 2811 1897 2850 non
1932 2797 2075 2850 enim

494 2887 618 2954 quia
639 2866 901 2954 promittit
935 2885 1054 2939 ideo
1089 2886 1247 2939 debet
1274 2895 1327 2940 et
1350 2886 1519 2956 diligi,
1555 2887 1647 2939 sed
1680 2888 1805 2955 quia
1834 2888 1954 2942 talis
1977 2889 2075 2942 ha-

495 2977 676 3040 betur,
702 2985 756 3029 et
793 2968 914 3030 talis
935 2985 1017 3030 est
1046 2975 1216 3031 Filius
1248 2995 1260 3030 :
1283 2991 1385 3030 non
1408 2978 1606 3046 quippe
1636 2978 1895 3047 diligatur
1922 2982 1991 3034 ob
2014 2994 2075 3033 ea

495 3083 615 3134 quae
644 3069 829 3131 donat,
863 3069 955 3122 sed
986 3078 1203 3138 propter
1257 3078 1508 3122 naturam
1536 3070 1617 3123 sui
1662 3079 1715 3121 et
1750 3078 1873 3122 ante
1904 3070 2077 3123 dona-

495 3164 691 3215 tiones.
732 3160 1008 3228 Siquidem
1045 3170 1098 3215 et
1131 3162 1234 3215 hoc
1262 3162 1441 3214 lumen
1489 3161 1769 3223 sensibile,
1801 3177 1906 3214 non
1955 3162 2076 3230 quia

495 3252 668 3319 pascit
697 3251 881 3306 oculos
912 3263 1144 3318 amatur,
1174 3252 1264 3307 sed
1297 3252 1421 3322 quia
1438 3252 1798 3306 clarissimum
1832 3252 2075 3307 habetur.

496 3342 895 3415 Nonnunquam
930 3344 1075 3397 enim
1100 3352 1154 3396 et
1189 3343 1367 3396 fontes
1399 3341 1650 3396 videntes
1688 3344 2001 3412 perspicuos
2028 3352 2082 3397 et

498 3452 682 3503 puros,
736 3448 790 3490 et
848 3438 892 3491 si
936 3452 1040 3509 non
1094 3436 1333 3490 admittit
1376 3444 1591 3503 tempus
1632 3436 1869 3497 bibendi,
1904 3444 2080 3489 tamen

502 3530 763 3582 miramur
790 3528 1269 3598 pulchrittnlinem,
1290 3529 1453 3581 etiam
1479 3543 1582 3580 non
1616 3529 1939 3580 adveniente
1959 3542 2079 3581 usu.

502 3622 566 3674 Et
619 3623 686 3673 ad
745 3623 941 3674 malum
1001 3600 1355 3689 respicientes
1391 3620 1746 3682 delectamur,
1806 3636 1910 3674 non
1950 3622 2077 3688 quia

503 3710 909 3763 manducamus.
943 3708 997 3762 Si
1026 3709 1191 3777 igitur
1221 3724 1385 3776 opera
1419 3708 1537 3777 ejus
1564 3710 1636 3763 ita
1675 3720 1801 3764 sunt
1838 3712 1998 3774 bona,
2029 3720 2083 3764 et

504 3810 632 3855 ante
655 3808 869 3870 gustum
902 3810 956 3855 et
986 3815 1165 3853 eseam
1219 3800 1492 3854 delectant
1537 3817 1660 3855 cum
1716 3801 1984 3864 videntur,
2030 3811 2085 3855 et

503 3890 816 3946 coallectari
843 3890 1081 3953 faciunt;
1118 3892 1231 3959 ipse
1254 3891 1343 3961 qui
1376 3906 1500 3946 vere
1524 3909 1687 3960 supra
1712 3908 1926 3946 omnem
1963 3893 2082 3962 pul-

505 3983 867 4037 chritudinem
929 3983 1180 4045 habetur,
1232 3994 1286 4036 et
1317 3998 1444 4037 vere
1495 3992 1578 4036 est
1632 3986 1827 4050 bonus,
1865 4001 1969 4039 non
2018 4001 2081 4040 ex

508 4077 755 4132 mercede
776 4078 969 4132 habeat
998 4077 1358 4137 dilectionem.
1389 4081 1480 4133 sed
1501 4095 1565 4133 ex
1600 4090 1790 4131 natura
1822 4094 2082 4135 amorem.

508 4167 620 4235 ligo
654 4182 785 4220 sane
827 4182 1210 4237 nonnunquam
1246 4170 1297 4222 in
1333 4171 1573 4238 cogitatu
1613 4172 1715 4224 isto
1738 4170 1961 4232 adveni;
1995 4184 2087 4222 ve-

509 4260 620 4314 nite
673 4269 727 4313 et
759 4275 851 4313 vos
906 4261 972 4312 ad
1015 4260 1376 4328 suspicionem
1414 4261 1606 4314 bonam
1646 4276 1659 4313 :
1699 4276 1837 4328 sagpe
1863 4262 2005 4314 enim
2056 4276 2085 4314 a

508 4353 711 4406 sanctis
741 4351 1044 4421 Evangeliis
1095 4361 1148 4405 et
1184 4368 1310 4407 vere
1358 4352 1557 4407 divinis
1597 4354 1663 4408 de
1697 4354 1920 4407 Domino
1960 4352 2084 4407 Jesu

510 4444 752 4500 audiens.
787 4442 1025 4495 auditum
1049 4444 1114 4495 ad
1150 4442 1323 4496 visum
1351 4445 1591 4498 converti
1627 4463 1639 4497 :
1667 4446 1914 4499 videbam
1941 4445 2085 4499 enim

510 4533 917 4587 admirationem
971 4549 1160 4587 novant
1215 4535 1328 4599 Dei,
1380 4535 1572 4589 Filium
1627 4536 1795 4590 Deum
1846 4537 1898 4590 in
1945 4546 2084 4591 terra

508 4640 703 4693 Corpus
735 4625 1021 4678 habentem
1060 4643 1073 4678 :
1107 4635 1160 4679 et
1197 4634 1395 4694 putans
1420 4628 1610 4681 adesse
1632 4628 1994 4697 spectaculum
2013 4642 2080 4682 ex

509 4716 802 4786 Scripluris
834 4731 968 4785 pene
1007 4727 1061 4770 et
1091 4725 1339 4785 porrecta
1390 4733 1549 4770 manu
1588 4719 1918 4788 apprehendi
1958 4718 2079 4772 fim-

507 4808 682 4862 briam
715 4809 1014 4863 vestimenti
1043 4809 1176 4877 ejus,
1220 4824 1285 4863 ne
1311 4809 1449 4865 lorte
1484 4819 1537 4864 et
1560 4824 1589 4864 a
1620 4812 1856 4880 peccatis
1888 4811 2084 4866 libera—

510 4918 621 4956 rer.
671 4900 788 4955 Non
836 4900 1000 4970 igitur
1043 4900 1352 4956 fraudemus
1412 4902 1769 4969 nosmetipsos
1807 4918 1835 4955 a
1878 4903 2085 4958 visione

511 4995 604 5049 Dei
637 4994 920 5065 unigeniti,
951 4995 1038 5061 qui
1074 5009 1168 5063 pro
1202 4994 1354 5047 nobis
1383 4994 1449 5046 ad
1480 5010 1578 5049 nos
1609 4994 1756 5047 venit
1786 5011 1800 5046 :
1830 5009 1952 5048 nam
1983 4996 2086 5049 etsi

510 5088 564 5140 in
594 5102 818 5154 corpore
846 5086 1083 5146 advenit,
1117 5094 1295 5139 tamen
1329 5102 1431 5139 non
1462 5085 1620 5137 latuit
1649 5087 1787 5142 Deus
1811 5088 1952 5141 nube
1981 5088 2091 5141 eir-

510 5178 889 5231 eumamictus.
919 5177 974 5231 Si
1000 5178 1143 5231 enim
1173 5187 1227 5230 et
1263 5177 1404 5247 apud
1448 5192 1544 5231 nos
1571 5178 1766 5231 anima:
1800 5187 1971 5233 status
1997 5180 2090 5233 da-

511 5282 599 5325 tur
619 5271 685 5326 ad
712 5272 885 5326 visum
913 5287 1007 5340 per
1050 5271 1258 5336 oculos,
1292 5284 1387 5341 per
1422 5270 1641 5333 facient,
1679 5284 1775 5340 per
1810 5271 2087 5333 maxillas;

509 5359 723 5425 qualem
757 5370 912 5428 putas
940 5375 1061 5415 esse
1100 5361 1249 5414 illam.
1280 5359 1493 5424 faciem,
1524 5359 1736 5430 qualem
1780 5361 1923 5415 illam
1954 5361 2088 5416 divi-

510 5464 635 5503 nam
675 5452 1142 5517 constitutionem,
1187 5452 1336 5506 illum
1370 5452 1717 5521 tranquillum
1755 5454 1991 5520 oculum,
2025 5454 2087 5508 il-

508 5540 617 5595 lam
667 5544 950 5598 honestam
994 5546 1231 5611 linguam
1266 5556 1321 5602 et
1350 5549 1591 5602 motum?
1617 5546 1795 5601 Unum
1833 5556 1915 5600 est
1944 5548 2086 5612 quod

510 5635 725 5691 confert
755 5637 870 5704 ejus
904 5638 1186 5704 adventus,
1239 5652 1297 5695 ut
1342 5642 1670 5710 suscipiatur
1704 5642 1823 5695 talis
1859 5640 2076 5694 habitus

585 5821 630 5851 "
662 5815 817 5874 Joau.
858 5836 974 5884 sui,
1014 5822 1098 5877 15.
1176 5823 1218 5856 ⁸³
1256 5822 1443 5879 Matth.
1484 5839 1674 5889 XXVIII,
1705 5823 1796 5877 ‘20.

1888 5822 1932 5855 "'
1960 5819 2150 5879 Matth.
2176 5837 2293 5889 vui,
2322 5820 2411 5877 ‘22.

2173 1981 2241 2033 ad
2268 1982 2762 2033 consummationem
2789 1977 2969 2032 amuli
2994 1977 3060 2030 ”.
3086 1976 3251 2029 Adest
3282 1974 3539 2029 Dominus
3578 1970 3621 2025 si
3648 1970 3753 2024 ha-

2174 2076 2267 2129 bes
2293 2074 2496 2138 oeulos,
2524 2084 2576 2127 et
2604 2081 2893 2140 antequam
2931 2068 3119 2123 audias
3150 2066 3317 2120 vides.
3345 2063 3400 2118 Si
3431 2071 3611 2115 autem
3635 2073 3752 2115 non

2174 2165 2320 2219 vides
2349 2180 2378 2218 a
2418 2164 2722 2231 temetipso,
2776 2176 2994 2216 movere
3015 2174 3137 2213 eum
3168 2172 3232 2211 eo
3275 2154 3366 2225 qui
3402 2151 3660 2215 ostendit,
3694 2160 3751 2205 et

2174 2254 2399 2308 videbis.
2434 2251 2488 2308 Si
2522 2262 2702 2306 autem
2731 2260 2786 2305 et
2817 2265 2937 2303 cum
2969 2258 3247 2303 ostensum
3282 2243 3375 2298 tibi
3416 2241 3583 2297 fuerit
3632 2254 3749 2293 non

2174 2346 2345 2411 vides,
2412 2345 2706 2399 lamentare
2757 2341 3055 2396 caecitatem
3106 2348 3251 2391 tuam
3304 2333 3545 2389 debebis.
3594 2330 3752 2384 Sicut

2175 2436 2316 2490 enim
2346 2449 2452 2488 non
2480 2442 2654 2503 potest
2676 2430 2863 2487 oculus
2900 2432 3016 2483 sine
3048 2428 3251 2481 lumine
3281 2426 3481 2486 videre,
3516 2424 3588 2477 ita
3641 2436 3752 2475 non

2175 2537 2354 2596 potest
2386 2540 2484 2581 nec
2540 2539 2693 2578 mens
2721 2523 2838 2578 sine
2889 2522 2995 2576 Deo
3024 2522 3241 2574 vivere:
3279 2516 3511 2571 celerius
3555 2513 3751 2582 quippe

2177 2618 2479 2675 salvabitur
2509 2617 2677 2687 piscis
2708 2615 2824 2668 sine
2850 2628 3009 2681 aqua,
3041 2626 3201 2679 quam
3238 2609 3413 2662 anima
3444 2606 3562 2660 sine
3592 2603 3752 2658 Chri-

2177 2720 2278 2763 sto.
2300 2708 2437 2774 Quid
2467 2706 2639 2775 ergo?
2669 2704 2804 2758 Num
2834 2718 2935 2756 non
2988 2701 3173 2755 vivunt
3195 2698 3438 2770 gentiles,
3471 2706 3525 2750 et
3555 2693 3751 2757 Judaei,

2178 2812 2229 2855 et
2258 2799 2533 2854 haeretici?
2564 2797 2836 2861 Permitte,
2864 2795 3060 2865 inquit,
3111 2800 3345 2845 mortuos
3376 2789 3593 2855 sepelire
3628 2801 3752 2838 suos

2178 2904 2409 2945 mortuos
2434 2894 2504 2942 ν’.
2540 2889 2695 2944 Venit
2728 2889 2866 2943 Deus
2891 2895 3184 2955 apportans
3225 2881 3553 2944 hominibus,
3616 2877 3751 2945 quod

2180 2984 2356 3038 nullus
2385 2984 2664 3037 hominum
2698 2980 2919 3034 adduxit
2947 2994 2959 3030 :
2992 2992 3095 3032 non
3137 2974 3279 3029 enim
3326 2981 3440 3026 erat
3473 2983 3749 3025 servorum

2180 3092 2373 3147 magna
2407 3079 2628 3138 donare,
2662 3073 2753 3127 sed
2786 3085 3064 3127 servorum
3114 3076 3233 3123 erat
3264 3065 3426 3135 Regis
3463 3062 3748 3118 adventum

2184 3169 2550 3223 annuntiare:
2584 3166 2785 3220 donare
2814 3171 2996 3217 autem
3035 3160 3202 3230 ipsius
3248 3168 3364 3213 erat
3392 3154 3592 3225 Regis;
3637 3153 3750 3208 ideo

2182 3266 2235 3311 et
2265 3270 2630 3326 prrecursores
2657 3254 2907 3308 dicebant
2937 3270 2949 3304 :
2982 3251 3198 3306 Veniet.
3222 3248 3334 3318 Ipse
3361 3255 3538 3299 autem
3560 3243 3651 3312 qui
3678 3242 3750 3296 lo-

2181 3348 2447 3418 quebatur
2504 3345 2797 3399 adveniens
2856 3343 3120 3397 donavit:
3178 3355 3276 3410 per
3342 3336 3561 3405 Moysen
3609 3333 3749 3388 enim

2182 3441 2304 3493 data
2329 3448 2410 3494 est
2439 3441 2546 3502 lex,
2578 3436 2670 3491 sed
2714 3435 2846 3489 nihil
2892 3434 3091 3489 factum
3130 3443 3249 3497 est;
3285 3429 3457 3499 gratia
3486 3435 3669 3480 autem
3701 3433 3752 3479 et

2183 3532 2383 3585 veritas
2407 3546 2510 3584 non
2539 3530 2659 3583 data
2692 3537 2794 3591 εει,
2820 3526 2910 3581 sed
2940 3525 3077 3579 facta
3104 3530 3204 3587 est,
3234 3529 3287 3575 et
3315 3519 3575 3574 correxit.
3605 3516 3753 3570 Sicut

2183 3624 2325 3677 enim
2362 3621 2553 3675 mulier
2584 3620 2669 3674 illa
2697 3634 2815 3688 quae
2857 3616 3057 3671 fontem
3115 3611 3392 3682 sanguinis
3441 3617 3633 3665 contra
3664 3621 3757 3659 na-

2186 3726 2359 3768 turam
2381 3714 2635 3777 habebat,
2656 3711 2874 3781 fatigata
2901 3720 2984 3764 est
3018 3706 3253 3762 medelas
3276 3703 3557 3759 hominum
3593 3700 3756 3754 susti-

2186 3818 2351 3867 nens;
2386 3803 2589 3873 profuit
2619 3810 2801 3855 autem
2835 3800 2883 3854 ei
2913 3796 3068 3863 nihil,
3096 3794 3187 3850 sed
3236 3790 3608 3848 tantummodo
3630 3804 3755 3844 cou-

2186 3908 2499 3951 sumenatnr
2526 3905 2578 3947 et
2604 3905 2831 3961 corpore
2870 3899 2924 3944 et
2952 3885 3297 3942 facultatibus
3325 3902 3339 3938 :
3368 3884 3440 3937 ita
3458 3880 3753 3937 secundum

2188 3988 2415 4041 formam
2458 3986 2615 4040 istam
2648 3984 2880 4038 lmmana
2910 3988 3103 4034 natura
3133 3975 3404 4044 accipiens
3433 3969 3699 4027 medelam
3724 3980 3753 4020 ι

2186 4078 2462 4148 prOphetis
2488 4089 2541 4131 et
2560 4074 2928 4130 sacerdotibus
2953 4079 3007 4125 et
3046 4086 3074 4124 a
3107 4068 3220 4138 lege
3255 4068 3388 4135 ipsa,
3427 4079 3530 4118 non
3556 4072 3640 4116 est
3663 4076 3754 4115 cu-

2187 4183 2300 4225 rata
2327 4187 2340 4234 ;
2375 4171 2467 4223 sed
2520 4169 2566 4222 is
2589 4168 2679 4237 qui
2713 4167 2828 4220 sine
2855 4164 2971 4233 lege
3005 4172 3124 4217 erat
3150 4161 3526 4228 subingressus
3552 4164 3659 4219 est,
3698 4161 3755 4207 nt

2188 4261 2488 4316 abundaret
2522 4244 2824 4329 peccatum.
2859 4255 2993 4321 Quia
3047 4252 3206 4323 igitur
3238 4264 3342 4303 non
3380 4256 3497 4301 erat
3525 4244 3753 4299 hominis

2189 4352 2457 4421 corrigere
2492 4348 2764 4402 hominum
2821 4344 3097 4414 passiones
3126 4350 3180 4396 et
3206 4340 3353 4401 vitia,
3385 4339 3524 4391 Deus
3552 4334 3754 4403 accepit

2190 4444 2401 4497 infirme
2430 4445 2527 4495 hoc
2564 4441 2735 4509 ipsum
2761 4436 2904 4506 quod
2928 4436 3039 4505 jam
3063 4441 3180 4488 erat
3198 4441 3526 4488 emortuum,
3556 4437 3609 4481 et
3634 4426 3756 4479 sub-

2118 4563 2165 4623 D
2191 4535 2437 4603 ingressa
2481 4539 2566 4586 est
2599 4531 2725 4594 vita,
2769 4538 2825 4581 ut
2867 4525 3149 4595 praesentia
3202 4522 3415 4577 virtutis
3452 4526 3758 4587 repercute-

2194 4638 2342 4682 retur
2374 4627 2525 4679 virus
2561 4622 2853 4693 serpentis,
2900 4621 3030 4687 Quis
3060 4635 3163 4673 non
3194 4615 3429 4671 movebit
3459 4614 3523 4667 ad
3552 4610 3760 4666 deside-

2193 4719 2329 4771 rium
2363 4714 2905 4783 Christi?Siquidem
2942 4712 3142 4766 Christi
3183 4708 3364 4762 Pater.
3388 4706 3466 4759 llli
3498 4705 3645 4759 enim
3670 4704 3759 4755 de-

2192 4820 2275 4864 eet
2302 4809 2421 4863 talis
2444 4819 2498 4861 et
2526 4817 2674 4863 tanta
2700 4806 2916 4875 largitio
2947 4824 2961 4860 ;
2987 4802 3154 4858 Nemo
3193 4801 3350 4861 enim,
3374 4798 3567 4867 inquit,
3596 4804 3758 4864 potest

2194 4903 2364 4956 venire
2392 4902 2459 4954 ad
2492 4915 2592 4964 me,
2619 4899 2720 4953 nisi
2763 4898 2922 4952 Pater
2949 4912 3089 4950 metu
3132 4892 3408 4947 attraxerit
3434 4905 3552 4942 eum
3581 4886 3759 4955 quiest

2194 4995 2251 5047 in
2280 4993 2421 5048 caelis
2450 4994 2518 5045 ⁸⁵.
2545 4990 2799 5061 Nonquia
2821 4990 2925 5044 vim
2958 4989 3087 5042 facit
3112 4989 3271 5052 Deus,
3306 4984 3399 5039 sed
3429 4981 3552 5050 quia
3579 4980 3760 5032 domat

2195 5086 2437 5140 homines
2475 5083 2747 5147 mortales,
2786 5097 2882 5151 pro
2929 5080 3125 5150 quibus
3172 5087 3398 5132 mortem
3443 5068 3758 5127 immortalis

2193 5180 2447 5249 gustavit.
2489 5177 2663 5231 Nolite
2696 5177 2745 5229 in
2780 5190 3002 5229 vacuum
3042 5173 3270 5243 gratiam
3302 5180 3520 5237 ponere,
3563 5180 3667 5219 non
3706 5162 3755 5215 in

2190 5285 2381 5325 somno
2404 5266 2753 5339 Evangelium
2785 5282 2799 5318 :
2836 5266 2929 5319 sed
2954 5263 3274 5335 evigilantes
3291 5265 3598 5327 computate
3631 5252 3751 5322 quid

2192 5360 2391 5415 factum
2426 5367 2527 5423 est,
2588 5358 2715 5427 quid
2752 5367 2937 5411 natum
2990 5364 3094 5419 est,
3130 5353 3261 5423 quid
3292 5351 3566 5404 donatum.
3620 5346 3753 5398 Deus

2190 5452 2384 5508 Filium
2421 5465 2575 5506 suum
2608 5449 2754 5501 misit
2782 5463 2797 5500 :
2838 5447 2928 5516 qni
2980 5462 3083 5500 non
3113 5443 3294 5499 obedit
3327 5440 3397 5504 ei,
3429 5437 3587 5492 habet
3619 5435 3755 5503 ju'di-

2193 5544 2356 5599 cium.
2379 5542 2540 5606 Misit,
2573 5541 2812 5609 inquam,
2837 5538 3030 5592 Filium
3047 5551 3201 5592 suum
3227 5533 3384 5596 Deus,
3405 5530 3663 5601 justitiam
3690 5527 3752 5578 ad

2195 5638 2423 5704 iniquos,
2451 5650 2572 5690 eum
2613 5635 2701 5703 qui
2751 5633 2868 5687 sine
2915 5640 3133 5701 peccato
3161 5628 3226 5681 ad
3266 5632 3597 5697 peccatores,
3623 5620 3753 5675 obe-

2491 5821 2533 5853 "
2559 5815 2717 5876 Joan.
2748 5832 2824 5885 vt,
2860 5817 2945 5870 ιι.
