3956 6518
268 394 406 450 H73

1596 372 1663 429 IN
1704 369 1965 426 MATTH.
2008 368 2073 432 Χ,
2113 367 2200 422 54.

3364 355 3501 414 1174

264 512 502 565 dieutem
557 503 624 557 ad
682 508 1055 563 contumaces,
1110 497 1405 570 gloriosum
1460 492 1525 547 ad
1557 490 1837 563 ignobiles,
1867 492 1913 548 Δ
1941 486 2084 540 enim
2124 485 2407 553 imaginem
2441 486 2616 550 videt;
2662 498 2757 554 per
2788 481 3104 549 imaginem,
3154 477 3501 546 principalem

264 615 388 655 eum
419 596 508 667 qui
537 594 605 649 ad
632 595 913 650 dexteram
941 592 1117 647 Patris
1156 591 1220 644 ad
1246 605 1339 645 eos
1370 587 1458 656 qui
1490 587 1540 639 in
1569 595 1710 640 terra
1747 583 1832 652 ja-

264 692 484 753 cebant,
520 688 715 743 Filium
746 687 814 741 ad
868 700 1078 749 servos,
1098 682 1333 752 judicem
1365 676 1829 734 condemnandum

267 798 363 849 pro
417 782 500 834 his
539 780 629 848 qui
674 787 829 833 erant
872 775 1236 831 condemnati.
1263 772 1396 838 Quis
1426 786 1529 825 non
1579 770 1831 824 accenda-

268 874 390 928 tur?
428 873 557 939 Quis
606 888 709 927 non
743 871 989 935 stupeat?
1015 869 1145 936 Quis
1177 882 1282 920 non
1312 881 1342 920 e
1383 864 1593 918 flamma
1618 864 1715 938 ista
1749 862 1830 916 vi—

271 980 428 1019 scera
455 966 715 1019 accendat
759 963 891 1016 sua?
923 962 981 1017 Si
1010 977 1113 1015 nou
1144 974 1330 1014 sumus
1363 956 1577 1026 lapidei.
1630 966 1686 1010 et
1710 965 1833 1007 ante

269 1069 550 1109 sermones
590 1071 694 1109 non
739 1063 981 1118 movent,
1012 1052 1215 1106 deflere
1261 1065 1356 1103 nos
1380 1048 1652 1110 convenit,
1705 1046 1832 1114 quia

270 1155 519 1212 putantes
565 1160 664 1198 nos
706 1144 907 1207 vivere,
953 1142 1147 1197 mortui
1193 1156 1396 1195 sumus.
1438 1138 1638 1206 Quibus
1680 1136 1833 1192 Jesus

269 1251 375 1290 non
400 1236 572 1304 placet
605 1236 767 1300 Deus,
801 1236 895 1289 hos
931 1246 1088 1303 putas
1109 1236 1235 1305 quid
1290 1232 1612 1288 delectabit?
1648 1230 1701 1284 Si
1734 1246 1830 1283 att-

270 1338 376 1382 tem
408 1329 751 1397 pulchritudo
785 1329 836 1382 iu
871 1342 1035 1383 carne
1068 1338 1333 1390 emortua,
1366 1335 1421 1381 et
1471 1328 1675 1395 lapides
1718 1339 1834 1393 pre-

270 1421 424 1503 tiosi,
444 1431 498 1474 et
544 1420 843 1491 margarita:
872 1419 1117 1484 claritas,
1148 1429 1325 1474 movet
1368 1417 1700 1472 alacritatem
1739 1417 1835 1470 ho-

268 1512 458 1576 minis;
488 1526 609 1565 cum
644 1514 780 1565 Deus
810 1512 979 1567 Filius
1016 1512 1178 1567 fuerit
1209 1514 1381 1577 visus,
1414 1526 1441 1564 a
1472 1526 1577 1579 quo
1609 1520 1664 1563 et
1693 1510 1831 1563 bona

267 1605 368 1656 ista
400 1613 525 1656 sunt
551 1602 714 1666 facta,
751 1606 1019 1672 quomodo
1040 1620 1145 1659 non
1174 1618 1298 1657 vere
1337 1604 1514 1657 veniet
1548 1601 1831 1671 passioilla

269 1693 321 1744 in
374 1692 614 1756 homine,
646 1692 712 1746 de
748 1708 851 1762 qua
902 1694 1103 1748 dictum
1141 1703 1259 1748 est:
1308 1694 1507 1763 Diliges
1557 1692 1833 1745 Dominum

266 1781 435 1835 Deum
482 1792 627 1835 tuum
679 1800 742 1836 ea:
782 1786 922 1837 omni
951 1787 1127 1839 anima
1158 1795 1267 1851 tua,
1301 1796 1346 1840 et
1389 1802 1453 1839 ea:
1477 1787 1617 1839 omni
1649 1786 1834 1838 virtute

1938 572 2200 645 agnoscit.
2228 574 2398 629 Filius
2435 574 2598 644 igitur
2632 575 2694 627 ad
2732 588 2829 627 nos
2861 572 3025 634 venit,
3055 583 3160 622 non
3195 577 3372 622 tamen
3405 581 3503 620 nos

1940 667 2006 721 ad
2051 668 2263 736 ipsum;
2307 665 2384 719 vel
2422 682 2559 719 nunc
2602 676 2780 718 autem
2825 680 2920 717 nos
2954 662 3020 716 ad
3068 662 3241 731 ipsum
3281 659 3452 716 simus
3485 673 3504 712 :

1943 758 2080 812 Dens
2109 767 2295 821 vocat;
2325 765 2377 811 et
2407 757 2490 810 his
2520 757 2608 825 qui
2641 772 2745 809 nou
2781 754 3092 816 adveniunt,
3122 751 3314 806 sufficit
3344 764 3505 820 paena

1939 850 2060 918 quia
2096 865 2198 901 non
2223 848 2495 902 obediunt.
2524 848 2691 901 Vocat
2720 848 2880 900 Dens.
2905 845 2982 898 Ad
3013 844 3164 913 qum?
3192 845 3269 896 Ad
3300 858 3359 895 ea
3385 856 3506 911 quae

1940 943 2128 993 decent
2165 941 2349 994 Deum.
2398 938 2463 991 Et
2500 949 2645 991 certe
2692 938 2961 991 Abraham
2992 936 3207 989 vocavit
3246 934 3404 997 Deus,
3451 944 3505 986 et

1943 1032 2196 1100 prtecepit
2229 1030 2559 1099 unigenitum
2610 1028 2797 1082 Filium
2845 1044 2997 1081 suum
3038 1026 3236 1082 offerre
3274 1025 3397 1080 sibi.
3441 1023 3506 1076 Et

1943 1127 2152 1178 videtur
2185 1122 2546 1191 perniciosum
2604 1123 2705 1175 hoc
2741 1137 2885 1185 esse,
2937 1122 3071 1174 forte
3103 1120 3237 1183 tibi,
3285 1134 3388 1172 non
3425 1127 3505 1171 ta-

1942 1228 2061 1265 men
2102 1211 2362 1276 Abrahze;
2399 1210 2667 1263 Abraham
2699 1210 2841 1263 enim
2893 1209 3098 1263 lucrum
3132 1209 3283 1262 duxit
3312 1230 3323 1264 :
3356 1207 3507 1260 vide-

1942 1306 2137 1358 bantur
2197 1302 2340 1357 enim
2387 1300 2591 1370 iurgari
2645 1302 2852 1354 viscera
2900 1308 2955 1353 et
3007 1299 3351 1367 religiositas.
3397 1294 3502 1351 Sed

1941 1396 2115 1447 adhuc
2162 1393 2299 1461 apud
2334 1406 2430 1445 nos
2458 1391 2662 1460 jnrgari
2700 1398 2959 1457 possunt;
3011 1388 3280 1441 Abraham
3326 1396 3502 1441 autem

1942 1499 2007 1536 ne
2038 1482 2253 1552 quidem
2291 1480 2553 1534 dubitatio
2603 1480 2730 1541 fuit,
2780 1494 2878 1532 nec
2924 1478 3211 1544 cogitatus,
3245 1492 3343 1532 nec
3376 1476 3507 1531 dila-

1943 1575 2015 1627 tio
2046 1593 2059 1629 :
2095 1574 2187 1628 sed
2242 1571 2524 1626 laetabatur
2570 1570 2885 1631 Abraham,
2930 1570 3054 1636 quia
3103 1570 3345 1622 victurus
3391 1576 3509 1621 erat

1941 1666 2083 1719 filius
2109 1665 2224 1733 ejus
2260 1663 2473 1718 oblatus
2504 1681 2516 1715 :
2550 1677 2702 1715 amor
2739 1671 2820 1715 est
2862 1661 3004 1713 enim
3057 1660 3409 1729 religiositas,
3454 1658 3507 1712 ln

1941 1773 2045 1827 qua
2091 1768 2144 1813 et
2178 1758 2418 1811 charitas
2450 1764 2818 1817 mensuratur,
2847 1762 2903 1806 et
2943 1750 3170 1805 affectus
3216 1750 3507 1819 impletur:

264 1885 378 1937 tua.
415 1884 465 1929 et
487 1892 549 1929 ea;
578 1877 716 1929 omni
739 1878 966 1944 potentia
991 1888 1104 1933 tua.
1126 1888 1171 1931 et
1204 1842 1370 1932 mente
1394 1888 1439 1932 et
1468 1894 1619 1931 sensu
1650 1877 1833 1930 tuo“?
1866 1843 1908 1900 Β
1937 1851 1979 1904 δί
2031 1850 2173 1905 enim
2227 1848 2469 1902 Charitas
2520 1862 2624 1944 "(in
2665 1845 2827 1944 {fletu
2880 1844 3050 1897 ouosa
3073 1884 3087 1908 ’
3109 1842 3314 1944 ,Ψηηίθ
3353 1849 3513 1944 cru-nt

263 1965 574 2032 Apparente
606 1966 746 2020 enim
802 1965 1026 2019 Domino
1078 1964 1226 2033 Iesu,
1285 1982 1389 2021 non
1443 1966 1831 2035 derelinquitur

264 2069 392 2122 pars
423 2054 599 2124 aliqua
627 2056 927 2110 dilectionis
954 2056 1068 2120 ulli,
1109 2059 1233 2125 quia
1276 2072 1379 2111 nou
1422 2058 1677 2112 dividitur
1703 2058 1833 2112 cha-

267 2144 401 2198 ritas
428 2145 495 2202 ad
526 2145 689 2199 Deum
720 2156 774 2198 et
806 2147 871 2199 ad
926 2148 1191 2211 homines,
1226 2156 1279 2201 et
1309 2149 1374 2202 ad
1406 2160 1650 2202 emortua
1714 2163 1833 2217 quae

264 2235 319 2289 in
356 2243 498 2289 terra
538 2246 662 2288 sunt
704 2255 715 2290 :
744 2237 835 2289 sed
867 2238 1006 2290 sicut
1037 2246 1322 2306 antequam
1361 2248 1619 2308 appareat
1643 2240 1744 2304 sol,
1779 2250 1833 2295 et

263 2326 510 2380 lucernis
551 2325 802 2391 fruimur,
843 2339 895 2382 et
934 2330 1116 2383 stellas
1151 2332 1404 2398 patimur,
1438 2342 1489 2384 et
1528 2331 1650 2385 luna
1685 2331 1831 2386 dele-

263 2427 509 2484 ctamur;
542 2435 661 2474 cum
708 2430 886 2474 autem
925 2422 1004 2475 sol
1039 2422 1198 2475 fuerit
1241 2423 1409 2485 visus,
1445 2424 1687 2491 quaedam
1714 2424 1834 2492 qui-

265 2509 388 2562 dem
426 2525 527 2564 non
573 2521 782 2578 parent,
831 2512 1075 2579 quaedam
1119 2522 1296 2565 autem
1351 2522 1404 2565 et
1470 2513 1831 2581 occultantur,

264 2614 457 2653 omnes
486 2609 663 2652 autem
695 2611 1017 2656 convertunt
1049 2602 1214 2656 facies
1258 2618 1385 2657 suas
1415 2604 1481 2657 ad
1528 2604 1726 2672 solem;
1780 2615 1834 2660 et

264 2705 387 2745 cum
412 2691 577 2745 multa
596 2693 705 2747 sint
735 2694 895 2759 bona,
924 2694 1106 2749 omnia
1135 2696 1280 2749 enim
1320 2696 1460 2750 bona
1491 2696 1683 2752 valde:
1711 2714 1832 2752 cum

263 2793 445 2837 autem
476 2786 850 2852 apparueritis
878 2801 973 2856 per
991 2801 1149 2857 quem
1176 2787 1275 2842 ista
1307 2786 1470 2851 bona,
1500 2792 1672 2855 bona;
1701 2790 1833 2844 nihil

240 2880 453 2929 'eorum
490 2877 630 2945 quod
680 2878 877 2932 bonum
928 2887 1011 2934 est
1051 2880 1161 2950 jam
1197 2880 1465 2935 videbitur
1505 2881 1723 2937 bonum.
1777 2883 1833 2939 Si

265 2967 391 3034 quis
419 2967 557 3020 vidit
588 2966 812 3039 efﬁgiem
860 2972 1029 3035 audit,
1066 2973 1110 3025 si
1153 2972 1273 3040 quis
1305 2988 1410 3027 non
1439 2973 1651 3028 videtur
1677 2982 1731 3029 et
1778 2983 1837 3029 ut

266 3058 470 3126 videat,
526 3069 579 3114 et
632 3062 934 3115 consentiat
971 3063 1054 3117 his
1104 3078 1223 3132 qua:
1277 3064 1568 3118 dicuntur:
1623 3079 1836 3120 amores

224 3174 230 3178 -
265 3147 410 3203 enim
446 3150 604 3203 clarce
621 3151 1003 3219 pulchritudini
1039 3154 1674 3223 contendunt;quantum
1694 3156 1833 3209 enim

268 3240 471 3294 bonum
495 3250 577 3295 est
607 3243 747 3310 quod
780 3242 1043 3313 diligitur,
1077 3253 1222 3297 tanta
1240 3255 1293 3298 et
1323 3260 1571 3299 mensura
1603 3256 1684 3299 est
1709 3248 1836 3300 cha-

269 3330 469 3385 ritatis.
523 3330 578 3384 Si
632 3332 773 3387 enim
808 3334 947 3388 oculi
990 3333 1189 3389 fuerint
1240 3342 1291 3389 in
1327 3337 1467 3391 facie
1515 3338 1660 3400 boni,
1690 3347 1837 3392 tanta

270 3424 440 3477 motio
465 3423 714 3491 efficitur,
732 3436 988 3495 quantum
1013 3436 1065 3480 et
1084 3427 1225 3480 oculi
1250 3426 1449 3481 fuerint
1472 3428 1599 3482 moti
1624 3444 1634 3479 :
1657 3429 1703 3482 ei
1727 3428 1837 3499 (82)

270 3526 451 3569 autem
488 3518 630 3571 aliud
672 3519 871 3587 aliquid
906 3520 955 3572 in
1002 3521 1195 3587 oculis,
1238 3521 1540 3589 duplicatur
1568 3537 1717 3577 amor
1748 3541 1761 3577 :
1793 3525 1835 3576 si

272 3619 383 3661 tota
410 3608 572 3663 facies
612 3608 773 3663 fuerit
796 3610 957 3673 bona,
984 3612 1146 3665 totius
1164 3611 1341 3665 vultus
1364 3612 1600 3666 charitas
1620 3629 1838 3668 mensu-

272 3708 423 3753 ratnr
455 3719 467 3752 :
506 3700 547 3752 si
574 3709 752 3753 autem
778 3709 832 3754 et
855 3700 958 3753 alia
981 3702 1219 3755 membra
1258 3700 1460 3755 fuerint
1490 3704 1647 3763 bona,
1687 3705 1839 3757 addi—

272 3798 323 3839 ta
344 3787 761 3855 pulchritudine,
794 3789 991 3843 crescit
1013 3798 1066 3843 et
1097 3789 1441 3843 desiderium.
1466 3789 1625 3845 Jesus
1661 3802 1837 3861 autem

274 3889 420 3931 totus
471 3888 553 3931 est
582 3880 775 3941 bonus,
822 3887 874 3932 et
924 3880 1273 3947 verebonus,
1311 3880 1436 3933 boni
1478 3880 1618 3934 enim
1665 3880 1841 3934 Patris

270 3967 558 4035 progenies
588 3977 671 4019 est
707 3967 879 4030 bona;
938 3967 1090 4033 cuius
1136 3967 1591 4035 pulchritudinem
1641 3969 1840 4023 clamat

273 4056 471 4110 coelum
511 4072 604 4124 per
628 4072 779 4110 suam
803 4057 1221 4126 speciositatem.
1270 4054 1435 4111 Istum
1476 4058 1746 4113 collaudat
1790 4072 1841 4114 et

275 4145 404 4199 solis
428 4146 699 4213 splendor,
729 4146 887 4199 istum
943 4146 1196 4214 praedicat
1240 4146 1367 4200 luna
1396 4158 1451 4201 et
1477 4149 1760 4216 incipiens,
1788 4161 1841 4203 et

271 4240 452 4308 plena,
482 4248 535 4293 et
558 4239 832 4292 deficiens.
855 4240 1141 4293 Stellarum
1171 4250 1349 4294 autem
1377 4241 1525 4294 chori
1555 4242 1713 4295 istum
1747 4258 1835 4296 co-

275 4340 491 4396 ronant,
549 4330 641 4385 sed
678 4346 781 4384 non
826 4345 988 4399 opera
1046 4332 1097 4383 iu
1129 4330 1310 4393 istum,
1348 4340 1439 4384 ant
1470 4334 1537 4385 ab
1584 4332 1840 4399 operibus

272 4423 439 4491 gloria
462 4423 597 4492 ejus,
626 4420 718 4474 sed
756 4435 818 4474 ex
865 4421 947 4474 sui
989 4430 1198 4475 natura.
1232 4422 1379 4476 Mare
1403 4422 1563 4476 istum
1591 4423 1840 4479 fluctibus

272 4515 511 4584 praefert,
539 4523 678 4568 terra
698 4528 818 4566 eum
844 4512 1107 4568 fructihus
1124 4525 1348 4569 coronat
1381 4524 1434 4569 et
1456 4514 1697 4580 ﬂoribus,
1719 4518 1843 4571 cho-
1875 4537 1918 4592 Ι)
1947 4511 2068 4565 dam
2116 4511 2557 4565 constitutionem
2601 4512 2681 4565 sui
2716 4512 3040 4567 iuvisihilem
3078 4514 3193 4568 fieri
3232 4532 3247 4569 :

273 4623 362 4663 ros
386 4618 563 4661 autem
582 4608 628 4662 ei
656 4606 976 4661 etauimalia
996 4607 1119 4659 dum
1146 4608 1433 4672 exsultant,
1465 4608 1688 4663 faciunt.
1708 4609 1839 4663 Cum

273 4710 453 4755 autem
505 4702 658 4754 audis
706 4702 831 4770 quia
866 4700 1199 4770 gloriﬁcatur
1237 4700 1408 4755 Filius
1463 4702 1529 4755 ab
1570 4702 1842 4767 omnibus,

274 4794 379 4848 noli
406 4793 645 4846 oblivisci
667 4792 840 4853 Patris
857 4808 1013 4860 quem
1040 4792 1307 4861 glorificat
1333 4792 1523 4846 Filius.
1547 4792 1650 4846 Sed
1678 4796 1742 4847 de
1763 4795 1841 4847 in-

270 4884 562 4941 enarrabili
588 4894 642 4938 et
664 4900 769 4941 non
802 4896 925 4939 nata
960 4895 1148 4939 natura
1172 4884 1349 4938 Patris
1387 4886 1437 4938 in
1468 4888 1725 4940 memoria
1756 4903 1844 4940 ve-

271 4980 389 5030 nire
410 4978 568 5029 timor
601 4985 703 5029 est.
736 4975 869 5041 Quia
893 4992 1023 5046 ergo
1051 4976 1137 5029 ille
1171 4976 1492 5030 timorabilis
1515 4985 1596 5031 est
1627 4987 1845 5046 propter

272 5070 569 5124 bonitatem
590 5077 643 5121 et
668 5069 1163 5135 supereminentem
1201 5068 1608 5135 benignitatem.
1639 5079 1690 5121 et
1720 5069 1843 5137 quia

273 5177 374 5216 nos
395 5177 500 5215 non
526 5175 810 5229 possumus
826 5163 890 5214 ad
907 5162 1052 5215 illum
1079 5176 1176 5215 nec
1192 5169 1368 5215 mente
1395 5160 1659 5228 respicere
1679 5175 1692 5222 ;
1714 5161 1847 5212 ima-

272 5255 449 5324 ginem
479 5251 594 5320 ejus
616 5251 1020 5306 considerantes
1056 5254 1316 5306 miramur
1353 5251 1677 5305 indicibilem
1699 5251 1841 5305 illam

272 5347 526 5398 virtutem
560 5343 981 5397 Patris:etideo
1022 5359 1140 5397 eum
1166 5346 1254 5413 qui
1296 5346 1359 5397 ad
1401 5358 1497 5397 nos
1529 5344 1671 5396 venit
1717 5358 1846 5397 con-

272 5439 609 5501 sideremus,
653 5448 707 5490 et
752 5436 1067 5491 habebimus
1116 5439 1369 5491 fructum.
1417 5434 1558 5489 Dicit
1607 5436 1749 5489 enim
1792 5444 1846 5489 et

273 5536 389 5599 ipse
432 5528 533 5583 :Si
571 5530 687 5597 quia
742 5544 819 5583 me
873 5529 1035 5594 videt,
1086 5530 1216 5582 ridet
1260 5540 1306 5583 et
1356 5527 1566 5582 Patrem
1604 5529 1647 5560 ⁸⁷
1686 5546 1700 5584 :
1750 5526 1842 5595 qui

344 5642 391 5672 “
421 5641 571 5695 Deut.
594 5656 668 5704 vl,
700 5640 754 5693 5.
829 5641 871 5672 ’⁷
913 5639 1068 5697 Jouu.
1102 5659 1204 5708 xw,
1231 5644 1283 5697 9.

349 5802 463 5869 (ετξ)
497 5802 579 5859 Ei.
611 5804 793 5869 Forte,
830 5808 893 5859 si.

1936 1943 2151 1998 etiamsi
2186 1941 2532 1997 coaﬂectatus
2566 1938 2764 2005 fueris;
2817 1947 3038 2006 propter
3085 1928 3331 1990 timorem
3364 1935 3510 1988 enim

1938 2036 1982 2089 si
2029 2035 2321 2097 obedieris,
2356 2034 2630 2103 perfectus
2676 2047 2778 2086 non
2826 2029 2968 2090 eris;
3020 2038 3238 2097 propter
3285 2028 3512 2081 commi-

1939 2126 2212 2181 nationem
2265 2137 2444 2180 autem
2492 2127 2775 2195 gehennae,
2808 2123 2931 2176 mali
2965 2123 3106 2177 servi
3154 2120 3351 2173 malum
3383 2134 3511 2187 pro-

1939 2218 2171 2287 positum
2222 2216 2448 2272 habebis
2491 2235 2505 2270 :
2558 2226 2779 2286 propter
2822 2224 2999 2269 autem
3044 2229 3203 2284 regna
3250 2212 3511 2270 calorum

1939 2316 2189 2370 voluntas
2238 2324 2322 2370 est
2374 2316 2716 2370 mercenarii.
2773 2315 2904 2381 Qua:
2955 2326 3135 2367 autem
3180 2314 3376 2367 decora
3429 2319 3514 2365 est

1939 2408 2066 2461 via?
2101 2417 2318 2475 stupere
2374 2408 2610 2472 bonum,
2662 2407 2851 2460 mirari
2911 2405 3271 2470 immensum,
3329 2417 3515 2461 amare

1944 2501 2129 2555 Deum.
2166 2500 2220 2553 Si
2263 2500 2406 2553 enim
2452 2501 2579 2563 scis,
2610 2515 2713 2553 non
2750 2512 2899 2569 potes
2936 2517 3041 2554 non
3071 2500 3322 2567 diligere;
3355 2498 3400 2551 si
3430 2498 3514 2551 vi-

1940 2593 2102 2657 disti,
2147 2607 2251 2645 non
2302 2604 2453 2659 petes
2499 2609 2603 2645 non
2665 2592 2997 2647 coaffectari.
3063 2591 3207 2645 Nihil
3257 2590 3400 2645 enim
3446 2604 3514 2643 ex

1939 2686 2191 2738 omnibus
2233 2700 2351 2752 quae
2396 2693 2552 2746 sunt,
2612 2699 2785 2750 neque
2836 2684 3016 2737 omnia
3067 2682 3258 2749 simul,
3303 2690 3513 2735 tantum

1943 2776 2193 2837 illiciuut,
2225 2785 2488 2845 quantum
2521 2774 2753 2829 delectat
2784 2790 2924 2830 unus
2958 2776 3198 2829 omnium
3232 2774 3512 2828 Dominus.

1943 2869 2017 2922 Ita
2057 2868 2211 2921 illicit
2251 2877 2305 2922 et
2351 2868 2509 2922 Pater
2546 2867 2589 2920 si
2632 2865 2795 2921 fuerit
2825 2867 3011 2921 visus:
3046 2875 3253 2920 tantum
3287 2867 3430 2920 enim
3466 2867 3513 2921 si

1944 2959 2286 3029 apparuerit,
2340 2958 2474 3012 nihil
2524 2957 2633 3025 jam
2687 2960 2809 3029 quis
2877 2958 3187 3013 sustinebit.
3236 2957 3516 3012 Videbitur

1944 3060 2122 3105 autem
2154 3051 2219 3104 ab
2248 3050 2330 3104 his
2361 3049 2450 3118 qui
2492 3052 2690 3104 mundo
2725 3061 2848 3105 sunt
2877 3050 3068 3113 corde;
3105 3051 3150 3104 si
3180 3049 3323 3103 enim
3354 3065 3512 3102 mun-

1944 3139 2069 3193 dum
2117 3138 2280 3192 fuerit
2320 3153 2433 3204 cor,
2475 3138 2692 3209 effulget
2725 3140 2847 3193 inde
2898 3141 3115 3204 lumen,
3160 3148 3213 3192 et
3247 3139 3515 3194 videbitur

1942 3230 2081 3298 quod
2114 3229 2352 3299 effulget,
2381 3240 2435 3283 et
2466 3230 2650 3284 statim
2686 3242 2975 3301 martyres,
3008 3230 3368 3297 confessores,
3397 3246 3517 3285 san-

1943 3321 2295 3388 ctimonium,
2346 3322 2663 3389 virginitas,
2719 3331 2910 3375 natura
2965 3332 3216 3385 mortua,
3264 3323 3506 3377 membra

1940 3410 2198 3465 crucifixa
2244 3412 2623 3467 :desiderium
2683 3413 2823 3466 enim
2867 3411 3036 3466 fervet
3096 3413 3148 3465 in
3198 3412 3421 3477 animis,
3462 3422 3519 3469 et

1942 3504 2287 3574 coniungitur
2339 3504 2404 3557 ad
2454 3505 2817 3559 desideratum
2870 3523 2884 3559 :
2928 3520 3049 3559 cum
3107 3507 3249 3559 enim
3308 3506 3516 3560 aduna-

1945 3599 2081 3653 verit
2135 3599 2261 3667 quis
2313 3600 2576 3651 bonorum
2629 3606 2961 3663 conventus,
3008 3598 3128 3651 (ξωιί
3185 3598 3512 3665 magnitudi-

1944 3706 2091 3753 nem,
2133 3703 2186 3743 et
2215 3706 2274 3744 ea
2307 3706 2427 3760 quae
2460 3690 2510 3743 in
2546 3689 2665 3758 ipso
2705 3698 2830 3743 sunt
2864 3699 2942 3744 est
2986 3690 3348 3759 pulchritudo,
3389 3689 3517 3743 solis

1945 3782 2251 3850 praedictam
2286 3783 2609 3845 claritatem,
2637 3790 2691 3855 et
2722 3781 2946 3836 aliorum
2978 3782 3218 3835 omnium
3253 3796 3373 3849 qua:
3406 3782 3516 3837 illic

1943 3884 2069 3926 sunt
2104 3875 2277 3937 bona;
2314 3889 2411 3927 nec
2452 3890 2555 3926 non
2585 3884 2638 3926 et
2673 3889 2733 3925 ea
2767 3889 2886 3942 qua:
2918 3874 2969 3927 in
3009 3882 3149 3926 terra
3187 3875 3514 3943 germinant,

1944 3964 2156 4028 ﬂorent,
2198 3965 2595 4032 expanduntnr,
2631 3966 2946 4031 procedunt,
2993 3976 3328 4033 nascuntur;
3372 3977 3425 4020 et
3452 3983 3515 4021 ea

1944 4071 2061 4123 qua:
2102 4058 2153 4108 in
2196 4070 2318 4109 aere
2356 4056 2555 4118 volant,
2600 4068 2654 4109 et
2690 4058 2739 4109 in
2774 4058 2929 4124 aquis
2972 4067 3196 4111 natant:
3229 4074 3351 4112 cum
3401 4060 3516 4114 haec

1944 4147 2119 4199 omnia
2153 4147 2468 4199 adunaverit
2497 4157 2552 4199 ut
2597 4162 2927 4214 componens
2967 4148 3019 4200 in
3058 4164 3253 4212 unum,
3299 4166 3363 4203 ne
3397 4154 3516 4221 qui—

1944 4238 2065 4292 dem
2114 4248 2262 4306 gutta
2317 4246 2376 4291 ut
2427 4239 2492 4291 ad
2535 4238 2675 4291 illam
2725 4238 3178 4307 pulchritudinem
3225 4252 3414 4307 erunt,
3460 4255 3519 4297 ut

1945 4328 2266 4383 desiderium
2298 4340 2517 4399 stupore
2551 4330 2721 4397 magis
2750 4331 2839 4395 sit,
2881 4341 2935 4384 et
2967 4331 3228 4398 charitas,
3259 4342 3315 4387 et
3349 4334 3517 4389 admi-

1944 4421 2104 4485 ratio,
2151 4431 2208 4474 ut
2260 4421 2379 4473 talis
2419 4420 2529 4491 jam
2580 4421 2740 4475 homo
2787 4423 3059 4478 desideret
3091 4439 3285 4478 novam
3326 4440 3519 4495 quam-

3292 4514 3515 4571 affectus

1948 4601 2091 4655 enim
2133 4602 2199 4653 ad
2255 4601 2579 4655 invisibilem
2618 4601 2906 4655 invisibilis
2946 4603 3195 4671 habetur,
3237 4616 3292 4659 et
3326 4607 3517 4662 solitu-

1906 4716 1919 4733 π
1950 4693 2126 4747 dinem
2172 4694 2383 4761 quaerit.
2424 4693 2523 4760 Qui
2567 4702 2744 4748 autem
2776 4695 2845 4749 ad
2878 4696 3035 4750 istam
3080 4699 3515 4755 constitutionem

1948 4786 2267 4849 occurrerit,
2301 4787 2471 4840 nescit
2502 4787 2623 4856 quia
2668 4796 2722 4840 et
2760 4787 2955 4842 coelum
2981 4798 3033 4844 et
3071 4800 3263 4844 terran:
3292 4807 3396 4844 non
3440 4792 3519 4845 vi-

1951 4878 2069 4939 det,
2113 4893 2213 4931 ncc
2248 4879 2397 4931 novit
2438 4879 2486 4932 in
2518 4881 2700 4948 quoin
2748 4891 2888 4936 terra
2920 4894 2996 4937 est
3039 4887 3195 4938 loco:
3230 4886 3394 4940 maris
3424 4901 3520 4939 au-

1953 4979 2058 5022 tem
2104 4985 2171 5023 ne
2211 4971 2422 5039 quidem
2468 4988 2675 5027 memor
2723 4986 2841 5041 est,
2888 4986 2942 5029 et
2979 4976 3196 5030 fluinina
3243 4978 3516 5046 despicit:

1954 5063 2117 5117 solem
2152 5080 2257 5117 non
2294 5065 2471 5132 videt,
2515 5066 2695 5120 lunam
2733 5086 2835 5121 non
2869 5069 3192 5133 considerat,
3240 5071 3515 5125 stellarum

1952 5172 2160 5209 memor
2195 5171 2300 5209 non
2343 5166 2457 5224 est;
2493 5160 2718 5229 despicit
2751 5171 2929 5215 autem
2958 5172 3012 5215 et
3046 5163 3357 5231 angelorum
3390 5165 3515 5219 cbo-

1949 5264 2075 5303 ros:
2113 5265 2250 5303 unus
2291 5250 2433 5303 enim
2471 5252 2559 5305 ille
2604 5268 2708 5305 non
2759 5253 3017 5319 permittit
3051 5255 3215 5309 dividi
3258 5256 3517 5311 visionem

1947 5344 2012 5395 ad
2048 5342 2234 5398 multa.
2274 5342 2374 5410 Qui
2421 5343 2564 5395 enim
2599 5344 2650 5396 in
2702 5344 2793 5396 tali
2842 5347 3228 5401 constitutione
3266 5348 3515 5412 habetur,

1946 5431 2117 5487 nescit
2146 5433 2268 5502 quia
2293 5444 2347 5487 et
2368 5432 2584 5501 carnem
2618 5434 2798 5501 habet,
2824 5447 2879 5490 et
2910 5439 3050 5505 quod
3087 5449 3170 5493 est
3202 5442 3515 5503 maximum,

1946 5541 2044 5581 nec
2076 5526 2268 5581 anima:
2297 5542 2406 5581 sua:
2446 5540 2652 5582 memor
2684 5537 2765 5582 est
2809 5547 2821 5583 :
2859 5536 3004 5583 totus
3047 5530 3189 5584 enim
3226 5541 3517 5589 evacuatus
