3956 6528
546 414 679 473 11Ἱὸ

1213 402 1482 465 ΕυεΕΒιι
1521 396 2005 459 (ΣᾸΞΞΑΒῙΕΝΒῙΞ
2045 396 2193 453 OPP.
2236 393 2414 448 PARS
2454 392 2542 447 IV.
2582 419 2650 431 —-
2689 384 3106 479 DOGMATICA.

3587 396 3697 452 Ilii)

535 540 589 594 in
628 538 775 594 illum
828 543 911 589 est
956 544 1117 602 quem
1153 530 1455 591 desiderat,
1498 534 1552 582 et
1585 524 1838 580 universa
1883 522 1931 577 ei
1973 528 2098 574 sunt
2128 523 2174 579 Α
2203 524 2307 569 tur.
2340 516 2478 570 Vere
2512 515 2669 566 beata
2706 518 2759 563 et
2796 508 2975 569 Petra,
3006 506 3060 559 in
3096 518 3199 574 qua
3240 520 3418 561 sumus
3453 518 3501 562 et
3534 514 3693 578 posin:

531 637 805 693 emortua,
833 635 888 682 et
926 625 1001 680 illi
1032 624 1164 678 vivit
1197 621 1316 675 soli.
1352 618 1419 674 Et
1449 615 1551 674 hoc
1580 626 1665 672 est
1713 613 1842 670 illud
1892 612 2102 681 insigne

529 721 673 793 quod
706 721 781 775 ait
826 717 1113 790 Apostolus
1151 734 1164 770 :
1222 713 1344 767 Vivo
1387 728 1518 783 ego,
1558 711 1677 780 jam
1721 724 1825 763 non
1871 722 1985 775 ego,
2012 705 2102 757 sed

528 814 651 869 vivit
690 814 746 867 in
780 827 861 865 me
908 808 1149 865 Christus
1171 809 1235 861 ’⁸.
1268 803 1550 861 Desiderio
1579 801 1723 855 enim
1768 808 1909 854 totus
1939 798 2094 851 devo-

529 915 679 961 ratus
719 913 777 961 et
817 920 847 958 a
880 902 1171 971 semetipso
1205 898 1519 960 discedens,
1564 895 1709 950 illius
1743 899 1922 946 autem
1970 889 2103 945 aﬁ'e-

528 1008 677 1063 ctus;
720 997 858 1052 bona
891 995 1107 1064 quidem
1148 1000 1325 1046 morte
1360 998 1445 1044 est
1480 995 1745 1049 mortuus,
1775 984 1973 1038 bonam
2004 996 2103 1036 au-

526 1101 637 1144 tem
666 1093 830 1143 vitam
863 1084 1214 1142 commutavit
1242 1091 1299 1134 ut
1323 1082 1468 1136 dicat
1500 1097 1512 1134 :
1556 1076 1681 1133 Vivo
1704 1078 1819 1147 jam
1852 1092 1956 1130 non
1984 1092 2097 1146 ego.

528 1180 586 1236 Si
612 1181 734 1251 quis
760 1178 1031 1235 unanimis
1056 1188 1105 1231 et
1142 1176 1310 1241 ipsius
1347 1174 1541 1243 lingua:
1568 1184 1651 1227 est
1689 1169 1880 1235 Paulo,
1921 1170 2102 1225 audiet

524 1263 750 1322 Paulum
784 1267 1052 1321 dicentem
1082 1281 1096 1317 :
1137 1260 1284 1326 Vivo,
1305 1262 1421 1331 jam
1448 1276 1551 1314 non
1580 1276 1691 1329 ego.
1714 1257 1821 1315 Sed
1850 1274 1970 1330 qua:
2008 1268 2098 1313 tua

524 1374 609 1417 est
641 1361 770 1425 vita,
798 1376 831 1413 o
859 1358 1064 1412 Paule?
1096 1356 1202 1411 Sed
1236 1356 1375 1417 vivit,
1411 1352 1602 1421 inquit,
1638 1353 1691 1407 in
1724 1369 1801 1405 me
1834 1350 2096 1407 Christus.

525 1453 582 1508 ln
608 1470 714 1524 quo
739 1453 871 1507 vivit
899 1449 1172 1513 Christus,
1200 1446 1475 1502 Christum
1513 1446 1733 1500 indutus
1762 1454 1843 1501 est
1868 1464 1881 1499 :
1913 1444 2097 1499 istius-

525 1545 667 1600 modi
713 1545 874 1598 hmno
902 1544 992 1613 qui
1024 1542 1244 1597 Christo
1278 1539 1501 1593 indutus
1533 1548 1638 1603 est,
1682 1553 1785 1592 non
1827 1537 2094 1600 tunicam,

523 1637 618 1690 sed
661 1636 797 1691 sicut
831 1636 1031 1688 ferrum
1061 1634 1183 1701 igne
1226 1643 1369 1688 totus
1418 1648 1513 1701 per
1557 1640 1728 1685 totum
1778 1628 2094 1694 incanduit,

527 1736 669 1781 totus
709 1740 804 1795 per
840 1734 1007 1779 totum
1051 1722 1389 1777 illuniinatus
1422 1731 1526 1788 est,
1558 1720 1735 1775 nullus
1776 1719 1824 1775 ei
1861 1717 1974 1787 jam
2009 1735 2095 1773 re-

525 1819 683 1873 lictus
720 1828 803 1871 est
853 1830 960 1871 non
1002 1827 1212 1881 tuotus,
1264 1830 1368 1869 non
1418 1813 1651 1868 affectio.
1701 1812 1807 1866 Sed
1858 1826 1955 1865 nos
2003 1811 2092 1878 qui

2205 606 2347 663 beati
2384 615 2441 661 et
2471 604 2637 659 maris
2673 600 2867 655 ﬂuctus
2903 598 2992 667 qui
3029 597 3247 667 vestigia
3276 598 3471 652 Domini
3505 604 3690 660 osculati

2200 708 2360 758 sum;
2404 707 2457 753 ει
2495 698 2672 768 pisces
2713 693 2801 765 qui
2857 699 3127 760 praecepto
3171 690 3338 744 educti
3375 702 3508 746 sunt.
3535 694 3693 751 Beatus

2204 802 2258 847 et
2296 791 2382 847 ille
2420 789 2584 862 piscis
2610 787 2699 857 qui
2738 785 2883 840 dedit
2915 798 3013 852 pro
3051 781 3273 836 Domino
3315 797 3534 837 censum.
3573 785 3700 841 Beata

2203 893 2260 938 et
2299 893 2442 936 terra
2494 890 2548 935 et
2598 893 2745 934 mare
2790 896 2804 931 :
2850 885 3077 945 utraque
3128 873 3266 927 enim
3314 889 3489 943 passus
3532 876 3699 931 Domini

2203 982 2574 1042 susceperunt.
2615 971 2811 1026 Beatus
2853 977 2909 1023 et
2952 965 3242 1021 Zacchmus
3278 966 3365 1035 qui
3400 969 3610 1021 cucurrit
3650 973 3700 1024 ad

2203 1068 2387 1132 ﬁcum,
2414 1074 2468 1122 et
2504 1074 2728 1119 vocatus
2754 1063 2819 1116 ad
2849 1061 3068 1115 domum
3108 1066 3213 1113 est.
3244 1057 3310 1112 Et
3348 1058 3593 1127 peccatrix
3633 1060 3699 1115 ills

2203 1159 2419 1223 mulier,
2461 1172 2580 1226 quae
2624 1157 2762 1211 bona
2808 1151 3212 1224 importunitate
3256 1150 3480 1219 ingressa
3523 1161 3590 1206 est
3634 1167 3700 1207 re-

2200 1251 2611 1307 cnmbentihus:
2651 1246 3018 1303 contaminata
3052 1243 3194 1298 enim
3227 1242 3476 1306 introivit,
3508 1252 3554 1298 et
3584 1259 3701 1298 mun—

2200 1346 2323 1400 data
2363 1342 2546 1399 exivit.
2579 1341 2719 1410 Ergo
2747 1353 2934 1395 omnes
2975 1336 3113 1391 beati
3157 1350 3222 1388 ex
3263 1336 3483 1389 adventu
3520 1334 3702 1400 Christi,

2198 1449 2254 1493 et
2299 1437 2495 1493 mortui
2542 1434 2633 1504 qui
2670 1434 2779 1503 jam
2826 1447 2931 1485 non
2973 1428 3201 1491 mortui,
3240 1436 3291 1481 et
3331 1426 3452 1481 caeci
3487 1427 3587 1499 jatq
3622 1441 3701 1479 non

2197 1532 2346 1593 caeci,
2377 1539 2432 1582 et
2466 1526 2638 1583 claudi
2689 1525 2968 1585 salientes,
2995 1532 3049 1577 et
3079 1520 3209 1575 muti
3248 1518 3533 1582 laudantes,
3565 1526 3609 1571 et
3638 1518 3703 1570 ille

2198 1624 2286 1695 qui
2316 1622 2534 1678 sedebat
2573 1620 2638 1674 ad
2672 1620 2857 1690 pedes,
2898 1615 2988 1685 qui
3021 1624 3146 1667 ante
3187 1628 3216 1665 a
3260 1609 3460 1680 legione
3494 1607 3704 1675 impulsus

2197 1715 2469 1771 currebat.
2518 1711 2665 1767 Beati
2707 1711 2796 1781 qui
2841 1709 2893 1763 in
2933 1704 3135 1772 nuptiis
3178 1702 3421 1757 biberunt
3462 1700 3619 1753 vinum
3653 1713 3702 1752 et

2199 1817 2485 1879 praecepto.
2515 1804 2654 1872 Quid
2686 1805 2829 1873 {ergo
2870 1813 3056 1854 omnes
3098 1796 3241 1850 beati
3264 1832 3280 1856 .
3324 1802 3411 1846 aut
3449 1790 3636 1860 quidam
3665 1798 3705 1842 ετ

520 1910 717 1966 Christi
757 1924 974 1966 sensum
1027 1908 1311 1973 habemus,
1360 1921 1463 1960 non
1498 1904 1700 1974 pigebit
1747 1918 1845 1958 nos
1890 1901 2090 1963 dicere,
2128 1881 2166 1939 Β
2197 1900 2567 1957 miserabiles?
2611 1896 2777 1954 Judas
2828 1892 2969 1947 enim
3027 1888 3117 1959 qui
3172 1887 3373 1939 utinam
3430 1889 3572 1936 natus
3622 1893 3703 1930 non

522 2004 646 2071 quia
677 2001 798 2055 talis
829 2002 988 2055 homo
1020 2000 1269 2053 Christus
1297 2006 1380 2051 est
1412 1997 1605 2051 factus.
1633 1993 2090 2062 Quemadmodum

521 2107 721 2157 autem,
752 2092 892 2146 sicut
921 2091 1124 2145 dictum
1165 2100 1267 2153 est,
1302 2089 1564 2141 miscetur
1607 2085 1831 2139 allectus
1876 2083 2093 2137 deside-

521 2187 691 2251 ranti,
738 2194 790 2239 et
839 2183 1029 2239 oculus
1078 2182 1262 2235 lumen
1315 2180 1618 2247 suscipiens
1662 2177 1889 2231 eﬁicitur
1935 2174 2092 2228 lumi-

521 2292 688 2334 nosus
719 2300 729 2333 :
761 2287 815 2331 et
848 2275 1083 2337 ferrum;
1131 2273 1330 2341 saepius
1378 2272 1523 2325 enim
1560 2278 1877 2340 repetuntur
1920 2270 2088 2331 bona;

520 2379 645 2424 ante
694 2370 871 2437 ignem
921 2365 1139 2434 quidem
1185 2363 1386 2417 ferrum
1435 2372 1581 2428 erat,
1628 2362 1681 2415 in
1739 2362 1859 2430 igne
1912 2371 2089 2413 autem

521 2461 658 2528 ignis
690 2460 860 2529 magis
887 2473 1047 2527 quam
1080 2456 1281 2509 ferrum
1313 2464 1396 2509 est
1427 2453 1622 2506 factus.
1648 2452 1843 2505 Audite
1883 2452 2091 2504 deside-

520 2553 756 2609 rantium
792 2550 950 2604 verba
984 2563 1050 2601 ne
1081 2546 1223 2601 forte
1261 2556 1315 2599 et
1347 2561 1439 2599 vos
1476 2543 1797 2597 moveamini
1840 2543 1904 2595 ad
1946 2542 2090 2595 desi-

519 2647 754 2701 derium.
786 2642 924 2696 Dicit
954 2642 1056 2695 iste
1102 2640 1289 2693 ebrius
1334 2653 1438 2691 non
1479 2637 1624 2701 vino,
1654 2635 1746 2689 sed
1784 2649 1942 2703 quem
1979 2634 2093 2685 iuc-

522 2736 718 2791 hriavit
759 2733 1004 2789 Christus
1044 2731 1354 2787 desiderio:
1388 2728 1523 2783 Mihi
1568 2740 1743 2781 autem
1794 2727 1930 2779 absit
1975 2724 2091 2796 glo-

515 2830 646 2885 riari
676 2828 777 2882 nisi
809 2826 864 2880 in
906 2842 1057 2880 crure
1095 2823 1291 2877 Christi
1313 2823 1357 2854 ”
1387 2841 1399 2875 :
1439 2822 1490 2875 in
1526 2821 1720 2891 quibus
1754 2819 1826 2872 illi
1861 2818 2089 2873 confun-

515 2920 735 2984 duntur,
776 2919 866 2973 alii
900 2918 1242 2988 gloriantur:
1278 2916 1368 2985 qui
1402 2914 1547 2969 enim
1586 2914 1770 2967 ebrius
1796 2921 1877 2965 est
1920 2910 2092 2965 nescit

516 3004 759 3072 irrideri,
795 3010 886 3065 sed
937 3009 1126 3066 irridet
1162 3007 1483 3073 irridentes,
1530 3016 1617 3060 est
1658 3006 1801 3059 enim
1858 3014 2000 3059 totus
2037 3002 2088 3056 in

514 3105 661 3158 vino.
704 3108 762 3159 Si
795 3119 923 3174 ergo
970 3102 1060 3173 qui
1104 3103 1157 3155 in
1190 3103 1318 3155 vino
1347 3110 1430 3155 est
1464 3114 1569 3154 non
1608 3098 1898 3161 irridetur;
1932 3106 2090 3166 putas

515 3196 608 3265 qui
638 3197 690 3250 in
725 3196 943 3251 Christo
980 3203 1062 3249 est
1091 3195 1191 3248 scit
1216 3193 1343 3263 quid
1376 3202 1457 3247 est
1496 3190 1781 3246 confusio?
1814 3204 1919 3243 non
1946 3188 2086 3242 enim
2116 3227 2158 3281 ο

516 3287 593 3343 ita
626 3288 797 3358 tangit
824 3289 1006 3341 vinum
1044 3286 1339 3350 hominem,
1368 3293 1633 3353 quantum
1668 3281 1839 3352 tangit
1872 3279 2084 3333 virtus:

514 3395 691 3451 neque
731 3381 802 3434 ita
840 3380 1007 3449 tangit
1058 3378 1197 3448 ignis
1251 3391 1313 3430 ea
1362 3392 1480 3446 qua:
1521 3376 1573 3429 in
1626 3377 1799 3444 ipsum
1844 3387 2094 3427 incurre-

514 3472 656 3538 rint,
695 3482 954 3541 quantum
1001 3470 1270 3525 illuminat
1307 3468 1473 3522 Filius
1510 3483 1604 3527 eos
1656 3468 1746 3537 qui
1791 3482 1850 3521 se
1895 3465 2095 3519 fuerint

516 3562 710 3618 induti.
739 3560 873 3629 Quis
912 3571 1067 3629 putas
1098 3560 1263 3615 habet
1307 3558 1584 3613 Christum
1616 3559 1707 3627 qui
1744 3558 2091 3626 praedicatur,

521 3662 579 3705 ut
609 3663 797 3706 noscat
835 3668 897 3706 ea
943 3667 1062 3720 quae
1098 3650 1384 3711 dicuntur?
1412 3665 1535 3703 cum
1581 3650 1725 3703 enim
1776 3667 1883 3704 non
1934 3651 2097 3705 fuerit

522 3742 852 3797 conscientia
884 3742 1027 3797 intus
1058 3756 1177 3811 quae
1206 3740 1450 3796 sermoni
1490 3750 1743 3803 testetur,
1774 3742 1948 3795 otiosa
1977 3742 2095 3811 ejus

519 3835 610 3903 qui
656 3834 896 3904 loquitur
944 3834 1106 3889 verba
1163 3835 1526 3899 habebuntur,
1571 3846 1628 3889 et
1669 3833 1955 3899 eﬁicietur,
2003 3837 2093 3903 qui

520 3925 776 3995 loquitur,
807 3925 1068 3980 barbarus
1097 3927 1165 3982 iis
1196 3928 1287 3996 qui
1333 3941 1438 3980 non
1472 3925 1716 3980 audiunt.
1748 3925 1881 3979 Cum
1915 3937 2093 3980 autem

521 4016 854 4087 praeveniens
892 4016 1072 4071 anima
1107 4017 1469 4072 recondiderit
1501 4018 1627 4081 sibi,
1662 4027 1727 4084 et,
1750 4017 1898 4071 ﬁnita
1936 4018 2099 4071 fuerit

522 4109 821 4176 desiderio;
858 4108 1002 4165 forte
1028 4119 1082 4164 et
1122 4110 1377 4164 irascitur
1413 4109 1480 4163 ad
1516 4110 1807 4173 dicentem,
1835 4110 1960 4177 quia
1990 4126 2097 4165 non

525 4209 671 4257 tanta
702 4201 1092 4271 interpretatur
1124 4210 1325 4271 quanta
1359 4201 1531 4269 ipsam
1565 4210 1802 4256 movent.
1833 4200 1936 4255 Sed
1969 4217 2099 4256 con-

530 4292 711 4346 n-dite
758 4291 1068 4359 quicunque
1114 4291 1185 4344 ita
1248 4291 1647 4361 proposuistis;
1708 4274 2098 4360 ininterpreta-

522 4385 644 4440 hilis
687 4383 832 4438 enim
882 4385 1086 4453 estqui
1130 4383 1491 4438 desideratur.
1540 4384 1653 4453 Ego
1706 4396 1840 4436 sane
1886 4382 2098 4437 beatam

522 4478 642 4532 dico
671 4476 855 4541 illam,
901 4492 1020 4546 qua:
1054 4476 1213 4545 digna
1256 4474 1497 4543 iudicata
1548 4484 1633 4529 est
1668 4474 1834 4526 Deum
1885 4482 2101 4542 portare

2193 1994 2374 2050 esset!
2430 2002 2588 2063 putas
2648 1988 2773 2058 quia
2836 1984 2973 2053 apud
3030 1980 3376 2048 semetipsum
3427 1989 3525 2029 non
3569 1970 3702 2025 dixit:

2195 2060 2565 2143 Utinam-non
2602 2081 2872 2139 venisset,
2931 2085 2990 2129 ut
3031 2088 3133 2143 ego
3183 2086 3287 2126 non
3338 2060 3700 2121 condemuarer!

2192 2176 2355 2231 Putas
2399 2184 2454 2228 et
2505 2173 2672 2229 Judaei
2736 2170 2779 2223 si
2829 2167 3125 2223 voluissent
3190 2162 3413 2216 fuissent
3476 2155 3629 2216 beati,
3666 2163 3704 2206 et

2192 2267 2395 2339 primi?
2445 2262 2581 2331 Quid
2633 2261 2800 2333 ergo?
2847 2259 2985 2326 Quia
3036 2256 3327 2309 noluerunt
3366 2249 3520 2305 Judaei
3554 2265 3566 2301 :
3596 2242 3704 2297 Num

2192 2338 2536 2414 incredulitas
2582 2370 2762 2408 eorum
2825 2352 2983 2420 ﬁdem
3034 2347 3129 2401 Dei
3193 2343 3497 2401 evacuabit?
3533 2338 3703 2392 absit”.

2191 2453 2289 2519 Qui
2322 2451 2464 2506 enim
2498 2448 2647 2503 venit
2681 2448 2746 2501 ad
2788 2442 3086 2499 faciendum
3127 2440 3287 2503 bene,
3315 2435 3457 2489 venit
3487 2429 3699 2499 siquidem

2191 2552 2246 2599 et
2284 2544 2464 2598 lumen
2501 2540 2693 2600 oritur,
2734 2551 2840 2590 non
2889 2544 2948 2588 ut
2992 2533 3304 2597 occidamus
3349 2527 3561 2594 aliquem
3596 2538 3607 2573 :
3641 2518 3707 2571 ille

2190 2635 2333 2689 enim
2383 2632 2553 2686 malus
2599 2639 2712 2695 est,
2768 2627 2860 2697 qui
2910 2627 3053 2680 booo
3110 2623 3280 2676 utitur
3326 2617 3477 2672 male.
3517 2613 3629 2675 Nam
3668 2618 3706 2663 et

2192 2731 2395 2785 ferrum
2441 2729 2625 2784 datum
2674 2736 2757 2780 est
2799 2724 2863 2778 ad
2908 2723 3132 2777 culturae
3195 2717 3449 2775 medelam
3486 2731 3497 2767 :
3540 2711 3578 2765 si
3613 2709 3707 2778 quis

2191 2834 2370 2877 autem
2404 2821 2547 2875 ferro
2582 2834 2710 2873 usus
2740 2817 3021 2880 occiderit,
3058 2830 3160 2869 non
3208 2821 3290 2867 est
3327 2806 3599 2877 culpandus
3635 2801 3703 2870 qui

2163 2912 2433 2971 'donavit.
2475 2912 2754 2982 Siquidem
2786 2918 2841 2965 et
2875 2908 3012 2978 ignis
3044 2908 3110 2961 ad
3140 2919 3323 2970 curas,
3355 2900 3419 2955 ad
3448 2892 3703 2953 luminaria,

2190 3011 2257 3067 ad
2288 3008 2640 3063 excoctiones
2671 3006 2826 3059 datus
2859 3010 2942 3056 est
2976 3001 3129 3056 nobis
3168 3019 3182 3053 :
3229 2998 3272 3052 si
3318 2995 3435 3067 quis
3464 2994 3629 3044 autem
3662 2996 3708 3035 eo

2191 3103 2259 3158 ad
2301 3100 2689 3158 incendendam
2735 3095 2965 3164 proximi
3009 3094 3230 3147 domum
3277 3087 3433 3144 fuerit
3476 3096 3617 3144 usus,
3648 3074 3711 3129 ille

2192 3193 2366 3248 malus
2403 3191 2603 3261 estqui
2649 3190 2818 3242 utitur
2860 3184 3019 3241 male.
3061 3185 3252 3254 Neque
3295 3195 3426 3249 aqua
3462 3174 3587 3231 mala
3617 3169 3710 3239 quis

2195 3282 2561 3355 prteforantur
2591 3282 2809 3352 quidam
2839 3298 2851 3333 :
2884 3279 2928 3334 si
2966 3279 3111 3333 enim
3146 3278 3319 3346 ipsam
3364 3287 3478 3342 qua)
3507 3270 3565 3320 ad
3594 3274 3711 3316 “sum

2196 3376 2485 3446 plurimum
2526 3385 2578 3430 ct
2611 3375 2676 3427 ad
2714 3372 3065 3427 refectionem
3104 3371 3229 3423 data
3261 3376 3374 3431 est,
3418 3367 3592 3418 bonam
3626 3350 3713 3420 Qui-

2195 3470 2340 3533 dem,
2380 3468 2519 3522 male
2564 3469 2629 3521 ad
2677 3464 3115 3520 interﬁciendum
3168 3468 3413 3521 utuntur,
3449 3453 3540 3523 ipsi
3580 3446 3716 3517 potius

2195 3559 2484 3630 perniciosi
2518 3568 2676 3622 sunt,
2713 3572 2872 3627 quam
2918 3555 3219 3625 opiﬁcium.
3263 3553 3329 3607 Et
3368 3548 3496 3617 lapis
3527 3544 3583 3596 ad
3617 3551 3715 3592 con-

2196 3651 2546 3705 structionem
2565 3659 2645 3704 est
2670 3652 2840 3715 datus,
2879 3647 3010 3703 Cain
3030 3657 3211 3701 autem
3248 3659 3312 3699 eo
3343 3642 3407 3695 ad
3443 3630 3717 3693 interiectio-

2198 3760 2318 3799 nem
2342 3742 2528 3797 fratris
2552 3751 2635 3796 est
2656 3757 2813 3797 usus:
2839 3749 3043 3794 tantum
3064 3738 3208 3793 enim
3229 3735 3349 3791 mali
3373 3742 3492 3789 sunt
3519 3726 3598 3796 Qui
3625 3726 3718 3776 δυηῑ

2200 3832 2351 3897 mali,
2382 3833 2507 3901 quia
2550 3831 2753 3886 bonum
2783 3828 2855 3883 ad
2888 3828 3085 3883 malum
3118 3831 3460 3881 convertunt.
3483 3816 3619 3872 Jesus
3642 3820 3716 3901 ptis

2197 3934 2317 3990 est,
2359 3899 2414 3979 et
2450 3924 2599 3979 venit
2645 3920 2954 3992 paciﬁcare'
2990 3934 3109 3989 qua:
3160 3919 3211 3972 in
3260 3915 3398 3971 cudo
3455 3916 3566 3963 sunt
3601 3910 3644 3955 et
3681 3899 3718 3951 in

2200 4028 2368 4071 terra.
2402 4016 2457 4071 Si
2487 4017 2605 4070 haec
2641 4029 2770 4069 vera
2801 4023 2947 4077 sunt,
2986 4011 3125 4065 sicut
3152 4024 3317 4073 vera;
3347 4004 3469 4076 quid
3507 3996 3717 4052 faciem“s

2201 4108 2285 4161 his
2316 4124 2436 4177 qua:
2484 4106 2623 4163 lecta
2654 4115 2781 4160 sunt
2816 4104 3009 4160 hodie?
3042 4102 3181 4157 Dicit
3210 4103 3355 4158 enim
3387 4099 3496 4166 ipse
3522 4088 3718 4146 Salvator

2203 4201 2258 4254 in
2299 4199 2627 4270 Evangelio:
2670 4196 2853 4252 Nolite
2886 4205 3070 4264 putare
3115 4195 3240 4263 quia
3284 4191 3395 4244 veni
3442 4187 3620 4240 mittere
3649 4187 3717 4239 P“

2204 4306 2317 4344 cem.
2364 4291 2419 4344 in
2459 4301 2654 4344 terram
2682 4288 2725 4346 ³.
2775 4285 3028 4355 Nunquid
3083 4285 3171 4337 nix
3222 4282 3514 4336 calefacere
3555 4271 3719 4341 potest.

2205 4390 2297 4435 aut
2341 4382 2482 4453 ignis
2529 4382 2655 4436 dare
2692 4377 2990 4449 frigorem?
3028 4376 3281 4445 Nunquid
3318 4387 3416 4444 pax
3456 4366 3719 4453 potestnOﬂ

2211 4476 2422 4531 mittere
2486 4475 2719 4544 pacem?
2772 4475 3052 4541 Quomodo
3107 4486 3238 4544 ergo
3295 4469 3407 4535 ipse
3449 4474 3543 4531 pax
3592 4448 3721 4544 dicit

521 4570 576 4623 in
623 4579 803 4625 utero.
850 4568 961 4638 Ego
1012 4579 1066 4624 et
1112 4568 1435 4639 praesepium
1488 4567 1615 4621 illud
1663 4566 1858 4635 diligo,
1900 4565 1953 4618 in
1996 4578 2101 4632 quo
2133 4563 2179 4617 D
2210 4566 2393 4621 Nolite
2432 4534 2618 4636 putare
2649 4534 2939 4637 quiawveni
2984 4534 3417 4635 pacemvmittere
3447 4554 3496 4604 in
3539 4534 3720 4599 terram?

522 4663 649 4716 vita:
680 4662 911 4730 positum
942 4671 1023 4715 est
1056 4661 1411 4715 medicamen.
1439 4658 1505 4713 Et
1534 4673 1721 4728 magos
1762 4659 1950 4711 beatos
1981 4656 2117 4726 dico.

519 4755 591 4811 ob
630 4754 1055 4809 immutationem
1104 4754 1259 4809 artis.
1307 4753 1473 4807 Beata
1502 4763 1557 4806 et
1604 4749 1861 4811 Rachael,
1893 4759 1946 4801 et
1987 4748 2100 4815 jam

521 4861 625 4901 non
683 4846 896 4916 ploret,
944 4847 1067 4915 quia
1125 4845 1242 4914 ejus
1292 4844 1388 4899 ﬁlii
1438 4853 1707 4913 martyres
1776 4839 2107 4893 exstiterunt

520 4939 745 4994 Christi.
795 4937 1012 4993 Simeon
1062 4948 1242 4992 autem
1291 4936 1381 4991 ille
1428 4944 1482 4989 ct
1525 4936 1682 4989 Anna
1728 4932 1847 4985 ideo
1896 4929 2100 4997 gratias

528 5032 781 5099 agebant,
810 5032 935 5102 quia
982 5032 1127 5097 digni
1158 5028 1385 5099 iudicati
1432 5036 1556 5081 sunt
1592 5025 1772 5079 videre
1818 5037 1975 5090 quem
2007 5021 2100 5075 de-

523 5124 838 5179 siderabant
902 5124 1059 5179 multi
1125 5123 1384 5192 quidem,
1443 5121 1693 5173 viderunt
1752 5126 1934 5170 autem
1993 5129 2100 5168 non

522 5231 733 5270 omnes.
761 5215 997 5272 Joannes
1039 5227 1220 5270 autem
1253 5214 1340 5269 ille
1376 5214 1465 5283 qui
1501 5213 1554 5266 in
1596 5220 1815 5281 pectore
1853 5208 2102 5262 recubuit

542 5306 779 5373 Domini,
807 5310 931 5365 inde
963 5310 1223 5364 hauriens
1251 5307 1409 5362 nobis
1440 5304 1712 5373 loquitur:
1746 5301 1813 5355 In
1845 5300 2103 5370 principio

518 5410 635 5454 erat
698 5400 920 5455 Verbum
978 5402 1015 5455 ¹.
1080 5396 1273 5456 Petrus
1321 5413 1450 5453 vero
1493 5397 1583 5466 qui
1632 5411 1661 5448 a
1713 5393 1874 5447 Patre
1913 5394 2104 5461 dignus

518 5488 792 5556 judicatus
852 5488 1236 5543 revelatiouem
1309 5487 1573 5554 accipere,
1624 5491 1678 5537 et
1734 5481 1917 5534 videre
1980 5493 2101 5531 eum

521 5590 681 5648 quem
729 5595 832 5633 non
869 5580 1112 5640 videbat,
1163 5588 1216 5631 et
1250 5591 1473 5632 noscere
1501 5590 1621 5630 eum
1656 5573 1747 5641 qui
1794 5570 2105 5626 occultaba-

592 5693 639 5727 "
678 5692 799 5748 Gal.
828 5710 887 5753 ιι.
917 5692 1009 5747 20.
1085 5692 1132 5724 ⁹⁹
1164 5690 1288 5747 Gai.
1316 5706 1393 5759 vr,
1421 5691 1512 5746 ιι.

524 5774 605 5829 ttt,
637 5760 721 5818 1-7.
802 5765 821 5795 ⁸
857 5764 1044 5818 Matth.
1073 5779 1163 5823 xv.
1188 5761 1289 5815 ἰαί.

593 5877 708 5943 (85)
750 5875 871 5942 515.,
905 5877 1209 5934 dissenserit
1248 5874 1365 5929 sibi.

1588 5690 1603 5721 ¹
1644 5685 1801 5745 ιοειη.
1833 5702 1869 5747 ι.
1905 5684 1953 5738 1.

2034 5687 2052 5716 ’
2092 5685 2245 5742 Rom.
2275 5703 2358 5757 ιιι,
2381 5688 2435 5745 5.
2512 5690 2534 5722 ³
2572 5688 2762 5744 Matth.
2793 5704 2847 5756 ς,
2870 5682 2958 5744 54.

2201 4660 2269 4715 de
2300 4675 2404 4730 qua
2446 4675 2578 4714 sane
2624 4636 2824 4714 dictum
2859 4668 2972 4722 est,
3012 4668 3068 4711 et
3096 4656 3160 4710 de
3193 4668 3323 4724 quo,
3357 4647 3473 4717 quia
3515 4636 3629 4730 venit
3656 4644 3721 4730 im“

2202 4751 2419 4819 ciﬁcare
2458 4766 2575 4820 qua:
2605 4750 2658 4803 in
2695 4748 2821 4802 caelo
2857 4756 2976 4802 sunt
3015 4757 3061 4801 et
3095 4747 3149 4798 in
3183 4756 3324 4797 terra
3350 4739 3390 4791 ⁸.
3423 4728 3665 4801 Siquidem
3687 4724 3723 4769 el

2202 4840 2326 4896 alibi
2364 4840 2494 4895 dicit
2522 4840 2869 4907 Evangelium
2900 4854 2915 4892 :
2966 4836 3135 4900 Venit,
3166 4852 3269 4888 non
3299 4832 3375 4885 uti
3399 4826 3586 4899 judicet
3612 4826 3724 4908 muti:

2201 4933 2362 4997 dum,
2406 4932 2498 4985 sed
2541 4941 2596 4983 ut
2644 4903 2871 4984 mundus
2913 4927 3087 4983 salvus
3128 4928 3221 4996 ﬁat
3272 4939 3365 4994 per
3408 4922 3560 4982 ipsum
3583 4911 3619 4962 ⁸.
3652 4903 3724 4967 Ουί

2201 5026 2375 5081 credit
2404 5024 2647 5079 salvatur
2673 5042 2685 5077 :
2719 5025 2804 5093 qui
2833 5033 3011 5077 autem
3038 5036 3144 5075 non
3175 5017 3349 5073 credit
3378 5010 3625 5084 judicatus
3648 5001 3725 5049 est.

2206 5118 2271 5172 Et
2314 5119 2551 5173 iterum:
2597 5115 2719 5170 Non
2756 5117 2871 5170 veni
2910 5116 3009 5169 nisi
3057 5114 3125 5166 ad
3161 5127 3279 5166 oves
3328 5104 3548 5177 perditas
3582 5096 3727 5146 domu!

2214 5210 2379 5264 Israel
2419 5210 2479 5265 ‘z
2514 5220 2565 5263 et
2610 5222 2760 5264 certe
2801 5208 2967 5276 magis
3006 5205 3305 5277 perierunt.
3344 5194 3476 5264 Quid
3511 5200 3624 5257 ergo
3652 5181 3726 5233 isw

2210 5303 2489 5357 contraria
2533 5301 2703 5355 sunt?
2753 5299 2889 5353 Num
2938 5307 2996 5353 ιιι
3048 5297 3381 5355 dividantur,
3424 5283 3606 5337 veritas
3648 5282 3725 5369 η(ξῦ

2210 5394 2515 5449 consentiet
2579 5394 2717 5449 sibi?
2765 5391 2820 5447 Si
2877 5392 3042 5462 igitur
3091 5388 3294 5443 veritas
3344 5368 3631 5437 discesserit
3671 5368 3727 5415 si-

2211 5485 2262 5538 bi
2293 5484 2434 5556 (35),
2472 5487 2659 5554 perdet
2683 5495 2737 5540 et
2772 5494 3055 5549 naturam;
3090 5478 3356 5536 mendacii
3402 5473 3537 5527 enim
3572 5467 3727 5553 natura

2212 5574 2265 5628 in
2298 5576 2635 5631 dissensione
2662 5585 2765 5639 est,
2794 5584 3038 5630 veritatis
3066 5582 3247 5627 autem
3279 5575 3467 5622 natura
3491 5556 3753 5639 consensio.

3039 5687 3059 5718 ⁸
3095 5686 3302 5744 Coloss.
3331 5698 3370 5744 ι,
3400 5677 3485 5732 20.
3553 5671 3573 5703 ⁸
3602 5663 3729 5723 Ιο²¹¹⁶
