3956 6520
258 434 391 488 ΗΠ

1597 434 1664 490 IN
1706 434 1968 490 MATTH.
2012 436 2077 500 Χ.
2115 437 2203 493 δι.

3300 496 3303 499 .
3358 440 3493 495 H78

255 557 355 604 est.
387 547 666 615 Quomodo
694 562 823 618 ergo
855 549 956 603 ista
989 548 1091 603 sibi
1122 550 1501 606 consentient?
1533 550 1687 606 Jesus
1728 566 1827 619 pax
1858 557 1905 613 Α
1932 552 1984 606 in
2037 553 2174 607 rosis
2212 552 2439 607 habetur
2490 547 2810 618 diversitas,
2853 552 2909 608 in
2961 552 3141 607 colore
3188 552 3392 608 scilicet
3437 560 3497 610 et

256 649 359 705 est,
389 649 443 695 et
483 640 597 703 ipse
636 640 763 694 dicit
803 656 817 694 :
858 639 1036 694 Nolite
1092 652 1276 709 putare
1316 644 1443 711 quia
1495 660 1673 712 pacem
1714 645 1825 697 veni

257 734 457 786 mittere
501 733 552 785 in
596 742 806 786 terram.
840 732 1047 785 Dictum
1098 743 1274 787 autem
1321 735 1385 788 de
1408 748 1473 788 eo
1515 744 1635 787 est-z
1673 732 1823 786 Venit

255 825 533 894 paciﬁcate
573 841 633 878 ea
682 841 798 894 quae
850 828 903 878 in
958 827 1095 879 cmlis
1131 837 1247 879 sunt
1287 837 1333 880 et
1378 827 1433 880 in
1485 836 1644 881 terra.
1679 826 1823 891 Quo-

256 919 417 971 modo
446 932 577 986 ergo
608 932 714 971 non
744 919 888 971 venit
922 932 1108 985 pacem
1144 919 1196 970 in
1234 929 1430 972 terram
1472 918 1702 981 mittere,
1734 917 1823 984 qui

255 1007 378 1062 ideo
420 1008 584 1073 venit,
612 1015 669 1060 ut
708 1018 760 1062 et
792 1022 853 1059 ea
894 1022 1014 1075 quae
1064 1008 1117 1060 in
1165 1007 1319 1061 cmlis
1346 1016 1399 1060 et
1432 1007 1484 1060 in
1522 1016 1659 1060 terra
1705 1015 1830 1059 sunt

255 1090 583 1168 pacificaret,
613 1108 666 1152 et
696 1098 760 1151 ad
791 1113 917 1153 oves
960 1099 1195 1166 perditas
1230 1099 1419 1152 domus
1450 1097 1617 1152 Israel
1653 1098 1820 1163 venit,

254 1198 310 1243 et
342 1190 569 1243 iuventte
607 1200 731 1242 sunt
782 1190 1103 1256 pereuntes?
1152 1188 1265 1243 Non
1314 1198 1399 1243 est
1447 1190 1642 1242 missus
1677 1189 1823 1258 judi~

254 1295 400 1345 care,
446 1290 500 1334 et
549 1281 820 1334 invenitur
859 1281 1239 1335 condemnare.
1290 1278 1345 1333 Si
1388 1281 1509 1349 quis
1554 1280 1828 1335 desiderat

255 1386 319 1425 ea
358 1386 479 1440 qua:
529 1382 655 1427 sunt
699 1372 911 1425 Domini
962 1372 1212 1435 edoceri,
1250 1371 1503 1440 projiciat
1547 1372 1725 1423 omnia
1759 1386 1825 1424 ex

255 1466 419 1519 corde
452 1480 571 1528 suo,
599 1473 654 1520 et
683 1466 885 1519 mundo
924 1464 1081 1518 oculo
1112 1466 1305 1518 mentis
1341 1466 1600 1519 intendat.
1629 1464 1827 1532 Propo-

254 1556 416 1612 situm
449 1557 663 1625 quidem
696 1557 785 1611 Dei
812 1558 899 1626 qui
949 1556 1093 1610 misit
1125 1555 1315 1609 Filium
1352 1572 1506 1610 suum
1541 1555 1647 1610 tale
1678 1565 1825 1620 erat,

254 1657 315 1701 ut
363 1647 701 1701 sulvarentur
745 1648 1010 1702 homines.
1032 1646 1347 1702 Obedientia
1396 1659 1573 1702 autem
1596 1646 1712 1715 ejus
1735 1648 1825 1717 qui

256 1740 459 1793 missus
497 1748 579 1792 est
621 1754 717 1803 ea,
762 1750 819 1792 ut
854 1754 953 1807 pax
985 1750 1131 1794 esset
1176 1740 1228 1792 in
1279 1739 1430 1794 ctelis
1471 1749 1523 1793 et
1562 1741 1613 1792 in
1659 1749 1824 1793 terra.

258 1830 411 1885 Unde
442 1844 572 1899 ergo
603 1845 706 1882 non
744 1829 882 1897 pax?
908 1830 988 1883 Ab
1024 1829 1333 1883 inﬁrmitate
1373 1829 1568 1898 quippe
1615 1843 1823 1892 eorum,

248 1922 343 1990 qui
394 1937 498 1974 non
550 1930 835 1990 potuerunt
882 1922 1160 1989 suscipere
1221 1920 1561 1990 splendorem
1612 1919 1828 1973 luminis
1860 1910 1899 1964 Β

248 2013 391 2066 veri.
425 2012 541 2079 Ipse
588 2012 729 2065 enim
768 2026 954 2078 pacem
1004 2010 1295 2078 przcdicat,
1338 2021 1392 2063 et
1426 2010 1544 2063 ideo
1576 2011 1825 2063 hortatur

248 2105 357 2158 hoc
404 2102 603 2156 Paulus
651 2103 939 2171 apostolus,
978 2114 1033 2156 et
1079 2102 1245 2155 dicit:
1282 2100 1400 2169 Ipse
1432 2110 1505 2154 est
1547 2101 1683 2154 enim
1721 2116 1828 2169 pax

247 2207 434 2249 nostra
461 2197 500 2247 ".
542 2195 741 2249 Eorum
774 2194 979 2249 scilicet
1006 2195 1097 2263 qui
1145 2195 1375 2248 credunt
1406 2202 1462 2247 et
1503 2193 1825 2261 suscipiunt,

245 2302 355 2356 pax
403 2297 507 2342 cst.
554 2286 831 2351 Quomodo
867 2300 996 2354 ergo
1045 2301 1147 2338 non
1195 2299 1379 2353 parem
1425 2285 1589 2337 mittit
1624 2284 1676 2337 in
1723 2294 1827 2337 ter-

218 2375 558 2431 'ram?Filia
588 2379 837 2441 credidit,
868 2386 1031 2446 pater
1050 2377 1358 2431 incredulus
1386 2377 1663 2430 remansit.
1694 2376 1824 2440 Qua:

244 2469 655 2524 communicatio
688 2480 763 2523 est
807 2470 951 2537 ﬁdeli
981 2469 1050 2521 ad
1093 2467 1435 2534 inﬁdelem“?
1492 2471 1639 2536 pacis
1682 2469 1824 2521 enim

245 2560 560 2629 praedicatio
591 2560 906 2613 divisionem
937 2567 1210 2627 operatur.
1243 2556 1411 2611 Filius
1439 2557 1636 2620 ﬁdelis,
1669 2567 1826 2626 pater

248 2651 561 2705 incredulus
601 2670 613 2705 :
645 2665 710 2705 ex
752 2651 1076 2705 necessitate
1114 2650 1179 2703 lis
1212 2660 1331 2713 est;
1374 2658 1428 2703 et
1474 2664 1593 2718 qua:
1626 2649 1826 2718 praedi-

245 2754 407 2797 catur
434 2760 559 2813 pax,
590 2754 809 2813 Operata
842 2753 926 2796 est
952 2743 1288 2805 divisionem,
1313 2753 1366 2796 et
1391 2746 1585 2796 bonam
1608 2743 1827 2796 divisio-

246 2851 407 2901 nem;
450 2836 501 2888 in
536 2850 666 2904 pace
692 2845 871 2889 autem
913 2835 1101 2889 salvati
1146 2849 1351 2888 sumus.
1391 2832 1458 2888 Ut
1488 2849 1593 2888 non
1642 2846 1822 2889 autem

244 2940 350 2993 ego
379 2924 520 2979 illius
551 2926 905 2993 interpreter;
940 2925 1070 2979 nihil
1102 2925 1244 2978 enim
1276 2934 1359 2979 est
1388 2925 1529 2994 quod
1560 2940 1669 2979 non
1704 2924 1824 2992 ejus

247 3016 542 3070 debeamus
571 3016 796 3069 audire:
830 3016 940 3083 ipse
987 3015 1116 3068 dicit
1143 3033 1155 3069 :
1202 3011 1285 3068 Ne
1318 3017 1509 3083 putetis
1551 3016 1679 3085 quia
1708 3014 1822 3068 veni

244 3123 429 3177 pacem
483 3109 688 3162 mittere
737 3108 791 3161 in
842 3116 1056 3161 terram.
1106 3106 1172 3160 Et
1223 3108 1399 3162 adhuc
1451 3108 1821 3161 vehementius

242 3198 398 3253 addit
422 3215 435 3250 :
465 3195 587 3250 Non
618 3198 726 3251 veni
750 3213 928 3265 parem
954 3199 1175 3262 mittere,
1199 3199 1287 3249 sed
1314 3196 1604 3265 gladium’.
1631 3197 1821 3262 Quent-

1925 646 2130 699 odore:
2174 652 2230 697 et
2273 643 2324 698 in
2362 642 2627 698 fructibus
2668 652 2755 699 est
2787 642 3041 709 varietas,
3086 651 3140 696 et
3174 642 3495 712 magnitudi-

1926 736 2031 799 nis,
2056 743 2111 789 et
2148 733 2368 798 coloris,
2397 742 2453 787 et
2500 744 2711 804 gustus,
2752 744 2809 788 et
2836 743 3052 788 tactus:
3091 742 3148 787 et
3190 733 3375 786 vinum
3425 749 3492 788 ex

1925 828 2035 879 vite
2065 834 2145 879 est
2188 839 2366 890 omne,
2405 822 2499 878 sed
2534 834 2721 892 gustus
2748 824 2946 879 diversi
2980 842 2993 877 :
3030 832 3083 877 et
3116 823 3246 878 olc:e
3283 824 3489 878 fructus

1924 916 2292 970 variﬁcantur.
2322 915 2425 970 Sed
2450 915 2639 969 horum
2659 914 2895 969 omnium
2922 915 3175 981 varietas,
3203 924 3257 967 et
3289 916 3496 967 anima-

1925 1007 2076 1073 lium,
2103 1016 2156 1060 et
2180 1021 2362 1060 eorum
2390 1007 2478 1076 qui
2509 1021 2575 1060 ex
2608 1005 2719 1075 ipsa
2745 1015 2869 1060 sunt
2898 1008 3114 1075 specie:
3147 1021 3316 1074 equus
3346 1006 3489 1060 enim

1925 1114 2064 1167 equo
2098 1098 2352 1171 velocior,
2392 1107 2445 1152 et
2480 1113 2582 1151 non
2624 1106 2853 1159 tantum,
2895 1106 3155 1165 quantum
3193 1098 3353 1151 homo
3396 1096 3494 1151 ho-

1928 1192 2055 1245 mini
2093 1212 2104 1245 :
2140 1190 2315 1244 nullus
2362 1190 2501 1243 enim
2550 1204 2723 1260 equus
2773 1190 2946 1243 currit
2999 1198 3297 1243 retrorsum
3340 1205 3354 1242 :
3395 1189 3496 1243 ho-

1927 1283 2099 1336 mines
2138 1291 2315 1337 autem
2348 1281 2564 1350 quidam
2594 1291 2720 1335 sunt
2760 1280 3022 1349 religiosi,
3055 1282 3272 1349 quidam
3317 1280 3494 1336 sacri-

1925 1374 2050 1444 legi,
2084 1374 2172 1427 alii
2208 1374 2407 1442 pudici,
2439 1374 2528 1427 alii
2557 1373 2845 1437 luxuriosi,
2877 1374 2968 1427 alii
2998 1373 3256 1441 diripiunt
3287 1373 3490 1442 aliena,

1926 1467 2013 1520 alii
2059 1473 2315 1535 spargunt
2364 1480 2492 1526 sua,
2544 1463 2633 1517 alii
2678 1472 2994 1532 stuprantur
3030 1476 3135 1515 non
3189 1476 3320 1517 suas
3372 1477 3495 1515 mu-

1924 1558 2105 1623 lieres,
2135 1558 2221 1612 alii
2265 1572 2330 1612 ne
2374 1556 2587 1624 quidem
2637 1570 2764 1609 suas
2799 1554 3139 1623 contingunt.
3194 1552 3310 1607 Non
3347 1553 3492 1607 enim

1928 1661 2072 1705 tanta
2113 1651 2404 1705 diversitas
2450 1656 2533 1701 est
2567 1658 2740 1710 terrai,
2784 1655 2980 1714 quanta
3019 1648 3252 1700 varietas
3292 1646 3496 1698 anima-

1928 1758 2043 1796 rum
2073 1761 2086 1797 :
2121 1742 2207 1795 ille
2239 1742 2383 1794 enim
2417 1748 2621 1809 martyr
2652 1741 2883 1803 exsistit,
2923 1739 3060 1792 alius
3109 1737 3492 1806 persequitur;

1927 1844 1979 1886 et
2020 1844 2206 1886 natura
2254 1831 2468 1900 quidem
2520 1830 2637 1899 ipsa
2683 1838 2798 1893 est,
2849 1829 3100 1881 voluntas
3156 1836 3333 1881 autem
3398 1824 3497 1880 ad-

1932 1941 2083 1979 versa
2121 1924 2253 1995 (84).
2299 1922 2426 1978 lude
2458 1931 2542 1976 est
2582 1932 2637 1974 ut
2683 1922 2770 1975 ille
2819 1920 3035 1987 quidem
3085 1919 3150 1972 ad
3204 1917 3497 1972 Ecclesiam

1930 2025 2111 2070 currat
2145 2016 2439 2079 manicatis,
2486 2014 2624 2066 alius
2670 2014 2736 2065 ad
2788 2012 2994 2081 lapides
3036 2007 3273 2065 offendat
3309 2023 3500 2062 exsur-

1930 2122 2060 2175 gens
2098 2107 2164 2160 ad
2209 2106 2405 2158 lumen.
2450 2103 2573 2156 Inde
2611 2112 2695 2157 est
2744 2114 2800 2154 ut
2849 2102 2934 2154 ille
2984 2103 3193 2154 laetetur
3230 2100 3371 2168 quod
3416 2107 3500 2152 est

1931 2197 2179 2264 pudicus,
2209 2193 2347 2247 alius
2396 2194 2627 2263 gaudeat
2670 2191 2813 2260 quod
2851 2191 2901 2244 in
2949 2189 3258 2243 libidinibus
3289 2187 3500 2241 voluta-

1931 2298 2034 2341 tur.
2077 2286 2203 2340 lude
2230 2296 2315 2338 est
2351 2294 2407 2337 ut
2442 2282 2528 2337 ille
2570 2283 2621 2336 in
2666 2282 2780 2335 foro
2810 2282 3007 2335 vendat
3046 2292 3100 2334 et
3135 2278 3497 2342 distrahatur,

1928 2380 2065 2434 alius
2104 2380 2169 2432 ad
2217 2376 2510 2431 Ecclesiam
2559 2374 2782 2429 veniens
2830 2374 3174 2442 semetipsum
3234 2372 3497 2425 lucretur.

1928 2472 2055 2526 lude
2084 2482 2165 2526 est
2196 2480 2255 2523 ut
2290 2469 2375 2524 ille
2405 2468 2575 2523 aliena
2606 2467 2766 2531 colat,
2813 2468 2949 2522 alius
2992 2467 3091 2522 sibi
3126 2475 3330 2533 parcat.
3362 2464 3490 2517 Inde

1929 2572 2015 2618 est
2047 2572 2105 2615 ut
2143 2561 2232 2614 ille
2280 2559 2485 2627 lapides
2529 2556 2782 2620 aediﬁcet,
2813 2558 2948 2610 alius
2980 2556 3202 2609 virtutes
3238 2566 3501 2622 superpo-

1928 2661 2041 2705 nat.
2069 2649 2197 2704 Inde
2231 2659 2312 2703 est
2351 2658 2406 2701 ut
2435 2648 2521 2702 ille
2556 2662 2751 2716 corpus
2786 2647 3048 2716 detergat,
3087 2646 3224 2699 alius
3259 2645 3496 2698 animam

1928 2742 2136 2812 perdat.
2168 2741 2267 2796 lsta
2296 2752 2380 2795 est
2415 2756 2517 2795 non
2554 2756 2677 2810 pax,
2724 2740 2819 2794 sed
2860 2738 3165 2803 dissensio;
3200 2737 3324 2807 quia
3364 2736 3502 2791 alius

1928 2830 2087 2884 aliter
2119 2832 2304 2893 sentit,
2346 2840 2401 2885 et
2439 2829 2581 2883 alius
2616 2828 2775 2882 aliter
2823 2829 2985 2897 sapit.
3027 2828 3138 2882 Nec
3186 2829 3329 2882 enim
3375 2841 3499 2879 cum

1926 2934 2101 2976 ortum
2133 2923 2236 2976 hoc
2276 2921 2528 2975 sensibile
2569 2920 2731 2974 fuerit
2763 2920 2970 2984 lumen,
3014 2934 3204 2974 omnes
3253 2918 3502 2973 similiter

1928 3014 2244 3083 suscipiunt.
2276 3013 2380 3067 Sed
2425 3013 2499 3065 illi
2533 3012 2747 3079 quidem
2789 3011 2879 3081 qui
2923 3026 3085 3066 sanos
3121 3010 3323 3064 habent
3372 3024 3500 3064 ocu-

1928 3106 2026 3169 los,
2063 3114 2120 3159 et
2163 3112 2484 3166 occurrunt,
2533 3112 2588 3157 et
2635 3105 2953 3165 attendunt,
2997 3110 3051 3154 et
3086 3101 3374 3154 fruuntur:
3406 3100 3497 3170 qui

1928 3207 2103 3251 autem
2155 3196 2496 3250 inﬁrmantur
2539 3195 2733 3261 oculis,
2767 3194 3047 3264 corrigunt
3082 3208 3161 3257 se,
3209 3202 3263 3247 et
3296 3192 3497 3256 vitant,

243 3290 535 3343 admodum
568 3304 672 3342 non
717 3262 927 3356 pacem,
968 3298 1023 3341 et
1053 3262 1503 3356 quemadmodum
1553 3288 1824 3356 gladium?
1853 3262 1899 3321 (ἶ
1931 3299 1982 3345 et
2023 3289 2256 3359 fugiunt.
2303 3286 2434 3339 Nam
2483 3295 2537 3340 et
2595 3286 2895 3339 latronibus
2922 3262 3231 3340 iouerosum
3281 3293 3365 3338 est
3412 3284 3499 3337 lu-

259 3375 389 3432 Vcnt
452 3379 588 3431 enim
664 3377 895 3430 incidere
964 3378 1227 3431 hominem
1312 3379 1559 3432 adversus
1622 3387 1823 3447 patrem

240 3479 401 3517 suum
429 3463 513 3517 ‘°:
562 3462 765 3531 accipio
801 3462 945 3515 enim
1010 3462 1174 3515 lilium
1227 3463 1375 3532 ejus,
1420 3473 1473 3517 et
1520 3479 1624 3516 non
1678 3463 1823 3516 delc—

239 3563 431 3610 ctatur
457 3562 630 3624 pater.
667 3555 901 3607 Advorte
931 3562 1107 3608 autem
1135 3564 1188 3608 et
1218 3554 1451 3624 ipsorum
1481 3553 1822 3609 efﬁcientiam

242 3660 596 3709 sermonum;
626 3646 751 3714 quia
792 3645 935 3698 enim
985 3647 1123 3699 dixit
1166 3645 1398 3714 gladium
1441 3645 1700 3711 incidere,
1730 3647 1825 3699 ad-

242 3737 361 3792 dit:
384 3734 559 3788 Nolite
589 3746 773 3804 putare
799 3737 920 3804 quia
955 3737 1068 3789 veni
1094 3752 1271 3805 pacem
1303 3736 1503 3788 mittere
1529 3737 1579 3788 iu
1605 3746 1821 3789 terram.

240 3829 364 3883 Non
401 3829 631 3897 suscipit
666 3840 834 3882 terra.
878 3825 994 3881 Non
1046 3828 1165 3881 veni
1202 3842 1388 3897 pacein
1426 3828 1683 3881 mittere:
1723 3827 1825 3880 ite-

245 3938 370 3977 rum
406 3922 528 3974 audi
563 3921 614 3974 in
648 3931 845 3974 terram
874 3937 886 3973 :
917 3919 1027 3988 Ego
1056 3920 1222 3985 enim,
1251 3919 1441 3987 inquit,
1476 3934 1659 3988 pacem
1692 3934 1823 3987 praio

242 4018 389 4075 dico,
421 4013 512 4067 sed
563 4022 703 4065 terra
738 4028 841 4065 non
883 4012 1130 4080 suscipit.
1170 4009 1284 4065 Non
1331 4026 1460 4080 ergo
1506 4010 1823 4065 seminantis

240 4106 581 4173 propositum
610 4121 623 4156 :
656 4103 772 4171 ipse
801 4104 945 4158 enim
977 4102 1237 4156 sustinuit
1271 4114 1328 4155 ut
1358 4102 1600 4157 facerent
1633 4118 1815 4163 uvam,

238 4199 489 4253 fecerunt
532 4206 713 4250 autem
748 4197 949 4264 spinas.
997 4194 1177 4264 Neque
1212 4196 1258 4249 is
1295 4196 1348 4249 in
1385 4210 1547 4249 causa
1584 4205 1689 4261 est,
1724 4195 1813 4264 qui

233 4287 513 4346 benefecit
544 4288 713 4341 vineae
742 4306 755 4342 :
803 4286 923 4340 Veni
956 4288 1121 4354 enim,
1154 4286 1349 4356 inquit,
1396 4286 1621 4339 incidere
1653 4287 1822 4339 homi-

238 4398 362 4435 nem
403 4380 651 4433 adversus
685 4390 888 4446 patrem
917 4396 1100 4443 suum,
1141 4389 1189 4433 et
1227 4395 1415 4432 nurum
1446 4380 1693 4434 adversus
1736 4396 1821 4432 so-

234 4491 390 4529 crum
428 4489 602 4527 suam.
658 4470 747 4526 lsti
800 4487 1077 4526 sermones
1120 4472 1280 4527 rebus
1329 4473 1457 4540 ipsis
1509 4471 1813 4526 firtt'tantur.

1931 3396 2072 3444 men,
2121 3391 2176 3436 et
2208 3379 2416 3433 furibus
2466 3395 2572 3434 non
2609 3378 2885 3443 dilectum,
2934 3385 2988 3430 ct
3040 3376 3304 3429 adulteris
3347 3376 3500 3430 odio-

1928 3489 2067 3526 sum.
2096 3472 2333 3540 Denique
2361 3480 2415 3525 et
2455 3485 2517 3523 ea
2548 3484 2667 3538 qua:
2711 3475 2903 3536 repunt
2934 3466 3173 3536 fugiunt;
3201 3475 3379 3519 ortum
3415 3474 3501 3519 est

1925 3564 2071 3619 enim
2114 3563 2328 3628 lumen;
2370 3571 2427 3616 et
2466 3563 2557 3631 qui
2601 3570 2726 3614 sunt
2770 3558 2907 3614 ebrii
2941 3574 3044 3613 non
3092 3558 3319 3611 libenter
3358 3575 3498 3610 aect-

1926 3654 2097 3723 piunt,
2124 3653 2251 3722 quia
2290 3660 2443 3718 urget
2467 3664 2559 3703 eos
2589 3649 2766 3703 lumen
2790 3662 3101 3716 exsurgere.
3133 3648 3270 3700 Sunt
3295 3660 3425 3699 sane
3446 3656 3501 3699 et

1924 3743 2167 3813 quzcdam
2209 3742 2459 3797 animalia
2496 3739 2901 3809 versipellioues
2930 3747 2984 3793 et
3015 3736 3227 3802 belluce,
3259 3745 3313 3791 et
3347 3750 3498 3806 quar-

1925 3848 2139 3902 cuuque
2172 3833 2328 3888 istius
2359 3832 2573 3898 generis
2616 3831 2902 3890 habentur,
2942 3843 3061 3897 quae
3097 3828 3147 3881 in
3182 3835 3350 3880 totum
3392 3838 3496 3878 non

1924 3926 2197 3979 sustinent
2250 3924 2469 3978 luminis
2502 3922 2704 3978 radios.
2748 3921 2884 3973 Sunt
2926 3928 3103 3972 autem
3140 3929 3194 3973 et
3222 3916 3497 3972 hominem

1924 4016 2076 4070 multi
2112 4015 2545 4083 versipelliones,
2573 4025 2626 4067 et
2649 4011 3119 4082 versipellionihus
3150 4009 3383 4077 pejores,
3418 4008 3497 4063 vi-

1923 4122 2065 4177 perae
2092 4106 2265 4175 magis
2286 4122 2445 4176 quam
2477 4105 2750 4168 homines,
2778 4101 3183 4166 amari,invidi,
3218 4099 3493 4165 malitiosi,

1922 4214 2059 4269 quos
2089 4212 2281 4252 omnes
2316 4198 2464 4264 fugat
2496 4196 2674 4248 lumen
2703 4209 2824 4248 cum
2860 4192 3020 4246 fuerit
3061 4203 3262 4247 ortum.
3294 4191 3491 4248 lterum

1922 4302 2105 4346 autem
2139 4304 2321 4343 sermo
2363 4288 2594 4341 recurrit
2623 4286 2686 4337 ad
2716 4286 2888 4355 ipsum
2914 4293 3215 4347 certamen,
3244 4282 3328 4336 his
3376 4297 3495 4350 qua:

1924 4385 2038 4438 heri
2074 4393 2201 4437 sunt
2238 4381 2404 4435 dicta.
2441 4380 2640 4432 lterum
2676 4378 2817 4431 enim
2848 4376 3157 4445 propositus
3180 4384 3263 4428 est
3315 4373 3495 4427 Domi-

1924 4493 2025 4531 nus
2054 4475 2235 4537 Jesus,
2268 4482 2321 4526 et
2351 4469 2626 4541 pmposita
2658 4478 2782 4522 sunt
2819 4467 2922 4519 alia
2963 4465 3151 4519 multa.
3186 4464 3348 4519 Pater
3380 4463 3491 4517 liti--

236 4564 439 4633 Quanti
464 4566 605 4618 enim
631 4580 693 4618 ex
716 4565 797 4617 his
814 4564 902 4631 qui
926 4564 1010 4616 hic
1035 4578 1173 4616 nunc
1206 4572 1587 4626 convenerunt,
1622 4562 1816 4617 habent
1848 4593 1892 4647 ι)
1924 4586 2079 4640 gans,
2112 4575 2288 4621 mater
2336 4562 2735 4623 contradicens,
2764 4574 2920 4613 soror
2960 4559 3270 4628 increpans,
3323 4556 3494 4611 frater

234 4672 430 4711 eorum
500 4672 617 4725 qua:
676 4657 928 4710 dicuntur
986 4655 1472 4724 experimentum?
1521 4656 1617 4708 Est
1670 4656 1813 4709 enim

235 4756 395 4817 pater
434 4746 717 4815 increpans
754 4746 893 4800 ﬁlios
927 4745 996 4799 ob
1039 4745 1435 4809 credulitatem,
1462 4753 1517 4799 et
1564 4745 1657 4798 lilii
1701 4762 1815 4800 mo-

233 4849 431 4895 nentes
470 4848 652 4907 patres
696 4839 759 4892 ad
812 4838 1003 4901 tidem,
1049 4845 1103 4889 et
1146 4836 1266 4890 ﬁlia:
1299 4838 1554 4891 docentes
1588 4848 1809 4892 matres.

235 4934 296 4987 Si
334 4932 477 4986 enim
523 4941 578 4986 et
613 4947 680 4984 ex
731 4933 843 4999 ipsa
880 4938 1068 4983 natura
1099 4943 1307 4992 onmcs,
1353 4930 1445 4984 sed
1488 4945 1591 4982 non
1623 4946 1687 4983 ex
1720 4945 1813 4984 eo-

235 5028 362 5081 dem
415 5028 710 5095 proposito.
778 5024 1015 5092 Denique
1060 5031 1114 5077 et
1154 5039 1217 5077 ex
1271 5022 1653 5090 conspersione
1706 5039 1808 5076 una

232 5114 496 5186 pollinis,
545 5112 789 5182 quaedam
831 5113 1046 5180 quidem
1110 5127 1231 5180 quae
1286 5113 1336 5165 in
1385 5111 1647 5166 fermento
1686 5124 1811 5167 sunt

236 5207 627 5270 dissolvuntur,
666 5205 906 5273 quaedam
951 5213 1129 5257 autem
1160 5219 1277 5271 qua:
1314 5204 1639 5258 fermentata
1684 5214 1811 5258 sunt

234 5298 581 5352 continentur
619 5313 631 5348 :
667 5306 721 5349 et
754 5309 943 5349 carnes
990 5296 1147 5349 aliter
1186 5305 1432 5348 tenentur
1477 5311 1597 5363 qua:
1641 5295 1805 5349 salem

236 5389 473 5452 habent,
515 5388 670 5440 aliter
716 5401 833 5455 qua:
863 5386 977 5438 sine
1028 5385 1137 5440 sale
1183 5395 1621 5453 corrumpuntur.
1670 5385 1804 5439 Nam

232 5481 338 5535 etsi
358 5480 470 5549 ipsa
500 5488 690 5531 natura
715 5478 785 5529 sit
806 5478 1008 5543 carnis,
1038 5492 1140 5530 nou
1169 5485 1345 5530 tamen
1371 5478 1480 5545 ipsa
1505 5477 1802 5544 permistio.

235 5572 395 5625 Aliud
427 5571 607 5624 vinum
644 5577 728 5623 est
760 5569 876 5623 sine
910 5585 1065 5638 aqua,
1094 5578 1147 5621 et
1188 5570 1331 5622 aliud
1371 5585 1492 5623 cum
1547 5584 1707 5636 aqua.
1742 5569 1807 5623 Et

236 5664 522 5734 ligulorum
559 5664 625 5716 ad
674 5664 1051 5732 permistiones
1114 5664 1400 5719 diversitas
1447 5664 1719 5721 habetur:
1754 5676 1807 5719 et

312 5782 332 5807 "
375 5780 572 5851 Ephes.
599 5796 661 5843 ιι,
691 5778 780 5832 14.
855 5779 877 5810 ⁸
916 5776 933 5831 l
964 5779 1088 5833 Cor.
1120 5795 1191 5846 vi,
1227 5781 1306 5835 15.

318 5875 427 5946 (ει)
467 5875 717 5931 Adversa.
753 5874 832 5928 An
862 5874 1107 5928 diversa."

1385 5783 1403 5813 ⁹
1445 5781 1632 5839 Matth.
1665 5800 1716 5849 κ,
1749 5784 1836 5838 53.

1921 4661 2281 4732 exprobrans,
2302 4656 2442 4712 servi
2462 4662 2831 4721 exsurgentes,
2852 4650 3059 4705 ancilla:
3080 4659 3493 4721 exaggerantes‘

1924 4752 2308 4822 Unusquisque
2352 4749 2495 4804 enim
2524 4762 2676 4801 suam
2714 4744 3045 4798 voluntatem
3082 4752 3208 4797 ante
3260 4743 3489 4798 salutem

1920 4843 2153 4896 filiorum
2192 4852 2531 4909 praeponens,
2598 4835 2767 4889 trahit
2826 4835 2891 4887 ad
2950 4848 3104 4887 suum
3154 4832 3486 4902 pr0positutl

1919 4936 2177 5004 ignorans
2207 4933 2594 5002 proditionem.
2627 4928 2937 4984 Certamina
2988 4941 3117 4996 ergo
3146 4941 3243 4994 pro
3272 4924 3489 4980 Christo

1920 5027 2073 5080 nobis
2105 5033 2235 5080 sunt
2270 5042 2284 5078 :
2316 5022 2566 5078 Christus
2599 5030 2804 5075 tantum
2836 5021 3042 5071 lucrum
3070 5027 3190 5071 est:
3222 5016 3310 5070 ille
3341 5016 3486 5069 enim

1915 5120 2061 5171 venit
2090 5117 2157 5171 ad
2183 5115 2499 5178 Ecclesiam,
2527 5113 2665 5167 alius
2720 5110 2974 5164 distrahit
3021 5119 3075 5162 et
3121 5108 3253 5163 emit
3287 5106 3487 5162 oblitus

1916 5209 2119 5263 Christi
2158 5222 2172 5260 :
2205 5207 2299 5261 ille
2320 5207 2470 5261 audit
2502 5206 2774 5262 Christum
2802 5219 2898 5271 per
2932 5202 3218 5271 Evangelia
3257 5200 3484 5269 loquen-

1918 5310 2047 5368 tem,
2074 5301 2210 5355 alius
2249 5311 2302 5354 et
2331 5300 2742 5367 adestpedibus,
2779 5307 2832 5352 et
2858 5306 3035 5351 mente
3066 5295 3212 5349 foras
3240 5303 3482 5363 vagatur.

1914 5392 2006 5446 llle
2038 5393 2177 5457 patri
2214 5393 2377 5446 donat
2411 5392 2762 5459 perditionem
2790 5404 2962 5451 suam,
2990 5388 3126 5440 alius
3161 5386 3321 5439 matri
3349 5400 3484 5439 con-

1915 5486 2082 5539 sentit
2115 5494 2171 5537 ut
2203 5500 2308 5538 non
2350 5482 2459 5537 Deo
2490 5483 2629 5550 quod
2657 5482 2909 5537 convenit
2937 5481 3207 5535 restituat.
3241 5479 3320 5536 Ad
3348 5477 3484 5532 mul-

1918 5586 1998 5630 tos
2037 5577 2205 5645 igitur
2230 5575 2477 5648 convenit
2504 5574 2736 5644 jurgari,
2777 5583 2833 5629 ut
2865 5573 3045 5627 multa:
3072 5571 3484 5628 eﬁicianturco-

1918 5683 2085 5722 roum.
2122 5668 2203 5721 Ad
2234 5666 2501 5723 diabolum
2547 5667 2742 5736 quippe
2788 5673 2842 5722 et
2871 5664 3072 5722 milites
3125 5664 3281 5735 ejus:
3332 5662 3481 5718 multi

1916 5785 1959 5817 ¹⁰
1994 5784 2122 5841 ibid.
2157 5785 2242 5839 55.
