3956 6516
470 428 608 485 H79

1135 420 1407 478 EUSEBll
1445 416 1924 476 CIESARIENSIS'
1956 415 2105 470 OPP.
2147 409 2327 467 PARS
2366 408 2456 463 IV.
2495 437 2565 448 —
2602 405 3001 462 DOGMATICA

3568 404 3697 459 “80

473 558 652 597 autem
683 550 808 596 sunt
836 549 891 592 et
928 538 1035 592 isti.
1063 535 1293 607 Urgetur
1315 552 1444 589 sane
1475 546 1529 590 et
1553 544 1725 603 pater,
1760 542 1812 588 et
1842 541 2034 595 mater,
2065 537 2112 593 Α
2141 526 2216 580 dit
2242 543 2255 579 :
2295 533 2539 578 mortuus
2569 522 2714 577 enim
2744 530 2850 575 est.
2872 519 3046 574 Timet
3078 529 3253 574 autem
3277 534 3345 574 ne
3364 521 3486 591 quis
3509 522 3699 576 malam

474 646 527 691 et
548 634 765 695 fratres,
789 641 843 685 et
876 628 1108 699 cognati,
1136 639 1189 682 et
1215 628 1395 691 amici,
1426 637 1480 681 et
1511 627 1675 691 servi,
1708 637 1761 680 et
1798 624 2035 690 ancillae;

474 743 541 781 ex
578 727 764 779 multis
790 724 931 777 enim
959 722 1176 775 tristitia
1198 731 1300 784 est,
1344 720 1465 773 ideo
1496 728 1553 772 ut
1577 728 1633 773 et
1659 729 1803 772 tanta
1837 717 2037 770 habea-

477 832 564 874 tu‘r
600 819 805 883 laetitia,
856 824 909 871 et
957 816 1226 869 addantur
1276 814 1496 881 nuptiae,
1553 823 1609 865 et
1653 811 2041 880 promissioues

476 929 637 981 opum
670 910 944 973 mortales,
971 908 1066 962 sed
1090 920 1187 960 nec
1211 917 1437 961 mortuas
1468 925 1479 960 :
1529 920 1647 974 quae
1708 904 1849 957 enim
1896 919 2040 956 nun-

478 1017 636 1071 quam
672 1002 944 1062 vixerunt,
982 1012 1048 1052 ne
1078 999 1297 1066 quidem
1349 1006 1558 1049 mortua
1608 1005 1894 1059 vocentur,
1945 994 2041 1048 sed

479 1095 579 1147 alia
610 1094 775 1161 pejori
808 1093 1223 1160 nuncupatione.
1258 1093 1360 1144 Sed
1384 1093 1435 1143 in
1462 1091 1541 1142 liis
1565 1089 1827 1155 omnibus,
1866 1088 2041 1156 inquit

475 1184 786 1254 Apostolus,
832 1184 1245 1249 aupervincimus
1296 1191 1505 1251 propter
1536 1196 1651 1233 eum
1688 1180 1776 1246 qui
1822 1195 1915 1232 nos
1950 1195 2042 1232 ru-

479 1275 761 1345 perdiiexit
798 1276 861 1330 ".
886 1276 952 1328 Et
978 1274 1021 1329 si
1072 1274 1191 1343 quis
1222 1272 1458 1342 Apostoli
1504 1272 1745 1325 imitator
1773 1279 1854 1324 est
1884 1286 1899 1335 ;
1952 1271 2040 1339 qui

478 1368 623 1421 enim
657 1367 895 1419 imitatur
930 1380 1076 1427 eum,
1121 1365 1359 1417 innitatur
1396 1362 1671 1416 Christum
1704 1379 1718 1429 ;
1756 1363 1949 1417 transit
1977 1360 2044 1415 ab

479 1458 785 1511 imitatione
844 1456 911 1510 ad
968 1454 1337 1525 principalem.
1390 1454 1681 1521 Jurgentur
1748 1454 1927 1508 omnia
1987 1462 2045 1508 ut

481 1567 842 1614 coronemur;
881 1551 931 1602 in
966 1549 1211 1602 omnibus
1246 1548 1315 1601 sit
1352 1547 1586 1616 jurginm
1633 1549 1697 1600 ad
1747 1546 2046 1616 pulchritu-

480 1643 683 1709 dinem,
716 1644 781 1696 ad
811 1642 1203 1711 possessiones,
1233 1641 1298 1694 ad
1326 1641 1565 1705 divitias,
1621 1640 1687 1691 ad
1743 1648 2002 1709 cognatos
2027 1678 2043 1707 ,

481 1735 548 1788 ad
583 1744 813 1803 patrem,
844 1735 908 1788 ad
946 1734 1281 1795 matrem,ad
1310 1735 1502 1787 fratres
1525 1773 1539 1794 ,
1574 1734 1639 1785 ad
1687 1747 1875 1787 servos
1914 1749 1929 1798 ;
1993 1740 2048 1787 et

484 1827 644 1881 vicini
675 1827 1076 1895 impugnatores
1111 1826 1375 1880 exsistant
1404 1844 1418 1879 :
1456 1824 1650 1879 suﬂicit
1673 1825 1820 1879 enim
1867 1825 2051 1881 chari-

485 1929 566 1973 tas
614 1919 772 1973 unius
818 1926 876 1971 ut
925 1918 1355 1987 superetomnia.
1390 1917 1499 1985 Ego
1526 1928 1703 1971 autem
1741 1925 1797 1971 et
1827 1917 2040 1971 misera-

481 2008 615 2063 biles
638 2015 784 2077 puto,
816 2009 903 2076 qui
938 2023 1041 2061 nou
1072 2017 1197 2060 sunt
1250 2009 1457 2076 experti
1512 2008 1813 2062 istiusmodi
1867 2009 2050 2063 turbe-

485 2102 562 2155 las
593 2112 810 2170 propter
845 2101 1129 2155 Dominum
1158 2101 1362 2153 Jesum.
1392 2099 1501 2153 illis
1546 2108 1726 2152 autem
1762 2108 2051 2166 congratu-

482 2191 566 2246 lor
598 2195 687 2260 qui
721 2193 914 2248 habent
940 2193 994 2245 in
1039 2202 1217 2244 mente
1268 2201 1322 2243 et
1354 2191 1689 2244 conscientia
1716 2205 1811 2243 sua
1843 2189 2046 2245 dicere.

484 2284 626 2338 Ecce
659 2283 939 2338 Dominum
980 2285 1055 2337 tui
1093 2292 1313 2351 propter
1353 2281 1463 2351 (85)
1500 2283 1749 2337 inimicus
1787 2292 1869 2336 est
1922 2283 2051 2335 mihi

486 2383 639 2443 pater
666 2389 837 2440 meus,
865 2375 1221 2442 expugnatrix
1241 2384 1431 2436 mater,
1465 2372 1634 2429 frater
1666 2374 1890 2438 insistit,
1910 2374 2053 2428 servi

486 2467 854 2528 contriSIaut,
923 2465 1477 2534 ancillaejurgantur,
1534 2474 1588 2518 et
1647 2466 1824 2519 nullus
1862 2466 2053 2519 horum

494 2560 625 2614 mihi
662 2568 719 2613 ut
748 2559 995 2612 inimicus
1027 2567 1107 2611 est
1142 2566 1358 2625 preptcr
1386 2568 1529 2609 tuam
1560 2556 1929 2609 dilectionem.
1968 2556 2057 2609 Si-

492 2652 709 2722 quidem
740 2660 794 2706 et
822 2652 874 2704 in
911 2650 1065 2705 bellis
1100 2650 1299 2725 milites
1326 2660 1558 2718 quantas
1591 2649 1774 2718 plagas
1803 2650 1872 2703 ob
1900 2664 2053 2702 amo-

492 2758 605 2796 rem
639 2742 780 2809 regis
813 2742 1119 2810 accipiunt?
1146 2756 1527 2808 nonnunquam
1565 2741 1706 2793 enim
1735 2752 1788 2794 et
1820 2740 2056 2811 gauden-

488 2844 570 2890 tes
598 2834 982 2912 ostenduutet
1033 2834 1349 2903 sanguiuum
1392 2833 1605 2895 ﬂuxus,
1662 2843 1717 2888 et
1780 2833 2054 2902 plagarum

489 2927 792 2992 cicatrices,
823 2942 921 2996 per
944 2940 1063 2993 quae
1086 2926 1451 2993 experimenta
1482 2924 1688 2992 fulgent
1723 2939 1936 2978 amores
1961 2925 2053 2992 qui

490 3019 556 3074 ad
594 3034 770 3089 regem
795 3027 919 3071 sunt
942 3016 1135 3070 habiti.
1160 3016 1225 3069 Et
1253 3025 1400 3069 certe
1424 3025 1633 3083 querat
1666 3016 2055 3083 unusquisque,

489 3121 544 3165 et
575 3112 754 3182 pigeat
791 3123 1254 3179 unumquemque,
1293 3116 1353 3161 ut
1385 3108 1523 3162 alius
1557 3118 1812 3177 acceptus
1837 3108 1929 3163 sit.
1966 3106 2058 3161 lllc

2140 618 2306 672 vitam
2332 617 2481 670 vivat
2509 632 2523 670 :
2552 614 2749 669 mortui
2778 613 2920 667 enim
2950 628 3158 666 sumus.
3193 611 3327 665 Nam
3357 621 3411 666 et
3440 613 3530 682 qui
3564 628 3706 665 tuor-

2142 709 2247 763 tuis
2271 708 2495 777 sepultis
2518 720 2732 761 mensas
2760 713 3035 774 apponunt
3067 714 3122 758 et
3153 719 3331 766 escas,
3361 704 3612 759 delirant.
3646 703 3705 759 Si

2141 798 2303 868 igitur
2329 812 2545 852 mensas
2576 810 2847 865 apponere
2874 795 3101 851 mortuis
3151 795 3565 849 deliramentum
3601 805 3707 862 est,

2142 897 2194 943 et
2218 888 2531 942 comminari
2554 886 2779 941 mortuis
2802 886 2981 942 irrisio
3004 898 3087 941 est
3114 905 3128 943 :
3158 898 3213 941 et
3240 896 3387 941 certe
3418 888 3709 951 adveniant

2141 986 2192 1031 et
2226 978 2404 1039 minae,
2435 988 2705 1030 acuantur
2738 976 2922 1046 gladii,
2945 987 2999 1030 et
3036 980 3331 1043 exercitus,
3359 986 3414 1031 et
3464 976 3633 1046 leges,
3658 986 3713 1031 et

2143 1068 2453 1121 civitatibus
2486 1076 2745 1136 appareat
2781 1066 2907 1121 Jesn
2937 1066 3142 1122 Christi
3193 1068 3403 1123 Domini
3436 1068 3629 1131 virtus,
3656 1077 3715 1122 et

2145 1176 2298 1215 amor
2349 1170 2404 1214 et
2454 1160 2690 1214 ﬂamma.
2739 1160 2936 1215 Audite
2992 1161 3156 1230 igitur
3206 1161 3297 1229 qui
3338 1160 3550 1215 Domini
3581 1157 3717 1215 Jesu

2144 1252 2432 1321 participes
2462 1252 2839 1321 mysteriorum
2868 1262 2999 1306 estis
3031 1252 3246 1306 :audite
3267 1252 3561 1319 Christum,
3593 1253 3715 1307 cul-

2147 1355 2292 1398 tores
2316 1343 2450 1411 ejus.
2478 1344 2614 1409 Quid
2642 1344 2772 1398 dicit
2810 1343 2989 1397 lumen
3036 1344 3263 1398 verum?
3287 1344 3414 1413 quid
3472 1344 3719 1414 loquitur

2148 1436 2273 1489 via?
2303 1437 2432 1506 quid
2460 1437 2833 1506 clamatjauua
2860 1437 2882 1489 ?
2911 1436 3037 1504 quid
3064 1435 3391 1491 vociferatur
3428 1436 3579 1489 vita?
3610 1436 3719 1501 Qui

2147 1528 2339 1598 diligit,
2373 1529 2567 1598 inquit,
2594 1539 2792 1593 patrem
2822 1538 2912 1581 aut
2942 1539 3160 1582 matrem
3188 1544 3345 1596 super
3373 1543 3471 1592 me,
3513 1542 3616 1580 non
3637 1537 3721 1581 est

2147 1636 2229 1673 me
2255 1621 2441 1689 dignus
2465 1620 2529 1672 ¹².
2561 1621 2627 1673 Et
2660 1635 2767 1674 non
2793 1617 2986 1674 suﬂicit
3008 1619 3134 1673 hoc.
3159 1618 3354 1673 lterum
3385 1618 3529 1672 enim
3551 1617 3721 1671 dicit:

2151 1712 2219 1766 Et
2246 1715 2335 1782 qui
2358 1730 2463 1766 non
2501 1713 2687 1780 accipit
2722 1728 2929 1765 crucem
2953 1727 3124 1775 suam,
3163 1721 3210 1764 et
3231 1710 3463 1778 sequitur
3483 1726 3585 1775 me,
3611 1726 3723 1763 non

2150 1815 2223 1858 est
2258 1821 2338 1857 me
2372 1806 2561 1874 dignus
2594 1804 2661 1857 “.
2693 1805 2795 1859 Ista
2824 1814 2910 1859 est
2940 1807 3148 1857 vocatio
3191 1816 3378 1856 eorum
3438 1802 3531 1871 qui
3580 1801 3727 1855 mili-

2159 1906 2273 1949 tare
2313 1898 2625 1950 desiderant
2662 1895 2903 1951 Christo.
2942 1894 2998 1948 Si
3030 1895 3151 1963 quis
3192 1895 3355 1964 igitur
3383 1901 3607 1962 paratus
3637 1903 3729 1947 est

2154 1986 2417 2053 crucitigi,
2448 1986 2665 2039 veniat:
2705 1986 2749 2040 si
2774 1986 2895 2054 quis
2922 1984 3103 2038 alacer
3142 1994 3227 2038 est
3272 1984 3337 2037 ad
3367 1992 3622 2047 mortem,
3677 1984 3727 2037 si

2154 2077 2275 2144 quis
2305 2086 2477 2145 potest
2503 2077 2569 2129 ad
2598 2076 2855 2147 gladium,
2884 2077 2929 2130 si
2964 2077 3087 2146 quis
3117 2075 3183 2129 ad
3215 2074 3506 2138 ﬂammam,
3534 2074 3580 2128 si
3602 2074 3731 2143 quis

2155 2170 2221 2222 ad
2253 2171 2449 2237 ignem,
2478 2170 2522 2223 si
2555 2171 2677 2238 quis
2721 2170 2786 2223 ad
2818 2171 3112 2233 exercitus,
3138 2168 3181 2222 si
3211 2167 3333 2235 quis
3362 2166 3427 2219 ad
3468 2165 3729 2233 concupi-

2156 2262 2414 2327 scentias,
2448 2262 2492 2315 si
2527 2263 2649 2332 quis
2677 2262 2741 2314 ad
2794 2262 3068 2325 libidines,
3120 2262 3162 2313 si
3193 2262 3314 2329 quis
3357 2258 3424 2311 ad
3471 2259 3636 2323 iram,
3681 2257 3731 2312 si

2158 2353 2279 2420 quis
2303 2354 2367 2404 ad
2394 2354 2841 2422 indignationem,
2873 2354 2916 2407 si
2951 2354 3073 2422 quis
3099 2353 3163 2405 ad
3195 2367 3323 2420 opes
3370 2361 3425 2404 et
3464 2351 3689 2404 divitias
3712 2388 3729 2414 ,

2161 2453 2213 2496 et
2247 2445 2634 2510 possessiones,
2674 2455 2728 2498 et
2760 2444 3009 2506 aedilicia,
3055 2451 3107 2496 et
3131 2453 3487 2506 mercaturas,
3551 2450 3609 2494 et
3662 2440 3731 2493 ad

2169 2535 2501 2601 principatus
2532 2544 2584 2587 et
2614 2544 2930 2603 potestates,
2971 2535 3036 2587 ad
3068 2533 3308 2587 visibiles
3342 2544 3395 2586 et
3427 2531 3735 2586 invisibiles

2158 2626 2429 2687 inimicos,
2459 2626 2523 2679 ad
2554 2627 2778 2695 spiritus
2819 2640 3078 2693 nequam,
3106 2625 3172 2678 ad
3211 2637 3454 2688 carnem,
3488 2626 3557 2677 ad
3583 2626 3731 2691 cogi-

2160 2723 2331 2767 totum
2368 2716 2583 2779 animas,
2616 2716 2680 2767 ad
2709 2724 3006 2768 nocturnas
3042 2714 3391 2776 ambitiones,
3429 2713 3496 2766 ad
3546 2725 3734 2769 motus

2160 2805 2508 2873 meridianos,
2544 2806 2610 2860 ad
2660 2805 2962 2873 juventutis
2992 2805 3281 2870 fervorem,
3322 2805 3388 2856 ad
3419 2803 3687 2872 impetum
3712 2845 3732 2869 ,

2163 2898 2230 2951 ad
2256 2896 2451 2951 famem
2489 2907 2541 2951 et
2571 2898 2743 2962 sitim,
2777 2896 2844 2950 ad
2878 2898 3151 2961 homines,
3184 2896 3249 2950 ad
3275 2897 3571 2965 languores
3596 2937 3613 2962 ,
3664 2895 3734 2948 ad

2160 2990 2446 3053 sanitates,
2480 2992 2545 3043 ad
2572 2989 2806 3043 divitias.
2842 2988 2943 3042 Per
2972 2990 3086 3043 haec
3105 2988 3247 3042 enim
3278 2988 3461 3041 omnia
3491 2987 3734 3041 vincitur

2163 3080 2489 3135 desiderium
2523 3099 2536 3136 :
2582 3082 2752 3151 magis
2778 3089 2956 3135 autem
2986 3081 3317 3135 desiderium
3349 3096 3525 3150 neque
3559 3080 3734 3134 vinci-

490 3204 708 3272 quidem
735 3203 805 3255 ita
857 3203 1156 3270 proposuit,
1210 3200 1348 3254 alius
1377 3199 1534 3253 aliter
1587 3198 1769 3253 alacer
1821 3198 1939 3253 fuit.
1988 3197 2058 3252 Ut
2086 3218 2127 3274 ο
2165 3206 2271 3263 tur,
2304 3210 2476 3263 neque
2515 3194 2841 3257 deﬂectitur,
2883 3193 2976 3248 sed
3009 3207 3105 3263 per
3143 3192 3247 3246 ista
3301 3192 3481 3245 omnia
3515 3193 3689 3246 vincit
3714 3232 3729 3256 ,

491 3294 829 3348 dinumerem
864 3291 1097 3360 singula,
1133 3290 1259 3358 quid
1309 3291 1453 3343 enim
1507 3296 1561 3343 et
1596 3289 1771 3343 habeo
1805 3289 2056 3342 dinume-

491 3401 614 3439 rare
644 3395 865 3454 propter
899 3385 1067 3437 eum?
1099 3382 1231 3449 Quis
1284 3384 1428 3435 enim
1478 3396 1563 3435 me
1597 3396 1820 3435 exosum
1872 3379 2061 3434 habuit

490 3488 714 3549 propter
738 3476 1050 3531 Christum?
1077 3475 1207 3540 Quis
1242 3490 1325 3527 me
1356 3473 1641 3540 castigavit
1668 3480 1888 3542 propter
1913 3469 2062 3523 eum?

491 3573 625 3638 Quis
658 3586 746 3625 me
778 3581 930 3639 pater
987 3566 1288 3621 abdicavit?
1315 3566 1443 3632 ane
1475 3575 1648 3617 mater
1699 3565 1926 3615 adversa
1974 3573 2060 3612 me

492 3664 624 3720 est?
661 3664 791 3729 Quis
835 3661 1005 3715 frater
1038 3660 1326 3712 adversum
1361 3670 1445 3709 me
1485 3652 1839 3707 exsurrexit?
1882 3649 1927 3705 Ο
1955 3649 2058 3702 mi-

489 3755 798 3813 serabilitas
827 3766 1011 3805 eorum
1047 3750 1138 3818 qui
1170 3764 1275 3802 non
1304 3746 1503 3800 habent
1532 3745 1666 3797 ista!
1701 3743 1849 3796 Alius
1880 3749 2060 3794 autem

494 3850 644 3902 dives
673 3854 726 3900 et
754 3844 959 3915 spissus
995 3840 1287 3909 inopibus,
1324 3838 1479 3891 laetus
1513 3845 1597 3890 est
1626 3844 1828 3897 mente,
1868 3832 1992 3902 quia
2030 3847 2059 3885 a

490 3940 805 3995 civitatibus
831 3945 884 3989 et
917 3932 1224 3987 nationibus
1262 3932 1604 3990 decantatur,
1638 3926 1763 3994 quia
1790 3924 2059 3978 theatrum

492 4040 576 4085 est
606 4030 782 4083 factus
800 4036 855 4080 et
885 4025 1093 4094 angelis
1116 4033 1170 4076 et
1207 4020 1533 4074 hominibus.
1562 4017 1945 4084 Dignus~enim
1979 4024 2061 4068 est

491 4125 582 4193 qui
608 4123 963 4182 desideratur,
999 4128 1053 4171 et
1086 4116 1210 4184 quia
1268 4114 1577 4180 increpatur
1605 4119 1658 4164 et
1694 4109 1895 4175 oditur,
1937 4106 2059 4176 quia

490 4215 697 4270 inimici
725 4212 957 4267 hominis
984 4206 1267 4262 domestici
1314 4204 1451 4272 ejus,
1475 4211 1529 4256 et
1554 4202 1677 4269 quia
1712 4200 1954 4253 abscisus
1978 4206 2063 4253 est

492 4308 559 4362 ab
589 4321 654 4360 eo
676 4314 852 4375 pater,
884 4312 939 4357 et
972 4318 1074 4354 non
1100 4300 1377 4353 consentit
1412 4306 1603 4360 mater,
1633 4294 1759 4363 quia
1813 4293 2061 4346 noctibus

489 4408 851 4468 expugnatur,
886 4404 939 4449 et
964 4409 1058 4463 per
1081 4393 1194 4447 dies
1243 4398 1559 4450 coronatur,
1593 4389 1723 4444 mihi
1747 4398 1800 4443 et
1827 4388 1958 4440 meis
1982 4387 2061 4439 vi—

492 4490 734 4545 sceribus
789 4497 843 4541 et
896 4485 1035 4539 ossis
1066 4484 1202 4538 bella
1254 4497 1371 4550 qua:
1410 4496 1506 4549 pro
1537 4480 1756 4535 Christo
1797 4487 1940 4534 sunt.
1997 4478 2061 4531 Et

492 4580 636 4633 unde
670 4578 800 4631 mihi
837 4578 937 4632 hoc
963 4592 1123 4646 supra
1152 4549 1469 4642 dignitatem
1509 4580 1590 4625 est
1648 4585 1843 4634 meam,
1890 4580 1948 4623 ut
1978 4570 2058 4624 vel
2095 4549 2137 4602 Ῑ)

495 4671 749 4741 injuriam
781 4685 879 4740 pro
915 4668 1133 4723 Christo
1165 4664 1511 4721 sustineam?
1557 4663 1715 4717 Cruci
1751 4671 1932 4715 autem
1964 4662 2056 4731 figi

492 4775 549 4818 et
575 4763 792 4817 inverso
822 4759 1179 4829 capite,Petri
1201 4758 1369 4825 magis
1395 4767 1477 4811 est
1504 4772 1665 4825 quam
1697 4755 1922 4809 aliorum
1966 4756 2061 4809 ho-

493 4856 725 4911 minum.
763 4853 1034 4907 Ebrietate
1061 4867 1195 4921 opus
1219 4860 1302 4906 est
1326 4860 1378 4903 ct
1401 4850 1634 4911 fervore,
1666 4847 1927 4901 ebrietate
1954 4864 2059 4902 non

494 4965 527 5004 a
555 4950 698 5012 vino,
726 4948 820 5000 sed
854 4962 914 5001 ea
944 4960 1061 5014 qua:
1088 4944 1154 4998 ob
1172 4957 1405 4996 amorem
1429 4952 1512 4995 est
1534 4940 1752 4995 Christi.
1781 4931 1880 5005 Qui
1913 4941 2058 4994 enim

496 5050 699 5103 amant,
726 5038 855 5093 nihil
877 5039 1060 5092 vident
1089 5036 1328 5089 nisieum
1363 5047 1523 5103 quem
1543 5033 1788 5101 diligunt.
1809 5030 2067 5087 Nesciunt

495 5134 623 5204 quia
654 5140 736 5185 est
763 5131 900 5185 alius
936 5131 987 5183 in
1022 5131 1212 5184 terra-z
1250 5126 1338 5180 ubi
1368 5118 1510 5179 enim
1561 5125 1850 5178 thesaurus
1902 5122 2066 5177 fuerit

497 5223 716 5286 mentis,
755 5222 864 5274 illic
896 5232 951 5275 et
982 5221 1159 5273 anima
1191 5218 1457 5283 habetur;
1491 5216 1594 5269 alia
1642 5222 1819 5267 autem
1858 5221 2066 5267 mortua

497 5324 619 5367 sunt
635 5313 703 5367 ei.
725 5311 781 5366 Si
813 5314 1075 5382 inerepas,
1096 5326 1273 5366 nonne
1288 5309 1512 5378 eumqui
1537 5307 1714 5361 audit?
1735 5308 1790 5362 Si
1812 5308 2058 5376 eaStigns,

498 5419 675 5459 nonne
692 5421 812 5459 eum
841 5406 929 5474 qui
958 5407 1152 5459 sentit?
1169 5403 1477 5472 QuiChristi
1497 5404 1638 5458 enim
1658 5414 1803 5467 sunt,
1819 5403 2061 5458 crucifixi

500 5495 785 5549 habentur.
820 5496 958 5561 Quid
988 5496 1103 5550 sine
1129 5510 1292 5551 causa
1326 5492 1575 5548 laboras?
1614 5504 1857 5548 mortuus
1886 5494 1926 5547 si
1955 5503 2063 5548 tor-

501 5597 730 5657 queatur
757 5603 861 5641 non
895 5589 1080 5653 sentit,
1116 5588 1278 5641 etiam
1330 5586 1374 5639 si
1426 5586 1791 5655 increpaveris
1828 5601 1931 5638 non
1959 5602 2054 5636 au-

576 5680 615 5711 ”
643 5680 796 5737 Rom.
830 5698 947 5747 vitt,
974 5682 1062 5736 57.
1142 5683 1183 5712 ¹²
1208 5680 1396 5734 Matth.
1448 5696 1502 5745 κ,
1563 5681 1648 5737 '57.
1728 5681 1771 5711 ¹³
1806 5680 1933 5735 ibid.
1962 5681 2048 5735 58.

2130 5684 2171 5714 ”
2202 5685 2329 5739 ibid.
2366 5685 2454 5738 5‘3.

2161 3296 2215 3340 et
2241 3286 2432 3338 iterum
2460 3283 2747 3336 abundans
2777 3283 2828 3335 in
2853 3282 3236 3351 prmdicatione
3276 3291 3381 3335 est.
3429 3280 3549 3336 Non
3580 3281 3725 3334 enim

2164 3385 2304 3429 tacet
2333 3374 2589 3437 Verbum,
2626 3372 2858 3427 Verbum
2884 3374 3057 3437 Deus;
3088 3389 3192 3427 non
3232 3383 3406 3427 tamen
3460 3388 3567 3426 vox
3601 3372 3737 3428 Ver-

2162 3469 2311 3533 bum,
2341 3466 2467 3535 quia
2506 3480 2603 3520 nec
2635 3464 2872 3519 Joannes
2900 3467 2992 3535 qui
3031 3476 3254 3520 vocatus
3302 3476 3385 3520 est
3444 3481 3570 3532 vox,
3629 3481 3733 3520 vox

2162 3569 2302 3622 erat,
2340 3560 2433 3611 sed
2466 3558 2722 3612 Joannes.
2765 3558 2903 3624 Quid
2934 3570 3111 3612 autem
3147 3560 3275 3612 dicit
3303 3562 3390 3627 qui
3431 3560 3579 3611 venit
3627 3560 3737 3611 sal-

2162 3667 2289 3706 vare
2310 3652 2332 3704 ?
2365 3653 2465 3716 Qui
2489 3652 2678 3704 invenit
2704 3652 2932 3704 animum
2955 3667 3124 3714 suam,
3144 3652 3323 3718 perdet
3351 3667 3466 3704 eam
3488 3651 3551 3707 “‘.
3568 3650 3739 3707 Forte

2162 3745 2449 3800 obscurum
2484 3745 2576 3798 tibi
2610 3744 2823 3798 videtur
2858 3743 3009 3812 quod
3037 3744 3238 3797 dictum
3264 3754 3346 3797 est
3376 3760 3392 3795 :
3426 3744 3556 3812 quia
3586 3744 3736 3797 enim

2164 3853 2269 3890 non
2302 3838 2468 3891 babes
2495 3846 2916 3902 sacramentum,
2950 3851 3120 3905 neque
3143 3850 3329 3890 omnes
3364 3837 3541 3889 omnia
3577 3836 3739 3891 inon

2167 3930 2410 3999 ligimus,
2448 3944 2623 3998 neque
2651 3944 2840 3983 omnes
2871 3930 2937 3983 ab
2971 3928 3220 3983 omnibus
3253 3944 3556 3993 movemur,
3610 3930 3736 3983 ideo

2161 4031 2315 4090 putas
2332 4025 2556 4075 obscura
2578 4020 2701 4085 :Qui
2716 4022 2901 4075 invenit
2921 4022 3150 4073 animum
3166 4037 3334 4086 suam,
3354 4022 3528 4091 perdet
3546 4024 3735 4088 eam",

2164 4113 2265 4167 hoc
2293 4122 2396 4175 est,
2433 4115 2523 4183 qui
2552 4114 2658 4165 vult
2701 4114 2943 4168 invenire
2996 4116 3199 4182 perdet.
3254 4114 3575 4180 Quomodo?
3605 4115 3735 4181 Qtth

2165 4206 2399 4260 inventio
2417 4216 2517 4272 est,
2543 4220 2596 4260 et
2618 4221 2737 4275 qua:
2763 4206 3024 4260 amissio?
3054 4207 3125 4259 De
3148 4210 3260 4275 ipsa
3287 4207 3584 4274 eademque
3611 4207 3730 4260 ani-

2164 4315 2248 4351 ma
2286 4299 2374 4366 qui
2406 4300 2723 4369 martyrium
2758 4301 2980 4368 patitur,
3042 4299 3183 4352 tollit
3240 4299 3572 4363 hominibus,
3624 4301 3735 4353 Deo

2162 4401 2340 4445 autem
2378 4392 2600 4443 invenit.
2635 4391 2740 4455 Qui
2780 4392 3063 4457 perdiderit
3092 4391 3320 4442 animam
3351 4407 3500 4442 suam
3524 4403 3733 4458 propter

2165 4499 2268 4547 me,
2326 4484 2550 4538 inveniet
2597 4500 2714 4536 eam
2743 4485 2805 4536 ³³.
2868 4484 3320 4551 lnterprctatione
3380 4498 3484 4537 non
3530 4483 3732 4552 indiget

2170 4591 2387 4641 sermo;
2418 4576 2507 4643 qui
2532 4574 2802 4629 desiderat
2829 4574 2941 4641 jam
2974 4575 3198 4628 audivit.
3240 4574 3349 4643 Ego
3375 4584 3555 4627 autem
3580 4588 3730 4627 com-

2168 4668 2345 4737 patior
2380 4677 2576 4721 n0strze
2613 4677 2841 4732 naturai,
2878 4668 2969 4736 qui
3002 4668 3071 4720 ita
3112 4681 3296 4720 sumus
3328 4666 3506 4735 egeni,
3541 4677 3725 4720 utnon

2169 4761 2442 4827 possimus
2470 4760 2702 4813 invicem
2740 4769 2930 4814 nostro
2963 4760 3146 4814 debito
3174 4762 3302 4813 dare
3342 4760 3561 4828 aliquid.
3590 4760 3727 4826 Quid

2170 4860 2347 4903 autem
2408 4860 2464 4904 et
2512 4866 2795 4919 possumus
2840 4851 3135 4904 retribuere
3181 4849 3398 4904 CbriSto
3453 4850 3724 4903 Domino?

2170 4942 2416 4994 Animam
2442 4956 2604 5010 quam
2645 4942 2869 5005 creavit,
2905 4957 3099 5009 corpus
3127 4942 3267 5009 quod
3324 4941 3597 5010 ﬁguravit,
3630 4958 3726 5010 pu-

2172 5034 2408 5088 dicitiam
2449 5050 2542 5102 per
2573 5050 2735 5104 quam
2781 5034 3100 5088 beneticium
3152 5033 3356 5099 tribuit,
3413 5035 3727 5104 martyrium

2174 5141 2269 5195 per
2298 5128 2437 5195 quod
2463 5126 2785 5190 sanctificat,
2823 5126 3091 5192 justitiam
3140 5142 3234 5196 per
3282 5142 3443 5195 quam
3481 5126 3725 5181 honorat.

2170 5221 2299 5288 Quae
2326 5222 2568 5276 videmur
2591 5223 2638 5275 ei
2664 5223 2907 5285 reddere,
2939 5222 3108 5289 magis
3127 5224 3439 5289 accipimus.
3470 5223 3727 5276 Adveniat

2170 5315 2331 5384 igitur
2355 5314 2567 5369 ﬂamma
2586 5318 2649 5367 ad
2677 5314 2957 5376 medullas,
2984 5316 3377 5383 penetretiguis
3404 5317 3471 5368 ad
3499 5318 3723 5377 viscera,

2168 5415 2221 5458 et
2246 5407 2571 5459 accendatur
2588 5407 2767 5458 anima
2788 5405 2853 5457 ad
2874 5405 3211 5473 martyrium,
3228 5404 3292 5456 ad
3312 5402 3725 5467 confessionem,

2172 5498 2237 5551 ad
2265 5498 2601 5566 pudicitiam,
2636 5501 2701 5551 ad
2728 5497 3016 5565 justitiam,
3062 5496 3127 5548 ad
3162 5495 3609 5556 misericordiam,
3652 5494 3716 5547 ad

2169 5591 2370 5659 jejunia
2403 5608 2418 5655 ;
2462 5602 2519 5644 ut
2549 5600 2601 5644 et
2635 5590 2878 5644 diabolus
2902 5600 3203 5657 superetur,
3232 5596 3286 5640 et
3332 5587 3597 5641 daemones
3626 5588 3715 5638 de-

2552 5685 2595 5714 ¹⁵
2626 5684 2755 5739 ibid.

574 5773 685 5841 (85)
714 5774 851 5853 βεδε
885 5774 1162 5853 Dominum
1192 5775 1267 5829 tui
1300 5784 1529 5847 propter,
1564 5784 1667 5833 etc.
1706 5773 1927 5831 Videtur
1963 5778 2095 5832 verti
2134 5778 2383 5835 debuisse
2433 5777 2595 5845 Ecce,
2643 5777 2883 5845 Domine,
2915 5788 3120 5845 propter
3178 5785 3246 5841 te,
3281 5786 3409 5840 etc.,
3462 5774 3597 5844 quod
3640 5777 3719 5825 est

501 5845 685 5900 Ctmce
713 5846 872 5898 ἔνεκα
900 5845 1013 5900 σοῦ.
