3956 6510
250 404 377 458 Ηϐι

250 528 551 587 struantur,
590 530 645 576 et
684 521 845 576 homo
869 538 967 593 pro
1000 523 1219 581 Christo
1252 524 1529 591 salvetur;
1570 536 1624 581 et
1673 543 1815 583 sem-

250 631 348 681 per
372 616 578 685 gratias
607 625 730 687 agat
762 616 873 671 Deo
902 617 1046 671 Patri
1083 634 1177 688 per
1205 619 1548 689 unigenitum
1594 620 1711 689 ejus
1732 620 1822 675 Fi-

250 704 402 771 lium,
432 719 526 776 per
552 720 709 775 quem
737 716 819 763 est
849 708 897 763 ei
922 708 1114 777 gloria,
1139 709 1330 776 honor,
1364 712 1667 780 imperium,
1699 728 1816 767 ma-

1580 407 1649 464 IN
1683 409 1939 464 MATTH.
1987 411 2050 475 Χ,
2090 416 2180 469 27.

3358 420 3493 475 iis!

1940 532 2124 602 festas,
2153 549 2272 587 cum
2307 535 2506 606 Spiritu
2535 546 2743 603 sancto,
2772 547 2828 593 et
2864 554 3031 603 nunc,
3063 548 3117 596 et
3151 554 3387 609 semper,
3442 552 3493 595 et

1929 639 2027 694 per
2058 626 2237 680 omnia
2266 629 2461 682 saecula
2489 630 2829 687 saeculorum.
2855 632 3048 687 Amen.

250 846 3491 870 mm“...

1221 1010 1776 1126 EUSEBII
1857 1014 2538 1129 PAMPHILI

799 1252 945 1340 DE
1018 1247 1599 1342 MANDATO
1680 1248 2184 1374 DOMINI,
2261 1251 2594 1358 QUOD
2670 1254 2951 1343 AIT:

991 1438 1175 1512 Quod
1218 1439 1357 1500 dico
1404 1437 1579 1499 vobis
1622 1438 1689 1498 in
1725 1456 1911 1512 aure,
1957 1456 2153 1517 supra
2194 1450 2356 1502 tecta
2391 1444 2768 1520 praedicata,

1543 1602 1776 1662 LIBER
1820 1602 2232 1665 SEPTIMUS.

1845 1776 1916 1790 —

331 1926 505 1982 Verba
537 1925 651 1980 hare
682 1940 801 1996 qua:
830 1925 965 1981 lecta
990 1935 1142 1990 sunt,
1181 1926 1395 1980 Domini
1422 1936 1691 1997 martyres
1713 1941 1839 1992 pro-
1872 1930 1915 1988 Β
1948 1929 2064 1999 ipse
2100 1932 2316 1999 quidem
2348 1943 2651 2002 Opportune
2682 1942 2842 1999 tacet,
2867 1933 3143 2003 discipulis
3166 1944 3345 1991 autem
3368 1935 3512 2007 loqui

259 2022 536 2077 duxerunt
571 2022 636 2075 ad
675 2022 979 2091 passionem
1011 2040 1025 2088 ;
1090 2037 1187 2091 per
1230 2024 1328 2076 hos
1377 2023 1519 2077 enim
1553 2035 1833 2077 sermones

260 2114 534 2170 ﬂammam
574 2115 626 2168 in
667 2130 855 2169 eorum
913 2116 1228 2185 praecordiis
1280 2117 1669 2169 accenderunt.
1734 2114 1835 2168 Per

267 2208 429 2262 istam
454 2208 753 2261 doctrinam
778 2208 950 2261 erexit
1006 2223 1119 2271 eos,
1153 2219 1211 2261 ut
1258 2217 1668 2262 contemnerent
1702 2222 1840 2275 prte-

266 2298 463 2362 sentia,
497 2308 877 2367 exspectarent
909 2308 1085 2353 autem
1106 2299 1306 2353 futura.
1329 2298 1433 2352 Phr
1473 2300 1629 2353 istam
1661 2299 1841 2354 erudi-

264 2392 465 2445 tionem
491 2392 722 2445 armavit
752 2407 845 2446 eos
871 2392 937 2445 ad
963 2401 1216 2447 mortem.
1242 2390 1423 2446 Utitur
1448 2402 1631 2446 autem
1659 2403 1712 2446 et
1734 2391 1839 2444 hoc

270 2482 464 2536 ordine
493 2482 1003 2536 servansotlicium:
1037 2481 1291 2550 przecedit
1318 2490 1495 2534 autem
1534 2482 1837 2549 passionem

266 2584 569 2645 martyrum
607 2574 907 2628 constantia
934 2589 949 2627 :
980 2575 1069 2642 qui
1110 2574 1252 2627 enim
1283 2588 1387 2627 non
1432 2574 1710 2642 przedicat,
1740 2587 1841 2627 nec

266 2669 580 2733 tenebitur;
618 2667 707 2736 qui
736 2685 842 2719 non
868 2682 993 2721 cum
1029 2667 1220 2720 ﬁducia
1256 2666 1415 2721 fuerit
1460 2667 1693 2730 locutus,
1739 2680 1842 2720 nec

266 2760 526 2824 tristabit,
554 2760 646 2814 sed
682 2759 935 2825 praecedit
962 2759 1277 2814 constantia
1322 2760 1652 2826 passionem.
1705 2756 1840 2811 Cum

262 2850 411 2904 enim
438 2850 614 2902 anima
647 2848 713 2901 de
740 2850 975 2902 adventu
1035 2847 1127 2901 Dei
1185 2859 1270 2901 sat
1323 2830 1626 2912 habuerit,
1666 2847 1843 2901 aderit

266 2943 413 2998 enim
444 2942 660 2995 Deusin
687 2941 890 3005 anima,
915 2956 1034 3009 qua:
1085 2941 1212 2994 dum
1240 2941 1419 3005 capiet
1470 2940 1677 3003 omnia,
1736 2953 1841 2993 non

265 3042 450 3102 potest
479 3032 807 3086 desiderium
834 3041 1012 3087 tacere
1046 3048 1224 3098 suum,
1256 3032 1349 3085 sed
1380 3032 1541 3086 sentit
1567 3031 1712 3100 quod
1742 3031 1841 3085 ha-

265 3127 381 3189 bet,
411 3126 663 3194 quodque
719 3139 825 3177 non
859 3123 1043 3184 habet,
1092 3124 1181 3192 qui
1227 3138 1347 3177 sese
1386 3122 1785 3175 fraudaverttnt
1813 3135 1841 3173 a

269 3219 438 3274 homo.
465 3216 554 3271 Ille
586 3226 765 3270 autem
791 3215 880 3284 qui
908 3224 1119 3269 amator
1150 3215 1241 3268 Dei
1266 3224 1349 3269 est
1396 3217 1741 3276 constitutus,
1792 3220 1846 3266 et

272 3307 667 3362 humanitatem
702 3313 902 3365 servat,
936 3304 1116 3357 statim
1143 3315 1361 3373 propter
1407 3304 1573 3356 Deum
1624 3301 1843 3370 quidem

268 3399 511 3461 itetatur,
533 3406 755 3465 propter
778 3396 1165 3449 humanitatem
1194 3403 1373 3448 autem
1404 3409 1507 3447 non
1534 3403 1677 3446 tacet
1710 3410 1723 3446 :
1751 3393 1846 3448 ho-

268 3492 447 3547 mines
482 3499 659 3543 autem
680 3489 996 3542 beneﬁcium
1024 3503 1129 3542 non
1156 3488 1413 3553 ferentes,
1440 3488 1688 3557 ignorant
1721 3488 1847 3557 quis

271 3584 542 3638 inhabitat
590 3584 642 3634 in
690 3583 965 3648 loquente,
1030 3595 1135 3634 non
1172 3579 1355 3634 ferunt
1402 3596 1534 3635 sane
1579 3595 1682 3634 nec
1708 3596 1843 3635 con-

270 3676 548 3730 stantiam.
579 3673 685 3727 Sed
710 3674 849 3727 sicut
878 3669 1047 3725 Judtei
1078 3672 1350 3741 Stephano
1376 3673 1551 3740 primo
1580 3673 1722 3726 inter
1747 3672 1845 3727 ho-

272 3768 450 3822 mines
474 3775 713 3834 martyre
740 3762 939 3817 Christi
972 3762 1225 3831 loquente
1250 3764 1641 3817 obstruxernnt
1679 3778 1842 3818 aures

272 3873 425 3923 suas,
452 3872 518 3909 ne
549 3857 923 3923 ingrederetur
953 3855 1132 3918 Deus;
1187 3854 1258 3907 ita
1288 3864 1342 3909 et
1377 3854 1622 3907 nonnulli
1665 3855 1843 3908 homi-

273 3967 406 4007 num
434 3968 447 4003 :
478 3951 603 4018 quia
630 3948 773 4002 enim
800 3932 1106 4002 constantia
1139 3948 1445 4016 antecedit
1494 3947 1799 4017 passionem
1831 3988 1847 4013 ,

274 4045 422 4098 unde
452 4044 673 4097 deberet
702 4041 862 4095 istinc
889 4050 945 4095 et
984 4041 1175 4110 incipit
1226 4041 1504 4104 Dominus,
1530 4040 1621 4107 qui
1653 4040 1854 4109 produ-

274 4139 354 4190 cit
385 4145 654 4206 martyres
678 4137 742 4187 ad
775 4136 1100 4202 passionem.
1150 4133 1289 4186 Dicit
1319 4134 1461 4186 enim
1489 4150 1502 4185 :
1531 4132 1683 4198 Quod
1732 4134 1850 4185 dico

279 4229 423 4283 uobis
446 4229 497 4280 in
528 4227 777 4287 tenebris,
813 4228 868 4279 in
905 4227 1102 4279 lumine
1132 4226 1291 4277 dicite
1314 4264 1328 4287 ,
1367 4235 1411 4276 et
1459 4225 1596 4292 quod
1640 4226 1693 4277 in
1726 4240 1853 4277 aure

281 4322 530 4383 audistis,
558 4322 613 4373 in
650 4322 795 4371 tectis
822 4322 1104 4387 prwdicate
1139 4320 1201 4374 ‘8.
1256 4321 1529 4373 Assumite
1559 4361 1573 4385 ,
1635 4320 1851 4387 inquit,

278 4414 664 4476 conSIantlam,
688 4420 882 4464 exeant
904 4411 1067 4463 verba
1094 4424 1272 4465 vestra
1302 4425 1471 4477 usque
1502 4411 1567 4463 ad
1592 4412 1852 4466 terminos

279 4513 439 4559 terra:
466 4521 478 4556 :
516 4518 582 4558 ne
620 4503 843 4557 taceatis
874 4504 925 4556 id
956 4504 1021 4557 de
1052 4520 1157 4572 quo
1189 4504 1286 4572 ipsi
1310 4502 1446 4558 certi
1472 4504 1605 4559 estis
1634 4502 1847 4558 effecti:

1940 2036 2002 2075 ea
2035 2031 2093 2076 et
2120 2021 2359 2077 clamare
2387 2024 2679 2091 praecepit;
2712 2040 2817 2078 non
2874 2025 3069 2079 timens
3121 2026 3355 2096 quippe;
3414 2029 3513 2084 boc

1941 2112 2090 2165 enim
2128 2112 2493 2183 ignorantium
2528 2115 2805 2169 hominum
2845 2125 2924 2170 est
2954 2117 3271 2185 dignitatem
3298 2120 3510 2174 Domini

1939 2204 2063 2260 Jesu
2088 2244 2105 2270 ,
2148 2204 2241 2259 sed
2270 2207 2609 2275 dispensans,
2631 2218 2689 2260 ut
2716 2208 2831 2275 ipse
2861 2208 3073 2277 quidem
3104 2218 3280 2264 taceat
3310 2211 3361 2264 in
3382 2221 3516 2266 tem-

1943 2313 2095 2367 pore,
2134 2298 2389 2366 loquatur
2421 2309 2601 2352 autem
2631 2301 2681 2352 in
2710 2309 2973 2369 tempore.
3012 2299 3197 2369 Neque
3222 2301 3367 2356 enim
3420 2317 3517 2371 per

1917 2387 2121 2459 .omnia
2149 2392 2316 2441 tacuit
2350 2387 2611 2443 Dominus
2636 2406 2651 2453 ;
2689 2406 2753 2443 ne
2777 2399 3098 2458 putarentur
3124 2392 3295 2446 aliena
3328 2392 3507 2462 aliqua

1953 2494 1983 2532 a
2008 2494 2067 2532 se
2100 2478 2309 2533 discere
2342 2480 2588 2549 discipuli
2619 2496 2633 2544 ;
2669 2495 2842 2549 neque
2889 2498 3107 2552 semper
3149 2483 3360 2540 locutus
3405 2496 3512 2553 est,

1942 2583 2011 2623 ne
2038 2579 2317 2637 putaretur
2348 2572 2489 2639 quod
2534 2571 2601 2625 de
2655 2586 2713 2625 se
2761 2573 2875 2640 ipse
2903 2582 3149 2628 testatur.
3202 2574 3338 2642 Quid
3372 2577 3517 2634 enim

1948 2669 2070 2716 erat
2100 2676 2320 2716 necesse
2348 2673 2400 2716 et
2429 2662 2637 2717 Joanne
2669 2666 3053 2733 praecursore?
3096 2666 3209 2735 Ego
3238 2709 3252 2733 ,
3302 2670 3473 2737 inquit
3500 2708 3517 2734 ,

1944 2770 2045 2806 non
2077 2754 2140 2805 ab
2174 2754 2381 2807 homine
2420 2756 2621 2821 accipio
2672 2758 3033 2809 testimonium
3065 2775 3259 2821 meum,
3292 2762 3379 2812 sed
3416 2761 3519 2814 Ita-

1943 2846 2034 2900 beo
2056 2848 2410 2901 testimonium
2434 2848 2605 2917 majus
2631 2867 2661 2901 a
2681 2848 2889 2902 Joanne
2920 2850 2981 2904 ¹⁸.
3004 2849 3117 2904 Non
3149 2854 3289 2904 enim
3314 2867 3517 2921 quaero,

1944 2940 2138 3009 inquit,
2170 2941 2621 3008 quemadmodum
2656 2956 2755 3009 ego
2785 2942 3044 3005 suadear,
3096 2943 3189 2995 sed
3247 2944 3519 3009 quomodo

1944 3047 2041 3086 vos
2072 3048 2176 3086 non
2209 3033 2331 3086 sitis
2359 3032 2633 3102 religiosi;
2673 3034 2940 3101 siquidem
2996 3049 3100 3087 non
3162 3034 3382 3089 lucerna
3428 3036 3520 3090 de-

1945 3122 2037 3176 bet
2068 3123 2254 3176 testari
2290 3123 2354 3177 de
2391 3122 2524 3187 sole,
2555 3123 2647 3176 sed
2679 3124 2753 3175 sol
2782 3122 2999 3177 ﬁrmare
3027 3124 3323 3179 lucernam.
3358 3125 3424 3179 Et
3452 3140 3521 3180 ne

1954 3215 2076 3282 quis
2106 3214 2349 3278 miretur,
2383 3225 2541 3283 putas
2598 3215 2939 3270 obscuriores
2969 3216 3107 3271 allici
3162 3218 3408 3273 lucernas
3455 3235 3521 3274 ex

1949 3304 2179 3357 adventu
2205 3304 2380 3359 solis?
2409 3303 2527 3358 Non
2557 3306 2702 3358 enim
2734 3308 2874 3375 quod
2900 3316 3153 3376 putamus
3183 3308 3282 3363 hoc
3309 3321 3362 3363 et
3398 3324 3523 3377 pro-

1949 3398 2117 3459 venit,
2151 3398 2246 3450 sed
2279 3398 2379 3451 hoc
2408 3397 2549 3465 quod
2582 3412 2687 3451 non
2725 3396 2998 3451 intuemur
3032 3409 3295 3467 superat:
3342 3399 3521 3454 lmnen

1948 3487 2096 3541 enim
2136 3486 2367 3542 minusa
2396 3487 2585 3555 majori
2637 3489 2859 3552 lumine,
2896 3504 3000 3541 non
3051 3491 3228 3545 minus
3276 3492 3524 3545 dulcibus

1952 3578 2252 3632 immissum
2285 3579 2481 3632 minuit
2518 3580 2860 3635 dulcedinem
2898 3598 3131 3635 eorum:
3180 3597 3355 3651 neque
3398 3599 3522 3637 cmn

1950 3670 2117 3725 stella:
2156 3684 2261 3723 non
2292 3680 2500 3739 parent,
2530 3680 2783 3740 tanquam
2809 3672 3112 3727 obscuratae
3142 3688 3170 3726 a
3199 3672 3401 3726 lumine
3419 3688 3525 3728 non

1952 3763 2240 3827 videntur;
2288 3764 2383 3817 sed
2418 3764 2468 3816 in
2508 3762 2699 3831 pelago
2726 3764 2948 3819 luminis
2996 3766 3201 3834 positae,
3238 3765 3527 3833 discretio-

1951 3868 2073 3907 nem
2098 3868 2201 3907 non
2228 3854 2485 3922 praebent.
2512 3855 2627 3908 Non
2665 3842 2941 3924 indigebat
2990 3857 3154 3926 igitur
3182 3856 3260 3911 sol
3298 3857 3526 3925 justititn

1952 3946 2169 3999 lucerna
2203 3950 2268 4001 ad
2311 3948 2713 4013 testimonium;
2767 3950 3061 4001 dicitenim
3101 3948 3377 4003 Joannes:
3415 3948 3529 4016 Ego

1954 4057 1984 4091 a
2012 4050 2060 4093 te
2088 4039 2255 4091 debeo
2286 4039 2585 4107 baptizari;
2613 4040 2704 4092 sed
2736 4040 3013 4106 indigebat
3057 4041 3273 4109 quidem
3308 4041 3396 4093 ille
3436 4042 3527 4110 qui

1954 4130 2174 4185 lucerna
2204 4141 2321 4185 erat
2346 4132 2543 4185 ardens
2574 4150 2587 4185 :
2640 4131 2860 4187 lucerna
2912 4133 3213 4187 immissum
3247 4133 3410 4187 habet
3446 4133 3530 4185 lu-

1956 4239 2109 4288 men;
2145 4241 2248 4277 non
2284 4233 2457 4278 tamen
2487 4226 2554 4279 ab
2592 4225 2735 4278 intus
2778 4225 3118 4279 cllieientiatn
3146 4226 3285 4279 sicut
3328 4225 3409 4278 sol
3460 4226 3525 4279 ".

1962 4316 2087 4379 Vos,
2128 4318 2321 4387 inquit,
2346 4319 2557 4373 modice
2587 4320 2832 4373 voluistis
2879 4319 3100 4389 gloriari
3126 4319 3178 4373 in
3213 4318 3417 4372 lumine
3445 4318 3530 4371 lu-

1956 4420 2154 4469 cern:e,
2182 4406 2333 4460 vobis
2361 4407 2581 4461 lucerna
2608 4418 2691 4463 est
2715 4409 2867 4463 utilis
2900 4427 2915 4464 :
2954 4408 3029 4462 illi
3062 4418 3240 4463 autem
3273 4410 3346 4463 ita
3377 4418 3532 4464 erant

1957 4498 2108 4561 caeci,
2139 4508 2283 4551 utne
2316 4498 2530 4567 quidem
2552 4500 2782 4554 lucerna:
2814 4502 3054 4553 viderent
3080 4500 3243 4567 viam,
3268 4516 3445 4570 neque
3474 4501 3529 4556 in

279 4594 451 4649 nolite
500 4594 832 4648 abscondere
889 4594 1187 4660 talentum;
1247 4596 1444 4649 mittite
1488 4597 1747 4664 pecunias
1799 4596 1844 4650 in

1960 4588 2163 4643 lumine
2218 4591 2557 4644 ambularent
2606 4603 2753 4647 recte
2779 4593 2865 4646 ὀε
2920 4594 3072 4659 Quod
3136 4595 3253 4647 dico
3282 4595 3425 4648 robis
3475 4596 3530 4648 in

281 4686 488 4743 mensis
518 4704 532 4740 :
567 4687 780 4756 exigam
813 4687 957 4741 enim
978 4701 1111 4739 .mea
1143 4687 1208 4740 ad
1234 4686 1467 4740 salutem
1510 4686 1725 4741 illorum
1761 4686 1853 4754 qui

280 4777 489 4832 fuerint
516 4776 745 4844 Operati.
782 4774 886 4830 Sed
915 4775 1057 4828 dicet
1086 4774 1207 4843 quis
1239 4791 1254 4827 :
1284 4774 1327 4828 si
1355 4774 1550 4828 bonum
1576 4782 1662 4829 est
1690 4773 1741 4827 in
1777 4772 1858 4825 lu-

286 4871 436 4924 mine
460 4868 664 4933 dicere,
701 4883 797 4922 cur
826 4868 940 4937 ipse
972 4867 1023 4920 in
1058 4865 1300 4920 tenebris
1334 4874 1417 4919 est
1437 4864 1685 4918 locutus?
1735 4863 1855 4918 etsi

283 4970 487 5025 bonum
511 4976 593 5022 est
616 4983 776 5037 supra
810 4976 948 5021 tecta
995 4965 1309 5035 praedicare,
1352 4980 1450 5017 cur
1482 4964 1593 5033 ipse
1641 4963 1692 5016 in
1728 4978 1858 5017 aure

284 5065 501 5116 locutus
526 5070 608 5116 est
628 5062 650 5114 ?
674 5060 728 5115 Si
752 5061 895 5114 enim
919 5062 1033 5128 ipse
1059 5060 1123 5113 de
1150 5058 1440 5126 semetipso
1462 5058 1641 5111 dicere
1663 5057 1849 5110 frau...

285 5158 332 5209 is
364 5154 551 5223 utique
581 5153 694 5222 (86)
722 5167 841 5220 quae
871 5152 983 5218 jam
1009 5153 1196 5205 dixere
1220 5151 1413 5210 Judaei,
1450 5148 1527 5202 Tu
1573 5151 1635 5203 de
1671 5160 1855 5203 temet-

285 5254 398 5315 ipso
423 5247 743 5314 testiﬁcaris,
764 5254 812 5298 et
835 5245 1184 5298 testimonium
1203 5255 1350 5297 tuum
1378 5259 1479 5295 non
1501 5253 1572 5296 est
1597 5258 1770 5295 verum
1793 5243 1857 5295 ⁸⁷.

286 5340 365 5395 Ne
390 5342 552 5409 igitur
582 5339 695 5407 ipse
736 5336 1012 5389 videretur
1042 5338 1299 5390 honorem
1333 5335 1433 5388 sibi
1468 5334 1754 5387 vendicare
1804 5342 1860 5387 et

286 5448 395 5505 non
430 5430 675 5485 veritatis
708 5441 867 5482 causa
905 5427 1090 5494 loqui.
1135 5438 1191 5482 et
1225 5442 1291 5481 ne
1344 5426 1701 5495 praevenirent
1748 5435 1859 5478 sta-

289 5532 457 5577 tutam
483 5538 512 5576 a
544 5522 703 5577 Patre
725 5520 1028 5589 passionem
1052 5517 1219 5574 Judaei
1249 5521 1340 5589 qui
1366 5520 1544 5573 omnia
1563 5517 1856 5582 suntausi;

1962 4682 2208 4743 tenebris,
2242 4684 2398 4735 dicite
2448 4687 2502 4735 in
2545 4684 2781 4749 lumine;
2814 4686 2916 4739 hoc
2958 4694 3063 4751 est,
3116 4685 3379 4741 absconsa
3413 4702 3535 4754 qua:

1959 4775 2212 4828 dicuntur
2243 4774 2473 4829 clamate
2505 4792 2519 4829 :
2560 4774 2627 4827 Et
2657 4777 2867 4844 quodin
2898 4794 3025 4831 aure
3060 4780 3303 4839 audistis,
3340 4778 3535 4845 prtedi-

1964 4880 2076 4920 cate
2106 4869 2375 4931 intectis;
2414 4870 2677 4923 assumite
2717 4872 3037 4924 constantiae
3071 4871 3339 4923 ﬁduciam.
3367 4870 3535 4923 Assu-

1980 4974 2189 5011 mamus
2219 4970 2273 5011 et
2306 4974 2401 5011 nos
2430 4961 2813 5013 constantiam.
2845 4960 2949 5014 Sed
3002 4961 3127 5028 quid
3173 4969 3255 5013 est
3280 4960 3420 5027 quod
3454 4959 3536 5012 in-

1965 5050 2252 5118 sequitur?
2312 5048 2590 5103 Timemus
2618 5050 2684 5104 ad
2723 5049 3097 5117 insequentem
3151 5048 3535 5116 suspicionem.

1966 5143 2072 5196 Sed
2111 5143 2186 5195 ait
2231 5142 2488 5195 Dominus
2517 5183 2532 5208 ,
2575 5142 2756 5195 Nolite
2802 5142 2984 5194 timere
3018 5139 3083 5192 ²¹.
3123 5137 3235 5191 Νοη
3269 5138 3431 5208 igitur
3474 5138 3537 5190 ti-

1967 5250 2210 5287 meamus
2234 5250 2357 5288 cum
2393 5234 2750 5288 interﬁcimur
2784 5250 2797 5285 :
2827 5233 2940 5301 ipse
2973 5233 3114 5285 enim
3167 5231 3425 5283 Dominus
3453 5230 3536 5282 di-

1967 5327 2042 5381 cit
2082 5347 2092 5381 :
2133 5324 2319 5379 Nolite
2346 5327 2529 5378 timere
2557 5342 2641 5378 eos
2667 5324 2759 5393 qui
2785 5324 3023 5377 occidunt
3057 5340 3265 5392 corpus,
3307 5326 3539 5375 animam

1967 5431 2137 5473 autem
2159 5437 2260 5473 non
2282 5430 2497 5486 possunt
2521 5420 2753 5473 occidere
2770 5420 2835 5471 ".
2861 5418 3047 5471 Divisit
3076 5419 3320 5471 titnorem
3342 5433 3355 5479 ;
3375 5425 3429 5470 et
3455 5420 3540 5470 bo-

1970 5515 2203 5568 minibus
2233 5514 2449 5583 quidem
2479 5512 2626 5566 dedit
2646 5521 2967 5581 potestatem
3002 5512 3283 5565 adversum
3322 5524 3539 5579 corpus,

360 5639 405 5671 ⁸⁸
436 5639 621 5693 Matth.
656 5654 712 5703 Χ,
744 5637 832 5692 27.
896 5636 936 5666 ³⁷
964 5633 1119 5690 Joan.
1156 5651 1273 5705 vni,
1299 5637 1385 5693 15.
1446 5637 1485 5667 ’⁸
1520 5634 1671 5691 Joan.
1701 5650 1754 5702 v,
1783 5632 1844 5690 51

1952 5633 1986 5688 i.
2036 5633 2076 5663 "
2105 5632 2290 5686 Matth.
2332 5647 2417 5697 ttt,
2454 5628 2535 5685 M.
2587 5627 2631 5659 ν’
2665 5626 2818 5684 Joan.
2841 5626 3001 5694 v,55.
3074 5628 3116 5659 ¹¹
3148 5626 3335 5683 Matth.
3366 5643 3420 5694 tt,
3448 5622 3538 5679 27.

292 5709 338 5741 ’⁸
383 5710 514 5763 ibid.
549 5710 640 5764 28.

364 5829 476 5901 (86)
505 5829 601 5885 Ms.
634 5832 783 5898 [ratu
805 5840 930 5885 esset
968 5830 1164 5897 utique.
