3956 6514
527 399 667 456 H85

1199 405 1469 463 EUSEBII
1509 408 1987 465 CESARIENSIS
2027 407 2178 465 OPP.
2218 409 2399 466 PARS
2440 411 2527 466 iV.
2566 444 2633 453 —
2674 412 3095 471 DOGMATICA.

3597 431 3703 486 “84

531 519 728 576 uabent
759 526 944 577 enim:
996 522 1107 588 Deo
1158 538 1337 582 autem
1390 527 1672 596 conjunxit
1700 531 1980 595 virtutem,
2028 532 2096 585 ti—
2124 534 2171 592 Δ
2202 546 2410 600 passer,
2444 545 2502 588 ut
2540 536 2681 604 quod
2725 537 2904 592 minus
2948 547 3066 601 est,
3114 555 3176 594 ex
3214 544 3381 612 pretio
3424 551 3701 609 ostenderet.

530 628 682 667 more
728 613 1241 686 timoremcjicieus,
1279 629 1335 674 et
1368 620 1557 688 majori
1591 630 1737 677 metu
1789 623 1934 692 quod
1979 632 2094 679 erat

528 708 705 762 minus
738 696 1084 779 repercussit.
1118 711 1174 765 Si
1206 715 1375 779 enim,
1411 715 1605 781 inquit,
1640 716 1827 771 timere
1856 724 2093 786 oportet,

528 812 629 852 non
667 799 978 867 hominem;
1008 801 1180 869 major
1208 805 1351 858 enim
1381 816 1463 859 est
1490 806 1631 859 Deus
1665 824 1678 859 :
1726 808 1820 861 sed
1878 821 2094 875 poenam

525 889 716 943 mortis
737 890 1022 945 adversum
1054 909 1253 963 corpus
1308 896 1467 951 times
1498 915 1512 952 :
1555 896 1753 952 Timete
1779 900 1969 969 magis,
2011 900 2095 955 in-

525 982 662 1051 quit,
703 999 821 1037 eum
848 986 941 1051 qui
972 997 1138 1055 potest
1166 998 1213 1042 et
1244 990 1474 1043 animam
1499 1000 1546 1043 et
1575 1008 1761 1059 corpus
1793 994 2006 1060 perdere
2041 995 2095 1046 in

524 1075 813 1144 gehennam
850 1077 933 1129 "2
986 1080 1296 1136 hominibus
1325 1083 1468 1136 enim
1515 1096 1753 1153 petestas
1803 1086 2093 1141 adversum

524 1181 744 1236 corpus,
778 1178 830 1221 et
859 1169 962 1223 hoc
985 1173 1171 1237 semel,
1201 1182 1283 1227 est
1316 1176 1435 1229 data
1463 1189 1478 1228 :
1512 1176 1618 1230 Deo
1641 1188 1820 1232 autem
1860 1190 2096 1247 potestas

522 1267 607 1312 est
633 1269 686 1311 et
713 1260 997 1316 adversum
1029 1279 1227 1333 corpus
1254 1266 1393 1334 quod
1421 1267 1691 1336 figuravit,
1724 1280 1779 1324 et
1806 1270 2092 1328 adversum

524 1350 761 1404 animam
797 1369 958 1421 quam
985 1357 1165 1409 creavi
1187 1367 1227 1420 t,
1264 1368 1318 1412 et
1363 1359 1588 1429 perdere
1618 1377 1722 1414 non
1750 1362 2091 1432 simpliciter,

523 1442 617 1496 sed
649 1443 701 1496 in
730 1444 995 1511 gehenna.
1055 1446 1225 1515 Major
1265 1451 1405 1503 enim
1445 1452 1604 1506 timor
1659 1463 1741 1507 est
1793 1459 2052 1523 gehennze
2077 1497 2092 1521 ,

436 1560 441 1563 -
522 1548 686 1602 quam
720 1538 928 1592 mortis.
963 1539 1070 1594 Cur
1101 1542 1313 1607 major?
1352 1528 1475 1613 quia
1507 1547 1700 1613 duplex
1734 1557 1816 1601 est
1841 1550 2094 1618 perditio,

522 1624 717 1679 animae
754 1637 809 1681 et
843 1631 1083 1696 corporis
1113 1650 1125 1685 :
1160 1632 1389 1702 simplex
1415 1646 1594 1689 autem
1652 1648 1706 1691 et
1752 1640 2049 1705 corporalis
2077 1682 2090 1706 ,

524 1732 645 1786 quas
677 1719 728 1772 iu
759 1731 930 1775 morte
956 1722 1204 1778 habetur.
1236 1725 1419 1781 Primo
1451 1729 1594 1782 enim
1625 1740 1684 1784 et
1733 1732 1777 1786 si
1823 1734 2095 1789 dividatur

524 1809 849 1876 periculum,
886 1822 940 1866 et
979 1814 1227 1870 homines
1256 1818 1473 1887 quidem
1512 1835 1740 1890 corpus,
1799 1824 1939 1880 Deus
1998 1842 2093 1879 au-

2199 622 2331 689 Quae
2370 625 2513 679 enim
2548 626 2783 694 pretiosa
2830 637 2996 694 sunt,
3028 628 3081 683 in
3122 630 3455 689 distractione
3496 653 3635 695 unum
3660 655 3703 698 et

2198 728 2365 767 unum
2405 716 2675 780 venditur,
2729 727 2783 772 et
2837 718 3102 788 ampliore
3152 723 3319 792 pretio
3362 740 3377 778 :
3420 739 3704 800 quaacnnque

2196 814 2374 860 autem
2408 806 2595 862 frivola
2625 818 2718 861 aut
2748 809 2861 878 (87)
2901 811 3044 865 olera
3081 812 3337 869 habentur
3365 855 3379 880 ,
3404 820 3551 872 multa
3580 822 3703 877 simul

2205 896 2409 949 assario
2440 899 2843 956 venundantur.
2882 899 3078 957 Volens
3112 916 3237 973 ergo
3268 903 3473 961 frivolos
3500 924 3706 976 passeres

2198 988 2501 1052 ostendere,
2542 989 2785 1055 Assario,
2817 993 3009 1062 inquit,
3036 1010 3142 1049 uno
3166 996 3267 1049 duo
3294 1012 3525 1066 passeres
3548 1002 3707 1055 distra-

2200 1078 2425 1133 huntur.
2458 1081 2680 1151 Accepit
2710 1083 2852 1152 quod
2885 1094 3000 1139 erat
3032 1086 3331 1152 minimum,
3363 1099 3419 1142 ut
3448 1090 3707 1148 hortaretur

2200 1184 2294 1224 eos
2327 1171 2416 1239 qui
2462 1172 2513 1225 in
2554 1173 2758 1229 honore
2801 1175 3133 1230 habebantur
3181 1196 3193 1231 :
3231 1176 3292 1231 Et
3334 1195 3458 1232 unus
3502 1197 3559 1233 ea:
3591 1184 3707 1249 ipsis,

2197 1264 2304 1328 ait,
2343 1280 2445 1318 non
2475 1266 2612 1319 cadit
2642 1266 2697 1320 in
2730 1278 2924 1321 terram
2955 1270 3067 1323 sine
3095 1268 3254 1323 Patre
3281 1281 3442 1324 vestro
3469 1273 3547 1342 qui
3570 1284 3631 1327 est
3666 1277 3706 1329 in

2198 1355 2338 1409 cretis
2366 1357 2432 1411 ’⁸.
2471 1356 2528 1410 Si
2562 1358 2725 1427 igitur
2753 1374 3002 1428 passeres
3040 1364 3128 1430 qui
3161 1378 3324 1432 parvo
3351 1365 3513 1431 pretio
3550 1365 3709 1420 distra-

2198 1448 2417 1511 huntur,
2461 1451 2684 1516 umbrae,
2733 1461 2789 1504 ut
2821 1451 2895 1505 ita
2934 1453 3130 1516 dicam,
3164 1465 3217 1508 et
3266 1470 3362 1509 nec
3408 1456 3522 1510 dum
3554 1472 3709 1510 carnes

2200 1556 2304 1594 non
2351 1542 2639 1611 capiuntur
2690 1560 2865 1613 neque
2904 1546 3261 1615 accipiuntur,
3315 1564 3415 1602 non
3467 1550 3585 1604 dixit
3619 1552 3709 1608 sine

2198 1632 2327 1695 Deo,
2354 1634 2445 1685 sed
2476 1632 2591 1686 sine
2616 1632 2773 1687 Patre
2803 1643 3004 1697 vestro,
3038 1637 3230 1703 inquit,
3263 1646 3318 1690 ut
3351 1641 3618 1708 propositio
3637 1658 3709 1709 pa-

2199 1730 2364 1775 terna:
2391 1722 2693 1777 dilectionis
2728 1726 3075 1792 protenderet
3110 1726 3489 1791 defensionem,
3518 1739 3565 1783 et
3595 1732 3707 1783 radi-

2198 1814 2831 1869 caretadhortationem.
2875 1816 2947 1869 Ita
2991 1818 3130 1872 etin
3170 1818 3275 1871 alio
3308 1818 3421 1873 loco
3462 1822 3708 1876 adhortans

525 1904 631 1950 tem
664 1907 717 1952 et
748 1901 983 1956 animam
1010 1922 1023 1967 ;
1055 1921 1229 1975 neque
1285 1909 1357 1963 ita
1406 1887 1629 1979 mquam,
1657 1887 1741 1968 est,
1781 1917 1961 1984 ιίηιοιι,
1998 1921 2091 1974 sed
2130 1887 2168 1940 Β
2199 1905 2585 1975 frugalitatem,
2618 1917 2673 1960 et
2702 1908 2929 1976 cupiens
2965 1911 3268 1979 superﬂuas
3305 1911 3567 1966 sublevare
3592 1914 3707 1968 solli-

520 1998 784 2055 quaututu
823 1994 1005 2047 anima
1036 1996 1406 2053 ltonorahilior
1465 2012 1566 2069 est,
1607 2014 1814 2059 tantum
1871 2017 1928 2061 et
1979 2026 2094 2063 nta-

515 2077 603 2147 jor
629 2081 792 2136 timor
825 2094 905 2139 est
951 2101 978 2139 a
1018 2087 1231 2145 timore.
1265 2090 1402 2156 Quia
1428 2094 1570 2147 enim
1628 2106 1682 2148 et
1735 2112 1953 2167 corpus,
2000 2101 2095 2152 ad-

520 2186 735 2227 versum
777 2178 918 2245 quod
952 2179 1196 2236 homines
1263 2184 1463 2239 habent
1518 2198 1883 2255 potestatem,
1946 2208 2094 2246 (tom-

520 2266 844 2333 prehensum
875 2280 989 2337 est;
1017 2273 1197 2328 ethoc
1224 2275 1275 2330 in
1306 2277 1551 2331 manibus
1577 2278 1667 2331 Dei
1705 2294 1807 2345 est,
1839 2293 1891 2337 et
1915 2284 2093 2339 anima

520 2374 680 2426 quam
733 2360 979 2416 homines
1027 2366 1238 2419 etiamsi
1285 2368 1479 2422 vellent
1522 2372 1775 2426 occidere
1816 2390 1919 2428 non
1968 2391 2113 2450 ρος-ο

518 2460 660 2515 seut,
689 2462 743 2505 et
772 2463 999 2523 utraque
1030 2457 1145 2510 haec
1177 2473 1281 2512 non
1306 2460 1372 2514 ad
1404 2473 1655 2527 mortem,
1680 2465 1773 2518 sed
1801 2466 1865 2518 ad
1889 2468 2092 2536 gehen-

522 2557 642 2594 nam
684 2543 940 2598 dieuntur
972 2547 1141 2604 abire.
1179 2548 1560 2621 Multiplicatus
1592 2556 1755 2624 igitur
1793 2558 1953 2613 timor
1976 2571 2094 2625 est,

517 2641 573 2686 et
608 2633 952 2690 multitudine
994 2647 1047 2691 et
1078 2644 1483 2710 magnitudine,
1520 2647 1642 2703 ideo
1678 2664 1809 2720 ergo
1837 2651 1996 2707 timor
2030 2655 2097 2707 ti~

516 2738 721 2778 morem
755 2727 941 2782 vincit.
976 2726 1079 2786 Sed
1114 2732 1263 2788 dices
1295 2752 1309 2789 :
1347 2736 1810 2803 Quemadmodum
1842 2745 2097 2813 possibile

515 2830 599 2875 est
624 2822 801 2890 perire
841 2825 1075 2880 animam
1105 2828 1156 2883 in
1201 2831 1490 2901 gehenna?
1519 2836 1575 2889 Si
1606 2836 1749 2891 enim
1782 2840 1939 2908 perit,
1978 2855 2098 2893 ror-

516 2914 785 2985 rumpitur
825 2918 941 2987 ejus
978 2921 1377 2979 immortalitas.
1412 2927 1878 2994 Quemadmodum
1915 2943 2094 2987 autem

517 3014 572 3060 et
598 3009 830 3077 corpus?
860 3010 914 3063 Si
960 3013 1104 3067 enim
1134 3030 1345 3072 vermes
1377 3018 1484 3073 illic
1518 3031 1574 3075 et
1618 3024 1819 3078 stridor
1855 3024 2093 3079 dentium

518 3098 782 3166 habetur;
816 3117 920 3156 non
962 3104 1135 3160 solum
1187 3109 1365 3163 anima
1410 3111 1732 3169 immortalis
1781 3132 1885 3170 non
1933 3119 2093 3185 perit,

518 3193 611 3247 sed
651 3208 752 3247 nec
790 3210 1020 3264 corpus;
1063 3199 1304 3255 induitur
1346 3207 1489 3260 enim
1539 3209 1996 3265 immortalitatem
2041 3221 2094 3266 et
2121 3230 2163 3285 (ι

515 3299 737 3353 corpus.
785 3285 840 3341 Si
879 3287 993 3344 haec
1032 3291 1248 3360 quidem
1290 3308 1574 3364 quaerunt,
1606 3301 1794 3354 intenti
1840 3318 1962 3357 esse
2002 3302 2094 3356 de-

518 3376 646 3429 bent
672 3377 740 3432 ad
772 3381 1036 3434 sermonis
1062 3382 1332 3447 virtutem,
1366 3388 1489 3456 quia
1520 3389 1661 3457 quod
1685 3404 1825 3444 nunc
1866 3391 1942 3444 ait
1974 3405 2096 3459 per-

517 3467 665 3531 dere,
696 3485 795 3538 pro
824 3488 889 3525 eo
920 3481 977 3526 ut
1004 3474 1149 3527 dicat
1173 3478 1386 3545 punire,
1422 3490 1698 3549 acceptum
1731 3491 1850 3546 est;
1880 3483 1923 3535 si
1950 3484 2092 3536 enim

518 3562 740 3629 periret,
793 3578 897 3616 non
932 3575 1077 3620 esset
1128 3568 1181 3619 iu
1225 3571 1491 3637 gehenna.
1531 3572 1790 3627 Gehenna
1828 3575 1972 3629 enim
2016 3578 2095 3629 vi-

518 3652 758 3703 ventium
790 3666 948 3719 paena
979 3664 1081 3717 est,
1109 3671 1211 3710 non
1253 3669 1431 3711 tamen
1465 3660 1808 3731 interemptiu
1852 3664 2096 3732 perdito-

522 3754 661 3793 rum.
703 3738 837 3807 Quia
871 3744 1015 3795 enim
1057 3746 1416 3811 perditionem
1451 3749 1713 3805 timebant
1744 3753 1833 3822 qui
1867 3763 2095 3809 mortem

522 3829 798 3884 hominum
829 3833 1306 3904 pertimescebant,
1335 3839 1454 3893 ideo
1477 3841 1590 3909 ipso
1616 3844 1824 3897 timoris
1848 3860 2099 3900 sermone

524 3922 692 3973 utitur
726 3923 1002 3989 Dominus,
1040 3936 1095 3981 et
1137 3928 1315 3986 dicit:
1374 3930 1568 3986 Timete
1624 3942 1798 3988 autem
1847 3953 1961 3989 eum
2009 3938 2100 4005 qui

521 4020 689 4079 potest
726 4020 777 4065 et
819 4016 1053 4069 animam
1084 4030 1134 4070 et
1179 4035 1368 4088 corpus
1407 4021 1623 4087 perdere
1668 4023 1725 4077 in
1771 4026 2000 4094 gelienna
2029 4028 2096 4085 ³⁵.

522 4098 708 4169 Neque
728 4104 870 4157 enim
896 4107 1229 4161 convertitur
1250 4109 1426 4163 anima
1451 4112 1517 4164 ad
1539 4113 1914 4169 mortalitatem
1943 4132 1958 4181 ;
1983 4117 2101 4173 sine

524 4190 844 4259 pceuitentia
879 4195 1022 4249 enim
1066 4208 1194 4252 sunt
1238 4198 1331 4253 Dei
1364 4200 1525 4256 dona.
1567 4201 1752 4273 Neque
1787 4206 1977 4261 iterum
2015 4222 2099 4263 rc-

525 4286 879 4341 surrectionis
919 4290 1278 4357 promissione
1329 4293 1663 4363 infringitur,
1701 4299 1794 4352 sed
1830 4299 1970 4354 sicut
2005 4314 2100 4369 per

522 4376 694 4430 Adam
719 4394 909 4434 omnes
934 4382 1220 4447 morimur,
1249 4384 1318 4437 ita
1342 4395 1397 4439 et
1421 4401 1517 4453 per
1539 4387 1824 4443 Dominum
1857 4402 2098 4446 nostrum

524 4468 798 4521 Christum
818 4484 1006 4525 omnes
1030 4476 1379 4545 resurgimus.
1399 4478 1748 4534 Communem
1774 4482 1915 4535 enim
1943 4483 2098 4536 istam

2198 1998 2487 2062 citudines,
2537 1998 2658 2053 ait:
2701 2000 2759 2054 Si
2798 1999 2975 2068 fenum
3021 2003 3137 2073 agri
3188 2004 3328 2072 quod
3373 2005 3516 2057 hodie
3554 2015 3635 2069 est,
3671 2018 3706 2058 et

2196 2090 2423 2143 crastino
2458 2091 2513 2142 in
2543 2090 2803 2143 clibamtnt
2834 2094 3079 2157 mittitur,
3108 2093 3249 2148 Deus
3276 2096 3348 2147 ita
3378 2097 3533 2159 vestit,
3555 2108 3707 2164 quanto

2196 2186 2362 2253 magis
2398 2201 2502 2251 vos,
2532 2185 2753 2239 modicis
2773 2184 2897 2252 ﬁdei
2920 2186 3006 2239 "‘l
3032 2185 3076 2239 A
3108 2186 3343 2241 minimis
3372 2188 3597 2243 admonet
3621 2203 3707 2254 eos,

2195 2278 2285 2345 qui
2322 2277 2525 2331 meliori
2557 2288 2685 2332 sunt
2715 2278 2977 2347 dignitate
3005 2292 3021 2330 :
3054 2278 3126 2332 ita
3159 2288 3217 2334 et
3247 2294 3387 2333 nunc
3416 2280 3531 2349 quia
3556 2282 3709 2335 nullius

2197 2370 2351 2439 pretii
2396 2378 2519 2425 sunt
2550 2383 2823 2439 passeres,
2873 2380 3136 2439 quantum
3191 2373 3258 2425 ad
3310 2373 3708 2440 comparationem

2196 2462 2509 2524 hominum;
2564 2475 2731 2530 parvo
2783 2470 2965 2514 autem
3012 2460 3225 2528 pretio,
3256 2472 3313 2516 ut
3363 2461 3546 2516 nullius
3591 2461 3711 2530 pretii

2195 2552 2600 2616 diStrahuntur;
2647 2552 2867 2621 cupiens
2916 2565 3012 2604 nos
3043 2552 3337 2605 admonere
3365 2550 3613 2619 dignitatis
3637 2566 3710 2603 no-

2196 2650 2346 2701 stra),
2379 2642 2626 2710 producit
2648 2651 2962 2697 constantes
2992 2642 3107 2695 fieri
3152 2642 3372 2697 debere.
3408 2641 3582 2696 Nonne
3614 2642 3711 2703 duo,

2198 2733 2398 2800 inquit,
2443 2750 2675 2801 passeres
2719 2735 2924 2788 assario
2967 2734 3361 2799 distrahuntur,
3406 2744 3451 2787 et
3487 2749 3628 2785 unum
3664 2746 3712 2785 es

2196 2826 2321 2893 ipsis
2342 2866 2356 2887 ,
2387 2841 2490 2878 non
2528 2827 2631 2879 duo
2662 2825 2845 2892 simul,
2881 2827 2975 2880 sed
3002 2841 3166 2879 unum
3197 2840 3265 2880 ex
3302 2825 3453 2894 ipsis,
3481 2841 3571 2877 non
3601 2822 3713 2875 cadit

2197 2918 2251 2969 in
2287 2917 2522 2971 terram?
2549 2917 2776 2986 Propter
2805 2917 3039 2971 volatum
3078 2918 3175 2981 ait,
3204 2933 3306 2985 pro
3336 2931 3400 2971 eo
3442 2926 3497 2969 ut
3531 2914 3712 2976 diceret.

2199 3026 2301 3065 non
2336 3011 2577 3078 capietur
2630 3012 2748 3064 sine
2798 3009 2958 3064 Patre
2998 3020 3202 3064 vestro.
3242 3009 3296 3063 Si
3336 3010 3491 3079 igitur
3527 3020 3708 3075 quorum

2197 3120 2303 3159 non
2348 3114 2432 3159 est
2470 3104 2653 3168 Pater,
2699 3118 2799 3156 nec
2835 3104 3115 3156 minimmn
3164 3102 3413 3171 proditur
3451 3100 3557 3154 sine
3592 3100 3707 3166 ipso;

2198 3196 2367 3251 tuulto
2406 3196 2575 3266 magis
2603 3195 2752 3249 vehis
2782 3209 3010 3264 quorum
3054 3203 3137 3247 est
3162 3194 3350 3258 Pater,
3391 3190 3711 3261 prabebitde-

2196 3289 2515 3343 fensionem.
2575 3288 2741 3342 Vestri
2791 3300 2995 3353 autem,
3047 3287 3257 3356 inquit,
3291 3297 3341 3340 et
3371 3284 3535 3350 capilli
3566 3282 3712 3349 capitis

2198 3382 2461 3435 numerati
2498 3392 2615 3434 sunt
2637 3382 2702 3433 ³⁸.
2740 3381 2926 3434 Timor
2946 3382 3010 3434 de
3035 3382 3212 3434 anima
3248 3390 3395 3444 erat,
3423 3386 3508 3431 aut
3534 3378 3591 3430 de
3623 3386 3712 3427 cor-

2197 3474 2370 3542 pore?
2420 3472 2524 3528 Sed
2568 3475 2634 3527 de
2676 3474 2874 3535 anima,
2922 3473 3115 3540 inquit,
3158 3472 3326 3526 nolite
3365 3471 3541 3524 timere
3585 3484 3597 3521 ε
3635 3476 3714 3517 non

2202 3575 2453 3635 poterunt
2484 3566 2653 3632 enim,
2689 3566 2786 3626 ait,
2819 3581 2887 3619 ne
2915 3564 3129 3633 quidem
3160 3564 3255 3631 qui
3290 3562 3572 3624 voluerint,
3603 3557 3712 3611 occio

2199 3658 2326 3711 dere
2372 3656 2630 3710 animam.
2669 3656 2772 3710 Sed
2813 3656 2880 3710 de
2909 3671 3134 3723 corpore
3168 3654 3407 3709 timetis?
3433 3653 3533 3731 Nec
3564 3652 3620 3705 de
3647 3663 3717 3702 ca-

2202 3748 2345 3815 pillis
2385 3750 2580 3819 capitis
2608 3750 2773 3804 vestri
2820 3750 3010 3803 timere
3049 3748 3287 3814 debetis;
3322 3745 3566 3800 numerati
3601 3748 3712 3797 sunt.

2208 3839 2263 3896 Si
2289 3842 2454 3911 igitur
2478 3858 2653 3912 neque
2679 3842 2745 3895 de
2772 3842 2975 3906 anima,
3022 3856 3199 3909 neque
3229 3842 3293 3895 de
3323 3852 3538 3907 corpore
3562 3836 3715 3935 limere

2204 3944 2449 4005 oportet;
2494 3945 2756 4004 quantum
2806 3936 2871 3986 ad
2916 3948 3014 3988 nos
3058 3941 3288 3999 spectat,
3324 3931 3523 3985 ablatus
3562 3934 3632 3981 est
3664 3931 3715 4023 ιῆῖ

2209 4041 2329 4080 utor
2361 4043 2375 4080 :
2415 4023 2584 4079 Vestri
2604 4026 2764 4089 enim,
2800 4024 2993 4094 inquit,
3020 4034 3069 4077 et
3098 4023 3281 4089 capilli
3301 4022 3480 4089 capitis
3508 4025 3714 4073 numerati

2200 4130 2345 4173 sunt.
2402 4117 2540 4172 Num
2593 4119 2766 4173 nostri
2812 4128 3017 4172 tantum
3064 4116 3279 4187 capilli?
3328 4114 3566 4170 Sabulum
3605 4109 3715 4164 enim

2208 4211 2377 4264 maris
2417 4210 2547 4265 latet
2579 4209 2864 4265 scientiam
2894 4207 3032 4263 Dei?
3065 4220 3158 4263 aut
3200 4210 3345 4263 enim
3393 4205 3582 4263 semina
3616 4198 3716 4263 feni,

2208 4312 2302 4356 aut
2330 4317 2523 4370 penute
2549 4317 2828 4371 passerum
2859 4302 3214 4373 ignorantur?
3243 4303 3505 4368 Quantum
3526 4299 3647 4352 enim
3666 4292 3715 4345 sd

2205 4409 2510 4451 sermonem
2564 4405 2803 4465 spectat,
2850 4395 3061 4450 videtur
3112 4395 3325 4459 dicere,
3378 4394 3499 4462 quia
3551 4396 3717 4442 vestros

2204 4485 2370 4539 etiam
2396 4485 2623 4551 capillos
2648 4486 2795 4538 novit
2826 4485 2987 4540 Deus.
3015 4484 3135 4538 Alia
3166 4494 3345 4538 autem
3376 4498 3489 4551 quae
3510 4484 3717 4551 putantur

529 4573 756 4611 mortem
782 4560 954 4615 Adam
985 4564 1281 4621 introduxit
1323 4570 1391 4623 ob
1424 4584 1702 4638 peccatum
1742 4591 1755 4627 :
1795 4574 1972 4628 erexit
2003 4592 2100 4629 au-
2135 4570 2178 4624 D
2209 4576 2636 4645 contemptibilia
2664 4592 2786 4632 esse
2812 4594 2917 4631 non
2949 4577 3268 4642 contemnit,
3296 4576 3390 4631 sed
3416 4574 3564 4628 habet
3583 4568 3719 4623 scien-

529 4656 633 4701 tem
664 4648 709 4702 is
738 4650 828 4719 qui
856 4655 1147 4723 assumpsit
1173 4657 1345 4709 Adam
1387 4659 1453 4711 ad
1485 4663 1959 4717 resurrectionem.
2007 4663 2099 4720 Ille

526 4739 666 4793 enim
698 4742 787 4810 qui
823 4743 887 4795 de
923 4754 1063 4799 terra
1098 4757 1213 4811 est,
1247 4749 1546 4804 introduxit
1580 4764 1841 4818 mortem;
1875 4754 1966 4824 qui
2004 4772 2100 4809 au-

528 4841 635 4885 tem
667 4832 950 4887 desursum
988 4838 1157 4901 venit,
1191 4839 1492 4895 introduxit
1526 4847 1999 4903 resurrectionem.
2036 4849 2101 4903 Et

526 4927 853 4980 resurrectio
896 4927 1108 4997 quidem
1163 4934 1464 4986 communis
1496 4944 1581 4987 est
1615 4937 1895 5004 omnibus;
1933 4942 2101 4996 haere-

527 5016 669 5072 ditas
714 5030 894 5074 autem
947 5036 1133 5075 eorum
1174 5025 1262 5090 qui
1311 5038 1373 5078 ex
1417 5026 1631 5083 viaticis
1678 5029 1879 5099 aliquid
1913 5034 2098 5102 profe-

527 5120 651 5163 runt
701 5112 832 5165 suis.
872 5110 1234 5168 Praecesserat
1267 5115 1430 5183 igitur
1467 5120 1750 5186 adventus,
1792 5124 1886 5178 sed
1918 5141 2098 5194 reper-

525 5202 696 5255 cussit
739 5218 859 5257 eum
897 5205 1090 5272 timor;
1125 5208 1337 5263 solutus
1370 5218 1454 5264 est
1490 5213 1650 5267 timor
1681 5229 1710 5266 a
1748 5214 1962 5274 timore.
1999 5217 2101 5271 Ne-

526 5294 759 5347 cessaria
801 5307 979 5351 autem
1016 5312 1132 5355 erat
1189 5312 1241 5357 et
1292 5304 1616 5361 adhortatio.
1654 5306 1784 5373 Quae
1841 5311 2097 5364 adhorta-

530 5384 639 5437 tio?
670 5386 810 5441 Dicit
851 5390 1107 5447 Dominus
1155 5413 1167 5447 :
1223 5394 1414 5450 Nonne
1442 5398 1545 5450 duo
1579 5416 1856 5469 passeres;
1905 5405 2012 5458 duo
2046 5415 2101 5458 et

526 5491 633 5529 non
670 5481 818 5534 inulti
858 5501 872 5535 :
904 5491 958 5537 et
989 5500 1256 5553 passeres,
1289 5500 1343 5543 et
1381 5506 1485 5545 non
1526 5493 1758 5563 majores
1794 5511 1958 5562 aves;
1995 5513 2099 5550 uno

526 5570 731 5621 assario
787 5573 1157 5629 distrahuntur
1198 5579 1275 5632 '5?
1315 5597 1490 5650 neque
1539 5598 1643 5638 uno
1690 5586 1901 5639 assario
1956 5604 2093 5642 unus

1146 5717 1191 5747 ’⁸
1216 5717 1344 5772 ibid.

600 5852 710 5920 (87)
742 5850 866 5906 Aut.
897 5851 1076 5922 Forte,
1108 5865 1185 5910 ut.

597 5706 642 5737 η
673 5706 861 5761 Matth.
898 5726 951 5777 χ,
978 5713 1069 5767 es.

1424 5721 1469 5751 "
1494 5722 1623 5778 ibid.
1658 5724 1747 5778 ‘29.
1828 5727 1871 5757 "
1902 5726 2031 5780 ibid.

2112 5729 2154 5760 ²⁷
2186 5728 2451 5795 Matthm,
2475 5728 2561 5784 50.

2206 4670 2335 4723 tiam
2361 4670 2626 4723 omnium.
2664 4669 2796 4723 Nam
2827 4680 2882 4724 et
2914 4670 3040 4725 illud
3065 4671 3206 4740 quod
3234 4670 3430 4724 dicitur
3458 4669 3507 4720 in
3530 4662 3722 4729 Scriptu-

2208 4766 2305 4829 ris,
2334 4764 2527 4818 Omnia
2554 4765 2603 4817 ei
2637 4774 2759 4817 nota
2787 4775 2908 4818 sunt
2935 4779 2953 4818 :
2991 4779 3096 4818 non
3136 4764 3322 4817 frivole
3355 4762 3557 4831 quippe.
3586 4763 3720 4821 ηεαυε

2209 4870 2333 4910 cum
2384 4856 2588 4919 labore,
2629 4865 2724 4908 aut
2776 4871 2901 4910 cum
2953 4856 3158 4920 dolore,
3209 4857 3305 4910 sed
3342 4847 3720 4909 inenarrabiﬁter

2205 4947 2386 4999 omnia
2422 4949 2680 5015 pratvenit
2721 4948 2970 5002 scientia.
3012 4947 3148 5013 Quid
3182 4964 3311 5018 ergo
3346 4957 3428 5002 cst
3452 4944 3578 5015 quod
3599 4951 3721 4995 acce-

2212 5038 2287 5105 pit
2314 5037 2499 5093 dicens
2532 5056 2545 5092 :
2590 5037 2753 5092 Vestri
2783 5051 2956 5094 autem
2992 5052 3036 5094 et
3073 5041 3248 5109 capilli
3294 5040 3476 5109 capitis
3504 5028 3721 5089 numerati

2208 5133 2369 5184 sunt?
2396 5132 2520 5201 quia
2558 5134 2802 5201 provisor
2832 5145 2914 5188 est
2935 5135 3101 5189 vestri
3132 5150 3303 5204 usque
3349 5134 3414 5187 ad
3443 5130 3654 5200 capillos.
3677 5122 3721 5175 Si

2208 5221 2371 5290 igitur
2405 5226 2638 5278 animam
2666 5226 2778 5294 jam
2824 5228 3053 5279 armavit
3092 5226 3508 5291 immortalitate,
3544 5231 3720 5276 caruerit

2208 5327 2386 5369 autem
2426 5333 2489 5371 ex
2530 5334 2593 5371 eo
2637 5322 2780 5387 quod
2828 5321 3106 5388 provideat
3131 5332 3185 5374 et
3221 5320 3469 5374 defendat
3496 5326 3645 5384 usque
3670 5307 3721 5359 ad

2205 5408 2461 5474 capillos;
2494 5412 2622 5478 quid
2665 5412 2986 5481 relinquitur
3019 5414 3086 5465 ad
3119 5411 3408 5467 timorem?
3437 5407 3556 5479 quid
3589 5405 3647 5459 ad
3672 5401 3722 5454 ti-

2208 5517 2413 5556 morem
2469 5504 2808 5572 relinquitur,
2866 5513 2923 5557 ut
2978 5504 3282 5559 hominibus
3335 5517 3520 5567 casus,
3574 5502 3723 5563 ιιιροιθ

2203 5607 2389 5663 apum,
2414 5596 2743 5661 divitiarum,
2768 5598 3087 5662 amicorum,
3115 5604 3420 5668 parentum,
3443 5588 3721 5663 ρτορῑηίιηο·

2643 5730 2685 5761 ⁸⁸
2708 5729 2897 5788 Matth.
2926 5748 2977 5796 x,
2996 5731 3101 5803 30.;
