3956 6530
257 434 385 490 1185

1584 427 1644 481 Ia
1691 428 1950 487 nuru.
1986 431 2052 497 λ,
2089 434 2179 489 27.

3362 436 3499 490 “86

250 563 402 609 rum,
440 546 629 617 patria:
654 546 766 617 ipse
803 545 1059 601 affectus?
1090 547 1214 601 lude
1253 554 1337 601 est
1381 555 1438 599 ut
1476 546 1621 601 dicat
1655 565 1668 601 :
1723 547 1814 613 Qu:

1931 565 2056 609 ante
2083 557 2186 612 sibi
2224 572 2448 626 parcere
2492 556 2798 612 noluerunt.
2829 555 2967 623 Quid
2998 554 3142 610 enim
3179 555 3350 610 defuit
3390 557 3502 611 illic

248 638 421 708 diligit
446 648 647 704 patrem
676 652 765 691 aut
797 650 1017 692 matrem
1049 655 1210 706 supra
1248 655 1349 703 me,
1379 655 1483 692 non
1512 651 1589 693 est
1624 657 1705 693 me
1734 643 1819 694 di-

249 734 462 800 gnus".
496 732 623 786 Tria
653 734 796 787 enim
845 734 944 788 ista
987 743 1111 807 sunt
1155 748 1275 803 qua:
1317 733 1463 787 circa
1509 747 1629 797 nos,
1675 742 1729 787 et
1769 734 1821 787 in

250 825 400 881 nobis
423 835 477 879 et
510 836 694 879 nostra
720 836 888 880 sunt:
921 827 1061 895 quod
1096 826 1239 880 enim
1268 840 1475 892 sumus,
1506 824 1689 879 anima
1728 840 1810 878 su-

250 934 390 973 mus.
425 918 482 972 Si
523 919 645 987 quis
672 928 850 972 autem
880 932 934 972 et
966 918 1316 987 semetipsum
1356 916 1603 985 agnoscit
1644 917 1822 970 inten-

248 1012 374 1077 tius,
404 1019 459 1067 et
488 1010 655 1065 veluti
693 1011 750 1074 in
789 1012 1026 1066 secundo
1049 1010 1190 1075 loco,
1238 1024 1336 1064 nos
1370 1024 1566 1079 corpus
1598 1022 1822 1073 smnus;

252 1104 351 1158 tria
377 1119 509 1173 ergo
537 1114 663 1159 sunt
696 1118 814 1173 quae
846 1103 897 1157 in
935 1103 1087 1157 nobis
1115 1111 1238 1158 sunt
1272 1120 1286 1156 :
1316 1117 1437 1171 qua:
1463 1112 1642 1155 autem
1678 1101 1822 1155 circa

250 1210 365 1259 nos,
390 1197 784 1265 possessiones,
811 1196 995 1261 amici,
1028 1204 1277 1266 parentes
1306 1205 1361 1250 et
1395 1196 1591 1265 patria.
1620 1193 1726 1249 Sed
1759 1196 1825 1248 de

248 1288 423 1342 anima
473 1289 652 1344 nullus
701 1290 863 1345 timor
904 1298 1018 1354 est,
1059 1289 1183 1357 quia
1233 1288 1556 1343 immortalis
1588 1296 1695 1342 est.
1746 1287 1822 1341 De

247 1395 477 1448 corpore
506 1382 720 1436 ablatus
757 1390 843 1436 est
870 1382 1052 1446 timor,
1082 1381 1211 1449 quia
1242 1393 1295 1434 et
1340 1379 1517 1447 capilli
1558 1379 1825 1432 nmnerati

246 1483 389 1528 sunt.
425 1475 501 1529 De
534 1476 617 1529 his
656 1484 837 1529 autem
862 1489 980 1543 quae
1001 1483 1155 1528 extra
1184 1483 1329 1538 sunt,
1358 1473 1488 1526 dicit
1513 1470 1775 1524 Dominus
1802 1489 1815 1525 :

247 1566 307 1625 Si
334 1569 451 1637 quis
483 1567 748 1638 reliquerit
789 1577 997 1637 propter
1029 1583 1111 1620 me
1141 1576 1190 1620 et
1234 1582 1392 1635 regna
1421 1564 1667 1618 ctelorum
1689 1603 1703 1627 ,
1732 1578 1828 1630 pa-

245 1668 393 1724 trem,
433 1669 524 1712 aut
571 1671 812 1722 matrem,
837 1667 929 1713 aut
967 1657 1181 1725 fratres,
1210 1667 1303 1711 aut
1344 1657 1509 1726 ﬁlios,
1558 1665 1649 1709 aut
1690 1670 1825 1707 uxo-

244 1764 372 1818 rem,
422 1760 517 1804 aut
565 1762 840 1821 cognatos,
889 1759 981 1804 aut
1030 1750 1267 1814 domum,
1300 1750 1507 1801 habebit
1544 1748 1681 1800 etin
1730 1746 1826 1799 hoc

242 1844 438 1897 mundo
494 1842 832 1911 centuplum;
881 1844 937 1899 in
1002 1843 1175 1915 futuro
1240 1852 1417 1895 autem
1468 1842 1628 1895 vitam
1677 1849 1827 1894 mter-

243 1950 362 1988 nam
385 1935 450 1987 “.
483 1935 629 2004 Ergo
657 1935 800 1989 nulla
833 1936 1050 1990 occasio
1076 1934 1333 1990 derelicta
1377 1942 1461 1988 est
1508 1932 1711 1986 timori.
1752 1931 1825 1984 De

240 2028 416 2081 anima
441 2027 589 2082 enim
620 2028 814 2083 timere
840 2043 945 2083 non
974 2027 1140 2082 debes
1175 2026 1427 2079 timorem
1466 2024 1823 2087 insensatum,

242 2134 308 2175 ne
357 2122 567 2190 puteris
613 2119 897 2176 mortalem
948 2119 1134 2174 dicere
1174 2116 1561 2172 immortalem.
1608 2114 1713 2170 Sed
1758 2113 1825 2168 de

238 2223 466 2278 corpore
502 2208 663 2263 times
712 2227 726 2264 :
769 2217 999 2278 possunt
1043 2207 1188 2261 enim
1217 2207 1468 2260 occidere
1516 2220 1530 2257 :
1581 2202 1824 2258 defendit

240 2315 408 2371 usque
435 2300 505 2355 ad
538 2299 763 2369 capillus
798 2298 1162 2369 qni'creavit.
1208 2296 1315 2351 Sed
1344 2295 1641 2350 amicitiam
1670 2309 1822 2363 quae-

240 2396 333 2461 ris,
361 2404 417 2450 et
454 2403 701 2465 patrem,
741 2402 793 2446 et
824 2404 1052 2445 matrem
1087 2408 1101 2444 :
1147 2398 1265 2443 esto
1310 2403 1518 2442 memor
1572 2387 1689 2456 ejus
1730 2385 1821 2455 qui

236 2480 357 2540 ait:
395 2484 501 2551 Qui
542 2485 713 2554 diligit
757 2494 958 2545 patrem
998 2491 1086 2535 aut
1126 2489 1345 2533 matrem
1376 2495 1542 2546 supra
1572 2493 1671 2541 me,
1716 2493 1822 2531 non

238 2588 313 2632 est
338 2594 418 2632 me
449 2578 642 2647 dignus
668 2576 735 2629 ".
765 2576 871 2630 Sed
902 2573 1138 2636 divitias,
1173 2581 1227 2626 et
1253 2587 1373 2640 qua:
1396 2572 1477 2626 his
1513 2580 1639 2624 sunt
1665 2569 1817 2625 simi-

241 2668 305 2723 lia
336 2671 638 2726 desideras.
671 2668 993 2738 Quicunque
1032 2664 1313 2734 reliquerit
1345 2672 1551 2733 patrem
1583 2672 1676 2716 aut
1703 2676 1819 2714 ma-

243 2770 396 2828 trem,
428 2771 525 2816 aut
548 2764 789 2827 domum,
823 2768 916 2815 aut
955 2772 1291 2828 quaecunque
1336 2763 1464 2810 sunt
1510 2769 1673 2823 supra
1709 2763 1819 2807 ter-

240 2867 352 2909 ratn
398 2862 622 2925 propter
652 2866 734 2906 me
767 2860 822 2906 et
867 2865 1031 2919 regna
1062 2848 1347 2914 etelorum,
1377 2845 1685 2914 centuplum
1720 2845 1817 2898 ha-

239 2940 384 2998 bebit
412 2959 427 2997 :
460 2942 603 2997 sicut
644 2941 697 2996 lii
738 2941 829 3010 qui
872 2940 1145 2996 seminant
1181 2938 1235 2991 iit
1266 2938 1461 2991 bonam
1491 2945 1710 2998 terram,
1764 2935 1815 2989 iit

240 3036 339 3091 isto
368 3036 586 3106 quidem
630 3033 831 3088 saeculo
862 3031 1191 3100 centuplum,
1222 3029 1274 3083 in
1319 3028 1501 3082 futuro
1528 3037 1709 3081 autem
1737 3027 1817 3081 vi-

239 3136 343 3180 tam
390 3138 676 3181 mternant.
730 3124 907 3178 Nolite
950 3139 1079 3189 ergo
1121 3122 1333 3174 timere.
1380 3119 1436 3173 Si
1480 3121 1627 3174 enim
1676 3132 1815 3172 unus

237 3236 424 3288 passer
454 3234 561 3275 non
588 3217 733 3271 cadit
763 3217 814 3270 in
844 3225 1042 3270 terram
1072 3213 1190 3267 sine
1222 3221 1377 3281 patre
1407 3220 1591 3266 vestro
1614 3211 1704 3280 qui
1732 3219 1817 3265 est

237 3312 288 3367 in
324 3312 504 3375 etelis,
542 3308 833 3363 multorum
879 3314 1059 3360 autem
1106 3316 1387 3373 passerum
1431 3314 1527 3353 vos
1567 3299 1817 3355 meliores

234 3405 399 3471 estis;
440 3419 549 3459 non
584 3402 748 3456 habet
793 3399 972 3454 locum
1006 3396 1191 3450 timor.
1236 3392 1372 3461 Quia
1421 3393 1583 3462 igitur
1612 3392 1815 3446 intere-

237 3497 333 3553 mit
364 3498 636 3559 timorem,
660 3492 863 3562 reperit
897 3489 1010 3563 (88)
1039 3487 1362 3543 constantiae
1396 3485 1650 3538 fiduciam
1692 3498 1815 3538 cum

231 3587 597 3653 confessione,
633 3594 689 3641 et
721 3585 851 3641 dicit
896 3602 909 3637 :
943 3581 1127 3636 Omnis
1154 3580 1449 3649 quicunque
1491 3593 1571 3630 me
1604 3575 1810 3645 confes-

234 3697 323 3733 sus
355 3682 512 3750 fuerit
541 3690 662 3735 ante
700 3678 971 3742 homines,
1000 3674 1091 3732 isti
1137 3674 1282 3728 enim
1320 3680 1442 3726 sunt
1482 3671 1573 3739 qui
1616 3685 1810 3740 perse-

234 3783 490 3841 quuntur,
523 3772 807 3842 conﬁtebor
834 3779 881 3825 et
921 3784 1012 3838 ego
1046 3778 1164 3821 eum
1210 3774 1330 3817 ante
1370 3761 1588 3815 Patrem
1634 3777 1809 3815 meum

232 3864 418 3935 quiest
449 3866 506 3918 in
527 3865 668 3918 cretis
702 3863 767 3917 “.
799 3862 861 3917 Et
890 3862 1064 3933 primo
1091 3856 1312 3928 quidem
1342 3854 1618 3923 intercipit
1653 3854 1816 3909 timo-

234 3971 370 4023 rem,
406 3958 643 4017 secundo
670 3965 849 4010 autem
879 3953 1124 4008 itumittit
1156 3965 1304 4020 Spelit
1333 3967 1347 4003 :
1380 3948 1699 4016 Quicunque
1727 3961 1814 4002 me

234 4050 514 4107 confessus
554 4050 718 4105 fuerit
764 4057 892 4103 ante
937 4046 1203 4111 homines,
1251 4041 1556 4098 conhtebor
1604 4050 1659 4095 et
1712 4054 1811 4111 ego

233 4154 398 4198 eum:
449 4152 579 4211 puta
624 4141 749 4209 quia
778 4138 1089 4194 hominibus
1131 4135 1457 4191 conveniens
1498 4144 1583 4189 est
1635 4133 1805 4188 Deum

233 4236 500 4298 conﬁteri,
534 4235 702 4289 Deum
736 4234 985 4287 homines
1030 4230 1307 4301 quomodo
1345 4228 1601 4283 convenit
1643 4225 1811 4281 conli-

236 4326 371 4379 teri?
400 4325 475 4379 De
503 4324 814 4380 hominibus
844 4334 901 4377 ut
927 4338 1033 4378 non
1062 4324 1209 4377 dicat
1238 4322 1306 4377 ad
1332 4336 1428 4376 eos
1464 4340 1477 4376 :
1509 4318 1755 4375 Recedite
1778 4338 1809 4375 a

232 4430 329 4480 me,
360 4420 534 4471 nescio
574 4432 662 4470 vos
684 4416 761 4482 ⁸³;
794 4415 889 4469 sed
929 4425 989 4468 ut
1027 4416 1203 4485 magis
1232 4415 1378 4469 dicat
1408 4417 1474 4469 ad
1506 4429 1600 4470 eos
1635 4431 1648 4467 :
1695 4410 1798 4467 Ve-

233 4508 355 4573 nite,
388 4509 645 4563 benedicti
678 4508 857 4562 Patris
892 4509 993 4561 mei
1019 4507 1083 4561 “.
1127 4508 1355 4564 intueris
1397 4508 1807 4576 abnegationem

1920 650 1985 702 ad
2031 648 2345 709 patientiam
2392 649 2523 704 Dei?
2568 648 2759 704 Nonne
2812 662 3116 718 praeconem
3164 649 3499 717 paenitentiae

1920 741 2201 796 constituit
2231 741 2312 796 eis
2348 739 2459 797 Noe
2501 756 2598 809 per
2626 755 2798 795 annos
2828 750 3068 804 centum,
3094 750 3357 809 quantum
3397 756 3496 795 au-

1924 844 2028 887 tem
2065 834 2131 886 ad
2162 848 2312 887 suam
2367 833 2780 902 promissionem
2830 847 2929 902 per
2970 831 3110 886 cxx?
3150 831 3339 886 Nonne
3368 847 3497 888 arca

1923 924 2105 988 ﬁebat,
2130 924 2247 994 ipso
2272 940 2440 993 opere
2464 923 2531 979 ad
2560 925 2939 992 pteuilentiam
2967 925 3192 978 hortans
3213 923 3499 979 homines?

1922 1023 2015 1070 aut
2063 1016 2333 1069 modicmn
2392 1024 2510 1070 erat
2565 1031 2694 1081 vas,
2752 1016 2897 1086 quod
2950 1026 3133 1085 posset
3179 1017 3341 1070 etiam
3398 1017 3500 1071 sub

1926 1117 2069 1162 tecto
2106 1105 2402 1161 fabricari?
2461 1106 2651 1163 Nonne
2700 1118 2864 1162 tanta:
2911 1109 3125 1171 quidem
3176 1107 3497 1173 altitudinis,

1927 1208 2091 1254 tanta:
2123 1207 2304 1253 autem
2354 1197 2708 1267 longitudinis
2742 1208 2797 1255 et
2842 1199 3146 1255 latitudinis
3199 1201 3499 1254 secundum

1925 1289 2272 1345 mensuram?
2343 1287 2738 1343 Fabricabatur
2815 1299 2993 1343 autem
3067 1303 3192 1343 arca
3252 1298 3312 1343 tit
3371 1294 3501 1343 tuba

1928 1381 2157 1435 maxima
2181 1419 2196 1441 ,
2220 1380 2332 1449 jam
2358 1379 2618 1433 diluvium
2657 1380 2958 1447 praedicans
3003 1378 3272 1442 futurum,
3299 1388 3353 1433 et
3377 1387 3501 1434 ante

1926 1474 2181 1528 diluvium
2210 1473 2582 1543 paenitentiam
2612 1473 2876 1528 clamans.
2908 1474 2965 1527 Si
3001 1473 3165 1541 igitur
3190 1488 3292 1527 cxx
3346 1473 3502 1525 annis

1928 1566 2165 1622 revocati
2191 1582 2220 1619 a
2252 1565 2476 1620 malitiis
2509 1581 2614 1620 non
2641 1565 2954 1631 suntsuasi,
2990 1567 3089 1633 ipsi
3124 1567 3231 1619 vim
3262 1565 3501 1619 fecerunt
3562 1571 3574 1581 ’

1928 1671 1987 1714 ut
2018 1675 2178 1730 supra
2203 1674 2299 1714 eos
2325 1658 2585 1713 diluvium
2611 1657 2914 1724 adveniret,
2949 1659 3038 1726 qui
3072 1658 3287 1713 suaderi
3318 1657 3503 1712 nolue-

1927 1752 2054 1806 rint.
2086 1751 2192 1805 Sed
2225 1749 2517 1805 Sodomam
2545 1750 2742 1804 evertit
2764 1748 2905 1803 Deus
2929 1790 2943 1815 ,
2972 1749 3100 1816 quia
3140 1749 3291 1817 prius
3336 1748 3501 1802 Sodo-

1927 1845 2072 1897 mita:
2103 1852 2352 1897 naturam
2383 1858 2535 1898 suam
2580 1851 2959 1912 corruperant.
3008 1840 3074 1893 Et
3105 1852 3255 1896 certe
3286 1855 3351 1895 ne
3384 1841 3501 1910 qui.

1858 1909 1901 1964 Β
1929 1935 2047 1989 dem
2089 1935 2210 1989 istic
2242 1934 2488 2005 despexit
2536 1934 2713 2000 Deus,
2746 1909 2838 1987 sed
2889 1947 3081 2002 passus
3120 1942 3206 1986 est
3250 1909 3505 1986 Lothiob

1928 2026 2335 2081 contentionem
2409 2037 2683 2095 pastorum
2761 2027 2828 2080 ab
2910 2024 3183 2078 Abraham
3242 2021 3505 2091 separari.

1928 2119 2087 2174 Forte
2137 2126 2316 2173 autem
2365 2128 2418 2173 et
2458 2119 2806 2174 continentiae
2844 2116 2985 2171 sales
3036 2117 3186 2170 misit
3228 2114 3295 2168 ad
3338 2113 3505 2167 Sodo-

1926 2225 2068 2263 mam
2114 2208 2253 2264 Loth
2276 2210 2341 2275 ³⁵,
2390 2219 2451 2264 ιιι
2495 2209 2612 2279 ejus
2641 2198 2848 2279 justitia
2902 2207 3336 2263 continerentur.
3369 2214 3426 2258 ut
3472 2220 3505 2259 a

1922 2302 2054 2367 sale,
2102 2312 2157 2356 et
2205 2317 2309 2357 non
2356 2311 2858 2370 corrumperentur.
2900 2300 2979 2355 Illi
3030 2308 3212 2354 autem
3263 2309 3319 2353 et
3365 2297 3507 2352 sales

1923 2395 2292 2460 ealcaverunt,
2326 2405 2380 2450 et
2405 2395 2660 2449 dixerunt
2689 2399 2755 2449 ad
2795 2410 2923 2450 eum
2953 2395 3043 2464 qui
3079 2393 3366 2455 insalabat,
3396 2392 3504 2444 lla—

1923 2487 2097 2541 bitare
2127 2488 2348 2551 venisti,
2388 2503 2493 2541 non
2532 2496 2711 2542 tamen
2745 2499 2800 2542 et
2838 2488 3103 2557 judicium
3134 2486 3403 2554 judicare.
3439 2484 3504 2539 Et

1923 2580 2037 2634 haec
2066 2582 2310 2634 dicentes
2337 2580 2540 2647 justum
2579 2581 2864 2633 adversum
2900 2595 2955 2632 se
2982 2580 3246 2648 judicium
3292 2577 3500 2631 excita-

1922 2682 2070 2738 runt,
2096 2673 2189 2742 qui
2233 2688 2335 2725 non
2370 2672 2521 2726 fuere
2562 2670 2804 2726 contenti
2845 2672 3109 2724 adversus
3136 2670 3383 2724 homines
3418 2668 3501 2721 iu-

1919 2766 2099 2835 digua,
2141 2766 2235 2820 sed
2281 2774 2335 2818 et
2383 2764 2728 2818 insanierunt
2770 2764 3033 2817 adversus
3085 2762 3233 2831 ipsos
3286 2773 3506 2816 sanctos

1918 2860 2158 2928 angelos,
2194 2857 2285 2927 qui
2327 2866 2589 2911 venerant
2620 2856 2900 2910 vindicare
2937 2854 3189 2921 iniuriam
3223 2854 3501 2907 hominum

1918 2952 1985 3007 ab
2013 2953 2217 3007 eisdem
2255 2950 2573 3004 admissam.
2609 2948 2717 3002 Sed
2746 2962 2922 3017 neque
2947 2946 3057 3000 Noe
3084 2946 3331 3015 despexit
3360 2946 3504 2999 Deus

1918 3045 1972 3100 in
2014 3043 2251 3108 diluvio;
2302 3041 2567 3096 numerati
2607 3041 2754 3093 enim
2791 3048 2950 3093 erant
2994 3038 3112 3105 ejus
3143 3037 3365 3105 capilli:
3412 3051 3506 3090 ne-

1918 3152 2022 3208 que
2062 3136 2199 3191 Loth
2248 3135 2385 3205 apud
2440 3134 2753 3188 Sodomam.
2803 3132 2907 3186 Alii
2957 3141 3139 3186 autem
3182 3133 3348 3186 Deum
3393 3144 3499 3185 non

1841 3252 1885 3310 ε
1919 3240 2101 3286 tamen
2130 3230 2379 3284 homines
2412 3227 2753 3282 olfenderuut
2777 3266 2793 3293 ,
2825 3225 2913 3295 qui
2952 3225 3373 3279 immutaverunt
3406 3223 3505 3276 hu-

1921 3336 2139 3374 manam
2183 3330 2455 3374 naturam.
2499 3317 2613 3371 Non
2650 3328 2892 3386 estergo
2942 3314 3332 3383 increpandunt
3367 3313 3498 3376 Deo,

1920 3414 2045 3484 quia
2088 3427 2187 3467 nec
2221 3412 2266 3466 si
2300 3410 2439 3464 tauri
2484 3409 2808 3463 occiduntur
2847 3408 2913 3461 ad
2945 3420 3134 3470 usmn,
3166 3420 3341 3474 neque
3378 3405 3503 3473 quia

1919 3522 2046 3562 oves
2075 3516 2129 3561 et
2157 3504 2455 3569 columbae;
2495 3501 2838 3556 variiicatum
2873 3500 3020 3554 enim
3053 3507 3135 3552 est
3181 3512 3341 3551 omne
3378 3497 3500 3572 hoc,

1917 3609 1973 3654 et
2017 3597 2347 3654 abundantia
2398 3605 2481 3649 est
2530 3595 2734 3659 multa,
2781 3602 2834 3647 ct
2879 3591 2981 3645 alia
3027 3591 3147 3643 aliis
3192 3589 3501 3643 necessaria

1918 3701 2070 3757 sunt,
2121 3700 2175 3744 ct
2209 3688 2310 3742 alia
2350 3688 2511 3741 aliter
2562 3697 2743 3739 creata
2792 3695 2939 3739 sunt.
2989 3682 3141 3737 Sicut
3185 3681 3350 3752 igitur
3403 3696 3502 3751 pro

1920 3785 2088 3839 tauris
2110 3783 2201 3853 qui
2226 3782 2552 3837 occiduntur
2581 3780 2647 3833 ad
2676 3795 2831 3833 usuin
2856 3793 2959 3832 non
2987 3779 3298 3844 iucrepatur
3323 3774 3497 3840 Deus;

1917 3881 1970 3924 et
2002 3881 2148 3924 certe
2180 3871 2317 3921 tauri
2350 3884 2453 3921 non
2491 3878 2717 3937 peccant
2741 3908 2754 3931 ,
2789 3882 2970 3934 neque
3001 3876 3085 3919 est
3116 3865 3495 3934 irreligiositas

1918 3960 1969 4013 in
2002 3960 2204 4023 tauris;
2237 3974 2343 4012 non
2387 3959 2560 4010 solum
2595 3972 2704 4012 non
2732 3966 2809 4010 cst
2851 3956 3239 4023 increpantium
3272 3954 3339 4007 de
3370 3968 3497 4023 per-

1915 4050 2184 4119 emptione
2222 4049 2648 4118 irreligiosorum
2671 4087 2685 4110 ,
2720 4048 2814 4102 sed
2850 4061 2902 4100 et
2938 4046 3267 4100 mirandum.
3326 4046 3499 4099 Debet

1914 4138 2055 4193 enim
2104 4140 2308 4193 laudari
2365 4140 2528 4204 Deus,
2587 4140 2716 4210 quia
2782 4150 2981 4194 terrain
3041 4138 3197 4206 aquis
3250 4136 3419 4190 abluit
3468 4151 3500 4190 a

1915 4232 2191 4302 Spurcitiis
2241 4232 2605 4287 habitantium
2666 4250 2678 4285 :
2737 4234 2895 4286 debet
2939 4231 3181 4300 probari.
3228 4230 3352 4299 quia
3405 4245 3500 4299 per

1916 4327 2093 4397 ignem
2142 4324 2396 4380 conflavit
2452 4334 2695 4379 nostrain
2747 4335 3040 4388 naturam,
3089 4332 3144 4376 ut
3180 4331 3498 4377 evocaretur

1915 4427 2098 4473 nostra
2156 4418 2420 4488 legitima.
2476 4417 2553 4470 lta
2610 4417 2783 4471 nescit
2840 4411 2980 4471 De'us
3033 4432 3168 4487 quos
3220 4433 3327 4472 non
3382 4420 3501 4471 vult

1916 4526 2107 4576 nosse,
2146 4511 2216 4564 ita
2260 4508 2533 4577 ignoravit
2565 4524 2659 4563 eos
2689 4510 2780 4578 qui
2815 4510 2918 4563 sub
2956 4508 3095 4573 Noe;
3152 4511 3222 4564 ita
3268 4510 3497 4564 nescivit

230 4596 347 4653 Filii
373 4602 439 4656 de
468 4602 797 4669 hominibus,
838 4612 893 4656 et
925 4600 1323 4656 confessionem
1355 4603 1444 4656 Dei
1476 4601 1541 4655 de
1580 4600 1810 4654 bomini-
1842 4631 1885 4684 Ι)
1914 4615 2006 4654 eos
2035 4601 2124 4669 qui
2164 4601 2264 4655 sub
2300 4600 2461 4665 Loth,
2499 4609 2555 4654 et
2588 4615 2681 4654 eos
2716 4600 2805 4669 qui
2840 4612 3173 4668 negaverunt
3202 4616 3325 4655 eum
3370 4611 3496 4655 ante

230 4690 368 4748 bus?
407 4694 545 4748 Num
588 4694 844 4764 possibile
872 4702 955 4749 est
991 4693 1041 4747 ei
1084 4693 1296 4757 dicere,
1328 4694 1511 4748 nescio
1543 4691 1805 4746 Patrem?

232 4781 345 4839 Scit
367 4786 566 4857 quippe
599 4794 651 4841 et
687 4786 956 4851 homines,
985 4795 1039 4839 et
1074 4786 1172 4839 hos
1203 4794 1519 4855 peccatores
1546 4786 1755 4853 ignorat
1791 4804 1802 4838 ε

229 4876 655 4932 additamentum
723 4880 867 4932 enim
928 4879 1027 4932 hoc
1096 4877 1419 4932 solutionem
1484 4876 1805 4947 quaestionis

229 4967 462 5034 praebet;
489 4968 615 5037 quia
648 4969 791 5023 enim
821 4976 1138 5038 peccatores
1164 4969 1330 5038 ignoti
1361 4979 1507 5035 sunt,
1542 4983 1647 5022 non
1677 4966 1803 5035 quia

229 5057 566 5127 ignorantur,
612 5061 706 5115 sed
734 5063 859 5131 quia
902 5078 1007 5116 non
1053 5062 1121 5116 ab
1164 5076 1228 5115 eo
1270 5063 1604 5116 conﬁtentur
1651 5080 1665 5116 :
1708 5078 1802 5119 eos

228 5155 365 5209 enim
419 5156 509 5224 qui
559 5155 716 5211 mala:
762 5165 889 5211 sunt
940 5157 1063 5212 vita:
1114 5156 1292 5212 nescit
1346 5154 1524 5209 sciens
1572 5172 1668 5212 eos
1711 5157 1801 5225 qui

230 5247 354 5301 sint.
396 5248 453 5303 Si
498 5249 641 5303 enim
669 5230 1117 5316 computarentur
1165 5249 1308 5303 inter
1330 5248 1481 5301 vivos
1511 5248 1661 5312 mali,
1695 5263 1798 5302 non

229 5339 457 5395 venisset
483 5339 743 5394 diluvium
775 5341 875 5393 sub
911 5339 1024 5395 Noe
1059 5360 1071 5394 :
1103 5351 1157 5395 et
1187 5340 1321 5394 alios
1348 5339 1565 5409 quidem
1595 5353 1802 5393 connu-

231 5431 454 5484 meravit
495 5446 631 5499 quos
660 5432 856 5496 salvat,
889 5448 1025 5501 quos
1058 5444 1239 5487 autem
1281 5431 1478 5496 nescit,
1521 5429 1696 5498 perdit
1742 5441 1800 5485 ut

230 5532 416 5591 purget
459 5532 682 5577 terram.
723 5520 841 5577 Non
891 5538 1019 5592 ergo
1064 5525 1252 5579 debuit
1295 5524 1375 5578 eis
1421 5536 1669 5591 parcere,
1703 5520 1796 5592 qui

298 5662 342 5693 "
364 5664 547 5719 Matth.
576 5682 628 5729 χ,
648 5665 736 5719 57.
813 5666 856 5696 ³ο
883 5663 1190 5723 Mattlnxtx.
1217 5664 1307 5721 29.

230 5728 272 5762 ⁸⁸
299 5732 430 5789 Gen.
462 5751 574 5799 XIX,
605 5736 657 5790 9.
735 5736 779 5768 ”
800 5735 985 5789 Matth.
1029 5751 1085 5800 ι,
1117 5735 1204 5791 '55.

300 5869 407 5939 (88)
434 5870 655 5932 Reperit.
680 5874 860 5937 Forte,
894 5872 1099 5938 repetit.

1383 5665 1425 5697 ⁸¹
1465 5663 1651 5719 Matth.
1684 5676 1775 5730 xv,
1799 5662 1887 5718 57.

1913 4694 2186 4759 homines,
2213 4694 2279 4749 de
2312 4693 2507 4761 quibus
2540 4705 2591 4747 et
2623 4692 2753 4746 dicit
2785 4710 2798 4745 :
2834 4692 3146 4762 Quicunque
3174 4710 3251 4746 me
3280 4710 3497 4763 negaue-

1906 4786 1972 4839 rit
1999 4802 2173 4838 coram
2196 4785 2514 4847 hominibus,
2540 4783 2736 4851 negabo
2774 4792 2821 4837 et
2848 4800 2939 4851 ego
2968 4801 3083 4838 eum
3108 4801 3283 4837 coram
3328 4783 3487 4837 Patre

1905 4893 2018 4931 meo
2043 4879 2132 4947 qui
2159 4887 2235 4929 est
2268 4878 2322 4930 in
2355 4877 2495 4931 cazlis
2522 4878 2591 4931 ³⁸.
2623 4878 2832 4947 Negant
2866 4889 3043 4932 autem
3076 4877 3350 4932 Christum
3384 4890 3489 4930 non

1905 4967 2078 5021 solum
2114 4969 2165 5021 hi
2203 4970 2293 5038 qui
2328 4970 2380 5022 itt
2416 4971 2797 5038 persecutione
2832 4979 3050 5041 negant,
3089 4968 3355 5038 siquidem
3389 4984 3489 5023 nec

1911 5060 1999 5130 qui
2024 5060 2351 5115 conﬁtentur
2376 5062 2429 5116 iu
2462 5063 2956 5132 persecutionibus,
2994 5062 3093 5133 ipsi
3120 5061 3215 5116 soli
3248 5062 3487 5129 suntqui

1912 5152 2279 5207 confitentur:
2332 5155 2427 5209 sed
2470 5156 2862 5210 descendamus
2904 5155 2970 5209 ad
3017 5156 3254 5224 negotia,
3294 5165 3351 5206 et
3404 5153 3489 5204 fu-

1910 5247 2117 5314 giamus
2148 5246 2628 5316 irreligiositatem.
2668 5248 2767 5314 Qui
2816 5257 2942 5302 sunt
2986 5261 3115 5315 ergo
3163 5248 3251 5315 qui
3289 5254 3491 5315 negant
3554 5277 3558 5281 ι

1910 5336 2123 5402 Filium,
2157 5348 2213 5393 et
2243 5341 2356 5405 ubi,
2383 5352 2438 5395 et
2473 5342 2525 5395 itt
2556 5341 2773 5410 quibus,
2804 5340 3169 5395 advertamus.
3202 5338 3335 5395 Cum
3367 5338 3488 5406 quis
3524 5365 3529 5379 :

1911 5429 2213 5499 ingreditur
2247 5432 2521 5486 civitatem
2558 5432 2838 5502 gentilium
2863 5472 2880 5498 ,
2929 5443 2984 5489 et
3012 5433 3272 5503 religione
3316 5444 3487 5498 expo-

1910 5530 2094 5577 scente
2138 5521 2301 5578 fronti
2330 5524 2610 5595 imponere
2650 5526 2985 5598 signaculum
3019 5524 3196 5581 crucis
3228 5521 3488 5578 confusus

1966 5662 2011 5695 "
2044 5662 2237 5720 Matth.
2262 5666 2426 5731 x,32.
2505 5665 2549 5697 ³³
2579 5664 2766 5721 Matth.
2803 5681 2931 5733 xxv,
2966 5664 3054 5719 12.
3152 5661 3197 5695 ³⁸
3223 5661 3353 5719 ibid.
3392 5658 3482 5713 5i.
