3956 6512
509 446 644 501 1187

1173 442 1437 500 EUSEBII
1475 441 1952 499 CxESARlENSlS
1989 441 2138 499 OPP.
2182 442 2361 498 PARS
2401 444 2484 499 ιν.
2525 474 2592 484 -—
2630 442 3050 499 DOGMATICA.

3578 449 3690 507 “88

515 545 712 628 fuerit;
742 561 830 632 qui
874 561 1177 631 ingreditur
1216 577 1368 616 suam
1404 560 1851 632 gloriﬁcationem
1885 570 1940 615 et
1972 562 2076 614 vir-
2105 568 2153 623 Α
2179 562 2316 630 aequi
2364 561 2586 628 judicii;
2637 560 3074 629 concupiscentia
3119 569 3296 617 autem
3333 577 3538 621 caenosa
3571 573 3691 640 turpi

508 661 677 707 tutem
724 652 901 707 crucis
945 653 996 706 in
1033 652 1209 707 fronte
1240 668 1345 706 non
1394 652 1719 718 ostenderit,
1768 653 1870 706 iste
1913 652 2074 707 etiam

507 744 625 798 sine
668 755 939 798 tormento
980 745 1195 814 negabit
1238 755 1292 798 et
1329 744 1681 799 sacriﬁcabit.
1716 744 1849 809 Quis
1888 752 2074 797 autem

505 843 559 889 et
603 834 740 889 alius
794 835 1011 905 negabit
1064 836 1380 891 Christum?
1423 834 1556 889 Cum
1606 836 1801 905 aliquis
1844 844 2071 889 vocatus

505 926 668 982 fuerit
701 929 766 982 ad
791 943 1001 983 caenam
1043 929 1345 997 gentilium,
1382 939 1436 983 et
1467 928 1765 997 perrexerit
1798 942 1819 1001 ζ.
1846 926 2074 980 necdum

507 1021 650 1074 enim
687 1020 789 1075 hoc
821 1029 902 1075 est
941 1021 1305 1091 prohibitum;
1352 1021 1535 1073 vinum
1581 1028 1757 1073 autem
1811 1018 2007 1073 viderit
2046 1031 2075 1069 a

506 1120 755 1167 comante
805 1112 857 1166 in
906 1120 1112 1165 terram
1164 1110 1364 1165 effundi
1419 1119 1473 1164 et
1501 1110 1698 1174 libari,
1746 1116 1802 1163 et
1852 1122 2078 1162 accenso

505 1203 840 1273 blasphemio
870 1203 935 1256 ab
968 1202 1053 1255 his
1081 1202 1175 1271 qui
1203 1216 1265 1255 ea
1297 1215 1417 1270 quae
1450 1207 1576 1254 sunt
1614 1197 1827 1253 Domini
1868 1198 2079 1268 ingrate

510 1296 875 1357 manducant,
908 1291 1175 1361 cmperint
1212 1288 1590 1358 blaSphemare
1629 1288 1678 1340 in
1725 1285 1893 1341 Deum
1942 1304 1956 1340 :
1992 1286 2079 1340 ille

507 1394 684 1440 autem
714 1393 771 1437 ut
798 1383 1044 1437 Herodes
1081 1390 1300 1451 propter
1324 1380 1724 1433 discumbentes
1753 1377 1915 1431 fuerit
1944 1392 2075 1431 con-

508 1473 659 1528 fusus
703 1482 757 1527 et
806 1473 1059 1535 tacuerit,
1117 1486 1221 1524 non
1277 1484 1485 1537 ponens
1537 1478 1663 1522 ante
1708 1468 1894 1522 oculos
1954 1482 2079 1521 suos

435 1564 445 1575 ⁸
507 1565 829 1627 Christum,
878 1572 1034 1632 negat
1086 1560 1345 1630 profecto
1375 1576 1532 1626 quem
1588 1574 1690 1612 non
1745 1555 2079 1625 respondens

508 1653 816 1709 conﬁtetur.
855 1652 918 1704 Et
960 1652 1078 1703 ideo
1124 1651 1250 1703 dicit
1282 1650 1539 1703 Dominus
1580 1668 1591 1702 :
1630 1648 1937 1717 Quicunque
1984 1664 2076 1700 ne-

508 1743 708 1811 gaverit
736 1758 816 1794 me
838 1754 1015 1792 coram
1042 1738 1344 1791 hominibus
1368 1777 1382 1800 ,
1409 1736 1604 1805 negabo
1632 1746 1679 1788 et
1703 1750 1795 1803 ego
1818 1750 1934 1787 eum
1959 1741 2079 1786 ante

510 1832 725 1887 Patrem
749 1848 917 1886 meum
948 1832 1038 1897 qui
1080 1842 1151 1884 est
1177 1833 1229 1883 in
1259 1830 1421 1883 cortis.
1448 1828 1615 1897 Negat
1638 1828 1779 1881 enim
1809 1840 1933 1881 eum
1960 1841 2077 1880 om-

2178 660 2354 705 meatu
2394 651 2661 723 jurgetur,
2709 662 2764 707 et
2814 652 3036 719 incipiat
3089 668 3372 723 suggerere
3416 665 3466 710 et
3516 659 3687 727 dicere,

2177 742 2401 809 Quando
2443 744 2546 797 erit
2572 740 2867 810 judicium?
2906 743 3124 811 quando
3171 744 3400 798 futurum
3442 748 3553 800 est?
3590 766 3693 804 num

2176 836 2281 889 hoc
2312 836 2547 904 pertinet
2591 835 2659 889 ad
2702 833 2909 887 Deum?
2952 834 3055 889 Iste
3092 834 3302 904 reliquit
3342 837 3546 904 coelum,
3572 852 3616 894 et
3644 859 3694 895 ea

2177 941 2297 996 qua:
2325 926 2467 980 circa
2497 939 2583 980 me
2613 933 2742 979 sunt
2772 925 2951 979 videt?
2989 923 3240 995 Suggerit
3268 927 3406 981 enim
3449 930 3561 983 talia
3588 947 3696 987 con~

2178 1018 2511 1088 cupiscentia
2552 1035 2567 1074 :
2618 1019 2710 1089 qui
2762 1019 2929 1088 igitur
2978 1019 3320 1073 consentiunt
3370 1021 3487 1085 his,
3536 1037 3698 1095 negant

2178 1109 2367 1166 Deum.
2409 1110 2543 1175 Quid
2599 1120 2777 1164 autem
2826 1110 2880 1163 hi
2933 1111 3023 1180 qui
3067 1111 3389 1180 perjurant?
3428 1112 3533 1168 Non
3580 1119 3697 1171 enim

2180 1209 2385 1255 tantum
2405 1208 2627 1270 peccant
2646 1200 2697 1254 in
2725 1201 2994 1255 hominem
3012 1216 3167 1269 quem
3188 1213 3461 1270 spernunt,
3483 1217 3699 1273 quantum

2181 1292 2233 1345 in
2266 1292 2429 1347 Deum
2460 1307 2618 1361 quem
2651 1300 3005 1347 contemnunt
3040 1310 3053 1345 :
3081 1294 3171 1360 qui
3202 1294 3342 1346 enim
3382 1293 3700 1361 juramentum

2180 1385 2496 1451 contemnit,
2537 1386 2699 1438 Deum
2725 1393 2903 1453 negat.
2933 1384 3087 1439 Unde
3114 1394 3167 1439 et
3192 1399 3417 1454 parcens
3447 1388 3585 1441 nobis
3606 1388 3701 1441 Sal-

2182 1487 2354 1543 vator,
2384 1478 2447 1531 de
2474 1476 2594 1531 aliis
2642 1477 2851 1545 quidem
2882 1477 3117 1543 mandat,
3152 1485 3406 1546 quantum
3437 1488 3488 1531 et
3518 1479 3700 1532 deberet

2180 1568 2455 1622 mandare.
2495 1568 2574 1620 Ad
2596 1565 2955 1634 juramentum
2985 1567 3203 1621 veniens
3222 1568 3290 1621 ob
3316 1567 3513 1621 facilem
3540 1568 3700 1637 linguze

2181 1659 2408 1729 lapsum,
2439 1674 2543 1712 non
2572 1658 2725 1719 dixit,
2749 1658 2886 1713 Vere
2906 1657 3103 1726 jurate,
3136 1657 3229 1711 sed
3257 1658 3310 1710 in
3340 1667 3498 1713 totum
3522 1659 3605 1721 ait,
3624 1658 3702 1711 Ju-

2182 1768 2299 1805 rare
2329 1752 2528 1815 nolite;
2562 1764 2628 1803 ne
2674 1748 2810 1803 forte
2860 1749 3036 1819 lingua
3066 1750 3366 1803 assuefacta
3397 1764 3515 1803 vere
3536 1748 3702 1817 jurare,

2181 1844 2250 1896 ob
2290 1841 2497 1895 facilem
2549 1841 2758 1909 lapsum
2811 1841 2894 1893 sui
2939 1841 3203 1895 oberrans
3247 1839 3630 1910 periclitaretur,
3662 1847 3705 1894 et

510 1924 594 1978 πίε
625 1924 932 1992 (ιιιίευηαυε
966 1921 1201 1974 amnem
1240 1918 1684 1985 ὺίθεβδθιηδηιθε
1716 1925 1769 1970 ει
1805 1917 2078 1970 tacuerit:
2115 1908 2155 1964 Β
2186 1908 2633 2001 irreligiositatem
2670 1930 2989 1984 incurreret.
3032 1908 3344 1983 Certamina
3376 1930 3529 1997 igitur
3564 1930 3706 1999 quoti-

509 2021 669 2081 negat
697 2012 872 2065 omnis
903 2011 1214 2080 quicunque
1259 2011 1491 2063 audierit
1540 2023 1757 2063 crucem
1779 2046 1794 2070 ,
1824 2016 1881 2060 et
1911 2008 2077 2075 depo-

510 2103 681 2157 suerit
728 2102 946 2156 oculum
996 2117 1151 2155 suum
1186 2102 1564 2155 erubescens:
1617 2100 1708 2166 qui
1756 2099 1973 2161 dicunt,
2010 2096 2078 2151 ad

512 2208 649 2260 quos
682 2192 868 2247 dicunt
902 2206 932 2245 a
978 2190 1291 2261 parentibus
1325 2190 1531 2258 accepi,
1568 2198 1823 2255 tanquam
1867 2184 2081 2256 propel-

511 2284 681 2339 lentes
728 2299 758 2337 a
800 2298 859 2338 se
902 2284 1122 2345 boaum,
1159 2292 1216 2336 et
1265 2292 1323 2334 ut
1372 2283 1423 2335 in
1477 2280 1672 2334 malam
1712 2278 2079 2334 [nereditatem

512 2377 844 2441 incidentes;
898 2375 989 2443 qui
1034 2382 1326 2428 occurrunt
1375 2372 1692 2441 quibusdam
1741 2369 2081 2423 venientibus

512 2469 578 2522 ad
604 2466 921 2531 Ecclesiam,
956 2474 1011 2517 et
1045 2466 1313 2533 trepidant
1347 2464 1591 2533 pedibus,
1618 2462 1744 2531 quia
1773 2469 1826 2515 et
1869 2469 2077 2525 mente;

511 2557 603 2625 qui
642 2556 925 2625 occultant
971 2555 1238 2625 jejunium
1282 2562 1535 2623 tanquam
1582 2554 1648 2606 ad
1695 2551 2076 2620 opprobrium;

512 2649 605 2716 qui
638 2645 1040 2701 confunduntur
1081 2645 1231 2699 exire
1277 2645 1343 2698 ad
1385 2653 1674 2714 martyres,
1712 2642 1835 2711 quia
1888 2643 2078 2696 audie-

512 2747 639 2793 runt
686 2738 942 2807 quosdam
998 2737 1239 2790 dicentes
1294 2735 1416 2799 sibi,
1470 2735 1767 2788 debuerant
1820 2733 2076 2801 adjuvare

512 2838 779 2901 martyres
811 2829 1057 2883 Christi:
1099 2827 1190 2895 qui
1232 2826 1421 2879 nolunt
1466 2825 1681 2879 irrideri
1725 2826 1792 2878 ab
1845 2824 2079 2877 homini-

514 2922 636 2984 bus,
685 2920 1011 2973 sustinentes
1058 2925 1244 2987 utpote
1290 2916 1417 2969 illud
1450 2913 1589 2983 quod
1639 2914 1715 2967 ait
1760 2913 2019 2981 propheta
2056 2929 2071 2966 :

517 3010 620 3075 Qui
646 3010 843 3063 habitat
886 3012 940 3062 in
983 3008 1124 3062 caelis
1168 3007 1404 3061 irridebit
1434 3022 1519 3059 eos
1545 3005 1609 3058 ³⁷.
1639 3006 1863 3073 Semper
1890 3019 2076 3073 perse-

511 3102 658 3155 cutio
692 3110 796 3167 est,
838 3114 1051 3169 semper
1083 3097 1354 3153 invisibile
1392 3096 1591 3151 bellum
1631 3097 1881 3161 habetur,
1935 3111 2077 3150 sem-

511 3208 611 3262 per
650 3206 885 3255 coronte,
922 3205 1138 3259 semper
1184 3189 1491 3259 abnegatio.
1536 3187 1707 3243 Vultis
1742 3187 1930 3241 videre
1963 3202 2081 3240 cer-

2184 2024 2341 2078 diana
2367 2034 2490 2077 sunt
2513 2024 2636 2086 ista,
2668 2037 2786 2093 quae
2815 2038 2914 2090 per
2944 2022 3061 2077 dies
3104 2037 3166 2076 ac
3192 2032 3376 2077 noctes
3404 2034 3519 2077 sunt
3549 2023 3704 2077 nobis:

2182 2114 2524 2183 pulchritudo
2549 2115 2691 2168 enim
2725 2113 2997 2183 proposita
3023 2123 3103 2167 est
3127 2115 3388 2179 mulieris,
3415 2123 3465 2169 et
3492 2114 3706 2185 effulgens

2183 2202 2379 2273 elIigies
2404 2202 2550 2258 Jesu.
2612 2204 2678 2259 Et
2740 2206 2827 2260 ille
2877 2207 3094 2275 quidem
3131 2208 3378 2261 deorsum
3433 2206 3635 2275 inspexit
3667 2217 3707 2260 et

2184 2294 2354 2363 perit;
2408 2294 2544 2347 alius
2578 2305 2751 2349 autem
2782 2312 2993 2351 sursum
3027 2299 3295 2368 respexit,
3326 2307 3378 2353 et
3402 2306 3702 2365 assumptus:

2185 2384 2273 2438 ubi
2318 2386 2459 2439 enim
2495 2401 2609 2450 cor,
2642 2387 2750 2441 illic
2802 2399 2855 2442 et
2885 2389 3071 2444 oculus
3124 2391 3375 2445 habetur.
3409 2388 3702 2458 Propositum

2184 2486 2265 2531 est
2295 2492 2423 2532 sane
2461 2488 2514 2533 et
2542 2494 2732 2533 aurum
2766 2490 2820 2533 et
2847 2479 3024 2547 Jesus,
3059 2491 3110 2535 et
3155 2498 3261 2536 non
3292 2492 3372 2537 est
3399 2482 3592 2552 quidem
3614 2496 3706 2550 pro-

2180 2564 2378 2633 positio
2435 2569 2675 2634 :equalis.
2744 2565 2886 2633 Quid
2948 2580 3149 2631 autem,
3215 2571 3345 2640 quia
3405 2586 3499 2624 nec
3554 2571 3706 2639 aequali

2185 2658 2405 2722 utimur,
2464 2659 2555 2711 sed
2604 2658 2919 2714 deeliviores
2959 2659 3220 2715 efficimur
3292 2662 3356 2715 ad
3417 2660 3624 2726 minora,
3669 2668 3707 2713 et

2183 2748 2317 2800 adeo
2345 2747 2654 2802 fraudamur
2687 2752 2756 2804 ob
2809 2765 2871 2804 ea
2899 2766 3018 2820 qua:
3070 2767 3172 2805 non
3200 2753 3409 2806 vivunt.
3437 2752 3487 2805 ln
3517 2765 3707 2819 unoquo-

2183 2853 2287 2907 que
2344 2841 2503 2911 igitur
2558 2842 2856 2896 istiusmodi
2917 2853 3037 2898 actu
3073 2846 3372 2898 certamina
3410 2854 3525 2899 sunt
3552 2844 3707 2912 posita,

2184 2937 2237 2984 et
2299 2936 2591 2985 certamina
2653 2932 2966 2999 domestica,
3039 2934 3163 3003 quia
3226 2936 3296 2988 ab
3360 2934 3496 2987 intus
3554 2930 3707 2985 mulier

2185 3021 2409 3087 videtur,
2445 3032 2497 3077 et
2544 3023 2883 3093 pulchritudo
2935 3040 3000 3079 ex
3047 3027 3478 3094 concupiscentia
3525 3022 3707 3077 exarde-

2184 3113 2304 3177 scit,
2352 3123 2406 3166 et
2438 3127 2534 3167 nos
2585 3124 2858 3182 provocat,
2907 3124 2960 3169 et
3006 3116 3228 3169 ambitio
3264 3115 3506 3179 delectat,
3550 3124 3708 3170 etser-

2187 3220 2278 3259 mo
2331 3208 2594 3270 hortatur,
2649 3215 2701 3259 et
2750 3205 2814 3260 lis
2860 3216 2913 3261 et
2957 3206 3270 3261 collucmtio
3318 3223 3383 3263 ex
3432 3208 3536 3260 rixa
3585 3204 3708 3259 cilici-

518 3284 718 3335 tamina
771 3281 1177 3352 religiositatis?
1224 3278 1617 3348 Nonnunquam
1677 3277 1926 3332 efferbuit
1965 3278 2086 3346 quis
2113 3283 2154 3340 (ζ
2192 3306 2297 3359 ω,-⁹
2344 3308 2400 3351 ρι
2428 3312 2531 3350 non
2560 3297 2821 3351 adversus
2872 3300 3187 3368 sanguine",
3216 3301 3417 3369 quippe
3446 3308 3708 3356 etcarnem’

512 3373 594 3430 ira
632 3374 917 3429 adversum
964 3374 1237 3428 subditum
1273 3372 1409 3437 sibi;
1465 3382 1859 3426 rememoratus
1897 3379 2079 3423 autem

513 3466 745 3530 Domini,
778 3466 1025 3534 deposuit
1053 3464 1405 3519 acerbitatem
1448 3480 1462 3516 :
1498 3462 1651 3531 pejus
1678 3462 1821 3515 enim
1856 3472 1937 3516 cst
1968 3461 2080 3516 fer-

511 3559 629 3614 vori
683 3559 916 3613 incensae
972 3557 1064 3612 irae
1116 3556 1392 3619 resistere,
1441 3570 1604 3622 quam
1653 3553 1882 3607 flamma:
1936 3554 2075 3622 ignis

511 3663 630 3718 qua:
656 3662 688 3701 a
729 3646 861 3700 foris
908 3644 1155 3699 habetur.
1196 3643 1329 3709 Quia
1378 3644 1541 3711 igitur
1594 3651 1798 3711 martyr
1848 3651 1930 3695 est
1968 3642 2063 3710 qui

511 3748 728 3810 propter
788 3737 957 3791 Deum
1006 3740 1075 3789 ad
1126 3736 1451 3789 exteriorem
1498 3732 1771 3786 flammam
1814 3733 2017 3787 resistit
2064 3746 2077 3784 :

515 3854 722 3915 martyr
758 3852 814 3898 et
841 3842 994 3897 valde
1021 3851 1250 3912 martyr,
1290 3841 1382 3910 qui
1417 3841 1712 3921 exstinguit
1736 3841 1962 3896 interius
1999 3841 2081 3895 in-

511 3936 760 3991 cendium
791 3934 1005 3989 invidiae
1032 3943 1247 4003 propter
1274 3932 1555 3986 Dominum
1581 3929 1800 3999 Jesum;
1831 3947 2080 3987 nonnun-

511 4043 673 4098 quam
712 4026 857 4081 enim
902 4026 1113 4081 videtur
1142 4025 1344 4094 aliquid
1377 4026 1579 4079 bonum
1629 4035 1721 4079 aut
1760 4026 1981 4091 malum,
2026 4036 2081 4081 et

511 4121 756 4189 exsurgit
795 4119 1015 4184 invidia,
1050 4132 1103 4173 et
1132 4132 1289 4172 nemo
1330 4117 1509 4182 videt;
1559 4118 1728 4173 latent
1773 4119 1917 4173 enim
1963 4133 2083 4188 quas

514 4214 659 4266 intus
685 4220 833 4265 sunt.
877 4209 1012 4276 Quia
1044 4218 1221 4263 autem
1259 4218 1489 4263 testatur
1523 4210 1662 4264 Deus
1687 4210 1971 4264 adversum
1998 4211 2081 4263 iu-

514 4303 711 4357 vidiam
763 4304 830 4357 ad
882 4302 1028 4356 illum
1077 4301 1407 4370 respiciens,
1454 4301 1594 4355 sicut
1631 4299 1934 4371 Joses(88‘)
1970 4316 2078 4356 non

515 4395 735 4449 vidente
795 4394 1018 4447 Domino
1046 4392 1155 4464 (89)
1194 4395 1285 4463 qui
1310 4403 1427 4448 erat
1459 4395 1509 4448 in
1535 4402 1702 4455 terra,
1732 4394 1798 4447 ad
1840 4394 2083 4447 invisibi-

515 4485 618 4540 lem
648 4486 919 4555 respexit,
954 4495 1010 4538 et
1048 4487 1350 4540 mercedem
1393 4486 1651 4555 propositi
1686 4486 1936 4550 sumpsit.
1971 4484 2080 4540 lte-

2189 3390 2282 3445 sed
2312 3391 2593 3446 adversum
2634 3392 2929 3447 invisibiles
2966 3390 3217 3446 inimicos
3252 3391 3644 3446 invisibiliteret
3672 3388 3709 3439 in

2189 3480 2274 3534 his
2314 3480 2567 3534 omnibus
2597 3481 2893 3535 certamina
2926 3491 3049 3534 sunt
3098 3489 3152 3535 et
3180 3495 3401 3550 agones.
3456 3480 3578 3534 Cum
3600 3475 3707 3545 jeju-

2190 3572 2335 3627 nium
2367 3581 2420 3627 et
2443 3586 2568 3626 esca
2596 3575 2932 3642 pr0ponitur,
2962 3589 3081 3627 cum
3106 3574 3223 3627 sitis
3254 3584 3309 3627 et
3331 3572 3595 3641 jejunium,
3617 3582 3709 3623 cum

2188 3666 2440 3735 pudicitia
2471 3677 2529 3721 et
2574 3666 2760 3729 libido,
2808 3680 2928 3720 cum
2978 3666 3219 3721 Ecclesia
3263 3679 3319 3721 et
3370 3668 3587 3727 theatra,
3619 3675 3712 3715 cum

2189 3758 2302 3812 dies
2325 3758 2530 3813 Domini
2550 3770 2603 3813 et
2628 3759 2740 3814 dies
2768 3759 3167 3824 dazmoitiorum,
3196 3775 3319 3812 cum
3341 3758 3551 3814 affectus
3564 3754 3619 3808 ad
3638 3755 3711 3807 ho~

2189 3852 2359 3906 mines
2387 3861 2439 3905 et
2470 3851 2707 3906 charitas
2732 3853 2798 3905 ad
2832 3853 3017 3906 Deum.
3052 3852 3117 3904 Et
3156 3851 3207 3904 in
3236 3851 3324 3905 his
3358 3849 3592 3904 omnibus
3619 3842 3713 3914 qui-

2189 3944 2312 3997 datn
2346 3944 2560 4013 quidem
2597 3953 2820 4012 negant,
2867 3943 3083 4012 quidam
3111 3953 3290 3997 autem
3324 3941 3652 4001 conﬁtentur;
3674 3942 3712 3989 et

2190 4037 2557 4105 unusquisque
2589 4035 2689 4089 sibi
2728 4043 2990 4104 procurat
3022 4033 3219 4087 bonum
3256 4043 3350 4087 aut
3378 4026 3712 4096 malum,judi—

2189 4126 2334 4180 cium
2366 4134 2457 4179 aut
2512 4125 2776 4195 requiem,
2807 4124 3105 4194 gehennam
3154 4132 3248 4177 aut
3282 4139 3441 4193 regna
3479 4124 3712 4176 caelorum-

2190 4217 2326 4283 Quid
2360 4227 2536 4273 autem
2581 4218 2631 4270 hi
2692 4218 2781 4285 qui
2819 4216 3137 4281 sortiuntur,
3190 4218 3282 4284 qui
3313 4217 3377 4269 ad
3407 4224 3550 4267 vates
3580 4210 3713 4266 idolo-

2189 4326 2305 4364 rum
2334 4309 2600 4378 pergunt?
2638 4308 2729 4362 lsti
2769 4308 2977 4362 occulte
3012 4306 3321 4361 sacriﬁcant
3369 4305 3534 4364 idolis,
3568 4311 3614 4356 et
3642 4314 3712 4352 ne-

2190 4410 2317 4470 gant
2343 4398 2535 4453 Deum.
2578 4398 2715 4465 de
2758 4398 2810 4452 bi
2865 4398 2956 4468 qui
2986 4401 3211 4451 credunt
3250 4399 3377 4466 quia
3405 4412 3434 4449 a
3480 4394 3631 4449 stellis
3655 4389 3714 4442 eis

2190 4492 2326 4547 mala
2362 4492 2706 4561 proveniunt,
2761 4500 2817 4545 et
2868 4490 3036 4543 fatum
3078 4504 3198 4545 esse
3226 4488 3503 4543 fatentur?
3531 4482 3647 4550 Quid
3674 4478 3713 4532 hi

516 4592 635 4633 rum
670 4577 760 4646 qui
795 4575 1034 4630 refrenat
1085 4575 1340 4630 invidiam
1388 4587 1594 4646 martyr
1630 4577 1861 4643 exsistit,
1910 4585 1963 4630 et
1990 4577 2080 4645 qui
2189 4585 2279 4651 qui
2304 4583 2676 4651 auSpicantur,
2705 4584 2796 4649 qui
2831 4581 2945 4635 dies
2968 4589 3023 4634 ct
3051 4593 3210 4634 voces
3234 4589 3288 4633 et
3310 4589 3496 4648 passus
3524 4574 3715 4626 vitantes

516 4667 797 4723 alacritate
820 4666 1144 4737 judicavcrit
1173 4667 1312 4721 male
1341 4666 1407 4721 de
1447 4667 1611 4721 fratre
1654 4666 1819 4735 loqui,
1851 4677 1904 4721 et
1930 4684 2069 4722 mea-

518 4767 630 4812 tum
675 4770 843 4825 usque
883 4757 949 4808 ad
1001 4756 1235 4824 linguam
1269 4757 1575 4825 protulerit,
1616 4774 1677 4813 os
1711 4769 1889 4814 autem
1923 4776 2080 4814 suum

517 4856 740 4917 propter
772 4846 864 4900 Dei
899 4846 1146 4901 timorem
1194 4863 1299 4901 non
1337 4851 1633 4917 aperuerit,
1685 4851 1792 4905 iste
1831 4853 2081 4906 invisibi-

519 4939 642 4994 liter
670 4938 964 4993 conﬁtetur
1006 4937 1197 4993 Deum.
1230 4938 1297 4992 Et
1339 4942 1425 4993 cui
1462 4941 1670 4995 licitum
1720 4951 1805 4997 est
1833 4942 2086 4997 fraudare

517 5042 571 5086 et
600 5046 705 5084 non
739 5030 986 5097 fraudat;
1014 5040 1069 5083 et
1095 5030 1181 5084 cui
1215 5029 1421 5084 licitum
1450 5042 1533 5086 est
1566 5034 1736 5087 furari
1780 5033 2084 5103 conjugium

517 5121 787 5186 alienum,
843 5130 899 5176 et
948 5122 1120 5191 parcit
1170 5121 1224 5175 in
1277 5123 1530 5178 omnibus
1585 5125 1669 5177 his
1725 5138 1844 5191 qua:
1896 5121 2086 5176 oculus

517 5213 786 5267 sensibilis
837 5228 941 5267 non
1001 5213 1181 5278 videt,
1233 5212 1520 5267 invisibilis
1576 5226 1758 5267 autem
1813 5214 2080 5278 intuetur,

519 5305 779 5374 martyria
798 5315 853 5357 et
870 5302 1239 5360 confessiones
1259 5306 1546 5361 habentur.
1566 5303 1775 5374 Negant
1802 5316 1981 5358 autem
2025 5317 2082 5357 re

519 5400 633 5470 ipsa
676 5407 730 5452 et
769 5412 930 5465 Opere
963 5397 1062 5460 illi,
1095 5413 1229 5466 quos
1268 5414 1391 5452 cum
1428 5399 1662 5453 tenuerit
1701 5399 2085 5466 concupiscen-

519 5494 627 5556 tia,
682 5500 736 5545 et
785 5499 903 5559 post
972 5492 1085 5545 haec
1149 5492 1358 5547 venerit
1430 5491 1723 5561 Scriptura:
1787 5490 2085 5553 memoria,

2112 4635 2161 4692 D

2189 4672 2532 4727 custodiunt?
2560 4673 2665 4724 Aut
2691 4686 2796 4724 non
2842 4670 3009 4739 plena:
3040 4679 3165 4722 sunt
3200 4669 3283 4722 bis
3314 4680 3497 4721 omnes
3524 4659 3715 4715 maxime

2191 4764 2444 4817 mulieres
2472 4762 2826 4816 observantes
2870 4760 3031 4814 talia?
3082 4758 3213 4824 Quis
3247 4759 3457 4812 locutus
3493 4743 3716 4815 est?quis

2184 4873 2279 4929 per
2323 4870 2482 4910 nares
2513 4852 2762 4923 spiritum
2812 4851 3075 4922 protulit?
3103 4852 3223 4921 quis
3272 4858 3449 4903 motus
3486 4842 3593 4898 est?
3620 4849 3715 4929 qua:

2182 4922 2296 5004 avis
2330 4922 2559 5011 volavit,
2584 4957 2641 5000 et
2692 4945 2856 5011 unde,
2912 4953 3005 4998 aut
3030 4944 3323 5013 quomodo,
3373 4948 3463 4992 aut
3488 4922 3715 5004 qualiter?

2181 5040 2304 5111 quis
2335 5038 2603 5093 ululavit-1'
2655 5037 2831 5093 Canes
2884 5036 3144 5091 debemus
3189 5032 3467 5088 recludere
3504 5025 3637 5086 tales,
3664 5030 3715 5072 ηε

2182 5132 2475 5200 procedant
2505 5143 2534 5182 e
2564 5114 2833 5183 domibus.
2860 5125 3003 5181 Fieri
3028 5126 3170 5179 enim
3198 5138 3302 5177 non
3334 5126 3524 5190 potest,
3558 5124 3610 5166 ut
3631 5122 3715 5200 non

2184 5199 2387 5289 aliquid
2419 5219 2524 5273 tale
2552 5226 2823 5272 occurrat.
2856 5216 3226 5283 Vosmetipsos
3262 5212 3504 5280 probate,
3530 5214 3579 5259 et
3604 5199 3716 5253 vide-

2180 5311 2308 5365 bitis
2342 5312 2552 5379 quoties
2579 5311 2644 5363 ad
2684 5306 2990 5362 istiusmodi
3029 5304 3282 5359 certastis
3329 5298 3577 5369 auspicia,
3602 5303 3711 5379 quo-

2185 5401 2283 5455 ties
2317 5378 2458 5454 mota
2492 5409 2578 5455 est
2608 5396 3067 5467 concupiscentia,
3113 5396 3208 5450 sed
3238 5401 3291 5447 et
3312 5388 3561 5445 memoria
3589 5378 3667 5435 Dei
3697 5391 3708 5426 ε

2184 5503 2238 5547 et
2263 5500 2381 5546 erat
2405 5500 2701 5555 certamen,
2727 5499 2780 5545 et
2804 5490 3095 5556 contentio,
3120 5495 3174 5543 et
3194 5498 3402 5540 cursus.
3437 5480 3498 5534 Et
3522 5476 3643 5531 sicut
3668 5468 3707 5520 ίη

520 5583 644 5652 quia
699 5591 785 5636 est
835 5584 975 5638 Deus
1028 5584 1117 5653 qui
1172 5585 1317 5639 videt
1358 5591 1410 5640 et
1459 5585 1687 5654 judicat,
1725 5593 1773 5639 et
1833 5582 1955 5652 quia
2008 5590 2090 5637 est
2187 5581 2455 5651 palaestris
2486 5580 2626 5635 alius
2654 5578 2946 5649 aliquando
3000 5576 3246 5648 superior
3275 5571 3496 5627 efﬁcitur
3538 5564 3711 5624 alio,et

585 5718 628 5749 ³⁷
654 5716 797 5774 Psal.
825 5733 885 5783 ll,
914 5719 965 5772 4.

587 5873 721 5942 (88’)
770 5873 938 5927 loses.
970 5872 1152 5941 Forte,
1191 5874 1378 5928 Moses.

2246 5869 2355 5940 (89)
2385 5868 2488 5924 Ms.
2514 5868 2644 5922 sicut
2675 5864 2865 5936 Ioseph
2894 5881 2993 5919 non
3021 5864 3215 5918 uidente
3236 5856 3472 5912 Domino.
