3956 6510
246 442 383 498 H89

1296 434 1383 488 DE
1423 431 1761 489 OPERIBUS
1799 430 1999 486 BONIS
2037 430 2125 485 ET
2164 431 2391 488 MALlS.

3348 439 3487 493 “90

246 560 534 631 aliquando
555 556 777 613 inferibr
801 555 967 625 iacet,
995 565 1047 609 et
1077 555 1130 609 in
1158 553 1272 623 ipsa
1302 551 1690 608 colluctatione
1713 550 1821 604 fre-
1850 555 1895 611 Α
1924 549 2009 603 nia
2078 549 2410 619 diSpendium
2459 548 2857 603 obunihratum.
2914 548 3013 604 Ubi
3067 559 3151 605 est
3198 551 3491 608 hesternos

244 661 472 723 quenter
515 650 799 706 conversio
852 658 936 703 est
980 647 1150 712 facta;
1203 648 1274 699 ita
1306 654 1359 699 et
1394 659 1588 699 sensus
1623 643 1817 711 saepius

245 759 368 800 cum
398 741 834 809 concupiscentia
864 740 1099 793 luctatus
1136 745 1219 791 est
1249 736 1301 789 in
1330 735 1560 799 lectulis,
1592 733 1644 787 in
1679 733 1816 798 foro,

247 833 301 888 in
329 832 513 898 domo,
549 832 601 885 in
636 832 884 894 theatris,
916 830 970 884 in
1014 827 1385 898 lupanaribus.
1429 826 1493 880 Et
1520 827 1636 881 haec
1688 824 1820 878 facit

248 937 369 993 qua!
413 932 468 978 et
507 923 682 977 oculis
718 923 959 975 videmus
995 920 1321 975 visibiliter:
1358 919 1527 971 tenuit
1556 915 1817 984 concupi-

247 1016 480 1080 scentia,
516 1023 572 1067 et
606 1011 808 1083 pepulit
838 1028 1076 1075 sensum,
1111 1022 1165 1065 et
1199 1009 1398 1064 occidit
1438 1008 1729 1077 cogitatus,
1765 1014 1821 1060 et

249 1106 593 1178 superposuit
648 1120 709 1160 se
748 1106 1199 1173 concupiscentia.
1249 1105 1444 1158 lterum
1490 1110 1670 1155 autem
1715 1099 1819 1152 vim

249 1196 458 1252 faciens
503 1209 698 1249 sensus
744 1203 1020 1248 correctus
1074 1202 1172 1251 est.
1235 1202 1287 1246 et
1333 1190 1613 1260 superbior
1646 1187 1821 1240 factus

247 1296 354 1352 est,
388 1286 661 1357 superavit
692 1284 1015 1340 desiderium
1058 1283 1399 1337 libidinosum
1433 1295 1446 1333 :
1482 1281 1672 1333 horum
1705 1292 1821 1331 om—

248 1381 400 1435 nium
427 1379 856 1448 experimentum
885 1376 1022 1445 apud
1050 1390 1147 1428 vos
1178 1383 1283 1428 est.
1316 1373 1480 1427 Scitis
1509 1371 1651 1425 enim
1682 1384 1820 1438 quo—

252 1470 355 1524 ties
406 1469 471 1522 ad
514 1468 1031 1537 concupiscentiam,
1062 1465 1271 1535 quoties
1312 1464 1379 1517 ad
1407 1462 1679 1517 libidinem
1706 1460 1822 1513 ille-

248 1562 321 1616 cti
357 1562 512 1625 estis,
539 1561 751 1629 quoties
781 1558 845 1611 ad
874 1556 1182 1622 avaritiam,
1212 1539 1818 1625 quotiesad'fraudem,

249 1653 465 1722 quoties
492 1653 558 1705 ad
594 1652 753 1716 iram,
787 1650 996 1718 quoties
1033 1648 1099 1702 ad
1145 1646 1565 1715 indignationem
1603 1662 1616 1697 :
1653 1644 1820 1698 decli-

248 1744 335 1799 vis
355 1744 499 1800 enim
524 1760 651 1798 caro
684 1743 751 1797 ad
784 1744 883 1795 ista
907 1751 990 1795 est
1019 1741 1169 1805 vitia,
1192 1750 1245 1794 et
1278 1740 1442 1809 ipsius
1464 1738 1645 1792 carnis
1676 1752 1821 1792 mea-

252 1844 360 1890 tus.
388 1835 567 1889 Vincit
607 1844 785 1889 aulem
816 1834 928 1887 haec
955 1834 1223 1902 cogitatus
1249 1831 1550 1886 colluctans
1581 1844 1677 1899 per
1709 1829 1821 1898 spi-

1921 640 2056 705 dies,
2112 651 2167 693 ut
2198 641 2272 694 sis
2312 640 2572 695 sollicitus
2618 641 2683 694 de
2734 642 3035 696 hodierno?
3068 644 3154 697 ubi
3212 655 3335 700 sunt
3372 662 3493 716 quae

1922 728 2038 782 heri
2086 729 2139 784 in
2191 739 2430 784 ventrem
2466 731 2628 784 missa
2679 739 2823 796 sunt,
2869 740 2927 785 ut
2981 733 3170 787 iterum
3224 751 3493 805 pracpares

1923 820 2127 873 multa?
2150 819 2340 890 Figura
2374 828 2455 875 est
2479 835 2716 889 praesens
2745 823 3020 887 szeculum,
3052 834 3105 878 et
3132 840 3234 878 non
3259 828 3487 885 veritas:

1925 913 2129 965 umbra:
2171 912 2411 967 volantes
2456 923 2601 967 sunt.
2643 913 2780 978 Quid
2840 915 3078 971 velocius
3129 918 3240 972 sole
3296 921 3350 973 in
3387 935 3493 989 quo

1926 1012 2267 1056 mensuratur
2298 1004 2448 1057 vita?
2477 1004 2757 1073 Evigilate,
2792 1006 2932 1073 iusti,
2960 1015 3014 1060 et
3053 1008 3217 1060 nolite
3243 1024 3487 1076 peccare.

1926 1094 2208 1148 Peccatum
2263 1102 2444 1148 autem
2488 1096 2715 1150 efﬁcitur
2755 1097 2823 1151 ob
2870 1100 3227 1166 ignorantiam
3262 1100 3376 1154 Dei.
3434 1102 3489 1155 Si

1925 1183 2069 1237 enim
2128 1183 2340 1252 agnitus
2373 1184 2538 1238 fuerit
2588 1186 2727 1241 Dens
2761 1188 2850 1257 qui
2885 1189 3064 1242 omnia
3109 1191 3365 1255 intuetur,
3405 1208 3491 1247 re-

1893 1274 2227 1342 ,percutitur
2258 1289 2419 1329 omne
2461 1286 2762 1343 peccatum.
2822 1280 2927 1334 Deo
2956 1281 3100 1334 enim
3138 1293 3400 1348 prasente
3440 1294 3492 1338 et

1925 1366 2144 1420 vidente
2173 1366 2295 1434 quis
2318 1366 2449 1422 velit
2496 1366 2703 1421 furari?
2729 1368 2827 1434 Qui
2859 1382 3036 1427 autem
3070 1374 3308 1441 furatur,
3346 1378 3492 1445 prius

1929 1458 2391 1528 irreligiositatem
2426 1459 2680 1527 admittit,
2713 1469 2766 1514 et
2808 1464 2881 1516 ita
2929 1474 3107 1520 nocet.
3148 1467 3205 1521 Si
3235 1469 3378 1521 enim
3409 1485 3493 1524 co-

1927 1552 2151 1620 gitasset
2198 1552 2329 1606 Cain
2372 1553 2497 1621 quia
2528 1554 2674 1608 videt
2704 1555 2865 1618 Deus,
2909 1574 3179 1628 nunquam
3208 1556 3521 1613 occidisset
3570 1560 3573 1563 ’

1926 1640 2079 1705 Abel,
2111 1656 2269 1710 quem
2316 1652 2370 1697 et
2403 1643 2692 1711 abnegavit
2738 1646 2981 1700 fratrem.
3008 1648 3064 1701 Si
3093 1649 3351 1705 vidissent
3386 1651 3494 1704 Eva

1928 1741 1981 1786 et
2025 1732 2195 1786 Adam
2225 1733 2413 1797 Deum,
2465 1749 2569 1788 non
2613 1736 2877 1790 vidissent
2938 1739 3205 1794 arborem.
3247 1740 3495 1809 Nunquid

1930 1838 2217 1893 possumus
2262 1826 2317 1879 in
2344 1827 2478 1881 duas
2502 1826 2666 1881 facies
2699 1829 2857 1881 simul
2896 1831 3066 1883 visum
3093 1831 3370 1886 intendere
3402 1849 3497 1886 no-

252 1928 440 1983 ritum.
472 1926 547 1980 Ita
585 1939 968 1994 nonnunquam
1003 1925 1249 1977 videmus
1276 1936 1564 1994 pauperem
1596 1940 1607 1975 :
1644 1928 1699 1974 et
1727 1920 1823 1973 mi-
1857 1915 1899 1968 Β
1925 1928 2094 1970 strum
2119 1918 2142 1971 ?
2172 1919 2275 1973 Sed
2303 1935 2408 1975 non
2432 1920 2655 1988 suscipit
2676 1920 2881 1975 oculus.
2915 1920 3031 1974 Non
3070 1937 3347 1989 possumus
3370 1939 3497 1992 ergo

250 2017 547 2073 sericordia
580 2016 793 2086 quidem
841 2014 1031 2078 flectit,
1063 2013 1288 2068 avaritia
1337 2022 1515 2068 autem
1569 2021 1821 2075 revocat;

252 2111 309 2157 et
334 2103 580 2158 volumus
594 2113 947 2172 agnoscentes
972 2117 1092 2156 cum
1117 2116 1282 2171 gener
1300 2111 1382 2157 est
1403 2102 1647 2156 misereri
1674 2101 1819 2172 (90);

254 2195 309 2249 id
342 2202 524 2248 autem
560 2196 702 2264 quod
749 2194 982 2248 alienum
1013 2205 1097 2248 est
1129 2209 1235 2247 non
1263 2194 1413 2248 sinit.
1445 2194 1520 2247 lta
1546 2204 1823 2248 certamen

251 2293 337 2338 est
370 2284 659 2337 maximum
685 2286 735 2337 in
766 2284 1064 2338 istiusmodi
1089 2284 1332 2349 actibus;
1366 2283 1432 2336 de
1463 2284 1571 2337 Deo
1600 2281 1743 2337 enim
1772 2290 1827 2336 et

254 2375 323 2429 de
356 2390 662 2430 mammona
716 2384 985 2429 certamen
1024 2375 1273 2437 habetur,
1307 2374 1431 2442 quia
1472 2380 1527 2426 et
1570 2370 1828 2424 Dominus

254 2466 375 2536 ipse
404 2466 537 2520 dicit
567 2489 579 2522 :
624 2464 791 2519 Nemo
825 2476 984 2533 potest
1031 2468 1231 2518 duobus
1276 2466 1502 2518 dominis
1534 2464 1722 2517 servire
1746 2463 1825 2528 '3;

253 2565 312 2612 et
343 2557 570 2627 opponit
604 2572 963 2610 mammonam
998 2557 1189 2609 anima:
1218 2556 1272 2608 in
1313 2554 1422 2609 Deo
1451 2555 1687 2620 viventi;
1721 2571 1827 2610 non

253 2649 385 2718 quia
413 2648 832 2703 commutatione
862 2647 1059 2715 aliqua,
1092 2648 1187 2700 sed
1217 2647 1339 2715 quia
1365 2647 1590 2701 ellicitur
1611 2648 1662 2701 id
1686 2649 1827 2717 quod

254 2740 377 2796 ﬁeri
408 2755 514 2794 non
541 2739 777 2795 deberet.
810 2739 948 2811 Ergo
978 2725 1244 2808 martyres
1285 2739 1582 2793 elliciamur
1620 2739 1734 2804 Dei,
1775 2748 1829 2794 et

258 2844 368 2883 non
399 2844 585 2898 parum
618 2843 863 2896 putemus
885 2833 1024 2899 quod
1050 2831 1125 2883 ait
1155 2847 1167 2883 :
1194 2830 1491 2896 Conﬁtebor
1514 2837 1565 2882 et
1590 2845 1680 2898 ego
1710 2846 1828 2883 eum

256 2934 439 2971 coram
471 2918 628 2973 Patre
659 2936 768 2972 meo
799 2923 886 2989 qui
924 2934 997 2974 eu
1026 2922 1077 2974 in
1111 2921 1250 2973 ruelis
1274 2921 1339 2974 ³⁹.
1392 2920 1497 2974 Ista
1535 2922 1677 2974 enim
1711 2936 1830 2989 quae

261 3012 353 3066 hic
393 3022 536 3075 sunt,
564 3014 841 3067 nobiscum
890 3029 993 3067 non
1018 3024 1273 3081 pergent;
1317 3015 1362 3068 si
1395 3024 1573 3067 autem
1607 3014 1827 3079 vadunt,

261 3103 618 3157 convincatur
645 3119 858 3169 sermo;
901 3120 1086 3159 verum
1120 3106 1279 3160 isthic
1312 3114 1558 3173 manent;
1590 3121 1707 3175 quae
1731 3121 1829 3159 au-

263 3204 374 3250 tem
421 3209 488 3248 ex
535 3195 662 3262 ipsis
712 3205 837 3249 sunt
880 3207 1124 3265 peccata,
1174 3198 1450 3252 nobiscum
1475 3208 1529 3252 et
1581 3208 1706 3253 ante
1734 3213 1831 3253 nos

260 3295 512 3356 pergunt.
556 3286 694 3352 Quid
726 3288 793 3341 ad
825 3288 1018 3341 damna
1060 3290 1453 3357 properamus?
1488 3289 1744 3344 Venimus
1774 3288 1828 3343 in

263 3383 405 3433 hanc
436 3378 632 3443 vitam;
689 3388 897 3433 utamur
957 3380 1175 3433 lumine.
1212 3380 1349 3446 Quid
1409 3392 1585 3435 autem
1630 3382 1832 3447 praebet

262 3468 444 3547 lumen
477 3470 559 3525 his
596 3471 688 3539 qui
726 3471 925 3525 habent
952 3470 1180 3525 oculos?
1232 3472 1615 3526 Discretionem
1650 3472 1832 3539 utique

261 3561 622 3630 negotiorum.
664 3561 717 3615 Si
747 3563 875 3631 quid
921 3562 1083 3631 igitur
1128 3564 1410 3618 honestum
1450 3574 1554 3627 est,
1600 3579 1719 3617 cum
1753 3563 1832 3619 fe-

261 3651 556 3706 stinatione
606 3660 853 3721 petatur;
903 3669 1007 3708 non
1044 3654 1186 3708 enim
1236 3663 1295 3707 ut
1339 3653 1670 3721 decipiamus
1712 3669 1828 3718 vos,

262 3743 642 3815 praesidemus;
694 3760 799 3799 non
829 3751 887 3798 ut
922 3758 1184 3813 pauperes
1218 3758 1310 3797 vos
1338 3742 1618 3808 faciamus,
1645 3758 1831 3797 mone-

262 3847 406 3896 mus,
440 3834 534 3887 sed
564 3834 753 3888 divites
789 3833 966 3903 potius
1015 3833 1068 3887 in
1097 3847 1261 3900 regno
1309 3832 1584 3886 caelorum.
1620 3830 1734 3885 Non
1774 3839 1833 3884 ut

262 3923 581 3992 dejiciamus
606 3940 800 3995 corpus
826 3933 1059 3981 vestrum
1084 3924 1324 3995 jejuniis,
1349 3924 1441 3977 sed
1471 3932 1530 3977 ut
1548 3922 1834 3977 induamus

263 4029 363 4070 vos
393 4016 833 4083 immortalitate;
871 4030 977 4070 non
1012 4024 1069 4069 ut
1100 4015 1413 4069 occidamus
1455 4013 1511 4067 in
1544 4012 1830 4082 martyrio,

262 4110 364 4161 sed
413 4116 473 4161 ut
521 4122 624 4160 non
668 4109 805 4161 eatis
843 4108 895 4163 in
933 4110 1227 4177 gehennam
1278 4120 1504 4175 corpore
1532 4115 1587 4160 et
1631 4106 1832 4161 anima.

266 4196 385 4251 Non
410 4211 596 4251 sumus
630 4197 793 4266 igitur
820 4198 1022 4252 inimici
1057 4197 1255 4264 vestri;
1290 4212 1392 4251 non
1419 4198 1562 4251 enim
1593 4205 1653 4251 ut
1687 4196 1836 4251 frau-

267 4288 463 4342 demus
490 4301 585 4340 vos
613 4288 853 4356 patribus
886 4299 941 4342 et
969 4288 1156 4342 amicis
1192 4290 1306 4344 hare
1337 4288 1624 4357 loquimur,
1656 4290 1753 4343 sed
1778 4298 1835 4343 ut

268 4394 378 4433 non
406 4378 709 4434 excidatisa
740 4379 847 4433 Deo
868 4377 1047 4443 Patre,
1079 4380 1360 4435 lucremini
1393 4388 1573 4434 autem
1599 4390 1833 4435 vosmet-

271 4471 417 4539 ipsos
443 4489 457 4525 :
491 4470 594 4525 hoc
633 4471 774 4525 enim
799 4472 968 4525 solum
1004 4482 1085 4527 est
1115 4473 1346 4538 lucrum,
1372 4473 1476 4527 alia
1503 4483 1681 4528 autem
1713 4488 1832 4527 om-

1929 2008 1982 2062 in
2013 2010 2181 2062 Deum
2210 2019 2262 2064 et
2296 2012 2348 2063 in
2389 2012 2671 2066 n'mlierem
2708 2013 2867 2066 simul
2911 2013 3092 2068 videre
3120 2030 3135 2067 :
3169 2014 3308 2068 sicut
3354 2017 3495 2069 enim

1930 2116 2086 2155 nemo
2114 2108 2289 2171 potest
2318 2103 2528 2158 duobus
2565 2104 2798 2160 dominis
2839 2106 3066 2170 servire,
3108 2106 3182 2160 ita
3213 2122 3370 2161 nemo
3406 2123 3499 2175 po-

1929 2202 2035 2247 test
2069 2194 2199 2248 duos
2229 2194 2405 2247 vultus
2442 2195 2599 2249 simul
2640 2196 2927 2265 inspicere.
2957 2196 3189 2251 Tantum
3231 2214 3497 2268 propona-

1927 2293 2013 2339 tur
2033 2292 2160 2338 ante
2182 2285 2367 2339 oculos
2394 2284 2551 2352 Deus,
2578 2288 2826 2341 etomnia
2853 2290 2903 2340 in
2936 2288 3320 2357 tranquillitate
3338 2298 3491 2352 sunt;

1928 2377 2021 2432 sed
2062 2393 2164 2431 nec
2225 2376 2408 2431 labore
2450 2389 2533 2431 est
2568 2392 2721 2448 Opus,
2763 2378 2953 2434 sufficit
3000 2382 3140 2434 enim
3186 2381 3276 2449 qui
3321 2381 3495 2433 adest.

1928 2466 2029 2532 Qui
2064 2468 2285 2535 respicit
2321 2466 2387 2519 ad
2415 2467 2603 2533 Deum,
2649 2470 2877 2537 primum
2913 2470 3125 2536 quidem
3159 2470 3318 2524 habet
3346 2470 3497 2539 adju-

1931 2555 2125 2609 torium
2171 2569 2201 2607 a
2239 2564 2536 2623 przesente;
2588 2557 2824 2627 posthaec
2866 2570 3045 2614 autem
3081 2571 3134 2614 et
3181 2562 3497 2630 possibilem

1930 2648 2030 2703 sibi
2062 2648 2417 2701 imitationem
2450 2657 2504 2702 et
2534 2650 2777 2703 timorem
2829 2650 2989 2718 hbui;
3023 2664 3076 2706 et
3119 2654 3170 2706 in
3201 2654 3362 2707 tutela
3390 2664 3494 2717 est,

1930 2749 1984 2794 et
2010 2754 2115 2794 non
2153 2739 2363 2794 accedit
2396 2752 2674 2809 peccatum
2712 2744 2763 2798 in
2795 2744 2915 2798 isto.
2964 2743 3134 2798 Unum
3167 2760 3233 2799 ex
3258 2746 3341 2798 his
3365 2759 3502 2815 Opus

1930 2840 2029 2895 est,
2074 2840 2131 2883 ut
2160 2840 2414 2885 credatur
2456 2834 2580 2902 quia
2611 2844 2693 2889 est
2746 2834 2903 2902 Deus,
2935 2850 2988 2889 et
3019 2837 3171 2890 adest
3198 2845 3251 2890 et
3271 2837 3415 2891 videt
3447 2844 3503 2890 et

1930 2931 2203 2977 scrutatur
2234 2940 2291 2977 et
2341 2923 2468 2975 nihil
2498 2932 2579 2977 est
2616 2924 2759 2991 quod
2807 2939 2928 2977 eum
2977 2924 3146 2992 possit
3198 2924 3403 2989 latere;
3448 2934 3501 2976 et

1930 3012 2111 3066 omnia
2157 3013 2336 3067 facula
2372 3021 2550 3067 erunt.
2594 3012 2882 3068 Si'autetn
2935 3015 3256 3069 subduxeris
3308 3014 3502 3068 funda-

1934 3114 2196 3171 mentum,
2240 3104 2375 3159 ninil
2416 3105 2577 3160 stabit
2617 3121 2685 3160 ex
2720 3107 2803 3159 his
2839 3121 2957 3175 qua:
2989 3108 3325 3176 superposita
3356 3116 3498 3161 sunt.

1935 3193 1991 3248 Si
2023 3195 2147 3263 quis
2180 3210 2316 3264 ergo
2342 3195 2642 3265 irreligioso
2669 3198 2947 3264 proposito
2977 3198 3289 3252 subduxerit
3312 3199 3502 3265 Deum,

1928 3287 2036 3354 jam
2067 3295 2124 3339 ut
2151 3290 2267 3341 sine
2305 3287 2508 3340 lumine
2546 3303 2708 3356 agens
2740 3288 2938 3357 unique
2977 3288 3217 3342 oifeudit.
3255 3289 3360 3344 Sed
3381 3304 3502 3357 nos,

1932 3377 2149 3443 fratres,
2185 3378 2252 3433 ad
2286 3379 2456 3433 Deum
2482 3379 2772 3443 viventem,
2797 3380 2863 3432 ad
2894 3394 3013 3434 eum
3046 3381 3135 3449 qui
3175 3391 3277 3443 est,
3311 3383 3401 3451 qui
3426 3381 3507 3437 fe-

1934 3469 2006 3522 cit
2046 3469 2251 3532 omnia,
2294 3470 2385 3537 qui
2421 3468 2596 3523 salvat
2637 3471 2907 3535 universa,
2953 3483 3365 3540 convertamur;
3400 3476 3563 3543 alia.

1931 3557 2074 3613 enim
2102 3559 2278 3610 omnia
2301 3559 2506 3611 vanitas
2538 3560 2823 3612 sanitatum
2846 3572 2965 3614 sunt
2995 3561 3041 3594 ⁸ο
3072 3579 3085 3615 :
3116 3564 3331 3632 sapiens
3359 3566 3501 3619 enim

1937 3658 2070 3713 erat,
2116 3651 2209 3719 qui
2231 3651 2344 3705 haec
2377 3651 2802 3720 proclamaverat
2835 3672 2847 3706 :
2879 3654 2948 3706 Et
2974 3664 3147 3728 omnia
3179 3659 3401 3726 vanitas,
3450 3669 3504 3713 ct

1938 3754 2107 3793 unum
2141 3750 2224 3794 est
2255 3755 2465 3795 verum.
2520 3740 2633 3795 Non
2663 3743 2827 3810 igitur
2871 3744 2990 3799 sine
3028 3760 3187 3801 causa
3218 3762 3505 3817 erogemus

1938 3840 2178 3887 nostram
2209 3833 2372 3886 vitam
2406 3851 2419 3887 :
2473 3833 2575 3888 erit
2604 3834 2745 3888 enim
2794 3844 3005 3904 tempus
3046 3853 3166 3892 cum
3200 3853 3507 3908 quazremus

1939 3923 2056 3977 dies
2096 3923 2218 3989 hos,
2252 3924 2305 3978 in
2338 3924 2535 3993 quibus
2565 3925 2673 3978 Deo
2708 3926 2985 3982 debuimus
3018 3930 3221 3983 vivere.
3263 3930 3378 3999 Ipse
3411 3946 3506 3988 au-

1942 4025 2046 4069 tem
2094 4016 2188 4085 qui
2231 4015 2403 4071 bonus
2437 4026 2521 4071 est
2565 4016 2728 4081 Deus,
2775 4020 3012 4074 omnium
3046 4032 3281 4076 vestrum
3333 4025 3507 4093 erigat

1939 4110 2150 4163 animas
2189 4111 2255 4163 ad
2291 4110 2621 4178 agnitionem
2664 4128 2851 4177 suam;
2891 4115 2976 4169 cui
3022 4125 3104 4169 est
3142 4130 3237 4185 per
3266 4115 3507 4187 unigeni-

1939 4210 2049 4253 tum
2078 4215 2237 4254 suum
2268 4200 2484 4264 Filium,
2528 4201 2720 4269 gloria,
2763 4203 2955 4270 honor,
2994 4206 3299 4275 imperium,
3338 4208 3508 4278 maje-

1936 4300 2048 4347 stas
2074 4307 2193 4347 cum
2225 4291 2429 4361 Spiritu
2461 4301 2673 4359 sancto,
2703 4303 2758 4350 et
2788 4311 2948 4364 nunc,
2979 4306 3033 4352 et
3065 4312 3297 4369 semper,
3325 4308 3378 4354 et
3410 4314 3507 4369 per

1938 4383 2118 4439 omnia
2140 4382 2338 4437 saecula
2371 4384 2714 4441 saeculorum.
2743 4386 2936 4441 Amen.

1233 4800 1798 4916 EUSEBII
1882 4800 2563 4912 PAMPHILI

906 5045 1054 5133 DE
1130 5040 1730 5135 OPERIBUS
1803 5040 2162 5133 BONIS
2232 5044 2383 5133 ΕΤ
2455 5041 2864 5169 MALIS,

1552 5234 1787 5294 LIBER
1830 5233 2216 5296 OCTAVUS.

342 5534 626 5591 Multorum
662 5532 939 5589 hominum
963 5535 1071 5586 vita
1103 5533 1155 5587 in
1191 5542 1336 5587 terra
1368 5543 1451 5588 est
1475 5534 1683 5603 posita;
1711 5534 1837 5588 eda-

273 5629 527 5682 citatibus
555 5626 695 5692 enim
726 5634 780 5680 et
799 5624 1111 5679 libidinibus
1143 5634 1198 5679 et
1229 5626 1680 5696 concupiscentiis
1712 5641 1834 5695 gra-

347 5741 390 5772 ³³
418 5740 605 5795 Matth.
625 5737 809 5805 vt,2i.
885 5738 929 5769 ”
954 5737 1143 5793 Mallh-
1174 5754 1228 5802 Χ.
1263 5738 1350 5791 32-

345 5855 456 5927 (90)
487 5856 606 5918 Ms,
642 5866 1005 5926 cognoscentes
1044 5870 1379 5922 congenerem
1405 5855 1662 5909 misereri.

1428 5739 1473 5770 ⁸ο
1503 5738 1675 5794 Eccle.
1714 5755 1751 5804 ι,
1790 5739 1843 5795 1.

1949 5537 2076 5599 vati,
2115 5552 2287 5603 neque
2319 5536 2586 5605 respicere
2614 5550 2825 5589 sursum
2853 5538 2917 5588 ad
2946 5533 3109 5589 Deum
3139 5543 3359 5603 possunt
3387 5534 3507 5602 quia

1946 5629 2150 5693 nolunt,
2192 5644 2365 5699 neque
2388 5643 2550 5700 Opera
2592 5626 2707 5696 ejus
2735 5628 2935 5691 videre,
2970 5641 3145 5698 neque
3165 5641 3229 5681 ex
3258 5626 3510 5694 operibus
