3956 6554
442 441 571 497 1191

1112 438 1384 496 EUSEBH
1420 437 1894 495 CESARIENSIS
1928 436 2077 493 OPP.
2119 437 2299 494 PARS
2334 439 2422 496 IV.
2466 470 2533 480 -
2573 439 2993 496 DOGMATICA.

3565 444 3693 499 “9‘!

441 553 692 622 opificem
720 563 1014 619 agnoscere
1038 567 1051 604 :
1075 552 1164 604 ubi
1196 552 1338 605 enim
1366 551 1591 606 declivis
1621 550 1785 605 fuerit
1815 550 2016 611 anima.
2048 553 2096 609 Α
2123 550 2370 606 diabolus
2397 564 2501 604 non
2547 567 2668 605 cum
2721 560 2878 605 nocet
2925 562 3050 605 tunc
3086 550 3259 606 solum
3297 560 3351 607 et
3392 553 3563 610 malus
3594 570 3695 612 εει·

445 644 594 709 illuc,
628 653 686 697 ut
718 644 789 697 ita
826 642 1020 704 dicam,
1052 650 1106 695 et
1132 639 1363 695 efﬁcitur
1388 642 1531 712 quod
1558 642 1852 697 desiderat.
1878 641 2029 695 Sicut

442 736 587 790 enim
616 748 679 788 ea
709 747 830 802 qua:
857 730 925 785 ab
960 732 1082 799 igne
1110 730 1386 796 calefiunt,
1416 727 1740 794 efﬁciuntur,
1767 741 1824 783 ut
1852 730 1920 781 ita
1948 730 2029 782 di-

444 842 589 890 cam,
623 826 795 896 ignis;
826 833 880 879 et
908 838 1028 892 qua:
1056 822 1299 877 odoratis
1319 822 1508 891 juncta
1542 820 1758 883 fuerint,
1787 820 2029 876 eﬂiciun-

448 928 556 983 tur,
586 918 842 982 odorata;
886 925 942 969 et
976 931 1099 985 qua:
1148 912 1462 977 contrariis,
1505 912 1775 967 contraria
1820 931 1832 966 :
1873 913 1944 965 ita
1975 921 2029 966 et

445 1014 626 1067 anima
658 1010 747 1065 ubi
792 1009 1015 1065 declivis
1056 1006 1352 1071 exstiterit,
1405 1007 1470 1057 ad
1524 1005 1625 1059 hoc
1658 1004 1940 1057 deducitur
1973 1013 2029 1057 et

446 1114 660 1160 natura.
690 1102 938 1172 Tingitur
990 1101 1132 1155 enim
1163 1098 1558 1161 alacritatibus,
1591 1104 1646 1149 et
1688 1095 1878 1150 similis
1911 1109 2027 1148 mo-

448 1196 685 1252 tionibus
712 1194 940 1248 ellicitur
990 1192 1123 1258 suis,
1158 1200 1213 1245 et
1248 1189 1564 1261 dignitatem
1607 1197 1790 1258 utpote
1822 1197 2028 1242 natura:

446 1304 555 1344 non
588 1287 824 1351 salvans,
854 1287 907 1340 in
942 1283 1369 1356 malis-cilicitur
1425 1282 1590 1336 mala.
1630 1282 1686 1335 Si
1732 1292 1910 1334 autem
1958 1278 2027 1333 ad

446 1396 509 1437 ea
564 1396 687 1450 qua:
730 1393 893 1450 supra
939 1391 997 1431 se
1023 1384 1150 1430 sunt
1197 1374 1516 1442 respexerit,
1566 1388 1778 1428 sursum
1812 1369 2024 1434 effecta,

445 1474 802 1529 constituitur
854 1471 920 1524 ad
954 1484 1016 1525 ea
1053 1483 1169 1537 qu:e
1205 1476 1261 1521 et
1304 1467 1633 1522 desideravit
1670 1482 1684 1518 :
1735 1464 2023 1517 multorum

431 1571 590 1624 ‘enim
621 1567 963 1624 conversatio
1011 1580 1119 1619 non
1149 1562 1452 1626 hominum,
1493 1561 1587 1615 sed
1627 1574 1881 1629 pecorum
1921 1565 2025 1610 est.

446 1660 593 1716 Nihil
626 1660 767 1715 enim
814 1658 955 1713 aliud
1004 1656 1267 1725 cogitant,
1317 1652 1419 1709 nisi
1456 1661 1515 1707 ut
1544 1653 1893 1712 manducent,
1930 1658 2026 1704 aut

446 1751 658 1817 bibant,
688 1758 780 1804 aut
806 1749 1041 1819 rapiant,
1079 1756 1172 1802 aut
1200 1746 1558 1809 fraudentur;
1605 1743 1656 1797 in
1689 1744 1773 1797 his
1802 1742 1947 1796 enim
1972 1750 2025 1796 et

447 1845 655 1907 vivunt,
681 1844 726 1898 si
778 1850 957 1896 tamen
1008 1848 1063 1894 et
1093 1841 1257 1894 vitam
1294 1840 1453 1893 istam
1493 1846 1705 1907 oportet
1726 1836 1838 1905 jam
1865 1837 1968 1890 dici
2005 1852 2018 1889 :

446 1951 555 1992 non
580 1935 909 1991 sufficientes
953 1932 1097 1988 enim
1145 1931 1302 1985 malis
1354 1932 1437 1985 his
1472 1945 1594 1997 quia:
1642 1945 1669 1981 a
1717 1928 1849 1983 foris
1876 1938 2025 1993 sunt,
2059 1914 2100 1969 Β

445 2027 551 2097 iam
584 2037 639 2082 et
666 2041 885 2081 carnem
918 2040 1070 2079 suam
1104 2024 1480 2079 contaminare
1510 2021 1758 2087 student;
1792 2022 1871 2076 sic
1898 2035 2030 2092 gau-

446 2119 574 2172 dent
607 2115 753 2171 enim
789 2115 839 2169 in
879 2114 1057 2180 malis,
1090 2121 1146 2166 ut
1202 2112 1404 2167 inimici
1452 2112 1554 2166 sibi
1582 2128 1597 2175 ;
1631 2120 1687 2164 et
1711 2126 1833 2163 cum
1862 2110 2028 2165 debe-

448 2215 571 2261 rent
598 2204 804 2276 lugere,
841 2205 967 2274 quia
1001 2219 1107 2257 non
1141 2202 1275 2257 bene
1302 2202 1513 2267 vivunt,
1550 2201 1800 2256 fanantur
1834 2200 1886 2254 in
1913 2215 2031 2254 ma-

447 2297 515 2353 lis
545 2308 599 2352 et
635 2299 919 2351 tristantur
952 2297 1005 2350 in
1048 2295 1203 2350 bouis
1233 2313 1246 2349 :
1280 2294 1545 2365 duplicem
1584 2304 1765 2362 utp0te
1807 2294 2029 2349 cmcita-

451 2398 559 2443 tem
600 2389 883 2453 habentes,
935 2397 989 2441 et
1043 2386 1183 2455 quod
1233 2387 1502 2441 malorum
1560 2401 1666 2439 non
1722 2385 2031 2453 intelligunt

451 2478 735 2542 malitiam,
767 2488 821 2532 et
863 2477 1006 2546 quod
1043 2478 1311 2531 bonorum
1352 2491 1457 2529 non
1505 2484 1788 2528 assumunt
1815 2472 2032 2528 fruitio-

450 2587 612 2635 nem;
645 2580 979 2625 concurrunt
1004 2570 1147 2623 enim
1174 2568 1463 2622 adversum
1489 2582 1574 2632 se,
1599 2576 1651 2620 et
1681 2567 1781 2621 sibi
1813 2578 2031 2623 contra-

450 2663 531 2717 ria
575 2671 886 2731 operantur.
930 2660 1158 2715 Plurimi
1207 2659 1352 2713 enim
1410 2673 1794 2726 nonnunquam
1847 2673 2032 2728 proce-

451 2756 587 2809 dunt
614 2753 747 2821 laeti,
789 2754 914 2822 quia
942 2760 1188 2807 ventrem
1228 2749 1505 2819 replerunt
1546 2764 1724 2812 suum,
1758 2762 1813 2804 et
1852 2758 2031 2803 mente

450 2846 703 2900 exierunt
730 2860 828 2900 sua
869 2843 981 2915 (9'1)
1022 2862 1035 2898 :
1068 2854 1118 2899 et
1150 2844 1366 2898 beatum
1414 2843 1553 2897 diem
1603 2843 1790 2897 dicunt
1833 2842 1887 2896 in
1921 2858 2031 2912 quo

452 2952 559 2992 non
595 2938 869 2991 vixerunt.
922 2935 1040 2989 Vita
1073 2935 1215 2990 enim
1271 2936 1553 2988 hominum
1585 2935 1684 2989 ista
1718 2945 1801 2988 est
1843 2942 1902 2987 ut
1944 2950 2033 2988 ra-

454 3032 601 3086 tione
647 3040 894 3093 utautur,
940 3029 1066 3099 quia
1110 3039 1165 3083 et
1192 3027 1539 3082 rationabiles
1581 3028 1862 3082 habentur.
1896 3027 2030 3081 Cum

452 3132 633 3178 autem
666 3122 895 3177 obrutus
950 3119 1111 3175 fuerit
1157 3134 1372 3182 sensus,
1425 3119 1639 3174 transiit
1695 3119 1815 3174 sine
1867 3134 2029 3173 causa

453 3216 589 3279 dies,
619 3223 673 3270 et
699 3231 805 3269 non
832 3213 994 3269 debet
1022 3212 1325 3283 computari
1359 3213 1411 3265 in
1440 3212 1569 3278 vita,
1624 3211 1678 3265 in
1702 3226 1809 3281 quo
1840 3227 2031 3267 sensus

453 3322 562 3362 non
595 3308 835 3377 respexit
874 3306 941 3361 ad
993 3320 1253 3375 superna.
1286 3303 1501 3359 Utinam
1556 3313 1736 3358 autern
1768 3319 1939 3373 neque
1964 3305 2029 3357 ad

453 3398 646 3463 vitam,
670 3413 846 3467 neque
868 3400 934 3451 ad
970 3397 1171 3452 malam
1202 3397 1414 3451 videret
1444 3394 1583 3466 (92).
1610 3394 1768 3448 Aliud
1784 3404 1866 3448 est
1888 3394 2030 3448 enim

415 3490 689 3567 “otiosum
721 3503 843 3544 esse
872 3503 901 3542 a
928 3487 1073 3542 malo
1096 3496 1151 3541 et
1181 3487 1342 3551 bono,
1381 3496 1433 3539 et
1461 3500 1579 3537 esse
1616 3495 1870 3552 tanquam
1903 3484 2034 3538 dor-

456 3582 714 3636 mientem
739 3590 1166 3644 autmortuum;
1198 3588 1254 3634 et
1283 3580 1429 3633 aliud
1462 3579 1596 3633 bonc
1634 3580 1843 3648 quidem
1873 3579 2029 3644 mori,

456 3674 600 3727 malo
630 3682 807 3726 autem
842 3672 1041 3725 vivere.
1083 3671 1146 3724 Et
1176 3685 1350 3739 neque
1398 3680 1589 3724 natura
1636 3673 1870 3727 hominis
1909 3686 2035 3725 sua~

456 3768 546 3821 det
570 3779 684 3824 eos.
718 3777 892 3832 neque
925 3763 1243 3832 Scriptura:
1276 3773 1329 3817 et
1356 3772 1575 3831 errant;
1606 3778 1779 3833 neque
1802 3781 2035 3834 praesen-

459 3859 555 3922 tia,
582 3871 756 3927 neque
780 3857 959 3910 futura
989 3856 1233 3911 suadent.
1266 3853 1519 3922 Quaedam
1560 3857 1701 3911 enim
1744 3860 2036 3928 reprehen-

457 3954 668 4008 sionem
705 3951 963 4022 prasbent,
994 3951 1241 4019 quaedam
1273 3958 1452 4003 autem
1490 3960 1711 4019 prepter
1737 3966 1885 4021 spem
1915 3968 2035 4006 sur-

458 4060 577 4101 sum
615 4044 912 4098 adducunt.
970 4041 1222 4096 Videmus
1252 4042 1395 4096 enim
1423 4050 1476 4096 et
1516 4044 1845 4109 morientes;
1890 4046 2040 4099 vide-

460 4152 579 4192 mus
618 4146 674 4191 et
696 4135 935 4205 sepultos
963 4146 1018 4189 et
1048 4150 1154 4189 non
1186 4138 1445 4207 sepultos,
1476 4147 1529 4191 et
1568 4151 1660 4191 eos
1690 4138 1779 4206 qui
1813 4135 2035 4203 deflent,

457 4238 513 4285 et
540 4228 746 4294 dolent,
774 4237 829 4282 et
858 4228 1258 4282 lamentantur:
1278 4243 1402 4283 vere
1432 4229 1503 4282 ita
1526 4244 1712 4284 smnus
1735 4240 1792 4283 ut
1820 4246 1925 4285 non
1958 4231 2039 4284 vi-

459 4322 650 4378 dentes
682 4335 797 4375 eos.
828 4318 907 4373 lta
950 4321 1092 4373 enim
1118 4331 1367 4391 putamus
1390 4322 1553 4374 vitam
1594 4337 1715 4376 esse
1742 4336 1883 4387 eam,
1918 4337 2040 4391 qua:

460 4428 566 4468 nou
598 4423 681 4467 est
702 4412 809 4466 vita
840 4428 854 4465 :
890 4427 1011 4465 nam
1052 4421 1107 4465 et
1141 4413 1526 4467 manducantes
1556 4412 1817 4480 laedimur,
1854 4423 1907 4467 et
1938 4415 2041 4468 ite-

464 4522 583 4561 rum
617 4506 1010 4560 desideramus.
1063 4506 1163 4572 Qui
1194 4505 1503 4560 libidinibus
1531 4522 1731 4576 corpus
1772 4508 2041 4562 maculant

2128 641 2222 695 sed
2251 642 2376 702 quia
2407 644 2689 711 preposuit
2726 658 2940 710 nocere,
2985 645 3147 699 habet
3175 646 3434 701 malitiam
3467 660 3524 702 et
3550 658 3697 705 ante-

2130 747 2290 801 quam
2331 730 2546 787 efficiat.
2596 731 2662 787 Et
2710 732 2946 803 maligno
2990 733 3189 788 sufficit
3218 736 3420 791 malitia
3459 752 3580 791 sua.
3613 738 3699 793 Si-

2127 825 2341 894 quidem
2372 835 2428 879 et
2476 838 2754 896 agrotans,
2786 826 3001 880 etiamsi
3035 842 3140 881 non
3179 830 3492 897 castigetur,
3523 841 3700 886 tamen

2130 918 2291 972 habet
2315 918 2515 971 malum
2549 919 2862 987 languorem
2890 937 2904 971 :
2938 919 3009 972 ita
3039 929 3093 973 et
3117 920 3207 989 qui
3242 922 3456 989 languet
3482 922 3661 974 anima
3684 963 3701 986 ,

2128 1009 2339 1063 etiamsi
2378 1024 2483 1062 non
2518 1009 2714 1064 missus
2741 1009 2903 1065 fuerit
2934 1011 2986 1065 in
3026 1012 3351 1081 gehennam,
3380 1023 3559 1066 tamen
3583 1027 3700 1082 pro-

2126 1110 2282 1153 curat
2309 1101 2409 1154 sibi
2437 1099 2660 1154 malum.
2694 1100 2828 1168 Quis
2873 1110 3054 1156 autem
3090 1110 3146 1156 et
3181 1102 3535 1157 exhortatur?
3562 1102 3702 1157 Tan-

2129 1199 2238 1244 tum
2261 1198 2345 1245 est
2370 1191 2514 1246 enim
2558 1192 2760 1245 malum
2792 1192 3014 1259 malum,
3063 1193 3215 1263 cujus
3251 1202 3581 1248 tentamenta
3613 1208 3702 1262 ge-

2130 1284 2360 1337 hennam
2401 1292 2616 1353 parant.
2646 1284 2855 1339 Etcum
2882 1286 2997 1340 haec
3037 1286 3112 1340 ita
3147 1287 3280 1352 sint,
3311 1301 3407 1341 nos
3437 1296 3619 1341 tamen
3648 1295 3705 1339 ut

2128 1376 2332 1429 inimici
2367 1376 2595 1444 proprii,
2642 1376 2710 1428 ita
2752 1375 3000 1429 videmur
3023 1377 3225 1431 vivere.
3268 1376 3358 1430 Ille
3388 1378 3532 1431 enim
3560 1377 3705 1429 laeta.

2129 1475 2237 1530 tur,
2266 1466 2391 1534 quia
2422 1467 2682 1545 mentitus
2716 1466 2899 1529 latuit;
2943 1468 3080 1521 alius
3120 1468 3334 1537 gaudet,
3363 1468 3491 1536 quia
3514 1481 3705 1536 prove-

2128 1562 2208 1614 nit
2236 1561 2286 1615 ei
2324 1561 2599 1630 decipere.
2650 1560 2717 1613 Et
2755 1560 2976 1614 avaritia
3003 1559 3211 1616 lucrum
3246 1568 3429 1628 putata
3460 1568 3546 1613 est
3581 1573 3703 1612 cum

2126 1652 2198 1707 sit
2224 1653 2513 1717 damnum;
2544 1659 2599 1705 et
2640 1650 2804 1705 libido
2837 1651 3101 1721 voluptas,
3139 1666 3259 1705 cum
3309 1651 3378 1705 sit
3412 1649 3593 1703 luctus
3621 1648 3706 1702 his

2124 1744 2217 1813 qui
2270 1746 2487 1813 sapiunt
2519 1744 2675 1799 bene.
2732 1743 2799 1797 Et
2831 1757 3091 1798 conversa
3144 1752 3269 1797 sunt
3311 1742 3469 1797 nobis
3496 1743 3702 1804 omnia,

2125 1836 2249 1904 quia
2280 1834 2723 1904 circumscriptus
2769 1850 2798 1888 a
2831 1835 2991 1889 nobis
3015 1843 3099 1889 est
3122 1835 3405 1904 cogitatus.
3463 1834 3527 1888 Et
3559 1846 3708 1887 certe

2130 1927 2273 1997 cogit
2298 1936 2354 1983 et
2375 1928 2652 1982 contendit
2676 1942 2891 1993 sensus,
2933 1936 2990 1982 ut
3018 1941 3125 1981 non
3148 1925 3394 1994 ejiciatur
3419 1940 3451 1979 a
3485 1940 3708 1996 posses.

2130 2022 2281 2077 sione
2312 2036 2428 2077 sua.
2468 2020 2602 2075 Nam
2633 2020 2734 2075 etsi
2772 2019 3137 2090 unusquisque
3184 2027 3426 2073 nostrum
3455 2016 3710 2071 obruitur

2130 2128 2159 2167 a
2188 2113 2532 2182 passionibus
2561 2113 2837 2179 vitiorum,
2866 2122 3041 2165 tamen
3072 2111 3138 2165 ad
3186 2109 3288 2164 alia
3315 2123 3508 2164 sensus
3532 2108 3710 2175 digni-

2134 2213 2296 2259 tatent
2336 2218 2489 2259 suam
2521 2204 2804 2258 vindicans
2835 2213 3056 2273 apparet
3088 2224 3101 2258 :
3137 2212 3193 2257 ut
3218 2211 3367 2272 puta,
3414 2215 3519 2255 non
3549 2199 3709 2254 video

2132 2310 2248 2349 mea
2293 2295 2457 2359 mala,
2496 2296 2589 2348 sed
2621 2294 2797 2347 aliena
2838 2292 2977 2347 mala
3028 2295 3267 2347 irascens
3297 2290 3583 2347 consentio
3627 2288 3710 2343 in-

2134 2388 2319 2443 teriori
2355 2387 2581 2453 homini,
2628 2387 2728 2457 legi
2757 2397 2940 2456 utpote
2986 2386 3097 2440 Dei.
3135 2385 3200 2438 Et
3231 2384 3354 2453 quia
3404 2384 3585 2437 anima
3613 2395 3710 2435 na-

2134 2493 2251 2536 tura
2275 2481 2445 2549 magis
2477 2478 2663 2549 juncta
2692 2487 2775 2533 est
2806 2479 2980 2545 bonis,
3013 2478 3137 2548 quia
3166 2477 3280 2532 odit
3311 2475 3483 2530 malos
3504 2485 3561 2528 et
3588 2474 3710 2528 lau-

2130 2578 2221 2629 dat
2263 2574 2455 2637 bonos,
2500 2572 2693 2643 duplex
2723 2572 3089 2627 testimonium
3131 2572 3292 2626 habet
3319 2570 3387 2625 ad
3413 2583 3712 2638 utrumque

2130 2678 2184 2721 et
2247 2666 2506 2721 malorum
2557 2673 2610 2718 et
2658 2664 2965 2718 bonorum.~
2994 2662 3195 2732 Duplex
3248 2662 3367 2717 ideo
3416 2662 3541 2730 quia
3574 2662 3710 2727 odit,

2131 2759 2339 2812 etiamsi
2375 2758 2488 2828 ipsa
2519 2772 2624 2812 non
2660 2755 2999 2810 commodum
3024 2769 3179 2809 suum
3206 2761 3387 2819 amat;
3417 2761 3471 2807 et
3496 2767 3565 2807 ex
3606 2752 3709 2806 hoc

2130 2852 2364 2905 ostendit
2398 2850 2524 2919 quia
2554 2864 2659 2902 non
2688 2848 2991 2902 delectatur
3022 2857 3211 2900 natura
3238 2845 3355 2913 ejus
3383 2845 3449 2899 ad
3485 2843 3707 2900 malum.

2134 2942 2189 2997 Si
2219 2942 2378 3011 igitur
2423 2941 2623 3005 anima,
2670 2948 2730 2992 ut
2764 2948 3047 2993 ostensum
3075 2945 3179 3001 est,
3231 2934 3299 2989 ad
3347 2933 3548 2988 bonum
3586 2948 3711 3003 pro-

2132 3034 2324 3087 clivior
2349 3042 2451 3097 est,
2483 3047 2580 3086 cur
2614 3046 2718 3085 non
2760 3030 2811 3083 in
2853 3029 2966 3083 suis
2997 3027 3215 3083 manet?
3239 3038 3458 3097 propter
3489 3027 3712 3096 placibi-

2132 3126 2337 3180 litatem
2371 3125 2566 3194 quippe
2590 3124 2670 3178 sui
2704 3141 2719 3177 :
2756 3121 2853 3176 sibi
2888 3121 3031 3176 enim
3062 3122 3296 3190 placere,
3332 3121 3566 3175 tenebrae
3586 3131 3713 3175 sunt

2057 3253 2099 3310 ο
2134 3220 2359 3283 animm;
2400 3218 2491 3272 sed
2540 3232 2660 3286 qua:
2711 3216 2850 3285 apud
2878 3214 3127 3269 homines
3170 3224 3430 3283 putantur
3477 3214 3710 3284 placida,

2136 3310 2466 3367 contrariam
2522 3309 2724 3363 habent
2754 3307 3042 3369 virtutem;
3088 3305 3269 3359 odium
3318 3304 3461 3358 enim
3493 3313 3549 3358 et
3603 3320 3711 3358 non

2139 3404 2462 3475 placibilitas
2489 3413 2592 3456 est.
2630 3401 2687 3455 Si
2720 3402 2864 3455 enim
2906 3413 3027 3453 vere
3059 3411 3323 3462 amemus,
3358 3411 3464 3449 non
3493 3406 3713 3449 contra-

2141 3498 2220 3551 ria
2249 3512 2367 3566 quae
2392 3510 2532 3548 nunc
2560 3495 2715 3548 nobis
2740 3493 3004 3545 donamus
3026 3492 3368 3545 donaremus.
3398 3487 3513 3543 Non
3544 3489 3717 3546 ebrie-

2143 3598 2304 3643 tatem
2333 3588 2551 3656 quippe,
2594 3586 2686 3639 sed
2721 3584 2986 3654 jejunium
3030 3600 3043 3635 :
3078 3597 3182 3636 non
3221 3584 3450 3647 theatra,
3490 3582 3586 3637 sed
3618 3597 3715 3638 ec-

2140 3682 2361 3738 clesiam
2410 3697 2424 3734 :
2474 3693 2582 3731 non
2629 3676 2849 3745 lapides,
2886 3677 2979 3730 sed
3016 3675 3177 3729 Deum
3237 3692 3251 3728 :
3301 3690 3404 3729 non
3440 3675 3582 3742 lites,
3620 3677 3715 3731 sed

2143 3791 2329 3846 pacem
2368 3791 2381 3829 :
2417 3787 2522 3827 non
2558 3769 2928 3847 homicidium,
2962 3767 3053 3821 sed
3087 3766 3303 3821 tutelam
3337 3766 3525 3821 salutis
3562 3784 3576 3821 :
3609 3782 3715 3822 non

2144 3868 2581 3941 fornicationem,
2613 3864 2707 3919 sed
2735 3861 3068 3933 pudicitiam.
3100 3859 3155 3913 Si
3188 3859 3328 3913 enim
3356 3859 3716 3928 nosmetipsos

2142 3974 2476 4023 amaremus,
2500 3973 2628 4012 vere
2660 3960 2987 4010 donaremus
3012 3952 3166 4009 nobis
3194 3951 3356 4009 bona.
3406 3951 3541 4018 Quia
3569 3951 3713 4005 enim

2142 4054 2376 4116 odimus,
2407 4052 2668 4104 donamus
2719 4055 2774 4102 et
2820 4059 3172 4114 procuramus
3222 4043 3376 4097 nobis
3415 4040 3579 4096 mala.
3610 4040 3714 4095 Sed

2144 4146 2289 4199 sicut
2314 4152 2536 4206 matres,
2570 4142 2639 4193 ita
2666 4149 2719 4194 et
2755 4153 2906 4192 mens
2924 4138 3168 4192 habetur.
3202 4136 3547 4203 Qumcunque
3574 4135 3713 4189 enim

2144 4247 2351 4291 matres
2383 4242 2605 4302 parcent
2640 4231 2751 4285 suis
2787 4230 2930 4295 filiis,
2957 4245 3061 4283 non
3097 4229 3371 4283 mittentes
3396 4242 3488 4281 eos
3515 4227 3581 4280 ad
3606 4238 3711 4281 stu-

2148 4331 2267 4389 dia;
2320 4328 2387 4381 ad
2442 4325 2731 4379 utilitatem
2779 4324 2977 4392 quippe
3025 4323 3149 4375 dum
3183 4320 3438 4375 videntur
3494 4320 3711 4384 donare,

2147 4428 2346 4476 nocent
2385 4440 2396 4473 :
2439 4419 2508 4472 ita
2545 4425 2599 4472 et
2634 4430 2730 4470 nos
2762 4430 2855 4483 per
2882 4415 3179 4469 caecitatem
3233 4412 3427 4467 mentis
3467 4421 3711 4482 putantes

2152 4513 2355 4581 aliquid
2402 4509 2557 4563 nobis
2601 4508 2825 4567 donare,
2874 4506 3172 4575 decipimus
3215 4518 3312 4557 nos
3347 4513 3400 4556 et
3437 4517 3710 4557 uocemus.

460 4608 519 4654 et
550 4599 742 4653 anima:
776 4607 991 4661 nocent,
1030 4613 1135 4651 non
1172 4598 1429 4651 recedunt
1456 4612 1487 4651 a
1522 4613 1697 4663 noxa;
1744 4600 1837 4653 sed
1868 4610 1923 4653 et
1947 4616 2037 4654 ac-
2071 4614 2119 4673 ι)
2147 4607 2213 4660 Et
2242 4613 2389 4657 certe
2415 4602 2699 4654 incurrunt
2735 4597 2889 4652 nobis
2915 4605 2969 4650 et
3004 4596 3295 4650 adveniunt
3329 4610 3710 4664 nonnunquam

462 4692 686 4756 cedunt,
737 4699 797 4745 ut
853 4706 1087 4760 aucupes
1127 4690 1412 4755 malorum,
1469 4690 1697 4744 multum
1755 4691 2043 4760 vigilantes

465 4796 561 4853 per
612 4792 825 4837 noctem
859 4781 997 4835 male
1050 4799 1063 4833 :
1098 4786 1189 4834 aut
1228 4783 1369 4834 enim
1404 4780 1785 4837 ambitionibus
1836 4783 2046 4850 inquie-

469 4884 671 4941 tantur,
716 4884 809 4927 aut
850 4889 879 4926 a
915 4874 1362 4942 concupiscentiis
1398 4874 1717 4937 illiciuntur,
1761 4882 1854 4929 aut
1880 4892 1908 4928 a
1947 4890 2042 4929 co-

466 4968 817 5038 gitationibus
848 4967 1005 5020 malis
1043 4967 1370 5019 excitantur.
1413 4966 1468 5018 Si
1498 4975 1677 5019 autem
1723 4976 1777 5021 et
1831 4977 2047 5035 oportet

466 5060 737 5127 cogitatus
769 5058 975 5121 vocari,
1008 5065 1061 5109 et
1101 5055 1355 5108 meditata
1407 5069 1502 5123 per
1532 5066 1745 5109 noctem
1790 5050 2045 5111 festinant

467 5151 782 5221 procedere,
819 5160 876 5202 ut
911 5163 971 5202 ea
998 5162 1116 5217 qua:
1139 5162 1234 5216 per
1263 5156 1473 5202 noctem
1505 5140 1808 5218 cogitarunt
1840 5149 2041 5204 admit-

471 5250 583 5296 tant
616 5252 871 5310 tanquam
929 5241 1238 5311 ignorantes
1278 5262 1291 5295 :
1338 5241 1466 5309 quia
1512 5241 1601 5309 qui
1637 5239 1766 5294 facit
1814 5240 2040 5305 malum,

466 5333 698 5400 eritplius
730 5333 890 5388 habet
944 5332 1161 5393 malum,
1202 5347 1366 5401 quam
1413 5333 1458 5386 is
1511 5332 1605 5401 qui
1660 5347 1689 5384 a
1727 5347 1785 5387 se
1839 5334 2043 5403 patitur

469 5425 690 5482 malum.
734 5424 887 5479 Sicut
936 5426 1080 5478 enim
1118 5425 1256 5493 ignis
1284 5424 1388 5477 alia
1421 5424 1635 5494 quidem
1668 5426 1954 5489 comburit,
1988 5425 2042 5479 in

468 5516 762 5583 semetipso
816 5524 992 5568 autem
1041 5516 1288 5568 ardorem
1345 5514 1827 5583 incendii'primus
1858 5515 2039 5581 habet,

473 5606 545 5659 ita
570 5614 623 5659 et
648 5606 848 5658 tnalitia
877 5606 1110 5674 primum
1142 5605 1479 5674 possidentes
1501 5616 1679 5659 uocet.
1722 5604 1963 5676 Denique
1987 5617 2041 5659 et

542 5829 653 5965 $90
684 5829 783 5885 Ms.
810 5839 976 5883 mente
1003 5830 1311 5885 exstiterunt
1333 5846 1450 5884 sua.

567 5901 657 5964 92)
686 5899 782 5953 Ms.
819 5900 887 5952 ad
933 5904 1127 5953 malum
1174 5902 1352 5953 vitam.
1388 5899 1450 5954 Fc

567 5897 657 5964 92')
686 5899 782 5953 Ms.
819 5900 887 5952 ad
933 5904 1127 5953 malum
1174 5902 1352 5953 vitam.
1388 5899 1547 5954 Forte
1595 5897 1877 5967 legendum
1923 5907 2031 5964 est,

2148 4705 2203 4752 et
2235 4696 2462 4764 vestigia
2502 4693 2791 4754 honorum,
2819 4699 2873 4741 et
2915 4697 3195 4759 gustamus
3223 4686 3508 4755 aliquoties
3538 4696 3592 4741 et
3623 4702 3711 4739 nos

2146 4787 2557 4845 delectationem
2583 4797 2650 4837 ex
2684 4780 2961 4850 pudicitia.
3009 4780 3064 4834 Si
3097 4789 3278 4833 autem
3308 4788 3362 4833 et
3391 4778 3712 4833 voluerimus

2144 4890 2493 4950 perseverare
2519 4876 2570 4927 in
2604 4882 2784 4944 gustu,
2813 4882 2867 4925 et
2891 4884 3225 4938 comparare,
3258 4878 3519 4939 quantum
3560 4870 3710 4923 vehe-

2148 4970 2380 5025 mentior
2400 4977 2487 5022 est
2507 4968 2746 5021 suavitas
2775 4980 2839 5020 ex
2866 4966 3147 5037 pudicitia,
3171 4978 3328 5033 quam
3358 4977 3419 5016 ea
3450 4976 3569 5030 quas
3595 4976 3624 5013 a
3664 4960 3709 5012 li-

2147 5063 2336 5117 bidine
2372 5060 2536 5115 venit.
2573 5059 2826 5113 Suavitas
2852 5061 2995 5112 enim
3025 5071 3091 5111 ex
3121 5054 3374 5124 pudicitia
3403 5054 3520 5109 sine
3549 5052 3711 5122 pomi-

2148 5152 2313 5208 tentia
2334 5162 2438 5216 est,
2455 5150 2799 5204 immaculata
2817 5160 2920 5217 est,
2940 5148 3310 5212 immutabilis,
3330 5146 3547 5212 munda,
3566 5159 3712 5214 pura,

2146 5252 2355 5309 sancta,
2372 5254 2425 5296 et
2450 5244 2670 5296 nomine
2695 5254 2749 5295 et
2775 5256 2938 5311 Opere
2960 5251 3013 5296 et
3035 5242 3267 5295 actibus.
3292 5240 3367 5293 Ex
3385 5238 3603 5292 libidine
3625 5252 3705 5289 au-

2152 5345 2256 5389 tem
2284 5349 2469 5398 suave,
2498 5344 2672 5405 turpe,
2704 5335 3099 5399 absconditum,
3137 5332 3255 5387 sine
3286 5331 3501 5396 fiducia,
3533 5338 3709 5383 conta-

2153 5428 2437 5490 minatum,
2463 5427 2735 5481 turbidum
2756 5436 2807 5478 et
2827 5440 3052 5493 corpore
3073 5434 3122 5479 et
3142 5426 3344 5485 anima,
3364 5437 3487 5476 cum
3510 5421 3709 5481 timore,

2149 5533 2271 5571 cum
2300 5520 2529 5583 turbela,
2562 5533 2682 5571 cum
2712 5518 2999 5587 sanguine,
3025 5532 3144 5570 cum
3171 5526 3402 5570 tremore
3431 5529 3593 5569 suave
3618 5519 3696 5565 est

2149 5606 2609 5673 Quemadmodum
2631 5625 2760 5679 ergo
2773 5608 2972 5664 suave?
2987 5609 3044 5663 Si
3063 5609 3186 5677 quis
3197 5618 3378 5663 autem
3394 5607 3623 5661 suaviter
3638 5611 3699 5656 de

2147 5840 2344 5879 utinam
2380 5838 2554 5880 autem
2592 5840 2753 5897 neque
2792 5839 2860 5878 aa
2888 5832 3089 5890 vitium,
3123 5838 3287 5895 neque
3318 5821 3387 5876 ad
3422 5821 3619 5874 malum
3646 5816 3703 5871 vi-

2140 5905 2293 5952 νϐἴϐι.
