3956 6516
258 429 396 487 “95

1352 423 1441 478 DE
1478 420 1818 479 OPERIBUS
1857 417 2057 475 BONIS
2096 419 2182 475 ET
2221 417 2450 476 MALIS.

3370 417 3510 476 H93

260 550 442 608 lectari
476 550 646 620 cupit,
683 563 813 607 vere
841 550 1147 605 secundum
1203 547 1450 619 Apostoli
1489 561 1676 603 vocem
1739 547 1834 600 ha-
1863 549 1909 606 Α
1941 559 2069 598 num
2100 543 2366 609 mulieris,
2397 552 2454 601 et
2480 540 2747 612 decerpsit
2797 540 2864 596 de
2917 542 3112 597 arbore
3158 540 3418 605 fructum,
3454 552 3508 597 et

259 643 348 698 bet
382 643 542 696 viam.
577 640 754 694 Suave
792 649 877 696 est
909 639 1054 693 enim
1083 638 1128 694 si
1160 636 1430 693 liberetur
1469 638 1593 706 quis
1627 653 1657 693 a
1693 653 1830 691 con-

258 733 491 796 fusione,
524 747 554 785 a
589 733 819 795 turbela,
859 748 889 785 a
925 731 1254 801 suspicione.
1313 731 1407 786 lsti
1454 733 1599 787 enim
1637 731 1831 788 oculus

258 839 364 879 non
393 824 549 878 latus
573 832 676 888 est,
714 826 811 878 sed
847 823 1113 892 sapientia
1173 821 1438 892 gaudens,
1487 832 1544 876 et
1595 823 1741 877 visus
1779 830 1832 877 et

257 929 425 982 purus
474 922 529 968 et
570 914 824 969 mundus.
883 913 986 970 Ubi
1029 922 1207 968 autem
1250 914 1588 969 conscientia
1642 914 1828 981 fuerit,

256 1004 632 1071 circumspicit
666 1006 852 1059 oculus
908 1019 974 1058 ne
1010 1006 1132 1073 quis
1175 1005 1311 1061 vidit
1339 1023 1354 1060 :
1406 1005 1521 1061 sitit
1555 1020 1673 1072 cor,
1704 1022 1830 1076 pro-

254 1101 376 1162 pter
427 1091 538 1162 (93)
591 1106 656 1146 ea
708 1106 829 1161 quae
871 1093 1202 1161 suspicatur,
1243 1106 1298 1150 et
1347 1095 1400 1149 in
1452 1095 1701 1167 plurimis
1743 1105 1830 1152 tur

258 1183 361 1238 tela
403 1183 514 1254 (94)
548 1195 657 1249 est,
710 1194 764 1239 et
812 1200 918 1240 non
976 1197 1059 1241 est
1109 1188 1212 1242 iste
1270 1190 1561 1243 suavitatis
1611 1201 1826 1258 gustus.

255 1273 396 1340 Quid
426 1275 572 1328 enim
602 1289 767 1330 suave
798 1286 881 1331 est
910 1277 964 1331 in
992 1278 1070 1332 ira
1099 1278 1124 1333 τ
1167 1289 1222 1332 et
1258 1291 1408 1336 certe
1447 1280 1830 1336 contendimus

256 1375 310 1420 et
343 1367 438 1421 irae
475 1368 757 1422 adversum
787 1383 887 1423 nos
914 1371 1140 1426 donare.
1179 1371 1320 1439 Quid
1353 1387 1521 1429 suave
1552 1382 1636 1428 est
1671 1375 1722 1428 in
1755 1375 1830 1430 in-

255 1458 397 1510 vidia
436 1457 925 1527 (95)?Tabescunt
977 1461 1121 1517 enim
1163 1475 1217 1518 et
1266 1479 1413 1528 ossa,
1466 1476 1522 1519 et
1560 1480 1733 1531 mens,
1774 1475 1828 1520 et

254 1549 487 1602 medulla
531 1551 911 1607 invidentium.
944 1554 1051 1609 Sed
1093 1555 1138 1609 si
1183 1565 1512 1625 apparerent
1542 1559 1825 1627 passiones

253 1655 373 1695 cum
412 1641 623 1710 fierent,
655 1660 762 1699 non
791 1655 977 1702 essent
1008 1648 1314 1717 passiones.
1348 1647 1505 1705 Sicut
1527 1652 1671 1705 enim
1721 1653 1822 1704 do—

253 1733 371 1788 lens
409 1735 595 1790 oculus
627 1752 731 1790 non
771 1739 933 1802 videt,
977 1749 1034 1793 et
1069 1741 1120 1795 in
1157 1751 1422 1811 quantum
1475 1741 1642 1808 dolet,
1703 1752 1824 1796 tan-

253 1837 366 1882 tum
395 1838 448 1883 et
483 1843 512 1882 a
540 1829 746 1885 visione
778 1829 1111 1899 impeditur:
1145 1832 1221 1887 ita
1249 1842 1305 1888 et
1335 1833 1516 1886 anima
1549 1848 1670 1903 quae
1707 1848 1827 1902 pas-

251 1919 433 1974 siones
480 1921 732 1986 incurrit,
783 1936 888 1976 nou
921 1923 1164 1978 intuetur
1211 1923 1562 1992 ignominiam
1617 1938 1820 1979 suam:

250 2011 522 2081 siquidem
560 2028 658 2068 nec
682 2012 865 2068 ebrius
895 2015 1061 2070 sentit
1087 2029 1208 2069 cum
1248 2016 1526 2070 irridetur.
1564 2016 1825 2086 Evigilate

251 2102 418 2172 igitur
467 2112 521 2156 et
575 2103 918 2171 resipiscite;
963 2105 1361 2160 confundimini
1412 2106 1536 2174 quia
1586 2107 1654 2160 ab
1701 2105 1824 2161 aliis

251 2193 512 2246 ediscitis.
554 2193 873 2262 Quicunque
897 2195 1043 2250 enim
1077 2204 1204 2263 post
1235 2196 1548 2264 passionem
1593 2211 1822 2265 percus-

249 2293 441 2338 serunt
475 2299 566 2339 cor
590 2286 940 2355 pmnitentes,
972 2287 1184 2342 liberati
1216 2298 1366 2344 sunt.
1410 2289 1467 2342 Si
1500 2298 1680 2342 autem
1717 2302 1822 2342 non

250 2384 657 2441 percusserunt,
705 2378 932 2431 necdum
987 2378 1203 2432 liberati
1250 2381 1319 2434 ab
1373 2379 1639 2432 ebrietate
1672 2387 1820 2433 sunt.

250 2464 359 2518 Sed
385 2465 638 2520 illicimur
667 2467 783 2520 visu
811 2468 876 2520 ad
912 2468 1367 2536 pulchritudinem
1390 2467 1657 2522 vultuum.
1683 2467 1822 2533 Quid

249 2555 388 2611 caelo
420 2567 502 2610 est
534 2557 748 2622 melius,
777 2558 949 2627 quid?
996 2558 1188 2614 Melius
1217 2567 1301 2614 est
1329 2561 1557 2614 credere
1594 2559 1703 2613 Deo
1738 2559 1822 2613 di-

246 2648 392 2701 centi
431 2664 445 2702 :
477 2647 730 2717 Respicite
763 2650 817 2702 in
846 2651 1011 2703 altum
1038 2651 1208 2704 Deum
1241 2651 1410 2706 oculis
1436 2652 1636 2716 vestris,
1667 2661 1714 2705 et
1748 2652 1822 2706 vi-

244 2737 366 2791 dete
392 2739 510 2806 quis
545 2739 780 2792 condidit
817 2743 996 2793 omnia
1027 2742 1131 2796 ista
1163 2743 1228 2794 “.
1257 2741 1395 2807 Quid
1431 2742 1499 2795 ita
1534 2741 1821 2811 pulchrum

245 2828 302 2881 in
332 2830 487 2884 oculo
509 2839 593 2882 est
625 2831 885 2895 mulieris,
917 2842 1179 2900 quantum
1210 2832 1289 2886 sol
1321 2833 1485 2887 habet
1511 2833 1563 2886 in
1599 2832 1820 2902 fulgori-

245 2920 350 2974 bus
367 2922 530 2975 suis?
565 2921 702 2988 Quid
739 2924 809 2977 ita
849 2924 1006 2978 floret
1033 2925 1082 2978 in
1116 2925 1296 2980 fronte
1349 2926 1588 2988 mortali,
1645 2941 1820 2994 quan-

247 3021 364 3065 tum
408 3013 460 3066 in
503 3013 648 3067 omni
696 3014 833 3068 ccelo
870 3015 1117 3084 splendet
1154 3015 1298 3085 quod
1329 3016 1578 3069 videtur?
1609 3015 1734 3083 quia
1767 3023 1822 3070 et

248 3101 374 3154 aliis
406 3101 643 3156 varietas
673 3103 960 3170 vestigium
1007 3103 1164 3158 illicit
1215 3112 1274 3156 ut
1306 3102 1495 3157 stellar.
1548 3103 1653 3157 Sed
1683 3102 1820 3158 forte

1939 637 1988 689 vi
2019 638 2075 691 in
2109 635 2225 704 ejus
2250 650 2344 691 ore
2367 636 2623 705 imposuit
2649 655 2662 690 :
2693 634 2786 690 sed
2816 635 3077 705 scriptum
3105 643 3208 698 est,
3237 635 3359 703 quia
3391 648 3510 688 mu-

1896 728 2036 782 'iier
2081 740 2241 782 suasa
2294 728 2564 795 protendit
2611 741 2832 781 manum
2881 727 2948 780 ad
3004 728 3273 791 arborem,
3333 735 3388 779 et
3443 740 3508 780 os

1935 817 2188 885 aperiens
2235 831 2415 882 suum,
2461 817 2684 872 immisit
2737 817 2995 872 fructum.
3056 816 3270 873 Utinam
3321 825 3504 870 autem

1936 909 2124 963 fuisset
2148 909 2264 963 vis!
2308 910 2390 964 vis
2439 909 2580 964 enim
2637 924 2746 965 non
2791 918 3051 980 procurat
3101 917 3352 976 mortem,
3408 909 3502 963 sed

1936 1003 2030 1056 dat
2062 1012 2118 1058 ut
2146 1004 2475 1074 ignoscatur.
2511 1003 2616 1058 Sed
2648 1004 3100 1072 quemadmodum
3131 1002 3391 1072 scriptum
3423 1009 3505 1054 est

1932 1095 2229 1162 videamus,
2289 1105 2350 1150 ut
2413 1095 2629 1151 edoceri
2692 1095 2961 1164 possimus
3009 1103 3270 1164 quantum
3325 1101 3504 1164 potest

1933 1188 2196 1243 diabolus.
2224 1188 2532 1243 Amicitiam
2563 1186 2737 1251 finxit,
2764 1189 3001 1242 ostendit
3024 1187 3501 1257 pulchritudinem,

1932 1279 2120 1342 suasit,
2149 1279 2419 1349 promisit,
2453 1278 2574 1332 ideo
2607 1277 2732 1347 quia
2761 1279 2868 1332 vim
2897 1279 3076 1334 facere
3109 1294 3218 1334 non
3266 1275 3499 1331 valebat.

1930 1367 1997 1422 Et
2027 1384 2170 1422 nunc
2199 1367 2352 1422 multi
2391 1369 2621 1423 suadent
2645 1368 2771 1432 sibi,
2806 1368 2932 1438 quia
2989 1360 3286 1421 tr'ahuntur
3312 1381 3342 1422 a
3378 1366 3500 1434 qui-

1929 1460 2173 1514 busdam.
2214 1459 2292 1513 llli
2323 1459 2467 1513 enim
2498 1460 2588 1530 qui
2617 1458 2749 1514 foris
2775 1468 2924 1525 sunt,
2975 1458 3113 1514 forte
3165 1467 3341 1513 autem
3396 1459 3500 1510 ali-

1929 1553 2020 1622 qui
2055 1560 2108 1606 et
2139 1567 2204 1605 cx
2240 1551 2323 1606 his
2351 1551 2441 1620 qui
2478 1551 2621 1605 intus
2649 1559 2794 1617 sunt,
2823 1561 3014 1618 putant
3037 1567 3095 1606 se
3141 1565 3169 1604 a
3218 1550 3388 1606 stellis
3423 1559 3502 1604 at-

1930 1640 2095 1708 trahi,
2121 1641 2319 1694 malum
2346 1639 2490 1694 malo
2516 1648 2770 1695 curantes
2795 1655 2809 1703 ;
2839 1647 3032 1694 etcum
3061 1641 3323 1696 deberent
3349 1654 3499 1694 suam

1930 1733 2189 1790 malitiam
2217 1732 2490 1797 confiteri,
2525 1732 2674 1787 aliud
2711 1732 2886 1802 majus
2936 1731 3134 1785 malum
3169 1731 3496 1800 praecedenti

1931 1826 2073 1881 malo
2104 1834 2498 1895 supraponunt.
2523 1825 2846 1880 Creaturam
2878 1825 3076 1894 quippe
3116 1825 3353 1893 propriis
3387 1839 3504 1878 ma-

1927 1916 1992 1969 lis
2021 1916 2476 1981 contaminantes,
2503 1914 2647 1968 aliud
2685 1923 2866 1969 autem
2897 1928 3016 1968 cum
3047 1913 3288 1982 superati
3313 1927 3341 1966 a
3371 1926 3502 1966 con-

1927 2007 2276 2076 cupiscentiis
2310 2007 2532 2072 fuerint,
2568 2007 2881 2061 remiserint
2910 2017 3088 2060 autem
3127 2004 3306 2060 fenum
3343 2006 3490 2073 cogi-

1927 2108 2073 2155 tatus
2098 2100 2205 2165 sui,
2234 2107 2425 2169 putant
2455 2097 2774 2153 infirmitate
2803 2097 3118 2167 frequenter
3146 2112 3204 2153 se
3235 2097 3399 2162 vinci,
3446 2105 3499 2152 et

1927 2206 2033 2246 non
2075 2207 2173 2246 suo
2223 2193 2500 2261 proposito
2553 2191 2874 2260 negligenti.
2926 2190 2982 2243 Si
3011 2191 3133 2258 quis
3162 2197 3341 2242 autem
3377 2189 3495 2243 vult

1926 2289 2175 2336 naturam
2205 2295 2519 2350 agnoscere,
2557 2297 2661 2336 non
2698 2281 2782 2335 his
2815 2296 2935 2351 quae
2970 2281 3276 2350 prmscribit
3327 2297 3496 2351 agno-

1927 2381 2082 2436 scat;
2126 2372 2249 2440 quia
2289 2388 2386 2427 nec
2417 2371 2579 2428 debet
2628 2373 2868 2427 accusari
2906 2373 3099 2443 regalis
3137 2389 3387 2429 nummus
3428 2375 3498 2428 ab

1927 2463 2190 2518 adultero.
2248 2463 2398 2517 lllam
2443 2463 2818 2519 fortitudinem
2854 2475 3063 2521 natura:
3102 2475 3154 2520 et
3198 2467 3491 2536 cogitatum

1925 2554 2127 2618 videat,
2164 2569 2288 2610 cum
2334 2555 2779 2624 concupiscentia
2834 2557 3106 2624 hortatur,
3155 2573 3276 2612 cum
3334 2558 3498 2612 libido

1927 2656 2100 2715 rogat,
2136 2655 2188 2699 et
2225 2660 2330 2700 nox
2362 2645 2707 2701 occasionem
2734 2646 2938 2715 praibet
2967 2664 2979 2700 :
3028 2649 3301 2716 quomodo
3344 2650 3492 2719 c0gi-

1927 2747 2072 2792 tatus
2105 2752 2133 2790 c
2161 2745 2348 2792 contra
2375 2737 2644 2791 obstruit:
2676 2736 2802 2805 quia
2828 2745 2881 2790 et
2903 2737 2954 2791 in
2985 2739 3326 2806 passiOnibus
3357 2755 3496 2793 mar-

1927 2838 2127 2899 tyrum,
2161 2843 2354 2882 manus
2379 2827 2592 2897 quidem
2627 2828 2853 2893 radunt,
2889 2828 3029 2883 oculi
3062 2837 3244 2883 autem
3279 2831 3494 2883 minan-

1924 2927 2030 2984 tur,
2063 2929 2118 2974 et
2151 2919 2341 2975 dentes
2371 2920 2497 2973 dum
2531 2919 2766 2974 strident
2811 2930 3034 2986 terrent,
3077 2929 3132 2977 et
3179 2923 3414 2992 tyranni,
3445 2935 3497 2977 et

1922 3011 2104 3082 gladii,
2135 3020 2188 3066 et
2221 3011 2380 3081 ignis,
2406 3020 2460 3067 et
2489 3011 2634 3066 mille
2661 3015 2871 3083 species
2898 3015 3092 3069 mortis
3128 3025 3491 3084 apponuntur.

1921 3114 1977 3158 et
2002 3102 2274 3171 cogitatus
2299 3118 2407 3157 non
2446 3102 2705 3162 flectitur.
2736 3105 2840 3160 Sed
2869 3105 3008 3161 alius
3045 3107 3222 3162 victus
3249 3116 3332 3162 est
3359 3125 3372 3161 :
3401 3109 3491 3160 sed

247 3193 292 3246 si
321 3200 509 3248 essent
540 3193 591 3245 in
621 3193 819 3258 medio,
846 3201 903 3246 ut
933 3192 998 3245 ad
1029 3192 1488 3261 comparationem
1529 3192 1671 3258 dico,
1723 3192 1821 3246 ali-
1848 3216 1891 3274 α
1926 3208 2030 3247 non
2066 3208 2095 3247 a
2130 3194 2288 3250 victis
2327 3194 2522 3251 debent
2557 3196 2771 3262 agmina
2809 3196 3068 3252 militaria
3104 3197 3361 3267 iudicari.
3405 3199 3496 3254 llic

247 3285 442 3337 munia:
470 3285 733 3350 diversas;
764 3293 815 3338 et
850 3284 894 3338 si
934 3283 1190 3352 possibile
1219 3279 1362 3338 esset
1390 3291 1442 3338 et
1477 3284 1675 3337 artium
1702 3284 1821 3354 pul-

247 3374 587 3430 chritudines
617 3375 766 3444 poni,
797 3377 1164 3429 adunarentur
1191 3383 1370 3427 autem
1401 3383 1456 3429 et
1484 3375 1667 3429 omnia
1700 3377 1818 3430 ani-

248 3465 433 3530 malia,
465 3475 517 3520 et
547 3476 939 3535 proponeretur
971 3465 1132 3520 lectio
1160 3465 1272 3535 (96)
1304 3483 1318 3522 :
1356 3465 1540 3522 statim
1568 3468 1718 3535 porci
1753 3466 1820 3521 ad

245 3568 457 3611 stercus
485 3567 789 3622 currerent,
819 3572 1004 3612 mures
1032 3557 1096 3611 ad
1123 3557 1228 3611 alia
1260 3556 1564 3613 istiusmodi
1619 3572 1818 3612 conve-

246 3650 453 3705 nientia
482 3650 581 3705 sibi
613 3658 667 3704 et
691 3651 865 3704 amica
899 3666 912 3703 :
947 3649 1085 3703 asini
1133 3658 1338 3714 autem,
1374 3659 1429 3703 et
1460 3650 1562 3703 alia
1598 3665 1717 3719 qua:
1746 3651 1818 3706 ita

245 3749 376 3797 sunt
403 3741 552 3795 tarda
588 3740 864 3806 animalia,
921 3740 1011 3794 illa
1059 3742 1279 3809 quidem
1325 3740 1509 3794 fenum
1551 3750 1816 3810 peterent,

243 3834 352 3888 alia
379 3835 446 3887 ad
480 3847 544 3888 ea
580 3846 701 3902 quae
739 3839 1066 3887 consuerunt
1100 3846 1158 3886 se
1179 3830 1488 3900 jungerent.
1520 3829 1690 3885 Homo
1722 3847 1817 3884 au-

243 3935 356 3979 tem
390 3923 704 3994 dignitatem
747 3923 984 3977 hominis
1010 3923 1229 3978 salvans
1261 3921 1329 3976 ad
1357 3930 1503 3978 artes
1548 3932 1814 3986 curreret,

239 4028 297 4071 et
329 4018 394 4071 ad
423 4012 732 4084 spectacula
761 4013 958 4067 artium
985 4021 1324 4082 properaret.
1379 4010 1436 4066 Si
1488 4012 1606 4081 quis
1635 4021 1817 4066 autem

243 4117 392 4164 esset
436 4109 600 4162 homo
641 4121 767 4161 vere
816 4116 868 4160 et
919 4107 1155 4161 hominis
1181 4105 1400 4160 salvans
1431 4120 1689 4171 sensum;
1721 4107 1814 4158 de-

243 4201 480 4270 spiciens
511 4211 566 4253 et
589 4199 844 4254 deridens
880 4199 1212 4268 relinqueret
1250 4198 1440 4268 utique
1491 4196 1815 4251 sollicitudi-

243 4305 368 4346 nem
399 4291 763 4358 propositam;
799 4288 1098 4356 respiceret
1136 4295 1319 4341 autem
1351 4301 1569 4340 sursum
1607 4285 1672 4339 ad
1699 4299 1816 4339 cm-

245 4383 380 4444 lum,
405 4389 460 4432 et
489 4378 694 4432 videret
721 4393 840 4446 qua:
871 4378 924 4432 in
953 4377 1096 4432 cmlo
1136 4385 1190 4432 et
1242 4377 1496 4445 superius
1536 4376 1676 4431 ccelo
1720 4376 1816 4429 ha-

242 4473 462 4533 bentur,
519 4485 626 4524 non
677 4469 848 4524 oculis
891 4468 984 4522 sed
1038 4479 1241 4533 mente,
1289 4476 1343 4520 et
1385 4482 1490 4520 non
1541 4476 1816 4534 pateretur

1925 3286 2070 3340 enim
2105 3286 2196 3354 qui
2231 3287 2405 3341 victus
2437 3296 2537 3353 est,
2566 3287 2773 3342 ordinis
2799 3290 2972 3343 aciem
3023 3289 3270 3355 dimisit;
3314 3292 3381 3345 ab
3413 3292 3497 3346 his

1925 3387 2106 3429 autem
2137 3377 2228 3444 qui
2268 3384 2545 3446 superant,
2578 3377 2774 3433 debent
2818 3379 3039 3448 agnosci
3076 3383 3316 3449 agmines
3353 3383 3493 3436 mili-

1926 3477 2087 3522 tares.
2117 3469 2250 3536 Quia
2286 3484 2458 3538 neque
2485 3484 2515 3523 a
2549 3470 2708 3526 caecis
2737 3470 2927 3526 oculus
2963 3471 3272 3542 iudicatur,
3321 3489 3495 3544 neque
3540 3494 3549 3505 -

1923 3571 1952 3610 a
1987 3559 2166 3614 surdis
2200 3561 2371 3625 auris,
2401 3576 2578 3633 neque
2610 3562 2677 3616 ab
2703 3565 3095 3633 :egrotantihus
3142 3573 3357 3630 natura,
3394 3583 3494 3620 nec

1923 3651 1992 3705 ab
2019 3651 2377 3709 infructuosis
2421 3654 2708 3710 arboribus
2750 3655 2906 3725 culpa
2939 3665 3148 3712 natura:
3195 3658 3354 3712 debet
3401 3675 3490 3713 as-

1923 3741 2056 3796 cribi
2089 3761 2102 3795 :
2137 3744 2265 3813 quia
2300 3759 2402 3799 nec
2431 3745 2630 3800 mortui
2660 3746 2905 3802 homines
2931 3747 3181 3803 homines
3209 3758 3358 3814 sunt,
3395 3764 3492 3804 nec

1924 3833 1974 3885 in
2015 3834 2151 3889 vivis
2181 3835 2466 3904 irreligiosi
2497 3847 2552 3891 et
2580 3838 2748 3905 impii,
2779 3855 2954 3908 neque
2992 3850 3274 3909 assumpta
3342 3841 3490 3896 delc-

1923 3924 2086 3978 ctatio
2133 3925 2436 3982 libidinosis
2483 3936 2786 3996 reputatur.
2837 3927 2962 3984 Haec
3004 3931 3146 3984 enim
3199 3941 3284 3986 est
3326 3947 3488 3987 noxa.

1921 4014 1986 4070 Et
2018 4015 2219 4070 utinam
2245 4017 2522 4086 expediret
2551 4018 2749 4086 aliquid
2775 4034 2973 4085 sermo,
3009 4029 3140 4075 utet
3174 4021 3368 4077 iterum
3394 4023 3491 4078 fie-

1921 4114 2022 4160 ret.
2077 4104 2215 4173 Quia
2267 4108 2412 4161 enim
2468 4123 2853 4177 nonnunquam
2902 4119 3163 4180 putantur
3214 4127 3490 4168 sermones

1920 4197 2224 4252 contrarios
2281 4199 2350 4253 ob
2410 4201 2800 4268 spectatiouem
2850 4201 2962 4272 (97)
3015 4203 3221 4258 fructus
3269 4206 3488 4269 afferre,

1922 4289 2061 4344 sicut
2103 4289 2251 4360 ‘Deus
2293 4291 2459 4346 Israel
2485 4290 2705 4360 culpans
2745 4292 2914 4347 dicit:
2949 4291 3190 4348 Sustinui
3215 4304 3269 4349 ut
3299 4297 3490 4365 faceret

1920 4395 2095 4447 uvam,
2154 4381 2274 4447 fecit
2323 4391 2498 4435 autem
2532 4383 2709 4450 spinas
2753 4383 2838 4450 “g;
2881 4385 3188 4440 exhortatio
3245 4389 3488 4457 quautam

1921 4470 2154 4526 efficitur
2197 4473 2262 4525 ad
2320 4473 2644 4538 docendum,
2696 4488 2761 4528 eo
2811 4477 2957 4544 quod
3012 4493 3116 4532 non
3163 4478 3491 4534 fructificant

245 4566 498 4620 deorsum
556 4563 607 4616 in
653 4574 811 4615 coeno
859 4560 1114 4613 volutari.
1153 4559 1259 4613 Sed
1313 4559 1440 4627 quid
1498 4558 1760 4613 faciemus
1793 4558 1815 4610 ?
1849 4544 1890 4598 θ
1922 4565 2105 4618 verba.
2142 4564 2419 4633 Siquidem
2441 4573 2495 4618 et
2522 4564 2629 4620 illic
2656 4565 2785 4620 dicit
2816 4568 2955 4621 Deus
2983 4583 2999 4622 ε
3027 4568 3218 4622 Omnia
3245 4587 3490 4640 quacun-

247 4658 388 4710 Deus
418 4655 661 4724 superius
687 4652 826 4708 caelo
853 4661 934 4706 est
979 4661 1033 4705 et
1083 4649 1303 4719 ubique.
1339 4649 1587 4705 Mortalia
1636 4659 1815 4703 autem

243 4749 388 4802 circa
424 4746 563 4799 latus
593 4744 847 4808 illiciunt,
881 4753 936 4796 et
964 4756 1138 4811 neque
1171 4742 1436 4803 dicentes,
1492 4754 1666 4809 neque
1719 4755 1816 4792 au-

243 4842 459 4894 dientes
504 4835 806 4891 excitamur
851 4850 881 4888 a
927 4847 1117 4888 somno
1160 4849 1176 4898 ;
1231 4834 1325 4886 sed
1371 4831 1510 4884 sicut
1558 4846 1680 4885 cera
1727 4839 1818 4882 aut

242 4931 523 5001 plumbum
555 4927 788 4983 infusum
819 4929 1041 4981 auribus
1079 4923 1278 4980 nostris
1304 4922 1522 4977 obturat
1549 4923 1819 4977 sermonis

247 5027 575 5092 ingressum,
599 5029 653 5074 et
682 5020 983 5074 clamamus
1023 5018 1141 5072 sine
1176 5029 1336 5070 causa
1369 5030 1382 5068 :
1418 5014 1638 5068 trahunt
1673 5014 1814 5067 enim

245 5130 368 5182 qua:
400 5115 681 5166 attrahunt
709 5126 812 5164 non
845 5126 967 5164 cum
999 5111 1071 5174 vi,
1106 5109 1372 5177 siquidem
1429 5120 1527 5160 nec
1583 5107 1758 5174 pisces
1786 5121 1813 5158 a

245 5205 456 5277 laqueis
502 5219 624 5258 cum
660 5203 710 5256 vi
745 5202 1038 5255 trahuntur
1090 5200 1328 5270 quandiu
1377 5207 1432 5252 et
1477 5198 1813 5264 capiuntur:

242 5312 418 5365 neque
448 5294 692 5350 diabolus
725 5297 830 5348 vim
863 5296 992 5347 facit
1022 5292 1354 5355 hominibus,
1392 5288 1486 5343 sed
1543 5289 1811 5341 hortatur.

243 5387 359 5442 Non
387 5389 529 5442 enim
556 5388 816 5455 scriptum
851 5394 955 5448 est,
1007 5388 1129 5452 quia
1163 5382 1372 5450 accepit
1408 5379 1652 5435 diabolus
1693 5392 1811 5432 ma-

315 5508 356 5539 “
391 5507 490 5561 Isa.
517 5523 604 5571 xc,
630 5506 718 5559 ‘26.
796 5505 840 5534 "
869 5505 968 5558 lsa.
995 5519 1051 5567 v,
1085 5503 1140 5556 4.
1218 5502 1262 5532 ⁵³
1289 5499 1418 5554 ibid.

451 5600 572 5673 b_ls.,
599 5599 732 5673 ‘sali_t
756 5615 844 5652 cor
879 5608 1107 5673 promer.

317 5667 426 5738 (94)
459 5667 663 5738 Tutela.
691 5667 870 5732 Forte,
902 5667 1124 5738 turbefa.

315 5734 427 5811 (95)
457 5737 582 5802 Ms.,
611 5739 737 5802 quid
765 5755 921 5791 suave
948 5747 1022 5789 est
1046 5737 1101 5787 in
1129 5734 1368 5786 invidis?

566 5834 838 5892 ΡΑτῐιοιη
889 5832 1004 5891 Gn.
1056 5829 1282 5890 XXIV.

1921 4671 2019 4724 que
2049 4655 2200 4706 debui
2224 4654 2393 4722 facere
2423 4656 2523 4722 [cci
2559 4656 2718 4708 vinea:
2753 4672 2881 4709 mea:
2912 4657 2978 4710 “.
3015 4658 3148 4723 Quia
3188 4659 3333 4714 enim
3361 4676 3492 4716 con-

1925 4747 2118 4800 trarins
2147 4747 2534 4814 exspectationi
2567 4748 2742 4801 attulit
2771 4748 3002 4814 fructus,
3034 4751 3130 4814 ait,
3178 4751 3486 4806 Subducam

1922 4836 2146 4891 imbrem
2179 4838 2244 4891 ah
2262 4853 2323 4891 ea
2352 4855 2366 4891 :
2399 4837 2582 4906 utquid
2615 4839 2756 4910 eqim
2779 4838 2986 4907 pluvias
3018 4840 3068 4894 ei
3096 4840 3262 4894 vinem
3302 4841 3353 4894 in
3381 4855 3487 4909 qua

1925 4943 2028 4981 non
2061 4937 2358 4997 exsurgunt
2383 4928 2627 4996 fructus?
2659 4928 2726 4983 Et
2751 4929 2877 4994 alia,
2911 4931 3106 5000 inquit,
3135 4931 3316 4984 omnia
3348 4947 3488 4999 qutu-

1923 5033 2134 5086 cunque
2165 5018 2263 5072 feci
2297 5019 2360 5072 ad
2390 5018 2865 5075 fructificationem
2897 5020 3031 5087 ejus,
3066 5021 3311 5090 quaedam
3360 5023 3482 5090 qui-

1925 5110 2043 5162 dem
2080 5107 2342 5174 auferam,
2374 5109 2617 5177 quaulam
2653 5119 2831 5162 autem
2867 5119 3128 5173 evertam,
3164 5119 3220 5162 ut
3260 5125 3362 5164 non
3391 5126 3479 5164 cu-

1923 5196 2134 5250 stodita:
2182 5199 2348 5266 spinae
2390 5208 2444 5252 et
2488 5198 2658 5257 imbre
2691 5197 2876 5266 rigata:
2927 5198 3210 5254 florescant
3249 5215 3262 5254 :
3297 5211 3388 5253 aut
3418 5214 3488 5254 ex

1923 5288 2156 5356 negotiis
2188 5301 2277 5342 aut
2306 5305 2373 5344 ex
2405 5289 2702 5357 Scripturis
2750 5290 3128 5344 condiscamus
3164 5291 3484 5360 religiosita-

1925 5388 2050 5433 tem.
2089 5380 2132 5434 Α
2175 5382 2403 5451 negotiis
2436 5382 2650 5450 quidem
2679 5382 2954 5436 videamus
2978 5383 3224 5436 mortalia
3259 5392 3316 5436 ut
3346 5398 3490 5437 mor-

1991 5584 2104 5653 (96)
2135 5582 2325 5636 Lectio.
2393 5583 2553 5653 Forte
2581 5583 2785 5638 electio.
3101 5617 3105 5622 -

1992 5652 2106 5721 (97)
2163 5653 2348 5706 (ἔκυσε
2396 5652 2559 5708 fuisse
2622 5656 2856 5719 videtur,
2919 5654 3071 5725 παρὰ
3135 5655 3489 5725 προσδοκίαν,

1920 5732 2106 5795 praeter
2131 5725 2586 5789 exspectationem.

3091 5818 3165 5878 38
