3956 6528
462 399 615 463 H923;

462 516 609 578 talia,
648 513 984 569 transeuntis
1012 523 1068 569 ut
1092 518 1421 572 transeuntia

460 618 541 661 sta
576 617 681 675 aut
736 606 1042 673 inhonesta,
1078 607 1159 662 vel
1192 624 1222 662 a
1257 611 1485 677 negotiis
1531 622 1587 666 et
1621 626 1649 663 a
1689 610 1881 666 litteris
1917 612 2029 683 (98)

460 684 774 769 vide.,Deus
810 685 1041 767 propter:
1063 702 1493 767 misericordiam
1525 703 1606 757 sui
1638 704 1829 770 scribit
1856 705 2031 759 homi-

448 788 557 843 nes
588 789 959 844 inobedieutes
983 804 1107 857 esse
1137 807 1241 845 non
1273 794 1512 847 debere.
1536 792 1704 848 Putas
1735 792 2031 863 fatigantur

459 880 678 962 quidam
711 896 835 951 esse
854 883 1077 951 pudici?
1109 882 1224 937 Non
1256 887 1449 938 mirum
1476 896 1655 939 autem
1689 886 1729 938 si
1757 884 2031 939 libidinosi

440 972 571 1031 'non
605 976 788 1057 satiati
816 980 928 1045 jam
966 990 1205 1034 cessant.
1246 980 1304 1033 Si
1342 980 1483 1034 enim
1510 980 1592 1033 bis
1616 980 1706 1047 qui
1742 980 1876 1033 bene
1904 995 2031 1033 cur-

460 1080 591 1125 runt
634 1072 788 1126 labor
830 1082 935 1136 est,
988 1074 1071 1127 his
1105 1074 1195 1141 qui
1236 1074 1374 1126 male
1406 1083 1632 1126 currunt
1678 1087 1775 1125 cur
1806 1072 2033 1125 satietas

460 1179 566 1237 non
592 1163 895 1225 habetur?
944 1164 1223 1233 Fatigatur
1256 1166 1376 1233 quis
1426 1163 1633 1216 faciens
1667 1164 1801 1216 bene
1829 1180 1845 1229 ;
1894 1163 2063 1237 male

448 1264 638 1329 autem
670 1253 878 1321 faciens
921 1270 1025 1307 non
1050 1254 1325 1307 satiatur?
1378 1253 1562 1319 Etuus
1599 1254 1651 1307 in
1694 1268 1858 1306 cursu
1913 1252 2029 1307 effi-

431 1332 601 1421 citur
632 1344 835 1397 sudans
862 1360 877 1409 ;
910 1354 964 1397 et
986 1344 1158 1398 malus
1192 1358 1419 1397 currens
1451 1354 1608 1411 putas
1636 1359 1740 1396 non
1774 1342 2034 1412 fatigatur

460 1434 517 1487 in
537 1418 770 1489 sudore?
790 1434 905 1488 Non
930 1436 1070 1490 enim
1100 1418 1301 1488 tantum
1321 1435 1577 1502 exprimit
1594 1450 1788 1488 cursus
1810 1448 2032 1502 equum,

442 1507 722 1595 quantum
750 1540 843 1579 eos
877 1526 967 1594 qui
1017 1525 1221 1578 malitia
1272 1534 1521 1579 utuntur.
1566 1525 1788 1580 Cessate
1820 1541 1848 1577 a
1882 1525 2037 1578 mali-

460 1616 818 1683 tiisvestris,
875 1624 927 1669 et
979 1616 1174 1669 iterum
1222 1616 1471 1671 odientes
1517 1617 1717 1670 malum
1742 1614 2035 1685 jungimini

460 1706 644 1774 bono.
666 1705 780 1758 Non
814 1705 1032 1773 prodest
1066 1705 1274 1760 malitia
1302 1708 1485 1769 malo;
1519 1706 1720 1760 malum
1746 1706 1890 1760 enim
1926 1716 2031 1769 est,

438 1798 671 1873 fetiamsi
700 1797 1017 1852 sentiamus
1037 1807 1131 1852 aut
1159 1812 1267 1852 non
1299 1800 1623 1853 sentiamus.
1657 1799 1827 1868 Magis
1853 1806 2030 1852 autem

1129 396 1395 453 EUSEBll
1436 395 2098 465 CESARIENSISOPP.
2141 397 2321 452 PARS
2360 397 2446 452 tv.
2481 428 2547 439 -
2588 385 3007 456 uoc‘u‘artca.

3579 404 3712 459 “'6

1471 538 1482 572 :
1533 533 1636 573 non
1676 518 1825 574 vides
1861 520 2027 575 bone-
2058 529 2104 586 Α
2133 521 2309 589 visio!
2347 520 2437 576 ubi
2490 529 2614 575 sunt
2655 521 2841 576 oculi?
2878 537 2911 577 o
2955 523 3112 576 bona:
3165 520 3562 579 adhortationis
3592 539 3712 579 scn-

2135 616 2262 668 sus!
2302 613 2391 667 ubi
2418 614 2656 668 sensus?
2684 614 2773 667 ubi
2807 613 3121 683 cogitatus?
3173 612 3315 680 Quid
3355 614 3713 683 reprehendi-

2138 705 2208 761 sti
2244 705 2329 758 illa
2360 705 2383 757 ‘I
2414 705 2544 773 quid
2582 704 2847 773 agnovisti
2886 703 3127 758 iri-istis?
3164 705 3251 757 ubi
3277 705 3567 760 annotinos
3585 721 3711 761 cur-

2134 811 2249 859 sus,
2280 806 2339 849 ut
2372 807 2426 850 et
2449 810 2762 865 perseveres
2798 796 2848 849 in
2894 797 3145 865 praesenti
3192 811 3336 851 anno
3374 797 3428 851 in
3465 812 3625 851 emno
3659 807 3710 853 to

2134 890 2356 943 volvens
2403 889 2427 943 ’ἒ
2484 889 2571 943 ubi
2623 899 2748 941 sunt
2802 904 2924 957 quae
2979 890 3313 943 manducasti
3374 897 3500 943 ante
3550 890 3709 942 istum

2135 981 2298 1045 diem,
2336 990 2393 1033 ut
2445 979 2669 1033 festines
2716 978 2829 1051 (99)
2881 990 2937 1033 et
2976 979 3181 1033 hodie?
3212 995 3371 1049 quem
3403 979 3639 1033 fructum
3678 995 3710 1035 ι

2137 1072 2363 1125 libidine
2415 1072 2699 1141 accepisti,
2758 1081 2815 1125 ut
2874 1072 3072 1124 iterum
3124 1072 3191 1124 ad
3249 1071 3417 1138 ipsam
3456 1069 3713 1137 injuriam

2137 1163 2368 1217 curras?
2421 1164 2477 1215 Si
2534 1174 2711 1215 autem
2773 1177 2872 1217 nos
2923 1163 3131 1216 hortari
3183 1174 3361 1217 vestra
3408 1162 3714 1215 obedientia

2135 1254 2320 1320 vultis,
2352 1254 2643 1307 ostendere
2674 1253 2751 1324 (1)
2782 1255 2895 1321 ipso
2938 1268 3103 1321 opere
3158 1252 3367 1305 fructus
3421 1251 3713 1305 sermonis.

2136 1342 2287 1399 Nunc
2319 1358 2498 1398 autem
2539 1354 2594 1398 et
2626 1358 2719 1397 vos
2764 1343 3124 1397 udhortamini
3170 1360 3185 1396 :
3217 1344 3312 1397 sed
3362 1352 3572 1410 tempus
3611 1354 3715 1394 non

2138 1437 2424 1506 permittit.
2474 1434 2618 1489 Deus
2646 1447 2825 1488 autem
2874 1435 3064 1488 liberet
3090 1448 3183 1488 vos
3211 1435 3277 1487 ab
3310 1435 3453 1486 omni
3490 1432 3713 1496 malitia,

2138 1535 2191 1579 et
2240 1525 2446 1594 repleat
2496 1538 2595 1577 vos
2650 1525 2761 1577 suis
2809 1522 2989 1586 bonis,
3026 1533 3083 1578 ut
3116 1522 3355 1577 afferatis
3400 1521 3638 1577 fructum
3664 1522 3715 1575 iu

2137 1618 2435 1670 centesimo
2466 1625 2521 1669 et
2549 1613 2885 1682 sexagesimo
2920 1624 2976 1668 et
3012 1614 3287 1668 tricesimo
3316 1628 3567 1675 numero,
3623 1627 3717 1682 per

2137 1708 2415 1762 Christum
2476 1704 2615 1772 ejus,
2670 1718 2767 1774 per
2816 1718 2977 1771 quem
3026 1713 3111 1758 est
3159 1704 3269 1758 Deo
3313 1701 3463 1756 Patri
3515 1703 3709 1773 gloria,

2138 1801 2333 1864 honor,
2387 1797 2697 1866 imperium,
2753 1796 3037 1866 majestas,
3084 1810 3207 1849 cum
3253 1794 3458 1864 Spiritu
3500 1804 3715 1861 sancto,

463 1870 825 1945 sentientibus
864 1890 1095 1959 simplex
1142 1898 1246 1955 est,
1299 1904 1405 1943 non
1442 1890 1805 1945 sentientibus
1853 1899 2031 1943 autem
2067 1870 2106 1925 Β
2140 1900 2193 1946 et
2229 1904 2381 1960 nunc
2419 1897 2473 1943 et
2514 1899 2749 1957 semper,
2788 1897 2841 1942 et
2882 1903 2976 1957 per
3021 1886 3204 1942 omnia
3259 1885 3452 1942 saecula
3490 1884 3717 1941 saculo-

461 1979 974 2050 duplexaRespicite
1015 1983 1070 2033 in
1110 1981 1278 2034 altum
1321 1982 1490 2035 oculis
1532 1981 1737 2045 vestris,
1768 1990 1815 2034 et
1863 1981 2033 2035 videte

428 2054 583 2143 :quii
615 2073 884 2126 constituit
914 2073 1089 2125 omnia
1126 2073 1227 2126 ista
1263 2071 1327 2127 δι.
1356 2073 1399 2128 Ο
1438 2074 1592 2128 bonae
1631 2072 2024 2127 adhortationis

2141 1996 2281 2036 rum.
2309 1980 2500 2032 Amen.

493 2210 3711 2247 mm

462 2230 471 2232 ἡ
495 2230 760 2235 __.____

765 2239 1899 2253 *mm—m

876 2242 1109 2253 m

1440 2420 1997 2536 EUSEBII
2074 2396 2765 2575 PAMPHILI

1251 2659 1429 2746 DE
1534 2657 2352 2771 OPERIBUS
2457 2655 2945 2750 BONIS

1354 2848 1459 2907 Ex
1482 2845 1781 2941 ‘Ept'stola
1813 2845 2003 2907 Pauli
2030 2846 2111 2907 ad
2139 2846 2503 2909 Corinthios
2533 2846 2830 2920 secunda,

1814 3012 2052 3074 LIBER
2095 3011 2379 3072 NONUS.

442 3298 451 3305 ’
533 3308 1012 3369 Resurrectionem
1067 3305 1282 3362 Domini
1316 3313 1391 3383 let
1433 3317 1742 3375 regressum
1792 3303 1909 3371 ejus
1966 3303 2033 3360 ad
2063 3310 2104 3368 c
2142 3312 2306 3358 tutem
2339 3315 2602 3375 quantum
2636 3306 2702 3361 ad
2731 3320 2853 3360 eum
2891 3305 2982 3377 qui
3014 3305 3324 3362 videbatur.
3358 3304 3427 3360 Et
3455 3321 3565 3362 xxx
3591 3309 3721 3363 toris

464 3392 631 3457 culos
664 3394 805 3470 ipsis
826 3391 1299 3474 oculisvidentes
1345 3393 1597 3464 apostoli,
1644 3392 2036 3447 dubitationem

422 3489 430 3497 ’
465 3489 645 3563 quam
682 3481 1164 3561 ante-passionem
1216 3488 1490 3542 habebant
1520 3487 1936 3553 deposuerunt,
1986 3491 2040 3537 et

464 3599 681 3639 omnem
719 3578 1175 3637 incredulitatem
1199 3594 1227 3631 a
1263 3592 1323 3632 se
1351 3577 1694 3645 pepulerunt.
1734 3574 1856 3644 lpso
1893 3574 2039 3628 enim

466 3674 585 3729 visu
620 3674 723 3728 sibi
755 3673 888 3725 satis
924 3672 1189 3724 facientes
1225 3668 1349 3736 quia
1376 3667 1675 3720 resurrexit
1726 3676 1782 3720 et
1830 3680 2043 3720 assum-

465 3758 591 3835 ptus
616 3764 683 3818 ad
716 3762 883 3817 caelos
909 3770 992 3815 est
1028 3760 1314 3837 Dominus,
1345 3757 1434 3809 alii
1465 3771 1562 3825 pro
1586 3756 1705 3810 aliis
1724 3755 1910 3825 effecti
1938 3771 2041 3812 no-

468 3854 713 3909 scunturl
746 3851 938 3905 Petrus
960 3848 1105 3904 enim
1142 3862 1237 3918 pro
1259 3842 1591 3915 iuramentis
1633 3856 1689 3900 et
1721 3847 2040 3917 abnegatio.

468 3944 649 4007 nibus‘,
688 3936 889 4010 praeco
920 3938 1102 3994 mundi
1153 3936 1376 3991 effectus
1402 3945 1504 3992 est.
1536 3935 1706 3991 'Visio
1737 3936 1879 3991 enim
1916 3951 2041 3991 eum

471 4028 838 4091 firmissimam
873 4028 1081 4101 petram
1109 4028 1307 4094 effecit,
1344 4030 1415 4082 ita
1452 4036 1511 4081 ut
1540 4016 1592 4081 in
1620 4043 1740 4083 eum
1772 4040 1825 4082 et
1856 4018 2042 4082 Eccle-3

477 4128 570 4181 Sia'
589 4118 1195 4192 aedificaretur,'etipse
1222 4120 1443 4189 martyr
1476 4121 1767 4174 exsisteret
1808 4117 2043 4174 Christi.

480 4217 719 4271 Thomas
756 4213 1115 4284 quoque,'qui
1152 4219 1208 4265 et
1257 4220 1380 4279 post
1417 4205 1910 4276 resurrectionem,
1932 4210 2043 4263 an:

476 4298 1149 4377 tequam‘experimcntum
1184 4288 1478 4370 acciperet,“
1511 4301 1707 4356 dubius
1744 4310 1885 4368 erat,
1917 4302 2042 4371 quia

478 4399 628 4453 misit
658 4397 852 4466 digitos
882 4409 1009 4449 suos
1041 4395 1093 4447 in
1141 4386 1496 4447 foraminibus
1528 4386 1832 4453 clavorum,
1868 4400 1925 4445 et
1961 4390 2043 4445 si-'

468 4475 771 4557 bim‘etipsi
798 4478 942 4541 ‘satis
969 4484 1119 4550 fecit,
1151 4474 1584 4537 Dominumeum
1615 4490 1669 4535 et
1704 4470 1879 4535 Deutn'
1906 4472 2043 4535 con-

471 4566 807 4635 fessuscst.
859 4568 990 4631 Erat
1038 4575 1184 4630 enim
1226 4563 1541 4629 incredibile
1568 4560 1732 4626 Deum
1761 4573 2044 4629 advenisse
2108 4584 2111 4587 '

469 4669 798 4741 incorpore,
829 4656 883 4724 et
905 4652 1180 4724 hominem
1210 4667 1377 4721 videri
1414 4653 1693 4747 cmlestem
1723 4682 1737 4717 :
1764 4674 1882 4718 erat
1935 4680 2041 4720 non
2076 4659 2119 4713 D

471 4749 834 4839 credendum,
856 4749 980 4831 quia
1007 4777 1075 4816 ex
1103 4761 1312 4830 virgine
1360 4767 1478 4812 erat
1516 4754 1769 4839 nativitas
1801 4756 1918 4825 ejus
1956 4772 2044 4835 se:

468 4849 703 4913 cundum
724 4848 963 4910 carnem.
979 4856 1072 4910 lsti
1094 4857 1238 4909 enim
1257 4848 2041 4909 conscientiaa'satisfaCtiouem

470 4939 611 5003 Sola"
636 4942 870 5003 habebat
892 4934 1015 5014 quae
1045 4936 1333 5014 pepererat
1354 4930 1529 5010 virgo;
1556 4940 1812 5018 “Necdum
1850 4940 2042 4994 'autem

472 5032 669 5092 natura
715 5034 1038 5099 testabatur,
1094 5032 1269 5102 neque
1320 5030 1494 5085 mater
1548 5020 1797 5085 habebat:
1840 5029 2041 5098 aliquid

469 5129 577 5183 tale
626 5118 935 5194 setnetipsa,
986 5139 1159 5193 neque
1205 5124 1271 5177 de
1316 5108 1884 5191 his'quze'deorsum,
1930 5120 2041 5201 sed

463 5220 655 5283 omnia
686 5210 842 5274 erant
869 5214 1230 5272 incredibilia.
1263 5209 1451 5271 Gratia
1476 5206 1773 5269 enim"erat
1823 5212 2044 5267 inenari

472 5309 685 5371 rabilis,
710 5317 764 5363 et
797 5300 1127 5377 indulgentia
1162 5300 1518 5359 incredibilis.
1563 5302 1681 5355 Alia
1712 5302 1854 5356 enim
1886 5309 2045 5354 erant

470 5416 592 5470 quae
615 5394 978 5454 videbantur:
1014 5397 1120 5468 qui
1169 5394 1313 5450 enim
1338 5394 1669 5461 ‘videbatur,
1704 5407 1829 5448 vere
1854 5382 1912 5445 et
1944 5388 2042 5447 ho-'

472 5496 675 5549 minem
729 5490 1072 5548 ostendebat.
1122 5488 1265 5543 Nihil
1315 5490 1459 5543 enim
1512 5486 1796 5543 differebat
1844 5487 1909 5540 ab
1938 5485 2043 5539 alio

471 5584 695 5640 homine
728 5592 992 5652 quantum
1022 5581 1087 5634 ad
1116 5582 1326 5635 visum:
1360 5581 1484 5650 quia
1528 5578 1841 5635 continebat
1873 5579 2047 5632 virtu-

482 5685 486 5691 '
542 5677 589 5707 “
626 5677 726 5731 lsa.
760 5691 847 5739 xL,
889 5674 978 5728 26.

543 5767 658 5839 (98)
685 5766 938 5839 Γραφῶν,
972 5766 1282 5839 scripturis.

544 5768 636 5839 (98
685 5768 938 5838 Γραφῶν,
972 5768 1282 5834 Scripturir.

544 5768 658 5907 L99;
686 5834 741 5891 ω
780 5847 884 5899 est,
914 5835 1136 5903 epularis
1191 5832 1305 5889 Vox
1333 5835 1585 5891 barbara.

2142 3392 2300 3446 annis
2332 3408 2440 3447 non
2478 3391 2681 3448 fecerat
2715 3395 2949 3465 signum,
2994 3404 3053 3449 ut
3102 3395 3277 3465 primo
3325 3395 3579 3451 suaderet
3606 3412 3712 3452 no-

2142 3482 2225 3537 bis
2263 3484 2388 3551 quia
2441 3498 2667 3538 carnem
2729 3487 3043 3557 assumpsit,
3091 3496 3146 3541 et
3192 3488 3516 3543 concederet
3561 3490 3714 3543 carui

2142 3574 2403 3642 proficere
2432 3575 2485 3629 in
2517 3584 2699 3639 aetate,
2728 3584 2782 3631 et
2806 3592 2911 3631 non
2956 3578 3021 3631 de
3068 3592 3127 3633 se
3178 3578 3443 3646 suspicari
3474 3579 3618 3648 quod
3661 3591 3717 3633 et

2143 3667 2486 3733 sutspicavere
2512 3667 2728 3736 quidam
2761 3668 3002 3723 haeretici
3034 3686 3047 3723 :
3076 3678 3129 3723 et
3170 3670 3272 3724 ista
3300 3670 3714 3738 dispensatione

2144 3759 2284 3812 facta
2323 3760 2594 3829 praebebat
2622 3772 2677 3815 et
2724 3762 2827 3816 hoc
2871 3762 3330 3818 incredulitatem.
3370 3761 3519 3817 Nihil
3566 3765 3716 3818 enim

2147 3850 2377 3921 amplius
2426 3853 2719 3921 putabatur
2753 3846 3109 3924 esse,quam
3164 3854 3211 3909 is
3257 3854 3349 3923 qui
3408 3855 3715 3909 videbatur.

2143 3942 2279 3999 Nam
2333 3952 2388 3999 et
2451 3945 2519 3998 ad
2569 3945 2896 4014 baptismum
2943 3943 3167 4000 Joannis
3211 3945 3722 4013 veniebatzbapti-

2145 4031 2319 4091 smum
2358 4044 2536 4088 autem
2573 4050 2677 4089 non
2722 4044 2841 4090 erat
2880 4035 3105 4105 simplex
3146 4054 3159 4089 :
3199 4037 3531 4105 ptenitentiaa
3574 4036 3719 4090 enim

2145 4136 2265 4183 erat
2285 4127 2632 4194 baptismum,
2656 4126 2908 4194 quodque
2935 4125 3111 4180 adhuc
3137 4126 3307 4195 magis
3329 4126 3603 4181 hominem
3629 4141 3723 4181 os-

2147 4220 2418 4280 tendebat,
2455 4233 2618 4287 quatn
2656 4231 2778 4271 eum
2811 4217 2904 4285 qui
2936 4216 3321 4271 occultabatur
3368 4216 3421 4270 in
3469 4217 3714 4270 homine.

2150 4312 2318 4367 Erant
2353 4313 2517 4382 igitur
2544 4315 2645 4368 ista
2691 4314 3081 4384 impedimenta
3116 4312 3261 4377 fidei,
3292 4327 3413 4381 qua:
3452 4312 3715 4366 videban-

2149 4412 2257 4468 tur,
2292 4419 2411 4473 qua:
2441 4405 2663 4468 fiebant,
2692 4420 2840 4471 esca,
2876 4410 3138 4470 'somnus,
3189 4404 3471 4472 proveclio
3521 4403 3715 4465 ωιειὶι.

2148 4495 2201 4548 in
2237 4503 2377 4549 terra
2405 4495 2788 4550 deambulatio.
2810 4566 2811 4571 η
2837 4496 2893 4550 Si
2921 4487 3114 4550 autem
3140 4494 3299 4550 vellet
3328 4504 3381 4550 et
3408 4493 3579 4548 Mater
3632 4494 3715 4547 dio

2148 4600 2290 4650 cere,
2323 4586 2458 4652 Quia
2486 4587 2638 4654 virgo
2673 4602 2899 4643 manens
2947 4602 3070 4640 eum
3118 4586 3280 4640 enixa
3339 4601 3457 4639 sum
3494 4604 3509 4651 ;
3554 4585 3713 4640 unius

2153 4671 2398 4731 mulieris
2430 4687 2617 4731 contra
2649 4688 2901 4734 naturam
2942 4668 3320 4733 testimonium
3351 4678 3533 4731 minus
3577 4677 3720 4730 vale-

2154 4778 2256 4833 ret,
2282 4758 2337 4821 et
2364 4770 2596 4822 maxime
2632 4770 2772 4837 apud
2808 4762 3071 4824 Judaeos."
3089 4768 3185 4823 His
3214 4768 3379 4838 igitur
3419 4768 3583 4821 tantis
3620 4769 3722 4819 itn-

2154 4842 2480 4927 pedimentis
2511 4860 2822 4914 constitutis
2862 4860 2928 4912 ad
2958 4860 3138 4925 fidem,
3169 4856 3421 4912 arduum
3466 4866 3584 4911 erat
3631 4871 3721 4909 su-

2153 4949 2283 5017 scipi
2314 4950 2747 5016 prtcdicationem
2776 4937 2790 5005 ἑ
2822 4960 2875 5004 et
2907 4946 3140 5004 maxime
3171 4949 3296 5018 quia
3314 4949 3403 5017 qui
3439 4948 3723 5001 videbatur

2153 5030 2259 5092 non
2287 5026 2400 5091 erat
2432 5039 2524 5107 qui
2562 5032 2616 5093 et
2636 5034 2953 5095 dicebatur:
2984 5041 3425 5110 przedicationem
3450 5038 3725 5108 prabebat

2154 5122 2288 5183 nihil
2322 5121 2532 5199 suscipi.
2557 5124 2753 5187 debere
2782 5128 3273 5203 qum'vitlebautur
3313 5131 3588 5186 :‘credere
3624 5144 3727 5180 au-

2153 5210 2262 5274 tem
2312 5222 2435 5290 quia
2491 5221 2541 5274 in
2579 5220 2871 5291 principio"
2918 5231 3034 5276 crat
3065 5220 3349 5286 Verbum,
3387 5230 3440 5273 et
3486 5217 3721 5273 Verbum

2152 5320 2270 5365 erat
2312 5298 2529 5374 vivens.
2562 5304 2641 5367 'et
2688 5313 2828 5367 Deus
2877 5322 2992 5368 erat
3040 5310 3325 5376 Verbum;
3359 5311 3473 5365 hac
3520 5308 3586 5363 ad
3630 5308 3723 5361 illa

2150 5415 2270 5470 qum
2297 5394 2745 5470 inSpiciebantur,
2783 5401 2982 5455 nullam
3013 5400 3334 5455 videbantur
3359 5399 3561 5452 habere
3589 5410 3723 5450 cou-

2152 5493 2481 5546 sensioucm.
2533 5492 2999 5558 Quemadmodum
3021 5506 3168 5562 .ergo
3207 5491 3259 5545 id
3307 5491 3450 5559 quod
3476 5487 3717 5555 incredi-

2154 5581 2259 5636 bile
2298 5592 2380 5638 cst
2408 5582 2637 5637 efﬁcitur
2668 5584 2949 5653 credibile,
2996 5584 3109 5653 ipse
3157 5582 3287 5638 dicit
3328 5580 3584 5638 Dominus
3616 5596 3629 5635 :
3658 5576 3722 5632 Si

2229 5764 2304 5834 (1)
2336 5762 2543 5830 Melius,
2568 5767 2839 5819 ostendito.
