3956 6520
268 412 292 465 ί
313 411 405 465 19⁸1

1579 430 1664 486 DE
1703 432 2042 492 OPERIBUS
2067 438 2294 531 .BONIS.

266 545 423 597 opera
458 547 559 584 non
593 532 732 600 [ario
766 551 884 605 qum
912 537 1092 591 nullus
1122 539 1259 596 alius
1285 543 1435 611 facit,
1460 548 1618 603 nolite
1642 552 1849 606 credere
1880 560 1925 612 Α
1954 553 2048 622 qui
2078 554 2242 608 etiam
2274 558 2564 614 mandabat
2593 564 2796 618 curatis
2838 579 2901 618 ne
2938 566 3176 623 dicerent
3213 570 3372 625 alicui
3401 588 3521 642 quae

264 623 395 675 mihi
434 624 498 677 ⁸⁸.
545 624 696 680 Sicut
752 628 894 682 enim
948 633 1093 698 quod
1137 635 1427 691 videbatur
1469 640 1632 696 dabat
1683 643 1840 698 ﬁdem

261 714 387 779 quia
443 714 605 768 homo
660 727 803 782 erat,
864 720 933 772 ita
994 724 1119 775 dum
1168 737 1513 794 operaretur,
1570 734 1842 800 prmbebat

260 806 591 872 agnitionem
648 812 773 880 quia
835 813 994 868 Deus.
1048 815 1378 887 Dormiebat,
1424 822 1840 882 describebatur

258 895 423 951 homo
450 916 463 965 ;
502 901 773 957 suscitans
792 916 970 958 autem
1002 919 1267 977 mortuos,
1295 915 1621 970 ostendebat
1646 919 1831 975 Deum.

258 987 375 1043 Non
411 993 556 1046 enim
590 1010 814 1050 somnus
846 998 1062 1065 quidem
1097 1008 1433 1073 suggerebat
1470 1007 1703 1063 hominis
1740 1025 1837 1064 na-

255 1088 455 1146 turam,
487 1089 816 1142 resurrectio
847 1098 1026 1143 autem
1061 1104 1396 1150 mortuorum
1438 1113 1545 1154 non
1580 1104 1836 1157 ostende-

256 1175 347 1225 bat
385 1174 551 1229 Deum
577 1178 756 1231 vivum
779 1195 841 1234 ex
872 1183 1089 1238 vivente
1114 1185 1221 1241 Deo
1249 1206 1261 1240 :
1299 1203 1471 1257 neque
1496 1194 1832 1250 manducans

252 1264 469 1329 quidem
516 1269 808 1324 exhibebat
862 1274 1157 1343 hominem,
1221 1294 1284 1334 ex
1338 1283 1529 1349 paucis
1576 1287 1719 1339 enim
1752 1285 1830 1357 (2)

251 1350 484 1415 panibus
534 1370 763 1422 pascens
811 1360 976 1414 millia
1040 1364 1331 1424 hominum
1381 1386 1485 1424 non
1536 1373 1833 1430 exhibebat

252 1440 417 1494 Deum
463 1461 476 1495 :
531 1461 704 1515 neque
756 1453 876 1505 navi
932 1456 1150 1524 quidem
1198 1462 1454 1530 navigare
1510 1467 1830 1523 ostendebat

247 1530 563 1601 hominem;
624 1539 674 1592 in
715 1544 943 1598 summis
996 1542 1195 1604 autem'
1226 1554 1481 1609 ﬂuctibus
1525 1559 1826 1626 ambulare,

245 1636 353 1673 non
406 1628 723 1684 ostendebat
769 1633 933 1689 Deum
997 1642 1180 1695 maris.
1237 1643 1342 1699 Sed
1391 1648 1531 1703 sicut
1577 1649 1827 1708 humanas

244 1721 457 1768 naturae
492 1715 830 1775 formabatur
864 1727 1226 1786 utdiceretnr
1270 1733 1454 1801 homo,
1509 1738 1578 1793 ita
1627 1742 1827 1795 divini—

245 1804 374 1857 tatis
408 1806 523 1872 ejus
550 1823 714 1879 opera
745 1814 1149 1877 abscondebant
1174 1834 1226 1879 et
1253 1827 1548 1887 hominem.
1585 1831 1689 1886 Sed
1724 1837 1820 1888 ad-

240 1892 514 1950 mirabilia
553 1901 767 1967 quidem
796 1919 917 1973 quze
945 1919 1076 1964 ante
1106 1915 1413 1979 passionem
1453 1934 1604 1975 suam
1651 1922 1818 1977 facie-
1854 1903 1892 1955 Β

237 1982 353 2047 bal,
388 1989 709 2047 ostendebat
743 1996 867 2063 quia
914 1999 1112 2058 divina:
1148 2006 1369 2064 virtutis
1412 2024 1553 2067 esset
1613 2016 1814 2071 adven-

239 2084 326 2129 tus
366 2095 378 2130 :
422 2079 488 2133 de
520 2088 914 2144 resurrectione
972 2108 1149 2151 autem
1188 2098 1302 2166 ejus
1335 2102 1482 2173 signa
1528 2120 1648 2175 qute
1678 2124 1815 2178 prac-

234 2177 539 2236 cesserant,
575 2188 679 2228 non
710 2178 964 2236 omnibus
1004 2186 1335 2244 exhibebant
1388 2195 1643 2249 virtutem
1675 2207 1728 2253 et
1754 2199 1815 2252 li-

233 2256 357 2309 dem
396 2268 813 2323 resurrectionis
837 2271 975 2340 ejus,
1006 2276 1099 2330 sed
1135 2292 1273 2347 opus
1306 2293 1426 2337 erat
1472 2287 1595 2340 aliis
1646 2289 1814 2357 signis

230 2364 353 2415 qute
391 2367 451 2405 ea
486 2353 768 2412 ﬁrmarent
813 2379 825 2413 :
882 2365 1009 2431 quia
1038 2382 1146 2422 non
1174 2372 1349 2424 solum
1396 2389 1632 2442 prrcsens
1659 2391 1812 2435 ante-

227 2456 391 2508 quam
429 2454 709 2512 pateretur
732 2462 989 2519 operatus
1024 2467 1107 2511 est
1134 2462 1405 2516 mirabilia
1434 2481 1447 2517 :
1477 2468 1571 2520 sed
1605 2472 1729 2539 quia
1756 2483 1809 2527 et

222 2543 469 2589 mortuos
512 2539 817 2606 suscitavit,
865 2554 919 2597 et
969 2547 1084 2614 ipse
1142 2565 1430 2623 resurgens
1462 2558 1803 2616 mirificatur.

221 2622 330 2676 L'bi
356 2639 486 2695 ergo
518 2626 616 2681 ista
650 2639 774 2683 sunt
804 2634 1074 2692 mirabilia
1115 2656 1236 2709 qua:
1288 2654 1407 2712 post
1449 2658 1807 2710 resurrectio-

216 2730 346 2768 nem
414 2730 571 2774 erant
634 2722 881 2780 facienda
928 2729 953 2781 ἲ
1010 2746 1186 2801 neque.
1258 2738 1400 2791 enim
1455 2745 1803 2816 semetipsum

216 2807 423 2862 mundo
468 2814 728 2879 ostendit,
781 2832 955 2888 neque
990 2819 1214 2880 Judzeis.
1273 2826 1331 2883 Si
1381 2829 1547 2897 igitur
1573 2807 1678 2891 non
1708 2852 1802 2895 os-

217 2898 391 2951 tendit
421 2904 802 2973 semetipsum,
829 2911 1103 2977 quomodo
1121 2927 1300 2984 potest
1323 2921 1444 2988 quis
1468 2924 1649 2982 dicere
1674 2929 1798 2998 quia

215 2987 426 3043 faciens
466 2994 734 3052 mirabilia
786 3003 1104 3060 credibilem
1162 3008 1292 3065 fecit
1335 3018 1796 3075 resurrectionem

210 3092 367 3132 suam
394 3082 419 3134 ?
449 3082 648 3142 Judaeis
681 3091 825 3145 enim
852 3098 1202 3167 semetipsum
1235 3119 1338 3158 non
1382 3107 1791 3179 demonstravit,

210 3185 283 3225 ne
316 3172 507 3243 duplex
544 3180 611 3231 ab
644 3182 722 3236 eis
749 3183 1127 3257 irreligiositas
1164 3201 1487 3251 tentaretur.
1540 3199 1648 3255 Sed
1686 3219 1790 3258 non
1822 3237 1861 3291 ο

210 3272 461 3291 Μυκη..
500 3271 709 3291 μινηὼ
750 3274 786 3291 η
956 3289 963 3291 _
1314 3287 1325 3291 _
1480 3288 1520 3291 μ

208 3272 465 3329 poterant
488 3271 717 3341 nolente
748 3274 880 3342 Deo,
916 3289 970 3333 et
995 3295 1098 3335 non
1125 3287 1452 3341 concedente
1480 3288 1786 3360 Unigenito,

206 3357 449 3410 secundo
490 3377 612 3414 eum
641 3363 856 3435 alligare
885 3372 1032 3425 cruci
1060 3392 1072 3427 :
1102 3375 1369 3443 siquidem
1407 3394 1507 3434 nec
1558 3383 1789 3450 primam

204 3446 492 3502 audaciam
530 3454 904 3523 perfecissent,
951 3462 1053 3516 nisi
1105 3462 1268 3521 Pater
1310 3473 1692 3539 concessisset,
1737 3489 1788 3533 et

201 3536 376 3592 Filius
419 3545 775 3609 permisisset.
822 3550 926 3605 Sed
980 3554 1194 3610 interim
1225 3560 1481 3618 alacritas
1527 3567 1661 3620 mala
1690 3570 1787 3622 du-

201 3626 328 3695 plex
370 3628 649 3689 habuisset
683 3638 906 3692 malitiae
953 3642 1189 3698 fructum
1231 3666 1241 3700 :
1282 3647 1395 3704 sive
1430 3653 1573 3707 enim
1605 3656 1784 3728 allige-

198 3730 329 3771 rent
366 3719 583 3787 iterum,
616 3725 731 3780 sive
766 3743 873 3781 non
906 3729 1207 3801 alligarent,
1232 3736 1431 3793 vellent
1459 3752 1674 3809 autem;
1705 3748 1785 3801 in-

198 3811 362 3863 terim
392 3812 491 3880 ipsi
527 3815 794 3884 duplicem
821 3820 1085 3878 baberent
1122 3826 1486 3895 iniquitatem.
1520 3834 1653 3890 Erat
1685 3853 1782 3893 au-

197 3909 309 3956 tem
335 3907 549 3974 etquod
576 3906 736 3962 nebat
769 3914 1009 3968 secundo
1033 3917 1364 3985 superﬂuum
1389 3941 1400 3974 :
1432 3926 1598 3980 semel
1623 3930 1766 3983 enim

194 3997 536 4051 reconditum
570 4010 689 4054 erat
718 4013 776 4056 ut
801 4004 1137 4073 dispensatio
1155 4011 1523 4080 compleretur
1552 4018 1630 4072 :sl
1658 4022 1776 4098 qui.-

191 4090 320 4142 dem
352 4105 450 4145 nec
491 4093 747 4160 possibile
781 4104 897 4149 erat
922 4108 1043 4167 post
1074 4105 1530 4161 resurrectionem
1578 4125 1775 4180 corpus

192 4182 344 4248 quod
367 4181 478 4248 jam
512 4184 974 4244 immortalitatem
1026 4192 1203 4247 fuerat
1251 4197 1530 4265 adeptum,
1571 4202 1769 4258 iterum

194 4273 484 4328 incurrere
513 4287 762 4331 mortem.
798 4278 905 4335 Sed
940 4282 1081 4337 sicut
1108 4286 1342 4341 animam
1386 4292 1564 4348 nullus
1595 4307 1773 4362 potest

184 4364 439 4419 occidere
472 4366 596 4435 quia
627 4378 711 4424 est
734 4369 1077 4439 immortalis,
1102 4377 1176 4432 ita
1211 4391 1263 4434 et
1282 4393 1500 4452 corpus,
1532 4400 1652 4441 cum
1687 4390 1769 4442 in-

180 4456 376 4509 dutum
451 4456 613 4514 fuerit
688 4462 1130 4533 immortalitate,
1192 4471 1349 4527 istam
1404 4478 1769 4549 habetlpost

181 4551 643 4607 resurrectionem
667 4556 1100 4623 promissionem.
1125 4560 1277 4628 Quod
1300 4565 1441 4619 enim
1462 4568 1769 4629 immortale

180 4640 518 4709 indulgentia
549 4643 753 4700 factum
782 4658 885 4711 est,
916 4666 1018 4704 non
1051 4658 1360 4726 potestiam
1393 4660 1766 4733 interemptio-

178 4746 306 4785 nem
340 4733 735 4791 abhomiuibus
765 4739 1116 4807 patiJudteis
1159 4745 1323 4815 igitur
1350 4760 1473 4819 post
1519 4769 1765 4810 resurre-

175 4822 383 4877 tionem
427 4840 534 4879 non
582 4841 640 4880 se
680 4832 965 4887 ostendere
1007 4834 1316 4903 Dominum,
1371 4846 1645 4910 parcentis
1679 4856 1765 4902 est

171 4917 379 4971 Iudaeis
406 4936 420 4972 :
450 4919 541 4988 qui
583 4922 724 4975 enim
777 4923 1205 4997 Hierosolymam
1248 4930 1483 4997 deflevit,
1528 4950 1758 5006 procur-

171 5025 299 5063 rere
352 5011 583 5080 duplicia
618 5015 792 5079 mala;
839 5034 946 5073 non
989 5021 1170 5077 facere
1215 5032 1396 5103 autem
1446 5028 1619 5099 signa,
1670 5042 1762 5088 aut

171 5100 447 5156 modicum
479 5105 605 5172 quid
645 5106 924 5176 discipulis
949 5113 1256 5177 ostendere,
1283 5125 1340 5169 ut
1367 5100 1492 5185 puta
1524 5119 1755 5189 piscium

168 5188 356 5243 subito
379 5192 778 5248 multitudinem
804 5208 1039 5268 captam,
1066 5212 1159 5257 aut
1190 5204 1335 5259 aliud
1369 5206 1571 5277 aliquid
1608 5214 1747 5279 tale;

165 5297 275 5335 non
318 5292 437 5337 erat
481 5287 861 5343 ostentationis
901 5299 1131 5362 tempus,
1177 5309 1350 5365 neque
1396 5302 1749 5372 semetipsum

162 5372 525 5428 ostendentis.
563 5373 746 5444 Neque
775 5378 919 5433 enim
956 5397 1078 5435 eum
1119 5384 1323 5441 faceret
1371 5397 1497 5444 ante
1540 5396 1748 5459 passio-

164 5475 289 5514 nem
346 5462 615 5521 mirabilia
672 5468 964 5537 Dominus,
1019 5484 1303 5533 osmntans
1357 5494 1415 5534 se
1476 5480 1744 5555 faciebat,

232 5642 276 5673 “
304 5643 458 5700 Joan.
485 5661 537 5709 ι,
564 5648 665 5713 37;
703 5665 788 5716 xv,
816 5651 904 5705 εἰ.

263 5764 313 5828 2)
354 5764 527 5821 Enim.
566 5768 752 5833 Forte.
780 5782 973 5827 autem.

231 5763 311 5905 £3)
356 5833 573 5893 Pbrasis
611 5839 822 5905 Graeca,
866 5845 973 5898 am

982 5654 1026 5684 "
1060 5653 1190 5712 Luc.
1223 5675 1297 5727 ιι,
1336 5662 1414 5717 l9.

1946 646 2087 712 passi
2124 645 2351 702 fuissent
2381 650 2516 705 bene
2550 654 2649 723 (5).
2678 655 3048 713 Conservabat
3094 660 3237 714 enim
3287 663 3516 732 dignitm

1945 742 2051 787 tem
2085 739 2520 804 resurrectionis,
2562 752 2615 798 et
2647 749 3001 816 regressionis
3035 765 3147 806 suae
3178 754 3244 806 ad
3274 752 3514 817 Patrem,

1928 834 1993 896 oet
2023 826 2288 882 adventus
2316 828 2547 899 Spiritus
2570 838 2764 893 sancti.
2803 840 2943 905 Quid
2983 842 3127 896 enim
3172 847 3343 916 magis
3386 864 3513 901 sua-

1942 915 2103 969 debat
2132 918 2425 988 discipulos
2463 923 2603 991 ejus,
2643 927 2686 980 si
2723 928 2836 997 ipse
2879 929 3081 988 faceret
3118 915 3294 1005 signa,
3337 948 3429 992 aut
3469 942 3511 994 si

1938 1018 2003 1058 ex
2039 1004 2171 1073 ipsis
2194 1009 2458 1075 praeberet
2483 1014 2733 1069 virtutem
2759 1016 2935 1075 facere
2963 1004 3361 1095 majoraquam
3398 1028 3514 1097 ipse

1937 1095 2204 1152 faciebat?
2233 1100 2409 1169 Ipsum
2439 1104 2583 1158 enim
2630 1106 2811 1163 facere
2844 1113 3015 1182 signa,
3051 1126 3109 1171 ut
3144 1128 3270 1187 puta
3313 1121 3512 1191 ejicere

1936 1187 2201 1244 daemonia
2234 1206 2261 1244 a
2292 1194 2617 1262 corporibus
2659 1202 2947 1267 possessis,
2991 1219 3301 1276 suspectum
3350 1227 3377 1265 a
3411 1211 3513 1266 Ju—

1935 1280 2064 1335 daeis
2085 1290 2167 1335 est
2186 1283 2311 1349 quia
2346 1284 2399 1337 in
2435 1285 2737 1344 Beelzebub
2766 1293 2867 1348 hoc
2893 1293 3040 1351 facit.
3067 1300 3299 1369 Cupiens
3324 1316 3505 1359 autem

1935 1386 2161 1441 arguere
2188 1375 2311 1441 quia
2341 1375 2433 1431 Dei
2461 1392 2620 1445 opera
2649 1380 2881 1453 principi
2915 1386 3300 1446 daemoniorum
3328 1396 3505 1449 ascri-
3598 1422 3599 1425 η

1932 1462 2065 1516 bunt
2098 1464 2290 1533 Judtei,
2342 1478 2395 1522 et
2443 1470 2679 1526 maxime
2719 1488 2780 1528 ea
2832 1490 2952 1543 qua;
3000 1480 3285 1538 adversum
3325 1486 3501 1555 ipsum

1930 1555 2226 1626 principem
2266 1559 2654 1617 daemoniorum
2685 1573 2739 1617 et
2767 1564 2886 1633 ejus
2921 1572 3219 1627 exercitum
3264 1574 3486 1643 ﬁebant,

1930 1647 2152 1701 adduxit
2184 1650 2234 1702 in
2268 1651 2503 1706 medium
2542 1655 2610 1708 de
2641 1654 2920 1725 discipulis
2960 1661 3093 1724 suis,
3139 1671 3193 1717 et
3230 1666 3367 1721 dixit
3398 1685 3412 1720 :
3446 1670 3508 1723 Si

1926 1754 2018 1805 ego
2049 1740 2102 1792 in
2144 1739 2427 1797 Beelzebub
2461 1747 2614 1815 ejicio
2650 1748 2933 1814 daemonia,
2979 1753 3079 1820 ﬁlii
3123 1758 3278 1810 vestri
3315 1760 3369 1813 in
3403 1776 3507 1829 quo

1926 1830 2260 1898 ejiciunt'"?
2293 1834 2405 1890 Hoc
2434 1845 2537 1903 est,
2572 1839 2658 1893 isti
2695 1843 2798 1896 mei
2848 1844 3094 1914 discipuli
3119 1849 3208 1915 qui
3247 1864 3314 1905 ex
3350 1855 3505 1908 vobis

1923 1934 2069 1989 sunt,
2104 1925 2153 1978 in
2185 1941 2291 1995 quo
2329 1924 2589 1995 ejiciunt?
2618 1931 2752 1999 Quia
2791 1934 2956 2005 igitur
2994 1951 3055 1992 ea
3101 1954 3223 2009 quae
3268 1941 3335 1996 ab
3382 1944 3502 2013 ipso

1924 2015 2141 2078 flebant,
2180 2027 2401 2088 propter
2446 2022 2711 2077 malitiam
2762 2027 3174 2098 suscipientium
3223 2033 3495 2088 aliis.ha-

1922 2100 2121 2155 hebant
2162 2105 2530 2173 suspiciones:
2571 2103 2849 2181 discipulis
2891 2118 3002 2173 suis
3053 2123 3233 2176 omnia
3280 2137 3499 2180 conser-

1920 2191 2099 2255 vabat,
2134 2202 2192 2246 ut
2247 2210 2525 2264 praecones
2572 2205 2990 2263 resurrectionis
3033 2221 3275 2269 mortuos
3323 2217 3499 2271 susci-

1919 2292 2112 2351 tantes,
2159 2303 2330 2344 caecos
2377 2291 2639 2351 facientes
2693 2300 2913 2369 videre,
2969 2305 3177 2363 claudis
3228 2311 3495 2368 donantes

1916 2376 2215 2445 ambulare,
2241 2392 2293 2434 et
2319 2383 2558 2452 leprosos
2583 2392 2960 2463 emundantes,
2985 2412 3297 2456 sermonum
3320 2405 3497 2476 digni-

1915 2476 2074 2522 tatem
2128 2486 2225 2539 per
2279 2474 2544 2531 mirabilia
2597 2486 2970 2542 ostenderent.
3030 2492 3169 2556 Quid
3220 2474 3491 2552 enim'ita

1912 2567 2121 2626 poterat
2144 2560 2382 2619 Lazarus
2415 2578 2534 2635 post
2561 2581 2796 2638 quatuor
2818 2577 2932 2632 dies
2975 2595 3266 2652 resurgens
3288 2601 3317 2639 a
3345 2602 3494 2642 mor—

1912 2655 2019 2709 tuis
2054 2658 2295 2725 prazbere
2325 2662 2391 2716 ad
2419 2662 2574 2718 fidem
2610 2665 2695 2721 his
2724 2669 2812 2737 qui
2844 2671 3115 2739 viderant,
3137 2693 3300 2746 quam
3342 2690 3400 2733 ut
3437 2697 3492 2735 et

1912 2750 2010 2821 ipsi
2038 2752 2282 2824 discipuli
2322 2771 2444 2811 eum
2485 2759 2621 2815 alios
2655 2764 2988 2822 suscitarent
3032 2783 3129 2840 per
3168 2775 3492 2843 semetipsos

1910 2853 2151 2899 mortuos
2194 2847 2543 2915 praebebant?
2579 2851 2645 2907 Et
2687 2856 2814 2923 quid
2866 2858 2970 2915 tale
3000 2863 3063 2915 ad
3105 2862 3264 2918 fidem
3296 2868 3486 2929 valuit.

1908 2942 1962 2986 ut
2005 2934 2262 2992 Dominus
2290 2953 2393 2994 non
2438 2941 2662 3000 edoctus
2709 2946 2921 3005 litteras
2959 2951 3183 3021 legeret,
3223 2970 3486 3024 quanlum

1908 3024 2097 3081 Petrus
2128 3044 2232 3083 non
2270 3031 2493 3089 edoctus
2516 3035 2753 3108 linguam
2786 3041 2969 3107 ullam,
3007 3044 3143 3101 forte
3171 3062 3236 3101 ne
3267 3050 3485 3118 quidem

1900 3126 1954 3169 et
1977 3120 2233 3187 patriam,
2284 3124 2419 3181 bene
2462 3131 2608 3185 omni
2664 3131 2978 3202 loqueretur
3020 3138 3221 3211 lingua,
3269 3153 3322 3195 et
3363 3160 3483 3195 oin-

1901 3224 2022 3264 nem
2060 3213 2307 3269 audiret?
2344 3217 2499 3275 Unde
2525 3231 2579 3276 et
2609 3223 2816 3280 Lazaro
2869 3242 3205 3300 resurgente,
3258 3243 3306 3287 et
3359 3236 3479 3287 aliis

1900 3301 2191 3372 aliquantis
2246 3311 2473 3366 mortuis
2512 3315 2789 3372 suscitatis
2842 3319 3003 3374 etiam
3043 3323 3200 3377 caecis
3247 3326 3477 3380 vidente

1898 3393 2020 3455 bus,
2059 3398 2153 3451 sed
2179 3408 2233 3451 et
2265 3399 2352 3453 illo
2385 3402 2478 3472 qui
2526 3404 2597 3459 ita
2641 3405 2820 3467 fuerat
2872 3426 3031 3467 natus
3079 3415 3371 3485 recipiente
3401 3418 3479 3469 vi-

1898 3494 2037 3549 sum,
2065 3484 2174 3539 imo
2204 3488 2505 3558 accipiente
2527 3536 2541 3559 ,
2585 3501 2892 3556 emundatis
2927 3503 3091 3557 etiam
3127 3484 3372 3575 plurimis
3402 3508 3477 3559 Ie-

1896 3577 2092 3642 prosis,
2152 3589 2207 3633 et
2268 3584 2473 3637 sanatis
2535 3588 2775 3646 millibus
2848 3594 3161 3663 hominum,
3246 3602 3478 3669 negabat

1895 3664 2108 3735 Petrus,
2131 3682 2185 3725 et
2212 3674 2431 3740 jurabat
2461 3693 2527 3735 ne
2551 3681 2767 3749 quidem
2810 3694 2869 3738 ut
2902 3687 3175 3744 hominem
3216 3706 3274 3744 se
3305 3693 3472 3747 scire.

1893 3757 2026 3825 Quia
2062 3775 2242 3821 autem
2274 3773 2420 3826 venit
2474 3774 2713 3844 Spiritus
2757 3788 2976 3835 sanctus
3016 3784 3213 3837 missus
3250 3801 3276 3836 a
3314 3785 3469 3851 Filio,

1891 3863 1945 3904 et
1969 3855 2216 3911 coel‘fecit
2263 3860 2406 3917 intus
2440 3868 2788 3923 sanctiﬁcans
2820 3872 3028 3937 virtus,
3066 3874 3202 3929 alius
3235 3893 3334 3946 pro
3367 3880 3472 3933 alia

1892 3941 2063 3998 factus
2105 3947 2317 4016 Petrus,
2366 3965 2420 4008 et
2458 3956 2569 4023 jam
2619 3958 2821 4026 Spiritu
2875 3963 3199 4032 baptizatus,
3235 3941 3339 4022 non
3384 3987 3473 4027 so-

1889 4032 1997 4087 lum
2030 4052 2132 4090 non
2161 4052 2320 4111 negat
2350 4045 2415 4099 ad
2437 4060 2618 4103 vocem
2642 4052 2852 4118 puellae,
2876 4058 2969 4109 sed
3006 4065 3061 4110 et
3098 4061 3242 4113 omni
3278 4064 3470 4131 populo

1887 4124 2093 4179 resistit
2134 4146 2145 4181 :
2181 4137 2235 4183 et
2265 4134 2353 4199 qui
2403 4146 2560 4192 antea
2616 4155 2674 4194 se
2722 4142 3111 4212 abscondebat,
3161 4124 3304 4205 nunc
3346 4124 3468 4208 cum

1887 4213 2080 4269 llducia
2112 4220 2179 4272 ad
2216 4224 2478 4281 terminos
2512 4244 2682 4300 usque
2715 4242 2873 4288 terra;
2914 4238 3194 4305 praedicat,
3223 4252 3278 4295 et
3306 4245 3465 4300 docet

1884 4306 2186 4366 universos.
2221 4312 2297 4367 lta
2330 4318 2596 4376 adventus
2629 4322 2866 4393 Spiritus
2889 4332 3089 4397 sancti,
3121 4320 3213 4401 qui
3253 4334 3464 4404 ingres-

1884 4407 1977 4450 sus
2024 4400 2196 4455 estin
2257 4404 2569 4477 discipulos,
2623 4423 2679 4468 et
2723 4415 2935 4483 ellecit,
2992 4426 3455 4482 resurrectionem

1882 4484 2095 4545 Domini
2120 4502 2175 4548 et
2206 4501 2631 4568 assumptiouem
2676 4506 2846 4563 visam
2895 4513 3231 4584 praedicavit,
3265 4530 3319 4573 et
3345 4521 3463 4589 ejus

1805 4594 1847 4648 ο
1879 4578 2131 4637 virtutem
2172 4592 2534 4647 annuntiavit.
2579 4597 2712 4652 Cum
2745 4578 3172 4662 enim—cocilecit
3198 4578 3459 4680 Spiritus,

1878 4679 2273 4735 transmutatus
2310 4692 2395 4738 est
2433 4684 2622 4744 Petrus
2659 4708 2672 4743 :
2721 4700 2863 4748 totus
2908 4698 3128 4768 clamat,
3177 4679 3290 4771 jam
3349 4721 3455 4761 non

1876 4778 2098 4835 negans,
2136 4772 2229 4825 sed
2271 4776 2571 4842 praedicans
2616 4781 2976 4843 Salvatorem.
3014 4791 3325 4863 Stephanus
3357 4815 3454 4853 au-

1877 4862 1983 4908 tem
2006 4866 2062 4911 et
2094 4858 2207 4929 ipse
2250 4865 2374 4921 silet
2410 4869 2474 4924 ad
2518 4872 2740 4943 lapides.
2796 4889 2850 4933 et
2903 4858 3187 4941 Dominum
3239 4904 3455 4945 annuu-

1874 4944 1990 5011 tiat,
2020 4962 2179 5017 quem
2229 4957 2295 5010 ad
2331 4958 2609 5017 dexteram
2638 4966 2832 5026 .Patris
2869 4982 3103 5030 stantem
3151 4993 3455 5049 conspexe-

1864 5046 1948 5090 rat
1996 5054 2009 5089 :
2067 5050 2122 5095 et
2171 5043 2309 5101 alius
2364 5050 2507 5107 aliud
2565 5056 2937 5127 eloquebatur,
2976 5076 3031 5120 et
3075 5068 3194 5124 sine
3244 5073 3447 5128 solatio

1862 5137 2018 5181 erant
2054 5137 2260 5202 negotia
2307 5137 2641 5203 .ludrcorum.
2706 5152 2859 5206 Sicut
2932 5160 3075 5213 enim
3140 5162 3193 5217 in
3244 5165 3451 5220 diluvio

1862 5217 2082 5275 interim
2124 5228 2341 5292 quidem
2391 5233 2499 5289 Noe
2542 5253 2645 5293 non
2692 5246 3018 5303 credebatur
3060 5252 3185 5307 dum
3245 5255 3450 5312 laceret

1862 5323 2046 5367 arcam
2083 5337 2093 5370 :
2128 5332 2248 5373 cum
2282 5334 2461 5380 autem
2496 5330 2677 5387 subito
2707 5344 2877 5392 totum
2924 5342 3120 5398 cmlum
3168 5348 3443 5405 emitteret

1862 5400 2071 5472 ﬂuvios,
2107 5417 2250 5467 terra
2287 5425 2466 5476 autem
2503 5436 2993 5503 eructaretaquas,
3017 5447 3071 5490 et
3098 5438 3221 5494 inde
3257 5450 3441 5496 arcta-

1866 5504 2018 5552 retur
2046 5499 2398 5566 incredulitas
2448 5523 2503 5570 et
2539 5518 2605 5574 de
2634 5520 2773 5579 cmlo
2804 5499 2867 5579 et
2891 5525 2955 5581 de
2980 5499 3139 5583 terra
3177 5532 3244 5587 ab
3286 5534 3445 5603 aquis

257 5835 311 5905 5)
356 5833 573 5893 Pbrasis
611 5839 822 5908 Graeca,
866 5845 1023 5900 arm
1056 5850 1113 5901 εὖ
1154 5850 1217 5904 ἃν
1264 5852 1484 5921 ἔπαθον,
1518 5873 1635 5929 qua:
1673 5862 1795 5919 bent

1904 5880 1931 5920 a
1957 5870 2307 5937 accepissent.
