3956 6516
446 443 577 500 1199

436 575 493 617 ut.
535 555 916 628 prafocaretnr
962 543 1098 611 :_ita
1140 547 1194 592 et
1253 550 1347 604 per
1379 528 1655 600 apostolos
1689 520 1856 577 Judaei
1897 510 2011 571 'an-

436 609 808 723 gusiiabantur
865 654 970 694 non
1003 609 1330 690 credentes,
1388 633 1444 678 et
1501 613 1842 675 admirabilia
1880 609 2016 664 indi—

436 709 703 813 Errantes:
739 733 982 786 videntes
1011 726 1153 781 enim
1197 722 1284 776 isti
1311 733 1378 774 ne
1403 715 1480 785 (4)
1510 711 1726 783 quidem
1776 709 2016 758 mortuos

438 833 729 891 suseitatos
793 823 860 878 a'b
918 818 1179 890 Apostolo
1236 817 1624 878 exsurgentes,
1687 817 1783 870 per
1855 797 2016 850 alium

439 922 663 979 claudos
703 913 1063 973 ambulantes,
1106 921 1202 977 per
1247 903 1476 958 alterum
1510 897 1613 950 alia
1664 893 1813 958 signa
1870 876 2046 940 com-'

443 1016 613 1087 pleta,
647 1020 701 1067 et
724 1023 822 1080 per
856 1005 1019 1059 alium
1057 999 1272 1067 linguas
1310 993 1591 1048 audientes
1627 982 2023 1053 plurimas;ar-

443 1109 574 1162 ctati
607 1103 875 1161 meatibus
900 1092 1207 1154 istiusmodi
1239 1090 1677 1159 signorum,quze
1715 1076 1779 1129 de
1811 1085 2022 1127 sursum

446 1197 710 1269 apostolis
735 1195 950 1248 fuerant
972 1190 1194 1247 donata,
1223 1180 1408 1236 eadem
1436 1189 1554 1244 quae
1579 1173 1631 1223 in
1663 1179 1805 1222 terra
1838 1164 2026 1216 viden-

450 1305 530 1346 tes
565 1285 853 1350 mirabilia,
905 1281 994 1349 qui
1029 1274 1144 1330 ausi
1192 1273 1407 1324 fuerant
1451 1262 1767 1330 magistrum
1814 1252 2028 1323 afﬁgere

448 1383 621 1447 cruci,
661 1347 855 1434 incerti
888 1347 1043 1428 e'rant
1090 1367 1216 1436 quid
1259 1363 1502 1415 facerent
1559 1349 1838 1419 discipulis
1883 1347 2025 1412 ejus.

435 1480 563 1544 'Qua
594 1477 762 1546 igitur
797 1470 863 1524 de
893 1479 1077 1522 causa,
1109 1435 1207 1514 sub
1232 1449 1523 1525 praesentia
1546 1443 1761 1513 quidem
1795 1435 2027 1499 Domini,

449 1527 504 1624 ἔῑ
537 1527 768 1636 apostoli
801 1561 1112 1615 dubitantes
1136 1547 1338 1603 fuerint
1367 1537 1656 1608 aliquoties
1681 1532 1895 1587 oblatos
1921 1527 2026 1581 sibi

425 1676 558 1713 ~non
616 1654 855 1726 potuisse
901 1658 1125 1706 curare;
1175 1645 1297 1708 post
1343 1625 1800 1688 resurrectionem
1853 1628 2032 1670 autem

1455 1725 1462 1726 κ
1572 1720 1583 1726 -
1751 1712 1773 1726 ι-
1848 1725 1851 1726 ν
1907 1724 1920 1726 -
1961 1705 2030 1726 ινχ

455 1763 509 1807 et
571 1705 776 1818 mrajora
830 1754 991 1811 quam
1055 1733 1311 1789 Dominus
1363 1725 1495 1779 fecit
1543 1720 1694 1786 signa
1750 1705 2033 1775 facere(5)

457 1839 747 1911 discipuli?
780 1835 879 1890 sub
913 1833 1026 1901 ejus
1046 1831 1187 1882 enim
1223 1817 1511 1893 prmsenlia
1541 1813 1662 1866 ideo
1694 1805 1826 1862 nihil
1859 1803 2036 1855 facere

459 1939 774 2006 potuerunt,
813 1927 937 1996 quia
965 1921 1254 1991 oportebat
1280 1910 1538 1980 ampliora
1583 1904 1737 1971 signa
1769 1898 1835 1951 ad
1873 1895 2037 1950 satis-
2065 1914 2111 1968 Β

461 1983 640 2006 I""‘"
663 1983 707 1985 "'
762 1983 773 1995 1
831 1983 846 1996 ι
1002 1983 1017 1991 .

460 2027 751 2083 factionem
807 2009 1218 2070 resurrectionis
1270 2001 1497 2057 servari.
1553 1995 1608 2048 Si
1649 1992 1792 2045 enim
1845 1983 2038 2039 antici-

450 2127 652 2190 ,pantes
678 2113 780 2168 sub
822 2103 1110 2179 praesentia
1160 2095 1372 2152 Domini
1418 2089 1711 2148 fecissent;
1755 2095 1875 2147 qua:
1918 2085 2041 2146 post

460 2205 916 2266 resurrectionem
972 2195 1088 2262 ejus
1133 2190 1326 2245 fecisse
1378 2183 1653 2242 videntur,
1691 2171 2044 2228 babebantet

465 2305 570 2360 ista
609 2301 890 2354 destruere
921 2286 1116 2349 Judaei,
1148 2287 1415 2350 quantum
1443 2274 1508 2328 ad
1540 2273 1684 2341 ipsos
1727 2275 1782 2320 et
1815 2263 1933 2316 aliis
1979 2275 2043 2314 ea

461 2394 648 2449 valere
681 2381 1102 2456 suspicionibus.
1134 2375 1290 2429 Nunc
1313 2379 1491 2424 autem
1525 2379 1630 2418 non
1661 2365 1907 2430 possunt.
1932 2353 2046 2408 Sub

463 2481 752 2559 praesentia
785 2477 929 2532 enim
959 2468 1170 2525 Domini
1197 2477 1361 2518 unum
1391 2461 1687 2512 daemonem
1716 2451 1914 2520 ejicere
1940 2459 2045 2499 non

468 2536 720 2650 poterant
753 2566 979 2639 apostoli
1020 2580 1036 2617 :
1068 2568 1188 2630 post
1222 2551 1658 2610 resurrectionen
1689 2551 1869 2598 autem
1905 2536 2046 2605 ejus,

469 2686 576 2727 non
608 2661 894 2724 solumi-lli,
923 2657 1014 2711 sed
1045 2662 1098 2706 et
1119 2652 1171 2706 hi
1198 2648 1288 2718 qui
1319 2648 1386 2700 ab
1417 2643 1522 2698 illis
1547 2639 1700 2694 istius
1726 2632 1938 2688 virtutis
1965 2645 2050 2684 se—

469 2777 594 2818 men
627 2758 971 2824 acceperuut,
993 2745 1232 2815 ejiciunt.
1250 2740 1306 2794 Si
1331 2737 1475 2792 enim
1499 2742 1554 2788 et
1570 2730 1732 2786 dubia
1757 2731 1916 2782 erant
1933 2736 2051 2790 quze

469 2863 599 2912 ante
663 2812 974 2921 passionem
1013 2812 1465 2909 praedicabantur,
1530 2822 1936 2897 protensionem
1974 2812 2050 2885 (6)

475 2941 664 2998 habuit
697 2935 1047 2993 incredulitas
1078 2924 1336 2993 majorem
1362 2927 1482 2988 post
1504 2916 1837 2987 passionem.
1870 2908 2051 2961 Incre-

478 3033 788 3094 dibilissimi
816 3029 961 3087 enim
991 3021 1471 3086 Judaaimonentes
1508 3010 1608 3064 sibi
1646 3003 1959 3062 scandalum
1995 3000 2050 3052 in

480 3132 594 3200 ipsa
623 3125 873 3196 passione
900 3114 1132 3196 Domini,
1161 3109 1414 3166 dicebant
1448 3121 1463 3156 ς
1509 3101 1569 3157 Si
1607 3097 1783 3152 Filius
1822 3093 1916 3146 Dei
1957 3099 2055 3154 est,

481 3218 758 3274 descendat
794 3193 1014 3266 ninzc'de
1037 3219 1185 3258 cruce
1208 3202 1277 3253 ⁸⁵⁷.
1314 3199 1370 3253 Si
1398 3196 1539 3252 enim
1565 3206 1671 3247 non
1695 3182 2056 3248 descenderit,

465 3310 581 3364 sed
613 3313 858 3362 mortuus
889 3298 1068 3359 fuerit,
1098 3290 1366 3362 inquiunt,
1392 3293 1604 3339 mortua
1643 3279 1751 3334 erit
1771 3283 1826 3329 et
1855 3275 2051 3328 virtus.

483 3402 622 3470 Quia
659 3411 790 3467 ergo
824 3391 1003 3463 passio
1038 3383 1302 3457 protendit
1347 3380 1424 3449 (7)
1463 3387 1648 3430 eorum
1703 3365 2056 3424 incredulita-

482 3506 621 3555 tem,
652 3488 860 3556 majora
899 3491 1076 3536 autem
1111 3477 1265 3545 signa
1301 3470 1608 3526 efﬁciuntur
1635 3477 1732 3532 per
1769 3456 2065 3527 discipulos

489 3586 556 3639 ad
593 3577 1060 3637 confirmationem
1091 3570 1352 3624 adventus
1391 3562 1548 3630 ejus;
1578 3555 1749 3624 magis
1787 3561 1964 3605 autem
1999 3549 2068 3619 ad

492 3671 960 3729 confirmationem
1030 3656 1363 3716 incredibilis
1415 3645 1875 3708 resurrectionis,
1930 3638 2072 3693 acci-

498 3767 712 3837 pientes
746 3753 1170 3812 satisfactionem
1218 3761 1282 3800 ex
1335 3744 1568 3798 adventu
1607 3735 1842 3807 Spiritus
1873 3729 2071 3791 sancti,

501 3820 556 3912 et
593 3849 818 3925 apostoli
868 3846 1073 3900 fuerant
1133 3838 1332 3900 vocati,
1387 3833 1572 3889 statim
1617 3825 1875 3896 operibus
1936 3820 2073 3889 ipsis

501 3915 859 4004 ostendebant
916 3943 1175 4007 quantum
1239 3935 1420 3998 posset
1481 3919 1768 3992 prmsentia
1844 3915 2081 3983 Spiritus

504 4037 707 4094 sancti.
740 4032 922 4086 Primo
944 4024 1162 4093 quidem
1186 4020 1309 4088 quia
1334 4018 1460 4069 dum
1497 4017 1680 4065 essent
1715 4006 1892 4069 multi,
1918 4017 2080 4056 unum

1319 4104 1445 4174 quia
1495 4115 1633 4155 unus
1672 4105 1727 4151 et
1780 4096 1919 4148 idem
1970 4100 2087 4145 crat

509 4185 765 4287 Spiritus,
799 4209 887 4278 qui
927 4209 1022 4259 bas
1049 4199 1367 4257 efficientias
1411 4192 1709 4248 dividebat.
1749 4187 1900 4241 Sicut
1943 4185 2084 4237 enim

510 4272 716 4374 lapides
753 4272 1050 4354 et'lateres
1080 4289 1230 4374 multi
1279 4283 1554 4352 conjuncti
1605 4289 1658 4334 et
1704 4275 1985 4346 compositi
2037 4272 2088 4326 in

514 4368 812 4450 :edificatus
848 4386 925 4457 (8)
963 4370 1129 4436 unum
1165 4387 1220 4432 et
1273 4374 1514 4430 membra
1584 4368 1741 4439 plura
1823 4370 2092 4433 praecepto

520 4483 838 4542 aedificantis
867 4481 917 4532 in
943 4489 1104 4531 unam
1139 4468 1514 4537 compaginem
1552 4462 1868 4515 adunantnr
1902 4455 2019 4524 rita
2043 4461 2098 4507 et

523 4573 751 4645 apostoli
791 4584 898 4624 uno
947 4561 1204 4633 baptizati
1244 4557 1448 4628 Spiritu
1489 4550 1881 4621 separationem
1913 4543 2096 4598 multi-

515 4665 730 4721 tudinis
766 4665 1152 4730 deposuerunt.
1203 4646 1600 4717 Coujunctione
1642 4652 1819 4696 autem
1875 4636 2097 4706 spiritus

523 4755 746 4820 arctati,
783 4765 947 4804 unum
993 4754 1150 4801 erant
1185 4755 1376 4796 omnes
1405 4746 1460 4790 et
1499 4733 1692 4804 spiritu
1729 4740 1784 4785 et
1834 4730 2018 4783 anima
2047 4732 2099 4779 et

523 4845 886 4902 consensione
924 4848 977 4894 et
1026 4833 1340 4892 concordia.
1399 4830 1465 4883 Et
1520 4841 1626 4880 non
1690 4822 1862 4878 solum
1914 4820 1968 4872 in
2020 4817 2103 4871 bis

527 4955 649 5009 qua:
679 4937 747 4992 ab
774 4937 918 4989 intus
935 4937 1062 4988 sunt
1090 4941 1281 4990 unum,
1312 4922 1406 4977 sed
1432 4920 1596 4976 etiam
1627 4925 1682 4970 et
1710 4915 1777 4969 ab
1805 4914 1890 4966 bis
1920 4925 2038 4979 quae
2072 4923 2102 4962 a

532 5034 669 5087 foris
695 5037 844 5090 sunt,
875 5014 1272 5096 praedicabatur
1293 5029 1483 5070 eorum
1513 5011 1693 5064 anima
1716 5016 1769 5060 et
1793 5000 2105 5060 concordia.

535 5128 857 5193 Quicunque
877 5093 1045 5182 enim,
1077 5112 1274 5181 inquit,
1323 5121 1485 5178 agros
1522 5101 1803 5158 habebant
1851 5104 1945 5149 aut
1977 5093 2109 5148 alias

533 5187 822 5288 opes,jarn
851 5226 956 5266 non
1001 5223 1098 5262 sua
1140 5203 1399 5274 putabant
1450 5211 1570 5266 qua:
1618 5187 1905 5260 aliquando
1956 5191 2111 5240 erant

541 5325 668 5376 sua;
698 5307 791 5362 sed
821 5305 874 5359 in
906 5311 1194 5356 commune
1219 5291 1582 5364 proferentes,
1609 5293 1663 5338 et
1696 5281 1828 5351 ipsis
1857 5275 2111 5347 operibus

543 5415 691 5470 spem
743 5394 1148 5453 confirmantes,
1209 5381 1581 5440 distrahebant
1623 5387 1803 5445 agros,
1839 5367 2116 5423 venunda-

549 5459 678 5550 b‘ant
725 5503 873 5556 opes,
929 5479 1303 5538 distrahebant
1346 5471 1525 5528 omnia
1573 5481 1692 5538 quae
1749 5459 2116 5534 possidebant.

505 4134 661 4182 erant
690 4120 881 4191 spiritu
935 4123 989 4168 et
1036 4111 1217 4166 anima
1258 4123 1269 4156 :

621 5589 663 5618 “’
699 5583 886 5637 Matth.
925 5592 1098 5639 xxvn,
1135 5574 1225 5628 ιο.

622 5678 698 5743 (li)
731 5673 831 5727 Ne.
869 5671 1028 5743 Forte
1048 5682 1205 5719 nunc.

738 5743 954 5813 Facere.
989 5737 1172 5802 Forte,
1207 5734 1398 5802 facere.

636 5811 702 5881 ‘6)
739 5811 1038 5864 Ἐπιτασιν.

624 5819 704 5956 ἱῖ)
749 5878 1035 5935 Ἐπιτεινιι

614 5895 704 5968 ιίἴ)

749 5878 1055 5935 Ἐπιτεινιι.

1087 415 1370 476 ἘὉΞΕΒΙΙ
1413 401 1890 466 (ἷιὶδΑΙὶίΕΝΞῙΒ
1925 395 2054 453 Ol'P

2162 391 2296 446 ARS
2336 386 2422 442 IV.
2462 410 2527 422 —
2565 375 2984 436 DOGMATICA.

3557 365 3685 421 ηειο

2115 509 2229 564 Non
2254 506 2396 560 enim
2433 498 2701 556 insomnia
2732 502 2889 550 erant
2922 487 3072 559 regni
3106 500 3230 555 spes
3263 503 3276 538 :
3319 485 3411 540 sed
3444 492 3689 554 suspecta

2119 599 2314 653 fuisset
2365 589 2703 662 praedicatio,
2757 586 2800 640 si
2854 594 3016 650 regna
3075 577 3293 646 quidem
3340 573 3690 643 prmdicarent

2120 690 2379 752 cmlestia,
2406 687 2471 740 de
2518 684 2601 740 bis
2641 689 2818 735 autem
2867 687 3046 732 essent
3101 671 3313 727 solliciti
3358 685 3477 734 qua:
3512 668 3563 721 in
3594 668 3693 721 hac

2120 787 2229 840 vita
2262 784 2532 837 habentur
2578 793 2592 830 :
2631 776 2723 831 sed
2757 773 2941 827 statim
2993 767 3245 837 operibus
3293 766 3591 819 formantes
3617 762 3693 830 (9)

2123 876 2454 934 suasionem,
2488 869 2723 935 undique
2764 865 2830 917 ad
2871 877 3032 915 unam
3062 859 3410 914 concordiam
3457 852 3696 908 conflue-

2111 969 2276 1024 bant.
2310 961 2552 1033 Apostoli
2587 958 2802 1027 quidem
2832 969 2926 1024 per
2961 950 3228 1006 mirabilia
3260 948 3701 1012 firmabantprae-

2127 1059 2449 1114 dicationem
2482 1071 2496 1107 :
2522 1051 2804 1107 credentes
2828 1055 3032 1108 autem,
3083 1058 3147 1096 ex
3174 1057 3239 1096 eo
3269 1040 3409 1108 quod
3441 1034 3702 1090 distrahe-

2127 1153 2254 1206 bant
2283 1164 2374 1202 sua
2401 1187 2416 1212 ,
2448 1160 2513 1199 ex
2559 1157 2623 1197 eo
2663 1140 2804 1210 quod
2834 1136 3016 1191 omnia
3051 1135 3249 1186 dabant
3287 1127 3604 1197 praesentia,
3637 1139 3701 1177 ex

2128 1259 2193 1298 eo
2235 1242 2377 1310 quod
2427 1238 2606 1293 omnia
2644 1235 2709 1287 ad
2753 1244 2914 1300 regna
2969 1226 3233 1280 cudorum
3269 1219 3702 1282 transfer-ebant;

2131 1344 2258 1387 ante
2289 1332 2579 1387 adventrum
2611 1325 2779 1394 ipsius
2810 1319 2959 1388 regni
2991 1315 3350 1371 testabantur.
3389 1310 3481 1364 His
3525 1311 3706 1375 itaque

2132 1425 2300 1496 gestis
2348 1429 2657 1490 repetamus
2714 1426 2956 1475 sensum,
3003 1418 3056 1461 et
3112 1405 3393 1458 videamus
3445 1401 3536 1470 qui
3589 1408 3708 1452 erat

2137 1529 2264 1571 tunc
2291 1487 2429 1582 apud
2460 1506 2894 1575 Hierosolymam
2933 1507 3127 1558 status,
3157 1510 3275 1564 qua:
3325 1489 3554 1552 turbela,
3592 1487 3711 1554 quis

2137 1609 2316 1662 fervor
2348 1599 2728 1657 insanientium
2754 1593 3060 1648 Judazorum
3090 1606 3103 1641 :
3139 1584 3407 1654 siquidem
3453 1590 3510 1633 ct
3554 1578 3646 1631 filii
3683 1591 3712 1629 a

2137 1699 2381 1769 patribus
2428 1691 2744 1747 recedentes
2808 1683 3025 1738 sibilant
3079 1680 3143 1733 ad
3198 1677 3382 1738 ﬁdem,
3421 1681 3476 1726 et
3525 1673 3648 1724 filiae
3684 1683 3715 1721 e

2144 1790 2353 1845 sinibus
2385 1794 2616 1838 matrum
2654 1779 2719 1833 ad
2752 1776 2910 1830 fidem
2943 1770 3236 1826 currebant
3266 1764 3493 1823 Christi,
3522 1771 3578 1814 et
3603 1770 3715 1812 tur—

2139 1882 2256 1936 bela
2282 1885 2400 1933 erat
2427 1873 2566 1945 apud
2592 1869 2836 1926 infideles
2868 1864 3088 1931 ubique.
3131 1859 3225 1913 llle
3275 1857 3418 1911 enim
3445 1853 3720 1908 irasceba-

2145 1983 2231 2026 tur
2271 1970 2400 2029 filio,
2446 1943 2567 2034 quia
2629 1958 2923 2031 sapientior
2974 1953 3115 2023 patri
3167 1965 3264 2004 suo
3308 1947 3599 2017 apparuit:
3636 1943 3721 1996 illa

2144 2075 2321 2118 autem
2364 2057 2652 2125 abjiciebat
2706 2052 2894 2114 filium,
2946 2046 3070 2116 quia
3124 2041 3313 2098 matris
3366 2035 3724 2092 incredulitas

2148 2173 2251 2210 non
2306 2147 2679 2208 consentiebat
2733 2141 2890 2206 fideij;
2964 2147 3017 2194 et
3049 2137 3216 2192 frater
3248 2131 3561 2186 minabatur
3615 2127 3723 2179 fra-

2149 2246 2389 2315 trt;jam
2440 2253 2618 2295 autem
2656 2251 2708 2292 et
2739 2236 2990 2292 dominus
3047 2242 3225 2284 servo.
3261 2224 3402 2294 Ignis
3447 2221 3594 2275 enim
3643 2217 3728 2270 illo

2147 2356 2306 2410 quem
2337 2332 2770 2390 tuisitDominus
2794 2327 2976 2392 Jesus,
3022 2324 3232 2391 aliquos
3277 2316 3496 2385 quidem
3530 2311 3728 2378 tetigit,

2151 2432 2362 2499 aliquos
2396 2435 2575 2478 autem
2606 2421 2874 2490 despexit,
2903 2428 2957 2473 et
2984 2413 3230 2482 implevit
3265 2406 3476 2462 turbela
3530 2405 3726 2457 civita-

2157 2537 2284 2586 tem,
2318 2520 2489 2583 vicos,
2518 2517 2768 2586 regiones
2801 2521 2855 2566 et
2890 2511 3098 2565 domos.
3130 2505 3263 2558 Erat
3304 2510 3482 2555 autent
3523 2495 3733 2551 turbela

2151 2611 2470 2684 quibusdam
2507 2585 2721 2676 quidem
2756 2602 2822 2656 ad
2848 2603 3073 2658 bonum.
3101 2593 3426 2664 quibusdam
3460 2598 3645 2641 autem
3672 2585 3737 2637 ad

2153 2704 2351 2772 duplex
2378 2699 2597 2754 malum.
2635 2695 2876 2748 Illienim
2914 2689 3006 2759 qui
3050 2685 3441 2754 figurabantur,
3479 2685 3529 2732 et
3555 2689 3739 2740 perse-

2155 2798 2423 2853 cntionem
2449 2788 2809 2849 sustinebant,
2835 2791 3024 2840 etcum
3071 2777 3254 2831 laetitia
3293 2772 3472 2826 omnia
3494 2769 3566 2824 ob
3590 2781 3739 2836 Spem

2157 2887 2307 2958 regni
2339 2883 2577 2940 caelestis
2603 2877 2980 2948 patiebantur;
3007 2869 3144 2924 mala
3174 2881 3292 2936 qua
3309 2861 3662 2932 putabantur,
3692 2856 3742 2910 in

2156 2979 2315 3036 bonis
2363 2975 2463 3032 sibi
2503 2968 2774 3025 thesauris
2819 2961 3198 3017 recondebam.
3243 2954 3565 3020 Quicunque
3597 2947 3744 2999 enim

2158 3069 2481 3125 videbantur
2509 3063 2677 3132 legem
2720 3057 3000 3112 vindicare
3045 3045 3272 3117 Moysei,
3302 3044 3438 3111 legis
3466 3049 3749 3092 sermones

2161 3163 2479 3232 ignorantes
2511 3150 2784 3208 contraria
2827 3146 2925 3216 legi
2959 3139 3338 3211 operabautur.
3373 3133 3475 3186 Per
3496 3144 3560 3184 ea
3599 3126 3747 3180 enim

2085 3254 2127 3312 C
2163 3271 2282 3325 qua:
2312 3246 2697 3324 gloriabantur,
2713 3259 2806 3313 per
2831 3241 2942 3309 ipsa
2967 3246 3017 3290 et
3035 3235 3415 3304 arguebantur.
3436 3227 3564 3278 Erat
3584 3222 3745 3292 igitur

2118 3406 2126 3414 ,
2161 3345 2365 3401 Judzeis
2402 3342 2514 3408 ipsa
2553 3336 2756 3389 veritas
2808 3344 2933 3384 nox.
2984 3324 3376 3380 lnterfecerunt
3399 3318 3620 3373 enimet
3661 3313 3753 3367 ob-

2163 3439 2474 3510 jurgarttttl,
2507 3437 2560 3483 et
2586 3418 2933 3481 descendenti
2959 3419 3023 3471 de
3051 3427 3215 3470 cruce
3241 3411 3497 3465 dixerunt
3523 3406 3595 3466 ei.
3651 3415 3753 3456 non

2169 3527 2471 3586 descendit.
2516 3517 2806 3576 Descendit
2851 3521 3031 3567 autem
3065 3507 3133 3561 ad
3177 3503 3406 3567 inferos,
3442 3510 3499 3553 et
3548 3497 3754 3565 majora

2171 3631 2258 3679 est
2309 3623 2586 3688 operatus.
2667 3610 2724 3664 Si
2793 3607 2938 3661 enim
3001 3597 3379 3656 descendisset
3444 3595 3509 3645 de
3574 3601 3755 3648 cruce.

2173 3717 2433 3784 poterant
2463 3707 2642 3761 dicere
2669 3700 2794 3770 quia
2827 3696 3125 3750 moriturus
3156 3699 3244 3743 est
3283 3687 3335 3739 in
3377 3699 3442 3737 eo
3467 3679 3600 3751 (l0),
3638 3691 3756 3730 cum

2177 3820 2284 3860 non
2321 3809 2465 3857 esset
2505 3805 2774 3852 mortuus.
2816 3787 3075 3843 Malitiose
3097 3784 3239 3837 enim
3276 3786 3329 3833 et
3367 3775 3606 3832 Iudaicae
3653 3785 3760 3823 ma—

2181 3892 2515 3953 chinationis
2542 3898 2660 3944 erat
2691 3880 2980 3954 suspicari,
3016 3887 3072 3931 ut
3102 3875 3263 3930 etiam
3290 3872 3402 3924 base
3426 3867 3695 3934 fingerent
3715 3867 3763 3914 et

2184 3989 2452 4042 audirent.
2486 3979 2638 4034 Nune
2667 3985 2847 4029 autem
2892 3969 3020 4039 quia
3066 3977 3243 4032 neque
3284 3957 3500 4013 diabolo
3558 3966 3761 4021 prope.

2186 4077 2334 4134 ttenti
2386 4070 2663 4143 possibilia
2708 4064 2988 4122 obediunt,
3037 4069 3210 4125 neque
3237 4050 3352 4119 ejus
3395 4046 3520 4101 filiis
3561 4046 3652 4113 qui
3685 4055 3767 4093 vo-

2187 4133 2400 4222 luntate
2427 4163 2546 4232 ejus
2579 4159 2672 4213 filii
2729 4155 3092 4212 habebantur,
3141 4143 3370 4216 prtebuit
3405 4139 3550 4209 quod
3602 4133 3766 4189 locuti

2193 4271 2339 4318 sunt.
2372 4256 2505 4310 Cum
2539 4252 2682 4307 enim
2716 4255 2900 4320 posset
2935 4239 3286 4300 descendere,
3330 4248 3436 4288 non
3470 4227 3768 4289 descendit,

2195 4370 2264 4408 ne
2303 4347 2650 4404 intercideret
2699 4333 3122 4408 dispensationis
3175 4343 3382 4392 curam,
3425 4338 3598 4392 neque
3641 4335 3772 4389 pra:-

2198 4445 2354 4499 beret
2403 4439 2603 4495 Iudaeis
2659 4444 2717 4488 ut
2751 4432 2938 4486 iisdem
2994 4423 3240 4481 obedisse
3290 4419 3581 4472 videretur.
3638 4408 3771 4478 Quid

2205 4537 2347 4590 enim
2381 4540 2497 4586 erat
2535 4527 2802 4583 diflicilius
2832 4538 2868 4580 θ.
2906 4532 3064 4574 cruce
3105 4513 3432 4568 descendere
3458 4508 3654 4569 Deum,
3683 4511 3769 4556 aut

2131 4610 2173 4664 D
2203 4629 2271 4682 ab
2314 4626 2504 4682 inferis
2556 4619 2848 4675 ascendere
2895 4608 3202 4667 viventem?
3235 4607 3372 4670 Ergo
3423 4616 3530 4655 non
3563 4607 3776 4668 propter

2207 4715 2699 4788 impossibilitatem
2734 4706 3011 4764 excusatio
3041 4700 3266 4761 exstitit,
3294 4695 3386 4751 sed
3425 4703 3642 4763 propter
3673 4690 3777 4742 dis-

2208 4809 2583 4883 pensationem
2611 4802 2899 4874 permissio
2936 4796 3095 4852 morti
3122 4793 3240 4853 fuit,
3277 4798 3333 4841 nt
3363 4786 3566 4854 majora
3598 4791 3778 4834 osten-

2211 4908 2363 4961 deret
2391 4915 2553 4972 quam
2587 4898 2659 4952 illi
2706 4893 2908 4966 precati
2959 4897 3102 4944 sunt.
3167 4884 3278 4953 Ego
3329 4889 3506 4934 autem
3555 4876 3781 4929 libenter

2213 5006 2397 5053 mente
2450 5005 2672 5046 recurro
2723 4988 2788 5041 ad
2839 4983 2990 5047 illud,
3038 4994 3158 5033 cum
3200 4975 3372 5028 adhuc
3426 4985 3615 5025 recens
3671 4975 3781 5021 erat

2215 5089 2400 5161 passio
2427 5084 2658 5146 Christi,
2689 5094 2882 5135 recens
2913 5075 3074 5130 etiam
3116 5079 3170 5125 et
3193 5066 3500 5122 Judzcornm
3542 5059 3778 5115 audacia.

2218 5182 2416 5237 Petrus
2440 5177 2585 5234 enim
2615 5173 2934 5245 loquebatur
2964 5181 3069 5220 non
3103 5179 3164 5216 ea
3190 5175 3305 5229 qua:
3331 5167 3458 5210 ante
3485 5153 3780 5224 passionem

2224 5272 2462 5336 dicebat,
2502 5279 2558 5323 et
2594 5263 2819 5334 apostoli
2854 5261 3216 5315 testabantur,
3247 5248 3489 5304 etJudaei
3522 5246 3784 5300 dolebant.

2225 5374 2279 5418 et
2314 5363 2423 5432 jam
2475 5375 2584 5414 non
2635 5354 2903 5410 habebant
2957 5348 3042 5403 cui
3093 5349 3382 5412 erogarent
3429 5335 3697 5408 pecunias,
3734 5338 3790 5381 ut

2234 5451 2564 5507 resurrectio
2589 5444 2958 5502 occultaretur
2985 5456 2998 5492 :
3037 5435 3234 5490 milites
3261 5431 3401 5487 enim
3435 5426 3787 5483 custodientes

2301 5640 2378 5697 (si
2411 5635 2532 5694 31s.,
2554 5629 2812 5696 mdiﬁciis.

2301 5707 2375 5772 (9)
2409 5705 2530 5762 Ms.,
2561 5703 2848 5772 Ιὶίιηαηιει.

2301 5779 2411 5848 (l0)
2444 5773 2543 5826 Eo.
2582 5771 2740 5824 Forte
2767 5785 2848 5820 ca.
