3956 6572
267 526 396 586 [δὲοὶ

1581 515 1667 569 DE
1706 511 2048 570 OPEBIBUS
2089 511 2308 567 BONlS.

3378 511 3518 567 ηυξ

267 645 589 708 acceperant
625 636 750 703 ista,
786 636 926 692 sicut
967 643 1018 690 et
1065 626 1306 706 proditor
1354 633 1540 691 Iudas.
1578 633 1836 689 Sciebant
1864 637 1914 698 Α
1942 635 2198 690 cedonas.
2231 630 2360 697 Quae
2403 640 2582 686 autem
2613 630 2892 701 probatio?
2925 630 3047 700 quia
3106 629 3344 685 tribulati
3397 644 3503 684 non

264 733 408 790 enim
451 728 616 783 Judaei
642 729 927 783 adversum
953 741 1011 782 se
1048 727 1237 795 duplas
1273 727 1400 781 dare
1429 727 1701 796 pecunias.
1733 726 1832 780 De-

263 823 458 877 derunt
486 827 541 874 et
562 819 648 874 ad-
662 818 960 888 negandam
990 816 1403 872 resurrectionis
1431 816 1588 871 fidem
1616 835 1628 870 :
1658 816 1835 870 sciunt

264 915 458 984 quippe
487 921 539 966 et
575 913 708 966 dare
757 910 919 974 male,
956 919 1008 964 et
1037 911 1288 977 accipere
1322 925 1427 963 non
1460 910 1616 963 bene.
1652 909 1834 975 Siqui-

265 1005 380 1060 dem
415 1014 470 1058 et
501 1003 700 1070 Joseph
755 1002 1119 1055 distrahentes
1163 1010 1490 1070 acceperunt
1534 1015 1639 1054 non
1675 999 1831 1065 bene,

260 1106 312 1150 et
337 1097 649 1150 -Doininum
697 1110 858 1148 causa
898 1094 1220 1163 proditionis
1273 1103 1542 1156 emerunt,
1575 1103 1632 1146 et
1669 1094 1836 1147 abne-

261 1191 474 1256 gatione
525 1186 943 1240 resurrectionis
997 1188 1282 1239 adversum
1325 1200 1383 1238 se
1427 1192 1831 1250 compararunt.

259 1274 312 1332 lu
347 1280 484 1332 mala
517 1279 658 1332 enim
690 1278 1008 1330 mercatoria
1033 1278 1297 1338 meditati,
1335 1278 1691 1344 perditionem
1730 1276 1834 1330 sibi

260 1381 616 1439 prornrarunt
649 1380 983 1437 perpetuam.
1015 1371 1119 1422 Sed
1149 1371 1212 1421 ad
1239 1368 1431 1422 Judam
1482 1371 1697 1439 quidem
1750 1371 1834 1422 fu-

263 1477 374 1515 rem
417 1463 522 1515 vim
583 1462 851 1514 habebant
904 1460 1177 1529 per-nnis};
1235 1461 1300 1511 ad
1354 1476 1474 1512 eum
1531 1469 1704 1512 autem
1742 1460 1832 1524 qui

260 1555 486 1611 dicebat.
537 1551 773 1606 Pecunia
819 1564 872 1604 et
921 1566 1106 1603 aurum
1155 1567 1259 1604 non
1310 1552 1595 1623 CSlVlitihi,
1634 1550 1831 1603 nullam

263 1645 496 1697 habebat
535 1643 736 1696 malitia
787 1643 1065 1706 virtutem,
1121 1643 1215 1695 sed
1279 1645 1708 1711 angnstabantur
1741 1657 1830 1694 sa-

259 1734 509 1787 cerdotes
529 1734 849 1799 ebpopulus.
877 1741 931 1784 et
958 1731 1164 1784 turbela
1191 1741 1308 1783 erat
1333 1731 1616 1793 honorum.
1647 1730 1833 1800 Neque

258 1825 401 1877 enim
431 1837 590 1891 quem
631 1823 1153 1888 ceniprehemlerunt
1176 1823 1288 1887 jam
1321 1823 1618 1887 habebant,
1656 1837 1836 1891 neque

257 1929 414 1984 quem
435 1915 814 1968 detinuerunt:
836 1913 1070 1981 undique
1101 1914 1246 1968 enim
1273 1914 1496 1982 spiritus
1526 1914 1832 1967 scaturiens

1936 734 2222 786 cesserunt
2259 723 2533 783 charitati.
2580 722 2680 790 Qui
2735 723 2879 777 enim
2929 737 3034 776 non
3093 721 3435 787 tribulatur,-
3467 725 3513 778 si

1938 818 2453 878 subministraverit,
2505 815 2698 870 similis
2737 826 2821 870 est
2852 814 2925 868 illi
2971 816 3064 884 qui
3102 816 3228 869 dum
3281 815 3514 869 mandu-

1936 922 2046 974 cat,
2079 926 2138 964 ea
2173 923 2291 978 quae
2335 907 2672 973 superaverit
2717 907 2896 961 donat.
2951 907 3050 974 Qui
3105 916 3282 961 autem
3341 908 3516 962 adhuc

1936 1002 2102 1060 esurit
2162 1009 2215 1052 et
2270 996 2595 1064 compatitur
2632 1014 2661 1048 e
2713 1013 2850 1063 pane
2896 1013 3032 1062 suo,
3068 997 3155 1050 ille
3200 1005 3282 1050 est
3329 995 3520 1049 fratris

1936 1102 2144 1148 amator
2175 1109 2188 1144 ε
2215 1089 2477 1156 siquidem
2503 1097 2556 1141 et
2587 1087 2686 1140 sub
2722 1089 2943 1141 Domino
2966 1088 3115 1152 Iesu,
3147 1104 3266 1140 cum
3295 1088 3512 1155 quidam

1939 1188 2220 1240 mitterent
2256 1182 2419 1235 multa
2465 1180 2515 1232 in
2565 1182 2763 1248 templo
2811 1196 2873 1233 ex
2924 1184 3006 1233 his
3043 1198 3160 1249 quae
3215 1181 3509 1241 habebant,

1937 1279 2095 1331 vidua
2136 1279 2240 1328 duo
2277 1278 2495 1326 mittens
2537 1272 2741 1324 minuta
2782 1288 2968 1325 onmes
3011 1275 3285 1338 superavit
3321 1273 3373 1324 in
3414 1273 3512 1324 do-

1939 1371 2041 1423 nis.
2080 1369 2140 1421 Et
2171 1377 2318 1419 certe
2353 1365 2478 1431 quid
2504 1375 2656 1416 erant
2693 1365 2776 1415 illa
2820 1365 2923 1413 duo
2956 1365 3155 1416 minuta
3198 1381 3317 1432 qua:
3351 1363 3525 1415 vidua.

1939 1459 2128 1512 misit?
2157 1457 2426 1522 Quantum
2458 1455 2522 1506 ad
2555 1467 2664 1505 rem
2697 1455 2914 1521 quidem
2950 1456 3083 1506 satis
3109 1462 3275 1523 parva
3306 1471 3320 1506 :
3352 1469 3521 1520 quau-

1941 1563 2050 1604 tum
2088 1552 2152 1603 ad
2186 1548 2518 1601 alacritatem
2560 1554 2741 1598 autem
2787 1545 2942 1598 valde
2973 1563 3186 1613 magna.
3219 1546 3335 1598 Non
3370 1545 3513 1597 enim

1937 1643 2002 1694 ad
2045 1642 2096 1692 id
2159 1639 2427 1706 inspicere
2477 1637 2736 1689 debemus
2782 1636 2925 1704 quod
2979 1636 3163 1688 datum
3199 1647 3302 1698 est,
3341 1639 3433 1692 sed
3471 1639 3515 1691 si

1938 1734 2064 1802 quid
2093 1733 2268 1784 eidem
2318 1730 2630 1784 derelictum
2675 1738 2774 1782 est.
2824 1729 2888 1782 Et
2920 1728 2994 1780 ita
3040 1728 3377 1782 admirabilis
3431 1729 3518 1784 ille

1937 1824 2025 1892 qui
2058 1831 2298 1890 superat.
2328 1820 2445 1874 Non
2471 1821 2667 1888 quippe
2690 1818 3038 1887 qurerendum
3064 1828 3146 1871 est
3172 1819 3214 1870 si
3245 1820 3516 1873 modicum

1938 1924 2018 1968 est
2048 1915 2186 1982 quod
2220 1928 2248 1965 a
2290 1913 2448 1964 vidua
2481 1914 2660 1972 datur,
2695 1911 2787 1964 sed
2819 1911 2862 1962 si
2912 1909 3114 1974 aliquid
3155 1911 3202 1963 ei
3267 1911 3513 1964 relictum

256 2005 572 2059 fonticabat.
606 2002 670 2056 Et
696 2001 886 2056 Petrus
913 2004 1131 2071 quidem
1151 2003 1313 2056 istinc
1347 2002 1564 2055 aliunde
1591 2003 1750 2064 alius,
1778 2012 1831 2057 et
1863 2001 1906 2055 Β
1936 2014 2058 2058 est;
2082 2002 2138 2056 Si
2170 2002 2312 2056 enim
2349 2001 2488 2054 facta
2521 2001 2690 2068 fuerit
2716 1999 3053 2067 comparatio
3082 1999 3148 2052 de
3175 1998 3253 2050 eis
3275 2013 3394 2066 qua:
3423 2014 3512 2052 re-

256 2097 396 2151 alter
425 2111 492 2150 ex
520 2095 606 2148 illa
638 2103 811 2162 parte,
837 2105 886 2148 et
933 2095 1021 2161 qui
1053 2097 1277 2148 necdum
1319 2094 1623 2148 crediderat
1651 2095 1829 2148 initia-

255 2188 349 2241 bat
373 2187 632 2242 clamare.
667 2187 894 2242 Etillins
918 2185 1133 2254 quidem
1157 2183 1318 2248 filius,
1351 2184 1570 2238 alterius
1595 2185 1724 2247 tilia,
1757 2183 1834 2237 ale

255 2278 428 2334 terius
466 2279 699 2347 conjax;
742 2288 790 2332 et
819 2279 963 2332 illius
997 2277 1189 2330 domus
1217 2276 1330 2344 ipse
1360 2275 1749 2342 paterfamilias
1779 2284 1834 2329 et

256 2384 448 2425 servus
516 2381 569 2424 et
612 2369 810 2422 famula
870 2368 1019 2439 (ll);
1061 2368 1297 2435 undique
1337 2365 1569 2434 Spiritus
1622 2365 1832 2420 fructus

255 2460 586 2515 scaturiebat
639 2476 792 2517 suus.
851 2459 965 2513 Non
1026 2469 1235 2512 tantum
1289 2457 1432 2510 enim
1485 2458 1834 2526 permittebat

253 2550 456 2606 Judteis
490 2552 780 2613 visionem,
811 2560 1074 2620 quantum
1115 2549 1472 2618 perditionem
1514 2563 1829 2616 agnoscere.

254 2639 381 2696 Haec
405 2657 526 2696 cum
576 2643 649 2695 ita
697 2642 888 2696 ﬁerent
937 2643 1076 2709 apud
1115 2639 1388 2702 Judaeam;
1433 2647 1650 2708 oportet
1686 2639 1831 2693 enim

253 2733 539 2789 ostendere
569 2747 668 2786 nos
707 2732 848 2786 unde
877 2733 943 2786 ad
983 2732 1083 2786 hos
1112 2746 1299 2786 sumus
1335 2731 1584 2786 conversi
1619 2745 1833 2785 sermo-

254 2840 383 2893 nes;
426 2825 537 2895 jam
589 2841 695 2880 non
743 2835 860 2880 erat
901 2824 1158 2892 possibile
1206 2824 1290 2878 his
1339 2824 1430 2893 qui
1488 2825 1832 2878 crediderant

253 2916 498 2978 Christo,
561 2916 700 2985 apud
754 2915 992 2970 Judaeam
1049 2915 1194 2986 pasci
1228 2936 1239 2969 :
1271 2915 1536 2984 siquidem
1592 2915 1636 2968 si
1688 2923 1835 2968 esset

252 3009 377 3077 quis
406 3009 568 3070 filius,
600 3006 923 3072 ejiciebatnr
964 3021 994 3060 e
1039 3008 1200 3061 domo
1250 3008 1376 3075 quia
1424 3006 1598 3061 factus
1656 3006 1835 3060 fuerat

253 3098 430 3153 ﬁdelis
471 3101 557 3154 :si
585 3099 776 3163 frater,
820 3115 928 3154 non
983 3100 1216 3155 habebat
1260 3103 1562 3169 portionem
1598 3099 1831 3153 hmredi-

256 3191 411 3253 tatis,
468 3190 592 3258 quia
644 3190 755 3256 jam
806 3191 1040 3245 habebat
1091 3201 1300 3260 partem
1346 3192 1497 3261 regni
1544 3191 1829 3247 cmlestis:

248 3288 306 3334 et
372 3279 496 3333 filia:
551 3279 980 3344 abdicabantur,
1036 3289 1090 3335 et
1155 3279 1297 3334 servi
1365 3283 1828 3346 emcndabantur,

1939 2095 2065 2150 lieta
2094 2104 2241 2160 sunt,
2282 2093 2528 2148 invenies
2575 2091 2769 2146 divites
2815 2093 3033 2161 quidem
3085 2091 3217 2144 nihil
3260 2092 3511 2157 dedisse;

1936 2187 2092 2254 plura
2128 2190 2272 2241 enim
2317 2196 2442 2241 sunt
2471 2200 2592 2254 qua:
2627 2185 2816 2239 relicta
2849 2192 2975 2238 sunt
3021 2183 3130 2247 eis;
3171 2183 3385 2236 viduam
3418 2198 3518 2236 au-

1938 2289 2045 2334 tem
2105 2289 2273 2332 totam
2334 2278 2656 2332 substantia:
2706 2276 3020 2332 facultatem
3079 2276 3310 2332 dedisse.
3375 2277 3514 2345 Ergo

1936 2371 2072 2425 nihil
2111 2372 2282 2440 magis
2318 2379 2420 2432 est,
2456 2371 2498 2424 si
2537 2370 2658 2439 quis
2686 2371 2894 2423 habens
2927 2370 3089 2424 donat
3122 2388 3137 2427 :
3177 2372 3268 2424 sed
3301 2370 3345 2424 si
3392 2369 3515 2438 quis

1937 2479 2042 2516 non
2094 2463 2276 2525 habet,
2319 2470 2476 2527 urget
2527 2462 2850 2516 charitatem
2901 2471 2958 2515 ut
3011 2463 3190 2515 faciat.
3236 2460 3309 2514 lta
3339 2472 3393 2515 et
3423 2460 3526 2512 illa-

1934 2554 2116 2617 vidua,
2161 2566 2281 2619 qua:
2315 2549 2551 2615 suscepit
2585 2549 2751 2602 Eliam
2784 2550 3034 2602 infamem
3078 2550 3216 2620 (15),
3253 2565 3281 2603 a
3315 2549 3514 2619 pugilio

1936 2647 2153 2719 pollinis
2188 2645 2456 2714 primitias
2494 2643 2726 2696 offerens
2763 2645 3061 2710 prophetat,
3107 2653 3160 2697 et
3207 2645 3321 2712 ipsa
3362 2655 3513 2713 pasta

1935 2748 2012 2793 est
2043 2746 2094 2792 et
2128 2736 2245 2806 plus
2273 2734 2486 2788 caeteris
2515 2733 2718 2786 habuit.
2747 2733 2821 2786 Ita
2858 2742 2912 2787 et
2945 2731 3289 2797 Macedones,
3324 2733 3417 2802 qui
3454 2733 3532 2786 in.

1934 2828 2108 2882 multo
2145 2827 2516 2892 experimento
2553 2824 2918 2877 tribulationis
2948 2841 2962 2877 :
2987 2823 3127 2892 quia.
3158 2822 3304 2877 enim
3341 2823 3533 2878 multa-

1935 2926 2053 2974 erat
2074 2918 2211 2986 apud
2241 2917 2357 2971 illos
2381 2915 2659 2969 tribulatio
2693 2916 2992 2968 inediarum
3018 2932 3032 2979 ;
3060 2913 3523 2967 incurruntenim.

1934 3022 2321 3076 nonnunquam
2372 3006 2502 3059 tales
2545 3005 2853 3057 hominibus
2894 3001 3306 3066 tribulationes;
3356 3001 3512 3054 altis-

1933 3101 2069 3155 sima
2093 3099 2367 3154 tribulatio
2401 3111 2667 3151 summam
2701 3096 3022 3150 charitatem
3056 3094 3292 3147 ostendit
3321 3113 3336 3149 :
3383 3096 3510 3160 quia

1935 3192 1988 3243 in
2020 3189 2183 3242 multo
2208 3188 2583 3255 experimento.
2618 3186 2818 3254 inquit,
2849 3185 3211 3238 tribulationis
3235 3183 3523 3238 abundan-

1936 3283 2008 3333 tia
2027 3280 2208 3350 gaudii
2229 3295 2408 3332 eorum
2428 3279 2496 3330 ‘9.
2538 3277 2810 3344 Quantum
2846 3277 2991 3332 enim
3019 3276 3086 3330 ad
3123 3290 3255 3344 opes
3279 3283 3528 3343 spectat,

248 3371 582 3426 sustinentes
660 3384 849 3440 plenas
910 3371 1036 3439 quia
1105 3371 1310 3425 fideles.
1374 3371 1498 3426 lleec
1559 3385 1680 3426 cum
1748 3372 1823 3425 ita
1855 3367 1895 3425 C
1937 3370 2212 3425 tribulatio
2244 3371 2464 3424 erateis
2501 3387 2514 3423 :
2546 3379 2808 3438 quantum
2841 3379 3018 3422 autem
3061 3368 3128 3421 ad
3159 3368 3508 3431 charitatem,

246 3471 561 3526 agerentur,
597 3471 650 3515 et
673 3460 785 3529 jam
816 3477 921 3514 non
963 3458 1273 3515 subicerent
1312 3461 1498 3516 fideles
1544 3462 1683 3531 apud
1724 3460 1824 3516 .lu-

245 3553 419 3606 daeam
472 3565 698 3618 pascere
748 3551 1148 3606 multitudinem
1199 3552 1536 3606 credentium
1571 3552 1820 3614 Christo;

244 3641 474 3712 apostoli
509 3635 863 3711 praedicantes
885 3644 1126 3711 gentium
1158 3643 1607 3712 complacuerunt
1633 3651 1687 3697 et
1721 3643 1826 3697 hoc

249 3735 456 3788 donare
491 3733 736 3788 fidelibus
755 3734 846 3802 qui
878 3733 1204 3803 ingentibus
1236 3735 1602 3801 habebantur,
1632 3745 1690 3788 ut
1715 3735 1824 3788 col-

246 3825 479 3896 ligerent
515 3827 778 3892 qnasdarn
813 3825 1066 3893 pecunias
1094 3833 1148 3878 et
1191 3838 1339 3892 opes,
1364 3833 1417 3879 et
1446 3826 1722 3879 mitterent
1757 3828 1824 3879 ad

236 3916 487 3972 Judaeam
535 3915 887 3970 credentibus
919 3915 1136 3969 Christo
1169 3933 1181 3969 :
1215 3925 1273 3970 ut
1307 3931 1400 3971 eos
1441 3931 1577 3985 quos
1602 3916 1822 3970 abdica-

243 4017 439 4063 verant
474 4017 727 4075 parentes
758 4007 828 4060 ob
852 4005 1034 4072 fidem,
1073 4022 1166 4060 eos
1203 4017 1491 4076 pascerent
1517 4017 1703 4076 gentes
1730 4023 1828 4062 ne-

240 4097 487 4156 cessaria
508 4098 866 4154 destinantes.
892 4098 959 4151 Et
985 4097 1312 4169 colligebant
1347 4100 1608 4168 pecunias
1633 4100 1725 4170 qui
1754 4115 1822 4154 ex

239 4191 496 4262 gentibus
520 4191 588 4245 ob
618 4190 906 4243 alimonias
937 4189 1144 4244 scilicet
1181 4200 1496 4244 sanctorum
1547 4191 1642 4259 qui
1679 4191 1823 4260 apud

237 4281 675 4352 Hierosolymam
702 4281 1075 4334 morabantur.
1120 4281 1190 4336 Et
1227 4282 1328 4336 ista
1372 4297 1517 4335 nunc
1563 4297 1687 4350 pars
1740 4289 1823 4336 est

235 4388 364 4442 qua:
411 4374 569 4426 hodie
622 4372 758 4426 lecta
805 4372 859 4426 in
912 4371 1154 4440 Epistola
1200 4371 1376 4437 Pauli,
1422 4374 1676 4427 videtur:
1713 4388 1820 4426 non

233 4465 397 4520 valde
452 4479 578 4518 cara
643 4463 798 4534 (ιε),
863 4464 1005 4518 sicut
1087 4464 1231 4518 facta
1308 4474 1435 4519 sunt
1501 4481 1620 4535 quas
1696 4474 1822 4521 ante

233 4557 526 4626 pi-aalicata
576 4566 721 4608 sunt.
778 4554 1171 4623 Evangelizans
1201 4555 1364 4624 igitur
1393 4556 1685 4625 Apostolus
1717 4557 1821 4612 Co-

232 4650 470 4706 :iuthios
527 4664 622 4718 per
689 4648 916 4702 aliorum
993 4645 1446 4710 sollicitudinem,
1507 4661 1706 4716 eosque
1752 4647 1818 4701 ad

230 4737 471 4793 similem
526 4735 884 4789 imitationem
936 4733 1253 4800 adhortans,
1318 4743 1374 4788 ut
1420 4734 1674 4790 alacriter
1713 4738 1816 4790 im-
1851 4708 1895 4764 Β

229 4830 507 4900 pertirent
579 4827 831 4881 fidelibus
908 4828 998 4895 qui
1071 4827 1212 4894 apud
1292 4824 1536 4881 Judzeam
1621 4838 1816 4896 erant,

229 4921 437 4991 quique
508 4919 741 4973 abdicati
808 4933 840 4972 a
906 4917 1021 4971 suis
1085 4919 1408 4973 necessariis
1480 4918 1814 4990 indigebant,

226 5027 336 5067 nec
388 5010 523 5064 ullas
581 5009 975 5079 promissiones
1018 5007 1271 5064 Judaicas
1318 5020 1410 5064 aut
1469 5011 1818 5070 haereditates

224 5101 507 5158 habebant
545 5118 558 5154 :
599 5100 719 5153 ideo
751 5101 999 5154 scribens
1029 5099 1099 5154 ad
1134 5115 1228 5154 eos
1273 5099 1471 5153 Paulus
1507 5102 1577 5154 ita
1627 5103 1755 5156 dicit
1794 5121 1810 5158 :

227 5194 434 5249 Notam
461 5202 636 5245 autem
671 5192 811 5244 vobis
851 5193 1011 5260 facio,
1046 5193 1261 5260 fratres,
1296 5194 1522 5260 gratiam
1561 5192 1657 5247 Dei
1697 5211 1813 5264 qua:

221 5289 358 5341 data
387 5294 462 5339 est
495 5287 548 5337 in
582 5283 832 5337 Ecclesiis
865 5281 1216 5350 Macedoniie,
1261 5283 1386 5353 quia
1429 5285 1482 5336 in
1518 5284 1680 5338 multo
1722 5301 1814 5339 ea:-

220 5380 518 5447 perr’mento
549 5375 902 5428 tribulationis
933 5374 1261 5430 abundantia
1295 5376 1478 5446 gaudii
1521 5391 1725 5441 eorum,
1761 5385 1812 5430 et

221 5469 494 5522 altissima
518 5475 799 5546 paupertas
834 5480 1016 5518 eorum
1049 5465 1333 5520 abundavit
1365 5469 1418 5521 in
1447 5467 1658 5521 divitias
1685 5469 1813 5520 sim-

220 5559 479 5628 plicitatis
513 5575 694 5613 eorum
722 5558 788 5616 θ.
826 5558 1085 5614 Scriberis
1123 5559 1416 5615 Corinthiis
1457 5561 1647 5628 probat
1694 5559 1808 5614 Ma-

296 5700 347 5732 “
371 5697 410 5750 ll
437 5698 561 5752 Cor.
601 5714 715 5763 viti,
744 5699 854 5766 1,2.
932 5699 976 5730 ⁸⁸
1009 5698 1134 5754 ibid.
1165 5699 1216 5753 2.
1294 5701 1337 5732 ⁵ο
1367 5700 1497 5756 ibid.

296 5839 347 5910 (Ι
367 5839 412 5890 Ii
443 5837 564 5910 Ms.,
602 5841 828 5908 familia.

299 5909 416 5979 (li)
448 5909 607 5964 Cum.
647 5910 826 5975 Forie,
861 5914 1028 5964 clara.

1574 5703 1618 5733 δι
1646 5699 1771 5758 ibid.
1800 5701 1852 5757 Δ».

1927 3465 2203 3534 gaudium.
2241 3463 2379 3517 Dare
2421 3464 2564 3518 enim
2597 3479 2664 3518 ex
2697 3464 2780 3517 his
2810 3479 2928 3533 quae
2958 3464 3072 3531 ipse
3104 3477 3208 3516 non
3240 3461 3421 3523 habet,
3455 3473 3510 3514 et

1929 3573 2048 3610 cum
2074 3558 2269 3627 gaudio
2294 3558 2445 3623 dare,
2475 3560 2586 3613 lucc
2626 3567 2708 3612 est
2731 3574 2942 3611 summa
2981 3557 3275 3612 credulitas
3301 3557 3368 3611 de
3392 3569 3506 3611 caa-

1931 3645 2157 3701 lestibns
2196 3648 2399 3717 regnis.
2451 3649 2686 3718 Cupiens
2717 3663 2845 3719 ergo
2882 3650 3168 3702 ostendere
3217 3646 3511 3716 Apostolus

1928 3747 2129 3806 quanta
2179 3738 2257 3792 eis
2298 3746 2414 3792 erat
2465 3741 2753 3808 angustia,
2806 3748 2860 3792 et
2906 3751 3166 3809 quantum
3203 3737 3510 3807 gaudebant

1929 3828 2118 3882 dantes
2169 3843 2234 3883 ex
2271 3844 2335 3883 eo
2364 3830 2504 3896 quod
2558 3845 2664 3882 non
2694 3828 3005 3894 habebant;
3060 3830 3116 3882 in
3163 3829 3332 3882 multo
3377 3828 3510 3882 dicit

1927 3920 2297 3988 experimento
2330 3920 2696 3974 tribulationis
2727 3920 3059 3974 abundantia
3086 3920 3266 3989 gaudii
3292 3933 3504 3981 eorum,

1928 4019 1982 4065 et
2013 4010 2274 4064 altissima
2326 4019 2618 4079 paupertas
2646 4025 2862 4065 eorum.
2901 4010 3179 4064 Altissima
3215 4021 3507 4079 paupertas

1930 4103 2188 4156 radicitus
2221 4117 2314 4156 eos
2348 4103 2477 4155 nihil
2503 4103 2706 4163 habere
2733 4102 3024 4168 significat.
3071 4102 3392 4164 Abundavil,
3421 4102 3506 4154 in-

1930 4195 2068 4263 quit,
2103 4195 2154 4246 in
2183 4195 2388 4248 divitiis.
2418 4195 2779 4263 simplicitatis
2827 4210 3026 4248 eorum.
3057 4194 3222 4247 Multa
3260 4193 3510 4262 probatio

1929 4285 2291 4339 tribulationis
2322 4303 2336 4338 :
2368 4288 2462 4340 sed
2513 4287 2796 4341 abundans
2819 4326 2833 4351 ,
2876 4286 3072 4355 inquit,
3104 4286 3358 4355 gaudium
3412 4300 3511 4341 eo-

1929 4386 2139 4442 rnm,et
2170 4375 2431 4431 altissima
2469 4387 2760 4447 paupertas
2790 4392 2978 4431 eorum
3014 4396 3027 4432 :
3063 4386 3117 4431 et
3148 4375 3523 4439 abundantia,

1928 4469 2138 4538 inquit,
2177 4469 2488 4524 divitiarum
2522 4469 2888 4538 simplicitatis
2921 4483 3128 4524 eorum.
3155 4469 3236 4522 Ab
3264 4470 3507 4524 adversis

1927 4561 2133 4630 accepit
2179 4561 2656 4628 comparationem,
2707 4561 2999 4615 ostendens
3029 4561 3152 4629 quia
3188 4559 3350 4613 multa
3385 4561 3507 4629 qui-

1927 4651 2046 4706 dem
2077 4651 2358 4707 tribulatio
2381 4661 2502 4707 erat
2531 4653 2675 4722 apud
2716 4667 2811 4707 eos
2843 4651 3167 4715 inediarum,
3211 4666 3316 4704 non
3355 4660 3504 4704 tanta

1925 4753 2103 4798 autem
2137 4754 2400 4812 quantum
2451 4753 2506 4799 et
2553 4743 2830 4814 gaudium.
2883 4743 2950 4796 Et
2993 4742 3257 4798 altissima
3286 4743 3505 4811 quidem

1925 4840 2249 4906 pa’upertas,
2299 4837 2392 4892 sed
2421 4835 3036 4906 divitiae.simplicitatis,
3065 4837 3192 4903 quia
3216 4834 3502 4887 secundum

1926 4929 2168 4982 virtutem
2201 4927 2566 4982 testimonium
2594 4928 2859 4997 perhibeo,
2889 4935 2938 4979 et
2971 4942 3127 4993 super
3150 4927 3281 4979 vires
3305 4925 3372 4978 ⁵ο.
3396 4925 3506 4978 ιιου

1924 5021 2070 5075 enim
2119 5030 2242 5086 est,
2291 5029 2344 5076 et
2371 5019 2724 5074 tribulatione
2761 5018 3050 5074 voluntarii
3100 5018 3362 5070 fuerunt:
3401 5031 3503 5070 non

1922 5111 2029 5165 vim
2077 5111 2266 5180 passi,
2304 5110 2396 5165 sed
2427 5125 2548 5165 cum
2595 5109 2760 5164 multa
2795 5107 3182 5163 exhortatione
3210 5107 3523 5160 obsecrau-

1922 5208 2025 5256 tes.
2057 5201 2174 5256 Non
2211 5201 2383 5256 solum
2417 5201 2563 5256 enim
2608 5217 2637 5255 a
2690 5200 2849 5254 nobis
2884 5213 2989 5252 non
3021 5206 3149 5252 sunt
3191 5196 3503 5257 obsecrati,

1922 5294 2014 5347 sed
2047 5302 2101 5347 et
2134 5294 2234 5362 ipsi
2260 5295 2641 5348 obsecrarunt.
2684 5292 2788 5346 Sed
2821 5306 2940 5342 cum
2973 5289 3161 5354 multa,
3186 5289 3380 5357 inquit,
3414 5303 3512 5340 ex-

1921 5383 2217 5437 hortatione
2269 5384 2596 5437 obsecrantes
2647 5391 2892 5451 rogantes
2924 5398 3017 5434 nos
3040 5379 3110 5434 ⁸¹.
3165 5379 3300 5445 Quia
3356 5378 3504 5431 enim

1920 5489 2043 5528 cum
2097 5474 2261 5528 multa
2305 5475 2681 5529 obsecratione
2718 5474 2964 5538 dictum,
2999 5471 3221 5526 dubium
3277 5469 3501 5522 videba-

1923 5576 2031 5632 tur,
2068 5574 2249 5620 utrum
2281 5564 2600 5620 Macedones
2631 5573 2915 5634 rogassent
2950 5561 3227 5634 apostolos
3254 5559 3505 5630 suscipe-

1996 5844 2106 5912 (15)
2139 5841 2420 5912 Infamem.
2453 5842 2636 5910 Forte,
2671 5844 2720 5896 in
2750 5843 2910 5912 futue.
