3956 6520
236 455 370 516 1203

1468 453 1556 509 DE
1596 454 1938 512 OPEltlliUS
1977 458 2197 517 BONlS.

3355 467 3492 525 1206

230 571 474 642 prtt'senli
502 580 728 637 tempore
759 570 824 636 ν.
866 567 977 623 Non
1009 608 1024 632 ,
1079 567 1252 637 inquit
1285 606 1298 632 ,
1332 567 1436 624 hoc
1474 569 1595 625 dico
1621 610 1636 635 ,
1673 572 1807 628 Date
1840 575 1882 630 Α
1912 571 2089 624 dinem
2122 583 2359 627 nostram
2385 574 2450 628 ⁸7.
2472 553 2530 627 lu
2578 588 2679 643 qua
2713 589 2771 631 re
2797 575 2876 631 sic
2903 591 3001 632 nos
3027 579 3376 644 arctavimus,
3409 599 3480 637 ne

230 666 410 720 omnia
439 677 558 730 quae
592 662 799 735 habetis
827 700 842 728 ,
889 672 942 714 ct
971 676 1066 714 vos
1099 661 1368 716 eﬂicitnini
1409 678 1677 731 pauperes
1704 704 1718 726 ,
1759 674 1814 718 et

231 756 368 810 alios
393 757 579 810 ditate.
620 754 725 810 Sed
766 757 894 824 quid
928 755 1060 809 aio?
1091 755 1382 822 Quilntbet
1415 757 1547 809 duas
1581 755 1810 822 ttuiicas,

230 851 427 905 habeat
475 834 636 904 unam
664 891 680 916 ,
708 849 799 903 det
832 858 1010 903 autem
1046 864 1150 902 non
1188 848 1408 907 habenti
1455 859 1729 911 unam,,e_t_
1756 847 1815 907 lit

229 942 529 1010 equalitas.
591 940 692 995 Sed
725 957 790 993 ex
828 941 1152 1008 wqualitate‘,
1194 940 1367 1008 inquit
1393 979 1407 1000 ,
1460 940 1513 991 in
1567 937 1813 1006 prtesenti

231 1032 481 1098 tempore.
514 1019 592 1085 'In
655 1031 929 1098 praesenti,
990 1030 1179 1097 inquit,
1217 1032 1320 1084 vita
1361 1040 1536 1101 vestra
1574 1029 1814 1100 abundat

229 1123 297 1178 ad
332 1123 540 1198 illorum
575 1123 834 1196 inopiamt
861 1121 961 1188 Qui
998 1122 1179 1195 habet,
1232 1121 1444 1191 inquit,
1495 1122 1628 1193 duas
1661 1121 1808 1199 lupi-

231 1202 531 1282 cas,'unam
579 1210 904 1287 superﬂuam
928 1258 942 1281 ,
989 1217 1036 1270 is
1067 1218 1156 1285 qui
1193 1203 1292 1271 nec
1325 1203 1482 1271 unam
1514 1217 1674 1272 habet
1705 1235 1810 1272 non

231 1307 479 1376 fraudet;
511 1321 565 1360 ut
600 1325 702 1360 una
726 1319 829 1379 _tua
882 1307 1161 1376 superﬂua
1204 1325 1318 1368 nor),
1347 1310 1426 1380 sit,
1448 1309 1542 1377 tibi
1566 1310 1810 1384 inutilis,

231 1396 326 1453 sed
365 1397 451 1450 flat
483 1398 588 1451 alio
623 1398 782 1452 utilis.
808 1397 906 1452 Sea
932 1415 995 1452 ea:
1013 1400 1312 1467 tt'qttnlt'lttle
1343 1401 1396 1452 in
1419 1403 1660 1466 prmsenti
1691 1414 1815 1454 tem-

230 1503 358 1556 pore
383 1497 552 1544 vestra
597 1490 1193 1556 abtmddnliasttpplcat
1223 1490 1448 1561 illorum
1472 1492 1576 1558 ina}
1596 1492 1715 1552 iam,
1734 1494 1816 1558 ⁵ξέ

233 1577 337 1632 hoc
368 1589 450 1629 est
476 1617 490 1640 ,
529 1581 766 1631 abundat
813 1581 895 1633 his
929 1581 1017 1648 qui
1050 1596 1113 1632 ex
1146 1582 1396 1650 gentibus
1423 1594 1548 1636 sunt
1577 1593 1598 1636 ‘:
1635 1583 1814 1637 mitta-

232 1678 322 1722 tur
355 1669 438 1722 his
463 1671 553 1736 qui
589 1682 723 1733 sunt
767 1671 914 1739 apud,
939 1669 1180 1729 Judaeum
1207 1713 1223 1735 ,
1256 1675 1346 1742 qui
1395 1686 1618 1744 propter
1643 1675 1806 1734 Chri-

231 1768 372 1828 stum
407 1762 836 1828 persecutionem
866 1763 1135 1838 sustinent
1164 1786 1174 1817 :
1212 1776 1264 1817 ut
1314 1777 1361 1819 et
1399 1753 1612 1820 illorum
1648 1748 1814 1820 aliun-

226 1851 438 1914 dantia,
471 1852 696 1921 spiritus
731 1863 917 1928 utpote
949 1857 1140 1924 gratia.
1165 1856 1332 1912 .sitad
1362 1869 1554 1911 vestrm
1577 1858 1811 1925 inopiam

1918 662 2044 728 quis
2079 677 2178 716 nos
2209 663 2481 727 vituperet
2514 664 2566 718 in
2612 667 2713 720 hac
2757 666 3111 738 amplitudine
3161 685 3280 738 quae
3332 671 3492 725 mini-

1915 758 2122 803 stratur
2175 768 2289 821 per_
2321 769 2442 809 nos.
2490 755 2624 822 Quia
2663 756 2807 810 enim
2868 757 3119 827 colligere
3169 759 3429 826 pecunias
3463 777 3494 815 a

1912 838 2176 903 fratribus
2198 854 2448 914 acceptas
2477 845 2764 900 videbatur
2780 846 2934 900 malis
2962 848 3326 916 suspicionem
3343 849 3491 912 dare,

1915 926 2050 980 dicit
2074 929 2195 982 ideo
2233 932 2354 996 quia
2386 933 2731 988 sollicitiores
2760 934 3022 1003 eligentes
3052 937 3297 991 misimus
3324 954 3338 990 :
3368 941 3508 1006 quia.

1915 1017 2295 1088 circumspecti
2324 1021 2536 1088 fuimus,
2561 1039 2626 1077 ne
2665 1025 2786 1093 quis
2810 1027 3235 1092 reprehetnleret
3267 1027 3493 1097 idquod

1915 1111 2118 1176 fiebat;
2161 1127 2228 1165 ne
2255 1114 2376 1181 quis
2399 1111 2564 1170 .ludas
2590 1101 2845 1170 inventus
2869 1117 3167 1184 iuraretur,
3196 1128 3252 1172 et
3278 1122 3495 1190 vitupe-

1914 1213 2062 1256 raret
2111 1204 2468 1277 ministerium
2513 1218 2777 1262 nostrum.
2805 1208 3170 1282 [reddemus
3205 1212 3340 1262 enim
3376 1227 3493 1279 qua:

1917 1295 2050 1348 bona
2081 1307 2224 1361 sunt,
2268 1313 2371 1348 non
2415 1309 2620 1350 tantum
2654 1317 2830 1353 coram
2889 1297 3131 1374 Deo’qui
3163 1303 3311 1355 novit
3363 1318 3494 1356 cou-

1915 1391 2220 1453 scientiam,
2262 1390 2354 1442 sed
2395 1399 2442 1442 et
2469 1407 2650 1444 coram
2703 1394 2999 1447 hominibus
3031 1395 3075 1426 ⁸⁸
3109 1413 3124 1448 :
3160 1403 3216 1447 ut
3252 1409 3318 1446 ne
3349 1395 3491 1462 quis,

1917 1480 2111 1545 inquit,
2141 1483 2482 1533 occasionem
2527 1483 2802 1548 acciperet
2832 1483 3224 1553 vituperandi-
3247 1469 3492 1536 Misimus

1917 1581 2089 1622 autem
2127 1585 2250 1644 cum
2286 1569 2470 1630 illiset
2507 1569 2728 1637 fratrem
2763 1552 3027 1633 nostrum,
3059 1552 3216 1642 quem
3250 1576 3496 1642 probavi-

1909 1680 2031 1720 mus
2059 1663 2112 1714 in
2146 1663 2326 1716 multis
2375 1681 2511 1733 sirpe
2557 1650 2846 1718 sollicitum
2879 1681 2990 1717 esse
3021 1666 3086 1718 ⁸⁸.
3120 1667 3311 1721 Statim
3347 1656 3493 1722 enim

1917 1752 2007 1818 qui
2055 1752 2289 1805 dedisset
2319 1755 2578 1820 pecunias
2618 1762 2831 1823 poterat
2889 1769 3008 1808 esse
3042 1763 3337 1822 suspectus
3369 1758 3495 1826 quia

1918 1843 2009 1910 qui
2045 1841 2238 1912 accipit
2275 1838 2536 1915 lucratur.
2567 1855 2753 1898 et'non
2791 1844 2996 1914 perfert
3029 1848 3093 1898 ad
3137 1861 3248 1900 rem
3281 1849 3346 1900 ad
3375 1865 3498 1917 quae

229 1941 378 2005 ίωθῑ,
408 1952 464 1995 ιιι
493 1941 584 2001 na;
617 1944 906 2011 ⁵ειδίμιειιίιειε
932 1963 944 1997 ε
974 1959 1071 1999 νος
1100 1961 1164 2000 εχ
1194 1947 1281 2000 ms
1311 1963 1438 2014 qum
1463 1950 1674 2002 habetis
1717 1963 1803 2015 pe.
1847 1939 1888 1997 Β
1913 1935 2084 1999 dedit,
2110 1949 2162 2008 et
2192 1935 2395 2004 pigrior
2426 1935 2848 2008 eliiciebaturad
2882 1937 3116 1992 dandum
3149 1955 3163 1992 :
3196 1938 3316 1991 ideo
3349 1955 3497 1994 com-

229 2036 427 2101 cuniis,
455 2037 527 2090 illi
559 2051 624 2090 ex
651 2039 852 2106 quibus
873 2038 1071 2104 habent
1102 2039 1611 2096 donis..Etil.lormn
1631 2043 1809 2112 inopia

229 2128 530 2199 replebitur
563 2137 751 2187 ,vestra
781 2130 1156 2196 abundantia;
1190 2143 1364 2186 vestra
1413 2142 1592 2187 autem
1618 2113 1810 2205 inopia

230 2213 560 2282 abundantia
602 2215 672 2269 sit
700 2217 938 2282 illorum,
975 2230 1030 2270 ut
1068 2221 1158 2283 fiat
1185 2221 1502 2289 aequalitas;
1556 2226 1813 2295 pecunia,-

221 2307 602 2374 J-unrquidem
632 2323 660 2360 a
700 2310 854 2369 vobis
885 2310 937 2364 in
967 2311 1493 2376 illos,.donationum
1517 2301 1712 2370 autem
1744 2319 1813 2385 ab

229 2393 339 2452 illis
373 2395 426 2447 in
463 2411 554 2447 vos
579 2437 594 2458 ,
634 2398 766 2450 sicut
822 2393 1072 2464 scriptum
1109 2412 1183 2454 est
1225 2418 1243 2456 :
1279 2402 1382 2467 Qui
1421 2405 1679 2469 multum,
1710 2424 1812 2460 non

230 2486 556 2547 abundavit;
597 2496 642 2538 et
673 2487 763 2555 qui
800 2489 1086 2550 modicum,
1121 2507 1223 2550 non
1254 2493 1424 2558 defuit
1449 2495 1530 2544 illi
1562 2495 1627 2547 “.
1667 2495 1813 2551 Scri-

224 2584 381 2643 ptum
414 2578 670 2645 es_t,_quia
709 2578 963 2645 populus,
998 2580 1123 2655 dum
1157 2582 1447 2643 transisset
1479 2600 1648 2646 mare,
1673 2595 1815 2640 esset

230 2662 287 2717 in
323 2664 582 2742 deserto,
631 2675 686 2720 et
736 2682 911 2735 neque
966 2668 1261 2724 seminaret
1319 2686 1496 2739 neque
1547 2683 1810 2740 meteret;

231 2747 378 2808 Deus
426 2756 658 2811 reddens
702 2759 870 2812 vicem
925 2758 1064 2826 patri
1111 2775 1298 2814 eorum
1332 2762 1609 2822 Abraham
1644 2805 1681 2829 ,_
1715 2783 1814 2837 pro

223 2860 417 2915 _meusa
451 2847 653 2902 scilicet
688 2849 776 2903 illa
817 2865 936 2918 qua:
965 2863 1248 2920 susceptos
1275 2854 1499 2924 angelos
1521 2857 1685 2924 pavit,
1715 2873 1814 2928 pro

233 2951 372 3005 pane
416 2938 558 3018 quod
587 2941 790 3010 angelis
807 2943 1084 3022 apposuit,
1115 2958 1310 3012 panem
1342 2947 1654 3013 angelorum
1675 2965 1813 3018 prte-

237 3028 352 3081 buit
385 3029 506 3084 filiis
532 3033 765 3086 Abrahae
791 3073 807 3098 ,
845 3049 942 3102 pro
971 3049 1035 3088 eo
1065 3039 1206 3104 quod
1241 3039 1353 3107 ipse
1384 3040 1590 3109 angelis
1621 3057 1813 3108 panem

235 3121 512 3176 hominum
563 3124 614 3176 iu
675 3129 1017 3194 susceptione
1080 3142 1431 3198 opposuerat.
1494 3133 1597 3188 Isto
1653 3136 1817 3204 igitur

191 3265 194 3270 ,
233 3211 412 3267 fructu
463 3230 670 3269 manna:
720 3217 1029 3272 advenienti
1077 3218 1144 3272 de
1181 3221 1322 3274 cmlo
1367 3222 1552 3277 exibat
1585 3225 1814 3294 populus

232 3304 492 3373 colligens
514 3317 705 3373 parata
751 3322 847 3376 pro
881 3323 1041 3362 cursu
1069 3309 1300 3364 Abralue
1331 3324 1382 3364 et
1402 3315 1616 3368 sudore.
1653 3314 1814 3368 Colli-

232 3405 423 3463 geutes
453 3407 631 3449 autem
677 3407 734 3450 ut
760 3397 928 3451 Judaai
963 3414 1065 3452 non
1103 3399 1444 3456 sufﬁciebant
1477 3405 1527 3457 in
1563 3421 1813 3460 mensura

233 3499 355 3549 qua
407 3483 623 3539 fuerant
656 3500 925 3556 pra'cepta
957 3491 1213 3560 colligere
1241 3533 1256 3556 ,
1299 3495 1394 3546 sed
1449 3494 1667 3562 quidam
1697 3511 1812 3549 am-

235 3576 402 3644 plius,
431 3575 519 3628 alii
563 3579 740 3631 minus
767 3580 1096 3644 colligebant
1123 3597 1318 3636 manna
1343 3601 1358 3650 ;
1409 3585 1688 3639 venientes
1715 3602 1812 3640 au-

235 3677 341 3716 tem
367 3675 424 3718 ut
452 3679 850 3734 meusurareut,
884 3673 949 3724 ad
983 3659 1355 3740 aequalitatem
1403 3677 1817 3730 adducebantur

232 3756 411 3810 inviti.
447 3757 546 3823 Qui
583 3758 725 3811 enim
759 3763 910 3828 plura
945 3746 1246 3832 collegerat
1282 3766 1334 3818 in
1378 3783 1648 3830 mensura,
1695 3749 1814 3820 am-

233 3847 375 3916 plins
401 3863 504 3902 non
536 3839 769 3904 habebat
798 3867 811 3916 ;
842 3855 931 3921 qui
980 3865 1158 3907 autem
1208 3857 1407 3920 minus,
1445 3857 1576 3910 nihil
1607 3858 1815 3911 minue-

232 3940 396 3992 batur
426 3955 544 3992 cum
585 3953 987 3998 mcusurarent.
1049 3945 1152 3998 Ista
1207 3946 1370 4016 igitur
1406 3940 1818 4015 comparatione

231 4022 534 4098 Opportune
565 4046 693 4085 usus
724 4042 806 4086 est
838 4034 1128 4104 Apostolus
1158 4035 1370 4101 dicens,
1401 4038 1534 4092 sicut
1564 4039 1817 4106 scriptum
1849 4094 1856 4097 _

231 4130 311 4177 cst
342 4136 360 4174 :
397 4119 500 4186 Qui
540 4122 786 4187 multum,
824 4141 926 4178 non
975 4128 1299 4192 abundavit;
1343 4139 1393 4181 et
1417 4131 1506 4197 qui
1531 4129 1839 4194 modicum,_

233 4228 341 4266 non
382 4214 548 4281 defuit
584 4214 684 4267 illi.
716 4216 818 4281 Qui
870 4218 1014 4271 enim
1066 4219 1291 4272 multum
1345 4219 1561 4288 collegit
1600 4235 1816 4285 manna,

230 4311 344 4358 "non
381 4305 711 4371 abundavit;
750 4311 1112 4364 tuerisurando
1143 4307 1286 4364 enim
1317 4292 1407 4364 ad
1457 4309 1816 4378 aequalitatem

235 4396 387 4448 venit
421 4407 514 4450 :et
545 4398 636 4466 qui
688 4400 960 4453 modicum
1016 4401 1231 4470 collegit
1262 4441 1276 4466 ,
1325 4416 1429 4455 non
1469 4400 1638 4455 deluit
1688 4401 1762 4454 illi
1800 4419 1816 4468 ;

236 4489 363 4542 dum
393 4502 805 4545 mcusuraretur
831 4491 996 4554 enim,
1024 4493 1332 4562 replebalur
1363 4495 1410 4547 ei
1440 4495 1582 4563 quod
1613 4495 1816 4548 deerat.

1917 2026 2136 2079 mendat
2168 2040 2264 2080 eos
2289 2025 2377 2093 qui
2415 2026 2564 2080 missi
2590 2035 2735 2088 sunt,
2773 2036 2830 2079 ut
2867 2041 2969 2080 non
2997 2027 3368 2081 destrueretur
3399 2030 3497 2083 do-

1915 2115 2165 2178 nantium
2205 2117 2484 2172 alacritas.
2529 2117 2799 2192 Misimus
2829 2128 3002 2170 autem
3025 2158 3044 2192 ί.
3090 2118 3166 2170 ait
3194 2135 3356 2183 ,~cum
3390 2120 3498 2174 illis

1914 2210 2131 2278 fratrem
2178 2222 2413 2262 nostrum
2454 2224 2606 2277 quem
2633 2191 2985 2275 probavimus
3025 2191 3094 2260 in
3147 2210 3324 2260 multis
3363 2225 3500 2275 swpc

1913 2298 2204 2360 sollicitum
2242 2314 2374 2359 esse,
2410 2313 2551 2360 nunc
2587 2308 2759 2373 autem
2788 2295 3152 2372 sollicitiorem
3183 2296 3499 2363 conﬁdentia

1915 2390 2080 2442 multa
2111 2390 2164 2442 in
2198 2405 2306 2452 vos,
2333 2389 2438 2442 sive
2461 2404 2555 2456 pro
2589 2371 2830 2450 Tito-aui
2854 2371 2931 2442 est
2955 2371 3144 2442 socius
3175 2403 3336 2448 meus
3366 2395 3412 2440 et
3447 2387 3500 2438 in

1917 2483 2056 2543 vobis
2088 2482 2302 2552 adjutor
2345 2483 2409 2534 ad
2452 2497 2689 2548 prmsens
2718 2484 3076 2537 ministerium
3105 2523 3120 2546 ,
3146 2484 3252 2537 sive
3306 2483 3501 2550 fratres

1917 2572 2083 2624 nostri
2115 2571 2335 2636 apostoli
2368 2569 2725 2623 Ecclesiarum
2754 2557 2942 2644 gloria!
2975 2568 3498 2647 Christi._Ergo.nou

1917 2679 2013 2719 vos
2042 2665 2218 2735 pigeat
2252 2665 2317 2718 ad
2343 2665 2787 2726 ostentationem,
2815 2665 3026 2732 quaesit
3052 2663 3292 2718 charitas
3321 2675 3498 2718 vestra

1909 2764 1968 2820 et
2000 2765 2180 2808 nostra
2212 2754 2389 2822 gloria
2413 2770 2509 2823 pro
2557 2755 2730 2810 vobis.
2766 2755 3375 2832 l’rasvenieutesenim,
3417 2755 3501 2809 in-

1916 2847 2058 2916 quit,
2095 2831 2309 2915 gloriati
2359 2862 2550 2900 smnus
2585 2849 2636 2900 in
2666 2847 2792 2916 illos
2817 2831 3170 2911 ostendentes
3192 2901 3198 2908 _
3221 2848 3271 2900 in
3307 2845 3500 2903 faciem

1919 2938 2287 2993 Ecclesiarum
2331 2960 2341 2992 :
2369 2947 2423 2991 et
2455 2939 2700 2991 homines
2724 2940 2940 3008 quidem
2969 2939 3391 3001 commendavit.
3429 2937 3504 2991 De
3544 2993 3546 2995 _

1915 3028 2040 3096 ipso
2067 3093 2072 3100 _
2096 3037 2276 3081 autem
2332 3027 2548 3094 negotio
2578 3027 2873 3094 exhortans
2915 3041 3009 3080 eos
3037 3028 3167 3082 dicit
3195 3046 3209 3081 :
3239 3027 3387 3090 ﬁam
3439 3029 3506 3080 de

1918 3117 2212 3169 ministerio
2241 3118 2382 3185 quod
2413 3119 2470 3184 fit
2505 3117 2559 3169 in
2603 3105 2814 3169 sanctos
2852 3117 3001 3184 ipsos
3035 3117 3127 3185 qui
3180 3125 3334 3170 erant
3364 3117 3503 3184 apud

1919 3206 2352 3276 Hierosolymam
2377 3247 2392 3272 ,
2423 3222 2489 3259 cx
2518 3206 2814 3259 abundanti
2860 3216 2935 3260 est
2983 3201 3127 3258 milti'
3156 3207 3383 3260 scribere
3413 3222 3507 3258 uo-

1919 3301 1998 3352 bis
2029 3299 2096 3352 7°.
2119 3298 2231 3352 Cur
2258 3309 2321 3350 ex
2359 3297 2702 3351 abundanti?
2737 3296 2861 3350 Scio
2898 3300 3033 3351 enim
3069 3308 3363 3362 proruptum
3382 3291 3503 3351 ani-

1918 3406 2060 3442 mum
2089 3403 2333 3442 t'cstrttnt.
2366 3387 2536 3455 Quem
2569 3405 2673 3441 non
2709 3387 2882 3441 solum
2911 3390 3045 3452 scio,
3079 3390 3171 3442 sed
3210 3399 3258 3441 et
3304 3392 3369 3440 de
3401 3403 3504 3456 quo

1917 3480 2117 3549 glorior
2134 3480 2197 3532 de
2216 3479 2355 3532 vobis
2380 3485 2520 3544 apud
2550 3476 2892 3539 Macedonas,
2915 3479 3042 3547 quia
3061 3478 3264 3531 Achaia
3289 3493 3504 3547 pra'pa-

1919 3581 2038 3623 ruta
2064 3581 2137 3624 est
2169 3570 2232 3622 ab
2261 3585 2398 3623 anno
2428 3571 2624 3637 priore.
2661 3568 2728 3622 Et
2761 3582 2866 3620 non
2895 3569 3016 3621 dico
3045 3571 3171 3637 quia
3203 3567 3503 3622 secundum

1918 3662 2318 3716 {etimlationem
2370 3659 2724 3714 Macedonum
2780 3660 2991 3714 debetis
3022 3675 3126 3712 vos
3175 3659 3503 3724 adhortari;

1920 3755 2014 3807 sed
2049 3753 2323 3807 wmulatio
2358 3763 2529 3805 uestra
2574 3761 2821 3820 provocat
2849 3751 3130 3818 plurimos.
3169 3749 3311 3816 Ergo
3339 3751 3508 3805 nolite

1922 3845 2035 3898 fieri
2071 3843 2296 3897 secundi
2329 3843 2421 3897 sed
2456 3843 2616 3910 primi
2650 3874 2684 3906 ,-
2717 3842 2980 3895 habentes
3020 3839 3393 3894 secundarios.
3447 3840 3506 3894 Si

1921 3937 2088 4006 igitur
2124 3950 2228 3988 non
2273 3942 2356 3986 est
2385 3945 2610 3986 necesse
2655 3933 2922 3996 scribere,
2959 3931 3087 4000 quid
3125 3929 3296 3984 mittis
3328 3930 3353 3984 τ
3383 3930 3510 3984 Misi

1923 4038 2096 4080 autem
2124 4026 2354 4094 fratres,
2385 4040 2447 4076 ne
2476 4024 2530 4076 in
2555 4039 2614 4076 eo
2636 4025 2775 4093 quod
2802 4023 3098 4092 gloriamur
3118 4021 3182 4073 de
3209 4021 3511 4082 vobis,eva-

1921 4129 2103 4172 citetur
2129 4120 2181 4170 in
2212 4116 2310 4168 hac
2333 4123 2525 4183 parte;
2557 4124 2633 4177 ut,
2657 4112 3101 4184 quemadmodum
3127 4112 3388 4182 dixeram,
3414 4128 3510 4181 pa-

1921 4211 2024 4264 rati
2049 4211 2162 4264 sitis
2184 4209 2250 4261 ".
2281 4208 2536 4262 Dubietas
2582 4206 2726 4260 enim
2760 4223 2774 4259 :
2806 4203 2908 4271 Ne,
2945 4206 2989 4257 si
3013 4205 3245 4258 venerint
3271 4243 3284 4266 ,
3314 4203 3508 4272 inquit,

1921 4319 2123 4356 mecum
2149 4285 2484 4364 Macedones,
2512 4310 2559 4352 et
2593 4299 2882 4352 inuenerint
2915 4313 3004 4351 vos
3039 4298 3348 4374 imparatos,
3375 4312 3474 4349 con
3493 4326 3507 4337 -

1925 4393 2212 4462 fundantur
2259 4407 2397 4452 nos;
2430 4390 2700 4458 quomodo
2735 4404 2834 4443 nos
2864 4390 2955 4458 qui
3013 4387 3508 4456 fuerit‘gloriatus,
3545 4449 3547 4452 ι
3599 4426 3602 4427 ν

1923 4497 2014 4540 aut
2043 4487 2255 4541 dicatur
2282 4485 2356 4537 ita
2385 4495 2438 4538 ut
2467 4499 2570 4536 non
2597 4484 2838 4535 dicamus
2865 4497 2952 4534 vos
2989 4482 3042 4533 in
3077 4473 3372 4557 substantia
3402 4466 3509 4533 ista

236 4580 314 4634 lta
355 4587 409 4634 et
456 4596 601 4634 nunc
630 4581 724 4635 fiat
772 4583 1051 4652 mqualilas
1092 4601 1155 4637 ex
1189 4599 1383 4638 manna
1413 4586 1515 4640 isto
1555 4586 1674 4639 fidei
1714 4605 1726 4639 :
1764 4594 1819 4640 et
1850 4607 1895 4663 ι)
1924 4576 2335 4649 gloriﬁcalionis
2392 4575 2536 4628 ἀίεο·
2596 4569 2979 4626 Νεεεδεανίωπ
3024 4587 3146 4637 ergo
3213 4571 3509 4624 επίειῖηιαυὶ
3549 4629 3552 4632 .

237 4671 436 4737 quibus
486 4671 762 4725 abundant
811 4687 940 4740 opes
973 4713 987 4737 ,
1021 4673 1241 4726 mittant
1273 4674 1357 4728 his
1387 4675 1474 4742 qui
1526 4674 1767 4742 indigent
1802 4691 1816 4727 :

222 4761 435 4836 quibus
459 4772 637 4815 autem
667 4765 910 4817 abundat
943 4766 1139 4833 gratia,
1168 4767 1573 4820 communicent
1611 4766 1694 4820 his
1727 4766 1820 4834 qui

241 4870 345 4908 non
369 4855 563 4908 habent
581 4858 826 4924 gratiam.
854 4856 1069 4922 Gratius
1088 4868 1259 4910 autem
1283 4858 1387 4912 Deo
1411 4861 1502 4928 qui
1528 4859 1670 4911 dedit
1687 4874 1824 4912 eant-

240 4953 356 5000 dent
394 4947 801 5002 sollicitudinem
842 4966 936 5018 pro
969 4951 1109 5004 robis
1148 4955 1198 5004 in
1230 4954 1384 5004 corde
1424 4951 1531 5004 Titi
1563 4953 1606 4982 θ’
1646 4971 1656 5002 :
1691 4968 1821 5017 quo»

242 5042 384 5092 nium
420 5041 832 5094 exhortationem
858 5043 1067 5112 quidem
1113 5045 1338 5110 suscepit
1364 5060 1381 5107 ,'
1410 5045 1498 5097 sed
1530 5059 1644 5096 cum
1672 5037 1829 5096 solli'i

223 5131 399 5191 ,citior
425 5142 555 5184 esset
597 5133 660 5185 de
695 5135 838 5186 vobis
861 5174 875 5197 ,
926 5135 1063 5188 ultro
1112 5136 1378 5204 profectus
1417 5148 1491 5188 est
1534 5135 1613 5203 ad
1644 5150 1729 5187 eos
1755 5133 1818 5186 ⁸⁸.

242 5219 434 5274 Omnia
477 5219 636 5282 ultro,
696 5220 1017 5277 Macedones
1049 5223 1210 5290 ultro,
1245 5223 1398 5278 Titus
1434 5225 1593 5278 ultro.
1646 5221 1823 5276 Ellici-

222 5308 399 5375 'mini,
450 5310 647 5380 inquit,
678 5322 732 5366 et
769 5328 865 5366 vos
896 5313 1057 5368 ultro.
1098 5315 1230 5371 Post
1258 5317 1371 5371 hare
1397 5326 1577 5372 autem
1611 5315 1742 5370 dicit
1767 5324 1822 5369 et

243 5417 403 5468 quem
429 5396 552 5456 cum
600 5398 788 5458 eodem
826 5405 1058 5469 miserit,
1083 5402 1152 5461 et
1186 5407 1410 5464 laudans
1433 5424 1528 5464 eos
1577 5409 1822 5462 testimo-

222 5494 352 5559 ,niis
383 5489 770 5553 commendans
793 5515 930 5570 quos
964 5500 1208 5564 miserat,
1236 5503 1382 5557 addit
1417 5517 1432 5556 :
1463 5502 1530 5555 In
1565 5503 1663 5554 hac
1699 5516 1823 5568 gra-

235 5589 324 5656 tia
353 5587 691 5644 ministratur
713 5609 805 5660 per
840 5610 934 5648 nos
964 5597 1018 5648 in
1062 5595 1288 5666 gloriam
1311 5595 1432 5664 Dei,
1475 5605 1522 5650 et
1557 5593 1822 5650 sollicitu-

279 5847 281 5849 .
321 5801 365 5830 θ’
390 5799 430 5852 ll
451 5797 576 5852 Cor.
599 5816 717 5863 vm,
753 5801 837 5864 15,
875 5801 955 5855 14.
993 5798 996 5800 ⁷
1034 5800 1079 5831 ⁸³
1122 5799 1250 5853 ibid.
1279 5799 1366 5854 22.
1404 5845 1409 5850 .
1474 5799 1517 5828 “
1551 5799 1677 5852 ibid.
1713 5798 1797 5852 l5.

1927 4687 2114 4740 rogare
2138 4668 2328 4735 fratres
2353 4677 2406 4719 ut
2435 4677 2652 4734 pergant
2687 4664 2757 4717 ad
2785 4680 2894 4730 vos,
2947 4674 2994 4717 et
3040 4671 3337 4732 praeparent
3385 4670 3510 4714 ante

1928 4763 2240 4834 promissam
2298 4757 2708 4812 benedictionem
2767 4771 2870 4808 non
2919 4752 3504 4824 quasi..avaritiam"'.
3577 4779 3588 4788 ε

1930 4856 2030 4922 Qui
2068 4855 2211 4910 enim
2251 4854 2364 4917 dat,
2408 4850 2605 4918 accipit
2635 4849 2841 4918 magis;
2876 4856 2928 4902 et
2974 4846 3064 4915 qui
3091 4845 3306 4898 videtur
3339 4842 3510 4896 dona-

1903 4965 2009 5014 .re,
2043 4946 2403 5001 benedicitur.
2433 4925 2812 5010 Praeparatam'
2832 4948 3014 4992 autem
3040 4951 3179 4997 esse,
3215 4935 3411 5004 inquit,
3432 4934 3507 4988 ita

1903 5018 1986 5094 but
2010 5037 2441 5094 benedictionem
2474 5050 2578 5088 non
2609 5034 2766 5104 quasi
2813 5031 3119 5086 avaritiam.
3149 5025 3226 5081 Ne
3262 5028 3384 5096 quis
3409 5041 3510 5095 pu-

1929 5140 2024 5198 tet,
2047 5128 2155 5194 ait,
2185 5129 2466 5183 avaritiam
2494 5141 2614 5181 esse
2637 5116 2778 5194 quod
2801 5124 3064 5192 accipitur
3102 5121 3168 5175 ad
3195 5121 3500 5176 necessita-

1903 5235 1905 5240 '
1935 5231 2039 5276 lem
2074 5229 2408 5274 sanctorum.
2438 5217 2558 5271 Hoc
2586 5226 2763 5270 autem
2794 5215 2913 5268 dico
2947 5214 3195 5284 quoniam
3219 5214 3306 5283 qui
3354 5226 3509 5280 parce

1931 5314 2175 5378 seminat,
2211 5327 2369 5379 parce
2391 5320 2440 5364 et
2461 5319 2654 5364 metet:
2692 5309 2783 5373 qui
2815 5306 3034 5362 seminat
3068 5303 3502 5362 benedictionem,

1932 5405 2338 5459 benedictionem
2378 5412 2425 5456 et
2459 5411 2632 5455 metet.
2665 5399 3032 5469 Unusquisque
3068 5397 3204 5450 sicut
3235 5393 3508 5463 proposuit

1934 5499 2090 5552 corde
2121 5496 2283 5566 faciat
2308 5494 2376 5548 ⁷³.
2433 5492 2547 5547 Non
2576 5493 2721 5547 enim
2752 5492 2924 5545 virtus
2971 5504 3108 5556 opus
3131 5497 3244 5553 est,
3273 5486 3367 5540 sed
3398 5483 3512 5538 ani-

1937 5605 2056 5646 mus
2111 5596 2416 5660 promptus.
2473 5582 2938 5652 Quemadmodum
2995 5595 3122 5651 ergo
3169 5579 3329 5634 debet
3387 5577 3511 5646 quis

1906 5800 1948 5851 εδ
1984 5797 2108 5852 ibid.
2153 5795 2236 5853 l6.
2347 5797 2390 5826 εε
2432 5766 2672 5850 manu.
2750 5789 2950 5846 "ibid.
2991 5788 3070 5844 l9.
3181 5785 3225 5818 σε
3251 5782 3378 5841 ibid.
3416 5781 3507 5837 ει.

233 5869 297 5952 ‘9’
329 5869 456 5925 Ibid.
492 5869 590 5924 H.
655 5871 696 5903 7°
728 5871 770 5926 ll
822 5873 944 5928 Cor.
985 5885 1062 5939 ιχ,
1098 5870 1146 5939 1,
1171 5870 1228 5924 2.
1305 5871 1348 5904 τί
1377 5870 1504 5928 ibid.
1551 5871 1601 5924 5.
1682 5870 1722 5900 ⁷³
1746 5870 1815 5924 ibi

1917 5869 1966 5924 5.
2045 5867 2090 5900 ⁷⁸
2123 5868 2253 5922 ibid.
2286 5866 2339 5920 6.
