3850 6210
707 401 1298 418 _o——-.-————...-'—u'

1182 600 2501 778 ΕΥΣΕΒΙΟΥ

1387 901 1618 989 ΤΟΥ
1669 899 2273 991 ΠΑΜΦΙΛΟΥ

795 1097 1112 1228 ΕΙΣ
1223 1098 1756 1232 ΤΟΥΣ

1860 1096 2857 1238 ΨΑΛΜΟΥΣ

1501 1329 1639 1382 AIIO
1676 1329 1803 1382 PIO'
1840 1332 1967 1386 ΕΩΣ
2003 1333 2130 1387 PN’.

936 1675 1701 1836 EUSEBII
1785 1677 2708 1836 PAMPHILI

543 1967 2061 2103 COMMENTARIOBUM
2142 1976 2306 2101 IN
2384 1971 3106 2110 PSALMOS

1575 2228 1615 2270 Δ
1659 2229 1816 2272 CXIX
1858 2230 1942 2272 ΔΙ)
1986 2230 2061 2274 CL

797 2372 1200 2447 RELIQUUE
1240 2374 1771 2437 SUPERSTITES
1813 2375 1896 2435 IN
1939 2375 2357 2440 CODICIBUS
2401 2377 2853 2446 VATICANIS.

351 2536 463 2610 (Ex
492 2536 820 2594 Bibliotheca
846 2553 978 2594 nova
1005 2535 1234 2592 Patrum
1269 2535 1566 2593 cardinalis
1599 2535 1806 2608 Angelo
1850 2536 1978 2608 MAI,
2010 2549 2049 2594 t.
2094 2539 2184 2606 IV,
2227 2555 2281 2610 p.
2316 2540 2405 2596 67.
2436 2540 2564 2613 Ejus
2593 2544 2969 2614 pretationem
3005 2549 3275 2621 superiori

1527 2641 1674 2687 tonio
1703 2634 2112 2705 praemisimus.)

733 2926 1026 2981 ΨΑΛΜΟΣ
1066 2928 1191 2981 ΡΙΘθ
1199 2967 1215 2982 .

627 3017 766 3088 ’ῼδὴ
796 3017 917 3072 τῶν
948 3019 1328 3088 ἀναϐαθμῶν.

242 3112 306 3164 Ui
339 3111 747 3175 καταπεσόντες
780 3111 890 3165 ἀπὸ
934 3111 1043 3164 τῶν
1086 3111 1181 3164 106
1226 3111 1361 3164 Θεοῦ
1397 3111 1600 3176 καλῶν,
1630 3113 1766 3166 ἀνα-

178 3201 450 3257 ϐαίνουσιν
482 3203 576 3256 ἐπὶ
600 3202 794 3268 ταῦτα,
829 3203 1352 3274 παρασκευάσαντες
1386 3204 1466 3266 εἰς
1498 3205 1598 3275 τὴν
1632 3204 1767 3258 ἀνά-

180 3297 331 3350 εασιν
357 3296 616 3360 ἑαυτούς·
643 3296 741 3368 τὴν
769 3293 861 3351 οὖν
885 3296 1239 3368 παρασκευὴν
1267 3295 1466 3359 ἱκανῶς
1495 3294 1769 3360 ἐπιδείξας

181 3389 208 3439 ὁ
243 3389 556 3460 Ψαλμῳδὸς
603 3389 692 3442 διὰ
745 3388 841 3442 τοῦ
895 3388 1110 3460 πρώτου
1161 3385 1378 3458 ψαλμοῦ
1425 3387 1635 3455 εἰσάγει
1668 3386 1767 3458 τὴν

183 3482 439 3536 ἀνάϐασιν
464 3481 566 3552 τὴν
594 3481 684 3535 διὰ
715 3481 823 3534 τῶν
851 3480 1100 3550 Θλίψεων.

616 3665 757 3721 Ἀπὸ
795 3665 1084 3743 γλώσσης
1109 3664 1244 3719 δολί
1246 3681 1339 3731 ας.

250 3759 540 3812 Τωτέστιν
586 3759 694 3811 ἀπὸ
747 3759 930 3829 πάσης
978 3757 1322 3828 ψευδοδοξίας
1379 3755 1473 3808 καὶ
1518 3754 1762 3826 ἀπάτης·

189 3852 348 3906 δεῖται
410 3851 522 3923 γὰρ
572 3852 601 3902 ὁ
649 3852 707 3902 ὲν
739 3850 882 3921 ἀρχῇ
942 3851 1228 3921 προκοπῆς
1276 3848 1561 3918 τυγχάνων
1616 3848 1766 3910 ὅπως

198 3943 368 4013 μηδεὶς
401 3943 566 3996 αὐτὸν
601 3941 1037 4013 παραλογίζηται
1070 3943 1128 3995 ὲν
1165 3939 1534 4011 πιθανολογίᾳ.

608 4127 670 4180 Τί
705 4125 910 4193 δοθείη
941 4126 1088 4187 ’σοι;
1116 4141 1168 4177 κ.
1203 4141 1254 4176 τ.
1287 4123 1338 4178 λ.

259 4220 598 4285 Ἐπαγούσας
631 4223 659 4274 ὁ
682 4220 854 4289 Λόγος
882 4219 976 4272 τοῦ
1010 4217 1474 4291 προσευξάμενον,
1505 4217 1647 4272 κατὰ
1678 4215 1759 4289 τὸ,

1799 2934 1847 2989 Α

2391 2929 2716 2988 PSALMUS
2752 2931 2940 2991 CXIX.

2230 3024 2391 3080 Vens.
2426 3025 2477 3078 1.
2506 3025 2786 3080 Canticum
2817 3026 3100 3097 graduum.

1943 3115 2047 3184 Qui
2083 3131 2112 3170 a
2142 3115 2236 3171 Dei
2269 3119 2426 3173 bonis
2451 3118 2796 3184 exciderunt,
2821 3121 2889 3173 ad
2917 3119 3034 3176 haec
3065 3120 3243 3179 denuo
3267 3136 3450 3180 assur—

1869 3219 2024 3280 gunt,
2082 3209 2128 3266 si
2179 3210 2245 3264 ad
2300 3210 2609 3282 huiusmodi
2667 3212 3040 3268 ascensionem
3090 3223 3262 3271 semet
3295 3230 3446 3271 com-

1867 3304 2206 3372 paraverint.
2280 3302 2432 3358 Hanc
2493 3319 2623 3376 ergo
2693 3304 3144 3374 przeparationem
3218 3322 3330 3377 prae
3389 3323 3452 3364 se

1869 3393 2056 3450 ferens
2110 3393 2436 3462 Psalmista,
2508 3398 2686 3469 primo
2751 3396 2856 3452 hoc
2916 3399 3181 3466 graduum
3239 3398 3451 3470 psalmo

1869 3485 2282 3552 ascensionem,
2355 3502 2477 3557 quae
2551 3502 2652 3558 per
2717 3487 3130 3545 tribulationem
3175 3487 3278 3557 tit,
3346 3504 3447 3545 cx-

1868 3577 2043 3648 ponit.

2253 3666 2420 3722 Vens.
2454 3665 2511 3720 2.
2560 3667 2606 3721 Α
2642 3668 2823 3739 lingua
2850 3669 3058 3724 dolosa.

1939 3760 1994 3813 Id
2051 3768 2135 3816 est
2184 3759 2254 3814 ab
2304 3760 2452 3816 omni
2503 3759 2680 3814 fallaci
2726 3762 2995 3817 sententia
3022 3769 3076 3815 et
3103 3759 3442 3832 deceptione.

1869 3851 2096 3922 Oportet
2148 3853 2291 3907 enim
2349 3869 2475 3908 eum
2541 3853 2632 3922 qui
2698 3853 2912 3908 initium
2973 3852 3294 3923 proﬁciendi
3365 3854 3447 3907 fa-

1867 3946 1985 4010 cit,
2037 3960 2069 3998 a
2115 3944 2335 4000 nemine
2389 3943 2540 4000 falsis
2602 3944 3042 4015 persuasionibus
3093 3944 3146 3999 in
3199 3959 3443 4002 errorem

1867 4037 2082 4093 abducL

2188 4126 2352 4181 Vsus.
2385 4126 2437 4180 5.
2485 4125 2626 4192 Quid
2658 4126 2812 4178 detur
2846 4125 2987 4180 tibi?
3015 4134 3124 4180 etc.

1938 4215 2138 4270 Audito
2159 4225 2352 4270 orante
2366 4215 2530 4280 Deus,
2546 4214 2710 4269 veluti
2732 4214 3084 4278 illud,Adhuc
3107 4225 3155 4269 te
3181 4215 3443 4286 loquente,

189 4313 306 4368 Ἔτι
352 4312 695 4378 λαλοῦντός
743 4327 881 4375 σου,
929 4310 1058 4364 ὶδοὺ
1108 4310 1366 4380 πάρειμι,
1407 4309 1761 4383 ἀποκρίνεται

1879 4326 1981 4365 εσσε
2032 4310 2220 4364 adsum
2250 4311 2267 4340 ί
2292 4350 2307 4374 ,
2341 4307 2636 4378 respondet
2659 4308 2732 4370 ei.
2771 4308 3007 4377 dicitque
3041 4327 3054 4363 :
3094 4308 3270 4366 Macte
3319 4311 3442 4365 ani-

187 4406 325 4477 αὑτῴ
362 4406 456 4460 καί
486 4421 621 4474 φησι
641 4422 653 4434 ·
681 4403 907 4475 Θάρσει,
935 4395 980 4454 ὦ
1018 4394 1193 4466 οὗτος,
1229 4399 1386 4464 εἰδὼς
1405 4401 1488 4453 ὅτι
1524 4398 1764 4472 προστά-

185 4516 274 4571 την
301 4501 396 4554 καὶ
423 4501 743 4570 ὑπέρμαχον
794 4497 936 4568 ἔχεις
976 4495 1229 4560 δυνατὸν,
1261 4495 1448 4560 ὅπλοις
1479 4494 1761 4566 χρώμενον

186 4592 312 4665 ὑπὲρ
341 4593 436 4646 σοῦ
466 4591 609 4645 κατὰ
639 4590 747 4644 τῶν
777 4589 885 4642 σῶν
919 4588 1194 4660 πολεμίων
1217 4606 1229 4617 ·
1263 4587 1478 4659 βέληητε
1501 4587 1609 4658 γὰρ
1631 4586 1760 4656 ἠκό-

181 4704 334 4755 νησεν
362 4686 483 4740 κατ’
511 4683 688 4737 αὐτῶν
711 4723 725 4747 ,
773 4682 867 4735 καὶ
910 4680 1187 4752 ἄνθρακας
1217 4680 1513 4751 ἡτοίμασεν
1559 4680 1761 4750 ἐρημο-

186 4780 359 4843 ποιοὺς
406 4779 488 4841 εἰς
533 4777 754 4840 αὐτοὺς,
804 4773 1185 4846 μετελεύσεται
1240 4773 1298 4825 ὲν
1330 4773 1450 4836 ταῖς
1495 4774 1618 4826 κατ’
1667 4773 1764 4826 αύ-

184 4868 283 4920 τῶν
312 4867 638 4938 τιμωρίαις·
669 4866 724 4918 τί
764 4861 857 4918 οὖν
896 4864 1060 4917 πλέον
1095 4865 1268 4926 αἰτεῖς
1307 4860 1526 4932 δοθῆναί
1571 4877 1689 4925 σοι;
1725 4860 1760 4930 ἢ

186 4961 232 5013 τί
252 4961 410 5033 θέλῃς
440 4958 794 5030 προστιθέναι
829 4974 910 5010 σοι
943 4954 1083 5028 μετὰ
1108 4954 1209 5024 τὴν
1236 4951 1505 5023 τοσαύτην
1539 4951 1634 5005 τοῦ
1663 4955 1764 5006 Δυ-

185 5051 334 5107 νατοῦ
367 5051 514 5105 κατὰ
541 5050 650 5103 τῶν
674 5048 886 5104 ἀσεϐῶν
916 5046 1274 5118 παρασκευήν
1297 5060 1310 5109 ;

409 5142 574 5196 Μετὰ
596 5139 715 5194 τῶν
749 5138 1160 5209 σκηνωμάτων
1184 5134 1386 5205 Κηδάρ
1416 5135 1514 5208 (1).

239 5235 433 5306 Κηδέιρ
463 5232 636 5301 πάγος
665 5233 859 5301 γενεᾶς
873 5230 1096 5285 δύναται
1113 5229 1208 5283 καὶ
1234 5225 1544 5297 σκοτασμὸς
1562 5242 1576 5257 ο
1599 5226 1768 5298 Κατ-ῃ

179 5329 456 5397 εσκήνωσα
481 5320 596 5390 οὖν,
631 5324 784 5394 φησὶ,
816 5322 955 5394 μετὰ
981 5322 1090 5376 τῶν
1119 5319 1494 5392 σκηνωμάτων
1513 5317 1608 5371 τοῦ
1625 5333 1752 5370 σκο-

179 5417 397 5489 τασμοῦ,
433 5417 574 5486 amp
605 5417 720 5469 ἐστὶ
744 5413 837 5469 106
874 5413 1124 5485 σώματος
1153 5411 1247 5465 106
1288 5410 1520 5465 θανάτου
1539 5426 1554 5440 ν
1598 5409 1749 5480 καὶὴ

178 5507 308 5580 ψυχή
343 5528 444 5580 μου
476 5509 644 5580 αὐτὴ,
675 5508 828 5579 φησὶ,
867 5507 1036 5562 πολλὰ
1065 5505 1355 5568 πλεονάκις
1395 5501 1746 5576 παρῴκησεν.

241 5621 258 5651 ¹
285 5619 388 5676 lsa.
422 5637 582 5686 ινιιι,
627 5621 661 5675 9

1860 4417 1970 4468 mo,
2005 4415 2038 4457 ο
2078 4401 2274 4467 homo;
2323 4401 2465 4455 nosti
2497 4399 2644 4454 enim
2689 4399 2926 4455 validum
2976 4409 3027 4455 te
3075 4410 3444 4470 protectorem

1859 4491 2307 4561 defensoremque
2335 4491 2557 4560 habere,
2592 4491 2759 4546 armis
2798 4507 2894 4558 pro
2923 4501 2976 4547 te
3022 4493 3287 4549 adversus
3337 4495 3442 4550 ho-

1857 4591 1970 4639 stes
1997 4583 2366 4638 decertantem
2395 4601 2409 4638 :
2452 4597 2577 4636 nam
2626 4583 2853 4652 sagittas
2879 4594 3065 4638 contra
3094 4585 3240 4653 ipsos
3273 4585 3442 4652 acuit,

1859 4674 2218 4730 desolatorios
2245 4675 2514 4730 carbones
2543 4675 2802 4730 adversus
2830 4689 2926 4729 eos
2961 4677 3209 4746 paravit,
3253 4684 3309 4732 et
3351 4676 3441 4732 in-

1861 4772 2102 4819 structus
2139 4765 2422 4834 suppliciis
2449 4776 2712 4820 venturus
2744 4773 2850 4822 est.
2874 4764 3014 4833 Quid
3057 4781 3188 4835 ergo
3220 4766 3443 4835 insuper

1862 4853 1957 4908 tibi
2001 4853 2120 4908 dari
2170 4854 2452 4925 postulas?
2501 4853 2587 4909 vel
2629 4855 2890 4926 quidnam
2945 4855 3042 4910 tibi
3102 4857 3225 4913 addi
3277 4857 3436 4923 velis,

1860 4951 1982 5012 post
2041 4952 2254 5000 tantum
2305 4946 2546 5015 potentis
2600 4943 2693 5000 Dei
2735 4953 2930 5000 contra
2979 4947 3175 5017 impios
3204 4963 3439 5019 appara-

1862 5043 1976 5088 tum
2001 5034 2025 5088 ?
2250 5027 2260 5039 ’

2149 5126 2314 5182 Vens.
2343 5126 2394 5181 5.
2423 5126 2556 5180 Cum
2581 5127 2936 5182 tabernaculis
2961 5126 3152 5186 Cedar.

1934 5215 2110 5274 Cedar
2129 5219 2251 5288 gelu
2282 5219 2651 5289 generationis
2676 5227 2730 5274 et
2751 5219 3108 5276 obscuritatis
3137 5217 3436 5290 signiﬁcat.

1863 5307 2116 5366 Habitavi
2143 5311 2351 5380 itaque,
2381 5311 2476 5375 ait,
2504 5313 2554 5364 in
2583 5310 2949 5369 tabernaculis
2975 5311 3353 5375 obscuritatis,
3375 5311 3440 5368 id

1861 5411 1945 5458 est
1974 5402 2028 5457 in
2069 5403 2283 5458 mortali
2313 5417 2546 5473 corpore
2577 5421 2591 5457 :
2624 5416 2681 5459 et
2710 5405 2896 5460 anima
2937 5419 3056 5460 mea
3112 5405 3227 5476 ipsa
3268 5419 3434 5475 saepe,

1860 5496 2056 5567 inquit,
2087 5497 2286 5568 diuque
2310 5497 2488 5553 incola
2527 5498 2650 5556 fuit.

242 5738 315 5811 (t)
347 5740 519 5798 Recte
556 5738 688 5794 cod.
723 5737 788 5794 C.
823 5739 1192 5795 tantummodo
1238 5739 1360 5795 sic:
1420 5739 1479 5791 ὐ
1516 5735 1761 5800 Εὐσέϐιος

1879 5732 1994 5806 λδὰρ
2022 5731 2382 5804 ἑρμηνεύεται
2419 5732 2774 5804 σκοτασμόν
2811 5731 2865 5804 (a
2889 5730 3042 5803 11D).

531 5838 812 5900 PLTROL.
844 5837 963 5898 Gn.
1006 5835 1242 5899 XXIV.

1477 6001 2016 6094 97HHH

1478 6049 1558 6122 Ιώ
1619 6049 1653 6118 έ
1826 6049 1901 6116 ri:
1940 6049 2018 6112 Γ)

3090 5831 3119 5889 1
