3850 6210
389 314 449 372 il
1093 313 1361 370 EUSEBII
1402 311 1869 370 CESARIENSES
1901 313 2050 369 OPP.
2093 313 2273 369 PARS
2310 315 2398 372 111.
2442 349 2504 357 -
2545 316 2950 372 EXEGETICA.
3558 327 3628 380 η

913 407 1134 462 PSALM
1147 409 1234 464 US
1260 408 1423 463 CXX.

583 500 746 554 Vens.
775 501 821 553 ί.
856 499 1046 552 Levavi
1069 500 1246 553 oculos
1275 517 1414 554 meus
1445 501 1499 553 in
1529 511 1749 554 montes.

454 591 534 647 Ab
562 591 743 646 hostili
772 592 1038 646 servitute
1070 594 1372 659 expeditus,
1408 604 1574 662 atque
1606 595 1660 647 in
1693 595 1804 662 ipsa
1836 595 1949 662 jam

382 688 465 740 via
490 687 836 747 constitutus,
870 700 988 751 uita}
1016 685 1082 740 ad
1113 685 1204 739 Dei
1233 687 1508 742 civitatem
1556 687 1728 751 ducit,
1765 688 1953 743 oculos

381 783 447 835 ad
486 791 698 835 montes
732 781 829 833 hac
864 779 984 832 illac
1019 779 1238 841 attollit,
1271 781 1570 834 observans
1597 790 1760 848 atque
1788 779 1952 833 vesti-

379 887 547 942 gans,
583 872 852 925 undenam
895 869 994 923 sibi
1038 869 1296 924 auxilium
1319 870 1390 924 sit
1415 869 1747 925 adfuturum.
1780 869 1950 926 Porro

376 964 589 1018 cunctis
613 961 793 1016 mundi
825 959 1069 1030 partibus
1100 975 1166 1015 ac
1195 962 1603 1016 summitatibus
1619 962 1945 1030 exploratis,

380 1055 521 1116 nulla
549 1055 603 1109 in
638 1070 698 1110 re
735 1053 978 1109 sensibili
1006 1068 1120 1108 rem
1146 1053 1432 1122 quaesitam
1456 1055 1744 1124 comperit.
1772 1054 1950 1110 Mente

382 1149 546 1216 igitur
583 1149 884 1216 animmque
908 1147 1082 1201 oculis
1121 1147 1188 1202 ad
1227 1155 1504 1202 auctorem
1531 1159 1949 1218 creatoretnque

379 1256 557 1295 rerum
583 1240 820 1295 omnium
843 1241 1181 1309 confugiens,
1211 1239 1285 1295 ibi
1311 1239 1476 1301 sistit,
1493 1239 1831 1308 alterumque
1846 1242 1949 1296 hoc

376 1333 645 1387 canticum
666 1332 899 1385 concinit
918 1333 1103 1386 dicens
1128 1349 1140 1384 :
1165 1329 1435 1385 Auxilium
1450 1347 1620 1384 meum
1645 1349 1677 1385 a
1703 1331 1943 1394 Domino,

373 1426 464 1494 qui
493 1424 611 1492 fecit
637 1423 818 1476 caelum
843 1433 891 1476 et
920 1433 1135 1477 terram.

690 1584 850 1639 Vens.
885 1584 936 1638 5.
977 1583 1232 1638 Dominus
1265 1585 1524 1638 custodiet
1558 1597 1625 1639 te.

439 1672 573 1728 Eum
622 1679 714 1743 qui
768 1688 984 1742 semper
1017 1673 1082 1727 ad
1135 1674 1300 1728 Deum
1352 1684 1582 1742 spectat,
1628 1675 1744 1744 ipse
1813 1676 1941 1745 vigil

1982 443 2029 499 Α

2615 411 2901 465 ΨΑΛΜΟΣ
2941 413 3069 466 ΡΚ’.

2223 497 2370 569 Ἦρα
2405 501 2546 567 τοὺς
2581 503 2923 571 ὀφθαλμούς
2950 520 3069 571 μου
3102 505 3193 569 εὶς
3216 503 3289 558 τὰ
3327 505 3454 574 ὄρη.

2137 594 2194 646 '0
2222 594 2318 664 τῆς
2344 593 2583 656 δουλείας
2620 594 2724 647 ὑπὸ
2753 595 2864 656 τοῖς
2896 594 3108 664 ἐχθροῖς
3140 595 3496 665 ἀπαλλαγεὶς,
3533 597 3630 652 καὶ

2054 684 2171 738 κατ’
2201 685 2368 754 αὑτὴν
2413 685 2514 755 ήδη
2543 683 2782 753 γεγονὼς
2817 686 2914 754 τὴν
2959 685 3078 738 ὸδὸν
3116 687 3215 757 τὴν
3257 689 3494 755 ἄγουσαν
3534 690 3627 741 ἐπὶ

2051 778 2147 849 τὴν
2170 777 2264 830 τοῦ
2287 776 2421 829 Θεοῦ
2448 777 2619 840 πόλιν,
2647 778 2758 832 ἄνω
2782 778 2907 840 τοὺς
2935 777 3247 849 ὀφθαλμοὺς
3273 774 3376 833 ὧδε
3403 783 3627 835 κάκεῖσε

2049 872 2131 934 είς
2180 869 2247 922 τά
2285 869 2386 942 ὅρη
2431 869 2666 940 ἐπαίρει,
2705 869 2980 922 κατανοῶν
3025 872 3119 923 καὶ
3156 864 3628 942 πολυπρᾶγμονῶν

2052 959 2213 1012 πόθεν
2259 957 2407 1028 αύτῷ
2445 958 2561 1029 ἥξει
2607 958 2854 1030 βοήθεια·
2910 958 2980 1012 τά
3029 959 3192 1030 μέρη,
3211 959 3268 1012 δὲ
3302 961 3481 1014 πάντα
3531 961 3626 1016 τοῦ

2049 1051 2252 1122 κόσμου
2304 1050 2400 1103 καὶ
2448 1049 2519 1102 τά
2576 1049 2682 1120 ὕψη
2741 1050 3133 1122 περιαθρήσας,
3181 1052 3240 1104 ἐν
3294 1051 3466 1104 οὐδενὶ
3516 1053 3627 1107 τῶν

2048 1143 2318 1214 αἰσθητῶν
2351 1141 2592 1214 εὑρίσκει
2620 1143 2681 1195 τὸ
2723 1143 3054 1214 ζητούμενον
3075 1160 3088 1174 ’
3135 1143 3210 1214 νῷ
3240 1143 3295 1196 δὲ
3325 1145 3419 1197 καὶ
3447 1145 3624 1216 ψυχῆς

2046 1233 2340 1304 ὀφθαλμοῖς
2370 1232 2463 1284 ἐπὶ
2498 1232 2588 1285 τὸν
2623 1235 2850 1304 ποιητὴν
2891 1234 2964 1303 (2)
3008 1233 3101 1286 καὶ
3137 1234 3468 1305 δημιουργὸν
3516 1236 3624 1288 τῶν

2045 1327 2182 1378 ὅλων
2216 1323 2562 1396 ἀναδραμὼν,
2589 1325 2821 1379 ἐνταῦθα
2852 1325 3086 1390 ἵσταται,
3114 1325 3207 1379 καὶ
3240 1325 3336 1396 τὴν
3365 1327 3624 1398 δευτέραν

2045 1417 2188 1489 ᾠδὴν
2220 1418 2334 1489 ᾄδει
2366 1415 2540 1484 λέγων
2558 1433 2571 1446 ·
2617 1416 2689 1470 Ἦ
2707 1416 2958 1486 βοήθειά
2975 1435 3094 1486 μου
3111 1418 3268 1485 παρὰ
3283 1419 3501 1487 Κυρίου
3515 1419 3623 1474 τοῦ

2048 1510 2420 1578 ποιήσαντος
2435 1511 2545 1563 τὸν
2559 1510 2821 1579 οὐρανὸν
2835 1509 2932 1561 καὶ
2953 1509 3068 1576 τὴν
3083 1509 3218 1578 γῆν.

2518 1603 2731 1668 Κύριος
2759 1600 3017 1670 φυλάξει
3045 1617 3139 1654 σε.

2113 1689 2216 1744 Τὸν
2252 1689 2543 1752 διαπαντὸς
2588 1691 2668 1753 είς
2717 1689 2806 1743 τὸν
2855 1689 2986 1742 Θεὸν
3047 1690 3335 1762 ἀφορῶντα
3385 1692 3545 1756 αὑτὸς
3591 1693 3622 1747 ό

369 1765 605 1820 custodit
631 1761 792 1828 licus,
828 1766 1050 1836 ejusque
1090 1765 1371 1819 dexteram
1416 1767 1648 1837 protegit
1693 1783 1932 1832 manum,

2045 1783 2251 1843 ἄϋπνος
2290 1779 2546 1849 φυλάττει
2579 1781 2730 1843 Θεὸς,
2757 1780 2850 1833 καὶ
2879 1779 3067 1833 τούτου
3113 1761 3210 1852 τήν
3250 1781 3430 1846 δεξιὰν
3463 1785 3624 1854 χεῖρα

368 1859 492 1926 quia
513 1868 566 1914 et
595 1859 682 1914 ille
713 1859 952 1914 dexteris
984 1862 1192 1914 actibus
1222 1863 1408 1924 utitur,
1456 1871 1511 1913 et
1559 1860 1808 1916 inimicos
1841 1877 1937 1916 sua

367 1951 590 2004 dextera
647 1950 879 2019 repellit.
948 1950 1110 2006 Certe
1170 1951 1276 2006 Deo
1333 1952 1654 2006 dilectorum
1703 1952 1936 2008 dextera!

368 2040 690 2094 insidiantur
726 2040 1068 2108 potissimum
1099 2041 1302 2096 hostes.
1352 2040 1444 2094 Sic
1501 2041 1684 2109 itaque
1733 2040 1936 2094 dictum

371 2130 470 2184 iuit
503 2147 516 2183 :
552 2127 620 2182 Et
645 2130 798 2184 Jesus
824 2133 1040 2184 indutus
1066 2142 1177 2184 erat
1211 2131 1432 2186 vestibus
1455 2131 1704 2198 sordidis,
1736 2132 1939 2185 stabat-

363 2237 463 2290 que
503 2221 746 2276 diabolus
796 2239 827 2274 a
882 2223 1084 2276 dextris
1134 2225 1248 2291 ejus
1292 2227 1336 2280 ¹.
1375 2253 1449 2266 -—
1478 2221 1757 2290 Praecipue
1807 2238 1936 2277 vero

362 2313 507 2368 Deus
559 2330 590 2368 a
639 2315 878 2384 nequitia
948 2326 1156 2380 tuetur,
1213 2317 1425 2372 etiamsi
1479 2314 1617 2370 forte
1665 2315 1934 2370 exteriora

365 2415 549 2460 nostra
585 2421 679 2461 seu
719 2421 918 2476 corpus
965 2405 1188 2479 amigat.
1240 2407 1606 2475 Quamobrem
1629 2416 1685 2462 et
1710 2406 1776 2460 de
1801 2405 1936 2461 Jobo

363 2499 640 2554 mandavit
670 2517 684 2553 :
716 2499 957 2553 Animam
1004 2501 1117 2569 ejus
1151 2510 1355 2555 tantum
1381 2517 1527 2555 serva
1555 2499 1594 2555 ³.
1625 2499 1797 2554 Porro
1819 2499 1936 2552 ani-

364 2605 448 2643 ma
477 2589 680 2660 indiget
720 2590 910 2653 tutela,
983 2605 1102 2644 cmn
1134 2593 1256 2646 vitae
1285 2593 1465 2646 exitus
1500 2601 1715 2660 tempus
1741 2593 1932 2656 instat,

362 2694 417 2740 et
473 2700 595 2740 cum
660 2685 726 2738 ad
789 2683 881 2738 Dei
940 2685 1218 2737 civitatem
1251 2683 1356 2737 iter
1385 2681 1584 2750 carpit.
1618 2681 1756 2748 Quid
1788 2683 1932 2734 enim

363 2776 608 2846 proderit
643 2815 658 2838 ,
718 2774 762 2829 si
813 2775 1083 2844 quispiam
1141 2775 1192 2829 in
1246 2774 1420 2829 medio
1473 2774 1671 2828 itinere
1731 2775 1931 2828 cadens

366 2867 594 2938 pereat?
651 2865 836 2935 Itaque
905 2866 1175 2921 neminem
1227 2875 1354 2919 ante
1416 2875 1644 2920 mortem
1713 2865 1930 2920 beatum

365 2961 536 3014 dicas.

575 3049 740 3104 Vens.
775 3051 827 3105 6.
861 3049 982 3118 _Per
1028 3049 1165 3102 diem
1214 3048 1294 3103 sol
1342 3063 1444 3100 mm
1486 3058 1597 3101 uret
1647 3056 1714 3101 te.

2043 1871 2255 1933 σκέπει,
2311 1871 2406 1924 ἆτε
2454 1871 2655 1937 δεξιαῖς
2711 1869 2942 1936 πράξεσι
2995 1872 3300 1942 χρωμένου,
3351 1874 3447 1926 καὶ
3494 1875 3620 1936 τοὺς

2040 1965 2266 2036 ἐχθροὺς
2289 1965 2601 2028 ἐλαύνοντος
2629 1967 2694 2036 τῇ
2720 1963 2914 2017 ἑαυτοῦ
2941 1964 3092 2034 δεξιᾷ
3110 1981 3123 1993 ·
3155 1964 3390 2034 μάλιστα
3413 1965 3522 2036 γὰρ
3550 1969 3616 2037 τῇ

2037 2056 2186 2128 δεξιᾷ
2207 2056 2314 2110 τῶν
2343 2056 2603 2126 θεοφιλῶν
2625 2055 2994 2109 ἐπιϐουλεύειν
3023 2056 3318 2126 πειρῶνται
3342 2058 3390 2109 οἱ
3413 2057 3616 2127 ἐχθροί’

2037 2149 2179 2202 οὑτω
2223 2146 2355 2218 γοῦν
2401 2149 2647 2219 εἴρηται·
2685 2147 2795 2200 Καὶ
2844 2147 3074 2215 Ἰησοῦς
3118 2144 3197 2218 ἦν
3224 2147 3618 2216 ἐνδεδυμένος

2037 2239 2233 2309 ἱμάτια
2258 2237 2520 2308 ῥυπαρὰ,
2555 2238 2651 2292 καὶ
2683 2241 2716 2291 ὀ
2743 2237 3020 2304 διάϐολος
3047 2238 3286 2304 ἑστήκει
3301 2240 3369 2292 ἐκ
3397 2238 3609 2303 δεξιῶν

2035 2327 2242 2383 αὑτοῦ.
2283 2359 2351 2370 -
2388 2328 2638 2382 Μάλιστα
2681 2329 2739 2382 δὲ
2773 2328 2904 2392 Θεὸς
2946 2329 3053 2382 ἀπὸ
3095 2329 3291 2393 κακίας
3335 2329 3617 2398 φυλάττει,

2036 2420 2138 2473 κᾶν
2173 2419 2241 2473 τά
2271 2419 2426 2483 ἐκτὸς
2457 2419 2490 2488 ἢ
2520 2420 2582 2472 τὸ
2617 2419 2774 2491 σῶμα
2805 2421 2945 2491 λυπῇ
2969 2436 2984 2449 '
3003 2421 3128 2490 περὶ
3161 2420 3291 2489 γοῦν
3327 2420 3444 2474 Ἰὼϐ
3475 2439 3618 2494 παρ-

2039 2510 2283 2582 ήγγειλε·
2320 2511 2528 2578 Μόνην
2569 2510 2684 2579 τὴν
2745 2509 2958 2579 ψυχὴν
2982 2511 3166 2564 αὐτοῦ
3208 2510 3613 2580 διαφύλαξον’

2032 2603 2204 2658 δεῖται
2231 2602 2288 2656 δὲ
2327 2601 2572 2672 φυλακῆς
2617 2604 2650 2673 ἡ
2683 2601 2829 2672 ψυχὴ
2875 2601 3017 2654 κατὰ
3051 2601 3144 2654 τὸν
3175 2601 3276 2670 τῆς
3306 2601 3482 2665 ἐξόδου
3515 2601 3614 2655 τοῦ

2035 2693 2150 2763 βίου
2177 2693 2494 2764 καιρὸν,καὶ
2523 2691 2664 2745 κατὰ
2678 2693 2776 2762 τὴν
2801 2693 3002 2746 εἴσοδον
3017 2692 3113 2764 τὴν
3131 2694 3209 2754 εἰς
3235 2692 3334 2762 τὴν
3357 2692 3449 2745 τοῦ
3479 2691 3616 2745 Θεοῦ

2033 2785 2188 2838 πόλιν
2210 2803 2222 2816 ·
2265 2784 2319 2836 τί
2349 2784 2459 2856 γάρ
2489 2784 2679 2854 ὄφελος
2702 2785 2750 2837 εί
2793 2787 2850 2837 ἐν
2883 2784 3032 2854 μέσῳ
3066 2785 3165 2854 τῆς
3191 2783 3307 2837 ὸδοῦ
3331 2785 3510 2838 πεσών
3529 2803 3615 2849 τις

2032 2876 2312 2942 ἀπώλετο;
2341 2878 2421 2931 διὸ
2467 2877 2541 2948 μὴ
2587 2875 2900 2947 μακαρίσῃς
2929 2876 3215 2946 ἄνθρωπον
3249 2877 3354 2948 πρὸ
3388 2877 3483 2948 τῆς
3524 2894 3613 2929 τε-

2028 2967 2228 3039 λευτῆς
2265 2967 2452 3022 αὑτοῦ.

2271 3060 2513 3130 Ἡμέρας
2546 3063 2579 3114 ό
2609 3059 2780 3126 ἥλιος
2813 3059 2885 3112 οὐ
2917 3059 3251 3128 συγ-καύσει
3279 3075 3370 3113 σε.

431 3141 717 3212 Splendida
739 3146 906 3196 nubes
933 3143 1071 3195 haud
1089 3157 1182 3195 eos
1206 3141 1335 3196 sinit
1358 3141 1439 3194 uri
1469 3139 1602 3203 sole,
1625 3140 1716 3208 qui
1736 3143 1799 3192 ad
1823 3138 1928 3193 De-

2100 3154 2313 3223 Νεφέλη
2332 3153 2562 3225 φωτεινὴ
2587 3153 2687 3206 οὑκ
2711 3153 2775 3222 ἐᾷ
2806 3149 3156 3220 συγκαίεσθαι
3179 3149 3284 3203 ὑπὸ
3304 3151 3452 3221 ἡλίου
3485 3153 3613 3215 τοὺς

361 3251 448 3285 um
478 3243 730 3304 pergunt.
751 3234 977 3304 Parique
999 3234 1206 3286 ratione
1222 3248 1378 3300 opem
1399 3232 1524 3296 fert,
1545 3234 1837 3302 quominus
1859 3249 1928 3288 ne

359 3343 387 3378 a
425 3334 686 3379 nocturno
704 3325 918 3394 quidem
949 3323 1201 3375 luminari
1223 3322 1604 3376 detrimentum
1627 3322 1924 3393 patiantur.

882 3413 1202 3470 PSALMUS
1229 3412 1413 3468 CXXI.

311 3581 314 3584 γ
363 3511 522 3568 Vens.
548 3511 598 3564 Ι.
623 3509 854 3564 Lwtatus
875 3525 988 3562 sum
1017 3511 1069 3561 iu
1092 3508 1173 3560 Itis
1202 3523 1317 3575 qua:
1337 3509 1476 3562 dicta
1502 3518 1622 3562 sunt
1646 3508 1791 3572 mihi,
1817 3517 1924 3560 etc.

430 3605 565 3660 Dum
603 3605 689 3658 via
721 3602 1082 3672 proﬁciscitur
1109 3603 1176 3656 ad
1203 3601 1368 3656 Deum
1409 3604 1663 3668 ducente,
1709 3603 1928 3672 cognito

356 3698 473 3768 ejus
525 3695 778 3759 termino,
837 3694 1035 3763 gaudio
1085 3693 1343 3762 repletur,
1403 3694 1704 3747 futurarum
1746 3709 1924 3746 rerum

357 3788 546 3842 uuutio
588 3787 792 3840 audito.
841 3783 1020 3851 Quare
1065 3791 1121 3837 et
1165 3783 1446 3852 praedicat,
1479 3798 1537 3837 se
1573 3784 1743 3837 bonos
1768 3799 1924 3852 egre-

357 3881 585 3950 giosque
619 3877 910 3945 magistros
943 3882 1161 3928 nactum
1188 3888 1330 3941 esse,
1361 3874 1448 3943 qui
1494 3873 1596 3928 sibi
1644 3873 1830 3927 aiunt:
1863 3871 1926 3925 In

353 3970 568 4023 domum
595 3967 810 4021 Domini
837 3967 1046 4020 ibimus.
1075 3964 1303 4032 Ideoque
1327 3965 1495 4034 magis
1522 3964 1762 4030 festinat,
1786 3966 1924 4017 viam

355 4077 477 4113 cum
510 4057 706 4130 gaudio
739 4073 1063 4126 carpens.—
1085 4055 1312 4110 lllorum‘
1348 4055 1439 4124 qui
1486 4056 1760 4126 Babylone
1810 4057 1928 4109 red-

355 4154 505 4206 ibant
528 4165 654 4220 pars
694 4150 887 4220 major,
925 4151 1153 4220 pepulus
1185 4146 1430 4202 novellus
1456 4158 1574 4202 erat
1609 4149 1662 4201 in
1701 4148 1811 4216 ipsa
1843 4163 1928 4216 ge-

357 4243 502 4295 uitus
529 4239 823 4311 Babylone.
869 4237 1033 4292 Pauci
1066 4253 1192 4292 vero
1225 4237 1443 4306 quidam
1479 4235 1626 4290 inter
1651 4251 1744 4290 eos
1773 4245 1926 4289 erant

355 4334 517 4405 prisci
542 4334 664 4397 viri,
706 4348 864 4387 senes
915 4330 1228 4395 admodum,
1256 4331 1344 4398 qui
1376 4328 1766 4400 Hierosolymis
1793 4329 1922 4382 illuc

355 4424 768 4487 descenderant,
804 4431 879 4484 et,
915 4422 1251 4491 septuaginta
1295 4422 1367 4474 ibi
1413 4421 1570 4474 annis
1615 4423 1924 4486 transactis,

2033 3248 2172 3300 κατά
2201 3246 2331 3298 Θεὸν
2362 3244 2644 3307 ὁδεύοντας
2661 3259 2676 3274 ο
2703 3243 2798 3296 καὶ
2825 3240 3175 3309 ἀναλογοῦντι
3199 3242 3401 3312 ταύτης
3423 3241 3612 3312 βοηθεῖ

2031 3339 2111 3400 είς
2129 3337 2188 3390 τὸ
2219 3335 2351 3407 μηδὲ
2386 3333 2492 3387 ὑπὸ
2520 3331 2834 3403 νυκτερινοῦ
2865 3331 3151 3404 φωστῆρος
3181 3331 3369 3386 παθεῖν
3389 3331 3609 3397 αὐτούς.

2562 3423 2853 3477 ΨΑΛΜΟΣ
2901 3425 3082 3478 ΡΚΑ’.

2136 3519 2501 3586 Εὐφράνθην
2531 3515 2632 3568 ἐπὶ
2675 3515 2801 3580 τοῖς
2831 3516 3099 3582 εὶρηκόσι
3123 3532 3244 3584 μοι,
3281 3532 3336 3568 κ.
3366 3532 3415 3568 τ.
3449 3515 3500 3567 λ.

2101 3610 2211 3681 Τὴν
2236 3609 2356 3663 ὁδὸν
2401 3607 2631 3679 βαδίζων
2659 3607 2756 3676 τὴν
2787 3605 2878 3658 ἐπὶ
2905 3606 2995 3658 τὸν
3034 3606 3165 3659 Θεὸν
3194 3605 3450 3673 ἄγουσαν,
3481 3622 3610 3658 παι-

2027 3700 2313 3770 δευόμενος
2352 3697 2480 3770 περὶ⁸
2530 3696 2627 3750 τοῦ
2676 3696 2864 3760 τέλους
2902 3696 3092 3766 αὐτῆς,
3143 3696 3478 3768 εὐφροσύνης
3520 3696 3610 3750 ἐπ’

2029 3793 2165 3863 αὑτῇ
2208 3794 2274 3863 τῇ
2324 3791 2432 3844 τῶν
2476 3789 2775 3861 μελλόντων
2819 3789 2954 3859 ἀκοῇ
3004 3787 3340 3858 πληροῦται·
3387 3787 3467 3840 διὸ
3513 3789 3608 3841 καὶ

2028 3885 2279 3955 ὁμολογεῖ
2305 3881 2484 3936 καλῶν
2518 3881 2613 3935 καὶ
2657 3879 2878 3948 ἀγαθῶν
2915 3879 3250 3933 διδασκάλων
3283 3877 3464 3949 τυχὼν
3499 3879 3610 3932 τῶν

2031 3973 2328 4044 εἰρηκότων
2358 3970 2525 4042 αύτῷ·
2562 3971 2667 4035 Εἰς
2701 3965 2868 4021 οἷκον
2902 3968 3120 4036 Κυρίου
3148 3967 3606 4036 πορευσὼμεθω

2030 4061 2126 4119 καῖ’
2155 4065 2352 4136 μᾶλλον
2383 4062 2678 4131 ἐπείγεται,
2707 4059 2806 4131 τὴν
2857 4059 3079 4131 πορείαν
3115 4060 3232 4129 μετ’
3264 4058 3606 4130 εὐφροσύνης

2029 4154 2364 4226 ποιούμενος.
2411 4183 2477 4194 --
2522 4151 2642 4205 Τῶν
2691 4151 3018 4204 ἐπανιόντων
3051 4150 3158 4202 ἀπὸ
3207 4149 3543 4212 Βαϐυλῶνος,
3580 4152 3612 4204 ὁ

2033 4249 2129 4318 μὲν
2172 4248 2335 4312 πολὺς
2391 4246 2512 4311 νέος
2556 4241 2625 4316 ἦν
2672 4245 2798 4308 λαὸς
2832 4246 2888 4298 ἐν
2921 4244 3058 4314 αὐτῇ
3109 4241 3389 4314 γεννηθεὶς
3431 4242 3609 4294 Βαϐυ-

2028 4337 2192 4392 λῶνιο
2243 4339 2464 4410 βραχεῖς
2504 4337 2562 4392 δέ
2595 4353 2738 4399 τινες
2781 4337 2839 4389 ἐν
2874 4336 3056 4398 αὐτοῖς
3108 4334 3354 4404 ὑπῆρχον
3387 4333 3609 4387 παλαιοὶ

2030 4429 2342 4502 ἄνδρεςκαὶ
2374 4429 2579 4500 σφόδρα
2613 4426 2995 4500 πρεσϐύτεροι,
3025 4426 3076 4478 οἱ
3108 4425 3216 4479 ἀπὸ
3259 4425 3610 4496 Ἰερουσαλὴμ

355 4525 541 4582 postea
589 4531 710 4570 cum
751 4529 888 4568 novo
923 4513 1120 4584 populo
1173 4513 1608 4566 revertebantur.
1645 4511 1706 4566 lli
1739 4523 1920 4567 autem

2042 4521 2464 4594 καταϐεϐηκότες
2491 4523 2623 4583 ἐκεῖ,
2660 4519 2755 4573 καὶ
2794 4519 3228 4591 παραμείναντες
3261 4517 3353 4570 τὸν
3380 4515 3611 4586 ἐϐδομή-

355 4621 385 4658 a
419 4620 558 4660 novo
583 4605 782 4675 populo
818 4601 1174 4670 interrogati,
1209 4616 1445 4670 quonam
1481 4601 1584 4655 itcr
1611 4603 1918 4665 tenderent,

355 4697 680 4766 respondent
695 4695 1091 4764 quodammodo
1113 4693 1318 4748 aientes
1342 4711 1354 4746 :
1378 4692 1445 4746 In
1467 4693 1680 4746 domum
1706 4694 1921 4747 Domini

2029 4631 2191 4667 κοντα
2207 4614 2285 4666 ἐτι
2303 4614 2399 4681 i2')
2429 4613 2638 4683 χρόνον,
2671 4611 2788 4682 μεθ’
2817 4610 2876 4664 ὸν
2905 4611 3243 4680 ὑπέστρεφον
3261 4609 3376 4678 ἄμα
3405 4607 3482 4678 τῷ
3505 4607 3614 4678 νέῳ

2031 4698 2181 4769 λαῷ·
2230 4699 2434 4750 τούτων
2493 4699 2673 4751 τοίνυν
2731 4697 3100 4769 ὲρωτωμένων
3146 4697 3295 4769 παρά
3343 4696 3440 4752 τοῦ
3487 4695 3608 4748 νέου

355 4791 565 4842 ibimus.
627 4788 854 4851 Rursus,
913 4786 1016 4841 hoc
1074 4788 1281 4848 audito,
1335 4799 1506 4840 novus
1554 4785 1644 4838 ille
1697 4787 1924 4856 populus

2042 4790 2159 4844 λαοῦ
2211 4791 2344 4844 ὅπου
2391 4789 2492 4859 τὴν
2547 4787 2774 4859 πορείαν
2834 4791 3099 4850 ποιοῖντο,
3149 4786 3612 4858 ἀποκρινομένους

352 4880 711 4944 exhilaratus,
739 4879 918 4933 denuo
945 4879 1216 4933 sciscitari
1238 4878 1471 4941 videtur,
1506 4879 1777 4931 undenam
1816 4879 1923 4933 illis

2042 4882 2190 4936 aiovsi.
2233 4880 2326 4934 καὶ
2367 4879 2626 4948 λέγοντας
2653 4899 2665 4910 ο
2707 4883 2811 4945 Εἰς
2855 4876 3024 4933 οἷκον
3061 4880 3282 4948 Κυρίου
3309 4877 3613 4947 πορευσώ-

355 4974 471 5028 lucc
529 4973 716 5026 notitia
741 4970 923 5026 esset?
968 4969 1031 5024 Hi
1081 4985 1243 5038 porro
1293 4969 1664 5038 respondent:
1709 4969 1922 5025 Slautes

2042 4976 2195 5038 μεθα.
2239 4973 2362 5025 Ἐπὶ
2391 4971 2447 5024 δὲ
2476 4971 2701 5044 τοιαύτῃ
2730 4975 2867 5042 ἁκοῇ
2915 4973 3004 5025 τὸν
3044 4971 3162 5024 νέον
3199 4971 3328 5024 λαὸν
3367 4971 3610 5041 εὐφραν-

351 5073 500 5117 erant
524 5064 676 5132 pedes
712 5062 878 5116 nostri
917 5061 971 5114 in
1024 5061 1176 5114 atriis
1212 5059 1508 5113 Jerusalem
1540 5075 1560 5122 ;
1590 5059 1641 5112 bi
1672 5060 1925 5113 nimirum

354 5156 452 5226 ipsi
500 5155 666 5226 pedes
703 5155 791 5223 qui
833 5155 1108 5209 vobiscum
1137 5167 1280 5206 nunc
1304 5150 1649 5220 gradiuntur,
1676 5151 1730 5203 iu
1764 5153 1921 5204 atriis

351 5248 479 5300 otim
531 5255 734 5300 stetere
811 5243 1134 5300 Jerusalem.
1185 5243 1550 5310 Quamobrem
1605 5242 1684 5296 rei
1747 5244 1916 5311 probe

353 5337 582 5401 conscii,
609 5350 730 5391 eam
765 5337 911 5390 vobis
941 5337 1253 5391 nuutiamus
1287 5352 1299 5388 :
1333 5350 1456 5388 nam
1489 5345 1544 5388 et
1569 5335 1922 5390 aediﬁciorum

358 5431 510 5484 urbis
550 5429 838 5491 rationem,
897 5429 1124 5496 ejusque
1173 5437 1357 5500 typum
1421 5441 1485 5480 ac
1535 5427 1920 5497 propemodum

363 5522 812 5583 delineationem,
865 5521 1120 5572 memoria
1177 5529 1435 5573 accurate
1487 5527 1750 5573 tenemus.
1803 5519 1919 5573 Non

429 5607 643 5666 "Zacb.
694 5628 777 5677 ιιι,
832 5613 885 5666 ’5.
963 5610 1110 5666 ’Job
1157 5629 1223 5676 ιι,
1264 5612 1320 5667 6.

423 5707 499 5769 (’Ξῇ
525 5707 639 5759 Duo
661 5705 820 5777 codd.
845 5705 1092 5777 Σωτῆρα.

2031 5063 2212 5127 θέντα,
2242 5063 2489 5134 δεύτερον
2519 5063 2767 5129 ἐξετάσαι
2795 5061 2960 5115 πόθεν
2985 5065 3098 5124 τοῖς
3129 5061 3379 5129 λέγουσιν
3410 5060 3444 5129 ἡ
3470 5057 3610 5125 γνῶ-

2034 5173 2149 5221 σις;
2183 5155 2322 5220 Τοὺς
2350 5157 2407 5210 δὲ
2440 5155 2840 5227 ἀποκρίνασθαι
2875 5154 3011 5226 πρὸς
3028 5154 3245 5216 αὐτοὺς,
3282 5153 3375 5205 καὶ
3406 5152 3604 5204 εἰπεῖν’

2044 5245 2330 5313 Ἐστῶτες
2381 5243 2542 5316 ἦσαν
2583 5250 2636 5300 οι
2664 5245 2848 5311 πόδες
2895 5244 3064 5314 ἡμῶν
3107 5245 3177 5297 ἐν
3221 5242 3351 5308 ταῖς
3391 5239 3607 5305 αὐλαῖς

2044 5336 2469 5406 Ἰι-ξρουσαλήμι⁸
2524 5337 2616 5390 καὶ
2647 5338 2698 5390 oi
2744 5336 2904 5400 πόδες
2946 5328 3091 5388 οὗτοι
3129 5337 3176 5387 oi
3222 5333 3318 5387 νῦν
3372 5329 3606 5385 ἐνταῦθα

2031 5428 2146 5497 ἅμα
2191 5429 2317 5498 ὑμῖν
2353 5426 2688 5498 βαδίζοντες,
2739 5429 2971 5491 ἐστῶτές
3017 5444 3144 5480 ποτε
3201 5425 3495 5495 ἐτύγχανον
3549 5427 3609 5474 ἐν

2029 5525 2149 5586 ταῖς
2206 5523 2397 5587 αὐλαῖς
2456 5524 2841 5595 Ἰερουσαλήμ·
2897 5524 3017 5577 ὅθεν
3069 5521 3312 5594 ἀκριϐῶς
3367 5518 3605 5583 ειδότες,

424 5779 520 5847 (2‘)
575 5773 1016 5844 Ἑϐδομήκοντᾶ
1057 5777 1162 5830 ἐτι.
1207 5773 1298 5831 Sic
1335 5775 1464 5832 editi
1506 5794 1516 5830 :
1566 5787 1623 5830 ut
1678 5775 1814 5830 forte
1851 5776 1932 5845 leg

2045 5791 2131 5828 um
2155 5774 2225 5830 sit
2260 5773 2748 5840 ἑϐδομηκονταετῆ.
2781 5774 2939 5829 Enn.
