3850 6210
221 338 284 391 15
1331 330 1838 392 COMMENTARIA
1877 330 1942 385 IN
1982 329 2319 388 PSALMOS.
3391 339 3459 394 Η

218 448 372 502 ταῦτα
408 445 554 517 ὑμᾶς
582 443 1078 518 εὐαγγελιζόμεθα,
1117 450 1212 502 καὶ
1245 450 1333 502 τὸν
1361 450 1562 520 τρόπον
1593 449 1648 502 δὲ
1684 447 1779 518 τῆς

1898 449 2033 503 enim
2069 457 2188 502 erat
2217 447 2349 502 urbs
2375 447 2477 501 hac
2511 445 2638 501 illac
2666 459 2876 515 sparsa,
2903 455 2959 500 et
2992 460 3182 512 scissa,
3218 459 3378 519 alque
3407 452 3462 508 in

216 541 484 610 οἰκοδομῆς
525 538 628 610 τῆς
657 539 866 602 πόλεως
884 581 898 604 ,
932 539 1028 592 καὶ
1053 539 1144 594 τὸν
1173 539 1344 594 τύπον
1384 541 1564 602 αὑτὸν,
1607 539 1683 603 ὡς
1712 539 1777 593 ἂν

1898 539 2084 594 multas
2117 548 2299 609 partes
2327 547 2502 604 secta,
2537 539 2630 592 sed
2662 539 2734 592 ita
2759 538 3046 604 aediﬁcata,
3080 549 3139 595 ut
3166 556 3274 596 una
3310 544 3461 598 v.de-

215 630 344 684 εἴποι
373 647 476 694 τις,
513 631 605 682 καὶ
641 627 702 681 τὸ
733 628 938 699 σχῆμα,
975 627 1220 702 ἀκριϐῶς
1250 631 1486 703 φέρομεν
1519 630 1608 683 διὰ
1645 631 1780 702 μνή-

1898 639 2041 686 retur
2061 633 2276 694 domus,
2302 640 2525 701 propter
2547 628 2901 684 aedificiorum
2935 629 3052 699 ejus
3073 633 3460 688 cohaerentiam

216 739 343 794 μης·
376 716 443 792 ἦν
470 721 581 794 γὰρ
611 722 688 785 ὡς
726 721 877 786 πόλις
906 723 966 774 οὐ
995 721 1367 795 διεσπαρμένη
1398 715 1500 776 ὧδε
1529 723 1776 786 κάκεῖσε,

1898 732 2056 794 atque
2096 724 2460 778 harmoniam.
2491 719 2614 776 Ideo
2644 723 2849 776 dictum
2888 733 2974 778 est
3002 741 3015 777 :
3039 721 3110 777 Ut
3138 726 3343 790 civitas,
3373 744 3468 780 cu-

211 814 320 867 esse
342 812 723 884 ἀπεσχισμένη
752 813 846 866 καὶ
870 813 1136 866 διεστῶσα
1167 816 1246 878 εἰς
1278 815 1417 887 μέρη
1446 812 1636 878 πολλὰ,
1664 812 1778 866 ἀλλ’

1898 813 1973 870 ius
2021 815 2358 884 participatio
2409 815 2522 885 ejus
2547 815 2614 881 ,in
2657 815 2915 884 idipsum.
2971 814 3284 884 Huiusmodi
3314 825 3464 888 sunt,

211 903 368 966 οὔτως
393 900 461 974 ἦν
483 903 736 974 ᾠκοδομη
747 903 880 975 μένη
909 905 984 969 ὡς
1014 905 1189 959 δοκεῖν
1213 904 1309 959 ἕνα
1339 901 1475 958 εἶναι
1497 899 1665 968 οἷκον,
1692 903 1780 958 διὰ

1898 905 1957 958 ad
1991 906 2320 959 sententiam
2374 907 2519 975 quod
2570 909 2800 969 attinet,
2851 915 3065 960 cunctae
3102 909 3245 976 apud
3293 909 3462 965 Deum

209 998 296 1067 τὴν
327 997 624 1066 συνάφειαν
663 998 759 1050 καὶ
806 997 1072 1068 ἁρμονίαν
1099 997 1206 1049 τῶν
1235 999 1293 1051 ἐν
1326 997 1464 1068 αὐτῇ
1500 996 1780 1068 οἰκοδομη-

1898 995 2224 1050 diversantes
2259 997 2482 1063 animae,
2526 997 2635 1051 vivi
2678 997 2906 1066 lapides,
2936 997 3134 1067 quibus
3155 1014 3342 1076 verum
3370 1000 3463 1058 Dei

211 1094 407 1162 μάτων·
443 1092 527 1146 διὸ
552 1093 819 1147 λέλεκται·
840 1095 935 1159 Ὠς
952 1087 1143 1158 ’πόλις
1168 1087 1248 1161 ἦν
1274 1093 1314 1160 ἡ
1337 1089 1562 1160 μετοχὴ
1592 1086 1780 1155 αὐτῆς

1898 1088 2150 1157 templum
2181 1088 2504 1152 aediﬁcatur,
2560 1104 2668 1144 una
2716 1099 2896 1145 mente
2941 1105 3156 1159 unaque
3203 1094 3462 1148 concordi

206 1184 293 1237 ἐπὶ
332 1185 397 1238 τὸ
426 1187 578 1239 αὐτό
595 1202 609 1214 ·
647 1183 894 1239 τοιαῦται
933 1183 990 1237 δέ
1036 1185 1142 1236 εἰσι
1170 1182 1312 1236 κατά
1341 1181 1579 1235 διάνοιαν
1609 1181 1780 1233 πᾶσαι

1898 1179 2158 1233 sententia
2187 1190 2552 1250 compactum.

209 1279 257 1330 αἱ
296 1278 442 1348 παρὰ
473 1278 596 1350 Θεῴ
629 1279 827 1350 ψυχαὶ,
877 1280 972 1332 καὶ
1017 1280 1067 1331 οἱ
1125 1277 1327 1343 ζῶντες
1374 1274 1512 1328 λίθοι
1574 1274 1641 1328 δι’
1689 1266 1763 1327 ὧν
1823 1271 2164 1344 ᾠκοδόμηται
2197 1273 2226 1324 6
2253 1271 2504 1343 ἀληθινὸς
2564 1272 2701 1338 νεὼς
2746 1275 2840 1328 τοῦ
2886 1274 3044 1341 Θεοῦ,
3077 1276 3155 1347 τῷ
3187 1277 3338 1348 αὐτῷ
3383 1278 3466 1333 νοῒ

209 1368 333 1440 [xui]
357 1371 420 1439 τῇ
450 1370 590 1441 αὐτῇ
623 1368 814 1440 γνώμῃ
847 1368 1300 1438 κατηρτισμένος.

220 1456 360 1508 Ἐκεῖ
378 1458 491 1526 γὰρ
515 1459 823 1526 ἀνέϐησαν
844 1462 902 1513 αἱ
927 1459 1134 1528 φυλαὶ,
1161 1457 1346 1528 φυλαὶ
1374 1456 1616 1528 Κυρίου,
1637 1473 1789 1528 μαρτ

270 1528 472 1599 τύρων
511 1528 594 1593 τῷ
638 1529 909 1598 Ἰσραὴλ,
930 1526 1065 1584 ⁷τοῦ
1098 1526 1665 1599 ἐξομολογήσασθαι
1707 1526 1790 1592 τῷ

269 1598 510 1666 ὀνόματι
540 1601 782 1667 Κυρίου.

279 1690 424 1743 Ἐκεῖ
447 1689 562 1761 γὰρ
601 1690 770 1756 θύειν,
802 1690 1094 1762 εὔχεσθαι,
1128 1690 1540 1762 πανηγυρίζειν,
1568 1689 1788 1744 ἐκέλευ-

1899 1450 2066 1505 Vens.
2095 1447 2151 1502 4.
2186 1446 2326 1501 Illuc
2367 1450 2507 1500 enim
2549 1449 2898 1502 ascenderunt
2929 1451 3120 1514 tribus,
3155 1455 3323 1507 tribus
3357 1455 3437 1510 Do

1961 1521 2115 1642 gini,
2160 1519 2519 1600 testimonium
2563 1517 2733 1572 Israel
2764 1523 2832 1573 ad
2875 1520 3235 1588 conﬁtendum
3267 1535 3466 1582 honuni

2015 1605 2196 1642 omini.

2015 1605 2196 1643 omini.

1960 1679 2076 1734 Illic
2108 1680 2254 1735 enim
2285 1679 2635 1744 sacriﬁcare,
2685 1695 2866 1746 orare,
2929 1698 3115 1740 saeros
3167 1701 3467 1745 conventus

211 1799 315 1835 σεν·
346 1783 423 1846 ὡς
447 1782 519 1836 ἂν
547 1783 623 1854 μὴ
653 1783 930 1854 πανταχοῦ
961 1781 1328 1854 πλανώμενοι,
1359 1783 1630 1855 πρόφασιν
1651 1783 1780 1852 ἒχω-

1898 1785 2055 1842 agere
2083 1770 2250 1842 jussit
2281 1771 2448 1834 Deus;
2482 1785 2550 1825 ne
2576 1768 2686 1824 late
2708 1771 2958 1838 dispersi,
2981 1777 3321 1832 occasionem
3346 1795 3467 1849 per-

209 1892 283 1928 σιν
307 1875 526 1939 ἐξόδους
561 1875 833 1928 ποιεῖσθαι
869 1875 1009 1947 πρὸς
1047 1875 1273 1929 εἴδωλα·
1306 1875 1442 1929 Θεοῦ
1476 1875 1586 1947 γὰρ
1624 1875 1780 1928 τοῦτο

1898 1865 2040 1934 ιοηιιὶ
2071 1865 2136 1919 ad
2166 1863 2307 1918 idola
2333 1863 2802 1918 nanciscerentur.
2829 1863 2920 1920 Dei
2949 1881 3081 1923 vero
3107 1872 3462 1927 testimonium

203 1966 530 2036 μαρτυρίαν
557 1966 816 2020 ἐκάλεσεν
836 1984 850 1997 ·
879 1967 980 2036 τῆς
1010 1966 1119 2037 γὰρ
1146 1965 1312 2020 αὑτοῦ
1343 1966 1600 2036 προνοίας
1631 1963 1780 2016 τοῦτο

1898 1955 2070 2011 locum
2100 1955 2250 2010 illum
2278 1952 2597 2025 appellavit,
2628 1955 2830 2025 quippe
2851 1958 2995 2026 quod
3019 1968 3140 2014 erat
3162 1963 3464 2018 maximum

209 2057 454 2128 μέγιστον
487 2059 793 2129 τεκμήριον
825 2053 929 2128 ἦν·
972 2058 1066 2112 καὶ
1111 2057 1222 2130 γὰρ
1257 2059 1376 2111 ἐκεῖ
1413 2057 1442 2110 6
1482 2057 1645 2127 νόμος
1689 2057 1780 2110 ἀν-

1898 2048 2249 2119 providentiae
2286 2047 2429 2102 illius
2474 2047 2734 2101 indicium
2768 2063 2785 2103 :
2819 2063 3056 2120 namque
3099 2053 3170 2107 ibi
3205 2053 3288 2109 lex
3323 2057 3468 2125 lege-

210 2150 558 2220 εγινώσκετο,
601 2149 919 2220 διηγήματά
951 2167 1011 2202 τε
1054 2147 1496 2221 κατορθωμάτων
1522 2147 1780 2219 ἀρχαίων,

1898 2144 2082 2208 batur,
2119 2152 2176 2198 et
2201 2142 2418 2214 egregia
2447 2141 2626 2211 prisca
2653 2138 2898 2196 facinora
2925 2145 3311 2212 narrabantur,
3330 2164 3464 2218 gen-

207 2242 292 2294 καὶ
336 2241 562 2294 σύνοδον
600 2240 884 2294 ἐποιοῦντο
926 2239 1026 2312 τὴν
1077 2241 1214 2312 πρὸς
1259 2239 1524 2312 ἀλλήλους
1566 2239 1786 2309 ἀγάπην

208 2335 500 2405 συσφίγγου
508 2353 630 2388 σαν.

218 2427 576 2493 ἐρωτήσατε
602 2426 680 2495 δὴ
715 2428 788 2480 τὰ
814 2429 903 2494 εἰς
931 2425 1182 2495 εἰρήνην
1212 2425 1328 2495 τὴν
1365 2425 1780 2495 Ἰερουσαλήμ.

281 2518 388 2570 ’Δεὶ
413 2520 554 2590 γὰρ,
591 2519 748 2589 φησὶ,
771 2519 865 2574 καὶ
884 2519 1115 2572 πάντοτε
1139 2517 1572 2590 μνημονεύοντές
1593 2535 1709 2582 σου,
1740 2513 1786 2572 ὦ

217 2605 586 2680 Ἰερουσαλὴμ,
617 2609 689 2662 τὰ
723 2611 851 2680 περὶ
891 2610 991 2681 τῆς
1039 2610 1138 2682 σῆς
1167 2611 1390 2682 εἰρήνης
1421 2609 1786 2681 διαλεγόμεθα

206 2699 306 2760 τοῖς
329 2699 586 2769 ἀδελφοῖς
625 2703 740 2764 τοῖς
769 2700 1060 2772 ἡμετέροις
1088 2701 1182 2756 καὶ¹
1211 2704 1326 2765 τοῖς
1353 2701 1581 2772 πλησίον
1605 2700 1782 2772 ἡμῶν,

207 2790 437 2844 τουτέστι
463 2791 548 2862 τῷ
585 2793 693 2863 νέῳ
728 2793 864 2864 λαῷ,
898 2795 978 2857 εἰς
1012 2793 1177 2847 πόθον
1211 2793 1410 2858 αὐτοὺς
1442 2793 1665 2862 ἄγοντες
1693 2792 1784 2847 τὸν

208 2883 322 2950 περὶ
361 2882 422 2935 σὲ
465 2882 559 2937 διὰ
591 2887 694 2954 τῆς
725 2885 855 2956 περὶ
896 2884 990 2937 σοῦ
1027 2884 1403 2948 διδασκαλίας·
1442 2883 1582 2939 ἀλλά
1621 2885 1716 2938 καὶ
1749 2885 1783 2956 ἡ

210 2973 344 3025 πᾶσα
366 2975 398 3044 ig
408 2973 527 3044 μῶν
553 2975 692 3046 εὐχὴ
717 2975 879 3029 ἕνεκα
903 2974 1000 3028 τοῦ
1027 2976 1176 3029 οἴκου
1207 2976 1299 3030 τοῦ
1327 2976 1464 3030 Θεοῦ
1491 2975 1648 3048 ἡμῶν
1673 2975 1786 3046 ἐγί-

209 3079 336 3128 νετο,
377 3063 692 3135 ζητούντων
725 3065 906 3133 ἀγαθά
936 3084 1017 3121 σοι
1050 3067 1119 3120 τὰ
1149 3065 1300 3138 παρά
1349 3065 1445 3120 τοῦ
1484 3064 1643 3120 Θεοῦ.

729 3157 1022 3211 ΨΑΛΜΟΣ
1070 3157 1243 3210 PKB’.

1890 2236 2068 2306 tisque
2096 2245 2396 2290 conventus
2413 2233 2578 2289 ﬁebat
2594 2247 2703 2303 quo
2720 2233 2959 2293 charitas
2987 2247 3172 2294 mutua
3194 2242 3468 2296 constrin-

1889 2329 2138 2397 gebatur.

1890 2418 2050 2472 Vens.
2082 2417 2135 2473 6.
2181 2417 2560 2490 Regale-quae
2605 2436 2673 2476 aa
2727 2439 2907 2493 pacem
2973 2433 3095 2479 sunt
3144 2425 3464 2480 Jerusalem.

1967 2511 2194 2580 Semper
2226 2513 2370 2566 enim
2402 2523 2455 2567 et
2486 2513 2633 2568 omni
2683 2524 2926 2585 tempore
2975 2517 3050 2570 tui
3104 2532 3396 2585 memores,
3431 2533 3464 2574 ο

1885 2601 2187 2658 Jerusalem
2215 2644 2228 2666 ,
2272 2605 2338 2658 de
2380 2618 2516 2673 pace
2544 2614 2633 2658 tua
2666 2621 2786 2660 cum
2823 2605 3087 2662 fratribus
3111 2610 3314 2664 nostris
3345 2625 3467 2679 pro-

1888 2694 2158 2764 ximisque
2190 2695 2487 2764 loquimur,
2515 2694 2570 2750 id
2599 2707 2682 2751 est
2705 2712 2827 2751 cum
2870 2699 3069 2768 populo
3100 2716 3263 2765 novo,
3299 2712 3358 2756 ut
3387 2703 3462 2757 tui

1885 2785 2215 2841 desiderium
2275 2788 2392 2843 haec
2439 2800 2730 2847 narrantes
2769 2794 2850 2846 eis
2882 2792 3209 2850 excitemus.
3263 2794 3370 2850 Sed
3409 2805 3464 2852 et

1887 2893 2076 2948 preces
2101 2889 2303 2937 nostra
2331 2897 2522 2937 omnes
2571 2883 2642 2939 ob
2680 2883 2774 2939 Dei
2803 2885 3022 2942 domum
3050 2886 3286 2954 ﬁebant,
3336 2889 3464 2960 quia

1885 2971 2013 3026 huic
2033 2971 2177 3028 bona
2207 2973 2389 3028 omnia
2423 2988 2453 3027 a
2483 2973 2597 3029 Deo
2625 2976 3082 3046 imprecabamur.

2381 3143 2706 3203 PSALMUS
2747 3145 2957 3202 CXXII.

208 3245 346 3312 Πρὸς
365 3246 439 3300 σὲ
460 3241 582 3318 ἦρα
600 3245 746 3313 τοὺς
766 3249 1111 3332 οφθαλμρύς
1125 3265 1244 3326 βίου
1265 3247 1373 3302 τὸν
1392 3247 1780 3303 κατοικοῦντα

1898 3232 2050 3290 Vens.
2085 3235 2138 3289 1.
2177 3236 2258 3290 Ad
2307 3246 2356 3291 te
2397 3237 2564 3292 levavi
2598 3238 2775 3332 oculos
2807 3256 2951 3296 meos
2976 3281 2992 3308 ,
3037 3244 3129 3314 qui
3161 3243 3366 3300 habitas
3409 3249 3462 3301 in

762 3317 834 3370 ἐν
856 3317 934 3383 τῷ
955 3317 1207 3386 οὐρανῷ.

278 3407 537 3480 Ἐπεέπερ
570 3408 803 3480 οὐρανὸς
834 3409 1019 3481 θρόνος
1042 3410 1159 3462 ἐστὶ
1186 3408 1278 3462 τοῦ
1317 3409 1476 3473 Θεοῦ,
1506 3409 1594 3464 διὰ
1624 3409 1783 3464 τοῦτο

207 3504 464 3553 κατοικεῖν
500 3500 724 3568 λέγεται
755 3501 814 3553 ὲν
839 3499 917 3570 τῷ
942 3500 1158 3571 οὐρανῷ
1177 3518 1190 3530 ·
1224 3501 1400 3565 οὐδεὶς
1437 3501 1496 3554 δὲ
1523 3501 1782 3574 θησαυρί-

206 3588 301 3652 ζων
332 3592 423 3644 ἐπὶ
465 3592 596 3661 γῆς,
639 3590 785 3645 εἴποι
819 3591 885 3646 ἂν
909 3593 986 3664 τῷ
1017 3591 1136 3664 Θεῷ
1157 3607 1168 3619 ·
1202 3592 1360 3661 Πρὸς
1389 3592 1465 3646 σὲ
1495 3589 1612 3664 ἦρα
1639 3593 1782 3660 τοὺς

207 3683 538 3752 ὀφθαλμούς
563 3702 686 3754 μου
720 3683 829 3738 τὸν
859 3683 1251 3738 κατοικοῦντα
1277 3683 1348 3737 ἐν
1389 3684 1472 3752 τῷ
1513 3684 1778 3754 οὐρανῷ·

205 3774 326 3827 ὅπου
358 3775 466 3846 γὰρ
505 3778 540 3829 ὀ
565 3776 874 3843 θησαυρός
893 3791 1034 3836 σου,
1068 3775 1194 3829 ἐκεῖ
1207 3776 1376 3831 ἔσται
1393 3777 1491 3831 καὶ
1515 3777 1782 3846 ἠκαρδία

202 3873 340 3916 σου·
364 3865 434 3930 {oi
474 3863 577 3933 μὲν
629 3859 724 3917 οὖν
764 3863 1032 3934 ὀφθαλμοὶ
1071 3863 1164 3918 τοῦ
1215 3865 1469 3938 ἄφρονος,
1517 3868 1602 3919 ἐπ’
1635 3867 1781 3939 ἄκρα

204 3953 314 4024 γῆς,
353 3955 387 4026 ἢ
436 3956 523 4024 ἐφ’
570 3955 859 4026 ὁτιδήποτε
905 3951 966 4010 οῦ
1019 3955 1311 4027 ἐπιθυμεῖ·
1360 3958 1624 4029 ἐμϐλέπει
1669 3959 1780 4031 γάρ
1817 4005 1819 4008 ι

205 4059 319 4098 ποτε
357 4049 598 4114 γυναῖκα
632 4047 770 4118 πρὸς
806 4046 868 4100 τὸ
897 4046 1234 4120 ἐπιθυμῆσαι
1276 4049 1474 4121 αὐτῆς·
1514 4052 1564 4105 οἱ
1589 4051 1647 4105 δὲ
1682 4051 1778 4106 τοῦ

202 4135 413 4201 δικαίου,
436 4138 737 4201 διαπαντὸς
766 4139 904 4210 πρὸς
927 4139 1018 4193 τὸν
1044 4139 1196 4194 Θεόν.

213 4227 353 4283 Ἰδοὺ
375 4231 456 4297 ὡς
477 4231 778 4300 ὀφθαλμοὶ
807 4229 1043 4320 δούνςων
1065 4234 1154 4298 εἰς
1181 4232 1384 4302 χεῖρας
1411 4233 1534 4287 τῶν
1559 4235 1779 4303 κυρίων

880 4318 1096 4357 αυτων.

261 4392 686 4462 Εὖαγγελισθεὶς
712 4394 742 4446 6
767 4393 885 4458 νέος
914 4395 1067 4467 παρά
1099 4395 1206 4449 τῶν
1237 4397 1622 4473 πρεσϐυτέρων
1649 4399 1778 4464 λαὸς

200 4481 276 4537 διὰ
312 4485 412 4556 τῆς
455 4487 569 4559 πρὸ
612 4487 817 4559 ταύτης
860 4488 1023 4558 ᾠδῆς,
1058 4490 1171 4544 Οὐκ
1217 4492 1302 4544 ἐπ’
1337 4491 1463 4547 ἄλλο
1488 4511 1560 4560 τι,
1588 4498 1773 4566 φησιν,

2555 3309 2702 3363 caelo.

1955 3414 2092 3482 Quia
2125 3417 2325 3473 ccelum
2356 3421 2584 3476 thronus
2615 3421 2706 3476 Dei
2743 3433 2850 3490 est,
2885 3423 3090 3480 idcirco
3121 3426 3210 3482 hic
3236 3427 3288 3482 in
3321 3429 3460 3486 cmlo

1883 3505 2133 3562 habitare
2175 3509 2394 3564 dicitur.
2429 3511 2600 3566 Nemo
2643 3524 2821 3569 autem
2872 3515 2963 3584 qui
3014 3515 3067 3571 in
3128 3527 3270 3574 terra
3320 3536 3454 3589 opes

1883 3600 2146 3668 congerit,
2177 3600 2286 3656 Deo
2324 3603 2468 3657 dicet
2497 3621 2511 3658 :
2543 3604 2626 3657 Ad
2659 3614 2708 3658 te
2742 3605 2906 3658 levavi
2951 3609 3132 3662 oculos
3175 3626 3335 3674 meas.
3369 3615 3462 3680 qui

1882 3688 2088 3745 habitas
2116 3692 2171 3745 iu
2198 3693 2326 3758 caelo
2351 3709 2371 3748 :
2408 3709 2662 3761 namque,
2689 3698 2779 3750 ubi
2810 3699 3088 3755 thesaurus
3134 3709 3280 3767 tuus,
3305 3705 3375 3756 ibi
3409 3717 3459 3759 et

1882 3796 1974 3834 cor
2023 3792 2166 3836 tuum
2213 3785 2314 3838 erit
2346 3785 2390 3840 ⁸.
2440 3786 2586 3858 Ergo
2635 3788 2943 3859 insipientis
3014 3792 3252 3849 hominis
3313 3799 3455 3852 oculi

1885 3878 2045 3926 terra;
2075 3873 2422 3942 superﬁciem
2467 3885 2734 3945 spectant,
2768 3879 2848 3933 vel
2883 3880 3030 3936 aliud
3066 3883 3283 3953 quidvis
3327 3901 3462 3946 con-1

1883 3965 2124 4034 cupitum
2153 3983 2169 4021 :
2212 3983 2333 4021 nam
2375 3977 2432 4022 et
2465 3969 2750 4025 mulierem
2782 3977 3114 4046 quandoque
3150 3977 3366 4047 aspicit,
3401 3993 3458 4032 nt

1880 4070 2000 4111 eam
2046 4059 2415 4128 concupiscat.
2460 4061 2600 4120 Justi
2643 4073 2822 4120 tamen
2852 4065 3092 4122 hominis
3120 4067 3260 4123 oculi
3290 4069 3456 4124 Deum

1881 4160 2097 4216 semper
2127 4160 2394 4218 spectant.

1882 4237 2044 4292 Vens.
2074 4238 2134 4295 2.
2161 4239 2296 4295 Ecce
2323 4243 2458 4324 sicut
2507 4247 2648 4300 oculi
2693 4264 2964 4303 seruorum
2999 4252 3053 4305 in
3085 4253 3328 4308 manibus
3359 4257 3458 4309 do-

2374 4331 2583 4368 mtrtoru
2592 4333 2638 4368 ιη
2684 4335 2920 4374 suorum.

1951 4396 2208 4452 Eruditus
2234 4414 2262 4452 a
2290 4403 2596 4458 senioribus
2623 4421 2797 4461 novus
2826 4411 3054 4479 populus
3087 4411 3140 4466 in
3173 4414 3454 4481 superiore

1878 4487 2107 4556 psalmo,
2140 4488 2198 4543 In
2233 4491 2404 4559 nulla,
2433 4495 2627 4566 inquit,
2649 4513 2706 4553 re
2725 4515 2872 4565 spem
2897 4503 3124 4567 colloco,
3157 4504 3259 4558 nisi
3292 4507 3343 4558 in
3381 4519 3452 4573 te,

202 4573 407 4642 ἐλπίζω,
453 4577 486 4648 ἢ
519 4577 617 4630 ἐπὶ
657 4579 716 4632 σὲ
747 4578 838 4632 τὸν
877 4580 976 4633 οὐκ
1005 4581 1062 4634 ὲν
1094 4584 1160 4653 τῇ
1208 4581 1358 4636 κάτω
1399 4583 1773 4657 Ἰερουσαλὴμ,

1898 4578 1970 4647 lui
2013 4593 2117 4633 non
2149 4580 2460 4638 inferiorem
2512 4583 2838 4656 Jerusalem,
2883 4591 2976 4644 sed
3032 4592 3312 4647 caelestem
3369 4597 3452 4649 in-

199 4663 301 4717 άλλ’
328 4669 382 4721 ἐν
414 4668 639 4740 οὐρανῷ
665 4669 1024 4726 κατοικοῦντα
1048 4689 1061 4701 ·
1107 4673 1286 4744 μόνοις
1315 4675 1372 4728 δὲ
1402 4676 1559 4730 τοῦτο
1596 4677 1775 4746 λέγειν

201 4755 442 4825 ἁρμόττει
481 4761 601 4822 τοῖς
650 4759 1090 4830 ἀπηλλαγμένοις
1139 4766 1537 4835 αἰχμαλωσίας,
1583 4770 1676 4822 καὶ
1713 4769 1776 4822 τὸ

198 4846 287 4916 τῆς
311 4848 485 4920 ψυχῆς
511 4849 822 4923 διορατικὸν
846 4855 1197 4926 ἐρρωμένοις·
1220 4856 1397 4928 ψυχῆς
1417 4859 1474 4912 δὲ
1495 4860 1773 4932 ὀφθαλμὸς

199 4936 298 4989 ἄνω
323 4940 417 5006 μὲν
448 4940 619 5008 ὁρῶν,
647 4941 935 5009 ὠφελεῖται
959 4961 972 4973 ·
1004 4944 1155 4997 κάτω
1199 4945 1276 5009 δὲ,
1307 4946 1624 5016 βλάπτεται.

729 5033 1022 5089 ΨΑΛΜΟΣ
1055 5037 1225 5089 PKI".

303 5117 404 5172 ‘Er
428 5120 511 5187 τῷ
543 5123 961 5194 ἐπωαστῆναι
990 5128 1339 5196 ἀνθρώπους
1365 5129 1458 5200 ἐφ’
1489 5130 1664 5200 ἡμᾶς.

265 5211 324 5262 0i
358 5215 660 5283 φήσαντες,
708 5215 1001 5284 Ἐλέησον
1044 5218 1222 5287 ἡμᾶς,
1266 5220 1462 5287 Κύριε,
1511 5220 1774 5290 ἐλέησον

199 5305 362 5374 ἡμᾶς,
380 5309 476 5362 νῦν
505 5310 586 5375 ὡς
621 5311 1050 5374 ὲπακουσθέντες
1077 5311 1458 5382 εὐχαριστοῦσι
1474 5312 1613 5382 Θεῷ·
1631 5311 1772 5368 τὰδὲ

201 5399 428 5468 παρόντα
448 5400 766 5454 διδάσκεται
782 5400 961 5469 λέγειν
977 5404 1006 5456 6
1024 5401 1348 5474 διορατικὺς,
1366 5402 1456 5456 τὸν
1479 5403 1610 5456 Θεὸν
1635 5403 1774 5473 ἔχων

1882 4673 2038 4728 colis.
2072 4674 2153 4727 Ab
2188 4676 2254 4729 iis
2283 4690 2464 4732 autem
2493 4683 2868 4737 tantummodo
2889 4684 3005 4740 haec
3031 4685 3136 4738 dici
3175 4687 3332 4740 decet
3360 4689 3452 4758 qui

1879 4765 2140 4821 servitute
2187 4780 2308 4821 sunt
2343 4773 2596 4839 expediti,
2628 4774 2910 4844 validaque
2949 4777 3144 4831 animae
3185 4777 3374 4835 visuali
3403 4781 3456 4836 \i

1878 4866 2004 4908 sunt
2029 4855 2260 4923 praediti.
2307 4857 2477 4914 Porro
2499 4863 2691 4917 animae
2719 4865 2907 4920 oculus
2929 4866 2972 4920 si
2992 4851 3202 4920 sursum
3221 4877 3452 4936 spectet.

1876 4945 2016 5001 bene
2049 4947 2120 5000 illi
2145 4959 2258 5015 est;
2293 4950 2376 5004 sin
2409 4953 2690 5019 deorsum,
2723 4955 3102 5012 detrimentum
3124 4959 3344 5028 patitur.

2373 5041 2693 5103 PSALMUS
2720 5047 2954 5105 CXXIII.

1876 5133 2042 5189 Vens.
2091 5133 2145 5188 2.
2199 5133 2331 5190 Cum
2365 5149 2698 5206 exsurgerent
2744 5141 2978 5194 homines
3011 5141 3292 5195 adversum
3334 5159 3449 5199 nos.

1948 5224 2050 5292 Qui
2085 5228 2357 5294 dixerant,
2387 5229 2637 5286 Miserere
2680 5232 2868 5298 nostri,
2912 5231 3167 5297 Domine,
3204 5234 3454 5288 miserere

1876 5317 2117 5382 nostri';
2167 5336 2311 5375 nunc
2347 5336 2448 5376 ceu
2498 5325 2756 5392 precibus
2816 5323 2931 5379 suis
2978 5325 3200 5392 auditis,
3248 5326 3453 5397 gratias

1874 5408 1984 5465 Deo
2015 5420 2199 5480 agunt.
2239 5412 2363 5467 Haec
2397 5423 2578 5466 autem
2606 5414 2789 5470 dicere
2832 5416 3054 5472 docetur
3103 5417 3266 5472 homo
3331 5435 3456 5487 per-

202 5489 296 5560 πρδ
329 5491 666 5562 ὀφθαλμῶν·
707 5492 878 5557 οὕτως
911 5494 1019 5566 γὰρ
1068 5494 1286 5564 Ἰσραὴλ
1326 5495 1588 5548 ἐπινίκιον
1626 5495 1768 5568 ᾠδὴν

1898 5502 2083 5572 ιρίοθκ,
2101 5503 2191 5572 qui
2212 5503 2375 5558 Deum
2391 5507 2595 5560 scilicet
2608 5522 2717 5576 pra:
2729 5506 2900 5564 oculis
2919 5509 3099 5565 habet.
3118 5508 3209 5565 Sic
3229 5511 3372 5566 enim
3394 5522 3455 5566 se

202 5581 268 5649 τῷ
311 5581 576 5654 νικοποιῷ
635 5584 926 5655 προσάγων
967 5583 1120 5655 Θεῷ·
1167 5583 1480 5638 διδάσκουσι
1529 5585 1585 5638 δὲ
1641 5590 1767 5653 τοὺς

1898 5596 2039 5650 labet
2054 5594 2214 5685 Israel
2231 5597 2605 5669 triumphalem
2626 5600 2882 5674 hymnum
2899 5602 3006 5659 Deo
3022 5603 3258 5660 victoria:
3274 5602 3450 5663 datori

267 5763 500 5825 ‘Matth.
560 5782 642 5832 vr,
684 5766 776 5823 2!.
855 5767 876 5800 '
916 5767 1056 5824 Psal.
1105 5787 1274 5839 cxsu,
1320 5771 1374 5827 5.
