3850 6210
368 294 437 352 15
1071 289 1340 346 EUSEBII
1379 289 1849 346 CESARIENSIS
1887 291 2036 347 OPP.
2073 291 2256 349 PARS
2292 293 2381 350 IlI.
2417 324 2488 336 —
2525 293 2936 353 EXEGETICA.
3553 304 3620 360 16

366 414 680 469 concinens.
708 411 877 466 Porro
904 413 976 466 ita
1007 413 1252 467 seniores
1272 413 1468 467 docent
1489 413 1886 467 adolescentulo

2093 415 2201 480 Ξους
2225 417 2276 468 οἱ
2315 417 2702 487 γεγηρακότες,
2743 417 2837 471 καὶ
2867 418 2917 470 οἱ
2952 417 3192 488 μαθηταὶ
3219 418 3613 475 ὑπακούουσινο

365 508 453 573 qui
498 505 886 575 discipulorum
921 504 1094 558 instar
1126 506 1456 560 auscultant.
1499 504 1683 560 lsraeli
1731 517 1885 560 auten

2100 505 2272 577 σραὴλ
2308 507 2366 560 δὲ
2398 507 2492 560 τοῦ
2544 508 2759 578 ἔχοντος
2796 510 2854 562 ὲν
2895 509 3071 580 ἑαυτῷ
3110 509 3204 563 τὸν
3237 510 3388 573 Θεὸν,
3421 513 3484 566 τὸ
3522 513 3615 567 δύ-

367 603 531 654 Deum
579 600 718 652 intra
773 613 833 653 se
879 597 1204 666 possidenti,
1243 597 1426 651 dicere
1479 597 1776 667 congruit:
1814 596 1887 649 Ni

2096 593 2233 648 ισθαι
2257 595 2453 665 λέγειν·
2470 598 2540 650 El
2560 597 2647 666 μὴ
2677 597 2763 650 ὅτι
2790 599 3004 666 Κύριος
3028 595 3108 669 ἦν
3131 600 3202 653 ἐν
3222 601 3384 670 ἡμῖν.
3429 603 3616 658 Τοιοῦ-

363 691 621 744 Dominus
695 689 882 758 [uisset
946 689 1000 741 in
1061 689 1232 744 nobis.
1301 687 1619 758 Huiusmodi
1669 697 1789 743 erat
1838 705 1883 744 ει

2097 703 2130 748 ς
2159 681 2226 756 ἦν
2258 688 2287 739 6
2325 687 2430 740 ὑπὸ
2474 689 2753 752 Μωῡσέως
2789 690 3082 759 γενόμενος
3137 690 3373 763 Ἰσραὴλ,
3412 687 3456 761 ᾧ
3502 695 3617 749 ἑλέ..

364 783 548 852 Moyse
624 780 836 846 Israel,
902 780 989 835 cui
1061 781 1398 834 dicebatur:
1455 778 1588 846 Sile,
1639 790 1689 834 et
1758 782 1884 834 audi

2094 794 2164 830 ίτο
2182 794 2196 807 ’
2226 777 2444 843 Σιώπα,
2468 781 2566 832 καὶ
2595 779 2799 843 ἄκουε,
2841 779 3110 848 Ἰσραήλ·
3141 783 3240 835 καὶ
3266 784 3481 851 Κύριος
3507 798 3614 838 πο·-

362 874 556 929 Israel.
606 874 864 930 Dominus
925 890 1018 943 pro
1066 874 1210 927 vobis
1260 874 1547 944 pugnabit,
1586 885 1633 928 et
1688 889 1776 927 vos
1815 874 1882 927 sil

1885 890 1939 926 ε-
2038 865 2288 936 λεμήσει
2322 867 2473 936 ὑπὲρ
2500 869 2688 939 ὑμῶν,
2724 870 2824 924 καὶ
2853 871 3023 940 ὑμεῖς
3053 871 3403 940 σιγήσεσθε.

363 969 486 1021 bitis
519 967 559 1018 ⁸.

539 1060 700 1113 Vens.
729 1058 785 1112 3.
820 1056 1071 1113 Fortasse
1097 1059 1237 1114 vivos
1260 1058 1623 1128 .deglutissent
1651 1075 1766 1115 nos.

2326 1051 2465 1118 Ἄρα
2495 1047 2716 1116 ζῶντας
2741 1051 2818 1104 ἂν
2839 1051 3125 1106 κατέπιον
3155 1050 3330 1122 ἡμᾶς.

427 1149 772 1203 Calamitatis
807 1158 1042 1217 tempus,
1069 1149 1318 1216 quamvis
1342 1149 1416 1203 sit
1444 1149 1758 1212 vehemens,
1789 1147 1936 1202 nihi-

2106 1139 2218 1191 Καὶ
2267 1140 2296 1192 ὁ
2336 1141 2719 1212 περιστατικὸς
2759 1140 2816 1194 δὲ
2863 1141 3072 1213 καιρὸς,
3125 1143 3173 1195 εἰ
3217 1144 3313 1196 καὶ
3363 1141 3611 1215 σφοδρὸς,

362 1241 597 1296 Iomiuus
627 1241 890 1293 torrentis
925 1239 1100 1294 instar
1142 1239 1307 1294 breve
1337 1248 1441 1293 est.

2035 1233 2174 1286 ἀλλά
2203 1233 2502 1305 χειμάρρου
2536 1233 2690 1306 δίκην
2727 1235 3105 1306 ὀλιγοχρόνιος.

641 1330 801 1384 Vens.
834 1329 884 1382 ίί.
920 1329 1236 1385 Benedictus
1263 1330 1540 1394 Dominus,
1577 1339 1686 1388 etc.

2395 1326 2742 1394 Εὐλογητὸς
2767 1329 3002 1396 Κύριος,
3041 1345 3097 1382 κ.
3123 1345 3175 1381 τ.
3209 1327 3255 1381 λ.

429 1425 605 1492 Quem
631 1439 762 1478 vero
788 1424 1011 1477 laudare
1039 1425 1366 1493 hymnisque
1399 1424 1682 1479 celebrare
1722 1432 1935 1492 Oporteo

2107 1415 2216 1467 Καὶ
2235 1416 2356 1469 τίνα
2385 1418 2628 1486 εὐλογεῖν
2663 1419 2756 1472 καὶ
2783 1419 2970 1490 ὑμνεῖν
3005 1419 3112 1472 ἔδει
3151 1420 3244 1472 ἐπὶ
3267 1419 3343 1490 τῷ
3370 1421 3444 1492 μὴ
3472 1421 3611 1475 ἀλῶ-

357 1517 471 1579 bat,
499 1523 784 1586 pr0pterea
836 1515 977 1580 quod
1001 1515 1194 1582 praeda:
1217 1531 1321 1570 non
1350 1513 1877 1571 iuerimushominibi

2087 1523 2122 1559 ιι
2157 1511 2271 1572 τοῖς
2331 1509 2678 1581 βουλομένοις
2725 1509 2934 1575 ζῶντας
2971 1516 3281 1566 καταπιεῖν.
3309 1515 3456 1584 ἡμᾶς
3512 1515 3607 1568 ἀν-

358 1613 448 1680 qui
486 1610 754 1679 deglutire
781 1624 880 1662 nos
905 1607 1182 1672 volebant,
1217 1607 1319 1662 nisi
1358 1608 1640 1662 Dominum
1668 1609 1759 1678 qui
1792 1625 1874 1678 api

2090 1599 2293 1664 ›ώποις,
2325 1601 2356 1672 ἢ
2388 1602 2478 1655 τὸν
2520 1602 2722 1674 Κύριον
2753 1604 2844 1656 τὸν
2871 1603 3000 1656 ὄντα
3025 1605 3083 1658 ὲν
3114 1606 3278 1676 ἡμῖν;
3315 1607 3376 1658 Οἱ
3417 1605 3508 1658 ἐπὶ
3549 1606 3610 1660 τὸ

359 1716 459 1755 nos
493 1700 620 1754 est?
658 1699 852 1768 Utique
881 1698 954 1752 illi
987 1699 1053 1752 ad
1091 1708 1376 1767 capturam
1410 1709 1648 1753 nostram
1688 1711 1878 1755 ruente

2085 1690 2296 1762 γρεῦσαι
2326 1693 2472 1762 ἡμᾶς
2499 1693 2863 1764 ὁρμήσαντες,
2896 1695 2982 1748 ἵνα
3021 1696 3406 1765 καταφάγωσιν
3441 1697 3605 1766 ἡμᾶς,

357 1801 415 1843 ut
445 1805 543 1843 nos
568 1789 914 1851 devorarent,
956 1787 1184 1842 consilia
1236 1802 1335 1841 sua
1387 1788 1616 1856 exsequi
1659 1789 1801 1842 haud
1840 1805 1877 1857 pl

2089 1752 2465 1852 T85515V1'lv'éat-
2570 1752 2861 1838 ’ἔσπευδον
2885 1786 3146 1840 διαθεῖναι
3163 1752 3185 1816 ο.
3221 1752 3609 1858 ἐξηγριωμένοι

361 1886 601 1932 luerunt.
655 1875 978 1944 Exasperati
1027 1875 1172 1929 enim
1225 1877 1433 1930 crudeli
1481 1879 1666 1934 animo
1720 1879 1876 1934 leone

2087 1874 2141 1946 ip
2173 1876 2222 1927 oi
2245 1874 2528 1946 ὼμόθυμοι
2567 1877 2777 1940 λέοντες
2804 1880 2918 1942 τοῖς
2949 1877 3160 1931 ὀδοῦσιν
3196 1878 3374 1930 αὐτῶν
3412 1877 3607 1949 θηρεῦ-

355 1969 611 2024 dentibus
639 1969 752 2022 suis
779 1983 876 2022 nos
907 1981 1103 2037 capere
1133 1966 1405 2032 avebant;
1433 1969 1527 2022 sed
1561 1979 1740 2039 tamen
1766 1986 1875 2037 sco.

2088 1984 2122 2018 ιι
2158 1968 2304 2037 ἡμᾶς
2344 1967 2647 2037 ἐγλίχοντο·
2694 1968 2810 2021 ἀλλ’
2849 1969 2949 2021 οὐκ
2993 1969 3258 2039 ἐπέτυχον
3303 1968 3398 2022 τοῦ
3441 1986 3608 2023 σπου-

356 2075 458 2115 suo
487 2059 651 2131 potiri
682 2058 1065 2129 nequiverunt,
1099 2058 1241 2110 haud
1266 2073 1364 2112 nos
1396 2057 1502 2113 illis
1534 2033 1781 2114 tradente
1825 2060 1876 2112 ι)‹

2087 2033 2348 2128 εξομένου,
2387 2033 2686 2131 μὴν-δόντος
2719 2062 2870 2130 ἡμᾶς
2909 2059 3004 2113 τοῦ
3039 2033 3244 2132 Κυρίου
3265 2077 3280 2090 ’
3304 2059 3364 2112 ὃν
3394 2060 3488 2113 καὶ
3515 2061 3607 2113 εὑ-

356 2154 504 2207 mino
536 2170 549 2206 :
581 2153 667 2206 cui
689 2155 860 2205 etiam
890 2149 1285 2214 benedicimus,
1313 2149 1404 2218 qui
1436 2165 1534 2204 nos
1563 2165 1593 2203 a
1626 2143 1876 2206 furentilii

2087 2150 2294 2220 ιγοῦμεν
2347 2151 2652 2221 ῥυσάμενον
2698 2152 2847 2222 ἡμᾶς
2893 2150 3000 2203 ἀπὸ
3043 2150 3152 2203 τῶν
3205 2150 3440 2218 φονικῶν
3486 2148 3607 2203 καθ’

353 2245 605 2299 hostibus
627 2242 887 2296 liberavit.

1960 2285 1966 2288 _
2032 2240 2066 2310 ἡ
2074 2239 2188 2310 μῶν
2212 2240 2585 2295 διατεθέντων.

841 2333 1162 2389 PSALMUS
1201 2330 1438 2388 CXXIV.

2563 2333 2856 2387 ΨΑΛΜΟΣ
2884 2334 3052 2387 ΡΚΔ⁹.

637 2425 798 2480 Vens.
830 2425 884 2478 2.
923 2424 1125 2480 Montes
1155 2427 1212 2480 in
1252 2427 1477 2479 circuitu
1508 2426 1643 2495 ejus.

1601 2443 1643 2482 s.
2279 2447 2284 2454 ·
2510 2426 2650 2494 Ὀρη
2683 2426 2886 2490 κύκλῳ
2910 2425 3121 2494 αὐτῆς.

422 2518 546 2574 llmc
577 2518 734 2573 aiunt
764 2519 854 2587 qui
898 2518 1054 2588 longa
1090 2532 1310 2570 emensa
1351 2518 1433 2570 via
1479 2518 1552 2571 ad
1587 2517 1926 2572 materialem

2099 2516 2286 2571 Ταῦτά
2328 2534 2494 2587 φασιν
2539 2519 2588 2571 οἱ
2634 2517 2780 2588 μετά
2823 2518 2922 2589 τὴν
2961 2517 3179 2589 μακρὰν
3224 2517 3608 2582 ἐπανελθόντες

349 2609 648 2668 Jerusalem
689 2610 892 2665 reversi
939 2618 1100 2675 sunt,
1152 2623 1248 2662 ceu
1293 2607 1406 2674 jam
1449 2609 1502 2662 in
1555 2617 1670 2663 tuto
1715 2619 1869 2662 const

2085 2610 2334 2680 lomopiav
2381 2611 2473 2663 ἐπὶ
2503 2609 2602 2682 τὴν
2643 2609 2910 2681 αἰσθητὴν
2967 2610 3346 2682 Ἰερουσαλὴμ,
3394 2611 3470 2675 ὡς
3502 2611 3605 2682 ἤδη

351 2706 473 2772 tuti,
509 2719 607 2759 nec
639 2713 744 2756 tam
769 2704 887 2757 loco
916 2717 1078 2772 quam
1107 2700 1304 2755 ﬁducia
1335 2716 1462 2770 erga
1495 2699 1786 2755 Dominum
1811 2700 1871 2753 al:

2086 2700 2211 2753 ηιπὸν
2255 2702 2314 2754 ἐν
2347 2701 2615 2772 ἀσφαλείᾳ
2663 2701 2967 2772 γενόμενοι,
2997 2702 3059 2755 ού
3109 2703 3187 2773 τῷ
3228 2705 3398 2772 τόπῳ,
3438 2705 3503 2773 τῇ
3550 2703 3606 2756 δὲ

350 2810 509 2860 cres;
543 2795 688 2863 quod
714 2809 842 2848 sane
871 2793 1068 2847 melius
1098 2801 1182 2846 est
1207 2807 1371 2862 quam
1405 2792 1555 2844 urbis
1585 2791 1869 2846 Hierusale

2086 2791 2350 2863 εποιθήσει
2395 2793 2490 2846 τοῦ
2533 2793 2738 2864 Κυρίου
2793 2791 3144 2865 θαρροῦντες
3192 2795 3324 2866 θηδὴ
3361 2797 3606 2866 κρεῖττον

350 2888 638 2943 incolatus.
665 2885 935 2940 Praeterea
972 2883 1192 2938 ubinam
1232 2883 1425 2936 melius
1457 2897 1520 2936 se
1566 2883 1793 2952 haberet
1829 2899 1870 2953 pi

2084 2885 2120 2938 νῦ
2147 2890 2422 2939 κατοικεῖν
2471 2888 2861 2959 Ἰερουσαλήμο
2899 2889 2994 2942 καὶ
3031 2888 3153 2941 ἐπεὶ
3211 2887 3370 2942 τοῦτο
3389 2889 3466 2958 (5)
3501 2888 3604 2941 ποῦ

351 2979 546 3048 pultis?
589 2976 722 3031 Nam
758 2976 932 3031 locum
959 2976 1178 3044 quidem
1205 2975 1563 3030 circumstare
1598 2986 1806 3031 montes
1835 2978 1867 3031 li

2083 2979 2290 3031 »είττων
2340 2975 2407 3050 ἦν
2449 2981 2478 3032 6
2522 2978 2683 3044 λαός;
2726 2980 2818 3032 τοῦ
2871 2980 2970 3051 μὲν
3017 2979 3185 3032 τόπου
3236 2979 3337 3051 ὅρη
3390 2980 3603 3048 λέγεται

349 3061 663 3138 dicuntur;'
692 3069 873 3141 populi
916 3079 1120 3134 autem,
1169 3069 1325 3135 cujus
1351 3081 1515 3123 causa
1552 3070 1719 3124 etiam
1767 3070 1869 3124 loci

2080 3073 2239 3144 ὖκλῳο
2284 3073 2383 3126 τοῦ
2415 3073 2472 3126 δὲ
2513 3072 2665 3140 λαοῦ,
2699 3073 2764 3126 δι’
2799 3073 2857 3126 ὃν
2891 3075 2986 3127 καὶ
3022 3075 3052 3126 6
3090 3073 3254 3136 τόπος
3294 3074 3600 3144 τετίμηται,

350 3164 672 3227 honoratur,
708 3179 830 3218 vere
858 3162 1005 3217 Deus
1035 3170 1118 3217 est
1160 3171 1367 3228 custos,
1396 3161 1665 3232 simulque
1713 3163 1841 3232 loci,

2085 3181 2193 3228 τως
2225 3166 2254 3218 6
2279 3164 2430 3228 Θεὸς,
2470 3165 2499 3217 6
2531 3165 2626 3217 καὶ
2656 3163 2748 3217 τὸν
2779 3163 2944 3218 τόπον
2974 3163 3278 3234 φυλάττων,
3327 3163 3415 3216 ὅτε
3453 3162 3602 3230 ἄξιος

348 3260 509 3312 mixto
539 3256 764 3326 papulus
792 3255 986 3324 dignus
1017 3254 1199 3310 fuerit.

708 3271 764 3309 us
792 3255 986 3324 dignus
1017 3254 1199 3310 fuerit.
2023 3257 2052 3308 6
2085 3255 2228 3318 λαός.

452 3346 610 3403 Vens.
643 3347 695 3402 5.
742 3346 978 3398 Abducet
1017 3345 1273 3399 Dominus
1312 3361 1432 3398 cum
1485 3349 1825 3416 operantibus

2163 3344 2277 3410 i£et
2331 3345 2546 3414 Képtoc
2616 3345 2769 3414 μετὰ
2835 3344 2955 3399 τῶν
3019 3344 3422 3415 ἐργαζομένων
3487 3343 3606 3413 τὴν
3681 3355 3683 3358 ⁴

958 3416 1308 3484 iniquitatem.

2673 3417 2949 3484 ἀνομίαν.

418 3505 660 3562 Verbum
691 3506 912 3560 abducet
938 3504 1032 3560 hic
1062 3505 1336 3576 signiﬁcat
1369 3509 1578 3572 tradet;
1609 3523 1802 3578 nempe
1828 3512 1922 3564 ab-

2097 3506 2171 3560 T6
2211 3506 2450 3573 ἀπάξει,
2488 3508 2546 3561 τὸ
2568 3507 2910 3576 παραδώσει
2942 3508 3118 3579 δηλοῖ·
3139 3511 3218 3574 εἰς
3247 3509 3344 3582 τὴν
3358 3507 3601 3578 ἀκαθαρ-

349 3600 509 3653 ducet
537 3599 587 3652 in
622 3597 1022 3652 immunditiam
1047 3613 1208 3666 quam
1239 3597 1346 3652 sibi
1381 3597 1682 3666 elegerunt,
1714 3599 1767 3653 in
1798 3615 1869 3670 pa

2084 3617 2145 3652 αν
2183 3602 2250 3670 ἣν
2283 3599 2617 3665 εἴλοντο,.εἰς
2671 3599 2819 3672 πάθη
2851 3619 2912 3655 τε
2955 3603 3181 3674 ἀτιμίας
3216 3605 3308 3658 καὶ
3350 3603 3604 3674 ἀδόκιμον

346 3694 526 3748 siones
567 3692 880 3762 ignominiae
915 3691 1311 3762 reprobamque
1351 3701 1621 3757 mentem,
1653 3701 1715 3747 ut
1760 3710 1866 3763 agat

1419 3701 1621 3757 autem,
1653 3701 1715 3747 ut
1760 3704 1923 3763 agant
2023 3689 2167 3754 νοῦν,
2204 3692 2375 3744 ποιεῖν
2409 3691 2476 3743 τὰ
2503 3691 2578 3761 μὴ
2607 3690 2939 3760 καθήκοντα.

346 3805 464 3858 qua:
495 3790 717 3842 minime
742 3798 978 3858 oportet.
1490 3847 1492 3850 ,
2961 3860 2969 3868 ,

841 3880 1163 3936 PSALMUS
1210 3881 1423 3938 CXXV.

2556 3871 2851 3924 ΨΑΛΜΟΣ
2884 3871 3057 3924 ΡΚΕ’.

349 3969 508 4025 Vens.
541 3971 593 4023 1.
619 3968 750 4022 Cum
781 3982 1098 4024 converteret
1125 3970 1380 4024 Dominus
1401 3972 1756 4039 captivitatem
1771 3969 1869 4026 Sio.

2080 3963 2132 4014 ἲν
2147 3961 2226 4028 τῷ
2246 3961 2602 4031 ἐπιστρέψαι
2623 3963 2845 4030 Κύριον
2862 3961 2977 4030 τὴν
2999 3962 3416 4031 αἰχμαλωσίαν
3434 3961 3600 4017 Σιών.

414 4063 659 4133 Apostoli
689 4063 1064 4117 vaticinantur
1091 4063 1206 4116 haec
1238 4063 1308 4116 de
1339 4078 1398 4118 se
1429 4063 1633 4117 dictum
1671 4064 1737 4117 iri
1766 4072 1818 4118 et
1857 4065 1925 4117 de

2095 4055 2160 4106 υἱ
2204 4055 2492 4108 ἀπόστολοι
2541 4054 2714 4109 ταῦτα
2761 4052 3195 4126 προφητεύονται
3246 4053 3420 4120 λέξειν
3473 4057 3603 4126 περὶ

341 4157 631 4224 gentibus;
683 4156 877 4211 deinde
929 4171 1018 4208 res
1049 4164 1340 4209 eventuras
1395 4156 1592 4209 semini
1641 4163 1698 4209 et
1737 4169 1861 4209 mes:

2085 4147 2231 4202 ,υτῶν
2261 4149 2354 4202 καὶ
2376 4147 2486 4201 τῶν
2513 4150 2570 4202 ὲν
2599 4150 2711 4210 τοῖς
2742 4146 2943 4211 ἔθνεσι,
2979 4146 3074 4200 καὶ
3107 4148 3244 4218 μετά
3271 4148 3444 4201 ταῦτα
3469 4150 3605 4202 ἀπο-

343 4249 502 4303 Cet'te
535 4247 758 4302 Davidis
792 4257 1036 4316 tempore
1064 4247 1206 4300 nulla
1241 4246 1532 4316 captivitas
1556 4244 1694 4312 fuit;
1727 4261 1863 4315 quan

2081 4240 2305 4294 ινεῖσθαι
2337 4243 2466 4313 περὶ
2495 4240 2697 4311 σπόρου
2730 4239 2825 4292 καὶ
2856 4238 3142 4309 θερισμοῦο
3175 4239 3316 4293 κατὰ
3350 4240 3477 4304 τοὺς
3506 4237 3601 4292 τοῦ

345 4341 536 4394 obrem
568 4341 635 4395 de
673 4338 901 4409 spiritali
943 4338 1179 4392 fortasse
1225 4351 1406 4393 sermo
1442 4347 1548 4391 est.
1594 4337 1748 4392 Alius
1780 4337 1864 4392 dic

2085 4332 2186 4386 ιϐιδ
2215 4333 2436 4406 χρόνους
2468 4334 2569 4386 οὐκ
2593 4328 2660 4403 ἦν
2693 4335 2726 4404 ἡ
2763 4331 3109 4404 αἱχμαλωσία
3131 4348 3146 4362 ο
3178 4331 3321 4402 τάχα
3352 4328 3445 4384 οὖν
3478 4332 3605 4404 περῖ

345 4437 458 4488 haec
489 4433 806 4502 prophetice
838 4430 1138 4498 signiticari
1173 4429 1378 4484 futura.
1407 4427 1612 4497 Nempe
1647 4429 1862 4498 aliquan

2087 4445 2126 4496 ις
2154 4427 2349 4498 νοητῆς
2371 4426 2548 4479 ταῦτά
2577 4442 2739 4495 φησιν
2759 4443 2771 4455 ⁸
2797 4427 2912 4496 ἐρεῖ
2928 4425 2984 4478 δὲ
3017 4423 3195 4488 ἀλλος,
3225 4425 3307 4477 ὃτι
3339 4441 3607 4495 προφητι..

342 4525 679 4594 captivorum
717 4537 842 4593 pars
879 4521 1153 4592 Babylone
1203 4522 1399 4586 redux,
1465 4528 1784 4588 recuperata
1823 4517 1862 4573 ,1.

2086 4518 2136 4581 ὸς
2163 4519 2224 4570 τὸ
2258 4516 2446 4588 μέλλον
2479 4517 2732 4588 δηλοῦται
2761 4519 2880 4589 (5⁸).
2899 4548 2966 4557 -
2989 4515 3167 4587 Μέρος
3193 4532 3245 4567 τι
3276 4515 3375 4586 τῆς
3402 4517 3606 4586 αἰχμα-

343 4619 599 4680 rusalcm,
639 4618 708 4670 de
755 4616 822 4670 iis
855 4615 946 4684 qui
981 4613 1250 4684 Babylone
1297 4619 1695 4677 remanserant,
1741 4621 1863 4665 cant

2084 4609 2226 4673 ›σίας
2255 4610 2548 4664 ἐπανελθὸν
2570 4610 2680 4662 ἀπὸ
2706 4611 2808 4680 τῆς
2839 4609 3178 4677 Βαϐυλῶνος,
3211 4607 3304 4664 καὶ
3332 4608 3604 4662 ἀπολαϐὸν

340 4727 462 4764 cum
497 4712 598 4764 hoc
633 4725 737 4762 non
775 4708 895 4762 sine
922 4708 1062 4761 bona
1096 4705 1505 4774 exspectatione
1548 4705 1659 4758 Deo
1684 4702 1860 4757 extolli

2087 4725 2124 4776 ιν
2163 4706 2536 4778 Ἰερουσαλὴμ,
2572 4706 2700 4776 περὶ
2731 4706 2840 4758 τῶν
2886 4705 3297 4775 ἀπομεινάντων
3339 4704 3397 4754 ἐν
3431 4700 3607 4754 Βαϐυ-

338 4803 504 4855 Aiunt
524 4817 652 4870 ergo
683 4799 918 4853 nondum
948 4813 1106 4852 suum
1132 4796 1388 4868 gaudium
1407 4809 1528 4850 esse
1552 4794 1858 4864 completun

2086 4796 2155 4850 'm
2182 4797 2280 4868 τὴν
2309 4799 2674 4868 προκειμένην
2703 4797 2845 4869 ᾠδὴν
2870 4797 2955 4848 ἐπ’
2987 4795 3219 4864 ἀγαθαῖς
3263 4793 3606 4864 προσδοκίαις

339 4898 456 4950 fore
489 4905 692 4958 autem,
728 4907 850 4946 cum
882 4891 1135 4946 universa
1162 4892 1309 4944 natio
1347 4903 1418 4942 ex
1465 4887 1650 4950 hostili
1699 4887 1859 4956 regio:

2086 4889 2340 4960 ναπέμπει
2363 4905 2380 4922 ⁶
2425 4891 2558 4957 φασὶ
2601 4889 2658 4942 δὲ
2681 4930 2695 4952 ,
2732 4891 2813 4942 ὅτι
2841 4887 2994 4941 ούπω
3033 4888 3130 4958 μὲν
3160 4885 3380 4947 τελείως
3407 4883 3476 4937 τὰ
3505 4884 3606 4952 τῆς

339 4991 406 5042 ad
440 4987 716 5056 propriam
763 4985 1003 5039 redierit.
1057 4981 1209 5036 lianc
1249 4981 1508 5036 nimirum
1545 4979 1649 5034 loci
1697 4990 1859 5033 semei

2086 4981 2300 5053 ιετέρας
2331 4983 2507 5054 χαρᾶς
2544 4982 2932 5052 πεπλήρωται·
2965 4980 3120 5032 ἔσται
3148 4979 3204 5031 δὲ
3238 4975 3395 5030 τοῦτο
3427 4977 3514 5029 ὅτε
3546 4975 3606 5027 τὸ

341 5083 470 5134 tiam
503 5078 696 5148 reliqui
722 5079 1045 5143 interpretes
1083 5075 1319 5128 sistunt:
1359 5088 1482 5126 nam
1510 5087 1631 5140 pro,
1663 5070 1791 5138 [acti
1823 5085 1861 5121 si

2085 5072 2135 5123 ἱν
2179 5070 2329 5135 ἔθνος
2366 5072 2480 5124 ἀπὸ
2520 5073 2616 5142 τῆς
2667 5071 2929 5141 πολεμίας
2972 5070 3063 5122 ἐπὶ
3109 5070 3208 5139 τὴν
3255 5066 3461 5121 οἰκείαν
3503 5065 3605 5135 γῆν

338 5191 454 5227 mus
477 5174 612 5227 sicut
653 5171 946 5234 consolati,
973 5155 1333 5224 veoncorditer
1365 5180 1555 5219 omnes
1595 5165 1783 5217 aiunt:
1828 5162 1858 5230 ρ

2085 5165 2293 5236 τανέλθῃ
2312 5183 2326 5195 ·
2354 5166 2556 5237 ταύτην
2585 5165 2642 5219 δὲ
2670 5166 2769 5237 τὴν
2798 5164 3036 5218 διάνοιαν
3069 5161 3396 5233 παρίστησιν
3430 5159 3463 5228 ὴ
3497 5157 3605 5210 τῶν

339 5266 410 5318 cti
433 5281 614 5319 sumus
653 5267 798 5332 quasi
831 5263 1188 5324 somniantes;
1226 5275 1328 5313 non
1363 5269 1542 5312 autent
1576 5270 1704 5309 vera
1750 5255 1856 5307 libe

2088 5257 2225 5310 ιπῶν
2253 5258 2516 5330 ἑρμηνεία
2539 5275 2552 5288 ο
2571 5259 2692 5311 ἀντὶ
2719 5257 2826 5329 γὰρ
2852 5255 2968 5320 τοῦ,
2991 5251 3358 5324 ἐγενήθημεν
3392 5251 3470 5315 ὡς
3497 5266 3608 5319 πᾳ-

338 5367 502 5414 tatem
568 5364 812 5411 nostram
859 5356 1068 5409 visione
1131 5360 1456 5421 spectantes.
1521 5347 1691 5402 Porro
1741 5347 1858 5400 inst:

2086 5349 2468 5416 κεκλημένοι,
2490 5348 2792 5420 συμφώνως
2825 5348 2874 5400 οἱ
2896 5346 3094 5410 πάντες
3127 5341 3606 5414 φασὶν,ἐγενήθη-

337 5465 479 5504 vera:
506 5447 916 5517 perspicuaique
941 5445 1164 5500 visionis
1185 5445 1288 5498 erit
1317 5443 1498 5496 laetitia
1527 5449 1736 5504 nostra,
1765 5451 1857 5508 pos

2084 5457 2130 5491 τι*
2157 5441 2237 5504 ὡς
2272 5442 2776 5511 ἐνυπνιαζόμενοι,
2804 5439 2917 5494 ἀλλ’
2951 5440 3050 5510 οὺχ
3089 5437 3238 5508 ὕπαρ
3262 5435 3359 5507 τὴν
3387 5431 3604 5486 ἐλευθε-

420 5546 442 5575 ⁶
479 5543 648 5598 Exod.
682 5557 796 5610 11v,
838 5541 926 5595 14.

411 5643 488 5710 (5)
544 5639 699 5694 Ἐπεὶ
750 5637 957 5710 τοῦτο.Δ
1017 5637 1289 5704 lnterpres
1334 5633 1535 5705 legisse
1582 5633 1801 5688 videtur
1849 5631 1931 5710 igni

2113 5631 2213 5710 (ᾤ’)
2251 5627 2537 5682 Nonnullis
2570 5626 2853 5710 Patribus.
2892 5626 2984 5710 qui
3010 5624 3350 5710 gradualium
3379 5634 3597 5710 quoque

339 5697 544 5782 τούτὶρ,
596 5712 677 5768 vel
724 5713 816 5763 ἐπὶ
867 5707 1117 5771 τούτοις,
1165 5697 1222 5760 ἱιῑ
1275 5715 1329 5761 et
1383 5697 1653 5761 sententia
1708 5713 1859 5774 postu

2081 5697 2374 5754 salinarum
2433 5709 2714 5782 auctorem
2795 5697 3051 5754 Davidem
3123 5697 3601 5755 existimaverunt,

347 5767 544 5838 th'.’
646 5767 650 5768 ί
1062 5767 1071 5769 “
1105 5767 1113 5771 ⁷
1710 5767 1723 5774 “

1710 5767 1723 5774 “
2045 5767 2194 5827 nunc
2230 5773 2460 5828 addatur
2487 5767 2770 5825 Eusebius.
