3850 6210
225 377 292 432 17
1351 386 1858 447 COMMENTARIA
1896 391 1966 447 1N
2005 390 2345 449 PSALMOS.
3413 399 3481 456 18

220 498 339 588 ρίαν
366 499 522 571 ἡμῶν
566 502 996 576 φανταζόμενοι·
1031 504 1186 561 ἔσται
1222 507 1278 563 δὲ
1320 508 1469 583 ὕπαρ
1502 512 1598 565 καὶ
1647 514 1774 584 ὲναρ

1912 530 2077 582 quam
2112 514 2305 583 reliqui
2356 526 2572 584 quoque
2613 502 2810 570 fratres
2860 516 3031 572 nostri
3083 532 3113 571 a
3165 517 3483 588 captivitate

329 588 483 680 ἡμῶν
505 590 540 661 ἡ
559 591 727 662 χαρὰ,
747 594 969 650 ἐπειδὰν
997 595 1090 649 καὶ
1117 597 1168 649 οἱ
1194 596 1373 652 λοιποὶ
1397 600 1557 671 ἡμῶν
1579 601 1774 672 άδελφο

1907 605 2110 661 fuerint
2155 607 2383 664 reversi.
2426 608 2600 674 Quam
2654 621 2769 661 rem
2817 617 3005 678 gentes
3057 587 3275 680 quoque
3325 609 3481 665 nobis

213 678 317 770 άπὸ
354 679 456 749 τῆς
495 682 879 753 αἰχμαλωσίας
928 685 1319 743 ἐπανέλθωσιν·
1374 692 1461 760 ἐφ’
1503 684 1548 760 ᾦ
1590 694 1685 748 καὶ
1728 696 1774 748 τε

1905 698 2343 768 gratulabuntur,
2374 714 2472 756 ceu
2520 700 2614 770 qui
2656 701 2899 755 membra
2952 678 3137 756 nostra
3186 678 3480 770 recupera-

213 767 332 842 ἔθνη
370 771 742 846 μακαριοῦσιν
777 777 946 847 ἡμᾶς,
971 777 1050 842 ὡς
1075 778 1185 834 ῐδια
1209 779 1343 854 μέλη
1373 786 1793 857 κομισαμένους·

212 859 268 914 ἓν
290 861 400 934 γὰρ
426 863 488 917 τὸ
513 863 677 937 σῶμα
708 867 819 922 τῶν
849 869 1195 942 σωζομένων.

388 953 531 1006 Τότε
560 955 843 1027 ἐπλήσθη
873 958 1066 1027 χαρᾶς
1092 959 1161 1014 τὸ
1194 963 1391 1031 στόμα
1425 963 1616 1034 ἡμῶν.

272 1040 416 1104 Τοὺς
442 1042 712 1112 λέγοντας
743 1048 820 1122 (4)
851 1051 921 1105 τὰ
960 1052 1082 1108 θεῖα
1128 1055 1214 1124 ἐφ’
1247 1051 1330 1120 οἷς
1376 1057 1591 1131 καρπὸς
1633 1059 1796 1115 πνεύ-

210 1145 395 1199 ματος,
434 1134 584 1206 χαρὰ
628 1139 743 1201 τοῖς
788 1140 1081 1197 ἀκούουσιν
1110 1144 1171 1198 τὸ
1219 1145 1319 1216 μὲν
1365 1148 1539 1220 στόμα
1585 1150 1794 1220 γίνεται

206 1224 296 1275 καὶ
326 1225 635 1313 ἐπληρώθη
687 1234 897 1303 χαρᾶς,
945 1236 979 1306 ἡ
1027 1235 1085 1289 δὲ
1133 1236 1356 1307 γλῶσσα
1394 1241 1793 1313 ἀγαλλιάσεως,

204 1313 293 1383 ἀφ’
317 1308 394 1369 ὧν
429 1320 518 1389 ῥεῖ
545 1320 691 1392 χαρὰ
717 1324 811 1376 καὶ
839 1324 1161 1394 ἀγαλλίασις
1178 1346 1190 1358 ·
1231 1308 1453 1387 τούτων
1470 1333 1527 1405 δε
1573 1308 1792 1408 γινομέέ

204 1423 326 1500 νων,
352 1409 404 1467 qi
435 1409 547 1464 ἀπὸ
578 1412 688 1466 τῶν
726 1414 897 1469 ὲθνῶν
929 1416 1304 1491 διδασκόμενοι
1338 1421 1793 1500 λέγουσιν·⁹Εμε-

203 1497 389 1593 γάλυνε
440 1500 650 1576 Κύριος
689 1506 787 1560 τοῦ
828 1509 1052 1581 ποιῆσαι
1103 1514 1221 1584 μετ’
1256 1514 1469 1569 αὐτῶν·
1513 1518 1612 1572 καὶ
1662 1497 1792 1593 περὶ

202 1590 404 1645 ἑαυτῶν
436 1593 496 1648 δέ
519 1613 683 1664 φασιν
703 1599 1172 1671 εὐχαριστοῦντες
1190 1605 1556 1676 Ἐμεγάλυνε
1573 1590 1791 1681 Κύριος

200 1681 301 1736 τοῦ
316 1683 575 1754 ποιῆσαι
594 1689 727 1757 μεθ’
744 1688 932 1759 ἡμῶν·
979 1693 1319 1767 ἐγενήθημεν
1346 1700 1783 1773 εὐφραινόμενοι.

210 1774 336 1827 Ἐπὶ
358 1775 463 1846 μὲν
480 1775 602 1831 τῶν
624 1780 909 1850 ,ποταμῶν
924 1783 1288 1853 Βαϐυλῶνος
1303 1788 1668 1861 ἐκαθίσαμεν
1686 1795 1788 1848 καὶ

1902 791 2162 847 verimus.
2203 790 2387 848 Unum
2424 792 2627 864 quippe
2656 791 2989 847 salvatorum
3031 792 3313 847 hominum
3355 807 3480 849 eor-

1903 899 2004 955 pus
2035 894 2140 940 est.

1965 972 2131 1030 Vens.
2169 974 2226 1030 ‘2.
2258 972 2406 1029 Tunc
2441 974 2694 1046 repletum
2726 985 2799 1030 est
2831 975 3027 1046 gaudio
3064 991 3122 1029 os
3154 985 3410 1029 nostrum.

1974 1066 2199 1134 Eorum,
2229 1068 2321 1139 qui
2349 1067 2535 1123 divina
2558 1068 2912 1138 eloquuntur,
2950 1068 3002 1123 in
3028 1068 3228 1137 quibus
3254 1070 3475 1138 spiritus

1901 1162 2110 1219 fructus
2141 1170 2250 1227 est,
2277 1162 2533 1234 gaudium
2565 1161 2913 1217 audientibus
2938 1170 3090 1216 creat
3122 1176 3186 1217 os
3217 1162 3473 1232 jucundi-

1904 1263 2014 1310 tate
2044 1254 2375 1319 redundans,
2408 1262 2466 1310 et
2497 1252 2679 1321 lingua
2709 1251 2903 1306 ttililuit
2929 1252 3315 1308 exsultatione.
3344 1250 3475 1319 Quae

1898 1359 2021 1399 cum
2070 1344 2185 1399 ﬁeri
2222 1353 2414 1414 gentes
2455 1351 2827 1415 cognoscunt,
2862 1342 3058 1398 aiunt:
3109 1341 3474 1413 Magniﬁcam

1900 1433 2164 1488 Dominus
2211 1431 2395 1487 facere
2437 1448 2561 1487 cum
2592 1433 2694 1486 eis.
2729 1430 2842 1487 [mo
2883 1441 2938 1486 et
2979 1432 3046 1488 de
3087 1447 3148 1488 se
3177 1433 3307 1503 ipsis
3346 1448 3469 1489 cum

1897 1520 2195 1590 gratiarum
2259 1519 2474 1574 actione
2520 1518 2750 1576 dicunt:
2801 1520 3163 1592 Magni/ienuit
3211 1521 3469 1579 Dominus

1896 1612 2070 1682 facere
2111 1612 2420 1678 nobiscum;
2455 1612 2686 1682 ideoque
2734 1612 2898 1669 laetati
2945 1630 3154 1670 sumus.
3194 1613 3265 1669 Et
3311 1632 3469 1687 super

1894 1704 2120 1774 ﬂumina
2149 1705 2368 1774 quidem
2397 1704 2685 1778 Babylonis
2724 1705 2915 1775 (Judaei
2943 1706 3212 1778 inquiunt)
3240 1709 3467 1764 sedimus

1894 1811 1958 1849 ac
1986 1796 2227 1864 ﬂeuimus
2254 1798 2315 1864 ';
2350 1812 2476 1853 cum
2501 1806 2685 1854 autem
2719 1797 2863 1854 Deus
2894 1799 3138 1869 captivos
3167 1802 3477 1867 revocavit,

196 1864 615 1961 Waapsr'
654 1871 715 1924 ὲν
762 1870 820 1925 δὲ
861 1872 941 1944 τῷ
965 1874 1292 1947 ἐπιπρέψαι
1324 1879 1417 1934 τὸν
1447 1880 1652 1954 Κύριον
1689 1885 1774 1957 τὴς

1892 1885 2145 1955 repletum
2176 1897 2254 1942 est
2285 1890 2484 1959 gaudio
2513 1905 2571 1944 os
2610 1902 2844 1945 nostrum
2868 1889 2907 1944 ⁸.
2942 1864 3158 1947 Similes
3186 1906 3348 1961 porro
3383 1892 3464 1948 lo-

195 1958 591 2029 αίχμαλωσίαν,
620 1962 902 2034 ἐπλήσθη
935 1965 1127 2036 χαρᾶς
1173 1970 1238 2023 τὸ
1281 1973 1477 2043 στόμα
1506 1975 1783 2049 ήμιῦν(5)·

208 2050 394 2104 Ἔπὰν
420 2051 776 2125 ποιήσωμεν
804 2054 885 2122 τῷ
921 2059 1173 2129 στόματι
1214 2063 1503 2133 φυλακήν
1522 2083 1536 2096 ·
1583 2069 1679 2120 καὶ
1702 2068 1784 2132 τὸ,

194 2141 383 2211 Στὸμα
412 2141 657 2199 δικαίου
703 2145 933 2216 μελετᾷ
982 2151 1210 2220 σοφίαν
1229 2168 1242 2184 ·
1301 2155 1396 2209 καὶ
1438 2157 1520 2219 τὸ,
1560 2158 1788 2229 Ἀνοιτε

193 2233 302 2285 σὸν
344 2238 571 2306 στόμα,
623 2237 789 2309 ,λέγει
845 2242 1023 2307 Θεός·
1071 2243 1166 2297 καὶ
1216 2245 1412 2316 ὅμοια·
1471 2248 1544 2303 Τὸ
1591 2253 1788 2322 στόμα

192 2322 351 2393 ἡμῶν
368 2326 606 2399 ἀνέῳγε
624 2330 779 2397 πρὸς
797 2328 976 2400 ὑμᾶς,
1001 2335 1297 2403 Κορίνθιοι
1313 2353 1329 2369 ·
1356 2339 1479 2395 τότε
1499 2339 1786 2412 ἀληθεύον-

191 2429 275 2479 τες
298 2418 551 2490 φήσομεν
568 2436 582 2449 ·
606 2421 746 2475 Τότε
765 2420 1045 2493 ἐπλήσθη
1066 2426 1260 2495 χαρᾶς
1282 2427 1351 2483 τὸ
1373 2432 1567 2502 στόμα
1591 2431 1779 2502 ἡμῶν.

193 2507 295 2562 Καὶ
322 2510 443 2579 μετ’
479 2511 663 2581 ὀλίγα·
717 2512 889 2569 Ἐπὰν
926 2515 982 2569 δὲ
1038 2517 1367 2591 φυλάξωμεν
1389 2521 1487 2586 τὰς
1513 2523 1667 2589 ὁδοὺς
1686 2525 1781 2581 τοῦ

195 2600 263 2668 μὴ
292 2601 660 2673 ἁμαρτάνειν,
686 2604 807 2658 τότε
855 2605 1278 2681 πληρωθήσεται
1304 2613 1337 2683 ἠ
1371 2612 1595 2682 γλῶσσα
1623 2617 1656 2686 ἠ
1666 2617 1782 2687 μῶν

191 2688 561 2757 ἀγαλλιάσεως
584 2709 597 2722 ·
636 2693 883 2770 ἐπλήσθη
923 2696 982 2751 δὲ
1035 2701 1213 2772 χαρᾶς
1264 2702 1360 2755 καὶ
1406 2703 1469 2757 τὸ
1513 2703 1780 2760 Φιλιππου

193 2784 375 2855 στόμα,
424 2786 522 2840 ὅτε
559 2787 779 2855 ἀνοίξας
821 2790 883 2843 τὸ
912 2792 1088 2863 στόμα
1119 2793 1308 2861 αὐτοῦ,
1345 2797 1440 2850 καὶ
1476 2797 1783 2870 ἀρξάμενος

192 2876 289 2929 ἀπὺ
307 2876 424 2943 τοῦ,
470 2877 573 2945 Ὠς
594 2881 894 2949 πρόϐατον
911 2882 1013 2936 ἐπὶ
1040 2884 1291 2954 σφαγὴν
1328 2885 1510 2957 ἤχθη,
1542 2890 1780 2961 εὐηγγε-

191 2966 364 3022 λίσατο
388 2969 486 3023 τὸν
529 2970 738 3042 Ἰησοῦν
764 2971 844 3044 τῷ
871 2973 1112 3047 εὐνούχῳ
1139 2976 1378 3031 Αἰθίοπι.

280 3060 655 3132 Ἐμεγὰλυνε
682 3066 897 3134 Κύριος
918 3066 1029 3122 τοῦ
1058 3069 1314 3139 ποιῆσαί
1328 3074 1460 3140 μεθ’
1490 3072 1678 3142 ἡμῶν.

260 3150 550 3223 ’Δνωτέρω
583 3154 682 3224 μὲν
703 3153 781 3219 sb;
805 3155 905 3227 ἥδη
938 3158 1279 3231 ἐπιστροφῆς
1307 3160 1415 3214 ἀπὸ
1443 3161 1544 3237 τῆς
1574 3164 1776 3235 αἰχμα-

1888 1982 2135 2037 cutiones
2168 1990 2330 2037 sunt:
2379 1981 2513 2037 Cum
2554 1999 2806 2053 ponemus
2855 1985 2937 2039 ori
2992 1986 3290 2041 custodiam
3311 1989 3354 2054 ’ς
3388 1997 3464 2053 et,

1890 2069 1965 2126 0s
1987 2071 2126 2141 justi
2150 2074 2437 2128 meditatur
2470 2077 2787 2144 sapientiam
2812 2076 2886 2130 ¹⁹;
2910 2086 2988 2142 et,
3016 2077 3175 2146 Aperi
3208 2094 3266 2132 os
3295 2088 3462 2140 tuum,

1887 2161 2017 2216 dicit
2049 2161 2303 2218 Dominus
2327 2164 2400 2230 ης
2438 2166 2652 2235 aliaque
2675 2167 2981 2233 huiusmodi
3007 2167 3226 2234 :veluti,
3269 2167 3339 2222 0s
3370 2184 3466 2221 nc-

1885 2264 2053 2307 strum
2081 2262 2223 2323 patet
2247 2255 2317 2310 ad
2345 2272 2456 2321 vos,
2480 2255 2743 2314 Corinthii
2767 2262 2833 2314 “.
2864 2260 3000 2315 Tum
3029 2275 3157 2314 vere
3181 2260 3459 2315 dicemus:

1888 2343 2036 2400 Tunc
2062 2347 2315 2416 repletum
2342 2357 2420 2403 est
2450 2349 2648 2419 gaudio
2681 2367 2740 2405 os
2769 2362 3026 2405 nostrum.
3059 2350 3128 2406 Et
3160 2351 3348 2421 paucis
3380 2353 3465 2405 in-

1886 2438 2133 2509 terjectis
2155 2458 2169 2495 :
2191 2440 2329 2496 Cum
2363 2440 2785 2497 custodierimus
2807 2446 2924 2498 vias
2957 2452 3197 2508 nostras,
3226 2442 3291 2498 ne
3324 2444 3464 2502 forte

1883 2544 2210 2599 peccemus,
2250 2541 2383 2589 tunc
2414 2533 2595 2605 lingua
2642 2544 2828 2590 nostra
2875 2535 3173 2606 replebitur
3219 2535 3459 2593 exsulta-

1885 2622 2055 2682 tione.
2085 2622 2296 2681 Gaudio
2331 2640 2549 2695 quoque
2578 2625 2811 2697 Philippi
2848 2641 2912 2682 os
2948 2627 3296 2692 redundavit,
3332 2643 3458 2684 cum

1881 2711 2014 2769 iliud
2051 2715 2325 2785 aperiens,
2357 2716 2726 2787 incipiensque
2746 2731 2778 2772 a
2805 2718 2986 2774 verbis
3020 2718 3148 2785 illis,
3184 2718 3459 2791 Tanquam

1881 2805 1991 2860 ouis
2042 2807 2113 2859 ad
2151 2807 2467 2863 occisionem
2510 2807 2701 2865 ditatus
2756 2819 2834 2866 est
2881 2808 3155 2876 ",Jesum
3208 2814 3460 2868 eunucho

1880 2897 2122 2970 rEthiopi
2142 2899 2534 2970 evangelizavit
2563 2900 2653 2955 ω’.

1916 2990 2085 3049 Vens.
2115 2990 2169 3046 3.
2209 2990 2576 3063 Magniﬁcam
2618 2992 2878 3049 Dominus
2911 2994 3087 3065 facere
3124 2996 3417 3051 nobiscum.

1949 3080 2215 3153 Superius
2257 3098 2359 3139 ceu
2397 3095 2524 3164 post
2563 3084 2796 3140 reditum
2850 3101 2881 3140 a
2923 3088 3275 3158 captivitate,
3324 3088 3452 3144 dicti

1883 3173 2037 3230 fuere
2076 3175 2187 3231 duo
2224 3175 2502 3233 versiculi.
2546 3176 2700 3233 Nunc
2730 3187 2985 3247 tanquam
3022 3178 3201 3234 adhuc
3249 3180 3304 3235 in
3358 3195 3453 3235 ca-

189 3238 377 3344 λωσίας
421 3244 747 3317 γινομένης,
802 3246 1049 3341 είρηνται
1090 3251 1140 3303 οἱ
1187 3249 1283 3304 δύο
1325 3252 1532 3323 στίχοι·
1590 3253 1687 3308 νῦν
1714 3254 1773 3308 δὲ

1892 3267 2136 3334 ptivitate
2161 3268 2436 3335 detentus,
2465 3269 2585 3326 haec
2609 3271 2685 3326 ait
2706 3238 3013 3342 Prop-beta;
3046 3282 3206 3328 antea
3232 3272 3451 3344 quidem

188 3330 255 3396 ὡς
283 3332 361 3386 ἔτι
388 3335 450 3388 ἐν
479 3334 833 3409 αἰχμαλωσίᾳ
854 3326 954 3401 "div,
993 3338 1170 3394 ταῦτά
1195 3357 1363 3412 φησιν
1390 3344 1420 3397 ό
1455 3343 1771 3416 Προφήτης,

187 3421 240 3474 τὸ
264 3424 645 3498 μὲνπρότερον
661 3428 1042 3499 προφητεύων,
1067 3426 1391 3505 οἶμαι,περὶ
1410 3433 1521 3489 τῶν
1548 3437 1776 3491 ἀποστό-

186 3510 304 3579 λων,
333 3514 397 3569 τδ
426 3517 490 3570 δὲ
522 3515 777 3591 δεύτερον
804 3520 869 3573 ὲκ
896 3520 1193 3592 προσώπου
1219 3524 1394 3594 λέγων
1423 3525 1533 3580 τῶν
1566 3527 1736 3583 ἐθνῶν
1754 3547 1768 3561 ·

184 3602 282 3658 τῶν
294 3606 402 3679 γὰρ
420 3609 483 3663 ὲν
498 3611 616 3673 τοίς
637 3608 850 3665 ἑθνεσίν
867 3612 1016 3668 ἐστιν
1044 3614 1113 3669 τὰ
1127 3616 1237 3671 άπὸ
1265 3615 1385 3683 τοῦ,
1417 3618 1773 3688 Egeritur-8

186 3697 385 3765 Κύριος
412 3700 534 3755 τοῦ
571 3702 822 3772 ποιῆσαι
857 3708 989 3776 μεθ’
1013 3708 1206 3780 ἡμῶν,
1245 3711 1352 3777 ἕως
1396 3712 1515 3779 τοῦ,
1545 3715 1626 3782 ὡς
1652 3732 1772 3786 χει-

182 3788 434 3860 μάρρους
464 3794 545 3848 ἐν
575 3793 661 3861 τῷ
690 3798 864 3866 νότφ·

238 3882 662 3955 Ἐ’πίστρεψον,
691 3889 898 3957 Κύριε,
924 3890 1042 3961 τὴν
1067 3895 1488 3965 αἰχμαλωσίαν
1524 3895 1711 3965 ἡμῶν.

255 3974 594 4041 ’Δκολούθως
621 3977 719 4031 καὶ
743 3976 919 4035 ταῦτα
949 3981 1303 4055 προσέθηκαν
1342 3987 1457 4049 τοῖς
1487 3983 1728 4058 πρώτοις
1749 4002 1765 4016 ·

185 4063 238 4118 οὐ
258 4064 364 4137 γάρ
389 4066 878 4141 ἀναισθητοῦντες,
895 4073 1051 4144 φησὶ,
1068 4074 1168 4145 τῆς
1195 4076 1276 4139 είς
1303 4076 1451 4147 ἡμᾶς
1482 4076 1584 4148 ἤδη
1611 4093 1767 4146 γενος-

188 4155 339 4228 μένης
368 4158 722 4231 εὐεργεσίας,
761 4162 937 4221 ταῦτά
967 4181 1173 4236 φαμεν,
1203 4164 1319 4219 ἀλλ’
1348 4164 1761 4237 ὁμολογοῦντες,

184 4244 252 4299 ὃτι
277 4249 495 4318 μεγάλα
544 4250 649 4322 μὲν
681 4251 903 4325 εποίησε
949 4253 1070 4327 μεθ’
1111 4254 1272 4328 ἡμῶν
1295 4257 1326 4309 ὁ
1359 4254 1512 4323 Θεὸς,
1544 4258 1638 4312 καὶ
1663 4258 1764 4331 ήδη

181 4340 473 4413 γεγόναμεν
525 4344 590 4397 ὲν
643 4345 985 4421 εὐφροσύνῃ·
1028 4348 1173 4404 οὕτω
1216 4350 1276 4405 δὲ
1327 4350 1564 4423 ἔχοντες,
1615 4354 1766 4424 ὅμως

182 4428 307 4502 ὑπὲρ
336 4434 448 4486 τῶν
482 4434 837 4492 καταλοίπων
871 4439 1050 4511 μελῶν
1076 4440 1235 4513 ἡμῶν
1261 4442 1495 4515 δεόμεθα
1524 4444 1619 4498 καὶ
1654 4445 1764 4498 iace-

180 4520 394 4641 :stiopzv
700 4545 713 4559 ·
761 4528 1181 4641 Ὲπίρτρσψιον,
1199 4533 1401 4632 Κύριε,
1420 4533 1535 4603 τὴν
1552 4537 1763 4605 αἱχμα-
1797 4586 1837 4641 D

178 4611 395 4666 λωσίαν
424 4615 606 4686 ήμῶν
627 4617 710 4684 ὡς
734 4618 1093 4689 χειμάρῤους
1123 4621 1196 4675 ἐν
1230 4620 1313 4689 τῷ
1340 4625 1496 4692 νότῳ
1512 4640 1527 4656 ·
1558 4624 1760 4679 ἄτοπον

178 4701 417 4774 γὰρτοὺς
451 4708 560 4779 μὲν
586 4709 688 4782 τῆς
732 4709 885 4776 θείας
910 4712 1165 4782 γνώσεως
1209 4716 1630 4789 ἐστερημένους,
1657 4718 1758 4790 τὴν

178 4793 250 4858 εις
299 4797 445 4870 ἡμᾶς
508 4803 888 4876 γεγενημένην
939 4804 1352 4878 φιλανθρωπίαν
1409 4808 1713 4879 θαυμάζειν
1736 4849 1751 4873 ,

178 4885 310 4954 ἡμᾶς
326 4889 386 4943 δὲ
403 4892 540 4956 τοὺς
557 4892 660 4965 τῆς
674 4895 958 4961 εὐσεὸείας
998 4899 1388 4971 τετυχηκότας,
1430 4900 1754 4977 ἀχαριστίαν

177 4981 358 5036 νοσεῖν-

375 5075 442 5127 οι
471 5075 835 5145 σπείροντες
863 5079 934 5131 ἐν
963 5079 1281 5150 δάκρυσιν,
1314 5098 1369 5136 κ.
1407 5098 1459 5135 τ.
1492 5082 1541 5135 λ.

246 5160 305 5215 '0
328 5166 577 5239 σπείρων
606 5169 666 5221 ὲν
690 5168 944 5243 δάκρυσι,
975 5173 1056 5236 εις
1076 5172 1138 5229 τὸ
1163 5172 1381 5245 πνεῦμα
1403 5174 1617 5247 σπείρει
1642 5174 1751 5229 τῶν

177 5249 258 5304 ἐπὶ
297 5258 408 5320 τοῖς
456 5257 694 5329 δάκρυσι
725 5263 1178 5336 μακαριζομένων
1198 5285 1211 5297 ·
1243 5268 1302 5320 ὲν
1331 5267 1648 5337 ἀγαλλιάσει
1691 5267 1750 5321 δὲ

1887 3359 1957 3415 de
2007 3360 2292 3428 apostolis,
2333 3373 2393 3417 ut
2439 3372 2593 3433 puto,
2628 3365 2931 3421 vaticinans
2955 3405 2969 3429 ,
2993 3365 3186 3420 deinde
3224 3380 3352 3421 vero
3384 3379 3453 3419 ex

1878 3451 2223 3507 ethnicorum
2260 3467 2491 3524 persona
2532 3454 2780 3524 loquens.
2828 3456 3076 3527 Namque
3107 3457 3452 3513 ethnicorum

1874 3552 2001 3599 sunt
2018 3547 2206 3613 verba,
2226 3561 2256 3601 a
2290 3545 2651 3617 Magniﬁcauit
2681 3548 2940 3605 Dominus
2953 3550 3131 3620 facere
3156 3549 3450 3615 nobiscum,

1874 3649 2048 3707 usque
2077 3636 2179 3704 ad,
2216 3637 2351 3693 sicut
2381 3649 2586 3696 torrens
2626 3645 2684 3696 in
2720 3650 2919 3697 austro.

1902 3903 2068 3959 Vens.
2097 3903 2153 3959 4.
2190 3903 2464 3971 Converte,
2495 3904 2736 3972 Domine,
2765 3907 3119 3975 captivitatem
3155 3918 3408 3965 nostram.

1939 3994 2315 4052 Consentanea
2337 3996 2768 4067 praecedentibus
2786 4000 2902 4055 haec
2915 3999 3035 4070 subj
3044 4010 3270 4070 ungunt.
3292 3999 3444 4055 llautl

1869 4085 2133 4156 equidem
2154 4086 2343 4144 collati
2383 4088 2543 4145 nobis
2569 4089 2820 4146 beneﬁcii
2846 4091 3192 4146 immemores
3221 4092 3333 4144 tunc
3366 4092 3447 4144 di-

1868 4183 2082 4248 cimus,
2118 4178 2213 4236 sed
2244 4181 2472 4251 grandia
2517 4183 2802 4238 nobiscum
2832 4181 3030 4239 fecisse
3058 4183 3226 4239 Deum
3270 4181 3447 4238 faten-

1869 4284 1972 4340 tes,
2001 4272 2199 4344 gaudio
2222 4270 2523 4329 eﬂerimur.
2564 4273 2757 4329 Nihilo
2788 4281 2970 4330 tamen
3000 4274 3182 4330 minus
3220 4287 3320 4345 pro
3355 4289 3444 4328 re-

1822 4422 1827 4427 λ
1864 4364 2033 4435 liquis
2057 4362 2334 4424 imembris
2370 4362 2578 4441 nostris
2617 4378 2841 4419 oramus
2864 4406 2879 4431 ,
2935 4363 3321 4435 supplicesque
3360 4366 3447 4419 di-

1865 4458 2074 4513 cimus:
2102 4454 2376 4522 Converte,
2394 4453 2638 4522 Domine,
2660 4457 3019 4525 captivitatem
3047 4467 3307 4521 nostram,
3338 4458 3444 4510 sic-

1865 4558 1924 4602 ut
1953 4558 2156 4604 torrens
2185 4548 2243 4602 in
2271 4555 2479 4601 austro.
2504 4546 2819 4602 Absurdum
2856 4546 3003 4602 enim
3032 4546 3195 4613 foret,
3232 4548 3278 4603 si
3314 4548 3441 4603 dum

1866 4639 2071 4695 ethnici
2106 4639 2305 4694 divinae
2352 4638 2558 4693 notitiae
2590 4639 2799 4708 ignari,
2845 4638 3192 4694 clementiam
3239 4639 3294 4694 in
3344 4654 3455 4693 nos.

1864 4731 2117 4787 collatam
2157 4731 2536 4794 admirantur,
2585 4743 2686 4784 nos
2721 4744 2911 4784 veram
2953 4729 3277 4799 religionem
3323 4746 3457 4785 eorm

1873 4822 1981 4887 titi,
2020 4819 2221 4892 ingrati
2248 4820 2415 4876 animi
2455 4819 2649 4875 morbo
2675 4819 3068 4875 laboraremus.

2024 5086 2193 5141 Vsus.
2228 5085 2284 5140 5.
2319 5084 2424 5151 Qui
2460 5084 2720 5139 seminam
2756 5085 2815 5138 in
2840 5082 3114 5154 iacrymis,
3156 5091 3276 5136 etc.-

1929 5178 2031 5247 Qui
2060 5176 2295 5235 seminat
2326 5177 2379 5232 in
2408 5176 2687 5248 lacrymis,
2717 5175 3019 5230 secundum
3052 5173 3307 5242 spiritum
3343 5186 3435 5227 se-

1858 5270 2031 5325 minat
2061 5268 2277 5324 illorum
2299 5267 2392 5339 qui
2421 5268 2493 5324 ob
2517 5267 2788 5339 lacrymas
2813 5266 2956 5322 beati
2978 5266 3270 5331 dicuntur;
3303 5277 3429 5319 cum

178 5339 363 5415 θερίζει
390 5347 544 5421 ζωὴν
571 5351 811 5420 αἰώνιον,
839 5358 869 5410 ὁ
896 5359 1182 5428 τυγγάνων
1221 5359 1322 5432 ἤδη
1354 5359 1449 5413 τοῦ
1476 5361 1643 5432 γελᾷν
1670 5360 1749 5432 τῷ

1892 5361 2211 5419 xsultatione
2226 5369 2405 5418 autem
2428 5361 2594 5417 vitam
2615 5372 2873 5416 aeternam
2885 5361 3073 5428 metit;
3097 5358 3294 5428 quippe
3310 5356 3431 5426 qui,

177 5437 449 5509 πνεύματι.
465 5472 539 5483 —-
554 5441 682 5508 Τοῖς
705 5447 835 5519 περὶ
854 5447 963 5501 τῶν
983 5448 1187 5504 λοιπῶν
1212 5450 1571 5523 αἰχμαλώτων
1595 5453 1750 5523 αἰτή-

1852 5463 1913 5510 ιιι
1955 5455 2150 5524 spiritu
2198 5455 2407 5520 rideat,
2438 5453 2550 5523 jatn
2598 5463 2926 5511 consecutus
2972 5464 3077 5507 est.
3112 5479 3180 5492 —-
3214 5450 3283 5506 lis
3339 5452 3432 5518 qui

178 5541 287 5583 mi
317 5532 377 5586 τὸ
395 5534 561 5589 Θείον
576 5535 928 5611 ἀποκρίνεται
944 5540 1026 5606 τὸ,
1039 5542 1329 5612 Μακάριοι
1351 5547 1407 5598 οἱ
1426 5545 1745 5612 κλαίοντες

1892 5558 1954 5600 ro
1985 5543 2213 5614 reliquis
2240 5546 2472 5615 captivis
2493 5555 2739 5608 orarunt,
2772 5545 2917 5601 Deus
2943 5543 3233 5614 respondet
3268 5539 3434 5597 eliato

234 5638 441 5728 ξιξ-σι.
488 5649 852 5728 cxx_x_vr,_!._
899 5652 924 5685 ⁸
966 5650 1340 5728 Psal._cxxv,
1386 5655 1441 5708 2.
1536 5659 1557 5690 ³
1607 5655 1748 5711 Psal.

1892 5672 2018 5724 vm,
2051 5657 2109 5712 2.
2188 5658 2233 5690 "
2266 5657 2412 5714 Psal.
2462 5674 2650 5728 xxxvi,
2700 5660 2790 5717 50.
2867 5660 2909 5691 “
2945 5657 3089 5715 Psal.
3150 5655 3453 5724 unane

182 5706 272 5761 "Il
301 5713 423 5767 Cor.
466 5729 550 5782 vt,
591 5719 677 5772 Η.
722 5706 735 5716 ’
757 5721 802 5754 ¹³
832 5719 939 5780 lsa.
971 5706 1476 5793 Litﬁt,'7.w‘“"Act.
1522 5706 1780 5795 VIII—:33.

152 5902 157 5909 ι
242 5826 312 5896 (ὁ)
342 5825 420 5886 Ita
445 5832 614 5890 codd.

1922 5839 2003 5912 (ὃ)
2034 5838 2197 5897 Deest
2232 5838 2459 5910 aliquid.
