3850 6210
392 354 462 411 10
1079 351 1346 411 EUSEBII
1383 348 1860 407 CESARIENSIS
1896 350 2047 408 OPP.
2086 349 2264 407 PARS
2300 349 2393 408 III.
2434 379 2505 392 —
2535 347 2945 406 EXEGETICA.
3568 345 3638 402 20

393 474 487 531 illo
516 491 533 533 ξ
565 473 720 529 Beati
754 475 846 543 qui
875 471 1076 544 lugent,
1116 474 1241 545 quia
1270 470 1513 527 ridebunt
1539 471 1604 526 ιδ.
1632 472 1787 540 Quod
1836 472 1879 528 si
1924 474 1960 527 ii

2070 472 2155 526 δτι
2186 472 2353 527 αὐτοὶ
2376 470 2764 543 γελάσονται·
2800 471 2938 542 ὅπερ
2961 471 3009 523 εἰ
3037 470 3354 540 ποιήσουσιν
3379 469 3428 522 οἰ
3446 471 3503 523 ἐν
3528 468 3638 524 Βα-

396 566 600 621 l‘acient
636 565 729 636 qui
758 564 1030 639 Babylone
1061 565 1239 620 adhuc
1276 573 1425 631 sunt,
1465 566 1662 621 bonam
1694 581 1843 636 spem
1885 566 1966 620 lu-

394 659 571 724 gendo
614 664 861 711 serentes
887 694 903 720 ,
938 655 1194 724 gaudium
1246 663 1481 722 metent;
1535 655 1791 728 Iacrymis
1829 672 1965 728 quas

396 747 651 802 fuderunt
672 762 911 803 amorem
945 747 1184 818 indepti,
1219 757 1273 802 et
1323 746 1525 803 reditus
1572 748 1823 819 gaudium
1874 763 1962 804 re-

394 838 629 909 cepturi.
660 838 730 895 Et
772 838 817 894 si
849 839 1069 909 quidem
1118 854 1341 910 germen
1374 830 1590 909 aliquod
1622 853 1761 895 verae
1795 840 1967 910 pieta-

396 931 469 987 tis
510 929 885 993 servaverint,
948 929 1159 983 animas
1223 943 1353 984 suas
1398 928 1566 985 veluti
1618 928 1959 995 escoleutes,

396 1026 624 1083 multum
674 1025 729 1081 in
777 1025 953 1080 reditu
1000 1025 1235 1081 fructum
1297 1026 1617 1097 percipient.
1667 1023 1850 1095 Usque
1897 1026 1965 1080 ad

396 1122 501 1176 hoc
539 1121 830 1190 septimum
861 1116 1136 1174 canticum
1166 1158 1182 1184 ,
1216 1118 1283 1174 de
1312 1118 1540 1189 captivis
1582 1115 1782 1173 Judaeis
1825 1120 1967 1174 vati-

396 1210 539 1267 cinia
565 1209 808 1267 fuerunt.

882 1298 1204 1356 PSALMUS
1234 1297 1466 1355 CXXVI.

468 1390 773 1446 Secundum
825 1390 1144 1448 Ilebraicam
1187 1392 1482 1447 editionem
1530 1406 1828 1463 omnesque
1879 1393 1963 1447 in-

397 1492 686 1549 terpretes,
716 1496 954 1552 praesens
1005 1482 1278 1538 canticum
1318 1479 1625 1539 Salomonis
1650 1496 1735 1540 est
1775 1484 1959 1553 (sicuti

394 1572 483 1627 alii
524 1573 647 1626 aliis
672 1572 1041 1627 inscribuntur
1071 1575 1386 1630 auctoribus
1417 1575 1659 1648 psalmi),
1692 1578 1837 1647 quod
1875 1578 1962 1634 di-

391 1671 535 1717 ctum
575 1663 672 1717 fuit
698 1678 763 1719 eo
794 1672 1034 1735 tempore
1062 1678 1171 1733 quo
1196 1665 1453 1736 templum
1482 1666 1789 1723 acdillcavit.
1825 1668 1960 1723 Nam

391 1769 511 1808 cum
547 1751 721 1809 Judaei
770 1754 840 1809 ob
867 1754 986 1823 ejus
1014 1754 1226 1811 aedilicii
1275 1757 1470 1811 molem
1511 1756 1667 1814 valde
1709 1760 1956 1828 superbi-

2066 561 2285 628 συλῶνι,
2316 561 2526 631 ἀγαθὰς
2559 561 2779 626 ἐλπίδας
2823 560 2890 615 δι’
2920 554 2994 614 ὧν
3026 559 3268 614 κλαίουσι
3303 558 3637 632 σπείροντες,

2064 653 2336 726 θεριοῦσιν
2389 652 2708 723 ἀγαλλίασιν
2732 668 2746 682 ο
2820 650 2942 704 ἀντὶ
2990 649 3239 722 δακρύων
3288 648 3432 720 ἀπερ
3466 648 3638 720 ’ἔσχον

2062 740 2438 814 ἀγαπώμενοι,
2463 741 2737 813 δεξόμενοι
2766 739 2863 812 τὴν
2886 740 2985 811 τῆς
3009 739 3267 793 ἐπανόδου
3296 738 3472 811 χαράν
3495 755 3509 769 ο
3545 738 3641 792 καὶ

2062 836 2111 889 εἰ
2140 834 2261 887 τότε
2287 833 2460 907 βραχύ
2489 851 2543 888 τι
2576 834 2796 905 σπέρμα
2820 831 3128 896 θεοσεϐείας
3158 831 3472 901 ἐφύλαττον,
3503 829 3641 885 ἀλλά

2061 924 2161 989 τὰς
2175 924 2383 979 ἑαυτῶν
2405 926 2524 979 ἐκεῖ
2546 923 2723 995 ψυχὰς
2738 924 3177 995 γεωργήσαντες,
3208 921 3435 986 πολλοὺς
3469 923 3638 975 ἐπαν-

2066 1019 2236 1083 ιόντες
2262 1018 2467 1072 οἴσουσι
2524 1018 2652 1082 τοὺς
2682 1016 2947 1088 καρπούς.
2983 1015 3162 1087 Μέχρι
3187 1013 3286 1085 τῆς
3322 1015 3372 1078 ζ’
3400 1012 3543 1085 ᾠδῆς
3570 1012 3639 1066 τά

2065 1105 2329 1179 περὶτῶν
2369 1109 2434 1161 ἐκ
2482 1106 2779 1179 περιτομῆς
2815 1103 3175 1176 αἰχμαλώτων
3212 1102 3637 1175 προεθεσπίσθη.

2594 1281 2891 1336 ΨΑΛΜΟΣ
2913 1281 3105 1349 Ρκςῖν.

2131 1372 2288 1430 Κατά
2313 1373 2376 1427 τὸ
2415 1371 2703 1443 Ἐὁραῖκὺν
2728 1371 2822 1424 καὶ
2846 1371 2973 1436 τοὺς
2997 1368 3441 1443 ἑρμηνεύσαντας
3466 1369 3638 1424 ᾶπαν-

2059 1480 2179 1529 τας,
2212 1466 2246 1535 ἡ
2284 1463 2534 1537 παροῦσα
2564 1461 2661 1517 νῦν
2690 1461 2801 1534 ᾠδὴ
2840 1462 3185 1533 Σολομῶντος
3247 1465 3394 1518 ἐστιν
3433 1461 3641 1534 (ὥσπερ

2060 1555 2210 1610 ἄλλοι
2241 1555 2415 1610 ἄλλων
2448 1556 2585 1609 εἰσὶν
2616 1554 3087 1626 ἐπιγεγραμμένοι
3110 1553 3338 1625 ψαλμοὶ)
3373 1571 3641 1628 προφητι-

2061 1648 2173 1711 κῶς
2194 1649 2284 1702 ὑπ’
2307 1647 2470 1701 αὐτοῦ
2485 1648 2736 1719 λεχθεῖσα
2750 1647 2988 1720 ὁπηνίκα
3002 1648 3091 1703 τὸν
3106 1648 3233 1703 ναὸν
3248 1648 3636 1712 κατεσκεύαζει

2059 1739 2170 1793 τῶν
2217 1737 2328 1810 γὰρ
2381 1739 2653 1793 Ἰουδαίων
2688 1739 3234 1811 μεγαλοφρονούντων
3282 1742 3378 1794 ἐπὶ
3418 1741 3499 1813 τῷ
3537 1742 3642 1813 τῆς

392 1855 533 1910 rent,
580 1843 695 1913 ipse
745 1844 928 1900 divino
960 1844 1165 1916 Spiritu
1204 1847 1508 1917 praevidens
1553 1863 1860 1917 supremam
1894 1849 1959 1903 il-

2070 1831 2406 1903 κατασκευῆς
2461 1831 2676 1904 ὀχυρῷ,
2733 1832 2863 1904 θείῳ
2915 1832 3193 1904 Πνεύματι
3248 1833 3486 1907 συνορῶν
3540 1834 3642 1907 τὴν

391 1935 501 1991 lius
530 1937 942 2007 desolationem,
995 1952 1205 1995 necnon
1244 1939 1480 1996 futuram
1510 1941 1803 1997 Ecclesiam
1842 1958 1964 2014 quae

396 2043 425 2079 a
481 2027 711 2084 Domino
748 2038 861 2084 toto
897 2031 1031 2086 orbe
1066 2038 1331 2084 terrarum
1356 2031 1671 2088 aediﬁcanda
1698 2046 1852 2098 erat,
1885 2034 1962 2090 l‘a—

394 2131 479 2172 cta
508 2134 631 2173 cum
663 2128 949 2176 exstructo
977 2122 1176 2192 templo
1201 2125 1627 2193 comparatione,
1652 2124 1795 2179 illam
1820 2141 1961 2194 pra:-

394 2208 500 2264 Iert
542 2211 821 2280 magisque
862 2213 1190 2278 admiratur,
1237 2229 1349 2269 rem
1390 2226 1715 2284 praesentem
1752 2217 1965 2287 vitupe-

393 2315 526 2356 rans
559 2317 655 2356 ceu
702 2303 1075 2372 temporalem,
1103 2319 1280 2375 neque
1331 2306 1414 2360 vel
1446 2306 1720 2378 paulisper
1759 2309 1965 2377 absque

396 2388 491 2442 Dei
536 2390 781 2446 custodia
821 2392 1158 2446 duraturam.
1190 2392 1318 2461 Quae
1354 2410 1495 2449 nunc
1531 2406 1834 2467 opportune
1875 2412 1965 2453 ce-

390 2481 524 2536 cinit
543 2482 741 2538 Judaeis
766 2483 1041 2556 Babylone
1070 2487 1355 2558 regressis,
1399 2497 1454 2544 et
1482 2490 1801 2545 restituendi
1834 2500 1964 2547 tem-

389 2575 462 2645 pii
501 2576 781 2645 studiosis,
826 2587 989 2647 atque
1027 2578 1097 2635 ob
1128 2595 1248 2636 eam
1284 2596 1400 2635 rem
1449 2579 1589 2636 fastu
1639 2582 1819 2640 elatis.
1871 2584 1965 2638 Ait

392 2683 563 2739 ergo:
604 2667 665 2725 Si
692 2680 868 2728 tamen
896 2671 1157 2728 Dominus
1189 2673 1539 2740 custodierit;
1573 2691 1699 2730 nam
1741 2677 1965 2731 custode

390 2761 703 2827 recedente,
743 2761 1018 2817 desertum
1062 2764 1188 2827 ﬁet,
1228 2774 1284 2819 et
1330 2765 1536 2833 quaevis
1567 2765 1846 2823 hominum
1878 2781 1965 2822 se-

392 2847 595 2903 dulitas
639 2865 785 2931 vana
832 2851 959 2906 erit.
1012 2850 1080 2905 Et
1132 2853 1315 2922 templi
1365 2853 1582 2921 quidem
1634 2862 1961 2917 structorem

391 2939 525 2993 d'tcit
576 2940 898 3006 Dominum;
957 2942 1105 2998 urbis
1149 2954 1328 2997 autem
1379 2944 1737 3001 :edilicatores
1786 2947 1964 3001 homi-

392 3046 511 3095 nes,
552 3037 647 3085 sed
692 3032 861 3089 Deum
891 3037 1190 3091 cumodem.
1228 3034 1368 3093 Utile
1405 3036 1506 3093 hoc
1534 3038 1734 3094 dictum
1771 3039 1967 3095 adver-

391 3136 490 3178 sus
517 3126 783 3195 superbiae
814 3127 1190 3199 cogitationes.

559 3303 720 3359 Vens.
761 3302 817 3360 2.
859 3303 964 3371 Qui
1002 3306 1335 3361 manducatis
1362 3323 1549 3377 panem
1578 3305 1800 3361 doloris.

467 3418 765 3475 Tlteodotio
795 3428 852 3474 et
878 3419 1066 3489 quinta
1085 3421 1275 3486 editio,
1299 3437 1487 3488 panem
1508 3421 1797 3486 idolorum,
1823 3422 1964 3478 scri-

392 3520 641 3581 pserunt.
678 3510 747 3567 Et
777 3513 991 3576 merito,
1026 3527 1262 3582 namque
1304 3509 1601 3567 Hebraicus
1644 3521 1828 3568 textus
1867 3514 1965 3567 ha-

393 3604 504 3667 bet,
534 3600 827 3672 irreligiose
857 3618 1032 3672 agere,
1077 3603 1347 3673 quomodo
1370 3601 1494 3656 aliis
1547 3602 1712 3659 etiam
1749 3603 1800 3656 in
1829 3601 1962 3659 locis

392 3693 596 3749 idolum
630 3692 1047 3764 interpretatum
1093 3693 1360 3749 videmus.
1393 3693 1656 3750 Praevidet
1697 3703 1878 3749 autem
1910 3693 1963 3748 in

393 3786 584 3856 spiritu
621 3784 876 3841 Salomon
921 3789 1037 3841 l'ore
1083 3798 1141 3840 ut
1185 3786 1275 3855 qui
1316 3786 1574 3856 templum
1618 3801 1648 3841 a
1678 3800 1736 3842 se
1775 3785 1967 3840 condi-

395 3889 507 3932 tum
558 3878 827 3941 incolent,
866 3878 1024 3932 idolis
1072 3878 1347 3942 studeant,
1400 3880 1673 3934 dtemonas
1718 3879 1859 3932 intra
1905 3877 1967 3931 il-

395 3969 486 4025 iud
532 3971 793 4026 colentes.
852 3969 942 4024 Ait
992 3984 1120 4040 ergo
1173 3985 1231 4025 se
1268 3981 1390 4040 post
1441 3971 1786 4035 abscessum,
1839 3969 1966 4023 illuc

392 4064 572 4115 denuo
609 4062 951 4128 rediturum,
1002 4072 1168 4132 atque
1211 4062 1262 4116 id
1304 4076 1372 4117 ex
1419 4061 1702 4117 intervallo
1751 4075 1966 4128 semper

395 4153 692 4207 iacturum.
734 4151 875 4219 Quid
915 4153 1061 4208 enim
1089 4156 1314 4226 pqodest
1370 4152 1546 4207 locum
1593 4151 1850 4207 honorari
1896 4150 1967 4204 ab

395 4244 487 4307 iis,
521 4244 612 4312 qui
652 4245 723 4299 ob
764 4244 1123 4302 idnlolatriam
1164 4245 1346 4314 procul
1395 4260 1455 4299 se
1485 4244 1593 4299 Deo
1638 4241 1967 4298 removent?

399 4333 551 4392 Unde
594 4334 954 4406 Symmachus
982 4336 1153 4391 dixit:
1193 4334 1399 4392 Vanum
1440 4346 1516 4391 est
1562 4336 1705 4390 vobis
1743 4334 1963 4388 matuti-

396 4441 489 4479 nos
547 4441 763 4496 surgere
817 4428 887 4480 ad
948 4427 1326 4493 habitandum,
1375 4428 1452 4482 vel
1499 4426 1568 4481 ad
1618 4427 1839 4496 hymnos
1881 4426 1965 4480 di-

394 4518 609 4571 rendos.

875 4607 1002 4663 PSA
1012 4607 1200 4665 LMUS
1228 4607 1483 4665 CXXVII.

464 4697 843 4755 Consentanee
881 4700 1150 4770 superiori
1194 4702 1410 4756 cantico
1457 4701 1671 4757 vocatio
1721 4702 1962 4772 gentium

396 4793 448 4847 in
490 4793 744 4863 prtesenti
777 4792 1124 4863 praedicatur.
1152 4792 1253 4860 Qui
1280 4807 1410 4865 ergo
1438 4794 1631 4848 timent
1658 4794 1964 4859 Dominum,

396 4883 597 4937 diversi
642 4898 766 4939 esse
810 4884 1067 4939 dicuntur
1112 4886 1179 4941 ab
1228 4886 1468 4950 Israele,
1513 4896 1569 4940 et
1620 4903 1649 4941 a
1701 4887 1967 4943 nobiliore

400 4975 540 5042 apud
571 4973 826 5030 lsraelem
867 4978 1079 5039 ordine,
1126 4978 1176 5031 id
1225 4989 1307 5031 est
1350 4978 1691 5034 sat-erdotali.
1737 4980 1969 5034 Demon-

401 5077 578 5120 strant
626 5065 680 5120 id
731 5066 898 5123 verba
953 5068 1089 5122 illa:
1144 5068 1363 5124 Israelis
1421 5072 1607 5124 domus
1644 5073 1869 5139 speravit
1911 5071 1967 5126 in

404 5154 627 5211 Domino
655 5158 718 5211 ¹⁵.
761 5158 825 5215 Ει
870 5170 1099 5229 postea:
1148 5160 1409 5217 Timentes
1456 5165 1744 5218 Dominum
1787 5180 1968 5233 spera-

397 5259 579 5301 verunt
611 5248 668 5302 in
698 5264 759 5303 so
783 5250 859 5303 ".'
879 5250 946 5305 Et
976 5267 1198 5306 rursus:
1242 5250 1498 5308 Dominus
1542 5254 1709 5307 nostri
1746 5268 1966 5315 memor,

399 5338 658 5393 benedixit
688 5341 860 5396 nobis.
892 5340 1171 5397 Benedisit
1203 5344 1382 5397 domui
1411 5343 1655 5409 Israelis,
1692 5344 1967 5399 'benedixit

398 5429 575 5481 domui
630 5427 857 5484 Aaronis
909 5431 974 5486 ‘7.
1029 5433 1095 5485 Et
1134 5449 1298 5489 mox:
1340 5431 1623 5488 Bensdisit
1668 5434 1966 5488 timentibus

398 5519 685 5574 Dominum
723 5518 788 5574 ⁸⁸.
826 5517 908 5575 Ex
937 5536 1131 5578 norma
1167 5525 1332 5594 igitur
1355 5524 1734 5591 praedictarum
1770 5523 1965 5579 dictio-

472 5673 520 5705 “
555 5675 683 5731 Luc.
717 5691 796 5739 vi,
834 5673 924 5731 2|.
1002 5678 1045 5710 "
1071 5678 1212 5738 Psal.
1244 5697 1396 5748 cxnt,
1422 5682 1474 5738 9.
1506 5726 1509 5729 λ
1552 5684 1596 5716 υ
1624 5683 1753 5739 ibid.
1783 5682 1867 5738 Il.

472 5794 548 5866 (6)
570 5795 653 5850 AI.
679 5796 1119 5868 προθεσπίζεται.

1999 4516 2047 4572 D

2062 1925 2296 1995 ἐσχάτην
2332 1924 2569 1997 ἐρημίαν
2617 1923 2806 1990 αὐτοῦ,
2851 1925 2947 1979 καὶ
2988 1924 3087 1997 τὴν
3138 1925 3243 1979 ὑπὸ
3290 1926 3384 1979 τοῦ
3434 1926 3641 1998 Κυρίου

2066 2015 2364 2086 μέλλουσαν
2393 2016 2721 2088 Ἐκκλησίαν
2772 2016 2894 2070 καθ’
2945 2016 3073 2089 ὅλης
3115 2016 3508 2089 οἰκοδομεῖσθαι
3541 2017 3643 2090 τῆς

2061 2107 2404 2180 οἰκουμένης,
2426 2108 2869 2179 ἀντιπαρατιθεὶς
2895 2112 2961 2181 τῇ
2988 2110 3119 2182 παρ’
3140 2109 3305 2163 αὐτοῦ
3329 2114 3641 2185 κατασκευῇ

2061 2198 2157 2252 τοῦ
2184 2199 2335 2268 ναοῦ,
2366 2201 2582 2273 ἐκείνην
2605 2218 2668 2254 τε
2700 2200 2982 2274 προκρίνει
3016 2203 3111 2256 καὶ
3145 2202 3509 2274 ύπεράγαται,
3541 2204 3641 2275 τὴν

2060 2292 2183 2345 τότε
2234 2292 2534 2366 παρουσίαν
2582 2292 2819 2364 ἐλέγχων
2866 2293 2943 2358 ώς
2990 2294 3325 2368 πρόσκαιρον
3361 2295 3455 2349 καὶ
3506 2294 3641 2367 μηδέ

2064 2385 2201 2455 πρὸς
2237 2383 2407 2456 βραχὺ
2440 2384 2833 2456 συνισταμένην
2867 2384 2992 2439 ἀνευ
3022 2384 3158 2439 Θεοῦ
3191 2385 3468 2457 φυλακῆςο
3500 2384 3643 2458 ἀπερ

2063 2474 2159 2531 νῦν
2190 2477 2269 2539 εἰς
2301 2477 2491 2548 καιρὸν
2527 2472 2627 2550 ᾖσε
2670 2476 2778 2531 τῶν
2820 2479 2884 2531 ἐκ
2935 2476 3257 2542 Βαϐυλῶνος
3292 2478 3644 2544 ἐπανιόντων,

2065 2567 2474 2623 ἐσπουδακότων
2506 2570 2636 2643 περὶ
2656 2569 2755 2642 τὴν
2781 2570 3061 2624 ἀνάκτισιν
3090 2570 3181 2624 τοῦ
3207 2569 3359 2635 ναοῦ,
3397 2571 3489 2625 καὶ
3514 2587 3645 2642 φρο-

2064 2660 2297 2715 νούντων
2328 2661 2420 2715 ἐπὶ
2438 2660 2612 2733 τούτῳ
2630 2660 2841 2732 μεγάλα
2882 2661 3002 2732 μέν.
3037 2662 3099 2715 Εἰ
3124 2661 3232 2733 γάρ
3258 2680 3440 2734 φησιν,
3471 2662 3641 2716 Ἔστ⁹

2064 2754 2142 2809 ἂν
2173 2757 2205 2809 ὀ
2240 2756 2454 2824 Κύριος
2484 2753 2758 2825 φυλάττῃ
2788 2796 2802 2820 ,
2831 2754 2926 2808 τοῦ
2970 2755 3028 2810 δὲ
3076 2755 3314 2826 φύλακος
3354 2755 3641 2826 ἀναχωρή-

2067 2862 2277 2911 σαντος,
2301 2845 2507 2918 ἔρημος
2533 2845 2707 2911 ἔσται,
2750 2847 2986 2919 ματαίας
3018 2848 3281 2919 ἐσομένης
3308 2846 3407 2917 τῆς
3448 2846 3508 2911 ἐξ
3546 2847 3642 2901 ἀν-

2065 2937 2298 3010 θρώπων
2327 2937 2593 3009 σπουδῆς·
2629 2938 2724 2992 ἐπὶ
2785 2939 2883 3010 μὲν
2919 2938 3010 2993 τοῦ
3040 2937 3192 3004 ναοῦ,
3221 2938 3501 3010 οἰκοδόμον
3533 2940 3646 2993 εἰσ-

2067 3029 2188 3097 ἀγει
2221 3031 2311 3083 τὸν
2347 3030 2552 3103 Κύριον
2572 3047 2585 3060 ·
2617 3030 2710 3083 ἐπὶ
2741 3030 2799 3084 δὲ
2827 3030 2927 3101 τῆς
2943 3031 3171 3096 πόλεως,
3190 3028 3507 3102 ἀνθρώπους
3544 3031 3643 3101 μέν

2065 3120 2398 3191 οἰκοδόμους,
2429 3119 2645 3190 φύλακα
2677 3120 2733 3175 δὲ
2761 3121 2853 3176 τὸν
2886 3121 3019 3176 Θεόν
3042 3139 3054 3152 ·
3088 3122 3357 3194 χρήσιμον
3386 3122 3448 3175 τὸ
3480 3123 3642 3194 ῥητὸν

2066 3213 2202 3285 πρὸς
2230 3214 2355 3277 τοὺς
2382 3213 2479 3283 τῆς
2508 3212 2886 3285 ὑπερηφανίας
2910 3211 3224 3284 λογισμούς.

2408 3307 2473 3358 οι
2500 3305 2808 3371 ἐσθίοντες
2839 3304 3021 3373 ἄρτον
3052 3304 3296 3373 ὀδύνης.

2132 3415 2443 3479 Θεοδοτίων,
2474 3417 2568 3472 καὶ
2604 3419 2638 3489 ή
2676 3424 2718 3471 ε’
2756 3416 2941 3486 ἄρτον
2968 3417 3231 3473 εἰδώλων
3266 3418 3532 3485 ἐξέδωκαν
3562 3421 3641 3473 εί-

2065 3509 2236 3572 κότως
2254 3527 2267 3539 ·
2299 3509 2359 3564 τὺ
2388 3507 2498 3581 γάρ
2538 3508 2827 3582 Ἐὅραῖκὸν
2854 3510 2915 3564 τὸ
2937 3510 3181 3566 ἀσεϐεῖν
3206 3511 3338 3593 ἔχει,
3382 3512 3519 3584 ὅπερ
3547 3513 3645 3566 καὶ
3674 3518 3675 3521 “

2064 3601 2123 3652 ἐν
2173 3598 2379 3672 ἑτέροις
2432 3597 2688 3653 εἴδωλον
2736 3599 3129 3671 ἐρμηνεύεται’
3186 3601 3396 3673 προορᾷ
3444 3601 3502 3655 δὲ
3564 3600 3644 3672 τῷ

2068 3689 2339 3761 πιεύματι
2378 3689 2650 3761 Σολομῶν,
2700 3691 2776 3757 ὡς
2818 3692 2867 3745 οἰ
2922 3691 3206 3763 μέλλοντες
3233 3692 3400 3746 οἰκεῖν
3424 3691 3515 3745 τὸν
3550 3692 3643 3746 ὑπ’

2064 3780 2229 3836 αὑτοῦ
2260 3780 2542 3854 γινόμενον
2576 3777 2744 3847 οἷκον,
2779 3782 3019 3846 εἰδώλοις
3050 3782 3490 3855 προσκείσονται,
3522 3783 3642 3837 δαί-

2069 3891 2192 3945 μοσι
2233 3873 2582 3946 λατρεύοντες
2623 3877 2681 3929 ἐν
2719 3875 2899 3947 αύτῷ-
2939 3876 3087 3946 λέγει
3124 3877 3324 3940 τοίνυν,
3368 3877 3505 3948 μετά
3543 3877 3643 3949 τὴν

2063 3965 2412 4038 ἀναχώρησιν
2437 3961 2595 4030 αὖθις
2618 3968 2711 4021 ἐπὶ
2737 3966 2926 4022 τοῦτον
2978 3967 3173 4033 ἐλθεῖν,
3209 3969 3303 4022 καί
3327 3968 3485 4021 τοῦτο
3513 3984 3641 4022 συν-

2063 4058 2205 4129 εχῶς
2228 4060 2292 4112 ἐκ
2311 4058 2715 4130 διαλειμμάτων
2741 4063 2930 4115 ποιεῖν’
2947 4059 3000 4112 τί
3025 4058 3132 4131 γὰρ
3156 4060 3348 4129 ὄφελος
3368 4060 3458 4114 τὸν
3480 4061 3644 4114 τόπον

2062 4153 2248 4224 τιμᾷ-δ,
2276 4154 2390 4216 τοῖς
2413 4152 2501 4205 διά
2528 4153 2628 4224 τῆς
2652 4151 3093 4224 εἰδωλολατρείας
3123 4152 3489 4225 μακρύνουσιν
3518 4153 3641 4205 ἐαυ-

2064 4244 2189 4306 τοὺς
2224 4240 2320 4297 τοῦ
2353 4242 2519 4307 Θεοῦ;
2559 4243 2723 4296 Ὅθεν
2765 4244 2794 4296 ὁ
2846 4242 3139 4315 Σύμμαχος
3189 4243 3294 4314 ἐφη
3317 4262 3331 4275 ·
3378 4241 3643 4299 Μάταιον

2068 4334 2211 4404 ὑμῖν
2238 4334 2309 4400 ἐξ
2341 4333 2557 4404 ὄρθρου
2584 4334 2948 4391 ἀνίστασθαι
2979 4338 3067 4401 εἰς
3092 4335 3160 4390 τὸ
3185 4335 3447 4402 οἰκῆσαι,
3482 4336 3521 4406 ἢ
3553 4338 3644 4405 εἰς

2064 4424 2131 4480 τὸ
2157 4425 2444 4496 ὑμνῆσαι.

2605 4602 2897 4656 ΨΔΛΜΟΣ
2927 4602 3097 4656 PKZ’.

2152 4693 2483 4759 Ἀκολούθως
2535 4697 2603 4767 τῇ
2656 4694 2761 4767 πρὸ
2810 4693 3015 4763 ταύτης
3069 4690 3180 4763 ᾠδῇ
3222 4693 3257 4763 ή
3303 4691 3495 4763 κλησις
3534 4689 3644 4746 τῶν

2067 4784 2237 4839 ἐθνῶν
2264 4783 2351 4840 διά
2377 4784 2579 4855 ταύτης
2605 4783 2938 4856 κηρύσσεται
2968 4782 3064 4853 (6)·
3090 4784 3141 4836 οἰ
3162 4781 3293 4851 γοῦν
3320 4780 3645 4852 φοῦούμενοι

2068 4876 2160 4931 τὸν
2186 4877 2410 4949 Κύριον,
2450 4877 2625 4949 ἐτεροι
2653 4876 2902 4946 λέγονται
2928 4870 3067 4930 εἶναι
3090 4874 3243 4948 παρά
3272 4875 3363 4928 τὸν
3406 4873 3643 4945 Ἰσραὴλ,

2072 4969 2166 5021 καὶ
2204 4969 2356 5040 παρά
2395 4968 2457 5022 τὸ
2495 4970 2740 5041 κρεῖττον
2783 4970 2842 5022 ἐν
2886 4966 2965 5039 τῷ
3005 4966 3221 5039 Ἰσραὴλ
3260 4965 3470 5037 τάγμα,
3502 4965 3649 5036 λέγω

2071 5058 2129 5111 δὲ
2147 5058 2206 5111 τὸ
2230 5058 2500 5129 ίερατικόν
2517 5074 2532 5089 °
2556 5058 2706 5129 δηλοῖ
2726 5057 2783 5112 δὲ
2807 5056 3006 5112 τοῦτοὸ
3022 5057 3243 5126 φάσκων
3263 5056 3446 5127 λόγος·
3472 5052 3648 5123 Οἶκος

2087 5148 2334 5217 Ἰσραὴλ
2371 5147 2635 5219 ἤλπισεν
2674 5148 2772 5203 ἐπὶ
2818 5149 3071 5217 Κύριον·
3107 5150 3202 5202 καὶ
3255 5148 3396 5220 μετά
3439 5148 3643 5203 ταῦτα·

2077 5245 2140 5295 Ol
2168 5242 2519 5311 φοϐούμενοι
2554 5240 2663 5294 τὸν
2699 5242 2918 5309 Κύριον
2976 5241 3248 5310 ἤλπισαν
3274 5240 3373 5295 ἐπὶ
3398 5243 3645 5311 Κύριον’

2072 5336 2167 5388 καὶ
2219 5334 2412 5388 πάλιψ
2475 5335 2689 5403 Κύριος
2737 5333 3033 5403 μνησθείς
3088 5332 3257 5403 ήμῶν
3309 5335 3649 5405 εὐλόγησεν

2072 5424 2260 5497 ἡμᾶς’
2305 5427 2605 5496 εὐλόγησε
2652 5422 2760 5477 τὸν
2801 5421 2969 5478 οἷκον
3024 5425 3303 5494 Ἰσραήαυ
3350 5427 3650 5496 εὐλόγησεν

2071 5520 2178 5575 τὸν
2223 5516 2394 5574 οἷκον
2452 5517 2704 5587 Ἀαρώνο
2750 5518 2844 5572 καί
2897 5517 3034 5590 μετά
3082 5516 3282 5573 ταῦτα·
3328 5518 3649 5587 Εύλότησε

1950 5683 1989 5715 "
2014 5681 2142 5738 ibid.
2177 5681 2265 5737 12,
2344 5680 2536 5735 "ibid.
2571 5681 2652 5734 I5.
