3850 6210
213 311 281 367 at
1360 311 1874 371 οοιιιιΕΝΤΑιιιΑ
1911 312 1980 370 IN
2019 312 2366 373 PSALttos.
3428 305 3500 361 22

216 446 360 513 τοὺς
407 447 822 517 φοϐουμένους
870 448 980 503 τὸν
1027 450 1274 519 Κύριον.
1341 451 1678 517 Ἀκολούθως
1724 448 1814 507 οῦν

1921 448 2074 501 ιιιιιιι,
2106 431 2403 488 aestimabis
2434 444 2533 487 eos
2567 428 2663 500 qui
2694 433 2962 499 praesente
2996 426 3212 484 cantico
3242 424 3384 481 beati
3417 424 3501 478 di-

211 538 427 600 τούτοις
451 538 672 610 νοήσεις
700 541 830 605 τοὺς
855 541 950 595 ἐπὶ
983 542 1085 613 τῆς
1131 543 1417 617 παρούσης
1456 544 1605 617 ᾠδῆς
1638 561 1817 616 μακα-

215 629 543 702 ριζομένους
565 649 580 662 ·
614 626 763 687 οὗτοι
795 631 863 686 δὲ-
878 629 1021 705 ἦσαν
1052 633 1258 699 πάντες
1288 637 1338 689 οἱ
1372 637 1699 711 φοϐούμενοι
1725 640 1818 694 τὸν

213 723 455 796 Κύριον·
493 723 763 797 κρείττων
798 724 859 779 δέ
901 727 1070 792 ἐστιν,
1113 728 1210 782 καὶ
1236 729 1665 804 ὲπαναόεϐηκὼς
1692 733 1819 797 τοὺς

212 814 594 887 φοῦουμένους
628 816 723 871 τὸν
755 816 983 889 Κύριον,
1025 819 1056 872 6
1103 820 1165 874 ὲν
1210 819 1397 894 τελείᾳ
1444 824 1819 897 γεγενημένος

210 905 406 980 ἀγάπῃ
424 930 437 939 ’
477 907 639 973 Ἕξω
670 908 782 980 γὰρ
834 907 1121 964 ἐκϐάλλει
1152 912 1192 980 ἠ
1223 913 1425 968 τελεία
1480 914 1683 986 ἀγάπη
1710 917 1817 970 τὸν

210 1001 436 1069 φόϐον·
471 1001 569 1056 καὶ
598 1003 649 1055 oi
682 1001 786 1073 μὲν
813 1000 1162 1073 φοόούμενοι,
1194 1005 1254 1058 ὲν
1284 1004 1511 1070 πολλαῖς
1550 1007 1689 1073 ὁδοῖς
1720 1026 1819 1062 πο-

211 1091 546 1164 ρεύσονται·
580 1093 725 1164 τάχα
752 1095 811 1149 δὲ
842 1096 872 1149 6
916 1094 1148 1164 ἀγαπῶν
1183 1097 1241 1151 ὲν
1288 1099 1406 1169 μιᾷ,
1440 1097 1518 1169 τῷ
1543 1100 1813 1172 εἰρηκότι,

223 1185 369 1254 Ἐγώ
394 1188 516 1256 ειμι
554 1187 591 1256 ἠ
625 1187 788 1255 ὁδὸς,
825 1188 912 1257 ἐφ’
945 1189 1011 1260 ἢν
1054 1189 1148 1242 καὶ
1193 1191 1251 1243 αί
1284 1190 1476 1246 πολλαὶ
1506 1191 1696 1266 ὥσπερ
1737 1195 1817 1260 εἰς

210 1278 413 1349 λιμένα
436 1279 781 1333 καταντῶσιν
799 1296 812 1310 ·
840 1281 936 1334 καὶ
953 1280 1136 1345 καλῶς
1152 1276 1305 1336 εἶπεν
1323 1299 1336 1312 ·
1357 1282 1643 1353 Μακάριοι
1662 1283 1814 1339 πάν-

212 1384 342 1436 τες·
380 1370 493 1424 κᾶν
525 1370 737 1436 δοῦλος,
791 1370 895 1426 κᾶν
927 1371 1218 1443 δεσπότης,
1260 1373 1367 1427 κᾶν
1404 1374 1466 1428 τὸ
1499 1374 1658 1447 σῶμα
1686 1377 1818 1431 ἀνά-

212 1478 414 1536 πηρος,
450 1464 560 1519 κᾶν
605 1464 811 1530 ὁτιοῦν,
863 1455 1018 1521 οὐδὲν
1059 1467 1266 1523 τούτων
1299 1467 1497 1521 κωλύει
1524 1468 1618 1524 τὸν
1649 1486 1819 1540 μακα-

214 1556 414 1628 ρισμὸν
443 1554 656 1621 τοῦτον,
676 1557 739 1611 δν
764 1558 926 1623 αὐτός
947 1574 1112 1631 φησιν
1129 1575 1144 1589 ·
1189 1560 1220 1613 6
1242 1558 1300 1613 δὲ
1323 1560 1475 1633 παρὰ
1507 1560 1605 1614 ἀνθ
1615 1561 1817 1632 ρώτωις

214 1650 924 1721 μακαρισμὸς,ὶπισφαλής
943 1668 1003 1705 τε
1026 1652 1123 1707 καὶ
1144 1652 1528 1726 περίτρεπτος,
1556 1654 1650 1707 καὶ
1670 1653 1814 1724 λόγῳ

214 1742 365 1813 μόνῳ
394 1741 793 1812 πλαττόμενος,
831 1744 1055 1815 μυρίαις
1081 1746 1140 1800 δὲ
1174 1744 1531 1817 περιστάσεσι
1583 1761 1812 1817 περιαν-

209 1833 539 1904 τλούμενος·
570 1834 691 1888 ἀλλ’
718 1837 819 1907 οὐχ
843 1836 873 1888 6
898 1836 989 1890 τὸν
1017 1836 1151 1891 Θεὸν
1183 1835 1517 1908 φοόούμενος
1548 1835 1810 1902 τοιοῦτος,

210 1925 348 1983 ἀλλὰ
372 1925 488 1979 τῶν
513 1928 774 1998 κυμάτων
808 1928 1015 1982 τούτων
1052 1928 1476 2000 ἀπηλλαγμένος
1516 1929 1575 1981 ἐν
1605 1927 1815 1999 γαλήνῃ

210 2017 458 2089 κάθηται
488 2019 588 2072 καὶ
617 2019 819 2091 λιμένι,
854 2018 954 2091 τὴν
981 2019 1152 2086 ὅντως
1182 2020 1519 2093 δρεπόμενος
1552 2019 1816 2092 μακαριό-

207 2130 372 2174 τητα.

360 2204 514 2272 Τοὺς
543 2204 773 2270 πόνους
797 2201 918 2257 τῶν
951 2202 1196 2272 καρπῶν
1238 2220 1356 2259 σου
1392 2202 1669 2275 φάγεσαι.

278 2363 349 2415 0i
380 2362 568 2415 λοιποὶ
593 2361 789 2415 κόπον
818 2356 1034 2428 χειρῶν
1061 2356 1333 2426 ἐξέδωκαν
1355 2375 1368 2389 ·
1408 2357 1486 2422 ὡς
1511 2356 1608 2411 ἐπὶ
1636 2373 1813 2428 γεωρ-

209 2454 309 2521 γοῦ
334 2453 395 2506 δέ
423 2469 592 2523 φασιν
628 2452 773 2523 ἅπερ
800 2449 1117 2523 ὲγεώργησε
1151 2449 1537 2523 καρπουμένου
1557 2466 1570 2479 ·
1603 2448 1700 2503 καὶ
1724 2448 1815 2501 τὸν

209 2544 547 2600 ὲναθλοῦντα
589 2546 658 2615 τῇ
701 2545 803 2615 τῆς
845 2543 1157 2608 θεοσεϐείας
1201 2542 1332 2614 ὀδῷ,
1378 2542 1587 2615 τροφὴν
1636 2539 1816 2613 ἑαυτῷ

209 2635 626 2710 θησαυρίζοντα
647 2636 787 2709 πρὸς
811 2637 912 2708 τὴν
939 2634 1240 2707 μέλλουσαν
1270 2633 1416 2705 ζωὴν
1444 2630 1815 2703 ἀναλογοῦσαν

210 2725 292 2796 οἷς
313 2728 657 2784 κατεϐάλετο
678 2729 864 2795 πόνοις
883 2746 897 2758 ·
920 2730 1017 2784 καὶ
1045 2726 1216 2802 ἀρετὴ
1234 2727 1292 2781 δὲ
1318 2727 1413 2781 καὶ
1436 2726 1597 2791 πόνος
1619 2727 1648 2780 6
1674 2724 1817 2779 κατὰ

212 2822 369 2886 Θεὸν,
402 2821 525 2875 ἐστι
572 2822 751 2893 τροφὴ
794 2821 892 2876 καὶ
921 2819 1068 2895 χαρὰ
1101 2824 1168 2893 τῇ
1210 2819 1357 2892 ψυχῇ
1378 2833 1392 2847 ·
1424 2817 1666 2881 τοιοῦτος
1716 2816 1815 2890 μὲν

212 2915 241 2966 6
272 2912 618 2986 φοϐούμενος
658 2914 754 2968 τὸν
785 2913 991 2987 Κύριον
1010 2931 1025 2946 ·
1060 2916 1091 2969 6
1120 2913 1178 2969 δὲ
1205 2910 1456 2982 ἀγαπῶν,
1486 2910 1563 2973 ὡς
1593 2909 1694 2981 ἤδη
1729 2908 1817 2962 τέ-

213 3005 355 3070 λειος
386 3005 630 3076 φάγεται
653 3004 747 3059 τὸν
773 3004 1026 3077 οὐράνιον
1069 3004 1236 3077 ἄρτον
1258 3021 1270 3034 ·
1308 3001 1449 3057 κατὰ
1481 3001 1562 3063 τὸ,
1606 2996 1813 3052 Μακά-

205 3115 340 3167 ριος
373 3098 448 3165 ὃς
493 3097 744 3169 φάγεται
774 3097 958 3167 ἄρτον
988 3097 1060 3152 ἐν
1089 3095 1163 3166 τῇ
1198 3096 1489 3164 βασιλείᾳ
1516 3090 1808 3162 οὐρανῶν.

404 3370 472 3427 Ἠ
499 3368 656 3441 γυνή
694 3385 813 3425 σου
856 3370 936 3437 ὡς
967 3369 1236 3440 ἄμπελος
1266 3367 1626 3435 εὐθηνοῦσα.

284 3461 399 3514 Καὶ
432 3458 582 3515 κατὰ
625 3460 687 3513 τδ
731 3459 915 3532 ῥητὸν,
945 3460 1022 3523 ὡς
1051 3459 1235 3514 ἀτελεῖ
1262 3459 1464 3513 δίδοται
1507 3456 1681 3512 ταῦτα
1715 3476 1811 3530 φο-

216 3551 470 3623 ῦουμένῳ
496 3551 592 3604 τὸν
635 3550 865 3623 Κύριον,
910 3549 1025 3604 ἀλλ’
1059 3552 1181 3621 οὐχὶ
1213 3548 1290 3621 τῷ
1323 3548 1611 3619 ἀγαπῶντι
1644 3550 1809 3604 αὐτὸν

217 3643 278 3708 ἐξ
302 3642 438 3714 ὅλης
462 3639 645 3714 ψυχῆς
676 3641 772 3695 καὶ
802 3640 863 3710 ἐξ
889 3641 1020 3713 ὅλης
1063 3641 1165 3713 τῆς
1188 3640 1418 3711 καρδίας
1447 3641 1542 3694 καὶ
1576 3640 1676 3712 τῆς
1714 3641 1807 3694 δυ-

216 3733 469 3805 νάμεως·
521 3731 855 3802 Ὀφθαλμὸς
895 3732 1007 3803 γὰρ
1056 3734 1171 3787 οὐκ
1194 3731 1388 3796 ρεῖδεν,
1423 3732 1617 3787 καὶτὰ
1646 3730 1805 3802 ἑξῆς·

217 3824 292 3897 τῷ
316 3824 377 3880 εὶ
407 3823 732 3897 φοϐουμένῳ
753 3824 845 3879 τὸν
871 3826 1077 3898 Κύριον
1098 3824 1295 3879 δίδοται
1320 3823 1570 3892 σύζυγος,
1596 3825 1724 3896 περὶ
1743 3818 1812 3897 ἦς

217 3936 350 3991 φησι
374 3919 460 3985 τὸ,
512 3917 687 3987 Γυνὴ
715 3916 932 3989 ἀγαθὴ,
952 3917 1127 3988 μερὶς
1151 3916 1343 3988 ἀγαθή
1361 3935 1375 3949 ·
1400 3918 1516 3982 καὶ,
1541 3916 1813 3972 Γυναῖκα

218 4010 508 4081 ἀνδρείαν
532 4010 627 4077 τίς
664 4009 945 4081 mimica;
972 4009 1278 4082 τιμιωτέρα
1309 4009 1367 4065 δέ
1390 4010 1509 4064 ἐστι
1532 4008 1697 4063 λίθων
1716 4025 1813 4062 ποι-

217 4102 457 4157 λυτελῶν
494 4105 531 4175 ἡ
562 4102 816 4175 τοιαύτη·
843 4102 1017 4167 οὕτως
1043 4105 1078 4175 ἡ
1107 4101 1321 4175 πονηρὰ
1349 4100 1581 4171 σύζυγος
1630 4100 1714 4172 εἴη
1745 4100 1810 4154 ἂν

216 4195 352 4269 ὀργὴ
377 4196 447 4248 ὲκ
467 4192 633 4248 Θεοῦ.

505 4309 573 4361 οι
604 4307 725 4361 υἱοί
746 4322 865 4361 σου
887 4307 968 4374 ὡς
993 4309 1257 4377 νεόφυτα
1286 4308 1524 4363 ἐλαιων.

284 4397 452 4457 Οὕτω
485 4398 583 4453 καὶ
606 4398 717 4452 υἱοὶ
750 4399 815 4452 ὲκ
838 4396 975 4451 Θεοῦ
1003 4398 1234 4453 δίδονται
1266 4397 1344 4469 τῷ
1368 4397 1694 4469 φοϐουμένῳ
1721 4396 1813 4450 τὸν

1923 535 2139 581 cuntur.
2176 523 2240 581 Hi
2291 534 2445 581 erant
2481 525 2741 580 nimirum
2790 530 3062 593 quotquot
3106 519 3396 577 Dominum
3432 519 3501 573 ti-

1921 618 2161 675 mebant.
2206 618 2387 673 Potior
2432 626 2610 673 autem
2652 623 2771 682 est,
2799 623 2857 671 et
2904 613 2997 669 Dei
3028 613 3177 684 ipsos
3209 614 3500 668 timoratos

1920 726 2208 781 superans,
2252 711 2344 780 qui
2387 710 2628 781 perfecta
2665 708 2718 764 in
2750 707 3020 764 charitate
3057 715 3329 761 versatur.
3365 703 3498 759 Nam

1917 803 2148 874 perfecta
2181 802 2416 857 Charitas
2447 800 2682 856 excludit
2710 799 2954 853 timorem
2975 798 3039 852 ".
3070 797 3138 853 Et
3172 796 3391 865 quidem
3426 794 3497 847 ti-

1920 894 2144 961 morati,
2196 894 2394 951 multas
2440 904 2624 949 terunt
2670 895 2822 959 vias;
2872 904 3063 946 amans
3107 898 3288 946 autem
3331 903 3496 943 unam

1918 986 2151 1043 fortasse
2178 987 2393 1055 ,illam,
2432 988 2679 1058 inquam,
2731 986 2799 1041 tle
2845 1000 2950 1056 qua
3004 982 3180 1049 dixit,
3226 979 3340 1052 Ego
3380 997 3498 1035 sum

1917 1081 2005 1136 uia
2035 1082 2104 1146 ὀ,
2138 1081 2192 1136 in
2229 1095 2392 1152 quam
2428 1090 2689 1150 tanquam
2719 1081 2772 1135 in
2814 1090 3031 1149 portum
3062 1075 3244 1131 multa:
3281 1089 3500 1146 quoque

1920 1176 2023 1234 illae
2051 1176 2330 1235 desinunt.
2374 1176 2727 1246 Pulchreque
2767 1174 2936 1229 dixit:
2969 1172 3120 1228 Beati
3147 1188 3345 1237 omnes,
3378 1172 3498 1226 sive

1919 1270 2154 1327 t‘anmlus
2196 1273 2289 1338 sit,
2327 1272 2446 1328 sive
2475 1271 2753 1339 dominus,
2781 1272 2897 1328 sive
2925 1270 3092 1325 etiam
3127 1283 3357 1339 corpore
3386 1283 3499 1323 mu-

1918 1363 2066 1429 tilus,
2095 1364 2214 1420 sive
2237 1363 2377 1420 alius
2408 1364 2622 1436 quivis;
2658 1363 2792 1419 nihil
2838 1365 2984 1419 enim
3019 1360 3328 1433 hujusmodi
3358 1361 3497 1415 hanc

1919 1456 2147 1528 impedit
2188 1457 2613 1521 beatitudinem,
2647 1456 2716 1512 de
2747 1470 2853 1528 qua
2895 1456 2941 1510 is
2986 1453 3246 1524 loquitur.
3298 1451 3497 1508 Verum

1917 1564 2083 1620 quam
2117 1550 2272 1605 nobis
2311 1550 2620 1606 attribuunt
2662 1548 2913 1605 homines
2959 1546 3386 1611 beatitudinem,
3433 1558 3498 1598 ea

1918 1641 2079 1697 fallax
2110 1653 2218 1708 est,
2261 1652 2316 1700 et
2351 1643 2627 1708 volubilis,
2666 1650 2723 1699 et
2763 1641 2949 1699 verbis
2978 1647 3191 1696 tantum
3235 1639 3496 1698 coulicta,

1917 1735 2191 1790 sexcentis
2233 1750 2364 1791 vero
2407 1735 2653 1790 adversis
2695 1734 2916 1790 casibus
2967 1731 3226 1789 obnoxia.
3274 1728 3346 1784 At
3389 1744 3496 1783 nou

1916 1826 1988 1880 ita
2028 1840 2089 1881 se
2135 1826 2300 1882 habet
2334 1827 2428 1897 qui
2475 1826 2643 1881 Deum
2678 1826 2856 1890 timet,
2899 1824 2992 1880 sed
3027 1822 3114 1897 his
3140 1821 3392 1876 ﬂuctibus
3435 1820 3501 1875 li-

1917 1916 2158 1984 beratus,
2196 1917 2248 1970 in
2287 1892 2422 1987 pace
2450 1925 2721 1987 portuque
2769 1913 2943 1979 sedet,
2982 1892 3111 1969 vera
3147 1911 3334 1967 fruens
3366 1911 3496 1966 bea-

1917 2010 2010 2063 tita
2019 2018 2090 2064 te.

1916 2184 2079 2241 Vens.
2117 2185 2173 2239 Ξ.
2217 2182 2448 2239 Labores
2491 2166 2740 2238 solarum
2777 2194 2990 2238 tuarum
3036 2181 3156 2254 (vel
3189 2180 3496 2252 fructuum)

2531 2254 2898 2308 mandttcabis.

1923 2364 1938 2379 κ
1986 2345 2182 2402 Caneri
2224 2346 2554 2415 interpretes
2610 2344 2900 2399 ediderunt
2941 2342 3176 2397 laborem
3217 2357 3495 2396 manuum.

1917 2440 2121 2509 Nempe
2162 2449 2418 2510 tanquam
2460 2439 2528 2495 de
2559 2438 2799 2509 agricola
2840 2438 3144 2508 loquentes,
3175 2439 3269 2508 qui
3300 2438 3368 2493 de
3399 2453 3495 2493 sua

1920 2535 2255 2608 agricultura
2303 2531 2540 2589 fructum
2596 2533 2848 2603 percipit.
2887 2532 3298 2603 Designantque
3348 2532 3498 2587 labo-

1918 2636 2130 2682 rantem
2165 2626 2218 2680 in
2250 2624 2474 2696 pietatis
2505 2623 2612 2685 via.
2661 2622 2877 2694 sibique
2911 2638 3092 2678 escam
3127 2621 3495 2679 cumulantem

1917 2718 1984 2774 ad
2036 2717 2272 2772 futuram
2316 2717 2521 2782 vitam,
2567 2730 2690 2784 qua:
2731 2714 3020 2771 exuntlatis
3065 2714 3338 2771 laboribus
3391 2715 3500 2768 erit

1917 2821 2307 2868 consentanea.
2349 2808 2484 2864 Nam
2519 2809 2696 2864 virtus
2733 2818 2792 2865 et
2825 2816 3047 2879 propter
3088 2807 3257 2862 Deum
3297 2807 3498 2863 tolera-

1921 2915 2008 2960 tus
2037 2903 2211 2968 labor,
2241 2900 2396 2959 cibus
2422 2900 2790 2971 gaudiumque
2824 2902 3024 2956 animae
3056 2909 3160 2956 est.
3196 2898 3272 2954 lta
3307 2913 3367 2954 se
3396 2899 3495 2953 ba-

1918 2996 2010 3051 bet
2044 2995 2137 3064 qui
2173 2994 2323 3049 timet
2360 2992 2668 3049 Dominum.
2707 2991 3096 3048 Verumtamen
3136 2990 3183 3047 is
3206 2991 3298 3061 qui
3327 3001 3495 3052 atnat,

1917 3102 2016 3142 ceu
2055 3086 2171 3157 jam
2218 3083 2529 3156 perfectus,
2572 3082 2853 3138 caelestem
2904 3096 3097 3148 panem
3161 3080 3495 3145 maudttcat;

1916 3179 2212 3233 secundum
2247 3191 2311 3232 ea
2342 3176 2543 3231 verba:
2585 3174 2783 3229 Beatus
2828 3175 2918 3244 qui
2950 3189 3138 3241 panem
3175 3174 3285 3228 edit
3325 3174 3379 3225 in
3415 3188 3495 3227 re-

1914 3286 2016 3343 gno
2062 3269 2312 3325 ctzlorum
2337 3270 2383 3300 “
2405 3269 2421 3323 ί

2099 3362 2267 3418 Vens.
2301 3361 2355 3418 5.
2395 3359 2545 3415 Umor
2574 3373 2666 3414 tua
2696 3361 2834 3414 sicut
2867 3360 2987 3415 vilis
3021 3358 3319 3415 abundans.

1988 3459 2141 3514 Sicut
2174 3458 2287 3527 jam
2319 3455 2592 3521 diximus,
2636 3453 2839 3509 dantur
2881 3454 2996 3509 haec
3034 3453 3353 3521 imperfecto
3402 3454 3497 3509 lto-

1916 3551 2076 3616 miui,
2127 3550 2414 3605 Dominum
2466 3549 2717 3615 timenti,
2759 3547 2901 3602 haud
2939 3545 2991 3602 ei
3039 3547 3129 3613 qui
3181 3545 3331 3599 illum
3385 3557 3502 3599 tota

1916 3642 2099 3696 anima
2134 3650 2356 3711 totoque
2404 3640 2569 3703 corde
2606 3654 2672 3695 ac
2724 3639 2935 3694 viribus
2975 3647 3161 3693 amat:
3197 3636 3321 3692 Non
3360 3640 3500 3693 enim

1917 3732 2102 3787 oculus
2134 3732 2348 3800 vidit”,
2379 3742 2435 3788 et
2461 3731 2694 3801 reliqua.
2725 3726 2965 3783 Timenti
2997 3736 3180 3784 autem
3209 3727 3499 3783 Dominum

1917 3829 2078 3882 datur
2112 3842 2270 3893 uxor,
2317 3828 2385 3883 de
2425 3843 2532 3899 qua
2581 3829 2783 3885 dictum
2828 3837 2948 3884 est:
2983 3826 3136 3882 Bona
3179 3841 3335 3891 uxor,
3376 3842 3499 3897 pars

1918 3921 2053 3975 bona
2074 3921 2141 3976 ”.
2182 3919 2249 3976 Et
2275 3920 2586 3977 :Mulierem
2617 3920 2808 3992 fortem
2837 3922 2956 3994 quis
2992 3921 3217 3976 inveniet
3242 3921 3289 3952 “
3311 3920 3502 3975 ?a:sti-

1919 4015 2173 4071 mahilior
2204 4025 2288 4070 est
2325 4014 2598 4086 lapidibus
2626 4014 2886 4085 pretiosis
2924 4029 3047 4084 qua:
3084 4022 3169 4069 est
3210 4011 3496 4081 ejusmodi.

1918 4103 2174 4161 Vicissim
2205 4104 2347 4160 mala
2379 4119 2534 4170 uxor,
2567 4106 2648 4159 ira
2695 4103 2787 4158 Dei
2830 4114 2934 4160 est.

2103 4305 2262 4361 Vens.
2303 4304 2356 4361 5.
2390 4303 2521 4359 Filii
2554 4306 2633 4359 tui
2661 4306 2795 4361 sicut
2830 4305 3045 4361 nouella:
3068 4306 3325 4361 olearum.

2001 4397 2094 4453 Sic
2122 4399 2289 4453 etiam
2337 4398 2431 4453 lilii
2480 4398 2677 4454 dantur
2718 4400 2933 4455 timenti
2990 4400 3306 4467 Dominum,
3359 4401 3507 4456 haud

214 4490 446 4565 Κύριον,
471 4490 575 4561 οὐχ
607 4491 785 4562 ὅμοιοι
811 4493 923 4555 τοῖς
946 4490 1160 4554 πολλοῖς
1186 4492 1341 4556 υἱοῖς,
1364 4490 1499 4545 ἀλλὰ
1522 4492 1573 4545 οἱ
1594 4491 1670 4556 ὡς
1697 4492 1814 4546 νεό-

1921 4491 2129 4546 similes
2165 4490 2439 4562 plerisque
2467 4490 2723 4559 ﬁliorum,
2761 4493 2856 4548 sed
2886 4492 3053 4548 veluti
3103 4493 3344 4548 olearum
3383 4508 3504 4549 sur-

212 4600 359 4651 φυτα
390 4581 593 4635 ἐλαιῶν
626 4579 931 4636 κυκλοῦντα
954 4582 1050 4636 καὶ
1078 4581 1447 4652 στεφανοῦντα
1471 4583 1571 4654 τὴν
1603 4582 1812 4654 τράπε-

211 4675 310 4740 ζαν
331 4671 536 4728 αὑτοῦ·
569 4673 621 4726 sl
642 4672 704 4727 δέ
736 4690 822 4737 τις
855 4672 930 4744 μὴ
959 4671 1325 4743 φοϐουμένους
1358 4673 1449 4726 τὸν
1473 4672 1678 4745 Κύριόν
1705 4691 1811 4745 φη-

212 4785 287 4832 σι,
314 4766 586 4829 πολλάκις
614 4768 674 4820 ὲν
707 4766 997 4839 περιουσία
1028 4766 1159 4819 υἱῶν
1188 4765 1455 4837 ὑπάρχειν
1486 4766 1582 4821 καὶ
1626 4768 1685 4821 ὲν
1724 4767 1813 4820 εὓ-

215 4859 381 4931 θηνίᾳ
414 4856 704 4928 γυναικὸς,
740 4856 856 4912 ἀλλ’
913 4857 1148 4930 ἐροῦμεν
1187 4857 1270 4911 ὅτι
1295 4861 1324 4913 6
1352 4856 1545 4929 παρὼν
1575 4874 1814 4930 μακαρι-

215 4951 352 5021 σμὸς
371 4951 475 5022 οὐχ
498 4949 689 5014 ἁπλῶς
705 4951 937 5019 γυναῖκα
962 4949 1056 5004 καὶ
1068 4949 1232 5004 τέκνα
1256 4949 1673 5019 ἐπαγγέλλεται,
1699 4949 1842 5004 ἀλλ’·

216 5043 340 5097 ὅλον
370 5043 508 5096 αὐτὸ
532 5041 711 5107 τοῦτο,
742 5041 973 5114 ἀμπέλῳ
999 5042 1101 5114 μὲν
1128 5044 1538 5117 ἀπεικασμένην
1558 5046 1812 5114 γυναῖκα,

216 5134 505 5203 νεοφύτοις
535 5133 594 5188 δὲ
624 5133 820 5187 ἐλαιῶν
853 5134 1021 5189 τέκνα
1039 5153 1054 5167 ·
1089 5137 1151 5190 οὐ
1181 5130 1405 5192 τοιαῦτα
1428 5136 1486 5190 δὲ
1508 5137 1577 5191 τὰ
1609 5135 1717 5191 τῶν
1750 5137 1813 5192 ἀ-

218 5225 397 5280 σεϐῶν
423 5225 526 5294 (7).

287 5362 331 5394 ι’
364 5360 572 5417 lJoan.
603 5376 680 5428 tv,
713 5361 803 5417 18.
877 5364 925 5395 ’⁸
948 5362 1105 5418 Joau.
1141 5363 1324 5431 xtv,6.
1399 5364 1446 5397 ³³
1476 5362 1607 5419 Luc.
1640 5364 1859 5430 xtv,l5.

291 5486 370 5555 (ι)
410 5450 583 5540 Paulo
606 5485 764 5541 aliter
804 5486 858 5539 in
894 5486 1014 5540 eod.
1056 5486 1118 5542 E.
1155 5484 1192 5539 ι.
1227 5486 1330 5541 271
1371 5487 1513 5542 :Kai.
1552 5488 1659 5541 υξοι
1689 5487 1808 5542 δια-

228 5554 487 5630 φέροντες
511 5555 637 5630 τῶν
662 5555 838 5630 ἄλλων
864 5556 1090 5630 δίδονται
1122 5556 1208 5630 .τῷ
1234 5556 1553 5630 φοϐουμένῳ
1580 5559 1671 5630 τόν
1699 5557 1812 5630 Κύιτ
1842 5574 1845 5577 ·

265 5624 366 5686 ιον.
390 5627 503 5681 ἀπὺ
541 5624 641 5698 τοῦ
684 5626 893 5681 τελείου
937 5625 1031 5698 τοῦ
1057 5624 1345 5698 λέγοντος·
1407 5624 1550 5698 Ἔνῶ
1576 5628 1646 5681 δὲ
1666 5629 1812 5682 ὡσεὶ

258 5699 403 5770 ξιαξα
439 5696 848 5770 κατάκαρπος,
875 5696 969 5770 καὶ
1011 5695 1081 5749 τά
1109 5697 1256 5770 ἑξῆς·
1288 5699 1387 5770 τῆς
1418 5695 1528 5770 γάρ
1561 5698 1818 5770 τοιαύτης

235 5716 403 5752 mata
439 5716 848 5767 κατακαρπος,
875 5716 969 5750 και
1011 5716 1081 5749 τα
1109 5716 1256 5766 εςης·
1288 5716 1318 5751 τ
1360 5716 1387 5761 ς
1418 5716 1528 5770 γαρ
1561 5716 1818 5766 τοιαυτης

235 5767 420 5836 Esaia;
469 5767 541 5822 τά
599 5768 889 5843 γενήματα
914 5766 989 5831 ὡς
1042 5767 1277 5839 νεόφυτα
1316 5716 1510 5825 δαιῶν
1544 5764 1693 5826 εἶναι
1733 5769 1819 5825 λέ-

1918 4583 2025 4639 culi
2054 4583 2518 4639 circumsistentes
2542 4594 2973 4653 coronantesque
3017 4597 3258 4638 mensam
3307 4585 3500 4653 patris.

1918 4676 2071 4744 Quod
2100 4676 2146 4732 si
2181 4676 2305 4747 quis
2335 4676 2481 4731 dicat
2513 4676 2635 4732 illos
2661 4678 2823 4732 etiam
2855 4677 2946 4746 qui
2968 4676 3255 4732 Dominum
3281 4677 3511 4733 minime

1922 4769 2136 4832 timent,
2185 4782 2330 4837 saepe
2388 4766 2571 4824 liberis
2624 4768 2904 4823 abundare
2934 4777 2989 4822 et
3025 4767 3210 4821 uxoris
3257 4765 3504 4823 fecundi-

1923 4867 2071 4924 tate;
2135 4855 2606 4928 respondebimus,
2654 4858 2760 4912 dici
2810 4859 2912 4913 hoc
2953 4855 3073 4913 loco
3112 4856 3500 4910 beatitudinem

1922 4948 2064 5004 haud
2086 4947 2333 5005 absolute
2359 4948 2426 5003 de
2448 4964 2616 5005 uxore
2642 4957 2697 5002 et
2720 4949 2926 5014 liberis,
2955 4947 3049 5004 sed
3076 4946 3172 5004 viti
3196 4951 3501 5018 comparari

1922 5057 2170 5111 uxorem,
2207 5041 2434 5098 novellis
2460 5058 2592 5097 vero
2618 5042 2862 5097 olearum
2910 5041 3136 5097 liberos.
3195 5039 3359 5111 Atqui
3402 5041 3505 5096 im-

1921 5136 2134 5208 piorum
2177 5135 2381 5191 familia
2419 5151 2524 5192 non
2551 5144 2637 5190 est
2667 5134 2999 5203 hujusmodi.

1916 5363 1961 5396 ²¹
1992 5361 2166 5417 lCor.
2198 5375 2262 5428 ιι,
2293 5361 2348 5416 9.
2406 5361 2459 5391 ’³
2479 5358 2645 5415 Eccli.
2678 5374 2830 5424 τινι,
2863 5359 2917 5413 5.
2971 5357 3020 5390 “
3038 5357 3197 5413 Prov.
3233 5373 3384 5421 snt,
3412 5355 3499 5413 ιο.

1916 5502 2092 5555 γεται·
2128 5483 2183 5537 τί
2215 5477 2340 5555 οῦνς
2372 5481 2846 5555 οὐκεζσὶν-άδικοι
2882 5483 2944 5555 εν
2974 5480 3201 5555 εύθηνίᾳ
3227 5477 3500 5555 γυναικῶν

1915 5537 1978 5610 ἑὲ
1998 5537 2100 5610 ⁷καὶ
2136 5537 2364 5608 παιδίων
2401 5569 2415 5610 :
2470 5552 2584 5606 ἀλλ’
2614 5553 2715 5625 οὐκ
2741 5553 2981 5625 ἀμπέλῳ-
3017 5537 3116 5625 μὲν
3161 5537 3500 5625 ἀπεικασμὲτ

1917 5644 2017 5699 νην
2045 5626 2227 5697 ἔχουσι
2264 5622 2830 5699 γυναῖκαλνεοφύτοις
2859 5624 2917 5678 δὲ
2941 5622 3136 5699 ἐλαιῶν
3149 5624 3348 5699 τέκνα,
3367 5622 3500 5674 Filii

1924 5693 2131 5766 quoque
2160 5712 2194 5749 ιι
2228 5694 2433 5749 cw'teris
2483 5695 2680 5748 diversi
2714 5696 2917 5748 dantur
2955 5696 3159 5748 timenti
3195 5693 3509 5751 Dominum,

1925 5765 1959 5824 ιι
2007 5765 2237 5838 per[ecto
2292 5765 2384 5835 qui
2430 5766 2546 5821 ait;
2579 5784 2607 5819 ι
2640 5766 2753 5837 Ego
2785 5768 2936 5838 quasi
2974 5768 3087 5822 olea
3131 5766 3433 5838 fructifera.
3473 5778 3516 5811 μ
