3850 6210
377 327 450 384 23
1084 324 1358 383 EUSEBII
1393 322 1873 382 CESARIENSIS
1909 321 2060 379 OPP.
2099 319 2282 378 PARS
2317 318 2408 376 Ill.
2446 348 2518 361 -
2553 314 2967 375 EXEGETICA.
3566 304 3637 361 26

850 437 1173 496 PSALMUS
1210 438 1494 496 CXXVIII.

547 510 718 590 νιιιιε.
751 532 808 587 4.
836 529 1090 586 Dominus
1111 530 1293 600 justus
1315 530 1543 585 concidit
1567 533 1789 603 cervices

990 611 1345 670 peccatorum.

447 691 644 748 Cuncti
672 689 1066 761 enimimprobi
1097 699 1474 759 persecutores
1508 688 1650 745 male
1679 688 1950 759 peribunt.

376 813 446 825 —
469 781 644 838 Caedit
674 781 941 837 cervicem
965 778 1148 848 justus
1178 779 1462 848 Dominus,
1490 794 1655 850 quam
1688 778 1792 834 levi
1821 777 1952 849 jugo

378 873 674 930 noluerunt
709 868 1006 939 subjicere.
1049 869 1149 925 Pio
1201 879 1383 926 autem
1417 871 1525 927 line
1567 873 1671 926 hoc
1708 869 1861 935 dicit,
1894 875 1953 923 ut

376 968 457 1023 illi
487 965 702 1035 abiecto
728 963 985 1034 nequitia:
1014 960 1196 1018 studio
1224 970 1280 1018 et
1318 961 1545 1031 impetu,
1585 960 1951 1030 subiiciantur

377 1059 628 1125 Domino,
659 1056 748 1113 cui
771 1055 954 1113 omnia
981 1056 1123 1111 nuda
1151 1064 1208 1110 et
1234 1054 1488 1110 distincta
1514 1062 1665 1108 sunt.
1695 1052 1803 1107 Pro
1825 1068 1950 1106 con-

376 1152 509 1206 cidit
547 1159 750 1214 autem,
797 1147 1044 1219 Aquilas,
1065 1146 1311 1216 praecidit
1361 1144 1576 1216 laqueos
1623 1144 1947 1215 impiorum;

1979 441 2028 497 Α

2593 429 2888 486 ΨΔΛΜΟΣ
2915 425 3098 481 PKH'.

2050 528 2267 597 Κύριος
2305 525 2537 592 δίκαιος
2566 523 2914 590 συνέκοψεν
2951 514 3219 586 αὐχένας
3250 506 3633 582 ἁμαρτωλῶν.

2121 620 2331 683 Πάντες
2355 617 2465 690 γάρ
2491 617 2541 670 οί
2556 613 2843 680 διώξαντες
2870 609 3033 666 κακοὶ⁸
3060 605 3250 668 κακῶς
3285 601 3632 658 ἀπολοῦνται.

2049 741 2122 752 -
2149 709 2455 780 Συγκόπτει
2506 707 2596 761 τὸν
2624 704 2846 776 αὐχένα,
2896 701 2956 756 δν
3007 700 3107 771 οὐχ
3156 694 3517 752 ὑποϐάλλουσι
3554 690 3635 763 τῷ

2050 798 2274 873 χρηστῷ
2303 797 2473 870 ζυγῷ,
2497 801 2526 851 6
2544 798 2750 858 δίκαιος
2781 793 3018 865 Κύριος*
3045 789 3255 861 χρηστῇ
3288 785 3346 838 δὲ
3380 781 3635 873 προθέσει

2048 869 2207 945 τοῦτο
2239 869 2403 953 ποιεῖ,
2427 869 2603 952 γδπως
2638 883 3003 946 ἀποϐαλόντες
3040 880 3139 951 τὴν
3179 876 3315 949 πρὸς
3345 873 3416 927 τά
3454 869 3635 941 φαῦλα

2050 981 2296 1037 εὐτονίαν
2324 981 2421 1036 καὶ
2465 980 2639 1049 ίσχὺν,
2676 973 2991 1043 ὑποταγῶσι
3020 969 3100 1041 τῷ
3132 967 3342 1040 Κυρίῳ,
3386 957 3430 1031 ᾧ
3456 962 3635 1019 πάντα

2048 1073 2232 1146 γυμνά
2257 1074 2352 1128 καὶ
2379 1068 2852 1142 τετραχηλισμένα
2889 1064 3057 1119 ἐστίν.
3098 1062 3247 1114 Ἀντὶ
3272 1059 3328 1112 δὲ
3348 1055 3463 1122 τοῦ,
3484 1070 3636 1109 συν-

2046 1164 2271 1234 έκοψεν
2304 1163 2571 1233 αὐχένας
2609 1155 2992 1229 ἁμαρτωλῶν,
3021 1152 3253 1215 Ἀκύλας
3299 1147 3636 1215 κατέκοψεν

376 1241 758 1312 Symmachus,
774 1238 1014 1308 praecidit
1028 1237 1242 1308 laqueos
1258 1235 1745 1307 prwoaricatorum;
1760 1237 1941 1306 quinta

2054 1251 2309 1319 βρόχους
2338 1247 2602 1305 ἀσεϐῶνο
2635 1249 2665 1300 6
2688 1246 2745 1300 δὲ
2771 1244 3086 1316 Σύμμαχος,
3121 1240 3458 1308 κατέκοψεν
3487 1238 3635 1307 ,ϐρό-

379 1334 592 1389 demum
617 1330 804 1396 editio,
824 1329 997 1385 claros
1016 1327 1374 1398 improborum
1403 1326 1692 1383 ediderunt
1712 1343 1731 1384 :
1751 1324 1948 1395 quibus

373 1420 558 1479 verbis
603 1421 987 1493 signiﬁcantur
1040 1419 1317 1476 subornati
1358 1417 1429 1473 ab
1473 1416 1658 1488 impiis
1704 1425 1765 1471 ut
1798 1413 1948 1485 justo

2046 1359 2195 1412 χους
2222 1341 2584 1410 παρανόμων
2605 1356 2620 1370 ⁸
2672 1340 2705 1410 ἡ
2744 1338 2804 1392 δὲ
2852 1337 3080 1409 πέμπτη
3125 1332 3356 1395 ἔκδοσις,
3390 1329 3637 1395 κλοιοὺς

2045 1432 2301 1502 ἀνόμων,
2338 1428 2700 1485 ὲκδεδώκασιν
2718 1445 2731 1459 ·
2759 1422 3046 1497 δηλοῦντος
3066 1424 3161 1477 τοῦ
3178 1422 3359 1491 λόγου,
3380 1419 3506 1481 τοὺς
3526 1415 3634 1470 ὑπὸ

376 1516 701 1571 insidientur
721 1513 996 1572 homines.
1025 1511 1333 1568 Praedicuut
1368 1511 1497 1566 item
1532 1509 1619 1565 his
1642 1508 1941 1564 locutiones

2054 1522 2153 1576 τῶν
2190 1521 2402 1576 ἀσεόῶν
2463 1523 2543 1585 εἰς
2574 1519 2865 1589 ἐπιϐουλὴν
2909 1516 3003 1571 τοῦ
3039 1514 3249 1569 δικαίου
3299 1523 3634 1565 κατεσκευα-

374 1621 688 1677 supremum
718 1604 906 1669 linem,
944 1610 1257 1673 mortesque
1301 1616 1491 1657 eorum
1539 1600 1631 1671 qui
1675 1614 1773 1668 per
1808 1607 1947 1654 tem-

373 1712 506 1766 pora
541 1695 840 1753 Ecclesium
870 1694 969 1752 Dei
990 1693 1222 1765 ejusque
1245 1691 1503 1763 populum
1553 1689 1808 1763 persequi
1847 1704 1944 1744 vo-

372 1786 591 1843 luerint.

870 1957 1197 2017 PSALMUS
1230 1955 1468 2014 CXXIX.

443 2056 521 2113 De
547 2055 750 2112 Christi
783 2055 982 2128 populo
1008 2054 1115 2111 dici
1154 2067 1264 2109 non
1307 2061 1490 2123 potest
1521 2070 1535 2106 :
1579 2049 1818 2121 Populus
1859 2050 1944 2103 hic

371 2149 526 2204 labiis
563 2164 647 2203 me
694 2148 944 2213 honorat,
991 2162 1084 2201 cor
1145 2156 1322 2199 autem
1370 2160 1551 2199 eorum
1594 2143 1745 2214 longe
1788 2151 1866 2197 est
1909 2159 1944 2195 a

370 2259 454 2297 nte
477 2244 547 2298 “.
571 2240 687 2298 Non
715 2242 861 2297 enim
890 2249 976 2296 est
1000 2248 1060 2295 ut
1088 2239 1239 2309 prior
1264 2236 1514 2307 populus,
1533 2237 1629 2292 sed
1656 2251 1724 2292 ex
1752 2235 1943 2290 intimo

369 2334 535 2391 corde
560 2333 782 2399 clamat,
818 2339 1006 2402 utpote
1053 2330 1199 2386 illius
1244 2328 1485 2400 Spiritus
1525 2342 1773 2397 compos,
1825 2326 1941 2395 qui,

368 2436 430 2483 ut
474 2425 553 2481 ait
601 2424 822 2489 Paulus,
878 2423 1060 2478 omnia
1110 2431 1416 2487 scrutatur,
1460 2421 1619 2474 etiam
1676 2419 1943 2488 profunda

372 2517 465 2573 Dei
495 2518 566 2575 “.
590 2515 691 2572 ilic
716 2528 848 2571 sane
878 2514 1213 2569 laudativum
1245 2526 1468 2568 sensum
1502 2512 1668 2566 habet
1692 2510 1762 2564 de
1792 2524 1944 2564 more

367 2625 472 2664 vox
497 2609 863 2680 profundum;
898 2606 1049 2662 velut
1070 2603 1240 2660 illud:
1276 2601 1321 2659 Ο
1352 2602 1691 2672 profunditas
1730 2600 1943 2654 diuitia-

368 2720 484 2758 rum
513 2701 785 2768 sapientia:
821 2708 871 2755 et
916 2699 1149 2755 scientia:
1189 2695 1286 2751 Dei
1316 2695 1401 2749 ’τί
1449 2696 1628 2765 Atque
1668 2693 1941 2749 Ezechieli

368 2798 535 2852 etiam
570 2795 706 2851 dicit
733 2793 913 2849 Deus:
955 2791 1082 2846 Non
1116 2791 1185 2844 ad
1229 2788 1482 2859 populum
1520 2790 1775 2860 profundi
1813 2788 1941 2843 [abii

368 2897 419 2944 et
476 2887 652 2958 gravis
709 2884 905 2954 linguae
954 2898 1047 2952 ego
1100 2894 1149 2934 te
1196 2881 1349 2935 mitto
1391 2880 1458 2934 ³⁸.
1505 2878 1612 2935 Sed
1661 2881 1942 2951 profundae

370 2976 568 3033 mentis
599 2974 852 3046 populus,
883 2971 976 3042 qui
1008 2969 1407 3041 praecedentem
1434 2982 1653 3039 quoque
1677 2970 1837 3025 odam
1856 2985 1941 3025 re-

369 3068 583 3135 citavit,
627 3081 697 3122 ex
725 3066 845 3135 ipso
895 3075 1115 3134 pectore
1186 3063 1480 3135 gemitibus
1532 3062 1942 3133 ineloquacibus

2047 1614 2278 1685 σμένους
2295 1631 2308 1644 ⁸
2330 1611 2576 1678 θεσπίζει
2606 1612 2665 1666 δὲ
2687 1609 2885 1665 καὶδιά
2914 1608 3119 1662 τούτων
3141 1609 3170 1661 6
3189 1605 3346 1674 λόγος
3370 1602 3441 1657 τὰ
3472 1601 3635 1672 ἔσχα-

2043 1723 2112 1760 τα
2124 1706 2273 1777 τέλη,
2301 1705 2499 1761 καὶτὸν
2513 1703 2633 1759 δλεθ
2641 1719 2732 1776 ρον
2758 1701 2865 1757 τῶν
2890 1700 3032 1754 κατά
3050 1699 3275 1770 καιροὺς
3294 1696 3388 1768 τὴν
3404 1693 3637 1765 Ἐκκλη-

1972 1800 2015 1853 Β
2047 1797 2167 1850 σίαν
2203 1796 2298 1850 τοῦ
2328 1796 2465 1851 Θεοῦ
2504 1796 2600 1851 καὶ
2628 1796 2722 1850 τὸν
2750 1793 2877 1851 λαὸν
2908 1790 3079 1849 αὐτοῦ
3124 1789 3378 1861 πολεμεῖν
3422 1788 3632 1857 ὲπιχειυ

2054 1891 2309 1962 ρούντων.

2590 1979 2885 2033 ΨΑΛΜΟΣ
2913 1975 3094 2031 PKB’.

2118 2075 2256 2148 Περὶ
2292 2072 2388 2128 τοῦ
2419 2071 2551 2128 λαοῦ
2595 2073 2696 2125 οὐκ
2731 2070 2878 2125 ἔστιν
2919 2070 3095 2123 εἰπεῖν
3135 2064 3231 2120 τοῦ
3272 2061 3508 2136 Χριστοῦ
3546 2060 3631 2129 τὸ,

2060 2167 2116 2220 Ὁ
2142 2168 2293 2234 λαὸς
2319 2161 2501 2232 οὗτος
2528 2162 2655 2230 τοῖς
2695 2161 2932 2232 χείλεσι
2966 2176 3041 2231 με
3069 2156 3229 2229 τιμᾷ,
3262 2158 3302 2226 ἡ
3328 2155 3397 2209 δὲ
3416 2152 3633 2222 καρδία

2047 2256 2247 2314 αὐτῶν
2289 2257 2485 2324 πόρρω
2520 2254 2867 2324 ἀφέστηκεν
2897 2253 2998 2309 ἀπ’
3029 2249 3199 2320 ἐμοῦ.
3244 2248 3319 2302 Οὐ
3352 2248 3460 2316 γὰρ
3491 2244 3566 2308 ὡς
3599 2245 3632 2298 6

2048 2349 2264 2422 πρῶτος
2292 2347 2442 2410 λαὸς,
2473 2344 2586 2400 ἀλλ’
2610 2345 2676 2397 ὲκ
2708 2343 2915 2415 βαθέων
2938 2338 3257 2411 ὲκέκραξεν,
3289 2336 3385 2391 ᾰτε
3404 2334 3469 2406 δὴ
3501 2351 3632 2405 μετ-

2049 2441 2187 2512 έχων
2219 2435 2314 2493 τοῦ
2347 2438 2688 2509 Πνεύματος,
2721 2435 2771 2499 ὃ,
2799 2432 2942 2489 κατά
2970 2432 3202 2495 Παῦλον,
3230 2428 3426 2483 πάντα
3458 2426 3628 2495 ἐρευ-

2046 2531 2144 2598 νᾷ,
2191 2529 2387 2584 καὶτὰ
2415 2527 2576 2597 ,ϐάθη
2607 2526 2713 2581 τοῦ
2750 2523 2931 2579 Θεοῦ’
2970 2525 3028 2576 ὲν
3054 2521 3263 2590 ἐπαίνῳ
3284 2518 3342 2573 δὲ
3374 2517 3434 2570 τὸ
3463 2515 3627 2581 βαθὺ

2046 2625 2149 2679 κάν
2180 2625 2246 2695 τῇ
2273 2619 2550 2692 συνηθείᾳ·
2580 2620 2763 2673 ὁποῖον
2790 2617 2886 2671 καὶ⁸
2910 2615 2990 2681 τὸ,
3023 2609 3099 2669 Ὦ
3119 2612 3311 2678 βάθος
3355 2610 3629 2665 πλούτου

2045 2715 2269 2785 σοφίας
2303 2712 2405 2767 καὶ
2435 2710 2710 2782 γνώσεως
2734 2708 2903 2764 Θεοῦ.
2949 2705 3061 2760 Καὶ
3103 2704 3241 2776 πρὸς
3284 2699 3539 2772 Ἴεζεκιὴλ
3566 2697 3628 2752 δέ

2046 2822 2211 2878 φησιν
2230 2821 2245 2837 ·
2285 2806 2368 2859 Οὐ
2396 2803 2548 2872 πρὸς
2573 2800 2727 2856 λαὸν
2748 2798 3123 2867 ,βαθύχειλον
3153 2792 3250 2848 καί
3269 2786 3629 2860 ,ϐαρύγλωσς

2046 2915 2163 2952 σον
2191 2896 2306 2967 ὲτὼ
2331 2890 2719 2961 ἐξαποστελῶ
2748 2905 2843 2945 σε.
2890 2887 3028 2942 Ἀλλ’
3057 2887 3087 2939 6
3122 2884 3286 2957 βαθὺς
3317 2885 3383 2954 τῇ
3416 2881 3631 2953 διανοίᾳ

2046 2989 2192 3053 λαὸς,
2225 2989 2254 3041 6
2282 2988 2375 3041 καὶ
2394 2986 2492 3058 τὴν
2514 2984 2656 3056 ᾠδὴν
2680 2983 2781 3054 τὴν
2825 2981 2932 3054 πρὸ
2961 2978 3166 3049 ταύτης
3195 2972 3387 3040 εἰπὼν,
3425 2975 3490 3027 ὲκ
3515 2973 3626 3026 τῶν

2050 3080 2286 3151 στέρνων
2320 3077 2497 3132 αὐτῶν
2536 3077 2857 3146 στεναγμοῖς
2894 3072 3179 3142 ἀλαλήτοις
3226 3063 3629 3138 ὑπερεντυγχά·

367 3173 555 3224 orans,
595 3157 798 3213 clamat
821 3155 889 3211 ad
930 3157 1123 3221 Deum,
1179 3169 1283 3209 non
1312 3161 1493 3217 autem
1529 3153 1727 3210 labiis:
1777 3154 1940 3237 sicuti

2054 3189 2153 3226 νων
2181 3171 2282 3242 βοᾷ
2309 3168 2445 3239 πρὸς
2466 3169 2557 3222 τὸν
2590 3167 2745 3234 Θεὸν,
2775 3164 2890 3220 ἀλλ’
2924 3163 2986 3219 οὐ
3017 3162 3252 3234 χείλεσιν
3276 3176 3290 3189 ·
3321 3157 3508 3229 ὥσπερ
3533 3156 3627 3210 οὑ-

368 3266 440 3307 ne
476 3250 687 3321 Moyses
739 3248 980 3319 quidem,
1027 3248 1118 3301 cui
1162 3246 1347 3301 silenti
1389 3245 1519 3302 licet
1556 3245 1759 3302 dictum
1804 3234 1940 3301 fuit:

373 3341 518 3410 Quid
554 3341 754 3395 clamas
798 3341 867 3394 ad
917 3354 1000 3393 me
1038 3338 1131 3392 “1‘
1164 3338 1414 3394 Praesens
1464 3350 1596 3393 vero
1632 3336 1810 3394 oratio
1856 3345 1943 3393 est

371 3432 695 3503 postulantis
723 3445 787 3486 ea
814 3445 936 3500 qua:
957 3438 1198 3500 oportet,
1239 3444 1407 3498 seque
1443 3427 1706 3485 alacriter
1750 3429 1819 3485 ad
1845 3443 1944 3499 po-

368 3523 572 3579 stulata
608 3520 1002 3591 comparantis.
1033 3519 1293 3589 Apprime
1334 3534 1467 3575 vero
1514 3530 1741 3576 testatus
1769 3530 1854 3576 est
1885 3521 1940 3575 in

371 3613 712 3681 praecedente
752 3625 967 3681 quoque
1011 3612 1154 3665 oda:
1195 3607 1349 3672 Stepe
1381 3619 1804 3679 oppugnaverunt
1835 3625 1936 3676 me,

369 3721 459 3759 nec
497 3714 675 3759 tamen
717 3702 846 3756 mihi
885 3700 1294 3770 praealuerunt.
1344 3701 1439 3756 Isti
1491 3701 1655 3756 etiam
1710 3701 1936 3756 dicent:

370 3795 595 3865 Propter
621 3810 809 3850 nomen
841 3804 991 3848 tuum
1020 3794 1250 3848 sustinui
1270 3804 1341 3859 te,
1373 3792 1616 3850 Domine.
1649 3793 1819 3849 Aures
1853 3797 1938 3847 in-

369 3887 636 3941 tendentes
665 3887 871 3942 dictum
902 3893 1008 3954 est,
1055 3887 1208 3956 quasi
1249 3886 1419 3942 solius
1469 3887 1562 3941 Dei
1596 3887 1677 3942 vis
1712 3887 1784 3943 sit
1806 3902 1939 3942 acu-

369 3978 505 4032 stica
540 3987 598 4032 et
625 3977 875 4033 visualis.
911 3976 1217 4032 Clamorem
1256 3978 1488 4047 denique
1535 3993 1643 4034 non
1679 3978 1828 4035 vocis
1855 3979 1939 4034 in-

369 4070 669 4125 tensionem
698 4068 849 4126 dicit.
882 4069 976 4124 sed
1006 4071 1206 4125 mentis
1239 4068 1513 4125 aﬂ'ectum.

478 4158 644 4215 Vnus.
674 4159 732 4215 5.
765 4157 826 4214 Si
852 4161 1155 4229 iniquitates
1179 4160 1554 4223 observaveris,
1592 4160 1831 4216 Domine.

437 4249 703 4317 Quoniam
734 4249 876 4304 haud
905 4264 1095 4305 omnes
1119 4250 1300 4304 dicere
1329 4261 1535 4322 queunt
1577 4251 1628 4304 in
1659 4250 1937 4309 Ecclesia':

370 4343 521 4412 δεῖρε
562 4351 1119 4414 oppugnaverunt-me,
1147 4358 1239 4397 nec
1271 4351 1450 4397 tamen
1495 4345 1626 4403 milii
1659 4345 1943 4412 prtevalue-

369 4445 491 4489 runt
539 4434 607 4500 ³⁸,
667 4435 735 4491 de
800 4434 1193 4490 inﬁrmioribus
1239 4444 1563 4505 praesentem
1608 4436 1932 4492 locutionem

368 4527 596 4598 profert,
624 4527 716 4599 qui
766 4525 1173 4596 persecutiones
1215 4540 1321 4579 non
1358 4526 1609 4586 tolerant.
1642 4525 1759 4584 Nisi
1792 4528 1934 4588 forte

330 4682 335 4687 _
367 4620 459 4688 qui
492 4616 761 4689 psalmum
800 4600 1016 4683 recitat,
1071 4617 1136 4671 de
1184 4616 1422 4685 peccatis
1455 4618 1571 4671 suis
1617 4629 1744 4675 ante
1773 4637 1940 4677 voca-

369 4712 569 4766 tionem
603 4710 716 4765 hmc
750 4707 902 4764 dicit.

563 4803 729 4858 Vens.
766 4802 821 4856 7.
866 4800 1095 4872 Copiosa
1121 4803 1261 4872 apud
1287 4819 1407 4858 eum
1435 4804 1740 4873 redemptio.

438 4893 740 4958 Pretiosum
782 4894 925 4948 enim
974 4894 1293 4963 sanguinem
1333 4910 1492 4949 suum
1528 4910 1627 4966 pro
1655 4898 1814 4953 nobis
1858 4914 1944 4954 re-

367 4986 735 5055 demptionem
762 4985 928 5049 dedit,
971 4984 1149 5040 lactus
1200 4983 1294 5039 Dei
1327 4986 1528 5056 Agnus.
1564 4987 1662 5042 Hic
1715 4998 1940 5057 peccata

364 5087 553 5130 nostra
587 5083 784 5147 gestat,
816 5084 871 5130 et
901 5089 1002 5148 pro
1032 5075 1191 5130 nobis
1218 5075 1385 5131 dolet.
1444 5077 1710 5146 Operatus
1738 5090 1814 5133 est
1843 5096 1941 5134 au-

367 5177 469 5221 tem
505 5168 912 5236 redemptionem
942 5165 1133 5233 populo
1174 5182 1293 5231 suo,
1329 5175 1388 5222 ut
1412 5168 1490 5221 ait
1516 5168 1809 5226 Zacharias
1842 5171 1885 5202 ³³
1918 5188 1934 5238 ;

366 5272 530 5328 atque
558 5269 617 5315 ut
645 5267 841 5315 sancta
871 5258 1060 5330 Virgo,
1093 5258 1350 5315 Israelem
1388 5262 1618 5329 suscepit
1647 5261 1715 5316 ³³.

437 5443 486 5475 ’⁸
517 5442 707 5499 Matth.
739 5458 832 5508 xv,
865 5443 918 5498 8.

365 5529 594 5578 cxxvm,
629 5515 682 5576 1,
707 5513 764 5568 2.
841 5514 884 5547 ³¹
915 5514 1044 5569 Luc.
1069 5532 1109 5577 ι,
1143 5513 1233 5569 68.
1308 5513 1356 5546 ³²
1387 5516 1517 5569 ibid.
1548 5513 1638 5568 54.

367 5616 412 5660 et
438 5605 660 5678 reliqua.
713 5605 855 5660 Nam
893 5606 1050 5670 huius
1078 5608 1207 5678 olere
1229 5607 1490 5678 germina,
1499 5617 1779 5678 _tanquam
1820 5624 1940 5662 sur-

368 5677 476 5730 culi
513 5675 698 5730 nOuelli
745 5677 1017 5746 dicuntur.
1074 5676 1216 5740 Quid
1254 5678 1419 5746 ergo?
1462 5675 1584 5730 Non
1604 5675 1681 5729 est
1723 5678 1935 5746 injustis

367 5761 590 5800 uxorum
624 5747 831 5801 ubertas
872 5761 935 5800 ac
977 5744 1303 5803 liberorum?
1341 5744 1531 5817 Utique
1562 5761 1579 5811 ,'
1618 5748 1712 5801 sed
1755 5744 1929 5803 tamen

1021 5443 1112 5498 "l
1149 5443 1274 5521 Cor.
1310 5458 1419 5521 _t_t,__
1446 5441 1653 5521 Iliun"
1683 5444 1840 5506 Rom.
1871 5470 1950 5520 xi,
1980 5457 2072 5514 53.
2148 5458 2196 5489 “
2235 5458 2436 5512 Ezech.
2476 5471 2561 5521 ιιι,
2584 5454 2640 5510 5.

2047 3264 2106 3318 δὲ
2139 3261 2399 3331 Μωῦσῆς,
2422 3260 2557 3331 πρὸς
2585 3258 2644 3312 ὃν
2676 3249 2901 3330 ἐρρέθη,
2941 3254 3118 3311 καίτοι
3148 3251 3406 3321 σιγῶντα,
3440 3248 3522 3314 τὸ,
3562 3246 3628 3301 Τί

2042 3352 2201 3421 ,βοᾷς
2243 3352 2393 3421 πρὸς
2431 3350 2549 3421 μέ;
2593 3350 2659 3404 Ἥ
2705 3349 2763 3403 δὲ
2802 3346 2897 3402 νῦν
2944 3347 3077 3418 εὐχὴ
3121 3343 3217 3398 τοῦ
3265 3340 3539 3404 αἰτοῦντος
3587 3337 3627 3392 ἃ

2047 3445 2147 3511 δεῖ,
2182 3445 2277 3498 καὶ
2301 3446 2413 3507 τοῖς
2437 3440 2776 3513 αἰτουμένοις
2799 3438 2990 3493 ἑαυτὸν
3010 3437 3239 3507 ἑτοίμως
3259 3432 3587 3504 παρέχοντος
3606 3446 3622 3459 ·

2053 3534 2345 3609 μαρτυρῶν
2367 3535 2424 3588 δὲ
2450 3534 2682 3603 μάλιστα
2712 3532 2806 3585 καὶ
2841 3529 2931 3584 διὰ
2956 3529 3057 3600 τῆς
3079 3525 3456 3597 προλαῶύσης
3473 3518 3626 3575 εἶπεν

2046 3628 2189 3701 ᾠδῆς
2209 3645 2222 3657 ·
2251 3625 2582 3690 Πλεονάκις
2617 3621 3005 3693 ἐπολέμησάν
3026 3637 3125 3690 με,
3148 3619 3248 3673 καὶ
3287 3616 3398 3687 γὰρ
3428 3617 3539 3669 οὐκ
3558 3613 3628 3681 ἠ-

2048 3718 2406 3789 δυνήθησάν
2420 3734 2522 3787 μοι
2537 3734 2550 3747 ·
2585 3715 2635 3769 οἳ
2660 3716 2755 3770 καὶ
2779 3713 3020 3778 λέξουσιν
3040 3729 3054 3743 °
3086 3713 3336 3767 Ἕνεκεν
3365 3705 3473 3762 τοῦ
3492 3706 3627 3759 ὀνό-

2043 3811 2233 3882 ματός
2273 3823 2390 3863 σου
2436 3805 2729 3877 ὑπέμεινά
2794 3820 2890 3871 σε,
2936 3805 3145 3873 Κύριε·
3178 3796 3300 3857 ὦτα
3339 3799 3396 3853 δὲ
3437 3812 3626 3868 προσ-

2046 3903 2267 3972 έχοντα
2279 3900 2546 3964 λέλεκται,
2576 3899 2653 3963 ὼς
2678 3897 2779 3967 τῆς
2807 3897 2935 3969 μιᾶς
2952 3896 3048 3949 τοῦ
3069 3892 3206 3949 Θεοῦ
3232 3891 3514 3962 δυνάμεως
3539 3886 3629 3942 οὖ-

2050 4011 2151 4065 σης
2191 3993 2523 4063 ἀκουστικῆς
2561 3988 2654 4041 καὶ
2678 3987 2942 4059 ὁρατικῆς
2962 4002 2978 4017 ’
3015 3983 3260 4056 κραυγὴν
3292 3982 3351 4036 δὲ
3381 3981 3442 4034 οὐ
3471 3979 3627 4037 τόνον

2047 4084 2194 4153 λέγει
2217 4086 2418 4154 φωνῆς,
2448 4079 2583 4136 ἀλλά
2615 4079 2841 4151 γνώμης
2862 4078 3117 4133 διάθεσιν.

2295 4174 2432 4228 Ἐὰν
2460 4173 2713 4243 ἀνομίας
2742 4169 3160 4240 παρατηρήσῃ,
3179 4168 3375 4236 Κύριε.

2132 4267 2350 4339 Ἐπειδὴ
2377 4266 2435 4321 δὲ
2456 4266 2561 4319 τῶν
2585 4267 2642 4318 ὲν
2666 4266 2732 4335 τῇ
2749 4261 3045 4333 Ἐκκλησία
3070 4261 3131 4313 οὐ
3162 4259 3359 4321 πάντες
3374 4254 3631 4310 δύνανται

2048 4364 2227 4433 λέγειν
2249 4378 2263 4392 ·
2304 4355 2638 4423 Πλεονάκις
2668 4351 3056 4423 ὲπολέμησάν
3082 4367 3180 4421 με,
3226 4349 3325 4403 καὶ
3359 4348 3471 4419 γὰρ
3516 4348 3628 4401 οὐκ

2048 4452 2446 4526 ἠδυνήθησάν
2468 4468 2592 4521 μοι,
2626 4449 2756 4520 περὶ
2785 4446 2891 4500 τῶν
2923 4442 3327 4514 ἀσθενεστέρων
3362 4439 3460 4512 τὴν
3489 4455 3631 4515 παρ-

2049 4548 2215 4603 οῦσαν
2248 4544 2561 4615 ἀναπέμπει
2608 4540 2813 4612 φωνὴν,
2847 4537 2941 4592 καὶ
2972 4535 3046 4609 μὴ
3077 4535 3350 4605 φερόντων
3370 4533 3495 4595 τοὺς
3511 4528 3633 4584 διω·

2047 4638 2221 4711 γμούς
2244 4656 2256 4668 ’
2295 4639 2344 4691 εί
2388 4636 2463 4708 μὴ
2508 4635 2616 4706 ἀρα
2641 4635 2670 4687 6
2715 4629 2878 4695 αὐτὸς
2910 4629 3038 4702 περὶ
3076 4627 3186 4682 τῶν
3227 4625 3334 4698 πρὸ
3372 4622 3475 4696 τῆς
3499 4621 3632 4695 κλή-

2051 4748 2187 4795 σεως
2214 4727 2450 4800 ἀνομιῶν
2474 4724 2637 4779 αὐτοῦ
2662 4723 2837 4778 ταῦτά
2857 4738 3040 4793 φησιν.

2389 4817 2596 4884 Πολλὴ
2622 4818 2756 4884 παρ’
2793 4813 2955 4879 αὐτῷ
2980 4809 3313 4880 λύτρωσιςί

2121 4913 2195 4967 T6
2219 4912 2329 4984 γὰρ
2360 4912 2543 4981 τίμιον
2573 4907 2743 4965 αὑτοῦ
2773 4901 2914 4977 αἷμα
2955 4904 3095 4975 ὑπὲρ
3127 4901 3283 4973 ἡμῶν
3314 4898 3513 4953 δέδωκε
3539 4897 3633 4961 λύ-

2047 5022 2197 5078 τρον,
2230 5003 2520 5075 γενόμενος
2560 5001 2756 5075 ’Δμνδς
2790 4998 2885 5052 τοῦ
2911 4994 3047 5052 Θεοῦ
3066 5011 3080 5025 °
3116 4986 3273 5057 οὗτος
3297 4992 3410 5064 γὰρ
3437 4990 3537 5055 τὰς
3568 4991 3633 5049 ἀ-

2051 5096 2284 5170 μαρτίας
2310 5096 2467 5167 ἡμῶν
2492 5096 2649 5167 φέρει
2672 5094 2767 5147 καὶ
2786 5109 2854 5144 πε
2861 5091 2915 5163 ρὶ
2933 5087 3089 5162 ἡμῶν
3106 5086 3375 5139 ὁδυνᾶται.
3395 5082 3634 5151 Ἐποίη-

2045 5204 2120 5243 σε
2158 5187 2227 5242 δὲ
2258 5187 2359 5242 καὶ
2390 5188 2691 5256 λύτρωσιν
2727 5182 2808 5250 τῷ
2837 5180 2966 5246 λαῷ
2993 5178 3204 5241 αὐτοῦ,
3231 5175 3375 5232 κατά
3409 5175 3501 5228 τὸν
3534 5175 3634 5229 Ζαὲ

2047 5278 2242 5351 χαρίαν
2264 5295 2277 5308 ⁸
2307 5278 2403 5333 καὶ
2431 5277 2571 5333 κατά
2598 5277 2700 5350 τὴν
2724 5275 2887 5344 ἁγίαν
2914 5270 3210 5335 Παοθένον,
3245 5265 3632 5330 ’Δντελάβετο

2056 5368 2323 5437 Ἰσραήλ.

2742 5455 2789 5486 ”
2842 5453 3012 5508 Exod.
3066 5450 3301 5516 m,15.
3411 5447 3456 5478 ³⁰
3482 5444 3629 5500 Psal.

2048 5610 2191 5664 haud
2218 5610 2310 5663 uiti
2346 5608 2574 5682 similem
2624 5610 2811 5682 habent
2858 5590 3160 5682 coniugem,
3188 5624 3353 5679 neque
3383 5619 3437 5666 ut
3469 5624 3630 5667 novos

2044 5681 2277 5736 olearum
2306 5681 2567 5743 surculos,
2604 5680 2763 5748 ﬁlios.
