3850 6210
1319 319 1826 377 COMMENTARIA
1864 324 1932 380 IN
1969 325 2308 386 PSALMOS.
3377 340 3447 397 26

753 437 1046 492 ΨΑΛΜΟΣ
1075 439 1201 492 PA'.

2375 446 2701 504 PSALMUS
2739 448 2952 506 CXXX.

259 528 599 592 Ἀκολούθως
624 531 656 600 ἡ
688 529 800 600 ᾠδὴ
832 533 866 601 ἡ
895 530 1146 602 παροῦσα
1170 530 1268 583 καὶ
1293 531 1327 600 ἠ
1362 531 1467 602 πρὸ
1491 531 1660 602 αὐτῆς
1681 532 1748 582 τοί

1957 535 2210 607 Congrue
2254 552 2494 608 praesens
2517 540 2642 605 oda,
2695 538 2941 611 itemque
2966 543 3302 612 praecedens,
3347 545 3449 600 Ιιο-

170 625 229 676 ὲν
255 623 450 693 Κυρίῳ
476 621 901 692 τετελειωμένου
937 620 1439 693 ταπεινοφροσύνης
1475 621 1658 692 φωνὰς
1681 639 1748 674 πε

1879 628 2042 683 minis
2096 629 2148 682 in
2206 629 2316 684 Deo
2378 630 2608 699 perfecti
2680 631 2910 687 humiles
2969 649 3131 688 voces
3185 637 3446 699 continet,

170 717 455 786 ριέχουσα,
492 712 590 766 καὶ
626 711 864 783 μάλιστα
903 711 998 766 τοῦ
1031 712 1330 783 δυναμένου
1372 712 1576 780 λέγειν·
1615 713 1748 766 "Ere

1877 720 2258 789 praecipueque
2291 722 2408 789 ejus
2440 723 2531 791 qui
2557 724 2732 789 possit
2762 722 2975 779 dicere:
3011 725 3239 794 Propter
3261 744 3450 782 nomen

167 823 276 860 κεν
299 805 407 860 τοῦ
459 806 757 874 ὀνόματός
791 820 911 860 σου
943 803 1237 874 ὑπέμεινὰ
1267 819 1361 868 σε,
1391 805 1592 873 Κύριε.
1631 804 1691 857 '0
1717 804 1748 856 δ

1877 819 2028 870 tuum
2053 810 2285 864 sustinui
2321 819 2391 875 te,
2418 810 2639 865 Domine
2673 811 2739 866 ⁸³.
2783 813 2950 868 David
2979 825 3160 869 autem
3204 817 3446 886 edoctus,

165 900 331 953 Δαυῒδ
361 901 443 962 ὡς
465 899 617 962 εἰκὸς
650 899 984 971 μεμαθηκὼς
1023 899 1133 952 ἀπὸ
1154 899 1262 951 τῶν
1290 897 1381 950 τοῦ
1413 898 1569 966 ἁγίου
1600 895 1748 950 Πνεύε

1876 909 1934 953 ιιι
1969 901 2226 957 credibile
2276 913 2380 962 est.
2431 919 2459 956 a
2495 905 2674 958 sancti
2707 904 2944 974 Spiritus
2988 909 3244 976 oraculis,
3287 912 3450 964 mise~

167 1010 340 1062 ματος
375 992 600 1062 φωνῶν,
616 993 698 1044 ὅτι
719 991 1038 1062 τιςὶλασμὺς
1059 990 1208 1062 παρᾶ
1227 990 1307 1060 τῷ
1327 989 1466 1062 Θεῷ,
1487 991 1582 1043 καὶ
1605 989 1748 1044 πολλή

1874 993 2164 1046 ricordiam
2228 995 2369 1061 apud
2403 990 2572 1047 Deum
2626 995 2857 1050 inveniri
2919 999 3308 1068 copiosamque
3356 1017 3446 1056 re-

163 1087 297 1157 παρ’
360 1085 518 1156 αὐτῷ
584 1083 854 1154 λύτρωσις
912 1084 960 1134 εἰ
1015 1082 1378 1143 πιστεύσειεν,
1458 1081 1748 1149 ἀναγκαίως

1874 1084 2256 1151 demptionem,
2293 1085 2341 1138 si
2373 1086 2537 1140 modo
2565 1087 2832 1152 crederet,
2869 1090 3183 1144 necessario
3211 1093 3444 1160 seipsum

163 1179 358 1232 ἑαυτὸν
379 1177 689 1248 προσφέρει
706 1174 784 1246 τῷ
802 1177 1090 1246 Λυτρωτῗγ
1116 1173 1197 1226 διὸ
1226 1174 1320 1240 καὶ
1348 1172 1746 1244 ἐπιγέγραπται

1872 1175 2094 1230 exhibet
2123 1174 2492 1246 Redemptori.
2543 1177 2722 1244 Quare
2753 1187 2806 1232 et
2830 1179 3146 1234 inscribitur
3175 1200 3190 1236 :
3223 1181 3444 1238 Davidis

165 1270 279 1324 Τοῦ
317 1267 511 1322 Δαυῖδ
552 1270 638 1333 εὶς
679 1267 1053 1334 παραίτησιν
1083 1263 1630 1333 πλημμελημάτων,
1664 1264 1748 1329 τὰς

1873 1266 1942 1318 ad
1996 1267 2414 1337 deprecationem
2473 1279 2839 1338 peccatorum,
2894 1287 2980 1325 res
3035 1288 3067 1326 a
3129 1289 3184 1327 se
3244 1277 3447 1346 egregie

162 1361 321 1428 ιδίας
388 1359 862 1432 ἐξαριθμοῦντος
927 1357 1352 1425 ἀνδραγαθίας.
1398 1356 1473 1408 Οὐ
1548 1353 1748 1408 πώποτε

1871 1367 2049 1426 gestas
2089 1359 2427 1416 recensentis.
2488 1357 2772 1431 Nunquam
2818 1363 2995 1428 enim,
3046 1363 3253 1434 inquit,
3307 1365 3449 1420 fastu

158 1453 293 1525 γὰρ,
328 1453 527 1523 φησιν,
560 1451 810 1522 ἐπήρθην
840 1448 1025 1511 καθὼς
1054 1449 1236 1518 ἄρχων
1269 1446 1355 1498 ἐπ’
1385 1447 1536 1510 ἔθνος
1564 1444 1728 1500 αὐτοῦ

1872 1447 2054 1504 elatus
2088 1463 2228 1514 sum,
2262 1463 2358 1504 ceu
2400 1449 2580 1519 gentis
2611 1452 2908 1522 princeps;
2940 1467 3118 1523 neque
3149 1455 3228 1510 ila
3253 1469 3444 1526 super-

157 1546 283 1599 οῦτε
321 1547 436 1617 μὴν
478 1542 797 1615 ὲχαυνώθην
829 1540 1027 1610 βλέψας
1055 1539 1160 1606 ἔξω
1189 1539 1345 1603 Θεοῦ,
1378 1540 1472 1593 καὶ
1508 1539 1608 1610 τῆς
1633 1537 1748 1610 πρὸς

1870 1539 1958 1593 hia
1993 1540 2162 1594 tumui
2197 1548 2256 1594 ut
2292 1540 2386 1595 Dei
2417 1542 2761 1610 praesentiam
2790 1558 2898 1598 non
2937 1554 3270 1615 spectarem,
3308 1546 3442 1602 etin

156 1640 246 1692 τὸν
278 1636 455 1692 αὑτοῦ
493 1635 660 1706 φόϐον
691 1633 1006 1696 συστάσεως
1037 1631 1334 1700 καθυφείςο
1366 1631 1490 1684 οὔτε
1521 1631 1681 1684 πάλιν
1709 1631 1748 1683 in

1870 1644 1936 1684 eo
1975 1630 2217 1685 timendo
2238 1633 2609 1687 constantiam
2643 1634 2975 1690 omitterem.
2997 1633 3186 1706 Neque
3226 1638 3353 1692 item
3385 1638 3442 1693 in

155 1733 342 1801 τρυφῇ
376 1729 659 1791 πλουσίως
707 1725 957 1796 διεξῆγον
999 1724 1092 1776 τὸν
1138 1723 1252 1794 βίον
1274 1740 1289 1754 ’
1339 1723 1457 1776 οὐδέ
1489 1741 1541 1776 τι
1583 1724 1748 1794 μεῖζοπ

1870 1722 2086 1777 deliciis
2115 1722 2404 1778 allluenter
2435 1724 2586 1792 vixi;
2621 1741 2801 1796 neque
2848 1727 2914 1782 de
2942 1742 3029 1782 me
3062 1730 3306 1798 meisque
3355 1745 3444 1786 re-

154 1782 467 1892 ἐέρρόνησα,
497 1782 656 1889 φησὶ,
691 1782 824 1885 περί
847 1782 1108 1888 ε’μαυτοῦ,
1137 1782 1247 1870 τῶν
1275 1782 1723 1886 προσόντωνὲμοί
1747 1835 1748 1842 η

1870 1812 1972 1866 bus
2005 1822 2204 1882 praeter
2235 1815 2559 1870 modestiam
2598 1819 2780 1872 sensi:
2823 1819 2969 1888 quod
3007 1782 3232 1874 faciunt:
3273 1821 3310 1876 ii
3349 1820 3440 1891 qui

169 319 250 376 25

152 1914 330 1966 ὁποῖοί
375 1913 530 1974 τινές
586 1913 725 1964 είσιν
762 1911 812 1962 οἱ
867 1909 1079 1962 συνετοὶ
1123 1910 1256 1978 παρ’
1286 1907 1516 1973 ἑαυτοῖς,
1557 1908 1650 1961 καὶ
1681 1910 1766 1962 ἑν-

152 2005 329 2060 ὡπιον
359 2003 552 2057 αὐτῶν
576 2003 769 2074 ὲπιστή
779 2018 958 2072 μονες.

387 2094 738 2149 Ἐλπισάτω
777 2093 1017 2162 Ἰσραὴλ
1038 2093 1138 2147 ἐπὶ
1171 2092 1280 2146 τὸν
1311 2092 1532 2159 Κύριον

225 2189 452 2258 Ὠσπερ
481 2185 616 2256 ἐγὼ,
654 2187 820 2258 φησιν
843 2188 872 2239 ὁ
903 2185 1156 2256 βασιλεὺς
1186 2182 1368 2247 Δαυῒδ,
1395 2181 1652 2247 τοσοῦτος
1684 2181 1760 2236 ὢν

153 2280 246 2333 καὶ
269 2279 529 2343 τοιοῦτος
557 2280 717 2352 ἀνὴρ,
754 2279 1012 2331 ταπεινὸν
1041 2277 1278 2348 ὲμαυτδν
1306 2277 1638 2348 κατέστησα,
1668 2277 1763 2329 καὶ

154 2375 516 2442 προσήγαγον
549 2369 782 2441 ἐμαυτὸν
809 2368 887 2439 τῷ
911 2367 1122 2440 ἱλασμῷ
1154 2369 1248 2422 καὶ
1275 2367 1354 2438 τῷ
1386 2368 1644 2438 Λυτρωτῇ
1669 2367 1762 2419 καὶ

151 2465 392 2535 Σωτῆρι,
437 2463 614 2527 οὕτως
654 2460 858 2532 καὶτῷ
889 2460 1061 2530 λοιπῷ
1101 2459 1316 2531 Ἰσραὴλ
1357 2457 1760 2528 ἐπαγγέλλομαι

157 2554 520 2625 θαρσοῦντως
561 2553 846 2624 προσιέναι
887 2551 966 2622 τῷ
1006 2550 1256 2621 ἱλασμῷο
1301 2549 1544 2621 ἀκριϐῶς
1582 2547 1758 2613 εἰδὼς,

153 2646 232 2700 ὅτι
263 2647 438 2709 αὐτὸς
466 2644 806 2716 λυτρώσεται
830 2644 921 2697 τὸν
957 2642 1192 2714 Ἰσραὴλ,
1228 2644 1277 2695 εί
1304 2641 1642 2715 προσδράμοι
1671 2642 1762 2694 αὐ-

152 2739 249 2811 τῷ,
282 2742 350 2793 ὲκ
377 2737 579 2792 πασῶν
602 2736 710 2790 τῶν
736 2735 975 2807 ἀνομιῶν
1005 2736 1194 2790 αὑτοῦ.

713 2829 1008 2884 ΨΑΛΜΟΣ
1039 2829 1122 2880 ΡΛ
1131 2827 1210 2880 A'.

393 2923 626 2989 Ὠιιοσε
644 2921 860 2988 Κύριος
888 2917 968 2983 τῷ
1005 2918 1186 2972 Δαυῒδ
1210 2917 1518 2984 ἀλήθειαν.

233 3012 601 3084 Ὀμωμοκότι
629 3011 685 3064 δὲ
714 3011 792 3082 τῷ
821 3009 1002 3074 Δαυῖδ,
1047 3009 1360 3081 ἀντώμοσεν
1377 3009 1404 3060 ὁ
1427 3006 1560 3073 Θεὸς
1594 3007 1758 3080 ζητή-

1868 1901 2088 1956 sibimet
2117 1902 2219 1972 ipsi
2263 1903 2511 1959 videntur
2537 1905 2808 1977 ingeniosi
2849 1924 2914 1964 ac
2949 1910 3244 1980 sapientes.

2143 2082 2304 2138 Vens.
2337 2084 2390 2139 5.
2419 2085 2605 2154 Speret
2637 2085 2808 2142 Israel
2835 2091 2887 2143 in
2917 2088 3160 2144 Domino.

1950 2173 2104 2230 Sicut
2141 2178 2286 2231 enim
2318 2191 2438 2246 ego,
2495 2177 2572 2231 ait
2612 2193 2705 2232 rex
2760 2178 2951 2243 David,
2988 2181 3110 2236 talis
3149 2189 3441 2254 tantusque

1868 2268 1951 2322 vir
1983 2267 2242 2323 humilem
2271 2282 2357 2322 me
2395 2268 2521 2334 feci,
2569 2285 2766 2339 meque
2788 2271 2961 2326 obtuli
3016 2273 3438 2342 misericordiae,

1865 2359 2330 2429 Redemptorique
2367 2374 2431 2413 ac
2457 2358 2776 2426 Servatori;
2809 2362 2882 2415 ita
2915 2362 3124 2431 reliquo
3163 2365 3325 2418 etiam
3358 2363 3438 2420 ls-

1863 2453 1996 2507 raeli
2031 2452 2294 2506 denuntio
2337 2463 2397 2505 ut
2421 2451 2760 2508 confidenter
2794 2455 2864 2508 ad
2893 2455 3322 2509 misericordiam
3351 2471 3436 2510 ac-

1861 2543 2040 2596 cedat.
2077 2541 2210 2595 Nam
2238 2539 2410 2610 probe
2441 2540 2578 2603 scio,
2637 2540 2754 2596 fore
2797 2551 2857 2594 ut
2888 2541 3029 2597 Deus
3063 2541 3316 2598 lsraeletn
3352 2557 3432 2598 re-

1862 2635 2054 2700 dimat,
2085 2634 2133 2688 si
2167 2634 2235 2688 ad
2273 2648 2397 2688 eum
2438 2632 2772 2694 conlu'rerit,
2796 2649 2866 2688 ex
2901 2635 3157 2690 omnibus
3181 2634 3437 2704 iniquita-

1862 2727 2005 2782 tibus
2052 2725 2190 2795 ejus.

2352 2814 2682 2870 PSALMUS
2719 2813 2959 2871 CXXXI.

1968 2907 2134 2962 Vens.
2173 2906 2263 2960 H.
2292 2905 2502 2960 Iuravit
2537 2906 2790 2960 Dominus
2816 2906 3009 2959 Davidi
3032 2906 3322 2962 ueritatem.

1929 2999 2145 3055 Juranti
2198 2998 2385 3054 Davidi
2420 2998 2657 3053 vicissim
2683 2998 2890 3069 juravit
2933 2997 3096 3062 Deus,
3142 2999 3190 3052 ei
3227 2998 3317 3067 qui
3354 2997 3434 3051 lo-

158 3123 306 3162 σαντι
339 3106 443 3158 τὸν
470 3105 639 3156 τόπον
679 3103 892 3174 μαθεῖν,
915 3101 1122 3172 δωρεὰν
1151 3102 1274 3166 δοὺς
1293 3101 1355 3154 τὸ
1379 3102 1473 3155 καὶ
1502 3101 1560 3168 ἐξ
1589 3101 1748 3156 αὑτοῦ

1870 3108 1981 3148 cum
2025 3105 2358 3163 cognoscere
2392 3092 2608 3156 avebat,
2643 3092 2882 3162 gratuito
2919 3091 3129 3145 donans
3161 3105 3432 3161 praeroga-

153 3197 464 3269 προελθεῖν·
487 3196 624 3250 Ἵνα
635 3194 732 3250 διὰ
746 3194 856 3249 δύο
873 3194 1232 3264 πραγμάτων
1247 3193 1748 3264 ἁμεταθέτων,ὼςέ

1870 3185 2032 3239 tivam
2052 3194 2110 3238 ut
2138 3192 2192 3239 et
2221 3184 2448 3254 ipsemet
2467 3182 2583 3251 ejus
2607 3185 2780 3251 stirpe
2796 3183 3073 3246 oriretur;
3095 3178 3164 3234 Ut
3187 3196 3276 3248 per
3299 3182 3434 3237 duas

159 3291 371 3354 Παῦλός
385 3307 579 3360 φησιν,
591 3288 662 3342 ἐν
676 3288 767 3352 οἷς
782 3287 974 3342 ἀδύνα
985 3305 1092 3341 τον
1105 3288 1452 3356 ψεύσασθαι
1466 3285 1572 3340 τὸν
1587 3285 1756 3352 Θεὸν,

158 3384 423 3453 ἰσχυρὰν
446 3379 859 3449 παράκλησιν,
888 3379 1016 3451 περὶ
1043 3371 1118 3432 ὧν
1147 3376 1365 3450 ηῦξατο,
1391 3375 1682 3446 λάϐωμεν.

168 3554 258 3606 Ἐκ
293 3551 540 3621 καρποῦ
581 3549 693 3619 τῆς
736 3551 968 3615 κοιλίας
1013 3565 1129 3604 σου
1189 3549 1448 3619 θήσομαι
1491 3548 1590 3602 ἐπὶ
1649 3547 1757 3602 τοῦ

776 3621 994 3689 θρόνου
1017 3635 1154 3674 σου.

235 3714 468 3784 Ἐπειδὴ
499 3714 590 3776 σὺ,
621 3713 809 3784 φησὶν,
843 3710 986 3765 οὕτω
1018 3710 1318 3774 πιστεύσας
1356 3708 1579 3763 τοιαῦτα
1607 3709 1758 3782 ηῦξω

159 3809 385 3875 γνῶναι,
427 3805 756 3876 βουλόμενος
803 3803 990 3875 μαθεῖν
1022 3804 1153 3875 περὶ
1204 3801 1299 3856 τοῦ
1329 3802 1496 3854 τόπου
1532 3801 1634 3871 τῆς
1677 3803 1758 3866 εἰς

158 3900 485 3972 ἀνθρώπους
524 3897 762 3966 ἀφίξεως
793 3895 890 3949 τοῦ
937 3895 1210 3967 Σωτῆρος,
1244 3894 1399 3964 δέχου
1438 3891 1629 3964 δήκαὶ
1661 3891 1758 3944 αὐ-

155 3994 244 4056 τὸς
282 3993 391 4063 τὴν
429 3989 793 4057 ἐπαγγελίαν,
835 3988 929 4041 καὶ
969 3987 1122 4056 γίνου
1164 3985 1410 4048 διάκονος
1435 3985 1534 4056 τῆς
1578 4000 1755 4055 σωτη-

159 4087 269 4154 ρίου
297 4083 602 4152 γενέσεως.
635 4081 735 4142 Σδς
754 4079 865 4150 γὰρ
892 4078 1043 4132 ἔσται
1076 4076 1286 4148 καρπὸς
1315 4077 1343 4128 ὁ
1373 4075 1753 4145 γενησόμενος,

158 4178 218 4228 ὲκ
244 4178 343 4244 σῆς
374 4171 638 4242 διαδοχῆς
663 4171 758 4225 καὶ
797 4172 862 4222 ὲκ
893 4167 987 4222 σοῦ
1019 4168 1331 4238 σπέρματος
1361 4165 1756 4236 προελευσόμε-

158 4287 240 4331 νος
261 4289 274 4300 -
303 4268 390 4320 διὸ
413 4267 515 4319 καὶ
548 4264 697 4334 αὐτῷ
721 4262 1005 4333 δοθήσεται
1029 4260 1162 4313 ὡσεὶ
1191 4258 1596 4331 ὲπηγγελμένος
1625 4256 1752 4332 θρό-

154 4377 259 4424 νος,
288 4360 384 4412 διὰ
419 4357 484 4409 τὸ
516 4355 720 4426 μηδένα
747 4354 932 4424 ἓτερον
979 4353 1011 4424 ἦ
1048 4354 1206 4423 μόνον
1232 4351 1323 4404 τὸν
1362 4352 1427 4404 ὲκ
1473 4349 1565 4404 σοῦ
1620 4365 1754 4420 προ-

1865 3295 1948 3332 res
1988 3277 2309 3341 immobiles,
2358 3287 2528 3346 prout
2579 3274 2786 3329 Paulus
2825 3275 2923 3338 ait,
2959 3273 3148 3341 quibus
3191 3273 3434 3342 impossi-

1860 3371 1960 3424 bile
1991 3379 2068 3424 est
2102 3368 2314 3422 mentiri
2346 3367 2536 3430 Deum,
2563 3365 2795 3420 validum
2823 3365 3074 3419 solatium
3095 3364 3161 3430 ",
3183 3365 3331 3420 circa
3361 3377 3429 3422 ea

1858 3479 1982 3532 quae
2014 3462 2244 3536 quisque
2285 3463 2440 3531 petit,
2470 3459 2781 3515 habeamus.

1860 3554 2028 3609 Vens.
2069 3553 2158 3609 Η.
2204 3550 2285 3607 De
2337 3553 2514 3626 [ructu
2545 3553 2741 3606 ventris
2782 3551 2858 3605 tui
2886 3564 3077 3619 ponam
3105 3564 3262 3617 super
3286 3549 3434 3602 thro-

2492 3638 2616 3675 num
2645 3633 2819 3677 tuum.

1928 3713 2196 3781 Quoniam
2261 3723 2345 3778 tu,
2402 3713 2607 3783 inquit,
2665 3712 2743 3766 ita
2805 3710 3079 3776 credens,’
3102 3721 3432 3781 cognoscere

1859 3808 1974 3862 haec
2003 3807 2225 3877 optasti,
2265 3820 2464 3875 nempe
2490 3805 2668 3860 locum
2693 3819 2801 3876 quo
2835 3807 2902 3860 ad
2944 3803 3196 3858 homines
3239 3810 3436 3855 ventu-

1859 3916 1954 3956 rus
2009 3910 2094 3956 est
2134 3898 2407 3966 Salvator,
2466 3899 2654 3967 accipe
2700 3900 2840 3955 hanc
2892 3898 3168 3960 notitiam,
3217 3905 3274 3949 et
3314 3901 3434 3948 esto

1857 3992 2112 4048 salutaris
2161 3989 2278 4059 ejus
2322 3989 2626 4046 nativitatis
2676 3989 2948 4044 minister.
3007 3987 3242 4044 Fructus
3286 3985 3429 4040 enim

1862 4096 1985 4139 tuus
2013 4084 2117 4138 erit
2139 4083 2230 4153 qui
2265 4082 2482 4138 futurus
2507 4091 2615 4149 est,
2635 4095 2701 4136 ex
2733 4089 2823 4135 tua
2851 4079 3109 4150 progenie
3139 4092 3204 4132 ac
3226 4075 3432 4131 semine

1857 4185 2263 4248 proventurus:
2302 4173 2538 4244 ideoque
2569 4183 2625 4228 et
2663 4173 2768 4245 ipsi
2807 4173 3028 4227 dabitur
3056 4174 3286 4225 thronus
3317 4183 3436 4237 pro-
3551 4204 3567 4220 .

1855 4271 2077 4336 missus,
2121 4269 2249 4338 quia
2301 4284 2461 4324 nemo
2503 4277 2588 4324 est
2628 4267 2790 4332 alius,
2834 4275 3030 4336 praeter
3082 4264 3232 4318 illum
3275 4278 3343 4316 ex
3375 4271 3430 4316 te

1859 4363 2156 4428 oriturum,
2184 4361 2278 4431 qui
2310 4361 2368 4416 in
2400 4360 2675 4429 promisso
2699 4359 2897 4415 throno
2919 4357 3110 4413 sedere
3133 4365 3430 4408 mereatur.

159 4453 539 4520 ελευσόμενον,
571 4447 720 4513 ἀξιον
760 4443 896 4500 εἶναι
938 4444 1032 4498 τοῦ
1059 4445 1142 4498 σοὶ
1174 4442 1587 4514 ἐπηγγελμένον
1623 4440 1747 4512 θρό-

1870 4453 2034 4520 Quare
2068 4460 2125 4506 et
2174 4449 2396 4506 Gabriel
2426 4449 2607 4504 Mariae
2647 4449 2824 4504 dixit:
2866 4446 2934 4501 Et
2977 4443 3123 4498 dabit
3165 4441 3245 4495 illi
3291 4439 3432 4494 Deus

158 4561 263 4596 νου.
296 4538 609 4608 Τοιγαροῦν
639 4539 733 4591 καὶ
760 4540 789 4591 ὁ
818 4536 1058 4608 Γαϐριὴλ
1093 4536 1228 4606 πρὸς
1251 4535 1351 4607 τὴν
1385 4533 1618 4604 Μαριάμ
1645 4551 1748 4604 φη-

161 4652 240 4688 σι·
267 4635 378 4689 Kal
417 4632 601 4685 δώσει
624 4627 786 4694 αὑτῷ
812 4632 843 4682 d
879 4628 1024 4693 Θεὸς
1058 4626 1166 4680 τὸν
1196 4627 1412 4694 θρόνον
1431 4624 1611 4679 Δαυῒδ
1641 4625 1748 4679 τοῦ

159 4730 376 4797 πατρὸς
395 4725 613 4787 αὑτοῦ,
643 4723 741 4776 καὶ
789 4721 1150 4787 ,βασιλεύσει
1184 4719 1283 4774 ἐπὶ
1307 4719 1413 4773 τὸν
1440 4713 1612 4772 οἷκον
1649 4718 1749 4774 Ἰα-

159 4819 272 4872 κὼϐ
296 4821 390 4886 εὶς
425 4815 535 4869 τὸν
565 4813 776 4869 αἰῶνα.

171 4913 297 4966 Ἐὰν
322 4908 720 4980 φυλάξωνται
753 4909 808 4961 ol
851 4906 974 4961 vlo!
1000 4921 1117 4960 σου
1137 4903 1251 4970 τὴν
1279 4899 1574 4970 διαθήκην
1604 4917 1743 4970 μου.

220 5000 678 5072 Καθεσθήσονται
711 5000 798 5052 ἐπ’
831 4998 992 5052 αὐτὸν
1029 4995 1230 5068 δηλαδὴ
1268 4994 1357 5048 τὸν
1388 4993 1482 5047 τοῦ
1513 4990 1747 5063 Χριστοῦ

159 5096 341 5170 θρόνον
377 5095 432 5148 οἱ
467 5091 637 5147 αὐτοῦ
688 5091 927 5162 μαθηταὶ
959 5090 1052 5145 καὶ
1083 5088 1348 5158 διάδοχοι·
1397 5085 1538 5155 πλὴν
1577 5083 1750 5147 οὐδεὶς

162 5189 353 5258 φθόνος
380 5188 479 5241 καὶ
512 5187 624 5248 τοῖς
653 5186 766 5247 σοῖς
793 5185 950 5246 υἱοῖς,
979 5177 1024 5235 ὧ
1057 5178 1239 5244 Δαυῒδ,
1273 5177 1520 5230 τουτέστι
1546 5177 1656 5238 τοῖς
1686 5176 1750 5227 ἐκ

162 5278 487 5351 περιτομῆς,
519 5275 612 5330 καὶ
651 5277 700 5328 εἰ
733 5272 1118 5345 παραδέξοιντο
1159 5269 1251 5322 τὸν
1288 5268 1541 5340 Χριστδν,
1579 5267 1672 5321 καὶ
1699 5268 1750 5320 εί

163 5373 481 5442 ςυλὰξοιντο
511 5370 612 5440 τὴν
661 5366 924 5438 διαθήκην
959 5382 1058 5436 μου
1089 5363 1182 5416 καὶ
1217 5361 1284 5414 τά
1313 5358 1589 5432 μαρτύριά
1619 5376 1745 5430 μου,

163 5467 221 5519 οὔ
254 5466 322 5518 τὰ
365 5463 458 5517 διὰ
500 5462 605 5531 τῆς
654 5459 878 5532 πρώτης
917 5455 1236 5528 νομοθεσίας
1281 5453 1560 5525 δεδομένα,
1608 5450 1745 5506 ἀλλὰ

163 5557 329 5612 ταῦτα
357 5557 394 5609 ἃ
419 5554 621 5620 διδάξω
639 5553 860 5617 αὐτοὺς,
893 5549 1150 5621 μέλλοντα
1177 5547 1359 5609 αὐτοῖς
1388 5543 1612 5616 ὕστερον
1643 5561 1743 5597 πο-

164 5664 222 5701 τε
248 5645 731 5720 παραδοθήσεσθαι
777 5641 866 5696 διὰ
902 5641 1001 5711 τῆς
1028 5639 1220 5710 καινῆς
1251 5637 1534 5708 διαθήκης·
1566 5637 1615 5689 εί
1641 5633 1750 5706 γὰρ

237 5789 280 5821 ³³
306 5788 446 5843 Psal.
483 5804 676 5856 cxxrx,
705 5787 759 5842 4.
839 5784 1062 5840 "Hebr.
1093 5798 1166 5850 v1,
1195 5780 1281 5838 18.
1360 5783 1403 5815 ³⁵
1431 5782 1564 5838 Luc.
1608 5797 1644 5847 ι,
1677 5779 1764 5836 3:2.

1855 4545 2100 4598 thronum
2140 4541 2358 4598 Davidis
2397 4543 2563 4611 patris
2595 4542 2733 4610 ejus,
2760 4539 3096 4610 regnabitque
3145 4549 3305 4604 super
3343 4533 3431 4586 do-

1854 4653 2000 4694 mum
2041 4634 2212 4690 Jacob
2250 4636 2305 4689 in
2333 4633 2674 4690 wternum".

1858 4895 2026 4950 Vens.
2053 4896 2141 4951 ιε.
2164 4895 2222 4952 Si
2247 4897 2585 4954 custodierint
2602 4895 2703 4966 ﬁlii
2730 4895 2808 4949 tui
2832 4899 3195 4947 testamentum
3234 4905 3429 4948 meum.

1929 4986 2208 5044 Sedebunt
2263 5003 2428 5058 super
2489 4989 2609 5057 ipso
2641 4987 2924 5042 ‘videlicet
2974 4981 3175 5041 Christi
3234 4983 3430 5034 throno

1858 5077 2110 5148 discipuli
2158 5078 2278 5148 ejus
2303 5093 2369 5134 ac
2400 5092 2769 5134 successores.
2809 5074 3195 5129 Verumtamen
3246 5086 3313 5124 ne
3353 5069 3429 5124 tui

1859 5169 2078 5238 quidem
2115 5169 2234 5239 ﬁlii,
2260 5186 2294 5227 o
2332 5170 2524 5236 David,
2557 5169 2665 5224 ulla
2718 5183 2776 5222 re
2819 5165 3235 5226 fraudabuntur,
3268 5162 3319 5216 id
3347 5169 3431 5217 est

1856 5261 2301 5318 circumcisionis
2333 5261 2576 5327 asseclaa,
2613 5261 2658 5316 si
2689 5261 2847 5314 modo
2885 5257 3164 5314 Christum
3211 5269 3432 5324 recepe-

1856 5354 1992 5421 rint,
2034 5365 2091 5409 et
2115 5366 2330 5424 pactum
2382 5370 2561 5409 meum
2606 5369 2673 5407 ac
2722 5349 3029 5407 testimonia
3069 5346 3426 5410 servaverint,

1855 5462 1963 5502 non
1992 5447 2085 5503 illa
2109 5449 2176 5504 ad
2202 5449 2444 5520 priorem
2498 5445 2896 5516 legislationem
2937 5439 3291 5513 pertinentia,
3331 5438 3426 5492 sed

1853 5555 1918 5596 ea
1955 5557 2076 5612 qua:
2107 5541 2306 5598 deinde
2335 5542 2482 5610 ipsos
2511 5540 2738 5603 docebo,
2779 5549 3006 5608 qumque
3040 5533 3163 5591 novi
3206 5529 3426 5587 fmderis

1860 5643 2105 5704 tempore
2159 5633 2419 5692 tradenda
2459 5639 2606 5692 sunt.
2643 5631 2880 5690 Omnino
2919 5629 2966 5687 si
3015 5629 3130 5684 haec
3173 5632 3426 5683 servave-
