  <div class='ocr_page' id='page_1' title='image "/cluster/home/n/w/nwhite01/storage/ocr_20150623/24/nnc1.0046978259/021.png"; bbox 0 0 3850 6210; ppageno 0'>
   <div class='ocr_carea' id='block_1_1' title="bbox 461 293 3742 358">
    <p class='ocr_par' dir='ltr' id='par_1_1' title="bbox 461 293 3742 358">
     <span class='ocr_line' id='line_1_1' title="bbox 461 293 3742 358; baseline 0.003 -9"><span class='ocrx_word' id='word_1_1' title='bbox 461 293 533 349; x_wconf 72' lang='grc'><strong>27</strong></span> <span class='ocrx_word' id='word_1_2' title='bbox 1151 293 1425 350; x_wconf 85' lang='lat' dir='ltr'><strong>EUSEBII</strong></span> <span class='ocrx_word' id='word_1_3' title='bbox 1462 294 1948 353; x_wconf 69' lang='lat' dir='ltr'><strong>CAESARIENSIS</strong></span> <span class='ocrx_word' id='word_1_4' title='bbox 1984 295 2136 352; x_wconf 81' lang='lat' dir='ltr'><strong>OPP.</strong></span> <span class='ocrx_word' id='word_1_5' title='bbox 2178 295 2357 352; x_wconf 73' lang='lat' dir='ltr'><strong>PARS</strong></span> <span class='ocrx_word' id='word_1_6' title='bbox 2395 295 2481 354; x_wconf 86' lang='lat' dir='ltr'><strong>Ill.</strong></span> <span class='ocrx_word' id='word_1_7' title='bbox 2519 326 2575 340; x_wconf 87' lang='lat'><strong>--</strong></span> <span class='ocrx_word' id='word_1_8' title='bbox 2626 297 3035 355; x_wconf 83' lang='lat' dir='ltr'><strong>EXEGETICA.</strong></span> <span class='ocrx_word' id='word_1_9' title='bbox 3669 305 3742 358; x_wconf 72' lang='lat'><strong>28</strong></span> 
     </span>
    </p>
   </div>
   <div class='ocr_carea' id='block_1_2' title="bbox 478 409 2033 485">
    <p class='ocr_par' dir='ltr' id='par_1_2' title="bbox 478 409 2023 485">
     <span class='ocr_line' id='line_1_2' title="bbox 478 409 2023 485; baseline 0.003 -21"><span class='ocrx_word' id='word_1_10' title='bbox 478 412 610 471; x_wconf 85' lang='lat' dir='ltr'><strong>rint.</strong></span> <span class='ocrx_word' id='word_1_11' title='bbox 651 411 752 478; x_wconf 83' lang='lat' dir='ltr'><strong>ipsi</strong></span> <span class='ocrx_word' id='word_1_12' title='bbox 781 424 998 478; x_wconf 89' lang='lat' dir='ltr'><strong>quoque</strong></span> <span class='ocrx_word' id='word_1_13' title='bbox 1029 409 1081 464; x_wconf 92' lang='lat' dir='ltr'><strong>in</strong></span> <span class='ocrx_word' id='word_1_14' title='bbox 1129 411 1328 467; x_wconf 77' lang='lat' dir='ltr'><strong>tiu-ouo</strong></span> <span class='ocrx_word' id='word_1_15' title='bbox 1358 424 1468 477; x_wconf 89' lang='lat' dir='ltr'><strong>tuo,</strong></span> <span class='ocrx_word' id='word_1_16' title='bbox 1498 415 1588 482; x_wconf 92' lang='lat' dir='ltr'><strong>qui</strong></span> <span class='ocrx_word' id='word_1_17' title='bbox 1635 413 1850 470; x_wconf 68' lang='lat' dir='ltr'><strong>Christo</strong></span> <span class='ocrx_word' id='word_1_18' title='bbox 1894 431 2023 485; x_wconf 89' lang='lat' dir='ltr'><strong>para</strong></span> 
     </span>
    </p>
   </div>
   <div class='ocr_carea' id='block_1_3' title="bbox 2152 409 3740 485">
    <p class='ocr_par' dir='ltr' id='par_1_3' title="bbox 2155 414 3740 482">
     <span class='ocr_line' id='line_1_3' title="bbox 2155 414 3740 482; baseline 0.004 -16"><span class='ocrx_word' id='word_1_19' title='bbox 2155 414 2474 482; x_wconf 82' lang='grc' dir='ltr'>φυλάξοιντο</span> <span class='ocrx_word' id='word_1_20' title='bbox 2502 414 2696 479; x_wconf 81' lang='grc' dir='ltr'>ταῦτα,</span> <span class='ocrx_word' id='word_1_21' title='bbox 2754 419 2848 469; x_wconf 71' lang='grc' dir='ltr'><strong>καὶ</strong></span> <span class='ocrx_word' id='word_1_22' title='bbox 2892 416 3045 470; x_wconf 78' lang='grc' dir='ltr'>αὐτοὶ</span> <span class='ocrx_word' id='word_1_23' title='bbox 3103 416 3602 474; x_wconf 78' lang='grc' dir='ltr'>καθευδοῦνταιὲπὶ</span> <span class='ocrx_word' id='word_1_24' title='bbox 3641 422 3740 475; x_wconf 77' lang='grc' dir='ltr'><strong>τὸν</strong></span> 
     </span>
    </p>
   </div>
   <div class='ocr_carea' id='block_1_4' title="bbox 466 500 1002 565">
    <p class='ocr_par' dir='ltr' id='par_1_4' title="bbox 466 500 1002 565">
     <span class='ocr_line' id='line_1_4' title="bbox 466 500 1002 565; baseline -0.002 -8"><span class='ocrx_word' id='word_1_25' title='bbox 466 511 552 557; x_wconf 81' lang='lat' dir='ltr'><strong>tus</strong></span> <span class='ocrx_word' id='word_1_26' title='bbox 584 511 692 565; x_wconf 89' lang='lat' dir='ltr'><strong>est,</strong></span> <span class='ocrx_word' id='word_1_27' title='bbox 715 500 1002 556; x_wconf 82' lang='lat' dir='ltr'><strong>sedebunt.</strong></span> 
     </span>
    </p>
   </div>
   <div class='ocr_carea' id='block_1_5' title="bbox 535 590 1972 664">
    <p class='ocr_par' dir='ltr' id='par_1_5' title="bbox 535 590 1972 664">
     <span class='ocr_line' id='line_1_5' title="bbox 535 590 1972 664; baseline 0.003 -16"><span class='ocrx_word' id='word_1_28' title='bbox 535 593 700 648; x_wconf 68' lang='lat' dir='ltr'><strong>Vitas.</strong></span> <span class='ocrx_word' id='word_1_29' title='bbox 743 592 830 646; x_wconf 82' lang='grc'><strong>15.</strong></span> <span class='ocrx_word' id='word_1_30' title='bbox 875 590 1122 664; x_wconf 66' lang='lat' dir='ltr'><strong>Praedam</strong></span> <span class='ocrx_word' id='word_1_31' title='bbox 1154 593 1270 661; x_wconf 80' lang='lat' dir='ltr'><strong>eius</strong></span> <span class='ocrx_word' id='word_1_32' title='bbox 1306 594 1608 650; x_wconf 79' lang='lat' dir='ltr'><strong>benedicens</strong></span> <span class='ocrx_word' id='word_1_33' title='bbox 1649 599 1972 664; x_wconf 84' lang='lat' dir='ltr'><strong>benedicam,</strong></span> 
     </span>
    </p>
   </div>
   <div class='ocr_carea' id='block_1_6' title="bbox 769 663 1736 734">
    <p class='ocr_par' dir='ltr' id='par_1_6' title="bbox 769 663 1736 734">
     <span class='ocr_line' id='line_1_6' title="bbox 769 663 1736 734; baseline 0.007 -20"><span class='ocrx_word' id='word_1_34' title='bbox 769 679 1023 731; x_wconf 69' lang='lat' dir='ltr'><strong>pauperes</strong></span> <span class='ocrx_word' id='word_1_35' title='bbox 1057 663 1171 731; x_wconf 84' lang='lat' dir='ltr'><strong>ejus</strong></span> <span class='ocrx_word' id='word_1_36' title='bbox 1212 669 1462 720; x_wconf 83' lang='lat' dir='ltr'><strong>saturabo</strong></span> <span class='ocrx_word' id='word_1_37' title='bbox 1491 669 1736 734; x_wconf 80' lang='lat' dir='ltr'><strong>panibus.</strong></span> 
     </span>
    </p>
   </div>
   <div class='ocr_carea' id='block_1_7' title="bbox 533 749 2040 830">
    <p class='ocr_par' dir='ltr' id='par_1_7' title="bbox 533 749 2040 830">
     <span class='ocr_line' id='line_1_7' title="bbox 533 749 2040 830; baseline 0.005 -25"><span class='ocrx_word' id='word_1_38' title='bbox 533 749 846 806; x_wconf 90' lang='lat' dir='ltr'><strong>Secundum</strong></span> <span class='ocrx_word' id='word_1_39' title='bbox 903 768 1208 823; x_wconf 79' lang='lat' dir='ltr'><strong>anagogen,</strong></span> <span class='ocrx_word' id='word_1_40' title='bbox 1261 756 1441 822; x_wconf 66' lang='lat' dir='ltr'><strong>prmda</strong></span> <span class='ocrx_word' id='word_1_41' title='bbox 1493 755 1674 812; x_wconf 88' lang='lat' dir='ltr'><strong>Siouis</strong></span> <span class='ocrx_word' id='word_1_42' title='bbox 1708 759 1741 811; x_wconf 89' lang='lat' dir='ltr'><strong>ii</strong></span> <span class='ocrx_word' id='word_1_43' title='bbox 1785 770 1913 814; x_wconf 90' lang='lat' dir='ltr'><strong>sunt</strong></span> <span class='ocrx_word' id='word_1_44' title='bbox 1952 761 2040 830; x_wconf 89' lang='lat' dir='ltr'><strong>qui</strong></span> 
     </span>
    </p>
   </div>
   <div class='ocr_carea' id='block_1_8' title="bbox 471 845 2045 922">
    <p class='ocr_par' dir='ltr' id='par_1_8' title="bbox 471 845 2045 922">
     <span class='ocr_line' id='line_1_8' title="bbox 471 845 2045 922; baseline 0.006 -25"><span class='ocrx_word' id='word_1_45' title='bbox 471 845 700 914; x_wconf 87' lang='lat' dir='ltr'><strong>piscium</strong></span> <span class='ocrx_word' id='word_1_46' title='bbox 736 846 909 899; x_wconf 73' lang='lat' dir='ltr'><strong>instar</strong></span> <span class='ocrx_word' id='word_1_47' title='bbox 963 846 1030 899; x_wconf 89' lang='lat' dir='ltr'><strong>ab</strong></span> <span class='ocrx_word' id='word_1_48' title='bbox 1061 847 1388 918; x_wconf 85' lang='lat' dir='ltr'><strong>evangelicis</strong></span> <span class='ocrx_word' id='word_1_49' title='bbox 1437 852 1858 922; x_wconf 87' lang='lat' dir='ltr'><strong>apostolicisque</strong></span> <span class='ocrx_word' id='word_1_50' title='bbox 1909 854 2045 908; x_wconf 87' lang='lat' dir='ltr'><strong>reti—</strong></span> 
     </span>
    </p>
   </div>
   <div class='ocr_carea' id='block_1_9' title="bbox 462 937 2042 1013">
    <p class='ocr_par' dir='ltr' id='par_1_9' title="bbox 462 937 2042 1013">
     <span class='ocr_line' id='line_1_9' title="bbox 462 937 2042 1013; baseline 0.004 -22"><span class='ocrx_word' id='word_1_51' title='bbox 462 937 563 991; x_wconf 88' lang='lat' dir='ltr'><strong>bus</strong></span> <span class='ocrx_word' id='word_1_52' title='bbox 599 937 844 1006; x_wconf 88' lang='lat' dir='ltr'><strong>quotidie</strong></span> <span class='ocrx_word' id='word_1_53' title='bbox 871 938 1184 1006; x_wconf 90' lang='lat' dir='ltr'><strong>capiuntur.</strong></span> <span class='ocrx_word' id='word_1_54' title='bbox 1220 937 1493 1006; x_wconf 87' lang='lat' dir='ltr'><strong>Pauperes</strong></span> <span class='ocrx_word' id='word_1_55' title='bbox 1516 952 1699 997; x_wconf 91' lang='lat' dir='ltr'><strong>autem</strong></span> <span class='ocrx_word' id='word_1_56' title='bbox 1731 945 1850 1013; x_wconf 87' lang='lat' dir='ltr'><strong>ejus</strong></span> <span class='ocrx_word' id='word_1_57' title='bbox 1873 945 2042 1012; x_wconf 92' lang='lat' dir='ltr'><strong>beati,</strong></span> 
     </span>
    </p>
   </div>
   <div class='ocr_carea' id='block_1_10' title="bbox 467 1028 2046 1100">
    <p class='ocr_par' dir='ltr' id='par_1_10' title="bbox 467 1028 2046 1100">
     <span class='ocr_line' id='line_1_10' title="bbox 467 1028 2046 1100; baseline 0.006 -20"><span class='ocrx_word' id='word_1_58' title='bbox 467 1043 699 1098; x_wconf 86' lang='lat' dir='ltr'><strong>quorum</strong></span> <span class='ocrx_word' id='word_1_59' title='bbox 737 1036 823 1082; x_wconf 88' lang='lat' dir='ltr'><strong>est</strong></span> <span class='ocrx_word' id='word_1_60' title='bbox 870 1043 1094 1097; x_wconf 75' lang='lat' dir='ltr'><strong>regnum</strong></span> <span class='ocrx_word' id='word_1_61' title='bbox 1130 1028 1248 1092; x_wconf 87' lang='lat' dir='ltr'><strong>Dei,</strong></span> <span class='ocrx_word' id='word_1_62' title='bbox 1279 1031 1370 1099; x_wconf 85' lang='lat' dir='ltr'><strong>qui</strong></span> <span class='ocrx_word' id='word_1_63' title='bbox 1403 1047 1597 1100; x_wconf 89' lang='lat' dir='ltr'><strong>panem</strong></span> <span class='ocrx_word' id='word_1_64' title='bbox 1631 1033 1695 1088; x_wconf 92' lang='lat' dir='ltr'><strong>de</strong></span> <span class='ocrx_word' id='word_1_65' title='bbox 1721 1035 1865 1090; x_wconf 69' lang='lat' dir='ltr'><strong>caelo</strong></span> <span class='ocrx_word' id='word_1_66' title='bbox 1896 1035 2046 1090; x_wconf 89' lang='lat' dir='ltr'><strong>dela-</strong></span> 
     </span>
    </p>
   </div>
   <div class='ocr_carea' id='block_1_11' title="bbox 461 1119 2042 1192">
    <p class='ocr_par' dir='ltr' id='par_1_11' title="bbox 461 1119 2042 1192">
     <span class='ocr_line' id='line_1_11' title="bbox 461 1119 2042 1192; baseline 0.006 -21"><span class='ocrx_word' id='word_1_67' title='bbox 461 1135 619 1190; x_wconf 81' lang='lat' dir='ltr'><strong>psum</strong></span> <span class='ocrx_word' id='word_1_68' title='bbox 671 1120 859 1174; x_wconf 76' lang='lat' dir='ltr'><strong>edunt.</strong></span> <span class='ocrx_word' id='word_1_69' title='bbox 914 1119 1021 1173; x_wconf 88' lang='lat' dir='ltr'><strong>Sed</strong></span> <span class='ocrx_word' id='word_1_70' title='bbox 1063 1129 1118 1174; x_wconf 91' lang='lat' dir='ltr'><strong>et</strong></span> <span class='ocrx_word' id='word_1_71' title='bbox 1162 1119 1404 1188; x_wconf 85' lang='lat' dir='ltr'><strong>ejusdem</strong></span> <span class='ocrx_word' id='word_1_72' title='bbox 1459 1121 1643 1177; x_wconf 87' lang='lat' dir='ltr'><strong>Siouis</strong></span> <span class='ocrx_word' id='word_1_73' title='bbox 1704 1127 2042 1192; x_wconf 82' lang='lat' dir='ltr'><strong>sacerdotes,</strong></span> 
     </span>
    </p>
   </div>
   <div class='ocr_carea' id='block_1_12' title="bbox 463 1212 2046 1282">
    <p class='ocr_par' dir='ltr' id='par_1_12' title="bbox 463 1212 2046 1282">
     <span class='ocr_line' id='line_1_12' title="bbox 463 1212 2046 1282; baseline 0.008 -18"><span class='ocrx_word' id='word_1_74' title='bbox 463 1223 748 1282; x_wconf 80' lang='lat' dir='ltr'><strong>postquam</strong></span> <span class='ocrx_word' id='word_1_75' title='bbox 779 1228 838 1268; x_wconf 91' lang='lat' dir='ltr'><strong>se</strong></span> <span class='ocrx_word' id='word_1_76' title='bbox 867 1212 1100 1282; x_wconf 85' lang='lat' dir='ltr'><strong>justitia,</strong></span> <span class='ocrx_word' id='word_1_77' title='bbox 1129 1223 1184 1266; x_wconf 86' lang='lat' dir='ltr'><strong>ut</strong></span> <span class='ocrx_word' id='word_1_78' title='bbox 1215 1215 1311 1280; x_wconf 86' lang='lat' dir='ltr'><strong>ait,</strong></span> <span class='ocrx_word' id='word_1_79' title='bbox 1346 1215 1636 1280; x_wconf 84' lang='lat' dir='ltr'><strong>induerint,</strong></span> <span class='ocrx_word' id='word_1_80' title='bbox 1669 1233 1696 1270; x_wconf 89' lang='lat' dir='ltr'><strong>a</strong></span> <span class='ocrx_word' id='word_1_81' title='bbox 1737 1218 1846 1273; x_wconf 89' lang='lat' dir='ltr'><strong>Deo</strong></span> <span class='ocrx_word' id='word_1_82' title='bbox 1873 1218 2046 1276; x_wconf 87' lang='lat' dir='ltr'><strong>salute</strong></span> 
     </span>
    </p>
   </div>
   <div class='ocr_carea' id='block_1_13' title="bbox 461 1303 2044 1375">
    <p class='ocr_par' dir='ltr' id='par_1_13' title="bbox 461 1303 2044 1375">
     <span class='ocr_line' id='line_1_13' title="bbox 461 1303 2044 1375; baseline 0.005 -19"><span class='ocrx_word' id='word_1_83' title='bbox 461 1303 782 1359; x_wconf 89' lang='lat' dir='ltr'><strong>induuntur.</strong></span> <span class='ocrx_word' id='word_1_84' title='bbox 851 1303 1055 1358; x_wconf 85' lang='lat' dir='ltr'><strong>Deinde</strong></span> <span class='ocrx_word' id='word_1_85' title='bbox 1099 1305 1166 1360; x_wconf 89' lang='lat' dir='ltr'><strong>de</strong></span> <span class='ocrx_word' id='word_1_86' title='bbox 1216 1305 1348 1360; x_wconf 87' lang='lat' dir='ltr'><strong>viris</strong></span> <span class='ocrx_word' id='word_1_87' title='bbox 1405 1307 1608 1361; x_wconf 86' lang='lat' dir='ltr'><strong>sanctis</strong></span> <span class='ocrx_word' id='word_1_88' title='bbox 1659 1309 1824 1364; x_wconf 85' lang='lat' dir='ltr'><strong>verba</strong></span> <span class='ocrx_word' id='word_1_89' title='bbox 1892 1307 2044 1375; x_wconf 81' lang='lat' dir='ltr'><strong>facit,</strong></span> 
     </span>
    </p>
   </div>
   <div class='ocr_carea' id='block_1_14' title="bbox 461 1394 2041 1466">
    <p class='ocr_par' dir='ltr' id='par_1_14' title="bbox 461 1394 2041 1466">
     <span class='ocr_line' id='line_1_14' title="bbox 461 1394 2041 1466; baseline 0.008 -21"><span class='ocrx_word' id='word_1_90' title='bbox 461 1394 662 1449; x_wconf 79' lang='lat' dir='ltr'><strong>virtute</strong></span> <span class='ocrx_word' id='word_1_91' title='bbox 695 1409 759 1449; x_wconf 88' lang='lat' dir='ltr'><strong>ac</strong></span> <span class='ocrx_word' id='word_1_92' title='bbox 790 1394 914 1448; x_wconf 80' lang='lat' dir='ltr'><strong>vita:</strong></span> <span class='ocrx_word' id='word_1_93' title='bbox 945 1411 1148 1464; x_wconf 79' lang='lat' dir='ltr'><strong>genere</strong></span> <span class='ocrx_word' id='word_1_94' title='bbox 1197 1397 1249 1450; x_wconf 92' lang='lat' dir='ltr'><strong>in</strong></span> <span class='ocrx_word' id='word_1_95' title='bbox 1294 1396 1537 1450; x_wconf 85' lang='lat' dir='ltr'><strong>Ecclesia</strong></span> <span class='ocrx_word' id='word_1_96' title='bbox 1581 1399 2041 1466; x_wconf 69' lang='lat' dir='ltr'><strong>praecellentibus.</strong></span> 
     </span>
    </p>
   </div>
   <div class='ocr_carea' id='block_1_15' title="bbox 464 1485 2045 1558">
    <p class='ocr_par' dir='ltr' id='par_1_15' title="bbox 464 1485 2045 1558">
     <span class='ocr_line' id='line_1_15' title="bbox 464 1485 2045 1558; baseline 0.003 -19"><span class='ocrx_word' id='word_1_97' title='bbox 464 1487 539 1539; x_wconf 73' lang='lat' dir='ltr'><strong>lle</strong></span> <span class='ocrx_word' id='word_1_98' title='bbox 590 1485 786 1555; x_wconf 86' lang='lat' dir='ltr'><strong>quibus</strong></span> <span class='ocrx_word' id='word_1_99' title='bbox 851 1486 1077 1555; x_wconf 85' lang='lat' dir='ltr'><strong>Aquilas</strong></span> <span class='ocrx_word' id='word_1_100' title='bbox 1117 1487 1286 1542; x_wconf 87' lang='lat' dir='ltr'><strong>dicit:</strong></span> <span class='ocrx_word' id='word_1_101' title='bbox 1333 1485 1663 1542; x_wconf 85' lang='lat' dir='ltr'><strong>Laudatione</strong></span> <span class='ocrx_word' id='word_1_102' title='bbox 1716 1489 2045 1558; x_wconf 85' lang='lat' dir='ltr'><strong>laudabunt;</strong></span> 
     </span>
    </p>
   </div>
   <div class='ocr_carea' id='block_1_16' title="bbox 463 1579 1816 1650">
    <p class='ocr_par' dir='ltr' id='par_1_16' title="bbox 463 1579 1816 1650">
     <span class='ocr_line' id='line_1_16' title="bbox 463 1579 1816 1650; baseline 0.004 -18"><span class='ocrx_word' id='word_1_103' title='bbox 463 1581 824 1650; x_wconf 73' lang='lat' dir='ltr'><strong>Symmachus</strong></span> <span class='ocrx_word' id='word_1_104' title='bbox 856 1589 1060 1644; x_wconf 84' lang='lat' dir='ltr'><strong>autem,</strong></span> <span class='ocrx_word' id='word_1_105' title='bbox 1088 1579 1458 1636; x_wconf 79' lang='lat' dir='ltr'><strong>Benedicentes</strong></span> <span class='ocrx_word' id='word_1_106' title='bbox 1491 1582 1816 1638; x_wconf 83' lang='lat' dir='ltr'><strong>benediceut.</strong></span> 
     </span>
    </p>
   </div>
   <div class='ocr_carea' id='block_1_17' title="bbox 461 1774 2117 1853">
    <p class='ocr_par' dir='ltr' id='par_1_17' title="bbox 461 1774 2117 1853">
     <span class='ocr_line' id='line_1_17' title="bbox 461 1774 2117 1853; baseline 0.004 -24"><span class='ocrx_word' id='word_1_107' title='bbox 461 1775 630 1832; x_wconf 65' lang='lat' dir='ltr'><strong>Vens.</strong></span> <span class='ocrx_word' id='word_1_108' title='bbox 671 1777 757 1832; x_wconf 75' lang='grc'><strong>18.</strong></span> <span class='ocrx_word' id='word_1_109' title='bbox 795 1776 963 1848; x_wconf 84' lang='lat' dir='ltr'><strong>Super</strong></span> <span class='ocrx_word' id='word_1_110' title='bbox 986 1779 1157 1848; x_wconf 83' lang='lat' dir='ltr'><strong>ipsum</strong></span> <span class='ocrx_word' id='word_1_111' title='bbox 1181 1788 1358 1833; x_wconf 88' lang='lat' dir='ltr'><strong>autem</strong></span> <span class='ocrx_word' id='word_1_112' title='bbox 1398 1781 1650 1853; x_wconf 67' lang='lat' dir='ltr'><strong>eﬁiorebit</strong></span> <span class='ocrx_word' id='word_1_113' title='bbox 1686 1781 2042 1849; x_wconf 80' lang='lat' dir='ltr'><strong>sanctiﬁcatio</strong></span> <span class='ocrx_word' id='word_1_114' title='bbox 2075 1774 2117 1829; x_wconf 85' lang='grc' dir='ltr'><strong><em>Β</em></strong></span> 
     </span>
    </p>
   </div>
   <div class='ocr_carea' id='block_1_18' title="bbox 1187 1867 1322 1905">
    <p class='ocr_par' dir='ltr' id='par_1_18' title="bbox 1187 1867 1322 1905">
     <span class='ocr_line' id='line_1_18' title="bbox 1187 1867 1322 1905; baseline 0.022 -3"><span class='ocrx_word' id='word_1_115' title='bbox 1187 1867 1322 1905; x_wconf 82' lang='lat' dir='ltr'><strong>mea.</strong></span> 
     </span>
    </p>
   </div>
   <div class='ocr_carea' id='block_1_19' title="bbox 542 1937 2046 2008">
    <p class='ocr_par' dir='ltr' id='par_1_19' title="bbox 542 1937 2046 2008">
     <span class='ocr_line' id='line_1_19' title="bbox 542 1937 2046 2008; baseline 0.005 -18"><span class='ocrx_word' id='word_1_116' title='bbox 542 1939 650 1993; x_wconf 91' lang='lat' dir='ltr'><strong>lloc</strong></span> <span class='ocrx_word' id='word_1_117' title='bbox 688 1941 754 1994; x_wconf 90' lang='lat' dir='ltr'><strong>de</strong></span> <span class='ocrx_word' id='word_1_118' title='bbox 777 1937 986 1995; x_wconf 77' lang='lat' dir='ltr'><strong>Jonnne</strong></span> <span class='ocrx_word' id='word_1_119' title='bbox 1028 1941 1178 2005; x_wconf 89' lang='lat' dir='ltr'><strong>dicit,</strong></span> <span class='ocrx_word' id='word_1_120' title='bbox 1203 1940 1356 2008; x_wconf 76' lang='lat' dir='ltr'><strong>juxta</strong></span> <span class='ocrx_word' id='word_1_121' title='bbox 1391 1942 1604 1997; x_wconf 88' lang='lat' dir='ltr'><strong>Domini</strong></span> <span class='ocrx_word' id='word_1_122' title='bbox 1645 1942 1908 1998; x_wconf 84' lang='lat' dir='ltr'><strong>eﬂ&#39;atum:</strong></span> <span class='ocrx_word' id='word_1_123' title='bbox 1943 1943 2046 1998; x_wconf 85' lang='lat' dir='ltr'><strong>Ille</strong></span> 
     </span>
    </p>
   </div>
   <div class='ocr_carea' id='block_1_20' title="bbox 459 2031 2046 2090">
    <p class='ocr_par' dir='ltr' id='par_1_20' title="bbox 459 2031 2046 2090">
     <span class='ocr_line' id='line_1_20' title="bbox 459 2031 2046 2090; baseline 0.004 -8"><span class='ocrx_word' id='word_1_124' title='bbox 459 2039 573 2082; x_wconf 82' lang='lat' dir='ltr'><strong>erat</strong></span> <span class='ocrx_word' id='word_1_125' title='bbox 599 2031 817 2084; x_wconf 84' lang='lat' dir='ltr'><strong>lucerna</strong></span> <span class='ocrx_word' id='word_1_126' title='bbox 849 2032 1042 2084; x_wconf 77' lang='lat' dir='ltr'><strong>ardens</strong></span> <span class='ocrx_word' id='word_1_127' title='bbox 1067 2043 1114 2084; x_wconf 87' lang='lat' dir='ltr'><strong>et</strong></span> <span class='ocrx_word' id='word_1_128' title='bbox 1138 2032 1374 2086; x_wconf 78' lang='lat' dir='ltr'><strong>relucens</strong></span> <span class='ocrx_word' id='word_1_129' title='bbox 1399 2032 1465 2087; x_wconf 79' lang='grc'><strong>³⁸.</strong></span> <span class='ocrx_word' id='word_1_130' title='bbox 1503 2034 1652 2088; x_wconf 88' lang='lat' dir='ltr'><strong>Licet</strong></span> <span class='ocrx_word' id='word_1_131' title='bbox 1673 2035 1776 2089; x_wconf 89' lang='lat' dir='ltr'><strong>hoc</strong></span> <span class='ocrx_word' id='word_1_132' title='bbox 1806 2045 1859 2088; x_wconf 78' lang='lat' dir='ltr'><strong>et</strong></span> <span class='ocrx_word' id='word_1_133' title='bbox 1888 2035 2046 2090; x_wconf 80' lang='lat' dir='ltr'><strong>aliter</strong></span> 
     </span>
    </p>
   </div>
   <div class='ocr_carea' id='block_1_21' title="bbox 445 2120 2046 2195">
    <p class='ocr_par' dir='ltr' id='par_1_21' title="bbox 445 2120 2046 2195">
     <span class='ocr_line' id='line_1_21' title="bbox 445 2120 2046 2195; baseline 0.006 -28"><span class='ocrx_word' id='word_1_134' title='bbox 445 2132 558 2188; x_wconf 76' lang='lat' dir='ltr'><strong>per</strong></span> <span class='ocrx_word' id='word_1_135' title='bbox 605 2125 848 2186; x_wconf 87' lang='lat' dir='ltr'><strong>tempora</strong></span> <span class='ocrx_word' id='word_1_136' title='bbox 911 2120 1348 2187; x_wconf 86' lang='lat' dir='ltr'><strong>persecutionum</strong></span> <span class='ocrx_word' id='word_1_137' title='bbox 1397 2137 1751 2190; x_wconf 84' lang='lat' dir='ltr'><strong>cognoscere.</strong></span> <span class='ocrx_word' id='word_1_138' title='bbox 1799 2122 2046 2195; x_wconf 76' lang='lat' dir='ltr'><strong>Symma-</strong></span> 
     </span>
    </p>
   </div>
   <div class='ocr_carea' id='block_1_22' title="bbox 461 2209 2044 2286">
    <p class='ocr_par' dir='ltr' id='par_1_22' title="bbox 461 2209 2044 2286">
     <span class='ocr_line' id='line_1_22' title="bbox 461 2209 2044 2286; baseline 0.004 -24"><span class='ocrx_word' id='word_1_139' title='bbox 461 2209 596 2263; x_wconf 84' lang='lat' dir='ltr'><strong>chus</strong></span> <span class='ocrx_word' id='word_1_140' title='bbox 624 2225 752 2263; x_wconf 90' lang='lat' dir='ltr'><strong>vero</strong></span> <span class='ocrx_word' id='word_1_141' title='bbox 782 2211 1110 2265; x_wconf 84' lang='lat' dir='ltr'><strong>consecratio</strong></span> <span class='ocrx_word' id='word_1_142' title='bbox 1139 2211 1379 2280; x_wconf 89' lang='lat' dir='ltr'><strong>scripsit.</strong></span> <span class='ocrx_word' id='word_1_143' title='bbox 1409 2212 1705 2269; x_wconf 80' lang='lat' dir='ltr'><strong>Consecrat</strong></span> <span class='ocrx_word' id='word_1_144' title='bbox 1730 2231 1921 2286; x_wconf 84' lang='lat' dir='ltr'><strong>reapse</strong></span> <span class='ocrx_word' id='word_1_145' title='bbox 1947 2229 2044 2284; x_wconf 91' lang='lat' dir='ltr'><strong>per</strong></span> 
     </span>
    </p>
   </div>
   <div class='ocr_carea' id='block_1_23' title="bbox 459 2304 2042 2364">
    <p class='ocr_par' dir='ltr' id='par_1_23' title="bbox 459 2304 2042 2364">
     <span class='ocr_line' id='line_1_23' title="bbox 459 2304 2042 2364; baseline 0.006 -10"><span class='ocrx_word' id='word_1_146' title='bbox 459 2304 773 2356; x_wconf 84' lang='lat' dir='ltr'><strong>universum</strong></span> <span class='ocrx_word' id='word_1_147' title='bbox 819 2304 1006 2360; x_wconf 84' lang='lat' dir='ltr'><strong>orbem</strong></span> <span class='ocrx_word' id='word_1_148' title='bbox 1070 2306 1432 2361; x_wconf 72' lang='lat' dir='ltr'><strong>sanctificatio</strong></span> <span class='ocrx_word' id='word_1_149' title='bbox 1490 2307 1808 2363; x_wconf 84' lang='lat' dir='ltr'><strong>Servatoris</strong></span> <span class='ocrx_word' id='word_1_150' title='bbox 1864 2309 2042 2364; x_wconf 80' lang='lat' dir='ltr'><strong>nostri</strong></span> 
     </span>
    </p>
   </div>
   <div class='ocr_carea' id='block_1_24' title="bbox 457 2391 777 2449">
    <p class='ocr_par' dir='ltr' id='par_1_24' title="bbox 457 2391 777 2449">
     <span class='ocr_line' id='line_1_24' title="bbox 457 2391 777 2449; baseline -0.006 0"><span class='ocrx_word' id='word_1_151' title='bbox 457 2391 777 2449; x_wconf 79' lang='lat' dir='ltr'><strong>Ecclesiam.</strong></span> 
     </span>
    </p>
   </div>
   <div class='ocr_carea' id='block_1_25' title="bbox 931 2486 1558 2544">
    <p class='ocr_par' dir='ltr' id='par_1_25' title="bbox 931 2486 1558 2544">
     <span class='ocr_line' id='line_1_25' title="bbox 931 2486 1558 2544; baseline 0.003 -2"><span class='ocrx_word' id='word_1_152' title='bbox 931 2486 1255 2544; x_wconf 83' lang='lat' dir='ltr'><strong>PSALMUS</strong></span> <span class='ocrx_word' id='word_1_153' title='bbox 1294 2487 1558 2544; x_wconf 78' lang='lat' dir='ltr'><strong>CXXXII.</strong></span> 
     </span>
    </p>
   </div>
   <div class='ocr_carea' id='block_1_26' title="bbox 526 2579 1966 2658">
    <p class='ocr_par' dir='ltr' id='par_1_26' title="bbox 526 2579 1966 2658">
     <span class='ocr_line' id='line_1_26' title="bbox 526 2579 1966 2658; baseline 0.003 -24"><span class='ocrx_word' id='word_1_154' title='bbox 526 2580 691 2635; x_wconf 72' lang='lat' dir='ltr'><strong>Vens.</strong></span> <span class='ocrx_word' id='word_1_155' title='bbox 727 2580 778 2636; x_wconf 77' lang='grc' dir='ltr'><strong>Ι.</strong></span> <span class='ocrx_word' id='word_1_156' title='bbox 822 2579 958 2634; x_wconf 86' lang='lat' dir='ltr'><strong>Ecce</strong></span> <span class='ocrx_word' id='word_1_157' title='bbox 996 2582 1122 2651; x_wconf 86' lang='lat' dir='ltr'><strong>quid</strong></span> <span class='ocrx_word' id='word_1_158' title='bbox 1170 2583 1373 2658; x_wconf 69' lang='lat' dir='ltr'><strong>bonum</strong></span> <span class='ocrx_word' id='word_1_159' title='bbox 1403 2592 1452 2636; x_wconf 86' lang='lat' dir='ltr'><strong>et</strong></span> <span class='ocrx_word' id='word_1_160' title='bbox 1485 2583 1615 2653; x_wconf 84' lang='lat' dir='ltr'><strong>quid</strong></span> <span class='ocrx_word' id='word_1_161' title='bbox 1641 2585 1966 2652; x_wconf 65' lang='lat' dir='ltr'><strong>jucundum,</strong></span> 
     </span>
    </p>
   </div>
   <div class='ocr_carea' id='block_1_27' title="bbox 845 2653 1654 2720">
    <p class='ocr_par' dir='ltr' id='par_1_27' title="bbox 845 2653 1654 2720">
     <span class='ocr_line' id='line_1_27' title="bbox 845 2653 1654 2720; baseline 0.01 -18"><span class='ocrx_word' id='word_1_162' title='bbox 845 2662 1036 2720; x_wconf 77' lang='lat' dir='ltr'><strong>prwter</strong></span> <span class='ocrx_word' id='word_1_163' title='bbox 1061 2669 1219 2717; x_wconf 83' lang='lat' dir='ltr'><strong>quam</strong></span> <span class='ocrx_word' id='word_1_164' title='bbox 1249 2653 1513 2717; x_wconf 76' lang='lat' dir='ltr'><strong>habitare,</strong></span> <span class='ocrx_word' id='word_1_165' title='bbox 1546 2664 1654 2710; x_wconf 89' lang='lat' dir='ltr'><strong>etc.</strong></span> 
     </span>
    </p>
   </div>
   <div class='ocr_carea' id='block_1_28' title="bbox 530 2736 2037 2811">
    <p class='ocr_par' dir='ltr' id='par_1_28' title="bbox 530 2736 2037 2811">
     <span class='ocr_line' id='line_1_28' title="bbox 530 2736 2037 2811; baseline 0.005 -21"><span class='ocrx_word' id='word_1_166' title='bbox 530 2736 644 2791; x_wconf 86' lang='lat' dir='ltr'><strong>Non</strong></span> <span class='ocrx_word' id='word_1_167' title='bbox 673 2753 836 2792; x_wconf 86' lang='lat' dir='ltr'><strong>nume</strong></span> <span class='ocrx_word' id='word_1_168' title='bbox 866 2739 1088 2804; x_wconf 89' lang='lat' dir='ltr'><strong>bonum,</strong></span> <span class='ocrx_word' id='word_1_169' title='bbox 1121 2743 1324 2810; x_wconf 88' lang='lat' dir='ltr'><strong>pariter</strong></span> <span class='ocrx_word' id='word_1_170' title='bbox 1351 2753 1407 2797; x_wconf 89' lang='lat' dir='ltr'><strong>et</strong></span> <span class='ocrx_word' id='word_1_171' title='bbox 1436 2744 1738 2811; x_wconf 88' lang='lat' dir='ltr'><strong>jucundum</strong></span> <span class='ocrx_word' id='word_1_172' title='bbox 1768 2754 1849 2797; x_wconf 87' lang='lat' dir='ltr'><strong>est</strong></span> <span class='ocrx_word' id='word_1_173' title='bbox 1881 2763 1894 2810; x_wconf 91' lang='lat'>;</span> <span class='ocrx_word' id='word_1_174' title='bbox 1943 2760 2037 2798; x_wconf 88' lang='lat' dir='ltr'><strong>ne-</strong></span> 
     </span>
    </p>
   </div>
   <div class='ocr_carea' id='block_1_29' title="bbox 455 2831 2037 2899">
    <p class='ocr_par' dir='ltr' id='par_1_29' title="bbox 455 2831 2037 2899">
     <span class='ocr_line' id='line_1_29' title="bbox 455 2831 2037 2899; baseline 0.008 -19"><span class='ocrx_word' id='word_1_175' title='bbox 455 2844 560 2898; x_wconf 86' lang='lat' dir='ltr'><strong>que</strong></span> <span class='ocrx_word' id='word_1_176' title='bbox 590 2845 752 2886; x_wconf 89' lang='lat' dir='ltr'><strong>omne</strong></span> <span class='ocrx_word' id='word_1_177' title='bbox 790 2831 1115 2899; x_wconf 80' lang='lat' dir='ltr'><strong>jucundum,</strong></span> <span class='ocrx_word' id='word_1_178' title='bbox 1159 2834 1318 2888; x_wconf 88' lang='lat' dir='ltr'><strong>simul</strong></span> <span class='ocrx_word' id='word_1_179' title='bbox 1371 2845 1425 2889; x_wconf 91' lang='lat' dir='ltr'><strong>et</strong></span> <span class='ocrx_word' id='word_1_180' title='bbox 1470 2837 1670 2890; x_wconf 89' lang='lat' dir='ltr'><strong>bonum</strong></span> <span class='ocrx_word' id='word_1_181' title='bbox 1720 2848 1827 2893; x_wconf 84' lang='lat' dir='ltr'><strong>est.</strong></span> <span class='ocrx_word' id='word_1_182' title='bbox 1871 2837 2037 2893; x_wconf 69' lang='lat' dir='ltr'><strong>Multa</strong></span> 
     </span>
    </p>
   </div>
   <div class='ocr_carea' id='block_1_30' title="bbox 455 2923 2036 2997">
    <p class='ocr_par' dir='ltr' id='par_1_30' title="bbox 455 2923 2036 2997">
     <span class='ocr_line' id='line_1_30' title="bbox 455 2923 2036 2997; baseline 0.007 -22"><span class='ocrx_word' id='word_1_183' title='bbox 455 2923 599 2976; x_wconf 85' lang='lat' dir='ltr'><strong>enim</strong></span> <span class='ocrx_word' id='word_1_184' title='bbox 625 2934 753 2978; x_wconf 82' lang='lat' dir='ltr'><strong>sunt</strong></span> <span class='ocrx_word' id='word_1_185' title='bbox 785 2924 984 2992; x_wconf 87' lang='lat' dir='ltr'><strong>dulcia,</strong></span> <span class='ocrx_word' id='word_1_186' title='bbox 1013 2934 1066 2980; x_wconf 88' lang='lat' dir='ltr'><strong>et</strong></span> <span class='ocrx_word' id='word_1_187' title='bbox 1099 2936 1276 2982; x_wconf 91' lang='lat' dir='ltr'><strong>tamen</strong></span> <span class='ocrx_word' id='word_1_188' title='bbox 1309 2943 1474 2997; x_wconf 88' lang='lat' dir='ltr'><strong>prava</strong></span> <span class='ocrx_word' id='word_1_189' title='bbox 1507 2949 1519 2984; x_wconf 92' lang='lat'><strong>:</strong></span> <span class='ocrx_word' id='word_1_190' title='bbox 1560 2939 1614 2984; x_wconf 90' lang='lat' dir='ltr'><strong>et</strong></span> <span class='ocrx_word' id='word_1_191' title='bbox 1642 2931 1887 2986; x_wconf 82' lang='lat' dir='ltr'><strong>vicissim</strong></span> <span class='ocrx_word' id='word_1_192' title='bbox 1930 2932 2036 2986; x_wconf 85' lang='lat' dir='ltr'><strong>alia</strong></span> 
     </span>
    </p>
   </div>
   <div class='ocr_carea' id='block_1_31' title="bbox 456 3013 2038 3081">
    <p class='ocr_par' dir='ltr' id='par_1_31' title="bbox 456 3013 2038 3081">
     <span class='ocr_line' id='line_1_31' title="bbox 456 3013 2038 3081; baseline 0.008 -14"><span class='ocrx_word' id='word_1_193' title='bbox 456 3013 728 3071; x_wconf 78' lang='lat' dir='ltr'><strong>laboriosa</strong></span> <span class='ocrx_word' id='word_1_194' title='bbox 757 3027 904 3081; x_wconf 90' lang='lat' dir='ltr'><strong>sunt,</strong></span> <span class='ocrx_word' id='word_1_195' title='bbox 937 3019 1032 3074; x_wconf 89' lang='lat' dir='ltr'><strong>sed</strong></span> <span class='ocrx_word' id='word_1_196' title='bbox 1073 3030 1252 3074; x_wconf 88' lang='lat' dir='ltr'><strong>tamen</strong></span> <span class='ocrx_word' id='word_1_197' title='bbox 1280 3023 1440 3076; x_wconf 87' lang='lat' dir='ltr'><strong>bona.</strong></span> <span class='ocrx_word' id='word_1_198' title='bbox 1487 3022 1878 3079; x_wconf 80' lang='lat' dir='ltr'><strong>Verumtamen</strong></span> <span class='ocrx_word' id='word_1_199' title='bbox 1909 3040 2038 3080; x_wconf 84' lang='lat' dir='ltr'><strong>cou-</strong></span> 
     </span>
    </p>
   </div>
   <div class='ocr_carea' id='block_1_32' title="bbox 2149 503 3377 580">
    <p class='ocr_par' dir='ltr' id='par_1_32' title="bbox 2149 503 3377 580">
     <span class='ocr_line' id='line_1_32' title="bbox 2149 503 3377 580; baseline 0.005 -23"><span class='ocrx_word' id='word_1_200' title='bbox 2149 503 2336 576; x_wconf 83' lang='grc' dir='ltr'>θρόνον</span> <span class='ocrx_word' id='word_1_201' title='bbox 2372 525 2465 560; x_wconf 88' lang='grc' dir='ltr'><strong>σου</strong></span> <span class='ocrx_word' id='word_1_202' title='bbox 2495 508 2586 560; x_wconf 77' lang='grc' dir='ltr'><strong>τὸν</strong></span> <span class='ocrx_word' id='word_1_203' title='bbox 2615 508 2690 578; x_wconf 84' lang='grc' dir='ltr'>τῷ</span> <span class='ocrx_word' id='word_1_204' title='bbox 2716 507 2938 580; x_wconf 82' lang='grc' dir='ltr'>Χριστῷ</span> <span class='ocrx_word' id='word_1_205' title='bbox 2959 509 3377 580; x_wconf 78' lang='grc' dir='ltr'><strong>ἡτοιμασμένον.</strong></span> 
     </span>
    </p>
   </div>
   <div class='ocr_carea' id='block_1_33' title="bbox 2153 595 3738 668">
    <p class='ocr_par' dir='ltr' id='par_1_33' title="bbox 2153 595 3738 668">
     <span class='ocr_line' id='line_1_33' title="bbox 2153 595 3738 668; baseline 0.003 -16"><span class='ocrx_word' id='word_1_206' title='bbox 2153 595 2272 666; x_wconf 74' lang='grc' dir='ltr'><strong>Τὴν</strong></span> <span class='ocrx_word' id='word_1_207' title='bbox 2295 602 2484 668; x_wconf 75' lang='grc' dir='ltr'>θήραν·</span> <span class='ocrx_word' id='word_1_208' title='bbox 2512 599 2703 667; x_wconf 76' lang='grc' dir='ltr'>αὐτῆς</span> <span class='ocrx_word' id='word_1_209' title='bbox 2732 598 2992 668; x_wconf 75' lang='grc' dir='ltr'>εὐλογῶν</span> <span class='ocrx_word' id='word_1_210' title='bbox 3030 601 3362 666; x_wconf 74' lang='grc' dir='ltr'><strong>εὐλογήσω,</strong></span> <span class='ocrx_word' id='word_1_211' title='bbox 3403 600 3545 668; x_wconf 83' lang='grc' dir='ltr'>τοὺς</span> <span class='ocrx_word' id='word_1_212' title='bbox 3578 617 3738 657; x_wconf 76' lang='grc' dir='ltr'>πτω-</span> 
     </span>
    </p>
   </div>
   <div class='ocr_carea' id='block_1_34' title="bbox 2481 669 3383 740">
    <p class='ocr_par' dir='ltr' id='par_1_34' title="bbox 2481 669 3383 740">
     <span class='ocr_line' id='line_1_34' title="bbox 2481 669 3383 740; baseline 0.001 -18"><span class='ocrx_word' id='word_1_213' title='bbox 2481 670 2631 740; x_wconf 79' lang='grc' dir='ltr'>χοὺς</span> <span class='ocrx_word' id='word_1_214' title='bbox 2653 669 2843 739; x_wconf 75' lang='grc' dir='ltr'>αὐτῆς</span> <span class='ocrx_word' id='word_1_215' title='bbox 2871 669 3145 739; x_wconf 84' lang='grc' dir='ltr'><strong>χορτάσω</strong></span> <span class='ocrx_word' id='word_1_216' title='bbox 3174 672 3383 738; x_wconf 74' lang='grc' dir='ltr'>ἄρτων.</span> 
     </span>
    </p>
   </div>
   <div class='ocr_carea' id='block_1_35' title="bbox 2219 760 3740 835">
    <p class='ocr_par' dir='ltr' id='par_1_35' title="bbox 2219 760 3740 835">
     <span class='ocr_line' id='line_1_35' title="bbox 2219 760 3740 835; baseline 0.003 -21"><span class='ocrx_word' id='word_1_217' title='bbox 2219 761 2375 815; x_wconf 74' lang='grc' dir='ltr'>Κατὰ</span> <span class='ocrx_word' id='word_1_218' title='bbox 2403 760 2458 815; x_wconf 83' lang='grc' dir='ltr'>δὲ</span> <span class='ocrx_word' id='word_1_219' title='bbox 2486 762 2795 832; x_wconf 78' lang='grc' dir='ltr'>ἀναγωγὴν,</span> <span class='ocrx_word' id='word_1_220' title='bbox 2829 762 2968 835; x_wconf 81' lang='grc' dir='ltr'>θήρα</span> <span class='ocrx_word' id='word_1_221' title='bbox 2997 760 3131 815; x_wconf 84' lang='grc' dir='ltr'>Σιὼν</span> <span class='ocrx_word' id='word_1_222' title='bbox 3165 763 3214 815; x_wconf 83' lang='grc' dir='ltr'>οἱ</span> <span class='ocrx_word' id='word_1_223' title='bbox 3240 762 3394 834; x_wconf 81' lang='grc' dir='ltr'>δίκην</span> <span class='ocrx_word' id='word_1_224' title='bbox 3423 763 3616 835; x_wconf 86' lang='grc' dir='ltr'>ἰχθύων</span> <span class='ocrx_word' id='word_1_225' title='bbox 3646 764 3740 818; x_wconf 72' lang='grc' dir='ltr'>διὰ</span> 
     </span>
    </p>
   </div>
   <div class='ocr_carea' id='block_1_36' title="bbox 2147 854 3738 928">
    <p class='ocr_par' dir='ltr' id='par_1_36' title="bbox 2147 854 3738 928">
     <span class='ocr_line' id='line_1_36' title="bbox 2147 854 3738 928; baseline 0.001 -20"><span class='ocrx_word' id='word_1_226' title='bbox 2147 854 2255 908; x_wconf 80' lang='grc' dir='ltr'><strong>τῶν</strong></span> <span class='ocrx_word' id='word_1_227' title='bbox 2281 854 2652 924; x_wconf 81' lang='grc' dir='ltr'>εὺαγγελικῶν</span> <span class='ocrx_word' id='word_1_228' title='bbox 2679 855 2773 908; x_wconf 74' lang='grc' dir='ltr'><strong>καὶ</strong></span> <span class='ocrx_word' id='word_1_229' title='bbox 2802 855 3174 909; x_wconf 82' lang='grc' dir='ltr'>ἁποστολικῶν</span> <span class='ocrx_word' id='word_1_230' title='bbox 3200 855 3428 908; x_wconf 81' lang='grc' dir='ltr'><strong>δικτύων</strong></span> <span class='ocrx_word' id='word_1_231' title='bbox 3461 857 3738 928; x_wconf 80' lang='grc' dir='ltr'><strong>ὁσημέραι</strong></span> 
     </span>
    </p>
   </div>
   <div class='ocr_carea' id='block_1_37' title="bbox 2151 944 3742 1019">
    <p class='ocr_par' dir='ltr' id='par_1_37' title="bbox 2151 944 3742 1019">
     <span class='ocr_line' id='line_1_37' title="bbox 2151 944 3742 1019; baseline -0.008 -17"><span class='ocrx_word' id='word_1_232' title='bbox 2151 944 2522 1018; x_wconf 81' lang='grc' dir='ltr'>ζωγρούμενοι</span> <span class='ocrx_word' id='word_1_233' title='bbox 2547 963 2560 976; x_wconf 82' lang='grc'><strong><em>⁸</em></strong></span> <span class='ocrx_word' id='word_1_234' title='bbox 2598 947 2803 1018; x_wconf 76' lang='grc' dir='ltr'>πτωχοὶ</span> <span class='ocrx_word' id='word_1_235' title='bbox 2847 945 2904 1000; x_wconf 83' lang='grc' dir='ltr'><strong>δὲ</strong></span> <span class='ocrx_word' id='word_1_236' title='bbox 2935 947 3104 1019; x_wconf 81' lang='grc' dir='ltr'>αὐτῆς</span> <span class='ocrx_word' id='word_1_237' title='bbox 3134 949 3180 1000; x_wconf 92' lang='grc' dir='ltr'>οἱ</span> <span class='ocrx_word' id='word_1_238' title='bbox 3209 947 3486 1019; x_wconf 85' lang='grc' dir='ltr'>μακάριοι.</span> <span class='ocrx_word' id='word_1_239' title='bbox 3529 951 3612 1002; x_wconf 83' lang='grc' dir='ltr'><strong>ὃτι</strong></span> <span class='ocrx_word' id='word_1_240' title='bbox 3637 951 3742 1002; x_wconf 59' lang='grc' dir='ltr'><strong>αὖ-</strong></span> 
     </span>
    </p>
   </div>
   <div class='ocr_carea' id='block_1_38' title="bbox 2147 1038 3742 1114">
    <p class='ocr_par' dir='ltr' id='par_1_38' title="bbox 2147 1038 3742 1114">
     <span class='ocr_line' id='line_1_38' title="bbox 2147 1038 3742 1114; baseline 0.001 -22"><span class='ocrx_word' id='word_1_241' title='bbox 2147 1038 2256 1092; x_wconf 80' lang='grc' dir='ltr'><strong>τῶν</strong></span> <span class='ocrx_word' id='word_1_242' title='bbox 2283 1040 2490 1110; x_wconf 75' lang='grc' dir='ltr'>ἐστινὴ</span> <span class='ocrx_word' id='word_1_243' title='bbox 2524 1039 2769 1110; x_wconf 85' lang='grc' dir='ltr'>βασιλεία</span> <span class='ocrx_word' id='word_1_244' title='bbox 2801 1040 2908 1094; x_wconf 84' lang='grc' dir='ltr'><strong>τῶν</strong></span> <span class='ocrx_word' id='word_1_245' title='bbox 2943 1040 3185 1110; x_wconf 78' lang='grc' dir='ltr'>οὐρανῶν</span> <span class='ocrx_word' id='word_1_246' title='bbox 3210 1058 3221 1070; x_wconf 92' lang='grc'><strong>·</strong></span> <span class='ocrx_word' id='word_1_247' title='bbox 3266 1041 3316 1094; x_wconf 83' lang='grc' dir='ltr'>οἳ</span> <span class='ocrx_word' id='word_1_248' title='bbox 3348 1041 3437 1094; x_wconf 88' lang='grc' dir='ltr'><strong>τὸν</strong></span> <span class='ocrx_word' id='word_1_249' title='bbox 3467 1043 3629 1114; x_wconf 81' lang='grc' dir='ltr'><strong>ἄρτον</strong></span> <span class='ocrx_word' id='word_1_250' title='bbox 3661 1059 3742 1094; x_wconf 89' lang='grc' dir='ltr'>σι-</span> 
     </span>
    </p>
   </div>
   <div class='ocr_carea' id='block_1_39' title="bbox 2148 1131 3740 1199">
    <p class='ocr_par' dir='ltr' id='par_1_39' title="bbox 2148 1131 3740 1199">
     <span class='ocr_line' id='line_1_39' title="bbox 2148 1131 3740 1199; baseline 0.002 -16"><span class='ocrx_word' id='word_1_251' title='bbox 2148 1131 2365 1186; x_wconf 79' lang='grc' dir='ltr'>τοῦνται</span> <span class='ocrx_word' id='word_1_252' title='bbox 2398 1131 2488 1185; x_wconf 84' lang='grc' dir='ltr'>τὸν</span> <span class='ocrx_word' id='word_1_253' title='bbox 2510 1131 2570 1197; x_wconf 78' lang='grc' dir='ltr'>ἐξ</span> <span class='ocrx_word' id='word_1_254' title='bbox 2599 1132 2828 1199; x_wconf 81' lang='grc' dir='ltr'>ούρανοῦ</span> <span class='ocrx_word' id='word_1_255' title='bbox 2855 1133 3166 1186; x_wconf 84' lang='grc' dir='ltr'>καταϐάντα</span> <span class='ocrx_word' id='word_1_256' title='bbox 3190 1151 3202 1163; x_wconf 93' lang='grc'><strong>·</strong></span> <span class='ocrx_word' id='word_1_257' title='bbox 3236 1132 3369 1187; x_wconf 81' lang='grc' dir='ltr'>ἀλλὰ</span> <span class='ocrx_word' id='word_1_258' title='bbox 3406 1135 3496 1186; x_wconf 77' lang='grc' dir='ltr'><strong>καὶ</strong></span> <span class='ocrx_word' id='word_1_259' title='bbox 3527 1134 3576 1186; x_wconf 82' lang='grc' dir='ltr'>οἱ</span> <span class='ocrx_word' id='word_1_260' title='bbox 3599 1134 3740 1188; x_wconf 86' lang='grc' dir='ltr'>ταύ-</span> 
     </span>
    </p>
   </div>
   <div class='ocr_carea' id='block_1_40' title="bbox 2147 1222 3737 1297">
    <p class='ocr_par' dir='ltr' id='par_1_40' title="bbox 2147 1222 3737 1297">
     <span class='ocr_line' id='line_1_40' title="bbox 2147 1222 3737 1297; baseline 0.001 -20"><span class='ocrx_word' id='word_1_261' title='bbox 2147 1242 2249 1294; x_wconf 86' lang='grc' dir='ltr'><strong>της</strong></span> <span class='ocrx_word' id='word_1_262' title='bbox 2283 1226 2471 1297; x_wconf 83' lang='grc' dir='ltr'><strong>ἱερεῖς,</strong></span> <span class='ocrx_word' id='word_1_263' title='bbox 2517 1225 2733 1297; x_wconf 81' lang='grc' dir='ltr'>πρῶτον</span> <span class='ocrx_word' id='word_1_264' title='bbox 2773 1227 2998 1290; x_wconf 77' lang='grc' dir='ltr'>ἑαυτοὺς</span> <span class='ocrx_word' id='word_1_265' title='bbox 3034 1226 3399 1297; x_wconf 83' lang='grc' dir='ltr'>δικαιοσύνην,</span> <span class='ocrx_word' id='word_1_266' title='bbox 3440 1228 3516 1291; x_wconf 86' lang='grc' dir='ltr'>ὼς</span> <span class='ocrx_word' id='word_1_267' title='bbox 3554 1222 3737 1291; x_wconf 81' lang='grc' dir='ltr'>εἶπεν,</span> 
     </span>
    </p>
   </div>
   <div class='ocr_carea' id='block_1_41' title="bbox 2149 1314 3738 1391">
    <p class='ocr_par' dir='ltr' id='par_1_41' title="bbox 2149 1314 3738 1391">
     <span class='ocr_line' id='line_1_41' title="bbox 2149 1314 3738 1391; baseline 0.003 -24"><span class='ocrx_word' id='word_1_268' title='bbox 2149 1315 2486 1381; x_wconf 77' lang='grc' dir='ltr'>ἐνδύσαντες,</span> <span class='ocrx_word' id='word_1_269' title='bbox 2519 1317 2624 1370; x_wconf 84' lang='grc' dir='ltr'><strong>ὑπὸ</strong></span> <span class='ocrx_word' id='word_1_270' title='bbox 2656 1316 2791 1370; x_wconf 79' lang='grc' dir='ltr'>Θεοῦ</span> <span class='ocrx_word' id='word_1_271' title='bbox 2828 1317 3239 1389; x_wconf 89' lang='grc' dir='ltr'>περιϐάλλονται</span> <span class='ocrx_word' id='word_1_272' title='bbox 3275 1319 3544 1391; x_wconf 80' lang='grc' dir='ltr'>σωτηρίαν</span> <span class='ocrx_word' id='word_1_273' title='bbox 3566 1337 3578 1348; x_wconf 92' lang='grc'><strong>·</strong></span> <span class='ocrx_word' id='word_1_274' title='bbox 3611 1314 3738 1372; x_wconf 80' lang='grc' dir='ltr'>εἶτα</span> 
     </span>
    </p>
   </div>
   <div class='ocr_carea' id='block_1_42' title="bbox 2149 1408 3741 1484">
    <p class='ocr_par' dir='ltr' id='par_1_42' title="bbox 2149 1408 3741 1484">
     <span class='ocr_line' id='line_1_42' title="bbox 2149 1408 3741 1484; baseline 0.003 -24"><span class='ocrx_word' id='word_1_275' title='bbox 2149 1408 2296 1478; x_wconf 83' lang='grc' dir='ltr'>λέγει</span> <span class='ocrx_word' id='word_1_276' title='bbox 2321 1409 2450 1480; x_wconf 75' lang='grc' dir='ltr'>περὶ</span> <span class='ocrx_word' id='word_1_277' title='bbox 2482 1409 2591 1463; x_wconf 84' lang='grc' dir='ltr'><strong>τῶν</strong></span> <span class='ocrx_word' id='word_1_278' title='bbox 2619 1409 2802 1474; x_wconf 85' lang='grc' dir='ltr'>ὁσίων,</span> <span class='ocrx_word' id='word_1_279' title='bbox 2835 1409 2944 1462; x_wconf 85' lang='grc' dir='ltr'><strong>τῶν</strong></span> <span class='ocrx_word' id='word_1_280' title='bbox 2971 1409 3138 1482; x_wconf 82' lang='grc' dir='ltr'>ἀρετῇ</span> <span class='ocrx_word' id='word_1_281' title='bbox 3166 1412 3258 1464; x_wconf 72' lang='grc' dir='ltr'><strong>καὶ</strong></span> <span class='ocrx_word' id='word_1_282' title='bbox 3287 1410 3386 1483; x_wconf 85' lang='grc' dir='ltr'><strong>βίῳ</strong></span> <span class='ocrx_word' id='word_1_283' title='bbox 3406 1413 3741 1484; x_wconf 69' lang='grc' dir='ltr'>διαπρεπόνη</span> 
     </span>
    </p>
   </div>
   <div class='ocr_carea' id='block_1_43' title="bbox 2150 1494 3738 1576">
    <p class='ocr_par' dir='ltr' id='par_1_43' title="bbox 2150 1494 3738 1576">
     <span class='ocr_line' id='line_1_43' title="bbox 2150 1494 3738 1576; baseline 0.003 -22"><span class='ocrx_word' id='word_1_284' title='bbox 2150 1518 2258 1554; x_wconf 89' lang='grc' dir='ltr'><strong>των</strong></span> <span class='ocrx_word' id='word_1_285' title='bbox 2281 1501 2338 1553; x_wconf 85' lang='grc' dir='ltr'>ὲν</span> <span class='ocrx_word' id='word_1_286' title='bbox 2384 1501 2707 1574; x_wconf 81' lang='grc' dir='ltr'>Ἐκκλησίᾳ’</span> <span class='ocrx_word' id='word_1_287' title='bbox 2753 1502 2882 1573; x_wconf 74' lang='grc' dir='ltr'>περὶ</span> <span class='ocrx_word' id='word_1_288' title='bbox 2911 1494 2985 1556; x_wconf 83' lang='grc' dir='ltr'>ὧν</span> <span class='ocrx_word' id='word_1_289' title='bbox 3024 1502 3254 1568; x_wconf 86' lang='grc' dir='ltr'>Ἀκύλας</span> <span class='ocrx_word' id='word_1_290' title='bbox 3285 1504 3383 1575; x_wconf 83' lang='grc' dir='ltr'>μὲν</span> <span class='ocrx_word' id='word_1_291' title='bbox 3411 1504 3534 1576; x_wconf 74' lang='grc' dir='ltr'><strong>ἔφη·</strong></span> <span class='ocrx_word' id='word_1_292' title='bbox 3560 1505 3738 1559; x_wconf 76' lang='grc' dir='ltr'><strong>Αἰνέ-</strong></span> 
     </span>
    </p>
   </div>
   <div class='ocr_carea' id='block_1_44' title="bbox 2149 1591 3740 1667">
    <p class='ocr_par' dir='ltr' id='par_1_44' title="bbox 2149 1591 3740 1667">
     <span class='ocr_line' id='line_1_44' title="bbox 2149 1591 3740 1667; baseline 0.004 -21"><span class='ocrx_word' id='word_1_293' title='bbox 2149 1607 2246 1646; x_wconf 86' lang='grc' dir='ltr'><strong>σει</strong></span> <span class='ocrx_word' id='word_1_294' title='bbox 2271 1591 2657 1648; x_wconf 80' lang='grc' dir='ltr'>αἰνέσουσιν·</span> <span class='ocrx_word' id='word_1_295' title='bbox 2685 1594 2714 1645; x_wconf 88' lang='grc' dir='ltr'><strong>ὁ</strong></span> <span class='ocrx_word' id='word_1_296' title='bbox 2734 1593 2790 1647; x_wconf 82' lang='grc' dir='ltr'>δὲ</span> <span class='ocrx_word' id='word_1_297' title='bbox 2831 1593 3146 1667; x_wconf 77' lang='grc' dir='ltr'>Σύμμαχος,</span> <span class='ocrx_word' id='word_1_298' title='bbox 3178 1595 3606 1667; x_wconf 66' lang='grc' dir='ltr'>Εὑφημοῦντες</span> <span class='ocrx_word' id='word_1_299' title='bbox 3635 1599 3740 1652; x_wconf 78' lang='grc' dir='ltr'><strong>εὐ·-</strong></span> 
     </span>
    </p>
   </div>
   <div class='ocr_carea' id='block_1_45' title="bbox 2151 1683 2564 1756">
    <p class='ocr_par' dir='ltr' id='par_1_45' title="bbox 2151 1683 2564 1756">
     <span class='ocr_line' id='line_1_45' title="bbox 2151 1683 2564 1756; baseline 0.01 -19"><span class='ocrx_word' id='word_1_300' title='bbox 2151 1683 2564 1756; x_wconf 73' lang='grc' dir='ltr'>φημήσουσιν.</span> 
     </span>
    </p>
   </div>
   <div class='ocr_carea' id='block_1_46' title="bbox 2266 1775 3609 1851">
    <p class='ocr_par' dir='ltr' id='par_1_46' title="bbox 2266 1775 3609 1851">
     <span class='ocr_line' id='line_1_46' title="bbox 2266 1775 3609 1851; baseline 0.007 -22"><span class='ocrx_word' id='word_1_301' title='bbox 2266 1775 2399 1830; x_wconf 80' lang='grc' dir='ltr'><strong>Ἐπὶ</strong></span> <span class='ocrx_word' id='word_1_302' title='bbox 2427 1776 2496 1830; x_wconf 84' lang='grc' dir='ltr'>δὲ</span> <span class='ocrx_word' id='word_1_303' title='bbox 2526 1777 2715 1840; x_wconf 76' lang='grc' dir='ltr'>αὐτὸν</span> <span class='ocrx_word' id='word_1_304' title='bbox 2739 1778 3063 1850; x_wconf 79' lang='grc' dir='ltr'>ἐξανθήσει</span> <span class='ocrx_word' id='word_1_305' title='bbox 3089 1780 3153 1834; x_wconf 84' lang='grc' dir='ltr'>τὸ</span> <span class='ocrx_word' id='word_1_306' title='bbox 3181 1780 3448 1851; x_wconf 75' lang='grc' dir='ltr'>ἁγίασμά</span> <span class='ocrx_word' id='word_1_307' title='bbox 3469 1798 3609 1851; x_wconf 84' lang='grc' dir='ltr'>μου.</span> 
     </span>
    </p>
   </div>
   <div class='ocr_carea' id='block_1_47' title="bbox 2218 1957 3745 2036">
    <p class='ocr_par' dir='ltr' id='par_1_47' title="bbox 2218 1957 3745 2036">
     <span class='ocr_line' id='line_1_47' title="bbox 2218 1957 3745 2036; baseline 0.006 -26"><span class='ocrx_word' id='word_1_308' title='bbox 2218 1957 2387 2011; x_wconf 81' lang='grc' dir='ltr'>Τοῦτο</span> <span class='ocrx_word' id='word_1_309' title='bbox 2421 1960 2548 2032; x_wconf 81' lang='grc' dir='ltr'>περὶ</span> <span class='ocrx_word' id='word_1_310' title='bbox 2590 1960 2834 2014; x_wconf 83' lang='grc' dir='ltr'>Ἰωάννου</span> <span class='ocrx_word' id='word_1_311' title='bbox 2870 1963 3024 2032; x_wconf 76' lang='grc' dir='ltr'>φησί,</span> <span class='ocrx_word' id='word_1_312' title='bbox 3055 1962 3198 2016; x_wconf 79' lang='grc' dir='ltr'>κατὰ</span> <span class='ocrx_word' id='word_1_313' title='bbox 3226 1964 3286 2017; x_wconf 84' lang='grc' dir='ltr'>τὺ</span> <span class='ocrx_word' id='word_1_314' title='bbox 3318 1963 3604 2036; x_wconf 78' lang='grc' dir='ltr'>εἰρημένον</span> <span class='ocrx_word' id='word_1_315' title='bbox 3634 1982 3745 2019; x_wconf 75' lang='grc' dir='ltr'>ποι-ι</span> 
     </span>
    </p>
   </div>
   <div class='ocr_carea' id='block_1_48' title="bbox 2151 2047 3737 2126">
    <p class='ocr_par' dir='ltr' id='par_1_48' title="bbox 2151 2047 3737 2126">
     <span class='ocr_line' id='line_1_48' title="bbox 2151 2047 3737 2126; baseline 0.004 -23"><span class='ocrx_word' id='word_1_316' title='bbox 2151 2047 2220 2122; x_wconf 76' lang='grc' dir='ltr'>ρὰ</span> <span class='ocrx_word' id='word_1_317' title='bbox 2244 2051 2448 2122; x_wconf 82' lang='grc' dir='ltr'>Κυρίου</span> <span class='ocrx_word' id='word_1_318' title='bbox 2474 2068 2487 2081; x_wconf 90' lang='grc'><strong>·</strong></span> <span class='ocrx_word' id='word_1_319' title='bbox 2530 2053 2788 2119; x_wconf 80' lang='grc' dir='ltr'>Ἐκεῖνος</span> <span class='ocrx_word' id='word_1_320' title='bbox 2811 2050 2890 2124; x_wconf 81' lang='grc' dir='ltr'><strong>ἦν</strong></span> <span class='ocrx_word' id='word_1_321' title='bbox 2913 2058 2946 2109; x_wconf 83' lang='grc' dir='ltr'><em>ὀ</em></span> <span class='ocrx_word' id='word_1_322' title='bbox 2965 2056 3193 2126; x_wconf 79' lang='grc' dir='ltr'>λύχνος</span> <span class='ocrx_word' id='word_1_323' title='bbox 3233 2059 3266 2110; x_wconf 87' lang='grc' dir='ltr'><strong>ό</strong></span> <span class='ocrx_word' id='word_1_324' title='bbox 3291 2058 3606 2126; x_wconf 81' lang='grc' dir='ltr'>καιόμενος</span> <span class='ocrx_word' id='word_1_325' title='bbox 3630 2058 3737 2111; x_wconf 78' lang='grc' dir='ltr'>καὶ</span> 
     </span>
    </p>
   </div>
   <div class='ocr_carea' id='block_1_49' title="bbox 2145 2143 3740 2213">
    <p class='ocr_par' dir='ltr' id='par_1_49' title="bbox 2145 2143 3740 2213">
     <span class='ocr_line' id='line_1_49' title="bbox 2145 2143 3740 2213; baseline 0.005 -18"><span class='ocrx_word' id='word_1_326' title='bbox 2145 2145 2398 2213; x_wconf 73' lang='grc' dir='ltr'><strong>φαίνων.</strong></span> <span class='ocrx_word' id='word_1_327' title='bbox 2423 2143 2580 2198; x_wconf 78' lang='grc' dir='ltr'>Ἐστι</span> <span class='ocrx_word' id='word_1_328' title='bbox 2618 2145 2675 2200; x_wconf 85' lang='grc' dir='ltr'>δὲ</span> <span class='ocrx_word' id='word_1_329' title='bbox 2699 2145 2873 2202; x_wconf 81' lang='grc' dir='ltr'>ταῦτα</span> <span class='ocrx_word' id='word_1_330' title='bbox 2907 2147 3002 2201; x_wconf 73' lang='grc' dir='ltr'><strong>καὶ</strong></span> <span class='ocrx_word' id='word_1_331' title='bbox 3033 2148 3208 2212; x_wconf 78' lang='grc' dir='ltr'>ἄλλως</span> <span class='ocrx_word' id='word_1_332' title='bbox 3253 2149 3379 2204; x_wconf 86' lang='grc' dir='ltr'>ἰδεῖν</span> <span class='ocrx_word' id='word_1_333' title='bbox 3420 2148 3559 2203; x_wconf 80' lang='grc' dir='ltr'>κατὰ</span> <span class='ocrx_word' id='word_1_334' title='bbox 3604 2151 3740 2212; x_wconf 82' lang='grc' dir='ltr'>τοὺς</span> 
     </span>
    </p>
   </div>
   <div class='ocr_carea' id='block_1_50' title="bbox 2147 2235 3738 2312">
    <p class='ocr_par' dir='ltr' id='par_1_50' title="bbox 2147 2235 3738 2312">
     <span class='ocr_line' id='line_1_50' title="bbox 2147 2235 3738 2312; baseline 0.003 -24"><span class='ocrx_word' id='word_1_335' title='bbox 2147 2235 2256 2289; x_wconf 83' lang='grc' dir='ltr'>τῶν</span> <span class='ocrx_word' id='word_1_336' title='bbox 2301 2235 2557 2307; x_wconf 82' lang='grc' dir='ltr'>διωγμῶν</span> <span class='ocrx_word' id='word_1_337' title='bbox 2597 2238 2822 2311; x_wconf 85' lang='grc' dir='ltr'>καιρούς</span> <span class='ocrx_word' id='word_1_338' title='bbox 2842 2256 2856 2270; x_wconf 92' lang='grc'><strong>·</strong></span> <span class='ocrx_word' id='word_1_339' title='bbox 2883 2241 2908 2293; x_wconf 84' lang='grc' dir='ltr'><strong>ὁ</strong></span> <span class='ocrx_word' id='word_1_340' title='bbox 2936 2239 2992 2292; x_wconf 85' lang='grc' dir='ltr'><strong>δὲ</strong></span> <span class='ocrx_word' id='word_1_341' title='bbox 3014 2239 3329 2312; x_wconf 85' lang='grc' dir='ltr'>Σύμμαχος,</span> <span class='ocrx_word' id='word_1_342' title='bbox 3356 2245 3388 2296; x_wconf 84' lang='grc' dir='ltr'><strong>ό</strong></span> <span class='ocrx_word' id='word_1_343' title='bbox 3413 2241 3738 2311; x_wconf 71' lang='grc' dir='ltr'>ἁγιασμὸς,</span> 
     </span>
    </p>
   </div>
   <div class='ocr_carea' id='block_1_51' title="bbox 2145 2323 3740 2404">
    <p class='ocr_par' dir='ltr' id='par_1_51' title="bbox 2145 2323 3740 2404">
     <span class='ocr_line' id='line_1_51' title="bbox 2145 2323 3740 2404; baseline 0.004 -24"><span class='ocrx_word' id='word_1_344' title='bbox 2145 2323 2321 2393; x_wconf 79' lang='grc' dir='ltr'>εἶπεν,</span> <span class='ocrx_word' id='word_1_345' title='bbox 2366 2329 2554 2382; x_wconf 82' lang='grc' dir='ltr'>αὑτοῦ</span> <span class='ocrx_word' id='word_1_346' title='bbox 2580 2346 2592 2358; x_wconf 93' lang='grc'><strong>·</strong></span> <span class='ocrx_word' id='word_1_347' title='bbox 2631 2329 2848 2399; x_wconf 76' lang='grc' dir='ltr'>ἁγιάζει</span> <span class='ocrx_word' id='word_1_348' title='bbox 2890 2330 2998 2404; x_wconf 84' lang='grc' dir='ltr'>γὰρ</span> <span class='ocrx_word' id='word_1_349' title='bbox 3021 2331 3142 2385; x_wconf 79' lang='grc' dir='ltr'>καθ’</span> <span class='ocrx_word' id='word_1_350' title='bbox 3179 2333 3306 2404; x_wconf 85' lang='grc' dir='ltr'>ὅλης</span> <span class='ocrx_word' id='word_1_351' title='bbox 3349 2333 3449 2403; x_wconf 83' lang='grc' dir='ltr'>τῆς</span> <span class='ocrx_word' id='word_1_352' title='bbox 3475 2335 3740 2404; x_wconf 82' lang='grc' dir='ltr'>οἰκουμέ-</span> 
     </span>
    </p>
   </div>
   <div class='ocr_carea' id='block_1_52' title="bbox 2145 2418 3738 2498">
    <p class='ocr_par' dir='ltr' id='par_1_52' title="bbox 2145 2418 3738 2498">
     <span class='ocr_line' id='line_1_52' title="bbox 2145 2418 3738 2498; baseline 0.002 -24"><span class='ocrx_word' id='word_1_353' title='bbox 2145 2437 2243 2492; x_wconf 90' lang='grc' dir='ltr'><strong>νης</strong></span> <span class='ocrx_word' id='word_1_354' title='bbox 2260 2420 2322 2472; x_wconf 85' lang='grc' dir='ltr'><strong>τὸ</strong></span> <span class='ocrx_word' id='word_1_355' title='bbox 2348 2418 2442 2473; x_wconf 78' lang='grc' dir='ltr'>τοῦ</span> <span class='ocrx_word' id='word_1_356' title='bbox 2476 2421 2727 2493; x_wconf 80' lang='grc' dir='ltr'>Σωτῆρος</span> <span class='ocrx_word' id='word_1_357' title='bbox 2756 2423 2914 2494; x_wconf 83' lang='grc' dir='ltr'>ἡμῶν</span> <span class='ocrx_word' id='word_1_358' title='bbox 2941 2425 2999 2476; x_wconf 80' lang='grc' dir='ltr'>ἐν</span> <span class='ocrx_word' id='word_1_359' title='bbox 3017 2427 3082 2496; x_wconf 83' lang='grc' dir='ltr'>τῇ</span> <span class='ocrx_word' id='word_1_360' title='bbox 3127 2425 3421 2498; x_wconf 76' lang='grc' dir='ltr'>Ἐκκλησία</span> <span class='ocrx_word' id='word_1_361' title='bbox 3457 2426 3738 2496; x_wconf 82' lang='grc' dir='ltr'>ἀγίασμα.</span> 
     </span>
    </p>
   </div>
   <div class='ocr_carea' id='block_1_53' title="bbox 2698 2516 3191 2573">
    <p class='ocr_par' dir='ltr' id='par_1_53' title="bbox 2698 2516 3191 2573">
     <span class='ocr_line' id='line_1_53' title="bbox 2698 2516 3191 2573; baseline 0.01 -5"><span class='ocrx_word' id='word_1_362' title='bbox 2698 2516 2989 2568; x_wconf 77' lang='grc' dir='ltr'><strong>ΨΛΛΜΟΣ</strong></span> <span class='ocrx_word' id='word_1_363' title='bbox 3022 2517 3191 2573; x_wconf 85' lang='lat' dir='ltr'><strong>PAB&#39;.</strong></span> 
     </span>
    </p>
   </div>
   <div class='ocr_carea' id='block_1_54' title="bbox 2158 2601 3742 2731">
    <p class='ocr_par' dir='ltr' id='par_1_54' title="bbox 2158 2601 3742 2731">
     <span class='ocr_line' id='line_1_54' title="bbox 2158 2601 3742 2731; baseline 0.004 -75"><span class='ocrx_word' id='word_1_364' title='bbox 2158 2601 2301 2656; x_wconf 84' lang='grc' dir='ltr'>Ἰδοὺ</span> <span class='ocrx_word' id='word_1_365' title='bbox 2336 2603 2412 2670; x_wconf 73' lang='grc' dir='ltr'>δὴ</span> <span class='ocrx_word' id='word_1_366' title='bbox 2445 2604 2501 2657; x_wconf 84' lang='grc' dir='ltr'><strong>τί</strong></span> <span class='ocrx_word' id='word_1_367' title='bbox 2532 2603 2727 2658; x_wconf 74' lang='grc' dir='ltr'>καλὸν</span> <span class='ocrx_word' id='word_1_368' title='bbox 2753 2605 2786 2672; x_wconf 81' lang='grc' dir='ltr'>ἢ</span> <span class='ocrx_word' id='word_1_369' title='bbox 2825 2607 2882 2687; x_wconf 62' lang='grc' dir='ltr'><strong>τί</strong></span> <span class='ocrx_word' id='word_1_370' title='bbox 2914 2607 3192 2731; x_wconf 44' lang='lat' dir='ltr'><strong>reparcis;</strong></span> <span class='ocrx_word' id='word_1_371' title='bbox 3230 2609 3367 2663; x_wconf 68' lang='grc' dir='ltr'><strong>ἀλλ’</strong></span> <span class='ocrx_word' id='word_1_372' title='bbox 3411 2607 3449 2678; x_wconf 79' lang='grc' dir='ltr'><em>ἢ</em></span> <span class='ocrx_word' id='word_1_373' title='bbox 3482 2608 3548 2663; x_wconf 87' lang='grc' dir='ltr'>τὸ</span> <span class='ocrx_word' id='word_1_374' title='bbox 3590 2624 3742 2662; x_wconf 78' lang='grc' dir='ltr'>κατ-</span> 
     </span>
     <span class='ocr_line' id='line_1_55' title="bbox 2729 2693 3165 2731; baseline 0.005 -2"><span class='ocrx_word' id='word_1_375' title='bbox 2729 2693 2936 2731; x_wconf 69' lang='lat' dir='ltr'><strong>amatr.</strong></span> <span class='ocrx_word' id='word_1_376' title='bbox 2959 2695 3012 2730; x_wconf 90' lang='grc' dir='ltr'>κ.</span> <span class='ocrx_word' id='word_1_377' title='bbox 3037 2695 3086 2730; x_wconf 84' lang='grc' dir='ltr'>τ.</span> <span class='ocrx_word' id='word_1_378' title='bbox 3150 2716 3165 2731; x_wconf 94' lang='grc'><strong>.</strong></span> 
     </span>
    </p>
   </div>
   <div class='ocr_carea' id='block_1_55' title="bbox 2729 2693 3165 2740">
    <p class='ocr_par' dir='ltr' id='par_1_55' title="bbox 2729 2693 3165 2740">
     <span class='ocr_line' id='line_1_56' title="bbox 2729 2693 3165 2740; baseline 0.009 -11"><span class='ocrx_word' id='word_1_379' title='bbox 2729 2693 2936 2740; x_wconf 69' lang='lat' dir='ltr'><strong>amatr,</strong></span> <span class='ocrx_word' id='word_1_380' title='bbox 2959 2695 3012 2730; x_wconf 90' lang='grc' dir='ltr'>κ.</span> <span class='ocrx_word' id='word_1_381' title='bbox 3037 2695 3086 2730; x_wconf 84' lang='grc' dir='ltr'>τ.</span> <span class='ocrx_word' id='word_1_382' title='bbox 3115 2693 3165 2733; x_wconf 77' lang='grc' dir='ltr'><strong>Α.</strong></span> 
     </span>
    </p>
   </div>
   <div class='ocr_carea' id='block_1_56' title="bbox 2214 2764 3738 2842">
    <p class='ocr_par' dir='ltr' id='par_1_56' title="bbox 2214 2764 3738 2842">
     <span class='ocr_line' id='line_1_57' title="bbox 2214 2764 3738 2842; baseline 0.005 -27"><span class='ocrx_word' id='word_1_383' title='bbox 2214 2764 2288 2816; x_wconf 81' lang='grc' dir='ltr'><strong>Οὐ</strong></span> <span class='ocrx_word' id='word_1_384' title='bbox 2326 2766 2432 2818; x_wconf 78' lang='grc' dir='ltr'><strong>πᾶν</strong></span> <span class='ocrx_word' id='word_1_385' title='bbox 2473 2765 2536 2818; x_wconf 84' lang='grc' dir='ltr'><strong>τὸ</strong></span> <span class='ocrx_word' id='word_1_386' title='bbox 2581 2765 2766 2828; x_wconf 76' lang='grc' dir='ltr'>καλὸν,</span> <span class='ocrx_word' id='word_1_387' title='bbox 2797 2769 2896 2840; x_wconf 73' lang='grc' dir='ltr'>ἤδη</span> <span class='ocrx_word' id='word_1_388' title='bbox 2943 2769 3037 2822; x_wconf 71' lang='grc' dir='ltr'>καὶ</span> <span class='ocrx_word' id='word_1_389' title='bbox 3066 2770 3298 2842; x_wconf 88' lang='grc' dir='ltr'>τερπνόν</span> <span class='ocrx_word' id='word_1_390' title='bbox 3321 2788 3334 2801; x_wconf 91' lang='grc'><strong>·</strong></span> <span class='ocrx_word' id='word_1_391' title='bbox 3372 2771 3574 2825; x_wconf 80' lang='grc' dir='ltr'>οὐδὲτὸ</span> <span class='ocrx_word' id='word_1_392' title='bbox 3604 2789 3738 2842; x_wconf 82' lang='grc' dir='ltr'>τερ-</span> 
     </span>
    </p>
   </div>
   <div class='ocr_carea' id='block_1_57' title="bbox 2144 2855 3738 2934">
    <p class='ocr_par' dir='ltr' id='par_1_57' title="bbox 2144 2855 3738 2934">
     <span class='ocr_line' id='line_1_58' title="bbox 2144 2855 3738 2934; baseline 0.006 -28"><span class='ocrx_word' id='word_1_393' title='bbox 2144 2855 2297 2918; x_wconf 85' lang='grc' dir='ltr'>πνὸν,</span> <span class='ocrx_word' id='word_1_394' title='bbox 2331 2857 2548 2922; x_wconf 87' lang='grc' dir='ltr'>πάντως</span> <span class='ocrx_word' id='word_1_395' title='bbox 2575 2861 2668 2912; x_wconf 75' lang='grc' dir='ltr'>καὶ</span> <span class='ocrx_word' id='word_1_396' title='bbox 2707 2859 2870 2913; x_wconf 84' lang='grc' dir='ltr'>καλόν</span> <span class='ocrx_word' id='word_1_397' title='bbox 2893 2878 2907 2892; x_wconf 72' lang='grc' dir='ltr'><strong>ο</strong></span> <span class='ocrx_word' id='word_1_398' title='bbox 2943 2861 3112 2916; x_wconf 79' lang='grc' dir='ltr'>πολλὰ</span> <span class='ocrx_word' id='word_1_399' title='bbox 3143 2863 3250 2934; x_wconf 82' lang='grc' dir='ltr'>γὰρ</span> <span class='ocrx_word' id='word_1_400' title='bbox 3283 2862 3413 2934; x_wconf 81' lang='grc' dir='ltr'>ἡδέα</span> <span class='ocrx_word' id='word_1_401' title='bbox 3445 2864 3561 2934; x_wconf 82' lang='grc' dir='ltr'>μὲν,</span> <span class='ocrx_word' id='word_1_402' title='bbox 3599 2863 3738 2932; x_wconf 76' lang='grc' dir='ltr'><strong>φαῦ-</strong></span> 
     </span>
    </p>
   </div>
   <div class='ocr_carea' id='block_1_58' title="bbox 2140 2944 3735 3025">
    <p class='ocr_par' dir='ltr' id='par_1_58' title="bbox 2140 2944 3735 3025">
     <span class='ocr_line' id='line_1_59' title="bbox 2140 2944 3735 3025; baseline 0.006 -26"><span class='ocrx_word' id='word_1_403' title='bbox 2140 2944 2208 2999; x_wconf 89' lang='grc' dir='ltr'><strong>λα</strong></span> <span class='ocrx_word' id='word_1_404' title='bbox 2229 2947 2286 3000; x_wconf 85' lang='grc' dir='ltr'>δέ</span> <span class='ocrx_word' id='word_1_405' title='bbox 2307 2965 2319 2978; x_wconf 86' lang='grc'><strong>·</strong></span> <span class='ocrx_word' id='word_1_406' title='bbox 2357 2948 2432 3012; x_wconf 86' lang='grc' dir='ltr'>ὡς</span> <span class='ocrx_word' id='word_1_407' title='bbox 2459 2951 2553 3002; x_wconf 78' lang='grc' dir='ltr'><strong>καὶ</strong></span> <span class='ocrx_word' id='word_1_408' title='bbox 2579 2950 2745 3022; x_wconf 73' lang='grc' dir='ltr'>ἕτερα</span> <span class='ocrx_word' id='word_1_409' title='bbox 2773 2952 3005 3006; x_wconf 81' lang='grc' dir='ltr'>ἐπίπονα</span> <span class='ocrx_word' id='word_1_410' title='bbox 3027 2954 3146 3025; x_wconf 79' lang='grc' dir='ltr'>μὲν,</span> <span class='ocrx_word' id='word_1_411' title='bbox 3177 2954 3356 3023; x_wconf 80' lang='grc' dir='ltr'>ἀγαθὰ</span> <span class='ocrx_word' id='word_1_412' title='bbox 3382 2955 3440 3008; x_wconf 79' lang='grc' dir='ltr'>δέ</span> <span class='ocrx_word' id='word_1_413' title='bbox 3462 2971 3475 2986; x_wconf 84' lang='lat'><strong><em>°</em></strong></span> <span class='ocrx_word' id='word_1_414' title='bbox 3506 2955 3735 3025; x_wconf 89' lang='grc' dir='ltr'>ὁμόνοια</span> 
     </span>
    </p>
   </div>
   <div class='ocr_carea' id='block_1_59' title="bbox 2139 3037 3736 3118">
    <p class='ocr_par' dir='ltr' id='par_1_59' title="bbox 2139 3037 3736 3118">
     <span class='ocr_line' id='line_1_60' title="bbox 2139 3037 3736 3118; baseline 0.006 -27"><span class='ocrx_word' id='word_1_415' title='bbox 2139 3037 2196 3091; x_wconf 83' lang='grc' dir='ltr'><strong>δὲ</strong></span> <span class='ocrx_word' id='word_1_416' title='bbox 2227 3041 2325 3092; x_wconf 74' lang='grc' dir='ltr'><strong>καὶ</strong></span> <span class='ocrx_word' id='word_1_417' title='bbox 2355 3043 2544 3113; x_wconf 80' lang='grc' dir='ltr'>εἰρήνη</span> <span class='ocrx_word' id='word_1_418' title='bbox 2577 3041 2764 3114; x_wconf 76' lang='grc' dir='ltr'>ψυχῶν</span> <span class='ocrx_word' id='word_1_419' title='bbox 2809 3047 3256 3117; x_wconf 78' lang='grc' dir='ltr'>ὁμοφρονούντων</span> <span class='ocrx_word' id='word_1_420' title='bbox 3285 3047 3380 3100; x_wconf 72' lang='grc' dir='ltr'><strong>καὶ</strong></span> <span class='ocrx_word' id='word_1_421' title='bbox 3412 3047 3736 3118; x_wconf 75' lang='grc' dir='ltr'>ὁμοδοξοῦν-</span> 
     </span>
    </p>
   </div>
   <div class='ocr_carea' id='block_1_60' title="bbox 453 3108 2033 3208">
    <p class='ocr_par' dir='ltr' id='par_1_60' title="bbox 453 3108 2033 3182">
     <span class='ocr_line' id='line_1_61' title="bbox 453 3108 2033 3182; baseline 0.006 -19"><span class='ocrx_word' id='word_1_422' title='bbox 453 3108 638 3163; x_wconf 90' lang='lat' dir='ltr'><strong>cordia</strong></span> <span class='ocrx_word' id='word_1_423' title='bbox 686 3121 741 3163; x_wconf 90' lang='lat' dir='ltr'><strong>et</strong></span> <span class='ocrx_word' id='word_1_424' title='bbox 785 3126 888 3179; x_wconf 83' lang='lat' dir='ltr'><strong>pax</strong></span> <span class='ocrx_word' id='word_1_425' title='bbox 945 3113 1250 3167; x_wconf 89' lang='lat' dir='ltr'><strong>animarum</strong></span> <span class='ocrx_word' id='word_1_426' title='bbox 1301 3129 1488 3182; x_wconf 88' lang='lat' dir='ltr'><strong>parem</strong></span> <span class='ocrx_word' id='word_1_427' title='bbox 1543 3126 1779 3170; x_wconf 87' lang='lat' dir='ltr'><strong>mentem</strong></span> <span class='ocrx_word' id='word_1_428' title='bbox 1823 3128 2033 3174; x_wconf 64' lang='lat' dir='ltr'><strong>senten-</strong></span> 
     </span>
    </p>
   </div>
   <div class='ocr_carea' id='block_1_61' title="bbox 2152 3108 3733 3208">
    <p class='ocr_par' dir='ltr' id='par_1_61' title="bbox 2152 3132 3733 3208">
     <span class='ocr_line' id='line_1_62' title="bbox 2152 3132 3733 3208; baseline 0.006 -26"><span class='ocrx_word' id='word_1_429' title='bbox 2152 3147 2270 3196; x_wconf 86' lang='grc' dir='ltr'>των,</span> <span class='ocrx_word' id='word_1_430' title='bbox 2305 3132 2472 3203; x_wconf 81' lang='grc' dir='ltr'>ἄμφω</span> <span class='ocrx_word' id='word_1_431' title='bbox 2492 3135 2634 3188; x_wconf 85' lang='grc' dir='ltr'><strong>κατὰ</strong></span> <span class='ocrx_word' id='word_1_432' title='bbox 2655 3137 2716 3189; x_wconf 83' lang='grc' dir='ltr'><strong>τὸ</strong></span> <span class='ocrx_word' id='word_1_433' title='bbox 2742 3137 2872 3188; x_wconf 80' lang='grc' dir='ltr'>αὐτὸ</span> <span class='ocrx_word' id='word_1_434' title='bbox 2905 3139 2998 3191; x_wconf 74' lang='grc' dir='ltr'><strong>καὶ</strong></span> <span class='ocrx_word' id='word_1_435' title='bbox 3022 3138 3083 3190; x_wconf 85' lang='grc' dir='ltr'><strong>τὸ</strong></span> <span class='ocrx_word' id='word_1_436' title='bbox 3110 3137 3341 3208; x_wconf 77' lang='grc' dir='ltr'>τερπνὸν</span> <span class='ocrx_word' id='word_1_437' title='bbox 3362 3139 3455 3191; x_wconf 80' lang='grc' dir='ltr'><strong>καὶ</strong></span> <span class='ocrx_word' id='word_1_438' title='bbox 3477 3138 3536 3190; x_wconf 75' lang='grc' dir='ltr'>τὸ</span> <span class='ocrx_word' id='word_1_439' title='bbox 3562 3137 3733 3192; x_wconf 79' lang='grc' dir='ltr'>καλὸν</span> 
     </span>
    </p>
   </div>
   <div class='ocr_carea' id='block_1_62' title="bbox 457 3200 2037 3277">
    <p class='ocr_par' dir='ltr' id='par_1_62' title="bbox 457 3200 2037 3277">
     <span class='ocr_line' id='line_1_63' title="bbox 457 3200 2037 3277; baseline 0.008 -23"><span class='ocrx_word' id='word_1_440' title='bbox 457 3200 694 3269; x_wconf 84' lang='lat' dir='ltr'><strong>tiamque</strong></span> <span class='ocrx_word' id='word_1_441' title='bbox 745 3201 1070 3267; x_wconf 80' lang='lat' dir='ltr'><strong>foventium,</strong></span> <span class='ocrx_word' id='word_1_442' title='bbox 1133 3215 1422 3275; x_wconf 87' lang='lat' dir='ltr'><strong>utramque</strong></span> <span class='ocrx_word' id='word_1_443' title='bbox 1492 3222 1607 3262; x_wconf 86' lang='lat' dir='ltr'><strong>rem</strong></span> <span class='ocrx_word' id='word_1_444' title='bbox 1669 3209 2037 3277; x_wconf 85' lang='lat' dir='ltr'><strong>laudabiliter,</strong></span> 
     </span>
    </p>
   </div>
   <div class='ocr_carea' id='block_1_63' title="bbox 455 3295 2038 3364">
    <p class='ocr_par' dir='ltr' id='par_1_63' title="bbox 455 3295 2038 3364">
     <span class='ocr_line' id='line_1_64' title="bbox 455 3295 2038 3364; baseline 0.009 -20"><span class='ocrx_word' id='word_1_445' title='bbox 455 3306 650 3361; x_wconf 87' lang='lat' dir='ltr'><strong>nempe</strong></span> <span class='ocrx_word' id='word_1_446' title='bbox 679 3302 733 3346; x_wconf 91' lang='lat' dir='ltr'><strong>ct</strong></span> <span class='ocrx_word' id='word_1_447' title='bbox 763 3295 964 3348; x_wconf 84' lang='lat' dir='ltr'><strong>bonum</strong></span> <span class='ocrx_word' id='word_1_448' title='bbox 991 3305 1043 3349; x_wconf 87' lang='lat' dir='ltr'><strong>et</strong></span> <span class='ocrx_word' id='word_1_449' title='bbox 1069 3297 1366 3364; x_wconf 88' lang='lat' dir='ltr'><strong>jucundum</strong></span> <span class='ocrx_word' id='word_1_450' title='bbox 1426 3309 1613 3355; x_wconf 87' lang='lat' dir='ltr'><strong>tenere</strong></span> <span class='ocrx_word' id='word_1_451' title='bbox 1661 3301 1884 3356; x_wconf 90' lang='lat' dir='ltr'><strong>dicitur.</strong></span> <span class='ocrx_word' id='word_1_452' title='bbox 1933 3304 2038 3358; x_wconf 80' lang='lat' dir='ltr'><strong>Ne-</strong></span> 
     </span>
    </p>
   </div>
   <div class='ocr_carea' id='block_1_64' title="bbox 454 3381 2042 3450">
    <p class='ocr_par' dir='ltr' id='par_1_64' title="bbox 454 3381 2042 3450">
     <span class='ocr_line' id='line_1_65' title="bbox 454 3381 2042 3450; baseline 0.009 -18"><span class='ocrx_word' id='word_1_453' title='bbox 454 3397 560 3449; x_wconf 83' lang='lat' dir='ltr'><strong>que</strong></span> <span class='ocrx_word' id='word_1_454' title='bbox 585 3381 637 3435; x_wconf 88' lang='lat' dir='ltr'><strong>id</strong></span> <span class='ocrx_word' id='word_1_455' title='bbox 665 3381 869 3435; x_wconf 85' lang='lat' dir='ltr'><strong>dicitur</strong></span> <span class='ocrx_word' id='word_1_456' title='bbox 911 3386 976 3438; x_wconf 90' lang='lat' dir='ltr'><strong>de</strong></span> <span class='ocrx_word' id='word_1_457' title='bbox 1035 3384 1302 3441; x_wconf 79' lang='lat' dir='ltr'><strong>fratribus</strong></span> <span class='ocrx_word' id='word_1_458' title='bbox 1344 3405 1448 3442; x_wconf 91' lang='lat' dir='ltr'><strong>una</strong></span> <span class='ocrx_word' id='word_1_459' title='bbox 1488 3399 1698 3450; x_wconf 83' lang='lat' dir='ltr'><strong>tantum</strong></span> <span class='ocrx_word' id='word_1_460' title='bbox 1742 3393 2042 3447; x_wconf 86' lang='lat' dir='ltr'><strong>habitanti-</strong></span> 
     </span>
    </p>
   </div>
   <div class='ocr_carea' id='block_1_65' title="bbox 454 3473 2038 3555">
    <p class='ocr_par' dir='ltr' id='par_1_65' title="bbox 454 3473 2038 3555">
     <span class='ocr_line' id='line_1_66' title="bbox 454 3473 2038 3555; baseline 0.009 -29"><span class='ocrx_word' id='word_1_461' title='bbox 454 3473 578 3536; x_wconf 88' lang='lat' dir='ltr'><strong>bus,</strong></span> <span class='ocrx_word' id='word_1_462' title='bbox 612 3473 709 3527; x_wconf 85' lang='lat' dir='ltr'><strong>sed</strong></span> <span class='ocrx_word' id='word_1_463' title='bbox 735 3473 802 3529; x_wconf 89' lang='lat' dir='ltr'><strong>de</strong></span> <span class='ocrx_word' id='word_1_464' title='bbox 831 3475 1095 3530; x_wconf 87' lang='lat' dir='ltr'><strong>unitatem</strong></span> <span class='ocrx_word' id='word_1_465' title='bbox 1146 3478 1309 3533; x_wconf 86' lang='lat' dir='ltr'><strong>simul</strong></span> <span class='ocrx_word' id='word_1_466' title='bbox 1353 3482 1726 3551; x_wconf 86' lang='lat' dir='ltr'><strong>servantibus,</strong></span> <span class='ocrx_word' id='word_1_467' title='bbox 1773 3495 1935 3555; x_wconf 90' lang='lat' dir='ltr'><strong>prout</strong></span> <span class='ocrx_word' id='word_1_468' title='bbox 1964 3491 2038 3540; x_wconf 84' lang='lat' dir='ltr'><strong>ait</strong></span> 
     </span>
    </p>
   </div>
   <div class='ocr_carea' id='block_1_66' title="bbox 450 3564 2039 3648">
    <p class='ocr_par' dir='ltr' id='par_1_66' title="bbox 450 3564 2039 3648">
     <span class='ocr_line' id='line_1_67' title="bbox 450 3564 2039 3648; baseline 0.01 -32"><span class='ocrx_word' id='word_1_469' title='bbox 450 3565 784 3631; x_wconf 82' lang='lat' dir='ltr'><strong>Apostolus:</strong></span> <span class='ocrx_word' id='word_1_470' title='bbox 823 3564 893 3620; x_wconf 86' lang='lat' dir='ltr'><strong>Ut</strong></span> <span class='ocrx_word' id='word_1_471' title='bbox 942 3567 996 3620; x_wconf 90' lang='lat' dir='ltr'><strong>id</strong></span> <span class='ocrx_word' id='word_1_472' title='bbox 1028 3569 1201 3639; x_wconf 81' lang='lat' dir='ltr'><strong>ipsum</strong></span> <span class='ocrx_word' id='word_1_473' title='bbox 1239 3588 1417 3626; x_wconf 82' lang='lat' dir='ltr'><strong>omnes</strong></span> <span class='ocrx_word' id='word_1_474' title='bbox 1450 3575 1661 3639; x_wconf 80' lang='lat' dir='ltr'><strong>dicatis,</strong></span> <span class='ocrx_word' id='word_1_475' title='bbox 1704 3592 1866 3648; x_wconf 85' lang='lat' dir='ltr'><strong>neque</strong></span> <span class='ocrx_word' id='word_1_476' title='bbox 1899 3580 2039 3632; x_wconf 83' lang='lat' dir='ltr'><strong>schi-</strong></span> 
     </span>
    </p>
   </div>
   <div class='ocr_carea' id='block_1_67' title="bbox 461 3656 2032 3736">
    <p class='ocr_par' dir='ltr' id='par_1_67' title="bbox 461 3656 2032 3736">
     <span class='ocr_line' id='line_1_68' title="bbox 461 3656 2032 3736; baseline 0.013 -31"><span class='ocrx_word' id='word_1_477' title='bbox 461 3664 636 3708; x_wconf 85' lang='lat' dir='ltr'><strong>smata</strong></span> <span class='ocrx_word' id='word_1_478' title='bbox 673 3656 816 3710; x_wconf 82' lang='lat' dir='ltr'><strong>inter</strong></span> <span class='ocrx_word' id='word_1_479' title='bbox 847 3675 936 3712; x_wconf 83' lang='lat' dir='ltr'><strong>vos</strong></span> <span class='ocrx_word' id='word_1_480' title='bbox 977 3662 1129 3727; x_wconf 84' lang='lat' dir='ltr'><strong>sint;</strong></span> <span class='ocrx_word' id='word_1_481' title='bbox 1165 3663 1259 3715; x_wconf 84' lang='lat' dir='ltr'><strong>sed</strong></span> <span class='ocrx_word' id='word_1_482' title='bbox 1302 3679 1411 3717; x_wconf 85' lang='lat' dir='ltr'><strong>una</strong></span> <span class='ocrx_word' id='word_1_483' title='bbox 1437 3665 1722 3736; x_wconf 79' lang='lat' dir='ltr'><strong>eademque</strong></span> <span class='ocrx_word' id='word_1_484' title='bbox 1759 3678 1931 3724; x_wconf 81' lang='lat' dir='ltr'><strong>mente</strong></span> <span class='ocrx_word' id='word_1_485' title='bbox 1969 3687 2032 3724; x_wconf 92' lang='lat' dir='ltr'><strong>ac</strong></span> 
     </span>
    </p>
   </div>
   <div class='ocr_carea' id='block_1_68' title="bbox 463 3747 2030 3825">
    <p class='ocr_par' dir='ltr' id='par_1_68' title="bbox 463 3747 2030 3825">
     <span class='ocr_line' id='line_1_69' title="bbox 463 3747 2030 3825; baseline 0.011 -28"><span class='ocrx_word' id='word_1_486' title='bbox 463 3747 724 3799; x_wconf 87' lang='lat' dir='ltr'><strong>sententia</strong></span> <span class='ocrx_word' id='word_1_487' title='bbox 767 3757 928 3802; x_wconf 83' lang='lat' dir='ltr'><strong>estote</strong></span> <span class='ocrx_word' id='word_1_488' title='bbox 972 3755 1322 3821; x_wconf 83' lang='lat' dir='ltr'><strong>coagmentati</strong></span> <span class='ocrx_word' id='word_1_489' title='bbox 1368 3754 1434 3809; x_wconf 87' lang='grc'><strong>³⁷.</strong></span> <span class='ocrx_word' id='word_1_490' title='bbox 1485 3755 1666 3813; x_wconf 84' lang='lat' dir='ltr'><strong>Monet</strong></span> <span class='ocrx_word' id='word_1_491' title='bbox 1719 3770 1926 3825; x_wconf 87' lang='lat' dir='ltr'><strong>autem,</strong></span> <span class='ocrx_word' id='word_1_492' title='bbox 1963 3779 2030 3816; x_wconf 89' lang='lat' dir='ltr'><strong>ue</strong></span> 
     </span>
    </p>
   </div>
   <div class='ocr_carea' id='block_1_69' title="bbox 450 3837 2030 3920">
    <p class='ocr_par' dir='ltr' id='par_1_69' title="bbox 450 3837 2030 3920">
     <span class='ocr_line' id='line_1_70' title="bbox 450 3837 2030 3920; baseline 0.012 -32"><span class='ocrx_word' id='word_1_493' title='bbox 450 3837 648 3890; x_wconf 88' lang='lat' dir='ltr'><strong>bonum</strong></span> <span class='ocrx_word' id='word_1_494' title='bbox 675 3841 1152 3908; x_wconf 84' lang='lat' dir='ltr'><strong>atquejucuudum</strong></span> <span class='ocrx_word' id='word_1_495' title='bbox 1193 3847 1243 3898; x_wconf 92' lang='lat' dir='ltr'><strong>in</strong></span> <span class='ocrx_word' id='word_1_496' title='bbox 1283 3861 1513 3916; x_wconf 90' lang='lat' dir='ltr'><strong>corpore</strong></span> <span class='ocrx_word' id='word_1_497' title='bbox 1539 3850 1829 3920; x_wconf 86' lang='lat' dir='ltr'><strong>carnisque</strong></span> <span class='ocrx_word' id='word_1_498' title='bbox 1881 3853 2030 3907; x_wconf 84' lang='lat' dir='ltr'><strong>volu-</strong></span> 
     </span>
    </p>
   </div>
   <div class='ocr_carea' id='block_1_70' title="bbox 453 3926 1313 4004">
    <p class='ocr_par' dir='ltr' id='par_1_70' title="bbox 453 3926 1313 4004">
     <span class='ocr_line' id='line_1_71' title="bbox 453 3926 1313 4004; baseline 0.016 -25"><span class='ocrx_word' id='word_1_499' title='bbox 453 3937 604 3998; x_wconf 86' lang='lat' dir='ltr'><strong>ptatc</strong></span> <span class='ocrx_word' id='word_1_500' title='bbox 637 3935 1000 4000; x_wconf 84' lang='lat' dir='ltr'><strong>reponendum</strong></span> <span class='ocrx_word' id='word_1_501' title='bbox 1041 3926 1313 4004; x_wconf 87' lang='lat' dir='ltr'><strong>putemus.</strong></span> 
     </span>
    </p>
   </div>
   <div class='ocr_carea' id='block_1_71' title="bbox 557 4019 1936 4098">
    <p class='ocr_par' dir='ltr' id='par_1_71' title="bbox 557 4019 1936 4098">
     <span class='ocr_line' id='line_1_72' title="bbox 557 4019 1936 4098; baseline 0.011 -26"><span class='ocrx_word' id='word_1_502' title='bbox 557 4019 717 4074; x_wconf 72' lang='lat' dir='ltr'><strong>Vens.</strong></span> <span class='ocrx_word' id='word_1_503' title='bbox 749 4021 804 4075; x_wconf 82' lang='grc'><strong>5.</strong></span> <span class='ocrx_word' id='word_1_504' title='bbox 845 4023 991 4076; x_wconf 85' lang='lat' dir='ltr'><strong>Sicut</strong></span> <span class='ocrx_word' id='word_1_505' title='bbox 1029 4041 1116 4078; x_wconf 84' lang='lat' dir='ltr'><strong>ros</strong></span> <span class='ocrx_word' id='word_1_506' title='bbox 1147 4025 1431 4098; x_wconf 73' lang='lat' dir='ltr'><strong>Hermonis</strong></span> <span class='ocrx_word' id='word_1_507' title='bbox 1462 4031 1554 4098; x_wconf 87' lang='lat' dir='ltr'><strong>qui</strong></span> <span class='ocrx_word' id='word_1_508' title='bbox 1578 4031 1847 4086; x_wconf 80' lang='lat' dir='ltr'><strong>descendit</strong></span> <span class='ocrx_word' id='word_1_509' title='bbox 1880 4033 1936 4088; x_wconf 87' lang='lat' dir='ltr'><strong>in</strong></span> 
     </span>
    </p>
   </div>
   <div class='ocr_carea' id='block_1_72' title="bbox 1016 4095 1455 4152">
    <p class='ocr_par' dir='ltr' id='par_1_72' title="bbox 1016 4095 1455 4152">
     <span class='ocr_line' id='line_1_73' title="bbox 1016 4095 1455 4152; baseline 0.011 -5"><span class='ocrx_word' id='word_1_510' title='bbox 1016 4107 1216 4150; x_wconf 85' lang='lat' dir='ltr'><strong>montes</strong></span> <span class='ocrx_word' id='word_1_511' title='bbox 1258 4095 1455 4152; x_wconf 84' lang='lat' dir='ltr'><strong>Siouis.</strong></span> 
     </span>
    </p>
   </div>
   <div class='ocr_carea' id='block_1_73' title="bbox 519 4182 2031 4266">
    <p class='ocr_par' dir='ltr' id='par_1_73' title="bbox 519 4182 2031 4266">
     <span class='ocr_line' id='line_1_74' title="bbox 519 4182 2031 4266; baseline 0.011 -30"><span class='ocrx_word' id='word_1_512' title='bbox 519 4182 673 4237; x_wconf 76' lang='lat' dir='ltr'><strong>Mons</strong></span> <span class='ocrx_word' id='word_1_513' title='bbox 719 4195 802 4240; x_wconf 91' lang='lat' dir='ltr'><strong>est</strong></span> <span class='ocrx_word' id='word_1_514' title='bbox 854 4185 1092 4242; x_wconf 83' lang='lat' dir='ltr'><strong>llcrmon</strong></span> <span class='ocrx_word' id='word_1_515' title='bbox 1140 4187 1350 4244; x_wconf 88' lang='lat' dir='ltr'><strong>Libano</strong></span> <span class='ocrx_word' id='word_1_516' title='bbox 1396 4191 1673 4258; x_wconf 74' lang='lat' dir='ltr'><strong>adiacens,</strong></span> <span class='ocrx_word' id='word_1_517' title='bbox 1715 4194 1766 4248; x_wconf 92' lang='lat' dir='ltr'><strong>in</strong></span> <span class='ocrx_word' id='word_1_518' title='bbox 1797 4212 1904 4266; x_wconf 87' lang='lat' dir='ltr'><strong>quo</strong></span> <span class='ocrx_word' id='word_1_519' title='bbox 1940 4197 2031 4253; x_wconf 79' lang='lat' dir='ltr'><strong>uix</strong></span> 
     </span>
    </p>
   </div>
   <div class='ocr_carea' id='block_1_74' title="bbox 449 4274 2032 4352">
    <p class='ocr_par' dir='ltr' id='par_1_74' title="bbox 449 4274 2032 4352">
     <span class='ocr_line' id='line_1_75' title="bbox 449 4274 2032 4352; baseline 0.01 -24"><span class='ocrx_word' id='word_1_520' title='bbox 449 4274 614 4328; x_wconf 89' lang='lat' dir='ltr'><strong>multa</strong></span> <span class='ocrx_word' id='word_1_521' title='bbox 668 4278 1001 4346; x_wconf 82' lang='lat' dir='ltr'><strong>congeritur,</strong></span> <span class='ocrx_word' id='word_1_522' title='bbox 1059 4294 1222 4348; x_wconf 88' lang='lat' dir='ltr'><strong>quam</strong></span> <span class='ocrx_word' id='word_1_523' title='bbox 1271 4281 1556 4352; x_wconf 86' lang='lat' dir='ltr'><strong>Scriptura</strong></span> <span class='ocrx_word' id='word_1_524' title='bbox 1616 4287 1756 4340; x_wconf 89' lang='lat' dir='ltr'><strong>roris</strong></span> <span class='ocrx_word' id='word_1_525' title='bbox 1813 4289 2032 4344; x_wconf 89' lang='lat' dir='ltr'><strong>nomine</strong></span> 
     </span>
    </p>
   </div>
   <div class='ocr_carea' id='block_1_75' title="bbox 405 4367 2030 4442">
    <p class='ocr_par' dir='ltr' id='par_1_75' title="bbox 405 4367 2030 4442">
     <span class='ocr_line' id='line_1_76' title="bbox 405 4367 2030 4442; baseline 0.014 -27"><span class='ocrx_word' id='word_1_526' title='bbox 405 4409 425 4415; x_wconf 58' lang='lat'><strong>-</strong></span> <span class='ocrx_word' id='word_1_527' title='bbox 446 4367 714 4437; x_wconf 85' lang='lat' dir='ltr'><strong>designat.</strong></span> <span class='ocrx_word' id='word_1_528' title='bbox 767 4367 903 4435; x_wconf 87' lang='lat' dir='ltr'><strong>Quia</strong></span> <span class='ocrx_word' id='word_1_529' title='bbox 947 4385 1079 4440; x_wconf 76' lang='lat' dir='ltr'><strong>ergo</strong></span> <span class='ocrx_word' id='word_1_530' title='bbox 1122 4388 1211 4428; x_wconf 91' lang='lat' dir='ltr'><strong>ros</strong></span> <span class='ocrx_word' id='word_1_531' title='bbox 1253 4374 1364 4442; x_wconf 91' lang='lat' dir='ltr'><strong>ille,</strong></span> <span class='ocrx_word' id='word_1_532' title='bbox 1414 4390 1483 4431; x_wconf 81' lang='lat' dir='ltr'><strong>ex</strong></span> <span class='ocrx_word' id='word_1_533' title='bbox 1533 4378 1719 4432; x_wconf 90' lang='lat' dir='ltr'><strong>multis</strong></span> <span class='ocrx_word' id='word_1_534' title='bbox 1769 4380 2030 4438; x_wconf 87' lang='lat' dir='ltr'><strong>collectus</strong></span> 
     </span>
    </p>
   </div>
   <div class='ocr_carea' id='block_1_76' title="bbox 2144 3221 3734 3299">
    <p class='ocr_par' dir='ltr' id='par_1_76' title="bbox 2144 3221 3734 3299">
     <span class='ocr_line' id='line_1_77' title="bbox 2144 3221 3734 3299; baseline 0.004 -24"><span class='ocrx_word' id='word_1_535' title='bbox 2144 3221 2286 3293; x_wconf 77' lang='grc' dir='ltr'>ἔχειν</span> <span class='ocrx_word' id='word_1_536' title='bbox 2316 3227 2656 3281; x_wconf 82' lang='grc' dir='ltr'>ἐπαινεῖται·</span> <span class='ocrx_word' id='word_1_537' title='bbox 2701 3229 2761 3282; x_wconf 80' lang='grc' dir='ltr'>οὐ</span> <span class='ocrx_word' id='word_1_538' title='bbox 2795 3229 2854 3282; x_wconf 85' lang='grc' dir='ltr'>τὸ</span> <span class='ocrx_word' id='word_1_539' title='bbox 2895 3233 3169 3283; x_wconf 85' lang='grc' dir='ltr'>κατοικεῖν</span> <span class='ocrx_word' id='word_1_540' title='bbox 3216 3229 3475 3299; x_wconf 71' lang='grc' dir='ltr'>ἀδελφοὺς</span> <span class='ocrx_word' id='word_1_541' title='bbox 3518 3230 3734 3296; x_wconf 83' lang='grc' dir='ltr'>ἁπλῶς,</span> 
     </span>
    </p>
   </div>
   <div class='ocr_carea' id='block_1_77' title="bbox 2142 3315 3734 3385">
    <p class='ocr_par' dir='ltr' id='par_1_77' title="bbox 2142 3315 3734 3385">
     <span class='ocr_line' id='line_1_78' title="bbox 2142 3315 3734 3385; baseline 0.006 -18"><span class='ocrx_word' id='word_1_542' title='bbox 2142 3315 2256 3368; x_wconf 86' lang='grc' dir='ltr'>ἀλλ’</span> <span class='ocrx_word' id='word_1_543' title='bbox 2287 3317 2415 3370; x_wconf 85' lang='grc' dir='ltr'>ὅταν</span> <span class='ocrx_word' id='word_1_544' title='bbox 2447 3318 2539 3372; x_wconf 73' lang='grc' dir='ltr'>ἐπὶ</span> <span class='ocrx_word' id='word_1_545' title='bbox 2567 3319 2628 3372; x_wconf 85' lang='grc' dir='ltr'><strong>τὸ</strong></span> <span class='ocrx_word' id='word_1_546' title='bbox 2657 3321 2790 3374; x_wconf 76' lang='grc' dir='ltr'>αὐτὸ</span> <span class='ocrx_word' id='word_1_547' title='bbox 2831 3315 2953 3385; x_wconf 83' lang='grc' dir='ltr'>ὦσι,</span> <span class='ocrx_word' id='word_1_548' title='bbox 2989 3321 3130 3374; x_wconf 79' lang='grc' dir='ltr'>κατὰ</span> <span class='ocrx_word' id='word_1_549' title='bbox 3166 3321 3257 3376; x_wconf 83' lang='grc' dir='ltr'><strong>τὸν</strong></span> <span class='ocrx_word' id='word_1_550' title='bbox 3302 3322 3618 3375; x_wconf 81' lang='grc' dir='ltr'>Ἀπόστολον</span> <span class='ocrx_word' id='word_1_551' title='bbox 3637 3321 3734 3376; x_wconf 74' lang='grc' dir='ltr'><strong>λέ-</strong></span> 
     </span>
    </p>
   </div>
   <div class='ocr_carea' id='block_1_78' title="bbox 2142 3409 3735 3483">
    <p class='ocr_par' dir='ltr' id='par_1_78' title="bbox 2142 3409 3735 3483">
     <span class='ocr_line' id='line_1_79' title="bbox 2142 3409 3735 3483; baseline 0.007 -24"><span class='ocrx_word' id='word_1_552' title='bbox 2142 3424 2336 3476; x_wconf 77' lang='grc' dir='ltr'>γοντα’</span> <span class='ocrx_word' id='word_1_553' title='bbox 2374 3409 2508 3464; x_wconf 75' lang='grc' dir='ltr'><strong>Ἵνα</strong></span> <span class='ocrx_word' id='word_1_554' title='bbox 2537 3411 2604 3464; x_wconf 84' lang='grc' dir='ltr'>τὸ</span> <span class='ocrx_word' id='word_1_555' title='bbox 2622 3411 2769 3466; x_wconf 82' lang='grc' dir='ltr'><strong>αὐτύ</strong></span> <span class='ocrx_word' id='word_1_556' title='bbox 2799 3411 3018 3482; x_wconf 75' lang='grc' dir='ltr'>λέγητε</span> <span class='ocrx_word' id='word_1_557' title='bbox 3045 3413 3288 3480; x_wconf 78' lang='grc' dir='ltr'>πάντες,</span> <span class='ocrx_word' id='word_1_558' title='bbox 3312 3413 3500 3483; x_wconf 80' lang='grc' dir='ltr'>καὶμὴ</span> <span class='ocrx_word' id='word_1_559' title='bbox 3520 3411 3735 3470; x_wconf 72' lang='grc' dir='ltr'>εἷενέν</span> 
     </span>
    </p>
   </div>
   <div class='ocr_carea' id='block_1_79' title="bbox 2140 3499 3738 3574">
    <p class='ocr_par' dir='ltr' id='par_1_79' title="bbox 2140 3499 3738 3574">
     <span class='ocr_line' id='line_1_80' title="bbox 2140 3499 3738 3574; baseline 0.004 -20"><span class='ocrx_word' id='word_1_560' title='bbox 2140 3500 2283 3570; x_wconf 81' lang='grc' dir='ltr'><strong>ὑμῖν</strong></span> <span class='ocrx_word' id='word_1_561' title='bbox 2298 3502 2626 3571; x_wconf 82' lang='grc' dir='ltr'>σχίσματα·</span> <span class='ocrx_word' id='word_1_562' title='bbox 2657 3499 2764 3574; x_wconf 85' lang='grc' dir='ltr'>ἦτε</span> <span class='ocrx_word' id='word_1_563' title='bbox 2790 3503 2858 3556; x_wconf 82' lang='grc' dir='ltr'>δὲ</span> <span class='ocrx_word' id='word_1_564' title='bbox 2885 3507 3345 3574; x_wconf 70' lang='grc' dir='ltr'>κατηρτισμένοι</span> <span class='ocrx_word' id='word_1_565' title='bbox 3361 3505 3440 3571; x_wconf 83' lang='grc' dir='ltr'><strong>τῷ</strong></span> <span class='ocrx_word' id='word_1_566' title='bbox 3455 3506 3738 3572; x_wconf 76' lang='grc' dir='ltr'>αὐτῷνοϊ</span> 
     </span>
    </p>
   </div>
   <div class='ocr_carea' id='block_1_80' title="bbox 2141 3591 3731 3669">
    <p class='ocr_par' dir='ltr' id='par_1_80' title="bbox 2141 3591 3731 3669">
     <span class='ocr_line' id='line_1_81' title="bbox 2141 3591 3731 3669; baseline 0.004 -26"><span class='ocrx_word' id='word_1_567' title='bbox 2141 3592 2240 3644; x_wconf 80' lang='grc' dir='ltr'>καὶ</span> <span class='ocrx_word' id='word_1_568' title='bbox 2257 3592 2335 3661; x_wconf 79' lang='grc' dir='ltr'>τῇ</span> <span class='ocrx_word' id='word_1_569' title='bbox 2353 3591 2509 3662; x_wconf 80' lang='grc' dir='ltr'>αὐτῇ</span> <span class='ocrx_word' id='word_1_570' title='bbox 2526 3593 2750 3665; x_wconf 56' lang='grc' dir='ltr'>γνώμην</span> <span class='ocrx_word' id='word_1_571' title='bbox 2773 3595 3012 3650; x_wconf 81' lang='grc' dir='ltr'>διδάσκει</span> <span class='ocrx_word' id='word_1_572' title='bbox 3042 3596 3100 3650; x_wconf 81' lang='grc' dir='ltr'>δὲ</span> <span class='ocrx_word' id='word_1_573' title='bbox 3129 3596 3188 3649; x_wconf 86' lang='grc' dir='ltr'>τὺ</span> <span class='ocrx_word' id='word_1_574' title='bbox 3208 3597 3368 3651; x_wconf 77' lang='grc' dir='ltr'>καλὸν</span> <span class='ocrx_word' id='word_1_575' title='bbox 3391 3598 3485 3651; x_wconf 75' lang='grc' dir='ltr'>καὶ</span> <span class='ocrx_word' id='word_1_576' title='bbox 3510 3599 3571 3652; x_wconf 88' lang='grc' dir='ltr'><strong>τὸ</strong></span> <span class='ocrx_word' id='word_1_577' title='bbox 3594 3615 3731 3669; x_wconf 76' lang='grc' dir='ltr'>τερ-</span> 
     </span>
    </p>
   </div>
   <div class='ocr_carea' id='block_1_81' title="bbox 2140 3683 3729 3762">
    <p class='ocr_par' dir='ltr' id='par_1_81' title="bbox 2140 3683 3729 3762">
     <span class='ocr_line' id='line_1_82' title="bbox 2140 3683 3729 3762; baseline 0.006 -26"><span class='ocrx_word' id='word_1_578' title='bbox 2140 3683 2272 3737; x_wconf 87' lang='grc' dir='ltr'>πνὸν</span> <span class='ocrx_word' id='word_1_579' title='bbox 2317 3684 2392 3758; x_wconf 83' lang='grc' dir='ltr'>μὴ</span> <span class='ocrx_word' id='word_1_580' title='bbox 2435 3687 2493 3739; x_wconf 84' lang='grc' dir='ltr'>ὲν</span> <span class='ocrx_word' id='word_1_581' title='bbox 2529 3685 2762 3758; x_wconf 85' lang='grc' dir='ltr'>σώματι,</span> <span class='ocrx_word' id='word_1_582' title='bbox 2801 3688 2938 3759; x_wconf 82' lang='grc' dir='ltr'>μηδὲ</span> <span class='ocrx_word' id='word_1_583' title='bbox 2979 3690 3037 3742; x_wconf 82' lang='grc' dir='ltr'>ἐν</span> <span class='ocrx_word' id='word_1_584' title='bbox 3074 3688 3234 3761; x_wconf 79' lang='grc' dir='ltr'>ἡδονῇ</span> <span class='ocrx_word' id='word_1_585' title='bbox 3293 3689 3512 3762; x_wconf 86' lang='grc' dir='ltr'>σαρκῶν</span> <span class='ocrx_word' id='word_1_586' title='bbox 3576 3691 3729 3745; x_wconf 84' lang='grc' dir='ltr'>τίθε-</span> 
     </span>
    </p>
   </div>
   <div class='ocr_carea' id='block_1_82' title="bbox 2144 3774 2289 3830">
    <p class='ocr_par' dir='ltr' id='par_1_82' title="bbox 2144 3774 2289 3830">
     <span class='ocr_line' id='line_1_83' title="bbox 2144 3774 2289 3830; baseline 0.021 -4"><span class='ocrx_word' id='word_1_587' title='bbox 2144 3774 2289 3830; x_wconf 86' lang='grc' dir='ltr'>σθαι.</span> 
     </span>
    </p>
   </div>
   <div class='ocr_carea' id='block_1_83' title="bbox 2148 4037 3734 4164">
    <p class='ocr_par' dir='ltr' id='par_1_83' title="bbox 2148 4037 3734 4164">
     <span class='ocr_line' id='line_1_84' title="bbox 2148 4037 3734 4164; baseline 0.005 -72"><span class='ocrx_word' id='word_1_588' title='bbox 2148 4037 2246 4104; x_wconf 84' lang='grc' dir='ltr'>Ὠς</span> <span class='ocrx_word' id='word_1_589' title='bbox 2283 4037 2505 4106; x_wconf 83' lang='grc' dir='ltr'>δρόσος</span> <span class='ocrx_word' id='word_1_590' title='bbox 2532 4039 2792 4110; x_wconf 74' lang='grc' dir='ltr'>Ἀερμὼν</span> <span class='ocrx_word' id='word_1_591' title='bbox 2829 4041 3342 4164; x_wconf 48' lang='grc' dir='ltr'>ἰἒκᾳταόαίνουσα</span> <span class='ocrx_word' id='word_1_592' title='bbox 3372 4043 3470 4098; x_wconf 75' lang='grc' dir='ltr'><strong>ἐπὶ</strong></span> <span class='ocrx_word' id='word_1_593' title='bbox 3507 4045 3579 4099; x_wconf 84' lang='grc' dir='ltr'>τὰ</span> <span class='ocrx_word' id='word_1_594' title='bbox 3612 4045 3734 4116; x_wconf 77' lang='grc' dir='ltr'>ὄρη</span> 
     </span>
     <span class='ocr_line' id='line_1_85' title="bbox 2892 4129 3014 4164; baseline 0 0"><span class='ocrx_word' id='word_1_595' title='bbox 2892 4129 3014 4164; x_wconf 67' lang='lat' dir='ltr'><strong>tam.</strong></span> 
     </span>
    </p>
   </div>
   <div class='ocr_carea' id='block_1_84' title="bbox 2892 4129 3014 4166">
    <p class='ocr_par' dir='ltr' id='par_1_84' title="bbox 2892 4129 3014 4166">
     <span class='ocr_line' id='line_1_86' title="bbox 2892 4129 3014 4166; baseline 0.016 -2"><span class='ocrx_word' id='word_1_596' title='bbox 2892 4129 3014 4166; x_wconf 77' lang='grc' dir='ltr'>ιων.</span> 
     </span>
    </p>
   </div>
   <div class='ocr_carea' id='block_1_85' title="bbox 2210 4201 3727 4278">
    <p class='ocr_par' dir='ltr' id='par_1_85' title="bbox 2210 4201 3727 4278">
     <span class='ocr_line' id='line_1_87' title="bbox 2210 4201 3727 4278; baseline 0.006 -25"><span class='ocrx_word' id='word_1_597' title='bbox 2210 4201 2373 4272; x_wconf 89' lang='grc' dir='ltr'>Ὄρος</span> <span class='ocrx_word' id='word_1_598' title='bbox 2403 4202 2551 4256; x_wconf 69' lang='grc' dir='ltr'>ἐστὶν</span> <span class='ocrx_word' id='word_1_599' title='bbox 2596 4203 2863 4277; x_wconf 84' lang='grc' dir='ltr'>Ἀερμὼν,</span> <span class='ocrx_word' id='word_1_600' title='bbox 2894 4203 2954 4257; x_wconf 82' lang='grc' dir='ltr'>τὸ</span> <span class='ocrx_word' id='word_1_601' title='bbox 2985 4205 3416 4278; x_wconf 88' lang='grc' dir='ltr'>παρακείμενεον</span> <span class='ocrx_word' id='word_1_602' title='bbox 3441 4206 3519 4278; x_wconf 78' lang='grc' dir='ltr'><strong>τῷ</strong></span> <span class='ocrx_word' id='word_1_603' title='bbox 3546 4206 3727 4262; x_wconf 81' lang='grc' dir='ltr'>Λιϐά-</span> 
     </span>
    </p>
   </div>
   <div class='ocr_carea' id='block_1_86' title="bbox 2133 4292 3726 4370">
    <p class='ocr_par' dir='ltr' id='par_1_86' title="bbox 2133 4292 3726 4370">
     <span class='ocr_line' id='line_1_88' title="bbox 2133 4292 3726 4370; baseline 0.004 -25"><span class='ocrx_word' id='word_1_604' title='bbox 2133 4307 2229 4363; x_wconf 87' lang='grc' dir='ltr'>νῳ,</span> <span class='ocrx_word' id='word_1_605' title='bbox 2259 4292 2344 4361; x_wconf 63' lang='grc' dir='ltr'><strong>ἐφ’</strong></span> <span class='ocrx_word' id='word_1_606' title='bbox 2377 4293 2405 4346; x_wconf 83' lang='grc' dir='ltr'><strong>ὁ</strong></span> <span class='ocrx_word' id='word_1_607' title='bbox 2427 4293 2562 4364; x_wconf 86' lang='grc' dir='ltr'>χιὼν</span> <span class='ocrx_word' id='word_1_608' title='bbox 2597 4295 2886 4364; x_wconf 87' lang='grc' dir='ltr'>συνάγεται</span> <span class='ocrx_word' id='word_1_609' title='bbox 2909 4295 3098 4366; x_wconf 86' lang='grc' dir='ltr'>πολλὴ,</span> <span class='ocrx_word' id='word_1_610' title='bbox 3127 4293 3316 4367; x_wconf 70' lang='grc' dir='ltr'>ἥντινα</span> <span class='ocrx_word' id='word_1_611' title='bbox 3341 4297 3368 4348; x_wconf 89' lang='grc' dir='ltr'><strong>ὁ</strong></span> <span class='ocrx_word' id='word_1_612' title='bbox 3397 4298 3564 4365; x_wconf 82' lang='grc' dir='ltr'>Λόγος</span> <span class='ocrx_word' id='word_1_613' title='bbox 3590 4298 3726 4370; x_wconf 82' lang='grc' dir='ltr'>δρό-</span> 
     </span>
    </p>
   </div>
   <div class='ocr_carea' id='block_1_87' title="bbox 2135 4383 3730 4461">
    <p class='ocr_par' dir='ltr' id='par_1_87' title="bbox 2135 4383 3730 4461">
     <span class='ocr_line' id='line_1_89' title="bbox 2135 4383 3730 4461; baseline 0.003 -27"><span class='ocrx_word' id='word_1_614' title='bbox 2135 4400 2226 4436; x_wconf 89' lang='grc' dir='ltr'><strong>σον</strong></span> <span class='ocrx_word' id='word_1_615' title='bbox 2254 4383 2564 4455; x_wconf 84' lang='grc' dir='ltr'>ὠνόμασεν·</span> <span class='ocrx_word' id='word_1_616' title='bbox 2606 4385 2876 4458; x_wconf 78' lang='grc' dir='ltr'>ἐπειδὴδὲ</span> <span class='ocrx_word' id='word_1_617' title='bbox 2914 4387 2945 4456; x_wconf 92' lang='grc' dir='ltr'><strong>ἡ</strong></span> <span class='ocrx_word' id='word_1_618' title='bbox 2977 4385 3166 4459; x_wconf 85' lang='grc' dir='ltr'>δρόσος</span> <span class='ocrx_word' id='word_1_619' title='bbox 3194 4389 3374 4460; x_wconf 75' lang='grc' dir='ltr'>ἐκείνη</span> <span class='ocrx_word' id='word_1_620' title='bbox 3419 4391 3453 4461; x_wconf 91' lang='grc' dir='ltr'><strong>ἡ</strong></span> <span class='ocrx_word' id='word_1_621' title='bbox 3488 4393 3550 4442; x_wconf 79' lang='grc' dir='ltr'><strong>ἐκ</strong></span> <span class='ocrx_word' id='word_1_622' title='bbox 3585 4391 3730 4444; x_wconf 72' lang='grc' dir='ltr'><strong>πολ--Δ</strong></span> 
     </span>
    </p>
   </div>
   <div class='ocr_carea' id='block_1_88' title="bbox 445 4459 2033 4551">
    <p class='ocr_par' dir='ltr' id='par_1_88' title="bbox 445 4459 2026 4541">
     <span class='ocr_line' id='line_1_90' title="bbox 445 4459 2026 4541; baseline 0.011 -30"><span class='ocrx_word' id='word_1_623' title='bbox 445 4459 615 4528; x_wconf 72' lang='lat' dir='ltr'><strong>guttis</strong></span> <span class='ocrx_word' id='word_1_624' title='bbox 642 4475 811 4514; x_wconf 93' lang='lat' dir='ltr'><strong>unum</strong></span> <span class='ocrx_word' id='word_1_625' title='bbox 837 4475 1037 4529; x_wconf 88' lang='lat' dir='ltr'><strong>corpus</strong></span> <span class='ocrx_word' id='word_1_626' title='bbox 1069 4462 1302 4518; x_wconf 81' lang='lat' dir='ltr'><strong>cﬂicilur</strong></span> <span class='ocrx_word' id='word_1_627' title='bbox 1347 4477 1402 4520; x_wconf 84' lang='lat' dir='ltr'><strong>et</strong></span> <span class='ocrx_word' id='word_1_628' title='bbox 1451 4470 1840 4541; x_wconf 81' lang='lat' dir='ltr'><strong>compingitur,</strong></span> <span class='ocrx_word' id='word_1_629' title='bbox 1879 4489 2026 4529; x_wconf 85' lang='lat' dir='ltr'><strong>reete</strong></span> 
     </span>
    </p>
   </div>
   <div class='ocr_carea' id='block_1_89' title="bbox 2152 4459 3726 4551">
    <p class='ocr_par' dir='ltr' id='par_1_89' title="bbox 2152 4474 3726 4551">
     <span class='ocr_line' id='line_1_91' title="bbox 2152 4474 3726 4551; baseline 0.006 -25"><span class='ocrx_word' id='word_1_630' title='bbox 2152 4474 2239 4527; x_wconf 48' lang='grc' dir='ltr'><strong>τῶν</strong></span> <span class='ocrx_word' id='word_1_631' title='bbox 2285 4477 2628 4549; x_wconf 82' lang='grc' dir='ltr'>συναγομένη</span> <span class='ocrx_word' id='word_1_632' title='bbox 2683 4478 2975 4547; x_wconf 86' lang='grc' dir='ltr'>σταγόνων,</span> <span class='ocrx_word' id='word_1_633' title='bbox 3021 4479 3110 4550; x_wconf 77' lang='grc' dir='ltr'><strong>ὑφ’</strong></span> <span class='ocrx_word' id='word_1_634' title='bbox 3157 4478 3215 4532; x_wconf 80' lang='grc' dir='ltr'><strong>ἒν</strong></span> <span class='ocrx_word' id='word_1_635' title='bbox 3263 4485 3726 4551; x_wconf 61' lang='grc' dir='ltr'>σωματοποιεὴαι</span> 
     </span>
    </p>
   </div>
   <div class='ocr_carea' id='block_1_90' title="bbox 446 4549 2028 4633">
    <p class='ocr_par' dir='ltr' id='par_1_90' title="bbox 446 4549 2028 4633">
     <span class='ocr_line' id='line_1_92' title="bbox 446 4549 2028 4633; baseline 0.009 -29"><span class='ocrx_word' id='word_1_636' title='bbox 446 4549 703 4604; x_wconf 63' lang='lat' dir='ltr'><strong>Ecclesiae</strong></span> <span class='ocrx_word' id='word_1_637' title='bbox 738 4553 1091 4606; x_wconf 86' lang='lat' dir='ltr'><strong>concordiam</strong></span> <span class='ocrx_word' id='word_1_638' title='bbox 1122 4564 1284 4626; x_wconf 88' lang='lat' dir='ltr'><strong>atque</strong></span> <span class='ocrx_word' id='word_1_639' title='bbox 1325 4573 1650 4614; x_wconf 90' lang='lat' dir='ltr'><strong>consensum</strong></span> <span class='ocrx_word' id='word_1_640' title='bbox 1685 4568 2028 4633; x_wconf 83' lang='lat' dir='ltr'><strong>comparavit</strong></span> 
     </span>
    </p>
   </div>
   <div class='ocr_carea' id='block_1_91' title="bbox 444 4643 2026 4717">
    <p class='ocr_par' dir='ltr' id='par_1_91' title="bbox 444 4643 2026 4717">
     <span class='ocr_line' id='line_1_93' title="bbox 444 4643 2026 4717; baseline 0.011 -23"><span class='ocrx_word' id='word_1_641' title='bbox 444 4644 662 4696; x_wconf 78' lang='lat' dir='ltr'><strong>diverso</strong></span> <span class='ocrx_word' id='word_1_642' title='bbox 708 4643 959 4712; x_wconf 81' lang='lat' dir='ltr'><strong>exetnplo</strong></span> <span class='ocrx_word' id='word_1_643' title='bbox 1013 4659 1119 4699; x_wconf 87' lang='lat' dir='ltr'><strong>non</strong></span> <span class='ocrx_word' id='word_1_644' title='bbox 1159 4646 1269 4700; x_wconf 89' lang='lat' dir='ltr'><strong>nivi</strong></span> <span class='ocrx_word' id='word_1_645' title='bbox 1302 4652 1641 4717; x_wconf 82' lang='lat' dir='ltr'><strong>permanenti</strong></span> <span class='ocrx_word' id='word_1_646' title='bbox 1674 4653 1726 4707; x_wconf 86' lang='lat' dir='ltr'><strong>in</strong></span> <span class='ocrx_word' id='word_1_647' title='bbox 1756 4653 2026 4712; x_wconf 89' lang='lat' dir='ltr'><strong>llermone</strong></span> 
     </span>
    </p>
   </div>
   <div class='ocr_carea' id='block_1_92' title="bbox 443 4733 2023 4804">
    <p class='ocr_par' dir='ltr' id='par_1_92' title="bbox 443 4733 2023 4804">
     <span class='ocr_line' id='line_1_94' title="bbox 443 4733 2023 4804; baseline 0.01 -20"><span class='ocrx_word' id='word_1_648' title='bbox 443 4742 648 4794; x_wconf 89' lang='lat' dir='ltr'><strong>monte,</strong></span> <span class='ocrx_word' id='word_1_649' title='bbox 691 4733 786 4787; x_wconf 89' lang='lat' dir='ltr'><strong>sed</strong></span> <span class='ocrx_word' id='word_1_650' title='bbox 829 4733 878 4786; x_wconf 91' lang='lat' dir='ltr'><strong>ei</strong></span> <span class='ocrx_word' id='word_1_651' title='bbox 929 4750 1051 4804; x_wconf 64' lang='lat' dir='ltr'><strong>quae</strong></span> <span class='ocrx_word' id='word_1_652' title='bbox 1106 4735 1158 4790; x_wconf 93' lang='lat' dir='ltr'><strong>in</strong></span> <span class='ocrx_word' id='word_1_653' title='bbox 1220 4737 1404 4794; x_wconf 90' lang='lat' dir='ltr'><strong>Siouis</strong></span> <span class='ocrx_word' id='word_1_654' title='bbox 1453 4753 1671 4799; x_wconf 88' lang='lat' dir='ltr'><strong>montes</strong></span> <span class='ocrx_word' id='word_1_655' title='bbox 1724 4745 2023 4800; x_wconf 83' lang='lat' dir='ltr'><strong>descendit.</strong></span> 
     </span>
    </p>
   </div>
   <div class='ocr_carea' id='block_1_93' title="bbox 443 4821 2025 4903">
    <p class='ocr_par' dir='ltr' id='par_1_93' title="bbox 443 4821 2025 4903">
     <span class='ocr_line' id='line_1_95' title="bbox 443 4821 2025 4903; baseline 0.015 -34"><span class='ocrx_word' id='word_1_656' title='bbox 443 4821 688 4894; x_wconf 66' lang='lat' dir='ltr'><strong>Namque</strong></span> <span class='ocrx_word' id='word_1_657' title='bbox 732 4833 793 4878; x_wconf 93' lang='lat' dir='ltr'><strong>ut</strong></span> <span class='ocrx_word' id='word_1_658' title='bbox 836 4827 977 4882; x_wconf 88' lang='lat' dir='ltr'><strong>nivis</strong></span> <span class='ocrx_word' id='word_1_659' title='bbox 1013 4829 1226 4896; x_wconf 71' lang='lat' dir='ltr'><strong>coniam</strong></span> <span class='ocrx_word' id='word_1_660' title='bbox 1271 4831 1664 4903; x_wconf 75' lang='lat' dir='ltr'><strong>intelligamus,</strong></span> <span class='ocrx_word' id='word_1_661' title='bbox 1701 4853 1858 4892; x_wconf 89' lang='lat' dir='ltr'><strong>mons</strong></span> <span class='ocrx_word' id='word_1_662' title='bbox 1885 4836 2025 4894; x_wconf 82' lang='lat' dir='ltr'><strong>Her-</strong></span> 
     </span>
    </p>
   </div>
   <div class='ocr_carea' id='block_1_94' title="bbox 444 4916 2024 4991">
    <p class='ocr_par' dir='ltr' id='par_1_94' title="bbox 444 4916 2024 4991">
     <span class='ocr_line' id='line_1_96' title="bbox 444 4916 2024 4991; baseline 0.012 -23"><span class='ocrx_word' id='word_1_663' title='bbox 444 4931 567 4968; x_wconf 83' lang='lat' dir='ltr'><strong>mon</strong></span> <span class='ocrx_word' id='word_1_664' title='bbox 595 4916 646 4969; x_wconf 91' lang='lat' dir='ltr'><strong>in</strong></span> <span class='ocrx_word' id='word_1_665' title='bbox 677 4919 984 4988; x_wconf 83' lang='lat' dir='ltr'><strong>exemplum</strong></span> <span class='ocrx_word' id='word_1_666' title='bbox 1032 4931 1282 4991; x_wconf 89' lang='lat' dir='ltr'><strong>sumptus</strong></span> <span class='ocrx_word' id='word_1_667' title='bbox 1333 4935 1448 4990; x_wconf 88' lang='lat' dir='ltr'><strong>est;</strong></span> <span class='ocrx_word' id='word_1_668' title='bbox 1504 4935 1564 4980; x_wconf 88' lang='lat' dir='ltr'><strong>ut</strong></span> <span class='ocrx_word' id='word_1_669' title='bbox 1597 4938 1776 4984; x_wconf 90' lang='lat' dir='ltr'><strong>autem</strong></span> <span class='ocrx_word' id='word_1_670' title='bbox 1815 4948 2024 4987; x_wconf 90' lang='lat' dir='ltr'><strong>morum</strong></span> 
     </span>
    </p>
   </div>
   <div class='ocr_carea' id='block_1_95' title="bbox 440 5008 2018 5094">
    <p class='ocr_par' dir='ltr' id='par_1_95' title="bbox 440 5008 2018 5094">
     <span class='ocr_line' id='line_1_97' title="bbox 440 5008 2018 5094; baseline 0.012 -35"><span class='ocrx_word' id='word_1_671' title='bbox 440 5010 739 5062; x_wconf 76' lang='lat' dir='ltr'><strong>secundum</strong></span> <span class='ocrx_word' id='word_1_672' title='bbox 769 5008 934 5064; x_wconf 91' lang='lat' dir='ltr'><strong>Deum</strong></span> <span class='ocrx_word' id='word_1_673' title='bbox 968 5014 1318 5069; x_wconf 89' lang='lat' dir='ltr'><strong>concordiam</strong></span> <span class='ocrx_word' id='word_1_674' title='bbox 1343 5017 1680 5088; x_wconf 78' lang='lat' dir='ltr'><strong>significaret</strong></span> <span class='ocrx_word' id='word_1_675' title='bbox 1712 5021 2018 5094; x_wconf 79' lang='lat' dir='ltr'><strong>Psalmisla,</strong></span> 
     </span>
    </p>
   </div>
   <div class='ocr_carea' id='block_1_96' title="bbox 443 5101 1966 5170">
    <p class='ocr_par' dir='ltr' id='par_1_96' title="bbox 443 5101 1966 5170">
     <span class='ocr_line' id='line_1_98' title="bbox 443 5101 1966 5170; baseline 0.012 -18"><span class='ocrx_word' id='word_1_676' title='bbox 443 5113 620 5154; x_wconf 86' lang='lat' dir='ltr'><strong>rorem</strong></span> <span class='ocrx_word' id='word_1_677' title='bbox 651 5101 702 5154; x_wconf 91' lang='lat' dir='ltr'><strong>in</strong></span> <span class='ocrx_word' id='word_1_678' title='bbox 735 5112 948 5158; x_wconf 88' lang='lat' dir='ltr'><strong>montes</strong></span> <span class='ocrx_word' id='word_1_679' title='bbox 984 5103 1172 5161; x_wconf 87' lang='lat' dir='ltr'><strong>Siouis</strong></span> <span class='ocrx_word' id='word_1_680' title='bbox 1195 5108 1613 5166; x_wconf 84' lang='lat' dir='ltr'><strong>descendentem</strong></span> <span class='ocrx_word' id='word_1_681' title='bbox 1648 5117 1966 5170; x_wconf 85' lang='lat' dir='ltr'><strong>nominavit.</strong></span> 
     </span>
    </p>
   </div>
   <div class='ocr_carea' id='block_1_97' title="bbox 583 5275 1890 5349">
    <p class='ocr_par' dir='ltr' id='par_1_97' title="bbox 583 5275 1890 5349">
     <span class='ocr_line' id='line_1_99' title="bbox 583 5275 1890 5349; baseline 0.014 -18"><span class='ocrx_word' id='word_1_682' title='bbox 583 5275 751 5332; x_wconf 73' lang='lat' dir='ltr'><strong>Vens.</strong></span> <span class='ocrx_word' id='word_1_683' title='bbox 792 5277 848 5333; x_wconf 78' lang='lat'><strong>5.</strong></span> <span class='ocrx_word' id='word_1_684' title='bbox 882 5277 1149 5345; x_wconf 81' lang='lat' dir='ltr'><strong>Quoniam</strong></span> <span class='ocrx_word' id='word_1_685' title='bbox 1183 5285 1296 5338; x_wconf 86' lang='lat' dir='ltr'><strong>illic</strong></span> <span class='ocrx_word' id='word_1_686' title='bbox 1323 5287 1593 5342; x_wconf 87' lang='lat' dir='ltr'><strong>mandavit</strong></span> <span class='ocrx_word' id='word_1_687' title='bbox 1632 5288 1890 5349; x_wconf 86' lang='lat' dir='ltr'><strong>Dominus</strong></span> 
     </span>
    </p>
   </div>
   <div class='ocr_carea' id='block_1_98' title="bbox 999 5354 1436 5411">
    <p class='ocr_par' dir='ltr' id='par_1_98' title="bbox 999 5354 1436 5411">
     <span class='ocr_line' id='line_1_100' title="bbox 999 5354 1436 5411; baseline 0.016 -7"><span class='ocrx_word' id='word_1_688' title='bbox 999 5354 1436 5411; x_wconf 84' lang='lat' dir='ltr'><strong>benedictionem.</strong></span> 
     </span>
    </p>
   </div>
   <div class='ocr_carea' id='block_1_99' title="bbox 509 5435 2016 5513">
    <p class='ocr_par' dir='ltr' id='par_1_99' title="bbox 509 5435 2016 5513">
     <span class='ocr_line' id='line_1_101' title="bbox 509 5435 2016 5513; baseline 0.016 -23"><span class='ocrx_word' id='word_1_689' title='bbox 509 5435 623 5492; x_wconf 87' lang='lat' dir='ltr'><strong>Illic</strong></span> <span class='ocrx_word' id='word_1_690' title='bbox 661 5437 813 5506; x_wconf 89' lang='lat' dir='ltr'><strong>dicit,</strong></span> <span class='ocrx_word' id='word_1_691' title='bbox 864 5443 1004 5510; x_wconf 89' lang='lat' dir='ltr'><strong>apud</strong></span> <span class='ocrx_word' id='word_1_692' title='bbox 1051 5445 1254 5503; x_wconf 79' lang='lat' dir='ltr'><strong>fratres</strong></span> <span class='ocrx_word' id='word_1_693' title='bbox 1305 5451 1652 5507; x_wconf 87' lang='lat' dir='ltr'><strong>concorditer</strong></span> <span class='ocrx_word' id='word_1_694' title='bbox 1689 5454 2016 5513; x_wconf 84' lang='lat' dir='ltr'><strong>habitantes.</strong></span> 
     </span>
    </p>
   </div>
   <div class='ocr_carea' id='block_1_100' title="bbox 439 5529 2016 5617">
    <p class='ocr_par' dir='ltr' id='par_1_100' title="bbox 439 5529 2016 5617">
     <span class='ocr_line' id='line_1_102' title="bbox 439 5529 2016 5617; baseline 0.015 -37"><span class='ocrx_word' id='word_1_695' title='bbox 439 5535 626 5598; x_wconf 64' lang='lat' dir='ltr'><strong>neque</strong></span> <span class='ocrx_word' id='word_1_696' title='bbox 682 5529 824 5587; x_wconf 88' lang='lat' dir='ltr'><strong>hanc</strong></span> <span class='ocrx_word' id='word_1_697' title='bbox 873 5549 1218 5593; x_wconf 85' lang='lat' dir='ltr'><strong>communem</strong></span> <span class='ocrx_word' id='word_1_698' title='bbox 1261 5543 1448 5608; x_wconf 86' lang='lat' dir='ltr'><strong>vitam,</strong></span> <span class='ocrx_word' id='word_1_699' title='bbox 1493 5543 1589 5601; x_wconf 85' lang='lat' dir='ltr'><strong>sed</strong></span> <span class='ocrx_word' id='word_1_700' title='bbox 1630 5545 2016 5617; x_wconf 87' lang='lat' dir='ltr'><strong>immortalem,</strong></span> 
     </span>
    </p>
   </div>
   <div class='ocr_carea' id='block_1_101' title="bbox 441 5618 714 5688">
    <p class='ocr_par' dir='ltr' id='par_1_101' title="bbox 441 5618 714 5688">
     <span class='ocr_line' id='line_1_103' title="bbox 441 5618 714 5688; baseline 0.007 -17"><span class='ocrx_word' id='word_1_701' title='bbox 441 5618 714 5688; x_wconf 72' lang='lat' dir='ltr'><strong>intelligit.</strong></span> 
     </span>
    </p>
   </div>
   <div class='ocr_carea' id='block_1_102' title="bbox 522 5741 1447 5823">
    <p class='ocr_par' dir='ltr' id='par_1_102' title="bbox 522 5741 1447 5823">
     <span class='ocr_line' id='line_1_104' title="bbox 522 5741 1447 5823; baseline 0.019 -28"><span class='ocrx_word' id='word_1_702' title='bbox 522 5741 569 5772; x_wconf 86' lang='grc'><strong>³⁸</strong></span> <span class='ocrx_word' id='word_1_703' title='bbox 596 5741 812 5813; x_wconf 78' lang='lat' dir='ltr'><strong>Juau.v,</strong></span> <span class='ocrx_word' id='word_1_704' title='bbox 842 5747 934 5804; x_wconf 78' lang='lat'><strong>35.</strong></span> <span class='ocrx_word' id='word_1_705' title='bbox 1009 5751 1051 5783; x_wconf 90' lang='grc'><strong>³⁷</strong></span> <span class='ocrx_word' id='word_1_706' title='bbox 1090 5750 1255 5810; x_wconf 87' lang='lat' dir='ltr'><strong>lCor.</strong></span> <span class='ocrx_word' id='word_1_707' title='bbox 1289 5771 1330 5823; x_wconf 88' lang='grc' dir='ltr'><strong>ι,</strong></span> <span class='ocrx_word' id='word_1_708' title='bbox 1362 5757 1447 5812; x_wconf 77' lang='grc'><strong>10.</strong></span> 
     </span>
    </p>
   </div>
   <div class='ocr_carea' id='block_1_103' title="bbox 2131 4567 3726 4644">
    <p class='ocr_par' dir='ltr' id='par_1_103' title="bbox 2131 4567 3726 4644">
     <span class='ocr_line' id='line_1_105' title="bbox 2131 4567 3726 4644; baseline 0.005 -25"><span class='ocrx_word' id='word_1_709' title='bbox 2131 4567 2226 4620; x_wconf 73' lang='grc' dir='ltr'><strong>καὶ</strong></span> <span class='ocrx_word' id='word_1_710' title='bbox 2259 4571 2669 4638; x_wconf 79' lang='grc' dir='ltr'>συμπήγνυται,</span> <span class='ocrx_word' id='word_1_711' title='bbox 2717 4570 2943 4634; x_wconf 85' lang='grc' dir='ltr'>εἰκότως</span> <span class='ocrx_word' id='word_1_712' title='bbox 2968 4570 3066 4642; x_wconf 83' lang='grc' dir='ltr'><strong>τὴν</strong></span> <span class='ocrx_word' id='word_1_713' title='bbox 3095 4571 3193 4641; x_wconf 82' lang='grc' dir='ltr'>τῆς</span> <span class='ocrx_word' id='word_1_714' title='bbox 3241 4571 3562 4644; x_wconf 84' lang='grc' dir='ltr'>Ἐκκλησίας</span> <span class='ocrx_word' id='word_1_715' title='bbox 3582 4575 3726 4644; x_wconf 81' lang='grc' dir='ltr'>ὁμό-</span> 
     </span>
    </p>
   </div>
   <div class='ocr_carea' id='block_1_104' title="bbox 2131 4661 3726 4737">
    <p class='ocr_par' dir='ltr' id='par_1_104' title="bbox 2131 4661 3726 4737">
     <span class='ocr_line' id='line_1_106' title="bbox 2131 4661 3726 4737; baseline 0.005 -25"><span class='ocrx_word' id='word_1_716' title='bbox 2131 4676 2282 4712; x_wconf 84' lang='grc' dir='ltr'>νοιαν</span> <span class='ocrx_word' id='word_1_717' title='bbox 2323 4661 2416 4714; x_wconf 77' lang='grc' dir='ltr'><strong>καὶ</strong></span> <span class='ocrx_word' id='word_1_718' title='bbox 2452 4661 2774 4732; x_wconf 75' lang='grc' dir='ltr'>συμφωνίαν</span> <span class='ocrx_word' id='word_1_719' title='bbox 2816 4663 3081 4716; x_wconf 83' lang='grc' dir='ltr'>ἀπείκασε</span> <span class='ocrx_word' id='word_1_720' title='bbox 3120 4662 3188 4716; x_wconf 82' lang='grc' dir='ltr'>δι’</span> <span class='ocrx_word' id='word_1_721' title='bbox 3218 4664 3402 4735; x_wconf 79' lang='grc' dir='ltr'>ἐτέρου</span> <span class='ocrx_word' id='word_1_722' title='bbox 3453 4665 3726 4737; x_wconf 82' lang='grc' dir='ltr'>παραδεί-</span> 
     </span>
    </p>
   </div>
   <div class='ocr_carea' id='block_1_105' title="bbox 2131 4751 3730 4829">
    <p class='ocr_par' dir='ltr' id='par_1_105' title="bbox 2131 4751 3730 4829">
     <span class='ocr_line' id='line_1_107' title="bbox 2131 4751 3730 4829; baseline 0.006 -27"><span class='ocrx_word' id='word_1_723' title='bbox 2131 4766 2342 4822; x_wconf 84' lang='grc' dir='ltr'>γματος</span> <span class='ocrx_word' id='word_1_724' title='bbox 2371 4751 2432 4804; x_wconf 82' lang='grc' dir='ltr'><strong>οὐ</strong></span> <span class='ocrx_word' id='word_1_725' title='bbox 2471 4755 2536 4824; x_wconf 84' lang='grc' dir='ltr'>τῇ</span> <span class='ocrx_word' id='word_1_726' title='bbox 2575 4753 2714 4823; x_wconf 88' lang='grc' dir='ltr'>χιόνι</span> <span class='ocrx_word' id='word_1_727' title='bbox 2759 4756 2824 4825; x_wconf 81' lang='grc' dir='ltr'>τῇ</span> <span class='ocrx_word' id='word_1_728' title='bbox 2873 4754 3224 4829; x_wconf 80' lang='grc' dir='ltr'>ἀπομενυύσῃ</span> <span class='ocrx_word' id='word_1_729' title='bbox 3256 4757 3313 4809; x_wconf 78' lang='grc' dir='ltr'>ἐν</span> <span class='ocrx_word' id='word_1_730' title='bbox 3351 4755 3428 4827; x_wconf 82' lang='grc' dir='ltr'><strong>τῷ</strong></span> <span class='ocrx_word' id='word_1_731' title='bbox 3470 4758 3730 4829; x_wconf 77' lang='grc' dir='ltr'>Ἀερμὼν</span> 
     </span>
    </p>
   </div>
   <div class='ocr_carea' id='block_1_106' title="bbox 2128 4841 3725 4921">
    <p class='ocr_par' dir='ltr' id='par_1_106' title="bbox 2128 4841 3725 4921">
     <span class='ocr_line' id='line_1_108' title="bbox 2128 4841 3725 4921; baseline 0.006 -25"><span class='ocrx_word' id='word_1_732' title='bbox 2128 4841 2266 4916; x_wconf 75' lang='grc' dir='ltr'>ὄρει,</span> <span class='ocrx_word' id='word_1_733' title='bbox 2289 4841 2425 4896; x_wconf 84' lang='grc' dir='ltr'>ἀλλὰ</span> <span class='ocrx_word' id='word_1_734' title='bbox 2453 4847 2518 4916; x_wconf 80' lang='grc' dir='ltr'><strong>τῇ</strong></span> <span class='ocrx_word' id='word_1_735' title='bbox 2543 4845 2946 4920; x_wconf 81' lang='grc' dir='ltr'>καταϐαινούσῃ</span> <span class='ocrx_word' id='word_1_736' title='bbox 2969 4847 3062 4901; x_wconf 71' lang='grc' dir='ltr'>ἐπὶ</span> <span class='ocrx_word' id='word_1_737' title='bbox 3077 4847 3145 4900; x_wconf 86' lang='grc' dir='ltr'><strong>τὰ</strong></span> <span class='ocrx_word' id='word_1_738' title='bbox 3171 4847 3269 4919; x_wconf 79' lang='grc' dir='ltr'>ὅρη</span> <span class='ocrx_word' id='word_1_739' title='bbox 3296 4848 3461 4902; x_wconf 82' lang='grc' dir='ltr'>Σιών·</span> <span class='ocrx_word' id='word_1_740' title='bbox 3498 4849 3584 4902; x_wconf 83' lang='grc' dir='ltr'><strong>ἵνα</strong></span> <span class='ocrx_word' id='word_1_741' title='bbox 3619 4852 3725 4921; x_wconf 83' lang='grc' dir='ltr'><strong>μὲν</strong></span> 
     </span>
    </p>
   </div>
   <div class='ocr_carea' id='block_1_107' title="bbox 2130 4932 3728 5014">
    <p class='ocr_par' dir='ltr' id='par_1_107' title="bbox 2130 4932 3728 5014">
     <span class='ocr_line' id='line_1_109' title="bbox 2130 4932 3728 5014; baseline 0.007 -29"><span class='ocrx_word' id='word_1_742' title='bbox 2130 4932 2240 5005; x_wconf 76' lang='grc' dir='ltr'>γὰρ</span> <span class='ocrx_word' id='word_1_743' title='bbox 2262 4935 2545 5009; x_wconf 82' lang='grc' dir='ltr'>νοήσωμεν</span> <span class='ocrx_word' id='word_1_744' title='bbox 2565 4937 2626 4990; x_wconf 85' lang='grc' dir='ltr'><strong>τὸ</strong></span> <span class='ocrx_word' id='word_1_745' title='bbox 2651 4937 2854 5008; x_wconf 80' lang='grc' dir='ltr'>πλῆθος</span> <span class='ocrx_word' id='word_1_746' title='bbox 2875 4940 2974 5011; x_wconf 84' lang='grc' dir='ltr'><strong>τῆς</strong></span> <span class='ocrx_word' id='word_1_747' title='bbox 2999 4939 3195 5010; x_wconf 86' lang='grc' dir='ltr'>χιόνος,</span> <span class='ocrx_word' id='word_1_748' title='bbox 3218 4941 3277 4993; x_wconf 85' lang='grc' dir='ltr'><strong>τὸ</strong></span> <span class='ocrx_word' id='word_1_749' title='bbox 3319 4941 3561 5013; x_wconf 83' lang='grc' dir='ltr'>Ἀερμὼν</span> <span class='ocrx_word' id='word_1_750' title='bbox 3593 4944 3728 5014; x_wconf 80' lang='grc' dir='ltr'>ὅρος</span> 
     </span>
    </p>
   </div>
   <div class='ocr_carea' id='block_1_108' title="bbox 2131 5026 3726 5110">
    <p class='ocr_par' dir='ltr' id='par_1_108' title="bbox 2131 5026 3726 5110">
     <span class='ocr_line' id='line_1_110' title="bbox 2131 5026 3726 5110; baseline 0.009 -32"><span class='ocrx_word' id='word_1_751' title='bbox 2131 5026 2516 5099; x_wconf 84' lang='grc' dir='ltr'>παρείληπται·</span> <span class='ocrx_word' id='word_1_752' title='bbox 2550 5031 2635 5083; x_wconf 83' lang='grc' dir='ltr'><strong>ἵνα</strong></span> <span class='ocrx_word' id='word_1_753' title='bbox 2663 5030 2720 5084; x_wconf 79' lang='grc' dir='ltr'><strong>δὲ</strong></span> <span class='ocrx_word' id='word_1_754' title='bbox 2746 5031 2841 5084; x_wconf 81' lang='grc' dir='ltr'>τοῦ</span> <span class='ocrx_word' id='word_1_755' title='bbox 2874 5033 3016 5087; x_wconf 83' lang='grc' dir='ltr'>κατὰ</span> <span class='ocrx_word' id='word_1_756' title='bbox 3039 5033 3170 5086; x_wconf 79' lang='grc' dir='ltr'>Θεὸν</span> <span class='ocrx_word' id='word_1_757' title='bbox 3201 5033 3591 5106; x_wconf 84' lang='grc' dir='ltr'>πολιτεύματος</span> <span class='ocrx_word' id='word_1_758' title='bbox 3621 5037 3726 5110; x_wconf 81' lang='grc' dir='ltr'>τὴν</span> 
     </span>
    </p>
   </div>
   <div class='ocr_carea' id='block_1_109' title="bbox 2127 5121 3726 5197">
    <p class='ocr_par' dir='ltr' id='par_1_109' title="bbox 2127 5121 3726 5197">
     <span class='ocr_line' id='line_1_111' title="bbox 2127 5121 3726 5197; baseline 0.006 -24"><span class='ocrx_word' id='word_1_759' title='bbox 2127 5122 2446 5190; x_wconf 83' lang='grc' dir='ltr'>συμφωνίαν</span> <span class='ocrx_word' id='word_1_760' title='bbox 2491 5121 2727 5196; x_wconf 73' lang='grc' dir='ltr'>δηλώσῃ,</span> <span class='ocrx_word' id='word_1_761' title='bbox 2773 5125 2864 5176; x_wconf 81' lang='grc' dir='ltr'><strong>ἐπὶ</strong></span> <span class='ocrx_word' id='word_1_762' title='bbox 2892 5123 2962 5177; x_wconf 79' lang='grc' dir='ltr'>τὰ</span> <span class='ocrx_word' id='word_1_763' title='bbox 3007 5123 3106 5197; x_wconf 83' lang='grc' dir='ltr'>ὅρη</span> <span class='ocrx_word' id='word_1_764' title='bbox 3145 5124 3284 5178; x_wconf 86' lang='grc' dir='ltr'>Σιὼν</span> <span class='ocrx_word' id='word_1_765' title='bbox 3324 5124 3427 5197; x_wconf 79' lang='grc' dir='ltr'><strong>ἔφη</strong></span> <span class='ocrx_word' id='word_1_766' title='bbox 3468 5126 3726 5182; x_wconf 80' lang='grc' dir='ltr'>κατιέναι</span> 
     </span>
    </p>
   </div>
   <div class='ocr_carea' id='block_1_110' title="bbox 2122 5213 2457 5285">
    <p class='ocr_par' dir='ltr' id='par_1_110' title="bbox 2122 5213 2457 5285">
     <span class='ocr_line' id='line_1_112' title="bbox 2122 5213 2457 5285; baseline 0.006 -19"><span class='ocrx_word' id='word_1_767' title='bbox 2122 5213 2222 5285; x_wconf 82' lang='grc' dir='ltr'>τὴν</span> <span class='ocrx_word' id='word_1_768' title='bbox 2248 5213 2457 5284; x_wconf 90' lang='grc' dir='ltr'>δρόσον.</span> 
     </span>
    </p>
   </div>
   <div class='ocr_carea' id='block_1_111' title="bbox 2231 5305 3600 5380">
    <p class='ocr_par' dir='ltr' id='par_1_111' title="bbox 2231 5305 3600 5380">
     <span class='ocr_line' id='line_1_113' title="bbox 2231 5305 3600 5380; baseline 0.006 -21"><span class='ocrx_word' id='word_1_769' title='bbox 2231 5306 2358 5360; x_wconf 87' lang='grc' dir='ltr'>Ὅτι</span> <span class='ocrx_word' id='word_1_770' title='bbox 2384 5305 2516 5360; x_wconf 82' lang='grc' dir='ltr'>ἐκεῖ</span> <span class='ocrx_word' id='word_1_771' title='bbox 2534 5307 2871 5362; x_wconf 75' lang='grc' dir='ltr'>ἐνετείλατο</span> <span class='ocrx_word' id='word_1_772' title='bbox 2911 5310 3126 5377; x_wconf 82' lang='grc' dir='ltr'>Κύριος</span> <span class='ocrx_word' id='word_1_773' title='bbox 3150 5309 3267 5378; x_wconf 82' lang='grc' dir='ltr'><strong>τὴν</strong></span> <span class='ocrx_word' id='word_1_774' title='bbox 3298 5311 3600 5380; x_wconf 73' lang='grc' dir='ltr'>εὐλογίαν.</span> 
     </span>
    </p>
   </div>
   <div class='ocr_carea' id='block_1_112' title="bbox 2214 5463 3722 5536">
    <p class='ocr_par' dir='ltr' id='par_1_112' title="bbox 2214 5463 3722 5536">
     <span class='ocr_line' id='line_1_114' title="bbox 2214 5463 3722 5536; baseline 0.003 -19"><span class='ocrx_word' id='word_1_775' title='bbox 2214 5465 2361 5518; x_wconf 84' lang='grc' dir='ltr'>Ἐκεῖ</span> <span class='ocrx_word' id='word_1_776' title='bbox 2381 5463 2528 5532; x_wconf 84' lang='grc' dir='ltr'>λέγει</span> <span class='ocrx_word' id='word_1_777' title='bbox 2569 5464 2719 5536; x_wconf 76' lang='grc' dir='ltr'>παρὰ</span> <span class='ocrx_word' id='word_1_778' title='bbox 2742 5469 2854 5530; x_wconf 83' lang='grc' dir='ltr'>τοῖς</span> <span class='ocrx_word' id='word_1_779' title='bbox 2889 5466 3235 5521; x_wconf 78' lang='grc' dir='ltr'>κατοικοῦσιν</span> <span class='ocrx_word' id='word_1_780' title='bbox 3263 5467 3510 5535; x_wconf 77' lang='grc' dir='ltr'>ἀδελφοῖς</span> <span class='ocrx_word' id='word_1_781' title='bbox 3541 5467 3636 5521; x_wconf 73' lang='grc' dir='ltr'>ἐπὶ</span> <span class='ocrx_word' id='word_1_782' title='bbox 3651 5469 3722 5528; x_wconf 65' lang='grc' dir='ltr'>σεδ</span> 
     </span>
    </p>
   </div>
   <div class='ocr_carea' id='block_1_113' title="bbox 2129 5555 3676 5633">
    <p class='ocr_par' dir='ltr' id='par_1_113' title="bbox 2129 5555 3676 5633">
     <span class='ocr_line' id='line_1_115' title="bbox 2129 5555 3676 5633; baseline 0.001 -20"><span class='ocrx_word' id='word_1_783' title='bbox 2129 5556 2284 5613; x_wconf 55' lang='grc' dir='ltr'>αὐτὼ</span> <span class='ocrx_word' id='word_1_784' title='bbox 2313 5559 2406 5612; x_wconf 75' lang='grc' dir='ltr'><strong>καὶ</strong></span> <span class='ocrx_word' id='word_1_785' title='bbox 2440 5555 2585 5630; x_wconf 82' lang='grc' dir='ltr'>ζωὴν</span> <span class='ocrx_word' id='word_1_786' title='bbox 2613 5559 2676 5614; x_wconf 83' lang='grc' dir='ltr'><strong>οὐ</strong></span> <span class='ocrx_word' id='word_1_787' title='bbox 2704 5558 2804 5631; x_wconf 79' lang='grc' dir='ltr'>τὴν</span> <span class='ocrx_word' id='word_1_788' title='bbox 2837 5561 3044 5632; x_wconf 84' lang='grc' dir='ltr'>κοινὴν,</span> <span class='ocrx_word' id='word_1_789' title='bbox 3083 5561 3218 5614; x_wconf 82' lang='grc' dir='ltr'>ἀλλὰ</span> <span class='ocrx_word' id='word_1_790' title='bbox 3255 5560 3351 5633; x_wconf 79' lang='grc' dir='ltr'>τὴν</span> <span class='ocrx_word' id='word_1_791' title='bbox 3383 5559 3676 5615; x_wconf 79' lang='grc' dir='ltr'>ἀθάνατον.</span> 
     </span>
    </p>
   </div>
  </div>
