3850 6210
696 418 988 474 ΨΑΛΜΟΣ
1022 420 1189 479 PAF'.

449 507 802 578 Εὐλογήσαι
835 525 910 565 σε
942 512 1159 580 Κύριος
1195 512 1266 567 ἐκ
1296 511 1472 568 Σιών.

243 596 376 670 Ἤδη
410 598 493 670 τῷ
547 600 800 675 Ἀϐραὰμ
842 604 1093 676 εἴρηταιδ
1121 607 1188 660 Οἱ
1224 604 1625 677 εὐλογοῦντές
1655 622 1751 671 σε,

180 691 520 761 whims-tat
543 710 556 724 ·
612 691 840 765 δυνάμει
887 695 946 749 δὲ
1003 696 1196 750 ἑαυτὸν
1246 695 1461 766 εὐλογεῖ
1517 699 1547 751 ὁ
1594 697 1754 752 τοῦτο

181 781 333 834 ποιῶν
353 797 368 811 ·
398 781 449 834 εἰ
477 782 537 837 δὲ
568 784 663 837 ἐπὶ
687 784 782 839 τοῦ
828 785 1099 858 Ἀϐραὰμ,
1128 788 1283 859 πόσῳ
1313 787 1514 859 μᾶλλον
1539 789 1631 842 ἐπὶ
1655 787 1751 842 τοῦ

178 872 405 945 κυρίους
458 874 522 929 ού
564 875 676 948 γὰρ
731 877 896 931 δεῖται
943 878 1044 949 τῆς
1091 881 1220 951 παρ’
1265 879 1423 952 ἡμῶν
1478 878 1748 948 εὐλογίας.

183 967 433 1031 Ἕκαστος
481 966 540 1021 δὲ
573 968 752 1040 ἑαυτῷ
790 968 1098 1041 χαρίζεται,
1148 972 1244 1025 καὶ
1279 971 1470 1025 ἑαυτὸν
1514 971 1748 1041 εὐλογεῖ,

179 1057 651 1131 ἀντευλογούμενος
673 1060 777 1113 ὑπὸ
800 1061 892 1115 τοῦ
915 1061 1023 1117 τῶν
1040 1063 1177 1116 ὅλων
1202 1062 1455 1134 Ποιητοῦ.
1482 1063 1573 1117 Διὸ
1601 1063 1752 1136 πρῶ-

180 1165 257 1202 τον
280 1150 512 1222 εἴρηταιο
549 1154 869 1224 Εὐλογεῖτε
896 1154 1004 1208 τὸν
1040 1155 1278 1225 Κύριον·
1314 1151 1415 1210 εἷθ’
1443 1156 1591 1229 ἑξῆς·
1628 1158 1747 1211 Εὑ-

177 1242 417 1313 λστνήσαι
438 1260 520 1298 σε
548 1246 790 1315 Κύριος.

675 1338 969 1393 ΨΑΛΜΘΣ
1016 1339 1185 1393 ΡΛΔ’.

232 1423 305 1496 Τῇ
330 1424 438 1478 τῶν
450 1425 611 1498 ᾠδῶν
637 1428 842 1502 ἐσχάτῃ
866 1428 962 1495 τὰς
986 1428 1158 1494 αὐτὰς
1185 1429 1326 1501 ἔχων
1346 1429 1541 1498 λέξεις,
1558 1432 1588 1486 ὁ
1605 1449 1746 1504 παρ-

177 1514 241 1568 ὼν
284 1512 428 1581 αἶνος
498 1518 728 1583 εἰκότως
772 1521 1135 1594 παράκειταιο
1184 1521 1265 1574 διὸ
1300 1520 1362 1574 τὸ
1405 1522 1746 1592 annuam

176 1610 574 1682 προγέγραπται
595 1629 611 1642 ·
646 1611 743 1666 τοῦ
781 1613 879 1684 μὲν
909 1613 1186 1682 auan
1224 1612 1512 1686 δηλοῦντος
1551 1615 1611 1668 τὸ
1651 1618 1741 1669 αὶ-

1297 304 1810 364 COMMENTARIA
1847 306 1919 362 ΙΝ
1955 305 2296 364 PSALMOS.

1784 425 1832 482 Δ

3366 312 3440 370 30

2320 419 2642 478 PSALMUS
2688 423 2973 481 CXXXIII.

2029 514 2199 572 Vnus.
2232 515 2287 572 5.
2329 515 2618 571 Benedicat
2650 526 2698 570 te
2731 516 2986 573 Dominus
3015 535 3083 573 ea:
3106 516 3259 574 Sion.

1923 603 2065 660 Olim
2099 607 2414 661 Abrahamo
2452 607 2654 661 dictum
2688 606 2829 662 fuit:
2865 608 2969 673 Qui
3014 619 3064 664 te
3098 610 3434 673 benedicunt,

1855 695 2110 750 benedicti
2146 708 2268 751 sunt
2292 696 2357 751 ³⁸.
2395 694 2707 751 Virtualiter
2732 708 2912 751 autem
2943 708 3114 753 semet
3147 699 3435 766 benedicit,

1843 791 1946 860 qui
1983 791 2037 844 id
2082 792 2214 859 agit.
2251 789 2405 857 Quod
2448 788 2492 843 si
2546 788 2599 842 in
2633 787 2949 843 Abrahamo
2997 789 3187 854 valuit,
3230 799 3434 859 quanto

1854 883 2029 952 magis
2054 881 2108 936 in
2135 880 2406 936 Domino?
2433 880 2546 935 Non
2575 880 2720 934 enim
2755 880 2804 936 is
2845 893 3030 936 nostra
3067 882 3436 938 benedictione

1853 974 2080 1046 indiget.
2140 973 2527 1044 Unusquisque
2572 981 2755 1027 autem
2813 975 2917 1029 sibi
2967 974 3330 1045 gratiﬁcatur,
3377 985 3433 1030 et

1851 1067 1955 1122 sibi
2011 1068 2302 1129 benedicit,
2358 1069 2485 1137 quia
2537 1067 2780 1122 vicissim
2833 1067 2903 1122 ab
2957 1066 3197 1122 omnium
3250 1082 3428 1121 rerum

1849 1157 2114 1214 Creatore
2156 1158 2516 1214 benedicitur.
2563 1158 2686 1213 Ideo
2721 1159 2897 1228 primo
2932 1158 3136 1213 dictum
3172 1165 3298 1212 est:
3332 1154 3435 1213 Be-

1847 1252 2074 1307 nedicite
2102 1251 2407 1306 Dominum.
2449 1250 2651 1305 Deinde
2681 1269 2694 1304 :
2728 1250 3012 1304 Benedicat
3043 1260 3092 1305 te
3116 1249 3394 1305 Dominus.

2317 1340 2642 1397 PSALMUS
2682 1340 2967 1397 CXXXIV.

1916 1432 2245 1490 Laudativus
2296 1433 2385 1489 hic
2418 1433 2657 1505 psalmus
2699 1435 2896 1489 merito
2942 1434 3288 1505 subiungitur
3330 1447 3430 1505 po-

1843 1533 2050 1579 stremo
2076 1526 2433 1589 canticorum,
2453 1526 2575 1595 quia
2618 1525 2808 1580 iisdem
2841 1525 3199 1580 locutionihus
3225 1525 3426 1589 utitur;

1845 1632 2009 1686 quam
2043 1617 2113 1673 ob
2146 1632 2259 1671 rem
2291 1616 2511 1671 alleluia
2540 1632 2760 1686 quoque
2791 1616 2840 1672 ei
2874 1617 3247 1687 praeponitur:
3281 1632 3429 1670 nam-

176 1702 328 1769 νεῑτε,
358 1703 454 1758 τοῦ
486 1705 535 1758 δ’
577 1704 662 1770 Ia,
683 1706 793 1761 τὸν
821 1707 1061 1775 Κύριον.
1095 1705 1255 1761 Εῖποι
1286 1707 1331 1760 δ’
1364 1707 1429 1762 ἄν
1449 1724 1532 1771 τις
1572 1706 1730 1779 ὕμνον

1845 1724 1947 1779 que
1986 1707 2170 1773 allelu,
2204 1708 2425 1762 laudate
2463 1707 2756 1778 signiﬁcat,
2801 1709 2877 1774 ia,
2924 1707 3227 1763 Dominum.
3279 1706 3426 1760 Dicet

176 1789 295 1848 εἰναι
334 1794 399 1848 τὰ
434 1796 655 1867 πρῶτα,
700 1797 777 1863 ὡς
828 1799 885 1853 ὲν
924 1798 1194 1871 προοιμίῳ
1239 1798 1576 1871 διεγείροντα
1611 1801 1730 1865 τοὺς

1845 1817 1974 1855 sane
2000 1802 2200 1870 aliquis
2232 1802 2468 1871 priorem
2517 1799 2708 1868 psalmi
2755 1809 2986 1870 partem,
3025 1798 3213 1870 hymni
3245 1798 3421 1852 locum

175 1889 660 1960 προσταττομένους
705 1891 877 1944 αἰνεῖν
919 1890 1011 1944 τὸν
1051 1890 1218 1944 Θεόνο
1269 1890 1605 1963 ἀρχομένους
1642 1892 1737 1946 τοῦ

176 1979 302 2032 αῖνου
334 1980 439 2033 ἀπὸ
462 1980 584 2047 τοῦ,
620 1983 820 2051 Κύριε,
844 1981 911 2035 τὸ
934 1981 1122 2052 ὄνομά
1149 1998 1266 2038 σου
1286 1987 1373 2050 εἰς
1393 1984 1500 2038 τὸν
1529 1984 1734 2040 αἰῶνα.

173 2069 392 2141 Κατηχεῖ
414 2072 472 2126 δὲ
508 2073 874 2146 ἀποστρέφων
907 2073 1164 2142 εἰδώλων,
1200 2077 1296 2130 καὶ
1322 2075 1564 2132 διδάσκει
1592 2078 1736 2147 γνῶ-

178 2177 246 2213 σιν
270 2162 418 2219 θεοῦ.
455 2165 728 2236 Τοιαύτης
756 2167 863 2240 γὰρ
892 2168 1021 2231 τοὺς
1048 2156 1239 2241 νῦν
1274 2167 1334 2233 ἐξ
1372 2167 1540 2223 ὲθνῶν
1569 2187 1738 2242 προσ-

178 2252 329 2318 ιόντας
367 2255 473 2310 ἔδει
516 2258 705 2327 τυχεῖν
757 2260 1165 2332 παραινέσεωςο
1217 2260 1312 2325 οὓς
1367 2263 1462 2315 καὶ
1511 2261 1732 2328 δούλους

176 2347 320 2412 καλεῖ,
348 2349 513 2421 μήπω
555 2347 618 2401 τὸ
652 2349 871 2422 πνεῦμα
910 2352 1010 2420 τῆς
1045 2351 1319 2415 υἱοθεσίας
1352 2352 1731 2425 ἀνειληφότας.

175 2434 437 2507 Συμϐαίνει
462 2437 522 2492 δὲ
536 2437 764 2503 τούτους
787 2439 893 2511 πρὸ
924 2441 1022 2513 (8')
1055 2442 1156 2513 τῆς
1173 2443 1593 2512 παλιγγενεσίας
1610 2445 1734 2499 λου-

175 2527 301 2597 τροῦ,
323 2529 507 2583 στάσιν
526 2529 676 2600 ἔχειν
697 2533 755 2585 ὲν
775 2530 911 2603 οἴκῳ
933 2531 1068 2586 Θεοῦ
1093 2532 1200 2586 τῶν
1228 2534 1392 2588 αὐτοῦ
1416 2535 1731 2607 προπύλων,

176 2618 269 2673 ἀλλ’
319 2621 377 2674 οὐ
434 2621 545 2676 τῶν
602 2622 869 2677 ἐνδοτάτω
921 2624 1203 2696 τυχόντας·
1259 2628 1571 2700 εἰσαγωγὴν
1623 2628 1734 2702 γὰρ

176 2709 323 2780 ἔσχον,
368 2711 480 2766 ἀλλ’
527 2713 592 2766 οὐ
634 2713 934 2769 τελείωσιν.
978 2715 1237 2788 Διάφοροί
1281 2735 1346 2788 γε
1399 2719 1505 2792 μὴν
1547 2720 1730 2787 αὐλαὶ,

179 2804 278 2857 ἐπεὶ
300 2804 386 2858 καὶ
411 2804 659 2878 διάφοροι
678 2805 786 2860 τῶν
806 2807 1180 2880 εἰσαγομένων
1207 2811 1256 2863 οἱ
1286 2809 1412 2881 βίοι·
1446 2813 1732 2884 προκοπῆς

177 2893 239 2957 δὲ,
268 2895 322 2948 τὸ
346 2896 481 2967 μετὰ
504 2897 572 2950 τὸ
599 2898 770 2951 αἰνεῖν
800 2898 863 2951 τὸ
891 2897 1065 2969 ὄνομα
1094 2899 1324 2971 Κυρίου,
1361 2901 1524 2954 αὐτὸν
1557 2902 1621 2974 δὴ
1648 2904 1732 2956 αἱ-

179 2986 300 3039 νέσαι
335 2987 421 3041 τὸν
462 2989 702 3061 Κύριον·
738 2989 819 3042 δεῖ
848 2989 958 3062 γὰρ
992 2989 1208 3062 πρῶτον
1245 2990 1458 3062 μαθεῖν,
1492 2994 1573 3047 ὅτι
1615 2993 1730 3048 ἐστι

179 3074 286 3181 θεοῦ
308 3078 492 3148 Λόγος,
523 3078 849 3181 ὲὶρεστηκὼς
870 3080 949 3152 τῷ
978 3082 1142 3135 παντὶ
1167 3081 1379 3153 κόσμῳ,
1409 3084 1504 3136 καὶ
1530 3084 1725 3137 δεσπός
1752 3124 1795 3181 c

1843 1902 2027 1947 tenere
2050 1932 2064 1956 ,
2101 1891 2355 1948 excitatis
2403 1892 2458 1947 in
2504 1890 2777 1961 prooemio
2824 1891 2888 1944 iis
2921 1890 3012 1960 qui
3049 1889 3143 1944 Dei
3175 1889 3424 1944 laudibus

1838 1984 2085 2039 dicendis
2131 1983 2331 2039 addicti
2362 1994 2527 2048 sunt;
2574 1983 2665 2052 qui
2699 1998 2888 2053 reapse
2922 1980 3174 2036 laudandi
3207 1979 3419 2035 initium

1838 2075 2044 2131 faciunt
2063 2076 2130 2131 ab
2162 2075 2266 2131 illis
2286 2076 2491 2141 verbis,
2512 2090 2699 2129 nomen
2724 2084 2894 2141 tuum,
2920 2072 3160 2140 Domine,
3191 2073 3246 2128 in
3271 2083 3425 2129 aeter-

1837 2183 1982 2220 num.
2029 2167 2283 2222 Doctrina
2334 2175 2516 2220 autem
2560 2166 2797 2220 traditur
2839 2166 2906 2218 ab
2941 2164 3098 2220 idolis
3148 2173 3421 2230 avertens,

1836 2269 1890 2314 et
1934 2259 2023 2313 Dei
2073 2258 2321 2314 notitiam
2372 2257 2654 2328 ingerens.
2707 2255 2836 2311 Haec
2878 2255 2986 2312 illis
3030 2256 3145 2311 ﬁeri
3193 2256 3424 2312 debebat

1837 2350 2164 2417 adhortatio,
2197 2349 2290 2419 qui
2322 2365 2466 2404 nunc
2491 2364 2556 2403 ex
2584 2348 2820 2403 ethnicis
2854 2349 2920 2403 ad
2951 2348 3109 2403 [idem
3133 2348 3422 2414 accedunt,

1835 2456 1972 2511 quos
2005 2442 2169 2496 etiam
2217 2455 2405 2496 servos
2446 2441 2711 2511 appellat,
2764 2451 2952 2511 utpote
2994 2440 3247 2509 spiritum
3286 2440 3423 2495 ado-

1833 2535 2037 2605 ptioois
2073 2535 2309 2588 nondum
2346 2532 2592 2602 adeptos.
2641 2530 2834 2587 Solent
2876 2540 3057 2586 autem
3089 2531 3298 2587 hiante
3331 2546 3420 2585 ree

1834 2625 2203 2696 generationis
2246 2623 2548 2688 lavacrum,
2584 2622 2876 2677 stationem
2925 2622 3126 2677 habere
3173 2623 3224 2677 in
3260 2623 3422 2677 domo

1833 2718 1928 2773 Dei
1962 2729 2088 2772 ante
2128 2716 2296 2784 fores,
2328 2715 2568 2771 nondum
2599 2716 2651 2770 in
2701 2716 2960 2770 interiora
2993 2714 3193 2785 recepti
3227 2730 3242 2770 :
3290 2728 3419 2769 eru-

1791 2815 1794 2820 ’
1832 2811 2059 2866 diuntnr
2087 2809 2257 2874 enim,
2289 2809 2382 2863 sed
2429 2808 2609 2862 adhuc
2654 2822 2760 2861 non
2803 2818 2930 2861 sunt
2961 2805 3208 2876 perfecti.
3251 2805 3422 2861 Porro

1832 2897 2062 2951 diversae
2082 2904 2212 2950 sunt
2248 2894 2408 2961 aulae,
2454 2895 2584 2965 quia
2627 2895 2843 2950 diversa
2886 2905 2969 2951 est
2996 2896 3417 2951 catechumeno-

1834 3004 1951 3042 rum
1981 2988 2089 3042 vita
2116 3008 2129 3043 :
2160 2986 2365 3057 gradus
2395 3001 2524 3041 vero
2557 2987 2839 3057 provectio
2867 2997 2952 3043 est
2985 2997 3109 3057 post
3141 2988 3415 3043 laudatum

1832 3097 2027 3137 nomen
2066 3079 2300 3146 Domini,
2340 3078 2628 3134 Dominum
2674 3079 2854 3147 ipsum
2902 3079 3147 3135 laudare.
3194 3080 3421 3151 Oporth

180 3165 265 3229 ζων
305 3171 479 3227 αὐτοῦ·
527 3168 653 3226 εἶτα
692 3173 821 3244 περί
866 3189 927 3227 τε
974 3172 1165 3237 οὐσίας
1204 3173 1373 3228 αὐτοῦ
1407 3174 1601 3246 μαθεῖν
1630 3177 1724 3230 καὶ

1845 3174 1972 3228 enim
2010 3172 2241 3241 primum
2276 3169 2523 3233 discere,
2559 3170 2650 3225 Dei
2685 3184 2806 3225 esse
2836 3171 3071 3226 Verbum
3112 3173 3255 3241 quod
3291 3173 3414 3226 uni-

180 3259 437 3333 ὒδνάμεως,
464 3264 596 3319 Υῖόν
620 3281 680 3318 τε
695 3264 898 3334 γνῶναι
927 3265 1190 3338 μονογενῆ
1220 3266 1315 3320 τοῦ
1348 3266 1507 3322 Θεοῦ.

1827 3280 1984 3319 verso
2049 3263 2248 3319 ιιιιιηιίο
2294 3261 2549 3331 praesidet
2601 3276 2667 3317 ac
2715 3260 3025 3318 dominatur
3066 3279 3081 3317 :
3128 3263 3326 3320 deinde
3358 3273 3417 3320 et

183 3353 274 3420 eius
319 3356 678 3413 substantiam
731 3359 1141 3430 potentiamque
1194 3376 1552 3432 c0guoscere,
1591 3371 1646 3418 et
1683 3363 1826 3434 quod
1868 3361 1959 3415 Dei
1993 3361 2065 3414 sit
2099 3358 2436 3430 Unigenitus.

197 3494 384 3548 Αινεῖτε
411 3492 517 3548 τὸν
539 3494 788 3564 Κύριον,
822 3497 912 3550 ὅτι
953 3495 1178 3566 ἀγαθὸς
1210 3498 1448 3568 Κύριος,
1481 3518 1537 3555 κ.
1567 3519 1620 3555 τ.
1647 3501 1699 3557 λ.

243 3580 374 3635 Ἐπεὶ
400 3584 606 3653 ἀγαθὸς
629 3583 854 3659 Κύριος,
888 3587 1088 3640 αἰνεῖτε
1117 3587 1303 3642 αὐτόν.
1352 3590 1512 3644 Αίτία
1539 3591 1597 3644 δὲ
1624 3592 1722 3647 τοῦ

1828 3496 1992 3553 Vens.
2016 3494 2070 3549 5.
2095 3492 2336 3547 Laudate
2351 3491 2656 3558 Dominum,
2674 3491 2800 3561 quia
2826 3492 2989 3546 bonus
3011 3490 3286 3554 Dominus.
3303 3500 3411 3549 etc.

1896 3586 2163 3654 Quoniam
2228 3585 2408 3641 bonus
2468 3592 2552 3640 est
2603 3584 2894 3649 Dominus,
2942 3584 3118 3654 ipsum
3170 3585 3411 3641 laudate.

181 3672 333 3735 αἰνεῖν,
362 3674 423 3727 τὸ
466 3675 675 3745 ἀγαθὸν
707 3678 768 3731 ού
809 3678 950 3732 κατὰ
994 3678 1209 3750 μέθεξιν
1251 3675 1414 3745 εἶναι,
1460 3681 1724 3746 ὡσαύτως

1845 3678 2002 3734 Iausa
2052 3685 2235 3732 autem
2292 3675 2548 3731 laudandi
2605 3683 2708 3741 est,
2761 3676 2975 3730 bonitas
3021 3675 3137 3745 ejus
3185 3691 3291 3730 non
3342 3692 3411 3732 ex

182 3760 225 3814 δὲ
248 3763 314 3835 τῷ
335 3765 503 3840 Πατρί
529 3767 631 3840 (9).
654 3769 922 3842 Δίνοῦμεν
945 3771 1003 3825 δὲ
1032 3772 1093 3825 οὐ
1119 3774 1186 3843 τῇ
1208 3770 1353 3837 λέξει
1382 3773 1563 3844 μόνον,
1587 3774 1722 3828 ἀλλὰ

1845 3767 2059 3837 luadam
2085 3766 2517 3836 participatione.
2535 3764 2628 3819 sed
2652 3764 2774 3832 quia
2798 3764 3022 3834 perinde
3042 3775 3124 3820 est
3146 3780 3209 3821 ac
3224 3765 3407 3824 Pater.

183 3853 255 3904 tui.
278 3856 476 3925 μεθέξει
506 3859 618 3913 τῶν
648 3859 871 3929 ἀγαθῶν
904 3860 1092 3927 αὑτοῦ,
1120 3861 1196 3926 ὡς
1227 3862 1347 3917 δέον
1391 3865 1449 3918 δὲ
1479 3868 1547 3939 τῇ
1585 3866 1722 3920 θεω-

1827 3861 2138 3916 Laudamus
2167 3867 2346 3913 autem
2382 3871 2489 3911 non
2523 3855 2704 3909 verbis
2732 3855 2930 3922 solum,
2965 3856 3058 3911 sed
3089 3856 3254 3911 etiam
3286 3873 3413 3927 par-

187 3942 256 4013 ρὶᾳ
292 3945 511 4014 καὶτοῖς
540 3948 986 4022 θεολογουμένοις
1028 3954 1212 4027 ἔργοις
1244 3956 1508 4028 πράττειν
1552 3957 1726 4030 ἁρμό-

1845 3950 2147 4021 .icipatione
2192 3950 2460 4004 bonorum
2500 3944 2617 4013 ejus
2666 3962 2681 3999 :
2730 3946 2859 4015 quia
2899 3947 3155 4001 nimirum
3195 3958 3413 4019 Oportet

184 4031 276 4096 ita,
316 4037 390 4101 τὸ,
428 4039 670 4096 Ψάλατε
709 4041 793 4109 τῷ
824 4044 1067 4115 ὀνόματι
1093 4036 1329 4113 αὑτοῦ,⁹
1344 4049 1720 4120 ὲπενήνεκταιο

184 4124 308 4180 τοῦτο
330 4128 430 4202 γὰρ
460 4132 561 4202 ἡδὺ
587 4133 685 4187 καὶ
722 4134 866 4207 ὑπὲρ
908 4139 1089 4191 πᾶσαν
1117 4139 1464 4213 χρηστότητα
1484 4156 1496 4170 ·
1540 4140 1724 4197 αἰνοῦ-

1831 4044 2143 4099 ιίιοοτριίςω
2172 4040 2531 4112 Speculationl
2550 4050 2604 4096 et
2631 4042 2947 4112 theologicae
2964 4043 3158 4114 regula:
3177 4043 3409 4107 actibus,

1826 4134 2065 4204 reliquos
2103 4147 2284 4189 mores
2328 4133 2662 4197 consentire,
2715 4131 2960 4199 Psallite,
3013 4133 3251 4189 additum
3302 4144 3412 4200 est,

186 4231 263 4305 μεν
296 4217 345 4272 δὲ
374 4222 528 4277 αὑτὸν
557 4225 681 4278 ἐπεὶ
707 4225 989 4295 ἐξελέξατο
1017 4230 1195 4302 ἐαυτῷ
1235 4230 1327 4285 τὸν
1372 4231 1725 4305 πτερνίζοντα

1845 4226 2030 4280 mmini
2086 4224 2224 4295 ejus,
2261 4223 2387 4293 quia
2435 4222 2594 4278 dulce
2638 4223 2691 4278 id
2730 4231 2854 4288 est,
2897 4233 2952 4279 et
2992 4240 3153 4296 super
3193 4241 3409 4281 omnem

184 4303 239 4357 τὰ
275 4307 405 4381 παθη
451 4313 545 4366 καὶ
591 4314 694 4379 τὰς
737 4317 934 4383 κακίας
988 4319 1203 4384 Ἰακὼϐ,
1259 4303 1514 4376 ἐκλεκτὸν
1559 4324 1721 4378 αὑτὸν

1845 4317 2170 4372 suavitatem.
2202 4315 2370 4371 Porro
2402 4331 2528 4371 eum
2556 4316 2863 4381 laudamus,
2892 4316 3018 4385 quia
3050 4318 3152 4373 sibi
3206 4319 3409 4389 delegit

185 4394 423 4466 τιθέμενος
450 4403 536 4458 διὰ
579 4406 643 4460 τὸ
683 4408 1107 4466 καταλελυκέναι
1139 4412 1238 4478 τὰς
1280 4416 1346 4468 ἐκ
1376 4415 1576 4480 κακίας
1624 4417 1721 4472 καὶ

1845 4419 2158 4464 avertentem
2184 4408 2326 4463 mala
2352 4418 2407 4465 et
2435 4408 2751 4478 iniquitates
2773 4411 2942 4465 Jacob
2973 4450 2989 4475 ,
3021 4411 3254 4465 electum
3285 4426 3408 4466 eum

188 4486 338 4542 παθῶν
366 4492 533 4560 πάλας
552 4514 566 4527 ·
603 4496 742 4553 ἀλλὰ
768 4501 861 4556 καὶ
888 4502 978 4556 τὸν
1010 4506 1128 4574 μετ’
1159 4505 1322 4561 αὑτὸν
1366 4505 1458 4560 τὸν
1499 4505 1717 4573 Ἰακὼϐ,

187 4576 516 4670 ἔπι-προκοπῆς
556 4589 948 4663 ἀποδειχθέντα
992 4594 1230 4669 Ἰσραὴλ,
1274 4598 1355 4662 εἰς
1401 4615 1720 4670 περιουσια-

1826 4502 2189 4566 constituens,
2236 4502 2363 4570 quia
2411 4501 2574 4557 solvit
2610 4503 2869 4573 nequitia:
2896 4503 3255 4572 dolorumque
3287 4516 3410 4558 cer-

1828 4590 2053 4646 tamina.
2085 4589 2191 4646 Sed
2222 4600 2279 4646 et
2312 4592 2462 4646 illum
2494 4591 2585 4662 qui
2621 4602 2741 4663 post
2767 4592 3025 4650 Jacobum
3058 4592 3181 4659 fuit,
3219 4608 3411 4664 nempe

190 4668 295 4736 σμδν
320 4672 481 4748 ἑαυτῷ
520 4678 822 4746 ἐξελέξατο·
859 4684 954 4738 καὶ
991 4685 1080 4740 διὰ
1111 4685 1269 4739 τοῦτο
1295 4685 1424 4752 λαός
1458 4668 1574 4741 ἔστι
1615 4706 1717 4742 πε-

189 4760 381 4832 patiam;
408 4769 511 4824 ἀπὸ
543 4772 763 4829 πάντων
801 4775 910 4830 τῶν
942 4777 1112 4832 ὲθνῶν
1145 4777 1459 4851 περιουσίου
1492 4779 1719 4852 γενομέ-

189 4868 278 4919 νου,
304 4859 501 4917 πάντων
529 4866 658 4937 περὶ
682 4867 783 4938 τὴν
812 4867 998 4921 οὐσίαν
1031 4868 1127 4923 καὶ
1157 4868 1254 4941 τὴν
1280 4867 1516 4941 ὕπαρξιν
1545 4885 1717 4923 κατα-

190 4948 445 5106 ἷὲζοέιέέἒυ,
485 4955 565 5029 τῷ
605 4959 851 5031 μετέχειν
891 4961 1060 5033 αὐτῆς
1099 4960 1251 5024 ὄντος
1280 4961 1375 5015 καὶ
1417 4959 1584 5033 σοφοῦ
1621 4962 1717 5016 καὶ

305 5061 328 5095 J
407 5046 486 5102 οὔ.
913 5081 920 5087 -

305 5061 328 5095 υ
342 5043 486 5102 Θεοῦ.

191 5121 355 5213 Mrta
383 5130 492 5213 6ga
530 5136 836 5213 ἠθέλησεν
868 5143 908 5213 d_
952 5145 1168 5212 Κύριος
1205 5143 1498 5213 ἐποίησεν
1537 5144 1610 5199 ἐν
1637 5144 1720 5210 τῷ

245 5197 445 5282 ςῆρατςῷ
474 5197 569 5260 καὶ
598 5209 670 5282 ἐς
704 5197 785 5282 τῇ
830 5210 930 5280 Τῇ,
970 5197 1063 5267 ἐν’
1079 5197 1212 5281 τάῖς
1245 5197 1587 5282 aulicam}
1618 5197 1719 5270 κᾶἰ

244 5262 309 5316 ἀνί
322 5262 533 5344 πάσαις
560 5278 693 5347 ταῖς
724 5262 1038 5349 efﬁngat}.

247 5354 402 5418 Πάντα
430 5366 528 5422 ὅσα
568 5372 823 5443 ἐποίησεν
862 5376 892 5429 ὁ
939 5376 1166 5448 Κύριος,
1212 5375 1354 5432 καλά
1398 5376 1568 5443 ἐστιν,
1621 5378 1718 5432 ατε

1824 4696 1946 4738 eum
1973 4683 2066 4754 qui
2102 4681 2361 4754 temporis
2406 4698 2697 4754 progressu
2735 4685 2914 4741 dictus
2963 4694 3046 4741 est
3086 4683 3275 4751 Israel,
3316 4700 3411 4755 pe-

1823 4775 2080 4832 culiarem
2130 4774 2232 4830 sibi
2282 4788 2382 4829 ceu
2432 4777 2836 4845 possessionem
2875 4775 3077 4848 delegit
3120 4793 3135 4831 :
3181 4777 3409 4848 ideoque

1822 4866 2054 4937 populus
2099 4874 2181 4921 est
2225 4866 2537 4938 peculiaris,
2576 4883 2644 4924 ex
2685 4868 2937 4923 omnibus
2970 4868 3262 4939 gentibus;
3315 4882 3406 4938 pe-

1824 4956 2070 5022 culiaris,
2109 4960 2356 5027 inquam,
2392 4959 2666 5029 possessio
2713 4968 2769 5014 et
2812 4960 3120 5016 substantia
3155 4958 3404 5025 eﬂ'ectus,

1828 5060 2100 5121 quatenus
2132 5064 2253 5105 eam
2288 5059 2435 5107 tenet
2462 5051 2680 5122 sapiens
2705 5052 2799 5107 Dei
2827 5048 3086 5107 Verbum.

1826 5142 1994 5197 Vnus.
2027 5142 2081 5196 6.
2132 5140 2327 5196 Omnia
2378 5158 2704 5211 qua'cunque
2750 5142 2922 5197 voluit
2977 5141 3234 5198 Dominus
3281 5142 3404 5212 fecit

1894 5216 1960 5336 ii;
1996 5212 2126 5294 caelo
2174 5222 2223 5266 et
2277 5215 2335 5265 in
2388 5223 2553 5279 terra,
2603 5217 2663 5266 in
2706 5214 2944 5268 maribus
2995 5222 3046 5268 et
3098 5213 3156 5269 in
3201 5215 3403 5269 cunctis

1962 5299 2118 5354 guis.

1899 5373 2248 5444 Quaecunque
2280 5374 2538 5430 Dominus
2585 5372 2737 5443 fecit,
2786 5374 2927 5430 bona
2962 5382 3111 5445 sunt,
3145 5377 3271 5447 quia
3307 5391 3405 5437 vo-

251 5535 427 5599 "Geu.
455 5564 550 5614 ιιι,
585 5549 642 5607 5.

252 5626 422 5720 (Pl‘llic
446 5640 599 5720 vides
638 5643 853 5720 Eusebii
879 5645 1231 5720 Caesariensis
1286 5657 1552 5719 tempora,
1581 5652 1706 5720 qui-

202 5703 564 5826 :Lsmcipue
602 5716 944 5772 ethnicorum
982 5719 1050 5774 ad
1100 5703 1709 5779 Cliristumrconi'e‘rsio

1886 5649 1987 5721 (θ’)
2029 5650 2189 5705 Deest
2226 5651 2345 5709 τοῦ.
2382 5652 2540 5710 Eutr.

1886 5721 1965 5790 (9)
1994 5721 2383 5779 Animadverte
2441 5724 2658 5782 Eusebii
2699 5726 3009 5786 doctrinam
3037 5732 3399 5789 oanodoxam

1814 5791 1880 5849 de
1910 5790 2019 5848 Deo
2050 5790 2264 5863 Verbou
