3850 6210
478 299 548 357 31
1155 310 1429 369 EUSEBII
1463 312 1947 372 CESARIENSIS
1984 313 2138 370 OPP.
2177 314 2358 371 PARS
2397 317 2484 373 lll.
2519 351 2586 362 --
2623 318 3032 378 EXEGETICA.
3686 332 3760 387 .52

480 417 622 470 lente
651 418 760 473 Deo
793 419 858 474 ad
887 423 1259 483 exsistendum
1291 433 1574 500 perducta.
1627 432 1684 488 Si
1715 433 1843 503 quid
1875 443 2018 488 tame

2132 489 2133 493 η
2165 433 2579 507 θελήματιΘεοῦ
2594 441 2934 510 γεγενημένα
2955 459 2967 470 ·
2998 443 3045 494 εί
3079 441 3137 495 δέ
3162 443 3214 495 τί
3249 444 3396 497 ἐστιν
3423 444 3482 499 ἐν
3505 447 3753 520 οὐρανῷ,

475 515 562 563 est
603 511 654 563 in
694 514 858 577 ccelo,
893 516 1054 569 veluti
1082 520 1349 586 spiritalia
1383 525 1659 593 nequitiae,
1686 535 1782 578 aut
1815 525 1868 579 in
1898 533 2023 579 terr:

2167 528 2242 592 ὡς
2279 529 2346 582 τὰ
2379 531 2721 599 πνευματικὰ
2751 534 2849 599 τῆς
2883 535 3164 606 πονηρίας,
3201 537 3234 607 ἢ
3267 539 3325 591 ἐν
3365 543 3432 612 τῇ
3475 546 3544 613 γῇ
3577 511 3660 608 ῶς

477 600 643 655 veluti
694 603 943 659 homines
990 618 1324 678 peccatores,
1378 624 1472 668 aut
1519 616 1571 670 in
1622 617 1885 683 maribus,
1920 619 2023 674 velt

2166 622 2478 694 ἁμαρτωλοὶ
2494 623 2842 697 ἄνθρωποι,ἥ
2878 628 2936 679 ἐν
2965 600 3084 691 ταῖς
3126 600 3446 697 θαλάσσαιςΙ,
3585 600 3755 708 ἡντεῦ

473 693 726 749 draconis
769 697 1103 765 improbitas,
1139 711 1231 757 aut
1273 705 1323 757 in
1365 706 1598 778 ahyssis,
1628 709 2023 781 velutiniquita

2164 713 2455 785 δράκοντος
2483 716 2670 781 κακία,
2704 719 2736 789 ἢ
2775 721 2830 770 ἐν
2882 722 3000 782 ταῖς
3037 721 3299 786 ἁϐύσσοις
3327 723 3403 788 ὡς
3443 727 3476 797 ἡ
3511 729 3758 800 πονηρία

471 783 827 841 scelestorum
887 789 1123 857 illorum,
1177 796 1270 864 qui
1320 797 1444 853 illuc
1498 800 1651 854 abire
1690 802 1828 870 jussi
1890 813 2016 858 sunt

2160 805 2268 859 τῶν
2322 809 2817 878 προστασσομένων
2857 811 2974 863 ἐκεῖ
3020 812 3272 866 ἀπελθεῖν
3325 814 3528 880 κακῶν,
3584 819 3758 873 τοῦτο

474 875 631 946 haec,
693 881 949 951 inquam,
1000 885 1140 940 Deus
1194 904 1300 943 non
1355 890 1536 947 eﬂecit
1595 895 1876 951 voluntate
1936 913 2023 951 sua

2159 897 2256 966 οὐχ
2284 899 2312 949 6
2345 875 2474 961 Θεὸς
2502 875 2722 970 ἐποίησε
2752 899 2828 971 τῷ
2857 899 3122 972 θελήματι
3155 905 3318 958 αὐτοῦ
3343 922 3356 935 ⁸
3390 909 3452 960 ἐκ
3483 875 3593 980 γὰρ
3622 912 3756 964 στό-

475 968 720 1040 Namque
748 988 816 1028 ex
849 990 946 1030 ore
976 974 1190 1034 Domini
1225 982 1369 1038 haud
1404 985 1697 1054 prodibunt
1725 987 1862 1042 mala
1897 989 2023 1044 simt

2161 1002 2330 1054 ματος
2373 987 2576 1059 Κυρίου
2627 989 2727 1042 οὐκ
2795 991 3138 1058 ἐξελεύσεται
3190 995 3260 1050 τὰ
3320 998 3468 1052 κακά
3523 1001 3621 1054 καὶ
3683 1002 3754 1057 τὸ

470 1072 525 1116 et
576 1065 798 1122 bonum.

581 1155 746 1214 Vnus.
782 1161 836 1217 7.
872 1162 978 1229 Qui
1009 1165 1186 1220 educit
1222 1176 1400 1224 ventos
1428 1170 1492 1223 de
1526 1172 1790 1226 thesauris
1824 1175 1954 1228 suis.

544 1250 676 1306 Dum
729 1253 817 1311 hic
865 1257 1002 1314 dicit
1061 1265 1386 1327 thesauros,
1455 1267 1600 1322 haud
1648 1284 1780 1324 sane
1849 1273 2053 1328 indicat

469 1347 730 1413 quosdam
784 1364 906 1404 esse
962 1361 1249 1408 ventorum
1292 1356 1615 1425 thesauros,
1663 1361 1758 1415 sed
1805 1359 2050 1430 jubentis

468 1437 648 1506 potius
681 1441 1042 1507 celeritatem,
1076 1454 1132 1499 et
1165 1448 1243 1500 rei
1287 1464 1555 1518 possessas
1587 1461 1834 1522 paratam
1875 1452 2050 1509 facili-

467 1537 656 1585 tatem.
701 1532 854 1590 Sicut
887 1538 1032 1592 enim
1063 1540 1154 1608 qui
1189 1541 1503 1598 thesaurum
1556 1547 1698 1616 apud
1744 1562 1804 1602 se
1854 1547 2043 1614 habet,

463 1622 717 1691 expedite
770 1627 1096 1696 admodum,
1151 1635 1582 1705 quotiescunque
1645 1637 1793 1706 vult,
1847 1650 2044 1694 cuncta

2156 1078 2380 1147 ἀγαθόν.

2308 1172 2360 1224 '0
2389 1171 2620 1242 ἐξάγων
2650 1174 2909 1244 ἀνέμους
2935 1177 3002 1230 ἐκ
3036 1180 3355 1247 θησαυρῶν
3385 1185 3592 1241 αὐτοῦ.

2224 1261 2297 1314 Τὸ
2322 1264 2495 1317 εἰπεῖν
2528 1266 2592 1318 ἐκ
2623 1265 2934 1338 θησαυρῶν,
2962 1269 3021 1321 οὐ
3047 1269 3205 1324 τοῦτο
3249 1272 3398 1343 δηλοῖ
3425 1276 3506 1328 ὅτι
3531 1277 3752 1349 θησαυ-

2155 1351 2236 1422 ροί
2271 1354 2415 1417 τινές
2447 1357 2552 1408 είσι
2579 1357 2686 1411 τῶν
2721 1358 2959 1429 ἀνέμων,
3001 1361 3136 1416 ἀλλά
3163 1363 3223 1414 τὸ
3256 1363 3470 1432 ἕτοιμον
3494 1367 3588 1420 τοῦ
3614 1371 3749 1422 ἐπι-

2147 1444 2454 1510 τάττοντος,
2488 1445 2548 1498 τὸ
2580 1445 2803 1500 εὔκολον
2841 1450 2942 1520 τῆς
2992 1452 3237 1522 κτήσεως
3283 1459 3747 1528 παρεσκευασμέ-

2149 1550 2270 1586 νον·
2324 1533 2511 1608 ὤσπερ
2557 1536 2624 1590 ἂν
2676 1539 2705 1590 6
2759 1541 2816 1591 ἐν
2865 1538 3125 1613 θησαυρῷ
3173 1543 3311 1613 ἔχων
3365 1547 3501 1615 μετά
3547 1548 3746 1614 ἀδείας

2147 1621 2330 1692 ἐξάγει
2364 1626 2539 1678 πάντα
2564 1627 2656 1680 καὶ
2677 1628 2764 1680 ὅτε
2794 1627 3065 1698 βούλεται,
3096 1631 3269 1698 οὕτως
3295 1635 3388 1688 καὶ
3410 1637 3438 1688 6
3463 1637 3552 1690 τοῦ
3586 1655 3740 1693 παν-

466 1709 596 1765 iude
633 1714 876 1784 profert;
927 1719 999 1773 ita
1034 1729 1088 1776 et
1109 1723 1349 1778 omnium
1391 1723 1621 1782 Creator
1651 1739 1842 1784 cuncta
1886 1728 2023 1786 facili

2144 1717 2235 1781 τὸς
2271 1719 2610 1790 Δημιουργὸς
2644 1721 2820 1774 πάντα
2845 1722 3080 1786 εὐκόλως
3112 1726 3333 1797 ἐποίησε
3363 1731 3455 1784 καὶ
3477 1733 3541 1802 τῇ
3567 1731 3740 1800 φύσει

459 1801 658 1872 eﬂ'ecit,
689 1816 744 1860 et
773 1808 838 1861 ad
866 1813 1246 1868 exsistentiam
1273 1817 1542 1884 perduxit.

568 1895 734 1952 Vens.
769 1899 822 1955 8.
875 1901 982 1966 Qui
1019 1909 1279 1973 percussit
1307 1909 1659 1980 primogenita
1689 1911 1934 1984 Egypti.

528 1990 665 2054 Quia
699 1993 940 2048 nonnulli
988 1998 1256 2053 mundana
1293 2005 1665 2060 tantummodo
1700 2021 1763 2062 ac
1795 2007 2040 2064 coelestia

454 2081 647 2136 dicunt
688 2085 1028 2152 providentia
1076 2089 1167 2144 Dei
1218 2093 1534 2162 gubernari,
1560 2095 1901 2152 demonstrat
1947 2099 2042 2154 hu-

458 2188 616 2227 mana
649 2191 867 2246 quoque
902 2193 1047 2235 curae
1082 2197 1203 2238 esse
1229 2184 1430 2252 eidem,
1470 2187 1560 2254 qui
1589 2196 1644 2241 et
1673 2204 1816 2243 nunc
1845 2191 2039 2260 impios

455 2264 632 2330 punit,
681 2274 736 2319 et
787 2267 998 2336 piorum
1048 2286 1225 2342 genus
1272 2277 1530 2345 protegit.
1579 2277 1684 2334 Sed
1721 2281 1866 2335 enim
1908 2282 2036 2336 olim

455 2348 674 2420 quidem
704 2359 882 2426 portio
911 2371 1029 2415 erat
1061 2364 1295 2433 Domini,
1325 2367 1376 2422 id
1410 2379 1493 2423 est
1525 2369 1619 2425 Dei
1653 2372 1834 2440 Verbi,
1869 2389 2036 2443 popu-

453 2443 540 2499 lus
584 2445 702 2514 ejus
752 2447 959 2518 Jacob,
1002 2452 1275 2512 funiculus
1315 2460 1653 2518 hmreditatis
1701 2465 1818 2535 ejus
1845 2465 2030 2522 Israel.

452 2532 744 2605 Postquam
783 2555 910 2597 vero
946 2543 1016 2598 ob
1057 2560 1210 2600 suam
1256 2532 1742 2621 irreligiositatem'
1774 2557 1862 2612 ille
1910 2573 2035 2627 pro-

449 2624 632 2693 lapsus
676 2638 792 2695 est,
843 2632 1048 2688 dictum
1094 2635 1195 2691 fuit
1243 2639 1540 2696 humanato
1571 2643 1752 2700 Verbo
1791 2666 1804 2702 :
1845 2624 1970 2704 Pete
1999 2668 2032 2704 a

449 2731 550 2782 me,
581 2729 630 2772 et
661 2721 796 2776 dabo
830 2724 924 2777 tibi
954 2736 1130 2795 gentes
1162 2728 1521 2789 [nereditatem
1553 2746 1698 2790 tuam
1720 2739 1786 2791 ³⁸.

555 2895 719 2952 Vens.
753 2900 843 2956 4.5.
869 2900 1116 2971 Domine,
1147 2923 1335 2962 nomen
1369 2920 1516 2966 tuum
1555 2915 1610 2968 in
1645 2927 1921 2973 wlernum.

518 2985 657 3042 Nihil
686 2999 968 3063 tantopere
1002 2998 1071 3051 ad
1097 2999 1334 3055 divinam
1367 3002 1772 3062 Providentiam
1792 3023 2024 3080 speetat,

2073 1793 2116 1848 Β
2147 1811 2482 1881 παρέδωκεν.

2326 1905 2432 1971 ’⁷ος
2459 1904 2720 1971 ἐπάταξε
2743 1907 2815 1962 τὰ
2840 1910 3186 1977 πρωτότοκα
3212 1913 3536 1982 Αἰγύπτου.

2227 1995 2444 2067 Ἐπειδὴ
2495 1997 2552 2050 δὲ
2601 1997 2670 2050 τὰ
2726 1998 2955 2053 καθόλου
3004 2002 3098 2056 καὶ
3136 2002 3364 2074 οὐράνιὰ
3405 2004 3536 2074 φασί
3580 2023 3738 2072 τινες

2141 2089 2371 2160 προνοίᾳ
2403 2090 2720 2146 διοικεῖσθαι
2757 2094 2894 2166 μόνῃ
2928 2094 3083 2160 Θεοῦ,
3137 2095 3405 2151 δείκνυσιν
3447 2098 3523 2162 ὡς
3569 2098 3736 2170 μέλει

2140 2182 2234 2234 καὶ
2280 2182 2388 2235 τῶν
2441 2183 2795 2257 ἀνθρωπίνων
2841 2186 3010 2258 αὐτῷ,
3063 2189 3158 2241 καὶ
3210 2188 3302 2242 νῦν
3335 2191 3460 2253 τοὺς
3505 2191 3736 2256 ἀσεὸεῖς

2140 2272 2420 2338 κολάζοντι
2472 2277 2565 2329 καὶ
2607 2275 2716 2328 τῶν
2767 2277 3004 2332 εὐσεδῶν
3046 2281 3397 2352 οἰκειουμένῳ
3437 2283 3498 2334 τὸ
3537 2283 3730 2350 γένος.

2153 2365 2309 2418 Ἀλλά
2345 2367 2509 2421 πάλαι
2541 2368 2639 2439 μὲν
2672 2365 2739 2440 ἦν
2775 2372 2933 2440 μερὶς
2967 2373 3191 2444 Κυρίου,
3227 2374 3424 2446 δηλαδὴ
3453 2375 3544 2428 τοῦ
3581 2375 3731 2429 Θεοῦ

2135 2458 2332 2528 Λόγου,
2367 2460 2494 2525 λαὸς
2540 2461 2702 2514 αὐτοῦ
2760 2462 2972 2528 Ἰακὼϐ,
3023 2467 3308 2537 σχοίνιτμα
3355 2467 3735 2539 κληρονομίας

2135 2552 2300 2606 αὐτοῦ
2352 2554 2606 2626 Ἰσραήλ·
2655 2556 2844 2628 ἐπειδὴ
2886 2556 2944 2610 δὲ
2987 2557 3054 2610 δι’
3095 2559 3162 2630 ἢν
3208 2559 3430 2631 ἔδρασεν
3459 2561 3732 2616 ἀσέϐειαν

2134 2644 2337 2707 ἐκεῖνος
2377 2644 2752 2712 ἐκπέπτωκεν,
2789 2648 3267 2721 ἐνανθρωπήσαντι
3311 2651 3578 2706 λέλεκται·
3614 2656 3732 2710 Ατ-

2131 2750 2309 2801 τησαι
2343 2735 2478 2804 παρ’
2501 2737 2668 2805 ἐμοῦ,
2719 2737 2819 2791 καὶ
2843 2737 3014 2792 δώσω
3041 2756 3138 2793 σοι
3168 2741 3312 2810 ἔθνη
3347 2741 3462 2810 τὴν
3493 2747 3730 2812 κληρο-

2129 2822 2346 2891 νομίαν
2377 2837 2516 2878 σου.

2340 2917 2538 2983 Κύριε,
2572 2917 2639 2971 τὸ
2672 2917 2860 2987 ὄνομά
2890 2932 3007 2972 σου
3038 2922 3127 2987 εὶς
3159 2920 3265 2976 τὸν
3291 2923 3495 2978 αἰῶνα.

2201 3007 2365 3059 Οὐδὲν
2397 3007 2539 3062 οὕτω
2561 3010 2660 3081 τῆς
2683 3009 2833 3076 θείας
2859 3012 3141 3084 Προνοίας,
3165 3014 3241 3074 ὼς
3266 3015 3325 3068 τὸ
3349 3016 3552 3081 διδάξαι
3585 3021 3721 3084 τοὺς

443 3082 842 3149 quam'docere
884 3085 1154 3153 homines,
1191 3105 1256 3145 ne
1287 3108 1468 3149 rerum
1510 3097 1649 3152 hanc
1685 3100 2012 3157 universita-

2132 3097 2448 3169 ἀνθρώπους
2485 3099 2560 3171 μὴ
2604 3101 2897 3158 ἀδέσποτον
2913 3082 3064 3160 εἶναι
3099 3107 3160 3159 τὸ
3203 3109 3343 3160 πᾶνθ
3388 3108 3507 3161 ὅθεν
3533 3111 3629 3162 καὶ

446 3181 550 3226 tem
582 3174 699 3230 sine
735 3175 1101 3245 gubernatore
1135 3197 1255 3237 esse
1287 3187 1533 3244 credant.
1581 3189 1758 3254 Quare
1797 3201 1852 3247 et
1889 3209 2020 3249 cou-

447 3265 600 3320 tinua
627 3269 767 3337 apud
807 3285 905 3325 nos
947 3281 1030 3327 est
1068 3274 1162 3328 Dei
1196 3280 1479 3342 memoria,
1505 3281 1660 3348 cujus
1694 3287 2026 3355 magnitudi-

443 3369 566 3411 nem
615 3373 644 3412 a
679 3361 978 3428 majoribus
1026 3365 1172 3418 servi
1207 3366 1322 3436 ejus
1357 3369 1566 3435 edocti,
1619 3377 1908 3441 praesentia
1947 3380 2028 3434 di-

441 3463 566 3505 cere
601 3453 818 3507 discunt
852 3465 908 3510 et
936 3457 1163 3518 audent,
1215 3462 1351 3516 satis
1395 3465 1553 3534 gnari
1601 3465 1718 3521 fore
1752 3477 1809 3522 ut
1841 3485 2024 3525 recre~

439 3551 626 3610 entur,
657 3547 784 3614 quia
829 3547 1095 3614 judicium
1129 3551 1222 3606 liet
1252 3553 1319 3610 de
1350 3556 1559 3626 reliquo
1590 3560 1809 3630 populo,
1835 3577 2022 3620 eorum

438 3649 600 3691 causa
650 3637 740 3708 qui
781 3637 874 3695 Dei
925 3657 1123 3697 nomen
1169 3644 1346 3701 sciunt
1380 3657 1436 3702 et
1474 3653 1736 3706 memoria
1784 3667 2020 3714 versant.

435 3726 543 3784 Pro
570 3729 652 3786 eis
697 3730 914 3800 itaque,
961 3741 1220 3804 tanquam
1250 3753 1352 3809 pro
1391 3743 1568 3799 servis
1603 3745 1760 3801 venia
1815 3752 2026 3819 egenti—

435 3819 570 3881 bus,
608 3822 961 3891 deprecatur.
1707 3845 1711 3851 ’

547 3909 706 3966 Vens.
744 3913 832 3970 15.
865 3915 1020 3970 Idola
1049 3920 1282 3988 gentium
1313 3933 1591 3992 argentum
1620 3935 1672 3982 et
1701 3946 1913 3986 aurum.

507 4002 774 4059 Ahsoluto
812 4006 1120 4079 theologico
1149 4012 1296 4066 circa
1331 4013 1615 4072 Dominum
1659 4034 1933 4089 sermone,
1968 4034 2023 4081 et

433 4097 789 4164 providentiae
823 4098 942 4167 ejus
970 4105 1186 4172 magnis
1217 4107 1477 4174 operibus
1508 4117 1864 4180 enumeratis,
1900 4127 2019 4172 tan-

433 4202 596 4254 quam
643 4190 820 4245 adhuc
866 4209 1055 4249 servos
1105 4212 1200 4252 eos
1242 4199 1549 4270 alloquens,
1594 4205 1684 4273 qui
1730 4221 1797 4261 ex
1833 4224 2020 4266 errore

433 4279 782 4351 polytheismi
825 4299 998 4352 nuper
1040 4303 1432 4358 accesserant,
1478 4294 1667 4363 objicit
1712 4309 2016 4367 putatorum

430 4372 560 4425 olim
591 4375 659 4428 ab
690 4373 828 4444 ipsis
863 4377 1090 4434 deorum
1133 4383 1624 4454 vituperationem;
1657 4403 2016 4452 consentanee

2130 3190 2385 3260 διηνεκὴς
2414 3191 2579 3245 αὐτοῦ
2633 3195 2818 3267 μνήμη
2863 3197 3168 3270 καθέστηκε
3201 3199 3328 3270 παρ’
3364 3202 3515 3269 ἡμῖν,
3548 3194 3610 3254 οὗ
3652 3205 3719 3258 τὸ

2133 3283 2364 3354 μέγεθος
2413 3285 2502 3339 διὰ
2547 3287 2655 3340 τῶν
2710 3289 3089 3360 προλαϐόντων
3137 3295 3186 3345 οἱ
3225 3291 3398 3345 δοῦλοι
3443 3294 3717 3364 μαθόντες

2128 3383 2313 3448 αὐτοῦ,
2349 3385 2417 3439 τὰ
2447 3386 2690 3456 παρόντα
2721 3386 2899 3456 λέγειν
2926 3388 3267 3442 διδάσκονται
3294 3391 3386 3443 καὶ
3421 3391 3714 3464 παραθαρ-

2131 3473 2402 3546 ῥύνονται,
2443 3475 2702 3546 μαθόντες
2737 3477 2812 3541 ὡς
2839 3480 2926 3532 ἐπ’
2954 3480 3138 3543 αὐτοῖς
3171 3481 3719 3552 παρακληθήσονται,

2126 3566 2225 3635 τῆς
2273 3567 2505 3638 κρίσεως
2555 3567 2956 3640 ἀκολουθούσης
2999 3573 3112 3634 τοῖς
3158 3570 3362 3637 λοιποῖς
3410 3572 3504 3626 τοῦ
3549 3574 3709 3638 λαοῦ,

2125 3659 2237 3720 τοῖς
2263 3660 2600 3727 ἐπεγνωκόσι
2631 3661 2691 3713 τὸ
2723 3661 2893 3731 ὄνομα
2926 3663 3112 3726 αὑτοῦ,
3148 3664 3241 3717 καὶ
3267 3664 3328 3716 τὸ
3361 3665 3712 3736 μνημόσυνον

2125 3745 2336 3817 ἔχουσιν
2359 3765 2372 3777 ο
2410 3750 2496 3800 ἐπ’
2525 3749 2756 3814 ἐκείνοις
2801 3750 2856 3804 δὲ
2891 3752 2966 3814 ὡς
2996 3751 3060 3805 ἂν
3093 3754 3184 3806 ἐπὶ
3216 3753 3421 3818 δούλοις
3454 3757 3707 3826 συγγνώ-

2126 3855 2232 3908 μης
2252 3839 2616 3910 ἐπιδεομένοις
2645 3842 3062 3912 παρακαλεῖται.

2199 3929 2274 3982 Τὰ
2303 3930 2522 3984 εἴδωλα
2551 3931 2672 3984 τῶν
2699 3931 2891 3986 ἐθνῶν
2919 3931 3203 4003 ἀργύριον
3229 3936 3330 3992 καὶ
3353 3938 3630 4006 χρυσίον.

2191 4020 2519 4085 Συντελέσας
2549 4022 2647 4094 τὴν
2679 4025 2807 4096 περὶ
2850 4024 2946 4081 τοῦ
3000 4027 3205 4099 Κυρίου
3257 4027 3555 4098 θεολογίαν,
3606 4031 3711 4084 καὶ

2118 4110 2217 4181 τῆς
2265 4111 2520 4182 προνοίας
2567 4113 2732 4167 αὑτοῦ
2774 4114 2875 4178 τὰς
2927 4117 3327 4189 μεγαλουργίας
3376 4117 3705 4183 καταλέξας,

2118 4202 2193 4265 ὡς
2227 4201 2306 4255 ἔτι
2340 4201 2545 4267 δούλοις
2580 4204 2786 4274 ὁμιλῶν
2817 4209 2929 4268 τοῖς
2963 4209 3026 4259 ἐκ
3060 4208 3158 4276 τῆς
3195 4207 3459 4261 πολυθέου
3491 4209 3711 4281 πλάνης

2117 4295 2241 4365 ἄρτι
2266 4294 2746 4366 προσεληλυθόσιν,
2769 4297 3228 4369 ἁντιπαραϐἁλλει
3244 4299 3350 4352 τῶν
3375 4299 3539 4352 πάλαι
3567 4302 3708 4371 παρ’

2117 4387 2300 4450 αὐτοῖς
2340 4390 2742 4460 νενομισμένων
2781 4389 2917 4443 θεῶν
2967 4391 3058 4442 τὸν
3113 4391 3351 4462 ἔλεγχον,
3393 4390 3709 4456 ἀκολούθως

429 4465 686 4519 nimirum
737 4467 821 4522 his
868 4485 989 4538 qua:
1034 4487 1200 4543 supra
1247 4477 1481 4543 dixerat,
1531 4496 1740 4550 nempe,
1783 4482 1891 4554 Ego
1922 4504 2009 4540 co-

2132 4475 2193 4544 ιῖς
2245 4481 2502 4554 ἀνωτέρω
2533 4484 2744 4554 εἰρήκει
2763 4503 2776 4515 ο
2807 4486 2910 4550 ὅτι,
2978 4483 3125 4554 Ἐγὼ
3153 4484 3384 4554 ἔγνωκα
3405 4485 3492 4536 ὅτι
3513 4484 3708 4554 μέγας

425 4559 586 4627 gnavi
617 4559 755 4629 quod
792 4577 1015 4631 magnus
1046 4573 1123 4618 est
1148 4565 1428 4627 Dominus.
1462 4569 1529 4624 Et
1561 4571 1814 4629 Dominus
1842 4588 2017 4633 noster

424 4665 589 4718 supra
646 4667 824 4706 omnes
868 4653 991 4708 deos
1018 4654 1087 4712 ⁸⁸.
1145 4655 1404 4714 Dominus
1441 4674 1625 4718 noster
1673 4666 1789 4721 hare
1827 4677 1882 4723 et
1925 4669 2012 4724 illa

425 4737 580 4806 fecit,
618 4750 730 4796 tum
765 4745 1063 4800 universim
1094 4755 1208 4802 tum
1232 4749 1395 4803 etiam
1427 4753 1727 4820 partiatim.
1759 4756 2011 4815 Gentium

425 4841 606 4886 autem
645 4833 740 4915 dii,
784 4834 981 4904 quibus
1012 4851 1110 4893 vos
1147 4855 1362 4910 quoque
1389 4843 1604 4915 decepti
1630 4861 1818 4903 errore
1848 4860 2008 4906 antea

423 4909 753 4988 credebatis,
789 4925 930 4980 nihil
967 4937 1122 4982 erant
1155 4909 1302 4986 aliud
1329 4947 1490 5002 quam
1525 4909 1744 4991 inortua
1772 4947 1826 4992 et
1859 4952 2004 4996 muta

421 5012 736 5071 situulacra.
779 5017 928 5072 Scite
961 5029 1140 5076 autem
1178 5031 1233 5076 et
1261 5023 1620 5092 Symmachus
1644 5044 1762 5099 pro,
1807 5033 2004 5088 similes

420 5103 528 5157 illis
567 5105 702 5173 ﬁant
732 5110 824 5178 qui
861 5111 1067 5180 faciunt
1096 5130 1179 5179 ea,
1209 5116 1599 5188 interpretatus
1644 5136 1731 5178 est
1775 5125 2000 5185 dicens:

420 5196 555 5250 velut
578 5197 693 5267 ipsa
718 5201 850 5267 ﬁant
881 5207 971 5271 qui
994 5204 1194 5272 faciunt
1218 5225 1302 5274 ea,
1330 5219 1378 5264 et
1404 5213 1699 5286 quicunque
1720 5218 1848 5287 ipsis
1875 5237 2003 5276 con-

420 5285 621 5353 ﬁdunt.
661 5289 868 5346 Revera
909 5294 1054 5348 enim
1087 5296 1178 5366 qui
1212 5297 1524 5356 inanimatis
1555 5285 1717 5360 rebus
1741 5285 1998 5378 tanquam

422 5377 529 5430 diis
555 5382 866 5448 attendunt,
900 5383 1270 5454 lapidescente
1314 5391 1518 5457 anima,
1551 5392 1694 5449 idem
1726 5377 2000 5467 patiuntur

420 5469 566 5538 quod
610 5471 708 5526 abs
751 5487 813 5528 se
853 5474 996 5530 culta
1037 5477 1203 5546 idola,
1239 5496 1431 5550 nempe
1467 5484 1654 5541 oculos
1692 5487 1899 5547 habent
1942 5503 1997 5549 et

421 5574 528 5614 non
561 5560 766 5629 vident,
800 5578 960 5621 aures
987 5567 1192 5624 habent
1220 5579 1278 5626 et
1310 5587 1418 5627 non
1451 5575 1701 5633 audiunt.

492 5758 536 5794 ³⁹
564 5757 708 5818 Psal.
735 5778 794 5828 ll,
826 5763 878 5818 8.
957 5765 1001 5796 ⁸ο
1032 5763 1170 5821 Psal.
1207 5783 1426 5836 cxxxw,
1461 5770 1513 5824 5.

2115 4569 2350 4637 Κύριος,
2395 4571 2496 4624 καὶ
2553 4575 2586 4625 ό
2623 4575 2839 4641 Κύριος
2883 4572 3054 4642 ἡμῶν
3085 4572 3244 4641 παρὰ
3286 4572 3515 4638 πάντας
3551 4573 3707 4640 τοὺς

2116 4663 2290 4729 θεούς
2312 4680 2325 4693 ·
2358 4666 2386 4717 ὁ
2419 4665 2518 4736 μὲν
2545 4666 2653 4738 γὰρ
2691 4665 2899 4736 Κύριος
2945 4664 3103 4734 ήμῶν
3128 4665 3255 4718 τάδε
3291 4665 3386 4718 καὶ
3413 4665 3536 4718 τάδε
3581 4666 3707 4736 εἱρ-

2114 4753 2320 4820 γάσατο
2353 4754 2410 4808 ἐν
2438 4773 2497 4808 τε
2534 4759 2648 4820 τοῖς
2679 4756 2906 4809 καθόλου
2955 4756 3049 4809 καὶ
3097 4759 3156 4810 ἐν
3189 4758 3298 4819 τοῖς
3332 4755 3424 4808 ἐπὶ
3459 4756 3662 4826 μέρους
3683 4775 3700 4788 θ

2115 4847 2163 4898 οἱ
2193 4845 2248 4898 δὲ
2290 4846 2399 4900 τῶν
2441 4848 2610 4902 ἐθνῶν
2645 4848 2775 4914 θεοὶ,
2805 4847 2898 4912 οὓς
2926 4850 3023 4902 καὶ
3059 4849 3214 4901 αὐτοὶ
3261 4847 3705 4918 πεπλανημένως

2114 4938 2392 5008 ἐνομίζετε
2423 4940 2705 5013 πρότερον,
2745 4941 2897 4994 οὐδὲν
2937 4936 3077 5011 ἦσαν
3101 4941 3286 5012 ἕτερον
3315 4940 3348 5010 ἢ
3383 4939 3572 4993 εἴδωλα
3606 4957 3706 4993 νε-

2113 5030 2221 5100 κρὰ
2257 5031 2350 5083 καὶ
2386 5031 2566 5100 κωφά.
2605 5031 2923 5103 Χαριέντως
2951 5031 3009 5085 δὲ
3039 5032 3134 5085 καὶ
3176 5034 3204 5084 6
3246 5031 3541 5102 Σύμμαχος
3568 5032 3702 5088 ἀντὶ⁵

2110 5122 2226 5186 τοῦ,
2274 5122 2464 5192 ὅμοιοι
2507 5123 2711 5190 αὐτοῖς
2759 5122 3026 5194 γένοιντο
3069 5127 3123 5177 οἱ
3165 5123 3477 5189 ποιοῦντες
3513 5123 3697 5193 αὐτὰ,

2105 5217 2449 5286 ήρμήνευσεν
2473 5215 2664 5281 εἰπὼν,
2704 5217 2785 5283 ὡς
2813 5216 2967 5271 αὐτὰ
2989 5216 3258 5286 γένοιντο
3291 5219 3342 5268 οἱ
3373 5215 3702 5282 ποιοῦντες

2105 5308 2276 5371 αὐτὰ,
2308 5309 2406 5362 καὶ
2440 5307 2560 5375 πᾶς
2584 5312 2617 5362 d
2643 5309 2941 5375 πεποιθὼς
2976 5309 3200 5378 αὐτοῖς.
3232 5310 3342 5362 Καὶ
3371 5308 3480 5379 γὰρ
3515 5308 3698 5374 ὅντως

2103 5393 2151 5444 οί
2190 5394 2302 5456 τοῖς
2331 5392 2558 5464 ἀψύχοις
2588 5393 2663 5457 ὡς
2695 5392 2838 5456 θεοῖς
2873 5394 3248 5466 προσέχοντες,
3276 5392 3466 5462 ὥσπερ
3499 5391 3699 5444 ἀπολι-

2103 5482 2366 5548 θωθέντες
2399 5485 2499 5556 τὴν
2531 5484 2728 5556 ψυχὴν,
2769 5485 2864 5539 καὶ
2905 5485 3059 5538 αὐτοὶ
3090 5484 3151 5536 τὸ
3179 5483 3312 5537 αὐτὸ
3350 5480 3693 5535 πεπόνθασιν

2100 5580 2214 5638 τοῖς
2249 5578 2738 5649 προσκυνουμένοις
2771 5579 2861 5630 ὑπ’
2903 5576 3100 5638 αὐτῶν,
3128 5573 3438 5644 ὀφθαλμοὺς
3463 5572 3692 5643 ἔχοντες

2100 5672 2190 5725 καὶ
2216 5673 2277 5725 οὐ
2301 5672 2606 5742 βλέποντες,
2635 5667 2747 5727 ὦτα
2771 5672 2982 5744 ἔχοντες
3007 5673 3100 5727 καὶ
3124 5671 3225 5724 οὐκ
3251 5667 3564 5734 ἀκούοντες.
