3850 6210
169 289 224 348 33
1255 289 1762 350 COMMENTARIA
1800 293 1870 350 IN
1906 293 2246 354 PSALMOS.

1726 416 1778 474 Α
1949 410 2114 464 Vens.
2147 412 2236 466 18.
2277 407 2489 466 Similes
2523 410 2628 464 illis
2661 411 2793 481 ﬁant
2826 412 2916 481 qui
2947 411 3148 482 faciunt
3179 428 3262 468 ea.

238 401 440 470 Ὅμοιοι
465 399 670 466 αὐτοῖς
696 401 965 470 γένοιντο
993 404 1046 456 οἱ
1080 403 1399 472 ποιοῦντες
1426 406 1599 461 αὐτά.

214 492 268 546 οι
307 492 400 561 μὲν
443 491 830 562 προειρημένοι
894 491 1070 562 ὅμοιοι
1128 495 1466 565 γενήσονται,
1516 497 1550 568 ἤ
1599 496 1694 551 καὶ

160 583 369 652 γεγόνασι
398 586 509 645 τοῖς
540 583 748 636 ἑαυτῶν
780 583 921 648 θεοῖς
939 601 951 613 °
979 587 1027 638 οἱ
1060 585 1116 638 δὲ
1142 589 1220 651 είς
1249 587 1340 641 τὸν
1365 589 1562 661 κλῆρον
1591 607 1696 643 πα-

160 672 475 744 ραληφθέντες
504 674 599 726 τοῦ
631 673 792 738 Θεοῦ,
817 675 912 727 καὶ
934 673 1064 739 λαὸς
1102 677 1268 730 αὑτοῦ
1313 680 1690 751 χρηματίσαν-

158 782 240 828 τες,
265 767 660 835 Εὐλογήσατε,
687 768 842 838 φησὶ,
864 768 972 822 τὸν
987 769 1227 836 Κύριον.
1245 771 1521 825 τουτέστιν
1543 774 1693 826 ἀνευ-

157 859 421 927 φημήσατε,
458 859 526 912 τά
567 859 776 930 μεγάλα
807 861 1029 924 ἑαυτοὺς
1052 860 1412 930 ὠφελοῦντες·
1444 864 1689 918 καλεῖται

151 950 193 1002 δὲ
207 948 394 1020 πρῶτον
409 950 500 1002 ἐπὶ
512 949 612 1021 τὴν
634 951 882 1022 εὐλογίαν
907 957 934 1008 6
951 953 1049 1026 (9‘)
1069 956 1203 1010 Θεοῦ
1219 956 1400 1022 λαὺς,ὁ
1419 959 1581 1012 καλού
1591 977 1686 1032 με-

152 1035 371 1104 νοςοῖκος
417 1043 654 1114 Ἰσραὴλ,
705 1044 767 1097 τὸ
799 1045 1137 1118 ὑποϐεϐηκὸς
1173 1049 1360 1119 τάγμα
1405 1050 1500 1105 τοῦ
1550 1051 1688 1124 πλή-

150 1132 243 1196 θους
259 1149 272 1162 ·
295 1132 537 1206 δεύτερον
575 1135 632 1188 δὲ
659 1136 801 1190 κατά
832 1139 1098 1193 ἀνάϐασιν
1119 1141 1213 1194 καὶ
1239 1142 1512 1213 ὑπεροχὴν
1537 1139 1685 1209 οἶκος

156 1224 327 1296 ’Δαρὼν
346 1243 359 1256 ”
387 1228 480 1280 καὶ
519 1228 704 1298 τρίτον
733 1231 768 1300 ἡ
802 1230 941 1302 φυλὴ
973 1234 1122 1285 πᾶσα
1153 1236 1186 1304 ἡ
1215 1235 1462 1307 ἰερατικὴ
1487 1237 1682 1290 καλου-

146 1317 251 1388 μὲνη
273 1313 406 1381 οἶκος
447 1319 612 1372 Λευΐ·
660 1322 755 1374 καὶ
797 1322 935 1392 μετά
975 1325 1183 1388 πάντας
1213 1325 1470 1396 ἀνωτέρω
1501 1329 1550 1380 oi
1583 1345 1681 1398 φο-

145 1409 351 1480 ϐούμενοι
388 1411 477 1464 τὸν
505 1411 711 1484 Κύριον
730 1430 744 1446 °
780 1409 922 1468 οὗτοι
949 1415 1006 1468 δὲ
1038 1412 1180 1487 ἦσαν
1220 1419 1356 1489 πρὸς
1380 1417 1473 1483 οὓς
1501 1421 1528 1471 6
1573 1423 1681 1484 πᾶς

145 1501 275 1571 ὕμνος
315 1504 792 1576 προσπεφώνηταιο
845 1507 894 1560 oi
932 1507 996 1579 δὴ
1045 1509 1102 1562 έν
1147 1509 1290 1582 ἀρχῇ
1337 1510 1432 1563 τοῦ
1479 1512 1679 1577 παντὸς

141 1593 313 1662 ψαλμοῦ
332 1596 710 1666 ὠνομασμένοι
730 1597 924 1663 δοῦλοι,
947 1599 1146 1671 δηλαδὴ
1163 1602 1212 1654 οἱ
1239 1602 1298 1668 ἐξ
1327 1601 1494 1656 ἐθνῶν
1511 1621 1679 1676 προσ-

143 1685 276 1748 ιόντες
311 1689 374 1757 τῇ
422 1688 625 1741 πίστει.
665 1690 726 1742 Ei
785 1690 890 1764 γὰρ
948 1692 1010 1744 τὸ
1049 1694 1158 1746 πᾶν
1215 1695 1480 1748 Ἰουδαίων
1526 1697 1677 1761 ἔθνος

3311 299 3383 356 34

1867 501 2116 559 Praedicti
2150 504 2452 559 idololatrae
2500 504 2708 559 similes
2757 504 2908 570 ﬁent,
2957 505 3046 559 vel
3088 505 3201 575 jam
3252 514 3383 561 sunt

1795 592 1948 659 facti,
1981 595 2086 650 diis
2112 596 2250 650 suis.
2289 586 2652 660 Secus‘vero,
2688 595 2779 665 qui
2822 595 2876 649 in
2921 607 3121 650 sortem
3152 596 3244 650 Dei
3289 610 3378 648 as-

1793 684 1994 754 sumpti
2022 686 2178 749 estis,
2209 693 2266 739 et
2291 683 2520 754 p0pulus
2550 687 2668 752 ejus
2696 683 3016 748 censemini,
3047 681 3372 745 Beuedicite,

1793 775 1990 844 inquit,
2021 775 2288 840 Domino;
2326 776 2498 838 idest,
2525 774 2853 837 collaudate,
2896 789 2999 828 non
3038 773 3154 828 sine
3179 787 3374 842 magna

1791 866 2026 921 utilitate
2057 879 2260 922 vestra.
2292 866 2508 921 Primus
2537 876 2717 921 autem
2747 868 2814 920 ad
2848 867 3174 919 laudandum
3213 879 3375 918 voca-

1790 967 1878 1011 tur
1911 958 2005 1012 Dei
2051 958 2299 1027 populus,
2336 958 2428 1026 qui
2474 958 2669 1012 dicitur
2696 957 2890 1012 domus
2935 957 3149 1010 lsraelis
3175 995 3190 1022 ,
3235 957 3371 1010 ordo

1789 1049 2014 1104 inferior
2041 1049 2234 1118 plebis.
2283 1050 2534 1105 Secundo
2565 1049 2707 1115 loco,
2747 1051 2822 1104 uti
2863 1049 3064 1119 gradus
3102 1046 3372 1104 excelsior

1785 1152 1841 1198 et
1865 1145 2131 1208 eminens,
2167 1145 2360 1199 domus
2387 1144 2638 1198 Aaronis.
2669 1142 2855 1196 Tertio
2877 1139 3230 1195 sacerdotalis
3252 1139 3373 1192 uni-

1784 1249 1940 1291 versa
1966 1236 2158 1291 domus
2176 1236 2328 1292 Levi.
2357 1237 2638 1291 Postremo
2658 1235 2889 1304 denique
2912 1245 3166 1302 tanquam
3194 1231 3369 1286 omni.

1784 1327 1883 1382 bus
1915 1329 2256 1384 sublimiores
2281 1329 2372 1399 qui
2405 1332 2593 1382 timent
2614 1328 2920 1383 Dominum.
2960 1326 3022 1380 lli
3057 1334 3202 1390 sunt,
3227 1338 3368 1393 quos

1783 1420 2068 1474 universus
2093 1421 2324 1490 hymnus
2345 1421 2655 1488 alloquitur.
2683 1418 2782 1485 Qui
2810 1428 2990 1472 autem
3017 1417 3170 1471 initio
3200 1416 3366 1470 totius

1782 1511 1970 1580 psalmi
2000 1512 2342 1580 appellantur
2372 1516 2540 1578 servi,
2578 1511 2614 1564 ii
2649 1520 2776 1564 sunt
2803 1510 2893 1578 qui
2929 1523 2994 1564 ex
3032 1507 3264 1562 ethnicis
3295 1507 3363 1560 ad

1781 1603 1938 1656 fidem
1975 1613 2340 1660 accesserunt.
2369 1602 2501 1657 Nam
2531 1604 2574 1658 si
2601 1604 2850 1658 universa
2874 1601 3180 1657 Judazorutn
3215 1599 3365 1652 natio

1780 1697 2054 1760 praedictis
2089 1695 2262 1750 tribus
2291 1696 2572 1752 ordinibus
2618 1693 3114 1765 comprehenditur,
3151 1691 3364 1747 lsraelis

139 1780 474 1850 περιείληπται
517 1782 605 1836 διὰ
647 1783 756 1836 τῶν
797 1763 1103 1856 εἰρημένων
1149 1787 1318 1859 τριῶν
1361 1788 1666 1858 ταγμάτων1

1781 1787 2051 1854 videlicet,
2093 1799 2149 1844 et
2190 1789 2516 1843 familiarum
2574 1789 2808 1844 Aaronis
2854 1803 2918 1842 ac
2948 1787 3118 1851 Levi;
3166 1786 3360 1854 reliqui

138 1870 207 1922 τοῦ
243 1888 295 1923 τε
343 1872 576 1944 Ἰσραὴλ,
620 1873 716 1926 καὶ
757 1873 851 1927 τοῦ
898 1875 1048 1928 οἴκου
1109 1875 1340 1948 Ἀαρὼν,
1383 1879 1476 1931 καὶ
1525 1879 1676 1933 οἴκου

138 1965 257 2029 Aeci,
288 1966 454 2036 ἕτεροι
484 1956 641 2039 ἕταρά
664 1968 886 2034 τούτους
912 1971 1055 2034 τίνες
1082 1971 1147 2025 ἂν
1186 1968 1296 2026 εἷεν
1327 1974 1375 2026 οἱ
1410 1974 1678 2046 φοϐούμε-

135 2074 195 2109 νοι
219 2058 296 2110 τὸν
329 2059 554 2131 Κύριον,
587 2064 634 2114 εί
675 2062 750 2133 μὴ
792 2061 852 2126 ἐξ
885 2062 1053 2116 ἐθνῶν
1085 2063 1162 2134 τῷ
1205 2061 1298 2119 τοῦ
1351 2066 1486 2120 Θεοῦ
1533 2067 1676 2140 λόγῳ

136 2149 590 2220 προσεληλυθότες;
617 2152 668 2205 οἳ
702 2154 797 2206 καὶ
832 2153 1173 2208 διδάσκονται
1198 2155 1458 2225 εὐλογεῖν·
1483 2161 1676 2213 Εὐλο-

137 2237 277 2304 γητὸς
293 2240 505 2307 Κύριος
529 2241 600 2294 ἐκ
619 2240 796 2306 Σιὼν,
815 2245 848 2296 ό
874 2243 1166 2298 κατοικῶν
1195 2246 1610 2317 Ἰερουσαλὴμ,
1637 2249 1670 2320 ἢ

137 2330 208 2400 τὴν
239 2333 315 2385 ἀεὶ
364 2334 632 2404 μένουσαν
679 2336 774 2390 τοῦ
809 2337 942 2392 Θεοῦ
992 2341 1166 2405 πόλιν,
1211 2343 1268 2394 ὲν
1315 2337 1348 2417 ᾖ
1387 2344 1447 2397 τὸ
1475 2345 1673 2416 ἀληθὲς

135 2428 264 2477 νοοῖτο
296 2425 358 2479 ἂν
382 2430 804 2500 κατοικητήριον
835 2429 928 2483 τοῦ
958 2431 1093 2484 Θεοῦ
1124 2433 1257 2505 (10).

615 2521 907 2576 ΨΑΛΜΟΣ
955 2526 1124 2580 PAE’.

275 2609 350 2677 Τῷ
375 2613 702 2682 ποιήσαντι
735 2615 1038 2685 θαυμάσια
1060 2617 1297 2689 μεγάλα
1311 2622 1495 2690 μόνῳ.

181 2701 475 2775 Θαυμαστὸν
519 2706 579 2760 δὲ
619 2707 714 2760 καὶ
745 2707 880 2778 πρὸς
906 2707 1070 2774 λέξιν,
1102 2712 1150 2762 εί
1185 2712 1413 2784 οὐρανὸς
1451 2714 1550 2784 μὲν
1575 2715 1670 2768 καὶ

135 2793 236 2866 μόνῃ
250 2794 338 2867 θέᾳ
363 2799 460 2868 τὴν
484 2799 680 2867 σοφίαν
708 2798 899 2870 δηλοῦν
920 2799 1012 2853 τοῦ
1033 2801 1141 2872 (10)
1171 2803 1327 2868 Θεοῦ,
1359 2805 1580 2874 μεγέθει
1608 2824 1668 2860 τε

131 2885 202 2936 καὶ
225 2887 395 2940 κάλλει
419 2889 514 2942 καὶ
542 2890 882 2963 πολυχρονίῳ
913 2896 1083 2965 μονῇ·
1115 2895 1184 2966 γῆ
1228 2895 1288 2948 δὲ
1331 2897 1668 2968 πανταχόθεν

134 2978 516 3052 περικλυζομένη
561 2985 677 3046 τοῖς
720 2983 876 3036 ῦδασι
925 2985 1021 3037 καὶ
1073 2985 1332 3041 σύστασιν
1374 2989 1473 3061 τὴν
1529 2991 1666 3044 ίδίαν

1779 1895 1890 1950 pra:
1931 1881 2014 1934 his
2049 1882 2302 1936 timentes
2336 1881 2642 1945 Dominum,
2676 1881 2894 1952 quinam
2925 1889 3084 1935 erunt
3121 1879 3223 1933 nisi
3265 1879 3358 1948 qui

1778 1988 1844 2028 ex
1903 1975 2135 2031 ethnicis
2189 1976 2256 2030 ad
2311 1974 2405 2030 Dei
2467 1975 2764 2030 doctrinam
2823 1971 3208 2028 accesserunt?
3264 1972 3358 2042 qui

1776 2067 1940 2121 etiam
1975 2068 2238 2122 docentur
2265 2067 2344 2122 sic
2371 2069 2692 2122 benedicere
2721 2085 2733 2120 :
2765 2065 3076 2121 Benedictus
3100 2064 3357 2118 Dominus

1775 2173 1840 2210 ea:
1879 2157 2040 2222 Sion,
2095 2160 2185 2229 qui
2231 2158 2432 2212 habitat
2490 2156 2829 2222 Jerusalem,
2891 2157 3007 2211 sive
3052 2165 3356 2210 manentem

1775 2262 1987 2318 semper
2021 2249 2116 2305 Dei
2147 2251 2456 2314 civitatem,
2490 2251 2542 2303 in
2584 2265 2690 2319 qua
2736 2263 2864 2303 vera
2904 2249 2997 2303 Dei
3039 2246 3358 2318 intelligitur

1773 2338 2057 2397 habitatio.

2255 2519 2579 2576 PSALMUS
2619 2519 2881 2576 CXXXV.

1897 2611 2060 2666 Vens.
2083 2611 2138 2666 4.
2176 2609 2246 2664 Ei
2267 2614 2355 2682 qui
2379 2612 2508 2682 facit
2541 2613 2808 2666 mirabilia
2834 2627 3024 2682 magna
3052 2609 3219 2667 solus.

1845 2701 1987 2758 Sane
2030 2703 2097 2758 ad
2147 2703 2383 2758 litteram
2436 2705 2683 2759 mirabile
2730 2713 2850 2769 est,
2917 2702 3349 2773 quandoquidem

1771 2795 1968 2850 coelum
2009 2797 2126 2850 solo
2166 2797 2360 2852 intuitu
2404 2799 2725 2866 sapientiam
2760 2797 2852 2852 Dei
2885 2795 3253 2866 magnitudine
3285 2811 3352 2851 ac

1769 2888 2174 2956 pulchritudine
2209 2905 2330 2956 sua,
2369 2900 2422 2944 et
2462 2901 2569 2943 tam
2605 2889 2840 2959 spatiosa
2875 2889 3091 2944 aevitate
3123 2889 3349 2942 demon-

1769 2989 1904 3034 strat
1946 2998 1960 3034 :
2003 2990 2150 3035 terra
2205 2993 2384 3036 autem
2432 2981 2758 3036 alluentibus
2815 2981 3052 3050 undique
3097 2979 3349 3034 ﬂuctibus

133 3066 448 3131 φυλάττουσαν
465 3087 477 3099 ·
507 3073 646 3124 πᾶσι
669 3073 725 3126 δὲ
746 3071 836 3126 τὸν
857 3073 1071 3128 αἰώνιον
1097 3075 1244 3129 ἔλεον
1267 3079 1295 3130 6
1323 3078 1665 3151 μελογράφος

1773 3073 2076 3129 firmitatem
2129 3090 2278 3129 suam
2339 3075 2599 3130 retinens.
2651 3074 2747 3129 llis
2786 3075 3037 3129 omnibus
3087 3083 3346 3128 aeternam

135 3158 412 3227 τδνέζευξεν,
439 3163 632 3235 ἐπειδὴ
660 3165 722 3217 οὐ
746 3163 834 3218 διὰ
858 3167 1047 3237 χρείαν
1070 3168 1276 3222 οἰκείαν
1296 3172 1324 3224 6
1347 3171 1499 3236 Θεὸς,
1527 3171 1664 3227 ἀλλά

1773 3166 2194 3221 misericordiam
2242 3167 2486 3223 melodus
2529 3167 2813 3231 innexuit,
2865 3167 3131 3236 siquidem
3205 3165 3348 3220 haud

131 3245 195 3300 διὰ
219 3251 365 3323 μόνην
393 3253 808 3349 φιλανθρωπίαν
831 3256 1258 3332 ἐδημιούργησεν
1284 3263 1518 3317 ἅπαντα.

467 3455 554 3522 Τῷ
585 3456 916 3522 πατάξαντι
947 3459 1272 3530 Αἴγυπτον.

179 3544 226 3598 ει
253 3545 319 3618 μὴ
348 3548 629 3614 πέπεισαι,
673 3553 826 3622 φησὶ,
864 3553 1094 3625 προνοίᾳ
1132 3554 1267 3609 Θεοῦ
1307 3558 1400 3611 καὶ
1436 3558 1662 3631 δυνάμει

128 3636 192 3688 τὸν
212 3641 477 3709 σύμπαντα
514 3643 724 3712 κόσμον
757 3645 850 3697 καὶ
875 3644 943 3698 τά
975 3645 1164 3698 τούτου
1195 3646 1337 3720 μέρη
1373 3649 1662 3723 διακυϐερ-

130 3729 296 3794 vieini,
329 3733 383 3784 ἐν
415 3735 708 3806 ἀμφιϐόλῳ
740 3736 796 3790 δὲ
821 3736 965 3807 ἔχεις
1005 3741 1078 3811 μή
1111 3757 1187 3812 πη
1216 3740 1286 3794 τά
1324 3742 1466 3796 κατὰ
1495 3745 1661 3816 μέρος

126 3822 195 3873 καὶ
220 3824 276 3878 τὰ
301 3827 616 3900 ἀνθρώπινα
663 3831 969 3900 παρορᾶται
1003 3832 1097 3884 ὑπ’
1136 3833 1324 3898 αὐτοῦ,
1356 3835 1547 3904 γνῶθι,
1577 3839 1661 3891 ὅτι

126 3915 303 3968 καὶτῶν
327 3921 416 3972 ἐπὶ
444 3922 551 3992 γῆς
587 3921 686 3990 οὐχ
711 3917 871 3992 ἦττον
908 3923 941 3993 ἦ
968 3922 1078 3976 τῶν
1112 3927 1233 3978 κατ’
1271 3927 1498 3998 οὐρανὸν
1528 3947 1661 4002 προ-

126 4013 237 4062 νοεῖ·
268 4015 584 4087 μετέρχεται
615 4017 747 4085 γοῦν
783 4017 921 4070 κατά
950 4019 1174 4088 χρόνους
1208 4019 1315 4071 τῶν
1358 4019 1658 4092 ἀνθρώπων

124 4099 216 4150 καθ’
235 4103 528 4178 ὑπερϐολὴν
555 4107 750 4171 ἀθέους
775 4109 869 4161 καὶ
895 4109 1130 4174 ἀσεϐεῖς,
1161 4109 1351 4182 ὥσπερ
1380 4112 1511 4164 ποτὲ
1535 4115 1659 4177 τοὺς

123 4190 398 4258 Δίγυπτίους
426 4197 719 4267 μετῆλθεν,
752 4200 844 4251 καὶ
872 4199 1040 4270 αὐτὴν
1065 4199 1161 4271 τὴν
1193 4201 1497 4268 Αἰγυπτίαν
1523 4203 1656 4273 γῆν.

124 4280 402 4353 Προϊτταται
448 4288 508 4340 δὲ
563 4289 723 4343 πάλιν
752 4290 844 4342 καὶ
874 4291 1188 4362 ὑπερμαχεῖ
1228 4291 1336 4344 τῶν
1369 4291 1655 4361 θεοφιλῶν,

122 4376 190 4424 καὶ
212 4377 263 4428 οὐ
289 4379 458 4448 μόνων
483 4380 690 4445 αὐτῶν,
717 4381 852 4434 ἀλλά
874 4385 967 4435 καὶ
991 4382 1100 4437 τῶν
1122 4384 1328 4438 τούτων
1350 4385 1654 4454 ἀπογόνων,

1766 3257 1836 3310 ob
1866 3257 2098 3326 aliquem
2145 3273 2302 3312 suum
2353 3273 2506 3312 usum
2538 3256 2718 3322 Deus,
2761 3257 2858 3312 sed
2899 3259 2970 3313 ob
3009 3256 3176 3313 solam
3215 3271 3348 3330 erga

1768 3345 2017 3403 homines
2053 3347 2440 3417 benignitatem
2470 3350 2652 3402 omnia
2695 3348 2924 3404 creavit.

2028 3459 2196 3517 Vsus.
2227 3457 2315 3518 10.
2353 3461 2458 3526 Qui
2486 3463 2741 3531 percussit
2766 3460 3081 3532 Egyptum.

1838 3549 1894 3606 Si
1940 3550 2080 3607 forte
2125 3554 2269 3606 haud
2302 3554 2501 3618 credis,
2535 3554 2730 3624 inquit,
2761 3555 2851 3608 Dei
2893 3551 3226 3623 providentia
3278 3566 3345 3608 ac

1764 3643 1964 3698 virtute
2005 3644 2320 3699 universum
2372 3646 2631 3698 mundum
2664 3643 2888 3714 ejusque
2934 3654 3114 3714 partes
3143 3644 3342 3714 guber-

1765 3737 1917 3801 nari,
1967 3736 2293 3806 duhitasque
2339 3752 2426 3791 res
2479 3735 2792 3805 singillatim
2846 3738 3113 3790 humanas
3161 3735 3230 3789 ab
3277 3751 3345 3789 eo

1765 3825 1996 3882 fortasse
2041 3828 2258 3898 negligi,
2304 3827 2464 3880 velim
2511 3827 2674 3892 scias,
2723 3827 2899 3896 ipsum
2938 3841 3026 3881 res
3066 3827 3207 3880 haud
3239 3827 3340 3879 mi-

1763 3934 1865 3973 nus
1893 3929 2136 3974 terrenas
2166 3934 2324 3988 quam
2360 3919 2608 3975 caelestes
2644 3935 2857 3985 curare.
2889 3919 3028 3989 Ergo
3061 3920 3342 3990 persequi-

1760 4021 1869 4077 tur,
1899 4012 2230 4080 temporibus
2258 4011 2485 4074 idoneis,
2517 4013 2763 4066 homines
2787 4015 3087 4080 praesertim
3117 4015 3342 4084 insigni-

1762 4114 1846 4158 ter
1879 4104 2213 4174 irreligiosos
2266 4113 2319 4158 et
2372 4103 2600 4171 impios;
2644 4103 2803 4157 sicuti
2845 4103 3138 4172 aliquando
3172 4105 3342 4177 Egy-

1759 4197 1884 4265 ptiis
1919 4211 2216 4264 eorumque
2264 4195 2468 4264 regioni
2516 4195 2779 4248 incubuit.
2815 4193 3060 4267 Protegit
3097 4197 3338 4253 vicissim

1761 4299 1920 4358 atque
1958 4287 2198 4342 defendit
2243 4287 2470 4341 dilectos
2517 4301 2674 4350 suos,
2734 4301 2912 4356 neque
2961 4287 3060 4342 hos
3107 4298 3338 4355 tantum,

1760 4393 1945 4432 verum
1975 4378 2138 4432 etiam
2177 4377 2412 4444 ipsorum
2465 4385 2745 4443 posteros;
2795 4377 2952 4431 sicuti
2987 4391 3176 4446 reapse
3210 4378 3342 4434 fecit

121 4462 269 4539 ᾧπερ
305 4470 407 4523 τῶν
444 4473 534 4526 διὰ
567 4473 850 4538 Μωῦσέως
895 4473 1354 4547 ἡλευθερωμένων
1387 4477 1509 4530 τότε
1553 4477 1656 4548 τῆς

1773 4471 1959 4539 ereptis
1990 4479 2116 4524 tunc
2148 4484 2244 4538 per
2266 4468 2501 4540 Moysem
2534 4467 2602 4521 ah
2625 4466 3003 4540 Egyptiorum
3034 4471 3335 4536 servitute;

122 4561 218 4628 παρ’
243 4563 547 4632 Αἰγυπτίοις
587 4565 854 4631 δουλείας,
891 4566 984 4630 οὒς
1024 4566 1396 4639 ἠλευθέρωσεν
1439 4568 1602 4632 αὐτὸς
1628 4570 1658 4622 6

118 4648 188 4702 ἐπὶ
211 4653 406 4710 πάντων
430 4657 587 4722 Θεὸς,
613 4657 716 4710 οὐκ
745 4657 918 4722 ἄλλως
951 4658 983 4728 ἢ
1018 4659 1362 4740 ἐκτεταμένη
1391 4661 1535 4733 χειρὶ
1560 4661 1656 4714 κα)⁸

117 4741 285 4814 Ξςχυρῷ
318 4746 559 4817 βραχίονι
605 4749 980 4820 χρησάμενος·
1009 4751 1094 4822 είη
1124 4751 1167 4804 δ’
1197 4751 1263 4808 ἂν
1295 4745 1450 4817 οὗτος
1487 4753 1516 4804 6
1558 4751 1653 4806 τοῦ

170 4880 253 4948 (9’)
298 4883 451 4938 Deest
483 4887 602 4941 τοῦ.
647 4887 803 4943 Εοιτ.

167 4952 260 5031 (lli)
297 4955 346 5006 ln
375 4958 659 5031 codicibus
685 4959 744 5031 D.
773 4959 809 5012 f.
830 4959 970 5031 Δ957.
1009 4961 1064 5022 b.
1096 4969 1150 5016 et
1173 4961 1240 5016 G.
1275 4961 1312 5015 f.
1354 4961 1484 5025 207,
1525 4961 1647 5018 aliis

115 5027 481 5106 {11211918le
508 5028 653 5106 idern
683 5027 797 5106 fere
821 5028 1184 5106 fragmentum
1221 5031 1500 5106 scribitur.
1527 5033 1643 5084 ΕΥ-

356 5095 539 5172 Τα-ῦτα
562 5098 661 5172 μέν
683 5086 965 5172 εῗηηφασί,
981 5105 1095 5163 τοῖς
1115 5101 1329 5156 ποιοῦσι
1347 5103 1417 5156 τὰ
1430 5103 1640 5155 εἴδωλα·

113 5164 196 5234 ορὲ
224 5164 336 5242 λαὸς
361 5165 459 5242 τοῦ⁸
486 5164 694 5242 κυρίου
728 5164 835 5242 καῖ
859 5173 887 5222 6
920 5170 1119 5242 κλῆρος
1143 5172 1306 5242 αὑτοῦ
1327 5172 1647 5226 ἀπολαυέτω

114 5242 191 5314 ῖῇς
233 5235 505 5314 εἰς-αὐτὸν
541 5235 872 5314 εὐφημίας·
913 5235 1130 5314 πρῶτον
1175 5238 1647 5314 ὁκοῙκος-Ἱσραὴλ

282 5304 339 5356 τὸ
361 5304 730 5394 ὑποϐεϐηκόξ·
763 5304 882 5364 εἶτα
904 5304 967 5363 τὸ
987 5312 1097 5397 ῥπε
1135 5313 1344 5400 ἀνέχον,
1373 5304 1522 5399 οἶκος
1551 5304 1644 5366 τοῦ

170 5388 295 5452 ἔριον
315 5391 328 5403 °
357 5394 476 5452 ειτα
513 5396 622 5452 των
655 5379 842 5450 ιερέων
871 5383 904 5452 ἡ
935 5399 1084 5452 πάσα
1103 5329 1284 5452 ἱζρυλη,
1312 5380 1459 5446 οἶκος
1491 5384 1645 5436 Λευϊ’

135 5397 295 5456 agniti:
315 5397 328 5403 -
357 5397 476 5431 ειτα
513 5397 622 5431 των
655 5397 842 5450 ιερεων
871 5397 904 5452 η
935 5399 1084 5434 πασα
1108 5397 1284 5454 ιςρυλη,
1312 5397 1459 5446 οικος
1491 5397 1645 5436 Λευῐο

114 5452 187 5526 ται
209 5448 699 5526 παντων-ἀνώτερον
723 5451 772 5503 οἱ
801 5451 964 5526 φοϐοῦ
974 5469 1120 5522 μενοι
1139 5453 1229 5507 τὸν
1246 5453 1491 5526 Κύριον,
1508 5454 1648 5526 πρὸς

115 5515 236 5595 ξὺξ
272 5518 368 5580 πᾶς
395 5518 581 5595 Δὕμνος
611 5515 1129 5595 ’προσπεφώνηταιοι
1173 5525 1266 5595 καὶ
1304 5515 1426 5578 κατ’

117 5584 368 5663 ξέρέθῃμσαν
391 5584 590 5663 δοῦλοι,
621 5584 688 5644 δι”
716 5584 792 5643 ὧν
812 5584 935 5656 τοὺς
963 5584 1028 5659 ἐξ
1079 5591 1248 5663 ἐθνῶν
1291 5584 1649 5648 πεπιστεύἶιόλ

119 5661 191 5734 τις
216 5654 488 5734 ᾂδήλωσεν·
519 5661 664 5734 τίνες
701 5665 891 5734 γάρνοὶ
918 5654 1249 5734 ⁷φοϐούμενοι
1283 5665 1372 5718 τὸν
1419 5665 1645 5734 Κύριον,

123 5729 234 5786 π’·ορὰ
261 5729 320 5780 τὰ
351 5732 472 5799 τρία
500 5729 761 5802 τάγματα
782 5729 890 5786 τῶν
923 5729 1220 5800 Ἰουδαίων;
1247 5735 1384 5789 Σιὼν
1408 5735 1463 5789 δὲ
1499 5729 1646 5804 λέγει

1760 4579 1896 4635 quos
1950 4563 2062 4632 ipse
2110 4563 2410 4618 communis
2462 4561 2606 4616 Deus
2661 4562 2914 4616 liberavit
2962 4563 3103 4617 haud
3152 4563 3335 4629 aliter,

1763 4673 1922 4727 quam
1973 4671 2134 4709 manu
2185 4670 2280 4708 sua
2322 4664 2568 4718 extenta,
2606 4655 2938 4724 hrachioque
2983 4655 3109 4710 forti
3155 4665 3333 4710 utens.

1760 4750 1858 4805 Est
1907 4756 2084 4804 autem
2134 4746 2238 4801 hoc
2285 4747 2460 4816 ipsum
2501 4746 2595 4800 Dei
2641 4744 2894 4813 Verbum,
2946 4760 3042 4814 per
3087 4747 3228 4814 quod
3282 4755 3339 4800 et

1757 4887 2275 4958 xal._'lepooaa)thy.,
2302 4888 2402 4956 τὴν
2429 4887 2516 4939 ἀεὶ
2549 4885 2938 4958 μένουσανμτοῦ
2981 4882 3118 4958 Θεοῦ
3156 4883 3331 4958 πόλιν,

1753 4963 1811 5014 ὲν
1937 4953 1998 5012 τὸ
2043 4953 2241 5031 ἀληθὲς
2290 4953 2709 5031 κατοικητξῆριον
2749 4953 3054 5031 τοῦ-Θεοῦ·
3090 4955 3246 5031 ,κατά
3273 4955 3330 5008 δὲ

1751 5021 1954 5100 νόησιν,
1991 5031 2040 5083 oi
2064 5021 2360 5100 διορατικοὶ
2397 5021 2669 5100 μὲνόξᾷξος
2696 5027 2793 5100 τοῦ
2832 5025 3055 5100 Ἰσραὴλ.
3079 5024 3332 5100 ὀψόμενοι

1753 5049 1810 5084 νο
1853 5049 1954 5093 σιν,
1991 5049 2040 5083 οι
2064 5049 2360 5100 οιορατικοι
2397 5049 2496 5098 μεν
2521 5049 2669 5090 οικος
2699 5049 2793 5079 του
2847 5049 3047 5097 ισραηΛ
3079 5049 3332 5094 υψυμενοι

1753 5049 1970 5172 καῐθαρᾶ
2015 5100 2214 5172 καρδία
2262 5099 2424 5152 Θεόν’
2469 5101 2516 5152 οἱ
2545 5098 2602 5152 δὲ
2634 5096 2852 5159 τελείως
2895 5097 2988 5149 καὶ
3043 5094 3335 5166 ίερατικῶς

1753 5171 1916 5224 αὐτὸν
1938 5153 2024 5223 ἀεὶ
2048 5170 2468 5231 θεραπεύοντες,
2491 5165 2640 5230 οἶκος
2678 5166 2916 5231 Ἀαρών
2971 5165 3067 5219 καὶ
3110 5167 3157 5217 οἱ
3208 5164 3333 5218 τούς

1753 5184 1916 5224 αυτον
1938 5184 2024 5223 ἀεὶ
2048 5184 2468 5243 θεραπεύοντες,
2491 5184 2640 5230 οικος
2683 5184 2916 5250 Ααρων·
2971 5184 3067 5219 και
3110 5184 3157 5246 of
3208 5184 3329 5247 τούς

1753 5259 1861 5313 των
1893 5241 2284 5313 ὑποδεέστερον
2309 5241 2428 5311 μὲν,
2450 5239 2943 5313 ἐξυπηρετουμε-νοι
2983 5237 3040 5289 δὲ
3083 5252 3329 5313 τῳῠναῳ,

1755 5307 1902 5374 οἶκος
1929 5310 2081 5374 Astii,
2106 5303 2202 5374 οὓς
2230 5303 2410 5373 ἀν’τις
2436 5303 2764 5380 νεωκόρους
2783 5303 3093 5380 καλέσειεν·
3133 5303 3258 5360 εἶτα
3276 5303 3328 5380 oi

1754 5381 1812 5447 ἐξ
1838 5381 2138 5450 ἀλλογενῶν
2161 5381 2308 5450 φόϐῳ
2341 5379 2473 5433 Θεοῦ
2512 5377 2924 5450 προστιθέμενοι
2945 5377 3196 5450 ’,πάντες
3232 5378 3332 5450 μὲν

1753 5451 1845 5508 οῦν
1875 5447 2206 5519 εὐλογοῦσιν,
2244 5447 2520 5519 ἀναλόγως
2556 5447 2616 5502 δὲ
2662 5447 2914 5519 ’ἑκαστον
2959 5447 3110 5518 δηλοῖ
3144 5447 3201 5500 δὲ
3236 5447 3330 5519 καὶ

1743 5518 2191 5596 ’τὴνἙκκλησίαν
2233 5518 2607 5596 Ἰερουσαλὴμ,
2647 5519 2746 5591 τὴν
2776 5518 2850 5596 μὴ
2881 5518 3109 5596 έχουσαν
3139 5518 3327 5596 σπῖλον

1739 5595 1783 5665 ςῆ
1804 5588 1815 5596 ”
1837 5588 2060 5665 ῥυτίδα,
2090 5592 2187 5665 τὴν
2242 5588 2465 5665 εἰρήνην
2498 5588 2738 5665 δρῶσαν,
2779 5588 2857 5665 ἣν-
2890 5590 3096 5665 ’[ησοῦς
3143 5588 3327 5643 δίδωσι

1739 5607 1783 5665 ιη
1837 5607 2044 5663 ρυτιοα,
2090 5607 2187 5661 την
2242 5607 2396 5660 ειρην
2436 5607 2465 5641 ν
2507 5607 2738 5660 ορωσαν,
2779 5607 2845 5659 ην
2896 5607 2990 5659 ιηο

1735 5645 1956 5739 ³λέγων-ς
1985 5660 2251 5739 Εἰρήνῃν
2275 5607 2568 5739 τ-ῂντέμῂφς
2601 5658 2806 5739 δίδωμι
2829 5659 2990 5728 ὑμῖν.

1822 5729 1960 5806 (10⁵)
2002 5732 2258 5800 Δηλοῦν.
2293 5731 2450 5786 Forte
2476 5729 2644 5800 δηλοῖ.
2687 5729 2842 5783 Εωτ.
