3850 6210
434 281 504 336 '53
1111 272 1385 332 EUSEBII
1423 274 1898 342 CESABIENSIS
1934 275 2088 332 OPP.
2129 275 2310 331 PARS
2345 275 2432 334 Ill.
2472 308 2542 318 —
2581 275 2994 332 EXEGETICA.
3635 275 3712 330 36

434 399 564 452 olim
608 406 665 452 et
738 409 881 450 nunc
931 395 1096 448 etiam
1145 405 1339 449 cuncta
1391 395 1709 452 hominibus
1753 395 2015 451 beneficia

2131 393 2252 447 Deo-3
2282 395 2453 462 Λόγος
2478 395 2612 466 (ll),
2640 394 2706 448 δι’
2740 390 2800 449 οῦ
2828 395 2923 448 καὶ
2949 393 3114 449 πάλαι
3136 395 3231 448 καὶ
3252 393 3346 448 νῦν
3373 393 3470 458 τὰς
3501 396 3579 458 είς
3612 395 3709 446 ἀν-

435 489 739 560 benignitas
768 487 862 542 Dei
893 489 1083 555 optimi
1116 490 1352 541 confert.

649 667 811 723 Vens.
845 668 932 724 l9.
970 667 1112 723 Seon
1141 685 1315 738 regem
1346 669 1803 726 Amorrhrrorum.

503 759 856 831 Interpretari
889 761 1128 814 solemus
1149 763 1500 816 Amorrhzeos
1527 763 1745 830 quidem
1778 763 2020 834 loquaces

435 863 847 922 exasperant“;
896 864 951 905 et
993 853 1186 906 horum
1235 869 1414 922 regem
1457 853 1621 914 Scon,
1680 856 2021 908 tentationem

437 951 491 995 et
511 942 986 996 exacerbationcm.
1014 940 1259 1011 Namque
1282 943 1532 998 homines
1549 944 1853 1012 supbistica:
1878 945 2024 997 l'rau-

437 1033 521 1088 dis
564 1034 720 1102 periti
770 1049 962 1102 aspere
1011 1050 1152 1103 saepe
1199 1035 1515 1105 loquuntur,
1562 1039 1874 1106 pariterque
1908 1039 2019 1090 vel-

440 1124 553 1178 leut
583 1125 832 1178 veritatis
865 1140 1084 1194 quoque
1125 1140 1398 1182 amatores
1449 1127 1826 1183 fraudulenter
1874 1130 2020 1198 loqui

439 1226 496 1269 et
555 1218 836 1279 occinere,
892 1228 1056 1287 atque
1107 1221 1332 1274 omnino
1389 1219 1522 1273 nihil
1578 1220 1722 1272 aliud
1779 1231 2025 1288 spectant

439 1322 601 1374 quam
631 1316 690 1361 ut
718 1318 912 1361 vexent
937 1319 1098 1377 atque
1121 1322 1466 1378 exasperent.
1496 1310 1670 1364 Basan
1694 1327 1848 1378 vero,
1879 1315 2023 1382 quod

438 1402 786 1470 ignominiam
821 1403 1123 1470 signiﬁcat,
1161 1405 1531 1472 improborum
1564 1405 1868 1473 pudendam
1910 1423 2022 1459 ma-

439 1491 614 1546 litiam
651 1496 866 1547 denotat
899 1513 912 1548 :
943 1497 1095 1561 cujus
1141 1512 1233 1551 rex
1264 1497 1344 1551 On
1382 1513 1508 1551 cum
1545 1499 1686 1552 Seon
1725 1500 2022 1563 occiditur;

443 1592 503 1638 ut
555 1585 736 1640 lsraeli
791 1597 934 1640 terra
996 1603 1160 1656 quam
1205 1589 1346 1644 male
1401 1590 1704 1646 retinebant
1757 1594 2023 1658 tradatur,

441 1678 532 1746 qui
578 1679 774 1736 callido
820 1689 876 1733 et
927 1681 1116 1750 iniquo
1161 1696 1452 1750 possessu,
1508 1685 1851 1754 malignoqne
1903 1702 2024 1741 eam

2120 483 2370 555 Θρώπους
2411 485 2730 556 εὐεργεσίας
2773 487 2807 555 ἡ
2840 485 3219 556 φιλανθρωπία
3250 486 3342 540 τοῦ
3387 486 3706 555 παναγάθου

2119 576 2255 630 Θεοῦ
2285 578 2700 651 κατειργάσατο.

2331 669 2442 724 Τὸν
2468 669 2639 736 Σηὼν
2667 669 2933 734 ,βασιλέα
2964 668 3081 722 τῶν
3111 671 3483 738 Ἀμορραίων.

2203 759 2629 830 Ἑρμηνεύονται
2657 760 2714 813 δέ
2761 761 3075 830 Ἀμοῤῥαῖοι
3106 761 3204 830 μὲν
3228 759 3480 827 λαλητώ
3517 776 3714 828 παρα-

2121 851 2561 918 πικραὶνοντες,
2596 851 2689 904 καὶ
2720 853 2749 904 ὁ
2779 850 2984 902 τούτων
3009 849 3260 920 βασιλεὺς
3295 849 3467 921 Σηὼν,
3499 864 3712 918 πειρα-

2122 943 2278 1010 σμὸς
2305 944 2398 995 καὶ
2428 945 2836 1012 παροργισμός
2858 959 2871 972 °
2901 944 2948 995 οί
2987 942 3148 997 δεινοὶ
3177 942 3284 1015 γάρ
3325 943 3460 1014 πρὸς
3487 943 3712 1014 ἀπάτην

2126 1035 2444 1106 σοφιστικὴν
2465 1035 2990 1107 καταπικραίνοντές
3012 1036 3150 1088 εἰσιν
3177 1035 3417 1105 λαλητοὶ,
3444 1035 3566 1098 τοὺς
3591 1036 3716 1108 ὅσονι

2124 1128 2224 1196 τῆς
2249 1128 2507 1199 ἀληθείας
2534 1129 2673 1180 εἰσὶν
2702 1130 2931 1197 ἐρασταὶ
2966 1127 3210 1191 Θέλοντες
3243 1129 3336 1180 ἐπὶ
3364 1127 3578 1197 ἀπάτης
3612 1129 3715 1180 λα-

2125 1219 2333 1272 λεῖσθαι
2373 1220 2468 1272 καὶ
2510 1217 2752 1290 ᾂδεσθαι,
2811 1215 3094 1288 πειράζειν
3131 1235 3189 1270 τε
3223 1219 3317 1270 καὶ
3353 1216 3714 1289 παροργίξειν

2126 1310 2340 1380 ἔχοντες
2366 1311 2459 1364 τὸν
2501 1311 2724 1366 σκοπόν.
2774 1311 2956 1366 Βασᾶν
2986 1311 3042 1366 δὲ
3075 1313 3378 1380 αἰσχύνην
3425 1311 3712 1383 μεθερμη-

2125 1403 2414 1472 νευομένη,
2462 1403 2562 1474 τὴν
2604 1405 2730 1468 τοὺς
2768 1406 2971 1468 κακοὺς
3010 1404 3472 1474 καταισχύνουσαν
3507 1403 3715 1457 κακίαν

2127 1495 2277 1566 δηλοῖ
2295 1512 2308 1524 ο
2333 1491 2403 1568 ἦς
2425 1496 2454 1548 ό
2482 1495 2733 1566 βασιλεὺς
2759 1498 2875 1561 Ὧν,
2904 1499 3000 1551 σὺν
3023 1496 3100 1567 τῷ
3119 1495 3272 1566 Σηὼν
3297 1495 3709 1549 άποκτίννυταιο

2127 1587 2275 1648 ὅπως
2307 1585 2386 1656 τῷ
2423 1587 2640 1659 Ἰσραὴλ
2666 1590 2698 1659 ή
2728 1589 2822 1658 γῆ,
2848 1589 2912 1659 ἢν
2940 1589 3124 1652 κακῶς
3151 1587 3432 1660 ἐκράτουν,
3461 1604 3714 1656 σοφιστι-

2129 1677 2241 1740 κῶς
2262 1678 2357 1730 καὶ
2385 1680 2523 1749 μετὰ
2560 1680 2840 1752 μοχθηρᾶς
2863 1682 3028 1748 ἕξεως
3052 1683 3178 1753 περὶ
3200 1681 3298 1752 τὴν
3320 1681 3428 1734 τῶν
3450 1681 3720 1752 πραγμά-

442 1770 889 1825 administrantes
945 1773 1184 1842 ingenio,
1237 1790 1464 1844 regnare
1523 1777 1870 1831 videbantur.
1926 1778 2023 1834 Ve-

2131 1785 2235 1822 των
2262 1768 2632 1841 διατρίϐοντες
2661 1771 2843 1839 φύσιν,
2866 1771 3148 1835 δοκοῦντες
3189 1770 3489 1842 βασιλεύειν
3513 1771 3711 1840 αὐτῆς·

443 1873 748 1916 rumtamen
794 1864 937 1918 dicta
979 1874 1124 1920 terra
1172 1867 1258 1922 his
1304 1881 1489 1937 erepta
1545 1873 1779 1926 traditur
1818 1875 1870 1928 in
1900 1891 2023 1930 sor-

444 1960 550 2004 tem
581 1951 798 2018 lsraeli,
836 1953 980 2008 ﬁdeli
1021 1970 1182 2010 servo
1227 1957 1372 2014 illius
1419 1961 1510 2028 qui
1559 1976 1740 2016 rerum
1779 1963 2022 2017 omnium

442 2054 636 2098 auctor
673 2056 779 2104 est.

515 2135 677 2194 Vens.
707 2140 796 2195 25.
825 2140 965 2206 Quia
1000 2145 1055 2197 in
1084 2145 1389 2217 humilitate
1417 2155 1596 2199 nostra
1629 2163 1825 2201 memor
1843 2147 1944 2217 fuit

989 2216 1158 2268 nostri
1188 2216 1468 2270 Dominus.

511 2301 567 2355 In
591 2304 962 2372 superioribus
988 2322 1205 2376 quoque
1238 2311 1390 2362 varie
1425 2310 1861 2364 demonstratum
1893 2309 2019 2374 fuit,

445 2409 552 2448 non
577 2410 700 2449 eum
731 2398 822 2466 qui
873 2399 940 2451 de
990 2397 1218 2454 Judaico
1271 2416 1470 2470 genere
1500 2405 1716 2469 oritur,
1767 2403 2022 2459 lsraeletn

443 2497 586 2546 esse,
623 2486 718 2538 sed
751 2501 873 2539 eum
903 2487 993 2554 qui
1022 2489 1268 2543 moribus
1296 2491 1496 2562 dignus
1528 2494 1630 2547 hoc
1660 2495 1879 2549 nomine
1915 2509 2021 2551 esu

445 2573 570 2628 Non
599 2577 735 2628 enim
768 2593 945 2631 omnes
981 2581 1068 2649 qui
1115 2581 1180 2634 de
1224 2581 1427 2637 Israele
1456 2595 1578 2638 sunt
1606 2624 1623 2648 ,
1671 2585 1726 2638 lii
1766 2597 1891 2640 sunt
1933 2587 2022 2643 Is-

444 2665 554 2717 rael
585 2665 630 2696 “
664 2682 677 2716 :
711 2683 876 2737 neque
906 2669 1002 2721 illa
1042 2687 1160 2740 qua:
1193 2674 1399 2740 publice
1423 2675 1480 2742 ﬁt
1506 2715 1522 2739 ,
1568 2678 1898 2731 circumcisio
1925 2691 2020 2744 est,

442 2767 500 2809 ut
532 2758 609 2811 ait
639 2759 931 2827 Apostolus
959 2799 974 2824 ,
1007 2765 1097 2816 sed
1126 2765 1180 2818 in
1208 2767 1415 2820 occulto
1459 2771 1635 2835 potius
1679 2769 1901 2826 Judaaus
1925 2813 1940 2836 ,
1973 2783 2021 2827 et

441 2849 617 2902 cordis
661 2850 1035 2917 circumcisio,
1086 2873 1189 2910 non
1234 2860 1522 2912 secundum
1543 2861 1794 2924 litteram,
1830 2866 1921 2917 sed
1967 2866 2023 2918 in

440 2939 626 3004 spiritu
653 2957 672 2993 :
703 2942 857 3010 cujus
891 2943 1008 2996 laus
1044 2961 1148 2999 non
1173 2963 1238 3000 ea:
1265 2949 1586 3014 hominibus,
1616 2954 1707 3006 sed
1736 2971 1802 3008 ea:
1833 2955 1938 3009 Deo
1954 2957 2020 3010 “.

443 3024 555 3081 Nos
607 3043 821 3098 quoque
870 3034 1037 3102 igitur
1067 3037 1157 3104 qui
1207 3051 1273 3092 ex
1317 3040 1553 3096 ethnicis
1605 3045 1854 3098 venimus
1899 3051 2020 3114 (nos

2125 1860 2238 1913 ἀλλ’
2288 1861 2650 1933 ἀφαιρεθεῖσα
2693 1863 2872 1916 αὐτῶν
2923 1866 2955 1933 ἡ
3015 1863 3428 1936 ἐρμηνευομένη
3477 1863 3570 1935 γῆ,
3628 1863 3716 1926 εἰς

2126 1953 2454 2024 κατάσχεσιν
2485 1953 2564 2025 τῷ
2616 1955 2834 2027 Ἰσραὴλ
2869 1956 3070 2010 δίδοται
3105 1956 3197 2010 ἐπὶ
3232 1957 3312 2028 τῷ
3353 1958 3718 2028 κληρονομεῖν

2124 2046 2314 2117 αὐτὴν,
2351 2045 2522 2118 δούλῳ
2547 2048 2756 2118 γνησίῳ
2781 2046 2875 2100 τοῦ
2905 2049 3122 2102 πάντων
3164 2047 3340 2102 αἰτίου
3362 2049 3711 2118 τυγχάνοντι.

2128 2136 2258 2190 Ὅτι
2298 2137 2368 2190 ἐν
2407 2137 2483 2207 τῇ
2533 2137 2886 2262 ταπεινώἷῖςξ
2937 2139 3104 2208 ἡμῶν
3159 2138 3430 2210 ἐμνήσθη
3461 2137 3643 2210 ξήμῶν
3681 2142 3718 2193 ὀ
3755 2195 3764 2202 ,

2848 2227 3033 2262 υοιοο.

2848 2227 3033 2276 υριος.

2197 2296 2307 2349 Καὶ
2352 2297 2409 2348 ἐν
2453 2300 2566 2361 τοῖς
2595 2297 2852 2370 ἀνωτέρω
2899 2299 3170 2371 διαφόρως
3211 2299 3557 2353 ἐπεδείκνυτο
3607 2301 3719 2353 Ἰσ-

2128 2387 2285 2458 ραὴλ,
2316 2389 2375 2440 οὐ
2425 2389 2484 2441 τὸ
2528 2390 2682 2457 γένος
2734 2391 2843 2446 τῶν
2907 2391 3175 2444 Ἰουδαίων
3214 2392 3494 2462 ὑπάρχων,
3533 2391 3647 2445 ἀλλ’
3685 2393 3718 2444 ὁ

2125 2477 2333 2530 τοιόσδε
2361 2481 2460 2548 τῆς
2479 2479 2787 2544 Θεοσεϐείας
2807 2481 3026 2553 τρόποις
3045 2482 3174 2551 (12)’
3189 2485 3269 2536 Οὺ
3292 2483 3400 2552 γὰρ
3415 2481 3639 2548 πάντες
3655 2485 3716 2535 οἱ

2123 2566 2192 2630 ἐξ
2221 2568 2485 2636 Ἰσραὴλ.
2507 2565 2673 2624 οὗτοι
2705 2570 2974 2638 Ἰσραήλ·
2999 2571 3142 2625 οὐδὲ
3157 2573 3193 2639 ἠ
3207 2572 3278 2624 ἐν
3294 2572 3372 2637 τῷ
3386 2571 3619 2642 φανερῷ
3638 2573 3716 2624 ἐν

2123 2659 2305 2726 σαρκὶ
2337 2659 2643 2729 περιτομὴ,
2686 2661 2829 2714 κατὰ
2856 2661 3300 2725 τδνἋπόστολον,
3331 2662 3470 2715 ἀλλ’
3493 2662 3608 2716 ὀὲν
3630 2661 3716 2727 τῷ

2123 2748 2368 2816 κρυπτῷ
2397 2749 2686 2816 Ἰουδαῖος
2706 2792 2721 2816 ,
2751 2751 2846 2804 καὶ
2869 2749 3152 2820 περιτομὴ
3173 2751 3420 2820 καρδίας
3436 2753 3506 2805 οὐ
3527 2750 3716 2821 ⁴χηράμ-

2117 2839 2433 2907 parui/1.181
2449 2841 2752 2909 πνεύματι·
2770 2837 2843 2896 οὗ
2857 2845 2890 2896 0'
2902 2841 3150 2905 ἔπαινος
3159 2843 3269 2895 οὐκ
3285 2841 3355 2906 ἐξ
3365 2840 3714 2911 ἀνθρώπων,

2123 2928 2260 2982 ἀλλ’
2281 2930 2349 2982 ἐκ
2371 2929 2480 2982 τοῦ
2499 2931 2667 2984 Θεοῦ·
2694 2931 2789 2985 καὶ
2815 2932 2962 3002 ἡμᾶς
2977 2927 3070 2983 οὖν
3102 2931 3228 2994 τοὺς
3248 2930 3307 2995 ἐξ
3334 2931 3499 2984 ἐθνῶν
3529 2932 3718 3002 (ἡμεῖς

2124 3021 2232 3090 γάρ
2271 3022 2438 3092 ἐσμεν
2474 3024 2507 3093 ἡ
2559 3024 2829 3094 περιτομὴ
2863 3024 2956 3076 καὶ
2990 3023 3242 3094 ἀληθινὸς
3299 3023 3558 3095 Ἰσραὴλ),
3591 3024 3719 3076 ἐλυ-

443 3119 589 3172 enim
637 3135 826 3192 reapse
881 3125 1230 3182 circumcisio
1279 3145 1468 3184 sumus
1514 3148 1786 3204 verusque
1837 3137 2020 3208 Israel)

2131 3111 2378 3182 τρώσατο
2408 3115 2473 3167 ἐκ
2510 3114 2618 3168 τῶν
2652 3115 2863 3185 ἐχθρῶν
2907 3116 3063 3188 ἡμῶν
3116 3116 3316 3188 μᾶλλον
3355 3117 3386 3187 ῆ
3433 3116 3675 3181 ἐκείνους
3699 3133 3715 3148 ⁸

446 3231 566 3280 nos,
598 3219 818 3286 inquam
847 3261 862 3282 ,
892 3223 1076 3289 potius
1106 3239 1171 3278 es
1205 3225 1442 3282 inimicis
1474 3229 1737 3296 liberavit,
1771 3249 1932 3303 quam
1961 3235 2028 3288 il-

443 3306 548 3363 los.
586 3309 796 3366 Etenim
851 3314 927 3367 illi
955 3329 1020 3369 ex
1069 3316 1304 3388 Egypto
1345 3321 1709 3388 discedentes,
1738 3340 2030 3394 corporeos

447 3401 700 3472 fugerunt
730 3407 1415 3476 tyrannos.Verumtameu
1441 3416 1627 3483 pravis
1655 3418 1894 3473 moribus
1917 3421 2030 3474 ani-

447 3512 564 3549 mas
595 3515 720 3553 suas
751 3499 1058 3558 inﬁcientes
1082 3543 1098 3569 ,
1123 3505 1502 3560 occubuerunt
1533 3507 1584 3561 in
1617 3508 1833 3564 deserto
1866 3513 2029 3568 idolo-

445 3584 620 3640 latrizc
651 3587 838 3646 dediti.
865 3588 976 3644 Nos
1003 3601 1186 3646 autem
1224 3607 1410 3647 revera
1461 3597 1693 3650 redemit
1722 3599 1788 3654 de
1832 3602 2028 3658 anima:

446 3688 647 3729 nostrae
698 3676 946 3734 hostibus
971 3721 986 3746 ,
1023 3697 1343 3752 memorque
1394 3687 1564 3740 nostri
1600 3689 1776 3759 magis
1834 3692 1934 3747 fuit
1969 3693 2024 3747 iu

446 3766 750 3823 humilitate
803 3781 990 3825 nostra
1043 3788 1205 3841 quam
1245 3774 1481 3834 illorum.
1517 3777 1764 3848 Namque
1800 3781 1874 3835 illi
1905 3784 2028 3852 qui-

446 3854 570 3910 dem
602 3873 830 3926 corpore
862 3863 1171 3917 serviebant
1198 3863 1486 3936 Egyptiis.
1521 3881 1718 3926 nostra:
1750 3886 1881 3928 vero
1911 3875 2028 3927 aul-

450 3961 550 4000 mze
580 3947 812 4002 ludibrio
837 3961 996 4004 erant
1022 3952 1382 4020 dmmonibus,
1415 3968 1472 4012 et
1501 3961 1601 4014 sub
1635 3961 1792 4016 tnalis
1823 3965 2028 4034 spiriti-

447 4035 549 4094 bus
583 4039 852 4094 humiliati
883 4057 1118 4101 eramus.
1156 4045 1330 4101 Tanta
1362 4064 1490 4103 vero
1520 4063 1604 4105 est
1656 4053 2027 4112 misericordia

448 4127 566 4192 Dei,
601 4140 784 4185 utnon
817 4133 992 4188 solum
1021 4135 1229 4204 piorum
1266 4154 1450 4193 curam
1483 4153 1656 4212 gerat,
1691 4155 1744 4198 et
1773 4146 1874 4200 sibi
1900 4162 2026 4216 pro-

447 4221 834 4291 pinquantibus
870 4227 1144 4294 consulat,
1188 4243 1376 4284 verum
1405 4232 1571 4287 etiam
1599 4242 1887 4293 terrestres
1909 4254 2029 4294 om-

447 4329 544 4369 nes
572 4317 912 4383 providentia
940 4332 1037 4372 sua
1073 4321 1494 4390 complectatur,
1531 4341 1707 4397 neque
1735 4330 2027 4386 rationales

447 4407 620 4461 solum
651 4409 747 4463 sed
795 4411 963 4464 etiam
1020 4413 1368 4470 irrationales
1396 4455 1412 4481 ,
1439 4420 1762 4489 cunctisque
1791 4422 1844 4476 in
1881 4432 2022 4477 terra
2054 4451 2104 4512 υ

447 4498 705 4554 alimenta
751 4502 1119 4560 animantibus
1167 4506 1445 4576 praebeat,
1495 4511 1786 4583 unicuique
1839 4515 2026 4585 generi

448 4589 665 4655 idonea,
713 4599 769 4646 et
805 4594 932 4646 vita:
979 4596 1293 4652 necessaria
1321 4600 1628 4668 suppeditet
1661 4616 1679 4656 :
1717 4611 1773 4656 et
1806 4619 1904 4658 nos
1933 4605 2028 4660 de-

446 4695 593 4735 mum
632 4682 684 4736 in
717 4683 884 4738 ccelos
921 4686 1044 4739 biuc
1072 4687 1394 4743 transferat.
1443 4689 1808 4756 Quamobrem
1846 4711 2028 4749 sermo

446 4771 749 4829 Psalmistaa
774 4786 1056 4846 postquam
1080 4781 1236 4846 dixit,
1266 4777 1373 4846 Qui
1395 4781 1486 4836 dat
1515 4799 1688 4838 escam
1712 4788 1856 4840 omni
1880 4788 2026 4840 carni

449 4879 551 4920 nos
585 4867 636 4919 in
681 4867 880 4920 caelum
931 4871 1290 4938 transmittit,
1343 4887 1532 4928 rursus
1573 4875 1762 4932 dicens
1796 4895 1809 4931 :
1842 4876 2028 4940 Con/im

446 4960 630 5014 remitti
664 4959 797 5024 Deo,
827 4963 966 5029 coeli,
997 4964 1246 5034 quoniam
1275 4966 1330 5019 in
1366 4976 1624 5021 cternum
1667 4970 2026 5025 misericordia

445 5050 583 5121 ejus.

906 5145 1226 5204 PSALMUS
1273 5147 1560 5203 CXXXVI.

515 5237 676 5293 Caret
725 5238 815 5295 hic
867 5241 1110 5310 psalmus
1167 5242 1325 5297 titulo
1380 5244 1523 5312 apud
1571 5242 1859 5314 Hebraeos;
1898 5263 2020 5303 nam

521 5421 568 5456 “
600 5422 758 5479 Rom.
787 5441 862 5489 Ix,
889 5425 940 5480 6.
1020 5425 1066 5458 δ’
1106 5425 1265 5483 Rom.
1293 5444 1354 5494 ll,
1385 5426 1478 5495 28,
1518 5426 1608 5482 29.

517 5563 856 5635 (ll)Recole
883 5566 1104 5622 omnino
1137 5568 1392 5623 adnotata
1426 5582 1456 5622 a
1493 5567 1653 5624 nobis
1688 5570 1740 5622 in
1778 5580 2013 5625 tractatu

446 5635 725 5707 $.Cyrilli
777 5635 850 5707 ρο
906 5636 1080 5691 Mevia
1112 5639 1356 5707 deipora,
1405 5653 1523 5706 cap.
1573 5639 1630 5702 5,
1678 5641 1745 5694 de
1793 5641 2022 5696 Domino

443 5705 596 5771 Jesu,
641 5721 738 5776 pro
785 5705 972 5772 Josue,
1006 5705 1318 5764 exeuntium
1369 5705 1602 5780 Egypto
1648 5709 2021 5766 lsraelitarum

2129 3207 2178 3258 οί
2215 3206 2312 3276 μὲν
2341 3205 2450 3277 γὰρ
2484 3206 2543 3271 ἐξ
2572 3208 2848 3276 Αἰγύπτου
2897 3209 3265 3281 προελθόντες,
3302 3212 3427 3272 τοὺς
3475 3226 3721 3280 σωματι-

2130 3298 2259 3359 κοὺς
2303 3296 2562 3366 ἐξέφυγον
2617 3300 2948 3370 τυράννους·
3006 3302 3335 3372 ἐπαγόμενοι
3377 3302 3434 3354 δέ
3484 3305 3541 3356 ἐν
3589 3306 3721 3368 ταῖς

2128 3386 2336 3440 ἑαυτῶν
2368 3387 2567 3458 ψυχαῖς
2588 3391 2714 3452 τοὺς
2740 3391 2956 3453 ἀσεϐεῖς
2986 3391 3241 3462 τρόπους,
3269 3391 3622 3446 πεπτώκασιν
3653 3395 3718 3447 ἐν

2128 3482 2193 3550 τῇ
2231 3481 2422 3551 ἐρήμῳ
2447 3481 3023 3553 είδωλολατρήσαντες.
3069 3484 3246 3554 Ἠμᾶς
3268 3484 3324 3537 δέ
3348 3483 3560 3555 άληθῶς
3592 3484 3722 3538 ἐλυ-

2128 3570 2374 3642 τρώσατο
2430 3573 2496 3625 ἐκ
2546 3572 2654 3626 τῶν
2718 3577 2817 3644 τῆς
2884 3574 3064 3646 ψυχῆς
3117 3575 3275 3647 ἡμῶν
3333 3575 3564 3648 ἐχθρῶν,
3617 3578 3720 3630 καὶ

2128 3663 2370 3736 ἐμνήσθη
2420 3663 2577 3735 ήμῶν
2628 3667 2686 3718 ἐν
2727 3668 2793 3735 τῇ
2842 3666 3171 3720 ταπεινώσει
3215 3667 3372 3738 ἡμῶν
3423 3667 3622 3738 μᾶλλον
3679 3669 3716 3740 ἦ

2127 3755 2354 3808 ἐκείνων
2377 3772 2390 3785 ·
2428 3757 2478 3808 oi
2517 3756 2616 3826 μὲν
2659 3755 2770 3827 γάρ
2811 3756 3058 3828 σώμασιν
3089 3759 3368 3813 ἐδούλευον
3401 3764 3514 3824 τοῖς
3540 3761 3717 3829 Λίγυ-

2130 3845 2327 3909 πτίοις,
2356 3846 2516 3916 ἡμεῖς
2559 3845 2615 3898 δὲ
2649 3849 2770 3910 ταῖς
2799 3847 3001 3918 ψυχαῖς
3034 3849 3227 3913 αὐταῖς
3269 3850 3537 3922 δαιμόνων
3570 3847 3719 3923 ἦμεν

2128 3937 2374 4007 παίγνια,
2410 3939 2504 3990 καὶ
2545 3937 2649 3991 ὑπὸ
2675 3941 2791 4002 τοῖς
2825 3944 3080 4012 πονηροῖς
3119 3942 3426 4012 πνεύμασιν
3462 3939 3604 4015 ἦμεν
3634 3961 3722 3997 τε·

2127 4031 2538 4102 ταπεινωμένσι.
2581 4029 2845 4085 Τοσοῦτον
2877 4032 2935 4086 δέ
2977 4036 3093 4086 ἐστι
3136 4034 3197 4088 τὸ
3239 4034 3387 4099 ἔλεος
3417 4035 3512 4088 τοῦ
3551 4035 3717 4101 Θεοῦ,

2126 4121 2203 4186 ὡς
2233 4123 2306 4195 μὴ
2350 4123 2510 4192 μόνον
2543 4121 2800 4194 κήδεσθαι
2835 4124 2944 4178 τῶν
2981 4123 3269 4192 θεοσεϐῶν,
3300 4129 3394 4181 καὶ
3425 4128 3533 4181 τῶν
3563 4129 3720 4198 αὐτῷ

2129 4213 2538 4285 πλησιαζόντων
2584 4215 2915 4285 φροντίζειν,
2965 4217 3102 4272 ἀλλὰ
3149 4220 3242 4274 καὶ
3292 4220 3511 4275 πάντων
3563 4222 3722 4288 ἅπαξ

2127 4306 2314 4370 ἁπλῶς
2351 4306 2460 4361 τῶν
2494 4308 2588 4361 ἐπί
2621 4309 2724 4379 γῆς
2762 4309 2860 4381 τὴν
2896 4311 3150 4382 πρόνοιαν
3187 4313 3476 4378 ποιεῖσθαι,
3513 4314 3610 4368 καὶ
3651 4317 3718 4368 οὐ

2127 4397 2362 4467 λογικῶν
2412 4400 2589 4470 μόνων
2643 4400 2782 4455 ἀλλὰ
2825 4403 2918 4456 καὶ⁹
2963 4403 3194 4472 ἀλόγων,
3247 4405 3324 4470 ὡς
3364 4408 3722 4478 ἐπιχορηγεῖν

2128 4489 2335 4560 τροφὰς
2363 4492 2496 4544 πᾶσι
2522 4495 2636 4556 τοῖς
2672 4493 2765 4547 ἐπὶ
2793 4495 2896 4565 γῆς
2929 4493 3114 4564 ζώοις,
3143 4496 3355 4566 ἐκάστῳ
3385 4514 3444 4550 τε
3469 4497 3614 4566 γένει
3645 4498 3722 4552 τά

2129 4583 2434 4654 πρόσφορα,
2485 4586 2577 4638 καὶ
2627 4586 2692 4640 τὰ
2744 4587 3054 4660 κατάλληλα
3102 4589 3240 4661 πρὸς
3285 4593 3384 4660 τὴν
3419 4589 3560 4661 ζωὴν
3610 4589 3722 4645 δω-

2134 4673 2378 4745 ρεῖσθαι,
2419 4677 2672 4732 ἐντεῦθέν
2729 4696 2788 4732 τε
2845 4679 3007 4734 πάλιν
3063 4681 3145 4744 είς
3195 4682 3424 4754 οὐρανὸν
3482 4682 3718 4753 διήκειν.

2129 4765 2331 4838 Διόπερ
2377 4767 2586 4838 ὁλόγος
2631 4771 2768 4841 μετὰ
2811 4772 2871 4825 τὸ
2916 4773 3104 4841 φάναι,
3145 4773 3207 4828 '0
3240 4773 3447 4840 διδοὺς
3481 4774 3725 4844 τροφὴν

2132 4857 2301 4928 πάσῃ
2347 4862 2558 4928 σαρκὶ,
2593 4864 2906 4934 ἀναπέμπει
2951 4866 3098 4936 ἡμᾶς
3146 4868 3225 4930 εἰς
3264 4865 3524 4938 οὐρανὸν,
3560 4863 3724 4932 αὖθις

2133 4947 2340 5017 λέγων’
2375 4951 2868 5024 Ἐξομολογεῖσθε
2898 4955 2978 5021 τῷ
3010 4955 3137 5022 Θεῷ
3177 4957 3286 5012 τοῦ
3319 4958 3604 5027 οὐρανοῦ.
3625 4958 3723 5014 ὅτι

2130 5042 2220 5106 εὶς
2235 5041 2344 5095 τὸν
2356 5041 2541 5097 αἰῶνα
2558 5045 2625 5098 τὸ
2642 5047 2814 5114 ἕλεος
2829 5049 3038 5103 αὐτοῦ.

2659 5140 2952 5195 mmo}:
2995 5142 3179 5209 ΡΑςν.

2213 5228 2275 5281 '0
2324 5229 2518 5302 παρὼν
2571 5231 2816 5304 ψαλμὸς,
2867 5234 3240 5306 ἀνεπίγραφος
3294 5236 3531 5308 ὑπάρχει
3583 5239 3722 5308 παρ’

2128 5568 2287 5642 duce.
2317 5567 2453 5623 Nam
2511 5577 2569 5625 et
2632 5568 2898 5642 Eusebius
2961 5568 3282 5641 conspirare
3345 5583 3468 5625 cum
3527 5565 3724 5642 Cyrim

2129 5640 2473 5707 aliorumque
2503 5641 2775 5695 sententia
2809 5641 3042 5697 videtur.

2203 5709 2318 5782 (12)
2352 5709 2487 5767 Cod.
2516 5710 2740 5783 τρόπος.
