3850 6210
121 325 183 383 Π
1240 323 1746 383 COMMENTARIA
1784 321 1852 377 ΙΝ
1890 320 2232 379 PSALMOS.
3313 315 3386 373 58

129 445 413 517 Ἑϐραίοις,
458 446 555 499 καὶ
600 444 723 500 οὔτε
759 445 903 510 τίνος
943 446 1061 501 ἐστὶ
1089 446 1530 519 προγέγραπται,
1577 442 1703 498 οὔτε

1819 455 1986 509 neque
2016 440 2133 510 ejus
2160 451 2353 497 auctor
2396 439 2727 506 inscribitur,
2768 452 2945 509 neque
2971 437 3126 505 cuius
3160 439 3382 508 generis
3490 490 3497 499 ,

1798 546 2019 587 carmen
2054 533 2165 599 sit,
2196 532 2419 591 dicitur.
2471 533 2648 589 Porro
2673 542 2758 588 est
2792 532 3020 600 simplex
3054 531 3337 600 prophetia
3366 568 3385 597 ,
3486 564 3487 567 η

123 537 268 590 ποίου
294 537 550 607 τυγχάνει
577 537 783 602 εἴδουςο
822 538 938 592 ἀλλ’
968 537 1086 592 ἔστι
1123 538 1253 611 ψιλὴ
1286 538 1592 611 προφητεία
1631 541 1697 592 ἐκ

122 629 404 702 προσώπου
447 630 558 685 τῶν
605 632 662 685 ὲν
705 630 986 686 Βαϐυλῶνι
1033 631 1343 703 γενομένων
1390 630 1691 702 λεγομένη·

120 723 206 775 καὶ
230 721 392 776 τοῦτο
414 722 471 775 δὲ
498 721 798 794 σημειώσει
826 723 903 789 ὡς
930 724 987 777 ἐν
1015 741 1156 777 τισιν
1182 723 1290 777 τῶν
1319 723 1695 795 ἀντιγράφων,

122 813 253 867 κατά
279 816 410 879 τοὺς
423 814 846 888 Ἑϐδομήκοντα,
876 819 1279 890 ἐπιγέγραπται
1316 817 1571 887 Ἀγγαίου
1604 816 1699 872 καὶ

121 906 405 978 Ζαχαρίου.

121 996 419 1067 Μακάριος
462 997 533 1065 ὃς
582 997 996 1122 ἀηαποδέιρνυεξ
1042 1014 1141 1054 σοι
1197 998 1264 1053 τὸ
1310 998 1698 1069 ἀνταπόδομά

189 1158 245 1212 '0
293 1159 652 1231 μακαρισμὸς
697 1161 780 1223 είς
834 1160 1075 1224 ἐκείνους
1128 1162 1520 1233 περιστήσεται
1570 1160 1698 1225 τοὺς

117 1251 461 1315 ἀποδιδόντας
506 1252 576 1305 τά
608 1251 876 1323 ἀμοιϐαῖα
915 1255 982 1325 τῇ
1027 1251 1329 1317 Βαϐυλῶνι,
1359 1253 1455 1307 καὶ
1494 1252 1586 1308 τὸν
1628 1253 1698 1308 τὰ

118 1346 275 1416 νήπια
288 1345 477 1399 αὐτῶν
491 1362 676 1418 προσα
684 1346 951 1417 ράσσοντα
971 1348 1038 1417 τῇ
1059 1343 1235 1418 πέτρᾳ
1259 1345 1354 1399 καὶ
1369 1345 1697 1414 ἀναιροῦντα

119 1435 277 1489 αὑτά·
312 1437 414 1490 καὶ
440 1437 554 1510 γάρ
581 1436 665 1507 τῷ
696 1436 842 1504 ὄντι,
863 1437 926 1491 τὺ
955 1437 1053 1509 μὲν
1087 1435 1304 1509 πρῶτον
1338 1437 1605 1508 μακάριον
1628 1432 1698 1508 ἦν

119 1527 173 1580 τὺ
219 1528 292 1600 μὴ
334 1529 643 1583 θεάσασθαί
688 1547 819 1583 ποτε
846 1530 945 1600 τὴν
984 1528 1309 1595 Βαϐυλῶνα,
1347 1529 1482 1600 μηδὲ
1527 1530 1585 1582 ὲν
1628 1530 1695 1599 τῇ

122 1620 367 1690 συγχύσει
410 1622 670 1690 γενέσθαι
711 1622 822 1676 τῶν
864 1621 1068 1693 ταύτης
1100 1621 1324 1677 κακῶν·
1372 1624 1421 1675 εί
1455 1621 1513 1674 δὲ
1552 1620 1699 1686 ἅπαξ

117 1724 195 1772 τις
217 1711 432 1777 γένοιτο
464 1712 527 1765 ὲν
558 1712 699 1783 αὐτῇ
731 1710 1023 1766 ἀποπεσὼν
1051 1712 1161 1765 τῶν
1195 1711 1539 1783 κρειττόνων,
1589 1727 1696 1781 μα-

1797 639 1920 688 αιιιυ
1994 627 2252 679 recitatur
2289 642 2354 680 ex
2419 627 2756 695 captivorum
2807 622 3082 693 Bahylone
3131 634 3386 690 persona.

1800 718 1932 785 Ejus
1972 717 2052 771 rei
2095 717 2356 772 indicium
2380 725 2483 780 est,
2513 714 2659 787 quod
2697 714 2751 768 in
2787 713 2995 781 aliquot
3031 710 3385 779 Septuaginta

1799 809 2163 880 interpretum
2225 808 2630 879 exemplaribus
2685 805 3008 861 inscribitur
3074 805 3277 873 Aggmo
3329 811 3388 856 et

1800 901 2100 955 Zachariae.

1833 995 2003 1050 Vens.
2039 994 2093 1049 8.
2143 992 2343 1047 Beatus
2375 993 2466 1064 qui
2496 991 2770 1115 lretrib'uet
2815 988 2912 1043 tibi
2955 986 3349 1042 retributionem

2520 1078 2644 1115 nam
2670 1100 2685 1115 .

2520 1078 2644 1115 nam
2670 1078 2685 1115 ἐ

1869 1156 2157 1213 Beatitudo
2202 1155 2310 1210 illis
2339 1162 2641 1224 reputatur,
2689 1151 2781 1223 qui
2814 1152 3074 1206 talionem
3124 1148 3382 1221 Babyloni

1801 1250 2046 1315 reddent,
2071 1257 2126 1303 et
2155 1248 2245 1319 qui
2275 1245 2528 1317 parvulos
2550 1244 2668 1314 ejus
2697 1253 2862 1314 petra:
2885 1242 3057 1298 illisos
3085 1243 3381 1297 uocabunt.

1804 1342 2013 1398 Revera
2071 1341 2217 1395 enim
2270 1340 2323 1392 in
2359 1338 2549 1407 primis
2604 1338 2819 1391 beatum
2868 1335 3059 1390 fuisset
3109 1348 3385 1402 nunquam

1798 1448 2025 1489 cernere
2054 1431 2385 1503 Babylonem
2415 1469 2431 1495 ,
2467 1442 2643 1499 neque
2673 1427 2728 1482 in
2757 1425 3022 1480 malorum
3056 1425 3176 1492 eius
3213 1423 3389 1476 collu-

1800 1528 1887 1582 vie
1917 1524 2148 1581 versari.
2172 1500 2294 1577 ‘Sed
2332 1528 2620 1590 postquam
2665 1517 2863 1587 aliquis
2889 1500 3256 1586 prosperitate
3289 1514 3387 1569 de-

1793 1617 1972 1687 jectus
1998 1657 2014 1684 ,
2042 1615 2150 1669 ltlic
2174 1612 2511 1674 exstitisset,
2546 1609 2737 1665 beatus
2765 1622 2897 1662 sane
2928 1612 3298 1674 reputaretur.
3334 1602 3382 1657 si

1799 1721 1921 1777 qua:
1945 1719 2139 1776 passus
2169 1714 2315 1759 esset
2341 1740 2356 1766 ,
2393 1699 2625 1755 invicem
2660 1697 2983 1753 retribueret
3006 1732 3024 1760 ,
3055 1704 3113 1750 et
3143 1692 3385 1764 Babylo—

119 1802 292 1875 κάριος
320 1803 389 1857 ἂν
437 1804 528 1875 εἴη
561 1805 611 1856 εί
648 1804 686 1858 ει
728 1804 993 1860 πέπονθεν
1047 1804 1345 1876 ποιήσειεν,
1386 1802 1480 1856 καὶ
1523 1804 1700 1856 ἀνται-

1819 1800 1922 1853 tios
1976 1797 2223 1851 vicissim
2256 1796 2758 1866 captivaret,atque
2792 1790 2939 1859 ipsas
2960 1787 3384 1857 Babyloniorum

120 1895 524 1968 χμαλιιπήσειεν
547 1898 675 1961 τοὺς
709 1896 1101 1960 Βαϐυλωνίους,
1137 1897 1232 1950 καὶ
1260 1896 1431 1959 αὑτάς
1457 1894 1557 1959 τὰς
1591 1894 1697 1949 τῶν

122 1987 470 2042 Βαϐυλωνίων
500 1987 680 2059 ψυχὰς
716 1989 1017 2060 μεταγάγοι
1050 1987 1144 2041 ἐπὶ
1173 1986 1266 2041 τὸν
1299 1987 1393 2041 τοῦ
1437 1986 1571 2040 Θεοῦ
1603 1985 1700 2056 φό-

122 2078 221 2133 ϐον.
260 2081 324 2133 Ei
365 2080 427 2134 δὲ
477 2081 575 2134 καὶ
618 2080 690 2134 τά
742 2082 911 2152 νήπια
955 2079 1137 2134 αὐτῶν
1173 2079 1248 2151 μὴ
1291 2081 1699 2150 συγχωρήσειεν

121 2171 360 2242 αὐξῆσαι,
392 2171 541 2225 ἀλλὰ
585 2171 926 2241 συντρίψειεν
968 2171 1107 2243 πρὸς
1141 2172 1208 2242 τῇ
1250 2171 1448 2242 πέτρᾳ,
1487 2168 1697 2224 πολλῶν

120 2262 176 2315 ἂν
206 2264 420 2332 γένοιτο
462 2262 901 2335 μακαριώτερος.
940 2262 1266 2326 Βαϐυλῶνος
1307 2261 1366 2315 δὲ
1412 2262 1583 2333 νήπια
1631 2261 1700 2315 τὰ

124 2351 398 2424 σπέρματα
439 2353 549 2423 τῆς
590 2353 811 2418 κακίας,
848 2352 942 2406 καὶ
971 2351 1069 2416 τὰς
1095 2350 1271 2423 ἀρχάς
1301 2350 1410 2404 τῶν
1446 2367 1700 2422 συγχυτιο

123 2445 218 2499 χῶν
274 2446 725 2519 ἁμαρτημάτων,
765 2446 866 2499 οὐκ
926 2444 991 2499 ἂν
1030 2445 1302 2517 ἁμάρτοις
1340 2443 1539 2498 εἰπών·
1567 2443 1603 2497 ἀ
1634 2443 1700 2516 δὴ

124 2537 187 2608 τῷ
215 2538 359 2609 λόγῳ
388 2537 475 2609 τῷ
517 2537 771 2609 σωτηρίῳ
808 2537 862 2608 (ἡ
899 2536 1075 2608 πέτρα
1119 2536 1229 2609 γάρ
1268 2532 1337 2608 ἦν
1374 2538 1403 2590 ό
1446 2534 1701 2608 Χριστὸς)

125 2633 350 2704 ἀναιρεῖν
391 2630 540 2701 πρὸς
572 2630 633 2684 τὸ
682 2630 758 2702 μὴ
782 2629 968 2697 αὔξειν
990 2672 1005 2697 ,
1035 2628 1174 2701 μηδὲ
1207 2631 1288 2692 είς
1328 2628 1466 2701 ἔργα
1500 2629 1702 2701 προέρ-

126 2724 294 2795 χεσθαι
327 2722 634 2778 σπουδάσει
665 2725 694 2776 ό
727 2726 784 2776 ὲν
814 2722 1025 2788 τούτοις
1065 2719 1522 2794 μακαριζόμενος.

665 2816 957 2869 ΨᾹΛΜΟΣ
986 2815 1154 2869 ΡΛΖ’.

137 2907 684 2980 Ἐξομολογηξσομαί
709 2921 828 2973 σοι,
859 2908 1055 2976 Κύριε,
1081 2906 1151 2960 ἐν
1179 2905 1292 2974 ὅλῃ
1319 2902 1533 2973 καρδίᾳ
1559 2920 1700 2973 μου.

189 3065 390 3136 Ὠσπερ
417 3067 449 3118 ὁ
477 3063 689 3126 τέλειος
719 3061 780 3127 ἐξ
810 3060 937 3132 ὅλης
960 3060 1145 3132 ψυχῆς
1175 3060 1272 3113 καὶ
1296 3060 1579 3130 δυνάμεως
1607 3057 1702 3110 καλ⁸

1799 1895 2011 1950 animas
2040 1892 2106 1945 ad
2142 1890 2236 1946 Dei
2271 1890 2521 1945 timorem
2556 1882 2903 1940 transferret.
2936 1879 3090 1947 Quod
3115 1879 3162 1933 si
3187 1887 3242 1933 et
3265 1877 3388 1933 illo-

1802 2001 1921 2040 rum
1950 1982 2214 2055 parvulos
2248 1982 2391 2035 haud
2421 1978 2610 2034 siverit
2635 1974 2950 2030 adolescere
2979 2011 2995 2036 ,
3032 1970 3129 2027 sed
3168 1970 3385 2025 illiserit

1801 2087 1991 2150 petrae,
2029 2075 2203 2132 multo
2244 2075 2351 2130 erit
2382 2072 2612 2129 felicior.
2637 2068 2754 2124 Jam
2785 2082 2916 2122 vero
2939 2065 3235 2137 Babylonis
3261 2079 3388 2133 par-

1799 2173 1979 2236 vulos,
2010 2179 2159 2225 recte
2187 2167 2454 2236 intelliges
2483 2163 2741 2235 nequitia
2770 2160 3002 2225 semina,
3028 2168 3083 2214 et
3108 2158 3384 2212 variorum

1800 2257 2163 2327 scaturigines
2192 2265 2575 2326 peccatorum,
2614 2266 2733 2321 quae
2782 2249 3097 2305 Servatoris
3121 2246 3390 2301 doctrinis

1802 2346 1950 2415 (nam
2000 2355 2150 2416 petra
2203 2353 2288 2398 est
2315 2341 2594 2411 Christus)
2631 2339 2884 2395 occidere
2910 2377 2925 2401 ,
2957 2351 3024 2391 ne
3073 2336 3391 2392 adolescant

1802 2442 1965 2501 atque
1996 2432 2049 2486 in
2078 2443 2263 2486 actum
2311 2439 2644 2500 erumpant,
2675 2428 2893 2484 curabit
2923 2426 2970 2482 is
3012 2428 3103 2495 qui
3134 2426 3237 2481 hoc
3265 2423 3390 2480 loco

1803 2525 1996 2579 beatus
2021 2523 2369 2593 pradicatur.

2258 2783 2581 2842 PSALMUS
2618 2779 2928 2838 CXXXVII.

1841 2880 2008 2936 Vens.
2055 2879 2108 2934 1.
2154 2876 2457 2946 Conﬁtebor
2488 2876 2613 2938 tibi,
2653 2872 2917 2939 Domine,
2957 2871 3011 2926 in
3055 2878 3164 2924 toto
3200 2869 3360 2925 corde

2532 2962 2647 3000 meo
2655 2981 2671 2997 ο

1880 3040 2058 3097 Sicuti
2086 3037 2362 3110 perfectus
2398 3037 2566 3092 homo
2584 3074 2602 3101 ,
2632 3035 2797 3089 Deum
2824 3039 2934 3086 tota
2960 3032 3164 3097 animo,
3188 3029 3392 3095 nervis,

135 3157 295 3229 ἰσχύος
320 3121 525 3227 ἀγαπᾷ
551 3156 644 3208 τὸν
666 3121 821 3218 Θεον,
852 3121 1183 3209 οῦνδιασπῶν
1207 3153 1307 3216 τὰς
1329 3121 1588 3222 δυνάμεις
1608 3150 1706 3221 τῆς

1819 3148 1874 3190 ac
1904 3133 2110 3188 viribus
2143 3139 2291 3184 amat
2316 3168 2333 3195 ,
2365 3128 2506 3183 haud
2534 3125 2787 3195 equidem
2817 3122 3024 3179 amoris
3050 3121 3134 3176 sui
3170 3121 3398 3176 faculta-

136 3250 305 3304 ἑαυτοῦ
352 3252 586 3320 ἀγάπης
629 3248 762 3319 περὶ
798 3245 924 3301 ἄλλο
953 3262 1031 3310 τι,
1069 3244 1185 3299 ἀλλ’
1218 3242 1355 3307 ὅλως
1393 3240 1706 3314 ἀνηρτημέ-

135 3360 208 3406 νος
239 3344 397 3416 μόνου
435 3340 542 3396 τοῦ
569 3339 730 3405 Θεοῦ,
759 3338 932 3403 οὕτως
970 3338 1065 3393 καὶ¹
1091 3337 1254 3401 αὐτὸς
1284 3337 1343 3390 ὲν
1375 3336 1474 3408 ὅλῃ
1510 3335 1708 3406 καρδίᾳ

135 3439 521 3509 ἐξομὼγεῖται
572 3433 912 3506 εὐχαριστῶν
959 3431 1039 3502 τῷ
1084 3429 1224 3502 Θεῷ.
1271 3429 1503 3501 Θαρσῶν
1548 3427 1605 3481 δὲ
1640 3429 1706 3498 τῇ

133 3529 331 3600 τοιαύτῃ
363 3524 544 3581 αὑτοῦ
578 3523 894 3595 παρρησίᾳ,
919 3521 1014 3574 καὶ
1059 3518 1238 3583 εἰδὼς,
1270 3518 1354 3571 ὅτι
1383 3517 1440 3570 ὲν
1489 3513 1710 3587 μεγάλῳ

135 3621 323 3694 θεάτρῳ
361 3620 446 3691 τῷ
492 3618 609 3673 τῶν
649 3615 950 3688 ἀνθρώπων
983 3613 1105 3685 βίῳ,
1142 3610 1302 3665 θείων
1335 3607 1585 3678 ἀγγέλων
1615 3606 1711 3661 καὶ

136 3708 446 3781 λειτουργῶν
489 3705 632 3761 Θεοῦ
674 3701 1017 3776 ἐφορώντων,
1061 3701 1158 3756 καὶ
1196 3698 1486 3770 θεωμένων
1518 3697 1615 3762 τὰς
1652 3698 1712 3750 ὲν

136 3801 237 3873 Θεῷ
278 3801 574 3875 προκοπὰς
607 3797 807 3861 αὑτοῦ,
851 3796 953 3871 τὴν
992 3794 1377 3869 προσήκουσαν
1421 3789 1711 3845 ἀποδίδωσι

135 3895 201 3966 τῷ
226 3895 341 3967 Θεῴ
377 3892 675 3965 λατρείαν,
711 3890 806 3945 καί
852 3905 1041 3961 φησιν’
1076 3885 1188 3942 Καὶ
1219 3884 1500 3940 ἐναντίον
1542 3880 1714 3954 ἀγγέ-

136 3990 241 4041 λων
261 3984 445 4058 φη..ιῶ
471 4001 600 4040 σοι.

263 4074 698 4147 Προσκυνήσω
725 4074 877 4143 πρὸς
902 4071 1012 4127 τὸν
1034 4069 1191 4125 ναὸν
1220 4067 1394 4137 ἅγιόν
1416 4083 1556 4122 σου.

196 4171 534 4244 Προσκυνεῖν
586 4166 983 4237 ἐπαγγέλλεται
1029 4164 1170 4238 πρὸς
1212 4162 1340 4218 ναὸν
1392 4160 1567 4230 ἅγιον,
1615 4157 1716 4231 τὴν

150 4259 460 4335 Ἐκκλησίαν
484 4258 689 4332 δηλῶν,
733 4257 768 4329 ἢ
817 4256 918 4329 τὴν
950 4254 1271 4325 ἐπουράνιον
1337 4248 1713 4322 Ἰερουσαλὴμ,

140 4348 196 4427 ἧς
216 4356 383 4420 τύπος
412 4356 445 4409 ὁ
476 4353 578 4408 ἐπὶ
604 4349 710 4420 γῆς
741 4349 955 4420 ὑπῆρχε
985 4346 1114 4410 ναός
1135 4362 1149 4376 ⁸
1187 4339 1308 4398 εἶτα
1331 4341 1491 4414 χάριν
1525 4340 1717 4427 ὁμολο-

1810 3238 1890 3283 tes
1922 3225 2239 3283 distraheus
2265 3223 2333 3278 ad
2366 3221 2514 3276 aliud
2539 3218 2758 3290 quidvis
2783 3257 2800 3284 ,
2834 3216 2930 3272 sed
2955 3230 2985 3269 a
3014 3214 3128 3271 solo
3160 3215 3273 3269 Deo
3301 3215 3396 3268 de-

1806 3318 2082 3388 pendens;
2133 3315 2215 3370 sic
2265 3322 2324 3369 et
2378 3311 2663 3367 Psalmista
2719 3317 2831 3364 toto
2879 3307 3045 3362 corde
3076 3306 3391 3368 conlitetur,

1807 3408 2014 3481 gratias
2042 3421 2210 3475 agens
2252 3405 2380 3460 Deo.
2406 3401 2543 3456 Tum
2568 3402 2744 3457 elatus
2775 3399 2878 3455 hac
2909 3414 3004 3454 sua
3039 3396 3236 3453 ﬁducia
3259 3436 3277 3465 ,
3312 3396 3392 3450 vi-

1808 3501 2047 3568 densque
2095 3511 2155 3551 se
2193 3496 2246 3550 in
2296 3506 2489 3564 magno
2525 3494 2774 3547 humanae
2813 3488 2935 3541 vitae
2989 3487 3226 3546 theatro,
3275 3499 3397 3539 nec-

1810 3605 1917 3647 non
1973 3588 2280 3645 ccelestium
2320 3585 2635 3655 angelorum
2666 3620 2685 3647 ,
2717 3580 2810 3650 qui
2857 3577 3030 3647 ipsius
3055 3577 3195 3646 apud
3225 3573 3396 3630 Deu

1811 3679 2115 3754 profectum
2149 3686 2397 3749 spectant
2421 3715 2437 3740 ,
2467 3674 2873 3729 convenientem
2908 3670 3019 3723 Deo
3048 3666 3240 3725 tribuit
3279 3666 3397 3721 cul-

1810 3784 1925 3832 tum
1951 3815 1967 3840 ,
2013 3775 2198 3843 aitque
2233 3788 2249 3827 :
2288 3770 2353 3825 Et
2395 3770 2453 3823 iu
2496 3780 2774 3835 conspectu
2812 3762 3123 3834 angelorum
3166 3757 3398 3831 psallam

1811 3868 1927 3923 tibi.

1909 4047 2076 4105 Vens.
2104 4045 2161 4102 2.
2188 4042 2438 4098 Adorabo
2470 4041 2539 4096 ad
2565 4036 2816 4107 templum
2847 4045 3093 4090 sanctum
3125 4043 3294 4088 tuum.

1883 4142 2250 4197 Adoraturum
2285 4151 2348 4193 se
2381 4132 2611 4205 spondet
2639 4130 2693 4184 in
2724 4138 2918 4184 sancto
2948 4124 3181 4194 templo,
3213 4120 3403 4177 Eccle-

1814 4237 1949 4292 siam
1999 4234 2309 4297 denotans,
2359 4225 2444 4283 vel
2492 4223 2771 4282 caelestem
2829 4216 3169 4281 Jerusalem,
3244 4215 3402 4284 cujus

1814 4337 1934 4384 erat
1966 4335 2128 4397 typus
2155 4329 2414 4378 terrestre
2452 4316 2730 4386 templum.
2766 4310 2970 4368 Deinde
3001 4307 3229 4379 gratiam
3270 4322 3401 4376 pro-

140 4403 215 4520 ’ἔτ
238 4403 785 4517 ⁵ἐλέου
936 4403 1198 4511 ἀληθείας
1231 4403 1387 4491 Θεοῦ.
1409 4403 1574 4487 ’Ἀνθ;
1596 4423 1658 4485 οὗ
1686 4431 1706 4485 ό

1820 4422 2023 4483 litetur,
2058 4418 2187 4489 quia
2219 4418 2415 4488 dignus
2445 4414 2516 4469 sit
2559 4412 2781 4468 habitus
2821 4403 3194 4462 misericordia
3222 4409 3276 4455 et
3304 4414 3400 4452 vv-

1852 4514 1862 4520 .
2016 4512 2047 4520 -
2092 4511 2105 4520 .
2175 4509 2212 4520 ..
2405 4506 2438 4520 ..
2784 4496 3139 4520 o_______-.___-
3191 4499 3400 4520 ,Μη-

142 4541 441 4614 Σύμμαχος,
474 4539 617 4607 περὶ
645 4535 755 4591 τοῦ
780 4533 994 4600 ἐλέους
1016 4548 1133 4586 σου
1156 4530 1257 4585 καὶ
1283 4527 1394 4596 τῆς
1427 4523 1716 4592 ἀληθείας

142 4653 262 4701 σου,
311 4636 465 4706 λέγει
488 4651 504 4665 ³
568 4630 751 4703 τυχὼν
803 4629 912 4702 γὰρ
965 4627 1119 4681 ἐλέου
1173 4621 1331 4687 Θεοῦ,
1383 4620 1569 4674 τύπων
1620 4617 1718 4671 καὶ

147 4728 409 4799 συμϐόλων
440 4723 799 4797 ἀπήλλακται
819 4761 836 4787 ,
867 4722 925 4774 ὲν
968 4716 1241 4790 πάεύματι
1273 4714 1332 4769 δὲ
1363 4713 1457 4767 καὶ
1490 4708 1718 4783 ἀληθείᾳ

144 4818 407 4893 λατρεύειν
435 4818 563 4890 Θεῷ
590 4813 946 4888 κατηξίωται.

154 4991 852 5069 Ἐξομολοτησάσθωοξάῖ
879 5005 978 5069 σοι
996 5029 1012 5055 ,
1043 4988 1240 5067 Κρριε,
1273 4981 1496 5046 πάντες
1523 4980 1578 5032 oi
1603 4976 1720 5043 ,βα-

668 5063 864 5128 σιλεῖς
898 5060 1011 5128 τῆς
1053 5057 1185 5128 γῆς.

207 5159 468 5224 Πολλάκις
504 5173 715 5228 παρετη
725 5156 989 5228 ρήσαμεν,
1014 5152 1097 5205 ὅτι
1120 5148 1230 5202 τῶν
1249 5143 1479 5216 ψαλμῶν
1510 5143 1558 5195 οἱ
1584 5140 1721 5211 μήτε

152 5244 321 5318 ὕμνον,
359 5249 503 5320 μήτε
534 5244 699 5317 ᾠδὴν,
724 5245 861 5315 μήτε
893 5240 1126 5312 ψαλμὸν,
1150 5238 1186 5309 ἡ
1212 5254 1265 5290 τι
1291 5235 1478 5307 ἕτερον
1508 5231 1722 5303 ἔχοντες

154 5341 484 5414 προγραφὴν,
514 5337 679 5393 ἄλλου
713 5335 862 5407 παρά
892 5332 1062 5388 ταῦτα
1093 5329 1420 5402 τυχχάνουσι
1451 5324 1725 5414 χαρακτῆ-

159 5446 252 5500 ρος,
488 5432 522 5482 ὁ
551 5426 742 5499 παρὼν
771 5421 1114 5497 «pacm-emi];
1146 5418 1387 5491 μετέχων
1416 5412 1717 5500 δυνάμεως

158 5498 231 5574 te
247 5522 352 5595 γὰρ
381 5521 495 5575 τῶν
533 5516 914 5590 προλαϐόντων
938 5508 1469 5584 ἐξομολογησάμενος
1486 5505 1516 5558 ὁ
1537 5498 1723 5565 Δαυῖδ,

171 5610 293 5664 ’ἀλλ’
342 5611 444 5665 οὐκ
497 5609 636 5679 ἐγὼ,
695 5608 848 5680 φησὶ,
894 5607 953 5659 ὲν
1003 5601 1281 5677 βασιλεῦσι
1325 5597 1484 5671 μόνος
1527 5595 1720 5650 τούτου

166 5704 507 5776 κατηξιώθην,
538 5701 782 5757 πλεῖστοι
807 5699 865 5752 δὲ
895 5697 1126 5751 τοιοῦτοι
1153 5694 1494 5766 γενήσονται,
1525 5685 1727 5759 δηλαδὴ

1746 4496 1790 4551 D
1821 4514 1984 4568 ritate
2015 4511 2130 4566 Dei.
2175 4509 2282 4564 Pro
2328 4506 2526 4577 quibus
2567 4502 2753 4558 verbis
2784 4496 3163 4570 Symmachus,
3187 4499 3401 4563 ριόριιτ

1821 4602 2244 4660 misericordiam
2275 4610 2419 4653 tuam
2455 4606 2504 4651 et
2543 4596 2821 4650 veritatem
2850 4598 2997 4644 tuam
3023 4628 3040 4655 ,
3076 4585 3228 4641 dicit.
3262 4581 3402 4637 Nam

1823 4695 1918 4751 Dei
1956 4691 2385 4749 misericordiam
2420 4687 2651 4757 adeptus
2672 4723 2690 4749 ,
2724 4681 2871 4752 typis
2915 4674 3286 4750 symbolisque
3311 4687 3402 4728 se-

1824 4787 2015 4857 positis
2040 4824 2057 4852 ,
2084 4787 2138 4840 in
2165 4782 2362 4855 spiritu
2392 4795 2459 4836 ac
2496 4777 2728 4833 veritate
2758 4774 2930 4830 Deum
2963 4770 3194 4825 adorare
3233 4765 3403 4834 impc-

1826 4877 2015 4933 travit.

1881 4973 2050 5029 Vens.
2078 4936 2523 5035 LConﬁteantur
2555 4960 2651 5014 tibi
2671 5000 2684 5021 ,
2712 4954 2937 5012 Domine
2956 4990 2972 5018 ,
2997 4964 3174 5005 omnes
3204 4960 3348 5015 reges

2530 5041 2708 5085 terrte.

1894 5133 2051 5205 Saepe
2079 5126 2488 5190 observavimus
2515 5120 2751 5191 psalmos
2781 5114 2902 5171 illos
2932 5111 3027 5182 qui
3057 5119 3239 5178 neque
3264 5117 3399 5157 can-

1827 5229 1917 5284 tici
1943 5194 2121 5297 neque
2148 5220 2386 5296 psalmi,
2448 5228 2625 5284 neque
2669 5207 2971 5280 quamlibet
3015 5201 3177 5257 aliam
3212 5194 3408 5250 inscri—

1826 5321 2063 5395 ptionem
2093 5315 2317 5377 habent,
2344 5310 2616 5364 diversum
2637 5302 2705 5358 ab
2732 5300 2819 5355 his
2848 5299 3403 5395 characterem-gere-

1826 5381 1887 5467 τε
1911 5452 1926 5475 ,
1962 5405 2263 5478 cuiusmodi
2300 5411 2385 5457 est
2420 5399 2509 5454 hic
2548 5391 2870 5465 prophetica
2894 5387 3106 5443 virtute
3143 5381 3411 5437 imbutus.

1826 5470 1963 5556 Nam
1997 5470 2278 5566 superiore
2306 5481 2825 5566 confessione-facta
2860 5476 3056 5542 David,
3084 5471 3271 5542 Atqui,
3306 5470 3407 5566 ait,

1826 5606 1936 5646 non
1979 5560 2080 5660 ego
2111 5585 2260 5641 solus
2304 5583 2447 5638 inter
2470 5592 2627 5649 reges
2651 5562 2746 5631 his
2765 5566 3139 5644 prmrogativis
3162 5567 3280 5620 sum
3309 5560 3406 5613 de-

1834 5656 2095 5746 curatus,
2130 5677 2225 5734 sed
2272 5671 2491 5746 plurimi
2532 5668 2760 5739 posthac
2809 5671 3015 5727 erunt,
3063 5670 3258 5726 nempe
3287 5656 3405 5723 por!

170 5757 372 5863 essent?)
392 5757 672 5871 κηρυγμα
703 5793 800 5849 τοῦ
833 5791 1111 5864 Σωτῆρος·
1158 5757 1253 5844 καὶ
1272 5757 1516 5858 ’μάλιστα
1540 5757 1628 5837 ὅτε
1668 5779 1706 5833 τί

1839 5771 2152 5829 Servatoris
2202 5762 2642 5839 praedicationem
2683 5776 2700 5828 ;
2736 5757 3031 5829 praecipue
3092 5763 3222 5806 vero
3283 5757 3408 5800 cum
