3850 6210
387 297 458 352 59
1029 280 1298 340 EUSEBII
1335 273 1810 338 CASSARIENSIS
1841 273 1991 330 OPP.
2034 269 2218 326 PARS
2256 269 2344 324 Ill.
2385 299 2454 308 —
2496 262 2908 320 EXEGETICA.
3595 262 3668 316 40

388 412 675 472 multitudo
723 406 964 479 gentium
1013 404 1262 472 ingressa
1319 399 1523 461 fuerit,
1582 406 1639 451 et
1692 393 1960 448 secundus

2109 387 2336 456 λήρωμα
2365 381 2471 435 τῶν
2502 378 2671 432 ἐθνῶν
2704 376 2942 449 εἰσέλθῃ.
2978 377 3072 430 καὶ
3101 380 3135 450 ἡ
3161 378 3394 450 δευτέρα
3423 375 3519 429 τοῦ
3542 377 3667 430 Σω-

387 503 590 561 Christi
617 501 883 556 adventus
913 495 1194 551 acciderit.
1231 492 1385 547 Tunc
1407 489 1551 545 enim
1579 500 1774 554 magna
1803 498 1968 552 appa-

2068 479 2233 549 τῆρος
2261 475 2486 544 γένηται
2535 469 2824 540 παρουσία·
2847 469 2969 521 τότε
2997 467 3106 538 γὰρ
3128 468 3427 540 ὀφθήσεται
3452 465 3668 538 μεγάλη

392 558 538 650 rebit
572 591 742 662 gloria
774 587 1012 644 Domini.
1058 585 1301 652 Namque
1347 579 1670 650 imperativo
1699 577 1856 633 modo
1884 572 1968 628 vel

2109 569 2163 622 οῦ
2197 565 2404 636 Κυρίου
2439 565 2474 634 ἡ
2517 561 2675 628 δόξα·
2711 559 3124 630 προστακτικῶς
3156 560 3213 613 δὲ
3253 561 3349 613 καὶ
3396 558 3672 621 εύκτικῶς

389 685 651 756 aptativo,
679 683 861 736 futura
891 678 1159 735 interdum
1188 677 1517 730 denotantur
1543 673 1837 728 secundum
1873 684 1966 738 pe—

389 777 648 832 culiarem
676 771 1027 828 Hebraeorum
1073 765 1547 823 consuetudinem.
1582 791 1655 804 —
1689 760 1968 815 Vaticina-

392 875 482 918 tur
529 862 782 916 diffusum
834 860 900 913 iri
951 873 1050 927 per
1079 871 1272 911 omnes
1304 865 1496 926 gentes
1542 853 1635 909 Dei
1686 851 1968 914 notitiam;

390 955 584 1010 Cuncti
619 953 784 1016 enim,
821 951 1019 1019 inquit,
1052 963 1210 1018 reges
1237 956 1398 1002 terra:
1423 944 1822 1000 confitebuntur
1853 941 1968 1003 tibi,

2071 657 2182 711 ἐσθ’
2244 657 2333 709 ὅτε
2389 653 2458 707 τὰ
2513 651 2770 723 μέλλοντα
2830 648 3083 719 δηλοῦται
3101 689 3132 724 ,.
3178 651 3323 704 κατά
3376 667 3500 702 τινα
3557 648 3671 702 τῶν

2083 748 2349 819 Ἑϐραίων
2394 743 2705 816 συνήθειαν.
2749 774 2818 783 -
2845 741 3187 812 Προφητεύει
3219 742 3348 813 περὶ
3380 739 3480 812 τῆς
3531 740 3668 811 μελ-

2070 840 2272 910 λούσης
2303 835 2670 902 ὲξαπλοῦσθαι
2710 835 2790 896 εἰς
2838 833 3015 886 πάντα
3055 831 3184 903 ἔθνη
3223 831 3318 886 τοῦ
3348 831 3482 885 Θεοῦ
3522 831 3671 900 γνὼ-

2074 948 2230 995 σεως*
2259 931 2453 983 Ἔσται
2492 927 2623 999 γὰρ,
2655 927 2841 997 φησὶν,
2865 926 2953 978 ὅτε
2985 925 3183 989 πάντες
3214 925 3264 978 οἱ
3300 923 3535 994 βασιλεῖς
3565 919 3674 992 τῆς

392 1049 721 1115 audientqne
749 1013 933 1098 omnia
964 1013 1143 1095 verbav
1171 1039 1285 1094 oris
1315 1037 1410 1092 Dei
1437 1076 1454 1101 ,
1499 1045 1553 1090 et
1585 1035 1887 1090 cantabunt
1916 1033 1971 1085 in

2111 1025 2176 1095 ἧς
2219 1017 2704 1092 ἐξομολογήσονταί
2749 1033 2830 1069 σοι
2867 1016 2961 1069 καὶ
3008 1016 3332 1069 ἀκούσονται
3375 1014 3552 1068 πάντα
3596 1013 3675 1066 τὰ

391 1140 496 1194 viis
543 1135 777 1192 Domini.
830 1133 955 1188 Haec
1004 1142 1186 1186 autem
1218 1128 1434 1184 nonnisi
1488 1135 1610 1198 post
1661 1125 1974 1180 Servaton's

395 1231 566 1288 nostri
612 1228 1054 1299 praedicationem
1087 1224 1295 1278 exitum
1330 1230 1486 1275 nacta
1530 1229 1678 1274 sunt.
1714 1217 1831 1273 Via:
1875 1233 1974 1271 au-

396 1335 506 1378 tem
546 1320 777 1374 virtutes
825 1323 996 1378 sunt,
1043 1327 1166 1383 quae
1213 1311 1281 1366 ad
1333 1311 1428 1365 Dei
1477 1310 1726 1366 notitiam
1773 1307 1974 1378 perdu-

397 1422 566 1483 cunt.§

465 1589 632 1644 Vens.
667 1587 719 1642 6.
758 1586 1010 1641 Eacelsus
1040 1585 1300 1640 Dominus
1338 1596 1385 1639 et
1415 1583 1640 1637 humilia
1672 1583 1907 1649 respicit.

473 1680 606 1747 Quae
644 1680 999 1748 propheticus
1051 1678 1279 1748 spiritus
1331 1675 1389 1730 in
1441 1676 1557 1745 ipso
1585 1681 1640 1728 et
1678 1687 1775 1742 per
1805 1673 1978 1742 ipsum

2077 1117 2298 1186 ῥήματα
2335 1111 2431 1165 τοῦ
2465 1111 2732 1181 στόματος
2761 1108 2919 1172 Θεοῦ,
2954 1109 3049 1161 καὶ
3079 1109 3162 1161 ὅτι
3205 1109 3428 1180 ᾷσονται
3455 1107 3515 1159 ὲν
3541 1108 3672 1170 ταῖς

2075 1201 2214 1264 ὁδοῖς
2255 1201 2484 1272 Κυρίου.
2512 1197 2700 1252 Ταῦτα
2726 1198 2784 1250 δὲ
2814 1198 2915 1251 ούκ
2955 1196 3143 1250 ἄλλοτε
3179 1198 3212 1268 ἢ
3254 1197 3392 1268 μετὰ
3416 1196 3478 1250 τὸ
3505 1196 3674 1264 εὐαγ-

2076 1291 2292 1361 γελικδν
2319 1293 2583 1362 κήρυγμα
2615 1290 2709 1343 τοῦ
2738 1289 2995 1360 Σωτῆρος
3021 1289 3181 1360 ἡμῶν
3213 1289 3402 1352 τέλους
3435 1288 3673 1360 τετύχη-

2078 1402 2194 1439 κεν.
2237 1383 2377 1436 Ὁδοὶ
2424 1383 2481 1435 δέ
2513 1385 2650 1434 εἰσιν
2683 1382 2739 1434 αἱ
2786 1381 3008 1452 ἀρεταὶ,
3041 1382 3096 1434 αί
3127 1379 3390 1452 φέρουσαι
3431 1380 3526 1432 ἐπὶ
3566 1379 3673 1448 τὴν

2078 1479 2280 1545 γνῶσιν
2306 1473 2401 1527 τοῦ
2434 1471 2591 1526 Θεοῦ.

2235 1562 2506 1632 ’Υψηλὸς
2537 1563 2774 1628 Κύριος,
2808 1561 2905 1614 καὶ
2940 1559 3012 1613 τὰ
3045 1563 3296 1616 ταπεινὰ
3314 1559 3520 1631 ἐφορᾷ.

2153 1655 2237 1709 Τὰ
2267 1655 2373 1708 ὑπὸ
2397 1653 2492 1708 τοῦ
2520 1653 2860 1724 προφητικοῦ
2888 1654 3201 1724 πνεύματος
3227 1655 3284 1707 ὲν
3311 1653 3458 1724 αὐτῷ
3482 1655 3577 1709 καὶ⁷
3598 1654 3672 1709 δι’

401 1741 617 1825 locutus
652 1741 892 1833 'fue-rat,
942 1741 1106 1822 David
1159 1741 1532 1836 cognoscens,
1590 1741 1974 1832 laetaturiquia

2109 1742 2242 1797 ,ὐτοῦ
2268 1743 2569 1814 λαληθέντα
2599 1741 2787 1812 μαθὼν
2813 1744 2841 1794 ὁ
2871 1743 3052 1808 Δαυῒδ,
3085 1744 3279 1816 θαρρεῖ
3303 1745 3378 1808 ὼς
3411 1744 3660 1816 ἐφορῶν-

403 1860 548 1914 Deus
576 1859 798 1913 humilia
846 1859 1069 1929 respicit
1095 1895 1112 1923 ,
1147 1865 1203 1911 et
1231 1855 1504 1927 pressuris
1550 1854 1671 1924 ejus
1702 1863 1978 1924 protector

405 1954 579 2008 adest.

502 2070 662 2128 Vens.
695 2069 750 2124 7.
782 2068 841 2124 Si
861 2068 1198 2124 ambulavero
1226 2069 1283 2120 in
1309 2067 1479 2121 medio
1503 2065 1887 2127 tribulationis,

921 2140 1202 2208 vivificabis
1234 2154 1334 2203 me,
1364 2146 1470 2191 etc.

477 2231 691 2287 Clarius
724 2229 1085 2300 Symmachus
1111 2227 1253 2282 dixit
1283 2245 1297 2280 :
1329 2227 1393 2281 Si
1425 2224 1761 2279 ambulavero
1797 2223 1853 2276 in
1876 2238 1983 2275 me-

407 2323 496 2375 dio
528 2319 884 2373 tribulationis
909 2357 925 2381 ,
967 2315 1298 2370 conservabis
1339 2330 1422 2368 nte
1447 2327 1466 2364 :
1496 2322 1682 2366 contra
1726 2311 1981 2366 anhelan-

412 2423 488 2466 tes
523 2411 761 2465 inimicos
795 2425 940 2462 meos
987 2423 1202 2460 manum
1248 2418 1392 2460 tuam
1425 2405 1696 2466 extendes,
1729 2404 1983 2458 servabit-

408 2517 509 2572 que
566 2516 647 2554 me
695 2501 911 2552 dextera
951 2506 1065 2551 tua.
1104 2496 1362 2550 Dominus
1404 2511 1513 2549 rem
1553 2511 1649 2564 pro
1691 2511 1774 2548 me
1815 2493 1985 2561 conﬁ-

408 2595 529 2648 ciet.

853 2742 1176 2800 PSALMUS
1212 2741 1548 2798 CXXXVIII.

481 2835 648 2892 Vens.
675 2835 728 2890 1.
761 2834 1006 2901 Domine,
1035 2834 1268 2902 probasti
1289 2849 1392 2899 me,
1425 2843 1473 2886 et
1505 2833 1791 2902 cognovisti
1813 2849 1914 2885 me.

484 2928 748 2994 Quoniam
777 2927 936 2996 igitur
965 2935 1163 2979 nostra:
1184 2939 1402 2994 quoque
1427 2925 1549 2980 vitae
1581 2934 1794 2992 tempus
1824 2923 1990 2977 habet

414 3019 660 3075 dimensa
719 3034 749 3073 a
797 3020 909 3073 Deo
961 3017 1286 3081 intervalla,
1334 3017 1648 3074 universum
1691 3016 1821 3070 vita:
1853 3030 1989 3072 mea:

2080 1853 2171 1898 τος
2195 1835 2265 1889 τὰ
2295 1834 2526 1887 ταπεινὰ
2557 1833 2650 1885 τοῦ
2678 1832 2846 1899 Θεοῦ,
2886 1835 2962 1898 ὡς
2988 1836 3047 1888 ὲν
3085 1839 3208 1900 ταῖς
3236 1835 3480 1906 θλίψεσιν
3518 1837 3675 1910 αὐτῷ

2089 1927 2578 1998 συνασπιζομένου.

2093 2041 2227 2094 Ἐὰν
2247 2039 2516 2108 πορευθῶ
2542 2040 2798 2112 ἐνμέσῳ
2827 2043 3108 2111 θλίψεως,
3136 2039 3324 2109 ζιξσῃς
3342 2057 3441 2110 με,
3463 2059 3518 2094 κ.
3537 2059 3592 2096 τ.
3618 2041 3673 2097 λ.

2155 2190 2493 2262 Σαφέστερον
2535 2191 2592 2244 δὲ
2624 2193 2653 2243 ὁ
2692 2191 2986 2264 Σύμμαχος
3030 2192 3169 2262 ἔφη·
3223 2191 3366 2245 Ἐὰν
3399 2190 3678 2260 πορευθῶ

2082 2279 2181 2334 διὰ
2221 2281 2420 2350 μέσης
2471 2283 2768 2350 θλίψεως,
2813 2285 3170 2350 περισώσεις
3211 2299 3320 2352 με·
3376 2281 3524 2336 κατὰ
3558 2279 3679 2350 τῆς

2083 2372 2397 2441 ἀναπνοῆς
2448 2371 2567 2428 τῶν
2601 2373 2831 2442 ἐχθρῶν
2857 2392 2976 2443 μου
3019 2373 3281 2440 ἐκτενεῖς
3319 2373 3486 2444 χεῖρά
3529 2389 3675 2436 σου,

2085 2466 2183 2518 καὶ
2223 2465 2411 2519 σώσει
2453 2482 2530 2534 με
2569 2467 2609 2534 ἠ
2653 2465 2825 2529 δεξιά
2871 2480 3024 2520 σουο
3078 2469 3295 2534 Κύριος
3336 2464 3678 2520 ἐπιτελέσαι

2085 2555 2239 2624 ὑπὲρ
2268 2557 2434 2626 ἐμοῦ.

2623 2721 2915 2775 ΨΑΛΜΟΣ
2951 2722 3126 2777 ΡΛΗ’.

2265 2838 2464 2904 Κύριε,
2498 2835 2864 2904 ἐδοκίμασας
2898 2853 3006 2906 με,
3047 2834 3148 2889 καί
3181 2835 3368 2906 ἔγνως
3397 2853 3492 2907 με.

2174 2928 2328 2982 Ἐπεὶ⁵
2351 2928 2530 2981 τοίνυν
2556 2929 2651 2982 καὶ
2689 2932 2717 2983 ὁ
2743 2931 2932 3000 χρόνος
2958 2931 3058 3000 τῆς
3090 2927 3362 3000 ἡμετέρας
3391 2929 3535 3000 ζωῆς
3559 2927 3677 3000 ἔχει

2092 3019 2217 3073 τινὰ
2273 3019 2616 3091 διαστήματα
2671 3021 3062 3092 μεμετρημένα
3109 3019 3262 3092 παρὰ
3302 3018 3450 3090 Θεῷ,
3497 3020 3678 3074 πάντα

418 3121 630 3180 tempus
651 3152 667 3175 ,
702 3111 913 3180 inquit,
946 3110 1196 3179 viamque
1246 3109 1513 3164 hactenus
1540 3105 1843 3162 confectam
1873 3106 1989 3176 ipse

2109 3128 2197 3164 ιου
2231 3113 2330 3182 τῆς
2361 3110 2506 3180 ζωῆς
2547 3111 2640 3164 τὸν
2681 3114 2912 3184 χρόνον,
2945 3113 3099 3183 φησὶ,
3148 3112 3244 3166 καὶ
3287 3113 3385 3186 τὴν
3435 3113 3554 3167 ὁδὸν
3604 3113 3678 3185 ἣν

417 3211 690 3259 scrutatus
717 3218 798 3256 88.

487 3293 652 3349 Vens.
685 3295 738 3348 6.
769 3294 1030 3350 Hirabilis
1059 3295 1204 3364 facta
1241 3303 1321 3349 est
1353 3294 1574 3349 scientia
1605 3302 1698 3346 tua
1731 3309 1796 3348 ea:
1819 3308 1919 3346 me.

491 3386 748 3454 Superat,
775 3385 973 3456 inquit,
1002 3387 1148 3443 vires
1179 3401 1347 3451 meas,
1377 3395 1433 3440 et
1455 3393 1607 3440 extra
1638 3398 1812 3438 meam
1841 3398 1993 3438 com-

419 3477 830 3546 prehensionem
861 3485 947 3532 est
993 3479 1184 3532 horum
1211 3477 1468 3548 cognitio,
1520 3477 1592 3530 ita
1627 3485 1687 3529 ut
1724 3490 1788 3531 ea
1817 3490 1994 3546 neque

419 3570 726 3639 excogitare
747 3584 919 3640 neque
943 3584 1206 3624 enarrare
1232 3585 1449 3640 queam.
1467 3568 1829 3636 Quantumvis
1848 3568 1994 3622 enim

420 3661 652 3730 dixero,
699 3676 764 3716 ea
810 3677 978 3731 parva
1029 3677 1093 3716 ac
1137 3661 1363 3716 minima
1400 3675 1508 3731 pra
1537 3659 1720 3716 divina
1751 3660 1993 3730 potentia

422 3752 665 3819 fuerint,
704 3753 858 3820 cujus
905 3752 1320 3820 comprehensio
1356 3767 1532 3806 meam
1583 3751 1723 3822 fugit
1761 3750 1996 3806 tenuita-

423 3853 557 3907 tem,
592 3845 700 3898 imo
733 3845 970 3896 omnium
1004 3844 1200 3898 virium
1233 3842 1533 3898 delectum.

470 3956 637 4011 Vsus.
669 3956 756 4010 l6.
799 3955 1166 4025 Imperfectum
1195 3973 1368 4011 meum
1391 3958 1628 4012 viderunt
1669 3954 1810 4009 oculi
1843 3955 1944 4008 tui.

495 4047 650 4112 Quod
692 4048 926 4101 nondum
969 4047 1307 4117 feci,inquit,
1346 4056 1601 4118 tanquam
1639 4046 1754 4116 jam
1790 4045 1993 4100 factum

423 4137 681 4204 intueris;
711 4147 767 4191 et
802 4138 1035 4191 nondum
1077 4148 1232 4194 natos
1257 4180 1272 4205 ,
1301 4149 1554 4207 tanquam
1585 4137 1698 4208 jam
1731 4139 1785 4192 in
1819 4137 1995 4192 lucem

425 4227 604 4282 editos
642 4228 806 4284 nosti.
834 4225 1018 4282 Potest
1049 4236 1229 4282 autem
1254 4227 1546 4298 dupliciter
1574 4226 1802 4297 intelligi
1837 4226 1997 4282 inno-

428 4318 604 4372 centia
631 4332 772 4380 mea,
805 4325 860 4370 et
890 4314 1107 4370 malitiae
1146 4317 1390 4371 carentia
1415 4354 1433 4382 ,
1465 4314 1610 4370 nulla
1636 4313 1882 4383 indigens
1914 4313 1999 4366 in-

427 4408 744 4480 quisitione.
785 4407 918 4462 Nam
960 4409 1174 4463 curiosa
1208 4409 1562 4464 observantia
1603 4407 1708 4462 dici
1741 4421 1878 4474 opus
1909 4421 1999 4475 po-

428 4470 531 4554 test
573 4518 588 4554 :
626 4510 711 4555 est
757 4508 936 4556 autem
988 4500 1299 4569 imperfecta
1351 4501 1560 4563 anima,
1597 4514 1717 4568 quae
1759 4470 1997 4554 nondum
2031 4470 2075 4524 θ

428 4592 628 4647 virtute
665 4599 721 4647 et
757 4592 988 4647 scientia
1023 4592 1310 4647 informata
1349 4591 1534 4649 fuerit.

569 4724 736 4779 Vens.
765 4725 848 4778 l9.
882 4723 995 4778 Viri
1024 4725 1363 4794 sanguinum,
1388 4723 1644 4776 declinate
1674 4739 1703 4775 a
1735 4739 1836 4776 me.

528 4795 696 4850 Vens.
722 4795 814 4849 20.
855 4797 1125 4864 Accipient
1160 4798 1213 4847 in
1247 4795 1480 4847 vanitate
1503 4795 1735 4846 civitates
1763 4803 1902 4845 tuas.

505 4886 638 4942 Cum
662 4887 887 4940 dixisset
909 4887 982 4958 (v.
1010 4886 1130 4957 I7):
1152 4884 1204 4938 Μ
1213 4887 1414 4938 ihivero
1440 4885 1594 4937 nimis
1619 4884 1862 4936 honorati
1885 4892 2004 4936 sunt

435 4982 593 5035 amici
635 4981 753 5049 tui,
799 4979 981 5044 Deus;
1031 4978 1229 5032 merito
1266 4977 1518 5032 inimicos
1572 4975 1666 5031 Dei
1707 4978 2008 5030 detestatur

433 5080 596 5137 atque
617 5083 648 5121 a
687 5083 747 5123 se
769 5075 1031 5122 removet.
1062 5067 1173 5121 lmo
1200 5082 1320 5120 cum
1345 5067 1475 5122 item
1494 5067 1717 5121 dixisset
1735 5064 1854 5120 fore
1877 5075 2000 5120 tem-

433 5178 558 5228 pus,
580 5177 688 5232 quo
716 5171 1029 5231 peccatores
1057 5159 1199 5216 Deus
1234 5159 1349 5229 ipse
1385 5159 1690 5224 interficiet,
1719 5157 1829 5228 jam
1865 5176 2008 5214 nunc

435 5252 557 5306 illos
579 5252 764 5321 procul
793 5267 853 5307 se
886 5260 1057 5318 arcet,
1092 5267 1161 5306 ne
1201 5250 1329 5321 quid
1355 5250 1551 5305 habeat
1573 5265 1695 5305 cum
1725 5249 1833 5305 illis
1860 5266 2007 5305 com-

436 5358 640 5410 mune,
688 5358 865 5414 neque
900 5358 964 5397 ex
1005 5332 1242 5412 ipsorum
1273 5343 1674 5414 propinquitate
1718 5344 2007 5399 detrimen-

439 5445 554 5490 tum
601 5434 802 5503 capiat.
838 5431 1080 5502 Namque
1110 5433 1176 5488 ad
1227 5434 1596 5491 contentiosos
1644 5449 1924 5490 sermones
1953 5445 2008 5490 et

441 5524 882 5589 controversias,
929 5522 1204 5578 incassum
1253 5529 1378 5580 tuas
1427 5525 1676 5580 civitates
1713 5524 2006 5594 accipient,

441 5615 706 5671 vocabulo
776 5615 1052 5669 civitatum
1129 5616 1338 5671 divinas
1409 5615 1719 5686 Scripturas
1789 5616 2010 5687 signiﬁ-

443 5721 574 5763 cans
599 5748 616 5776 ,
657 5720 792 5778 quas
821 5705 1020 5763 frustra
1064 5718 1285 5764 sumunt
1331 5709 1647 5766 heterodoxi
1672 5748 1688 5775 ,
1731 5718 1786 5766 et
1815 5725 1922 5766 non
1954 5720 2012 5765 ut

2095 3200 2311 3272 διῆλθον
2340 3200 2500 3262 αὐτὸς
2535 3199 2866 3270 ἐξιχνίασας.

2288 3291 2743 3360 Ἐθαυμαστώθη
2773 3293 2812 3360 ἡ
2841 3290 3067 3361 γνῶσίς
3087 3306 3204 3346 σου
3237 3291 3308 3356 ἐξ
3331 3291 3496 3362 ἐμοῦ.

2098 3392 2144 3434 .:.'
2181 3384 2498 3446 Ἐπιϐαίνει,
2530 3383 2683 3454 φησὶ,
2711 3382 2807 3454 τὴν
2847 3383 2985 3455 ἐμὴν
3010 3383 3258 3456 δύναμιν,
3295 3385 3388 3436 καὶ
3421 3381 3686 3441 ὲπυέκεινά

2100 3476 2247 3528 ἐστιν
2274 3476 2371 3546 τῆς
2397 3475 2535 3546 ἐμῆς
2558 3474 2910 3546 καταλήψεως
2945 3475 2978 3545 ἡ
3009 3475 3214 3530 τούτων
3245 3475 3466 3544 γνῶσις,
3496 3475 3572 3539 ὡς
3602 3477 3683 3548 μὴ

2099 3565 2358 3619 δύνασθαί
2393 3583 2461 3636 με
2490 3564 2732 3637 ἐξευρεῖν
2770 3566 2904 3637 μηδὲ
2937 3564 3172 3630 ἐξειπεῖν
3201 3568 3360 3622 αὐτά.
3399 3569 3538 3622 Ὅσα
3571 3567 3686 3639 γὰρ

2101 3656 2166 3711 ἂν
2206 3656 2366 3720 εἴπω,
2405 3656 2577 3728 μικρὰ
2624 3657 2719 3710 καὶ
2767 3657 3024 3728 ἐλάχιστα
3071 3659 3327 3729 τυγχάνει
3360 3662 3458 3731 τῆς
3491 3659 3688 3730 θεῖκῆς

2100 3749 2404 3820 δυνάμεως,
2436 3744 2504 3821 ἦς
2550 3749 2855 3820 κατάληψις
2897 3750 2994 3822 τὴν
3033 3751 3170 3822 ἐμὴν
3205 3753 3544 3824 σμικρότητα
3587 3755 3690 3808 καὶ

2101 3839 2347 3894 ούθενίαν
2377 3839 2678 3910 διαφεύγει.

2200 3949 2662 4020 Ἀκατέρταστόν
2688 3968 2807 4020 μου
2845 3947 3009 4006 εἶδον
3047 3955 3102 4006 ol
3137 3953 3433 4022 ὀφθαλμοί
3471 3967 3610 4006 σου.

2174 4042 2248 4096 Τὸ
2279 4043 2443 4114 μήπω
2461 4043 2704 4114 πραχθέν
2723 4061 2833 4115 μοι,
2852 4043 3037 4114 φησὶν,
3057 4044 3132 4108 ὡς
3155 4045 3257 4118 ἤδη
3286 4045 3534 4099 τελεσθὲν
3551 4045 3692 4099 καθ-

2103 4136 2256 4206 ορᾷς,
2289 4135 2386 4188 καὶ
2411 4135 2538 4197 τοὺς
2563 4134 2701 4200 τέως
2727 4135 2802 4208 μὴ
2831 4134 3144 4205 τεχθέντας,
3171 4135 3247 4199 ὡς
3273 4135 3371 4207 ἤδη
3393 4135 3692 4206 τεχθέντας

2104 4229 2412 4282 ἐπίστασαι.
2447 4229 2680 4281 Δύναται
2714 4227 2772 4280 δὲ
2807 4226 3044 4281 νοεῖσθαι
3074 4227 3239 4297 διχῶς
3263 4227 3324 4280 τὸ
3359 4227 3563 4281 ἄκακον
3591 4229 3695 4282 καὶ

2105 4319 2398 4390 ἀπόνηρον,
2445 4320 2540 4372 καὶ
2559 4318 2911 4385 ἀνεξέταστον
2952 4336 3086 4390 μουο
3125 4319 3283 4390 ἔργον
3320 4318 3428 4391 γὰρ
3466 4322 3499 4390 ἡ
3533 4319 3698 4390 περί-

2105 4427 2222 4463 νοια
2260 4409 2513 4478 λέγεσθαι
2548 4408 2780 4478 ὀφείλει·
2829 4409 3238 4480 ἀκατέργαστος
3281 4409 3338 4461 δέ
3381 4410 3497 4462 ἐστι
3538 4408 3697 4481 ψυχὴ

2100 4505 2135 4572 ἠ
2171 4503 2336 4574 μήπω
2363 4502 2428 4554 δι’
2462 4502 2665 4574 ἀρετῆς
2694 4501 3042 4572 μορφωθεῶα
3074 4501 3168 4554 καὶ⁹
3198 4501 3471 4571 γνώσεως.

2108 4723 2348 4794 Ἄνδρες
2391 4723 2668 4793 αἱμάτων,
2705 4724 3023 4779 ἐκκλίνατε
3061 4724 3161 4778 ἀπ’
3186 4723 3355 4794 ἐμοῦ.
3379 4723 3703 4792 Λήψονται

2373 4798 2460 4859 εις
2490 4797 2858 4864 ματαιότητα
2893 4796 3001 4860 τὰς
3037 4798 3247 4859 πόλεις
3280 4810 3418 4849 σου.

2183 4885 2388 4952 Εἰπὼν,
2407 4887 2563 4956 Ἐμοὶ
2588 4886 2656 4939 δὲ
2683 4888 2827 4940 λίαν
2866 4887 3239 4956 ἐτιμήθησαν
3285 4891 3338 4941 ol
3367 4887 3532 4956 φίλοι
3549 4901 3704 4955 σου,

2113 4982 2148 5034 ό
2180 4979 2344 5044 Θεὸς,
2375 4979 2600 5043 εἰκότως
2630 4980 2756 5043 τοὺς
2786 4979 3014 5050 ἐχθροὺς
3045 4980 3139 5033 τοῦ
3183 4979 3318 5033 Θεοῦ
3350 4981 3709 5051 παραιτεῖται

2113 5073 2206 5126 καὶ
2254 5071 2546 5126 ἀπελαύνει
2599 5072 2823 5126 ἑαυτοῦο
2869 5071 3004 5131 ἀλλὰ
3055 5072 3150 5125 καὶ
3193 5070 3570 5143 μνημονεύσας
3613 5071 3710 5125 ὅτι

2113 5161 2263 5214 ἔσται
2289 5179 2373 5225 τις
2394 5161 2584 5233 καιρὸς
2611 5163 2667 5214 ὲν
2699 5154 2744 5229 ᾧ
2774 5161 2900 5225 τοὺς
2927 5161 3284 5232 ἁμαρτωλοὺς
3322 5159 3483 5222 αὐτὸς
3503 5160 3531 5212 ὁ
3559 5157 3710 5223 Θεὸς

2112 5253 2418 5314 ἀποκτενεῖ,
2443 5249 2692 5304 ἐντεῦθεν
2726 5251 2827 5322 ἤδη
2859 5251 2952 5304 καὶ
2977 5249 3202 5312 τούτους
3246 5247 3441 5302 ἑαυτοῦ
3471 5247 3708 5319 μακρὰν

2113 5340 2348 5404 ἐλαύνει,
2381 5341 2456 5404 ὡς
2481 5341 2546 5395 ἂν
2591 5341 2666 5413 μὴ
2695 5342 2948 5405 κοινωνὸς
2978 5341 3155 5394 αὐτῶν
3195 5341 3422 5409 γένοιτο,
3460 5339 3598 5411 μηδὲ
3632 5341 3710 5396 ἐκ

2111 5434 2206 5488 τοῦ
2258 5433 2579 5506 πλησιάζειν
2630 5434 2876 5507 μετάσχῃ
2922 5435 3022 5504 τῆς
3069 5436 3199 5506 παρ’
3237 5431 3416 5486 αὐτῶν
3467 5432 3702 5504 βλάϐης.

2126 5528 2279 5581 Ἐπεὶ
2315 5527 2372 5580 δὲ
2408 5527 2503 5580 καὶ
2539 5529 2618 5590 είς
2656 5528 2964 5599 ἐριστικοὺς
3009 5526 3200 5596 λόγους
3219 5526 3311 5580 καὶ
3345 5525 3550 5598 ἔριδας,
3592 5526 3706 5594 τὰς

2117 5619 2214 5682 σὰς
2253 5620 2331 5683 εἰς
2360 5619 2696 5690 ματαιότητα
2731 5618 2989 5689 λήψονται
3015 5619 3217 5685 πόλεις,
3243 5618 3342 5682 τὰς
3371 5617 3522 5681 θείας
3552 5617 3708 5690 Γρα-

2121 5713 2227 5782 φὰς
2255 5713 2438 5776 πόλεις
2473 5713 2938 5784 χρηματιζούσας,
2967 5714 3212 5785 ματαίως
3243 5713 3299 5766 δὲ
3328 5710 3530 5774 ταύτας
3553 5709 3706 5785 λαμ-ν
