3850 6210
196 325 253 377 ιι
1322 342 1830 405 COMMENTABIA
1870 350 1936 406 IN
1976 350 2313 415 PSALMOS.
3376 381 3447 438 te
3546 355 3554 365 ’

194 439 437 494 δάνουσιν
464 444 511 495 οἱ
539 446 856 519 ἑτερόδοξοι,
882 454 975 507 καὶ
991 454 1090 527 ούχ
1112 457 1188 522 ὡς
1221 460 1303 513 δεῖ
1327 462 1464 533 (13)·
1493 466 1728 541 ἀποστρέ

194 549 348 563 Νη.-.
380 536 467 563 ..-ι
506 538 736 563 ι..--“.ι-.--
776 545 865 563 ι.ᾲο
900 562 903 563 ν
935 546 947 563 ν
1002 546 1027 559 -

1862 482 2157 543 oporteret.
2196 476 2311 536 Hoc
2348 496 2447 553 ego
2490 484 2767 546 hominum
2801 505 2975 563 genus
2997 508 3223 553 aversor
3266 510 3322 554 et
3362 502 3449 558 fu-

194 549 351 601 φομαι
380 536 472 588 καὶ
504 538 740 593 ὲκκλίνω
768 545 865 595 ἀπ’
888 546 1087 602 αύτῶν.

597 632 938 701 Δοκίμασόν
960 656 1058 706 με,
1093 642 1128 694 ὁ
1169 643 1329 708 Θεός.

252 712 431 766 Εἰπὼν
483 717 543 768 ἐν
584 719 750 792 ἀρχῇ,
785 725 990 793 Κύριε,
1034 728 1401 801 ἐδοκίμασάς
1456 756 1534 807 με
1568 740 1667 794 καὶ
1700 743 1759 797 ἕ-

184 820 327 871 τνως
342 823 442 873 με,
466 807 561 861 νῦν
586 810 664 875 ὡς
695 814 861 884 μήπω
884 816 1230 890 δοκιμασθεὶς
1255 824 1381 897 ἔφη,
1418 830 1757 898 Δοκίμασόν

181 912 265 963 με,
302 899 501 967 Κύριε,
538 902 638 956 καὶ
670 903 849 973 γνῶθι
876 908 993 977 τὴν
1021 912 1276 981 καρδίαν
1295 935 1437 986 μου.
1482 923 1593 975 Καὶ
1631 924 1753 978 τότε

184 986 271 1056 μὲν
290 988 527 1061 εἴρηται,
564 993 685 1063 Τὴν
715 998 915 1066 τρίϐον
933 1020 1053 1071 μου
1086 1006 1184 1059 καὶ
1214 1008 1330 1077 τὴν
1355 1012 1609 1080 σχοῖνόν
1631 1035 1752 1086 μου

178 1076 540 1147 ἑξιχνίασας,
578 1086 677 1139 καὶ
721 1087 926 1155 πάσας
952 1093 1060 1159 τὰς
1093 1076 1745 1174 ὀδούςγμούνπροεῖδες·

179 1168 289 1241 ἀρτι
331 1170 409 1235 δὲ,
442 1175 711 1266 ΖΕτασόν
728 1197 825 1248 με,
852 1182 949 1236 καὶ
972 1182 1153 1252 γνῶθι
1187 1168 1558 1261 τὰςὴτρίϐους
1734 1216 1747 1228 ·

178 1260 365 1329 μήποτ’
406 1258 504 1317 οὖν
538 1268 637 1321 ούκ
671 1271 890 1326 ἐναντία
919 1274 1087 1342 λέγει.
1124 1279 1256 1333 Τότε
1299 1258 1408 1356 γάρ
1446 1258 1634 1351 ἀπλιός
1660 1289 1746 1343 δε-¹

175 1349 489 1423 δοκιμάσθαι
544 1360 639 1413 καὶ
680 1362 950 1430 ἐγνῶσθαι
995 1363 1140 1432 εἷπε,
1186 1371 1280 1425 νῦν
1312 1349 1387 1427 δέ
1419 1349 1630 1449 εὔχεται
1664 1382 1747 1437 δο-

176 1445 517 1517 κιμασθῆναι,
566 1451 716 1517 ὅπως
750 1457 964 1530 γνωσθῇ
1007 1461 1040 1532 ὴ
1086 1464 1284 1535 καρδία
1327 1445 1526 1522 αύτούτ·
1563 1476 1746 1544 μεῖζον

174 1536 271 1606 γὰρ
293 1538 349 1590 τὸ
376 1540 620 1614 καθαρὸν
658 1547 751 1600 καὶ
776 1548 933 1615 εύθὲς
966 1555 1032 1625 τῇ
1062 1558 1261 1631 καρδίᾳ
1304 1560 1399 1615 τοῦ
1433 1536 1620 1630 ἀπλῶς
1648 1536 1746 1620 κα-

176 1628 323 1698 θαρὸν
351 1633 445 1686 καὶ
482 1635 618 1707 εύθῆ
644 1637 940 1712 ὑπάρχειν
970 1646 1067 1699 καὶ
1094 1628 1380 1725 ὑπεραίρει
1422 1654 1517 1710 τοῦ
1558 1628 1743 1724 ἁπλῶς

169 1718 557 1792 δοκιμασθέντα
602 1732 909 1805 γνωσθῆναι
956 1737 1037 1809 τῷ
1083 1718 1477 1817 δοκιμασθῆναι
1517 1749 1608 1802 ἐπὶ

169 1812 461 1885 γνωσθῆναι
494 1818 595 1889 τὴν
628 1822 853 1892 καρδίαν
884 1826 1049 1881 αὑτοῦ
1071 1846 1085 1859 ”
1124 1812 1262 1887 ἀλλά
1299 1812 1393 1889 καί.
1424 1837 1521 1891 τοῦ
1555 1812 1739 1903 ante;
1772 1847 1812 1901 Β
1847 1812 2068 1905 tionem.

168 1906 528 1979 προοραθῆναι
553 1911 652 1976 τὰς
679 1914 831 1980 ὁδοὺς
873 1919 1062 1987 αὐτοῦ,
1110 1924 1296 1995 μεῖζον
1340 1928 1401 1982 τὸ
1430 1931 1740 2002 γνωσθῆναι

166 1993 252 2059 τὰς
290 1998 517 2070 τρίϐους
563 2004 893 2074 ἐτασθέντας
932 1993 1122 2069 αύτοῦξ
1162 2017 1255 2071 Διὸ
1314 2021 1408 2073 καὶ
1440 1993 1735 2094 ’ἐπήγαγεο

164 2088 260 2141 Kal
301 2090 388 2144 ιδὲ
439 2095 497 2147 εἰ
545 2091 702 2162 εἶδες
746 2099 1002 2171 ἀνομίαν
1036 2107 1107 2160 ἐν
1154 2109 1306 2178 ἐμοὶ,
1360 2088 1738 2171 τουτέστιν-ὲν

164 2177 263 2244 εξει
299 2182 395 2234 καὶ
426 2182 673 2239 διαθέσει
710 2205 835 2259 μου.
874 2193 1101 2265 Φέρεται
1138 2177 1234 2251 καὶ
1274 2199 1471 2266 οὕτως·
1503 2204 1613 2258 Καὶ
1648 2205 1739 2260 ἰδὲ

161 2273 207 2324 εί
241 2273 379 2339 ὁδός
420 2276 681 2348 ἀνομίας
726 2282 798 2334 ἐν
849 2284 1013 2353 ἐμοί’
1065 2291 1355 2357 τουτέστι,
1404 2297 1739 2369 κατανόησον

164 2365 203 2416 tl
231 2364 426 2421 ὥδευσέ
471 2387 609 2424 ποτε
637 2374 696 2425 ὲν
721 2377 790 2445 τῇ
830 2374 977 2449 ψυχῇ
1007 2396 1108 2450 μου
1134 2383 1354 2455 ἀνομία,
1383 2385 1459 2451 ὡς
1488 2386 1606 2460 ἴχνη
1631 2364 1736 2463 τῆς

160 2454 262 2509 ubi:
293 2458 464 2531 αὐτῆς
514 2465 697 2532 μεῖναι
745 2468 875 2538 παρ’
916 2471 1061 2541 ἐμοί.
1100 2454 1288 2546 Ὅμως
1319 2476 1377 2530 δὲ
1642 2454 1734 2538 τςᾷὲ

162 2548 313 2621 σαύτη
343 2553 409 2605 ἐκ
443 2553 541 2606 σοῦ
578 2557 673 2609 καὶ
697 2557 786 2611 διὰ
815 2560 874 2613 σὲ
902 2561 1261 2636 κατώρθωται
1289 2585 1380 2638 μοι
1408 2571 1733 2646 ἀναμαρτη-

161 2636 256 2701 σία,
296 2641 411 2693 ἀλλ’
444 2641 543 2699 οὖν
592 2648 657 2701 σὺ
695 2649 984 2723 ὠδήγησάς
1028 2671 1095 2724 με
1137 2657 1195 2710 ὲν
1237 2636 1345 2731 ὁδῷ
1390 2636 1613 2735 «unus;
1639 2636 1733 2720 ιτὶι

161 2730 438 2790 ἀθανασίαν
479 2740 579 2791 καί
615 2741 930 2816 ἀφθαρσίαν
954 2748 1183 2823 ἀγούσῃ.

698 2836 988 2891 ΨΛΛΜΟΣ
1015 2841 1183 2897 ΡΛΘν.

291 2921 633 2977 Πεσοῦνται
660 2926 755 2979 ἐπ’
788 2930 1011 2997 αὐτοὺς
1036 2932 1332 3002 ἄνθρακες
1363 2940 1575 3007 πυρός.

217 3006 368 3080 Δίκην
397 3012 512 3085 γὰρ
544 3015 732 3085 ὑφέξει
772 3019 908 3090 πρὸς
942 3023 1128 3089 αὑτοῦ,
1165 3026 1320 3081 νόσον
1356 3006 1494 3099 ἐχών
1533 3006 1727 3087 τοιαύ-

158 3113 259 3169 την.

227 3192 430 3263 Ἄνδρα
449 3197 669 3254 ἄδικον
690 3203 846 3257 κακὰ
880 3207 1157 3274 θηρεύσει
1181 3212 1269 3277 εὶς
1292 3211 1638 3285 διαφθοράν.

212 3349 271 3402 Τί
300 3352 353 3407 δέ
382 3356 535 3410 ἐστιν
566 3360 647 3422 εἰς
683 3359 1017 3436 διαφθοράν;
1051 3366 1134 3420 ὅτι
1174 3368 1357 3424 πολλοὶ
1399 3370 1721 3444 θηρεύονται

156 3441 219 3503 εἷς
238 3448 529 3517 σωτηρίαν,
566 3449 643 3514 ὼς
671 3454 719 3505 oi
754 3456 904 3527 παρὰ
932 3458 1040 3511 τῶν
1063 3460 1397 3527 ἀποστόλων,
1530 3468 1578 3519 oi
1610 3483 1717 3519 πα·-

154 3535 211 3604 pi
239 3538 337 3591 τῶν
365 3542 543 3610 ἁγίων
594 3544 804 3618 ἀνδρῶν
826 3565 838 3577 ’
884 3549 1000 3605 ἀλλ’
1024 3552 1081 3605 οἵ
1096 3569 1159 3621 γε
1191 3556 1418 3628 πονηροὶ
1455 3558 1582 3611 ὅταν
1613 3560 1718 3614 ὑπὸ

153 3626 233 3695 τῆς
262 3634 454 3697 κακίας
497 3635 821 3707 θηρεύονται
847 3642 941 3695 καὶ
972 3643 1198 3715 φθορᾶς·
1229 3626 1345 3710 πᾶςὴ
1369 3648 1476 3720 γὰρ
1512 3649 1713 3715 ἄδικος,

152 3718 312 3793 ὥσπερ
338 3726 443 3779 ὑπὸ
490 3728 703 3792 οἰκείας
730 3731 886 3785 νόσου
916 3733 1236 3810 διαφθαρεὶς
1258 3738 1364 3792 ὑπὸ
1390 3718 1491 3811 τῆς
1520 3742 1711 3797 ἑαυτοῦ

152 3813 337 3879 κακίας,
385 3817 547 3889 δίκην
585 3819 767 3890 ὑφέξει
804 3823 904 3894 τὴν
951 3828 1332 3898 προσήκουσαν
1357 3847 1371 3860 ο
1418 3831 1575 3903 ἱκανὴ
1604 3833 1712 3905 γάρ

151 3909 270 3962 ἐστιν
289 3913 408 3965 ἀντὶ
442 3915 633 3987 πάσης
651 3918 919 3989 τιμωρίας
960 3920 1060 3992 τὴν
1082 3920 1307 3992 ἔχουσαν
1332 3925 1502 3997 αὐτὴν
1532 3926 1710 4001 ψυχὴν

148 3997 443 4076 διαφθεῖραι.

151 4092 346 4163 “Error
385 4098 477 4152 ὅτι
517 4098 759 4167 ποιήσει
789 4102 1003 4170 Κύριος
1025 4103 1141 4173 τὴν
1177 4106 1380 4174 κρίσιν
1418 4109 1525 4163 τοῦ
1557 4125 1709 4165 new—

850 4211 983 4263 χσυ.

211 4275 477 4334 Ἐντεῦθεν
518 4284 546 4335 ὁ
570 4282 823 4353 Σολομὼν
849 4286 1150 4358 ὠφεληθεὶς
1176 4289 1267 4342 τὸν
1300 4292 1508 4364 πατέρα
1539 4295 1704 4365 φησὶν

144 4363 192 4416 ἐν
212 4367 280 4438 τῷ
317 4370 719 4447 Ἐκκλησιαστῇ
744 4392 756 4404 ·
809 4378 987 4444 Τέλος
1025 4381 1213 4449 λόγου
1243 4381 1309 4435 τὸ
1347 4363 1471 4438 πᾶν
1494 4363 1699 4453 ἄκουε,

145 4456 210 4511 ὅτι
231 4460 343 4517 πᾶν
357 4466 424 4518 τὸ
449 4468 684 4536 ποίημα
722 4468 851 4533 ἄξει
870 4472 904 4523 ό
928 4471 1071 4537 Θεὸς
1097 4473 1185 4537 εις
1212 4474 1434 4540 κρίσιν,
1458 4475 1529 4529 ἐν
1550 4491 1702 4531 παν·

1866 576 1977 630 gto.

2401 662 2571 720 Proba
2607 684 2713 733 me,
2746 669 2908 728 Deus.

1934 752 2106 818 Quum
2130 753 2286 809 initio
2299 753 2547 824 dixisset,
2566 758 2807 828 Domine,
2824 766 3061 833 probasti
3084 786 3163 825 me
3183 781 3234 825 et
3253 788 3443 844 cogno-

1861 843 1980 897 visti
2026 860 2127 912 nte,
2185 862 2329 902 nunc
2373 863 2470 903 ceu
2526 854 2762 907 nondum
2806 859 3066 925 probatus
3102 864 3222 917 ait:
3260 843 3443 923 Proba

1859 951 1961 1000 me,
2008 936 2251 1003 Domine,
2292 950 2343 994 et
2388 942 2520 995 scito
2558 960 2648 997 cor
2692 962 2885 1004 meum.
2935 950 3004 1006 Et
3049 961 3177 1009 tunc
3221 959 3435 1025 quidem

1859 1026 2060 1081 dictum
2103 1031 2257 1087 fuit:
2308 1030 2380 1087 Et
2427 1035 2723 1102 funiculum
2774 1056 2945 1094 meum
2987 1044 3335 1117 iuvestigasti,
3384 1059 3436 1104 ct

1856 1134 2033 1175 omnes
2074 1123 2186 1176 vias
2229 1141 2371 1178 meas
2408 1129 2701 1196 prwvidisti
2723 1146 2743 1194 ;
2781 1147 2924 1189 nunc
2974 1150 3143 1204 vero,
3182 1139 3435 1197 Scrutare

1856 1222 1975 1274 me,
2030 1218 2081 1262 et
2138 1226 2385 1280 cognosce
2435 1215 2648 1269 semitas
2702 1233 2867 1273 meas.
2922 1219 3189 1279 Neutruhi
3250 1235 3431 1283 tamen

1855 1303 2131 1357 contraria
2181 1304 2444 1374 loquitur.
2490 1307 2641 1363 Tunc
2679 1313 2827 1367 enim
2881 1314 3206 1385 simpliciter
3243 1323 3434 1391 explo-

1856 1400 2030 1445 ratum
2065 1409 2123 1447 se
2154 1404 2207 1447 et
2239 1397 2514 1466 cognitum
2552 1400 2726 1463 dixit;
2766 1418 2909 1459 nunc
2932 1421 3064 1462 vero
3086 1419 3210 1463 orat
3244 1412 3431 1483 explo-

1856 1484 1963 1535 rari
2012 1499 2091 1539 se.
2136 1485 2305 1557 Majus
2342 1489 2486 1543 enim
2524 1493 2652 1561 quid
2703 1503 2826 1562 est,
2866 1511 3060 1565 purum
3108 1512 3428 1573 rectumque

1852 1571 2050 1628 habere
2071 1590 2185 1642 cor,
2208 1593 2368 1645 quam
2399 1583 2715 1651 simpliciter
2742 1601 2861 1642 esse
2892 1605 3082 1658 purum
3113 1602 3169 1647 et
3191 1605 3422 1653 rectum.

1848 1661 2141 1736 Longeque
2156 1680 2375 1738 praestat
2389 1675 2605 1743 cognito
2622 1691 2717 1744 per
2727 1678 3152 1748 explorationem
3167 1685 3211 1741 si
3219 1688 3425 1755 mplici-

1850 1767 1933 1810 ter
1972 1760 2209 1828 homini,
2248 1764 2334 1820 ille
2362 1766 2451 1835 qui
2486 1770 2744 1837 probatus
2782 1782 2866 1828 est
2898 1789 2997 1843 per
3031 1778 3214 1833 cordis
3235 1781 3424 1851 cogni-

2116 1853 2325 1911 Rursus
2354 1859 2526 1929 majus
2554 1862 2683 1932 quid
2712 1874 2796 1919 est
2818 1907 2833 1929 ,
2868 1868 2914 1921 si
2945 1868 3047 1923 via:
3071 1868 3188 1938 ejus
3217 1873 3423 1943 explo»

1847 1952 1975 1995 rata:
2028 1956 2341 2015 noscantur,
2396 1964 2556 2019 quam
2593 1953 2638 2007 si
2683 1960 3052 2014 tantummodo
3085 1963 3421 2030 praevidean-

1842 2040 1946 2086 tur.
1984 2033 2190 2091 Idcirco
2222 2039 2426 2096 addidit
2458 2060 2471 2097 :
2520 2043 2591 2098 Et
2627 2046 2743 2101 vide
2781 2065 2850 2102 an
2888 2053 2972 2104 via
3014 2052 3314 2124 iniquitatis
3362 2059 3419 2111 in

1838 2141 1919 2180 me
1948 2129 2041 2194 sit,
2082 2129 2134 2184 id
2168 2142 2251 2186 est
2282 2133 2333 2187 in
2369 2135 2553 2191 habitu
2589 2153 2650 2193 ac
2683 2154 2882 2212 genere
2922 2144 3045 2198 vitae
3091 2161 3246 2201 metr.
3278 2147 3417 2204 Fer-

1840 2227 1928 2272 tur
1963 2230 2017 2274 et
2060 2221 2163 2275 alia
2211 2226 2523 2294 explanatio
2549 2248 2563 2284 :
2606 2229 2677 2285 Et
2707 2233 2821 2288 vide
2851 2252 2977 2288 num
3006 2238 3090 2289 via
3118 2238 3414 2308 iniquitatis

1836 2307 1891 2361 in
1921 2324 2003 2363 me
2030 2312 2142 2366 sit:
2171 2313 2222 2368 id
2255 2327 2357 2383 est,
2391 2319 2617 2375 observa
2652 2339 2719 2378 an
2751 2326 3039 2395 aliquando
3068 2307 3325 2398 iniquitas
3357 2334 3413 2386 in

1836 2415 1926 2456 me
1959 2401 2029 2457 sit
2053 2416 2319 2472 grassata,
2351 2409 2424 2463 ita
2468 2422 2527 2466 ut
2576 2415 2802 2487 vestigia
2838 2420 3045 2475 semitae
3084 2420 3202 2491 ejus
3236 2424 3289 2477 in
3324 2440 3414 2478 me

1835 2493 2131 2562 supersint.
2166 2495 2531 2557 Nihilominus
2576 2504 2678 2559 etsi
2710 2512 2859 2561 tanta
2897 2509 2996 2564 fuit
3029 2525 3094 2564 ex
3135 2523 3188 2566 te
3230 2521 3286 2567 et
3314 2530 3411 2584 per

1839 2591 1890 2637 te
1935 2585 2242 2644 innocentia
2280 2608 2397 2648 mea
2424 2634 2438 2659 ,
2478 2605 2530 2648 tu
2588 2606 2769 2652 tamen
2813 2600 2946 2655 mihi
2994 2602 3100 2657 dux
3145 2618 3204 2660 es
3237 2605 3290 2659 in
3322 2607 3409 2662 via

1833 2682 2035 2729 aeterna
2065 2716 2081 2743 ,
2122 2695 2239 2748 qua:
2271 2682 2337 2736 ad
2367 2684 2774 2744 immortalitem
2814 2689 3411 2762 incorruptibilitatem-

1833 2777 1938 2832 que
1975 2769 2242 2836 perducit.

2291 2862 2615 2923 PSALMUS
2654 2869 2939 2928 CXXXIX.

1982 2945 2138 3003 Vsus.
2176 2950 2262 3006 Η.
2291 2953 2490 3009 Cadent
2522 2974 2677 3027 super
2705 2977 2794 3016 eos
2826 2963 2963 3033 ignis
2985 2967 3255 3024 carbones.

1901 3035 2122 3092 Putnam
2184 3043 2381 3114 quippe
2429 3062 2459 3101 a
2509 3048 2618 3103 Deo
2666 3051 2895 3121 referet,
2948 3059 3039 3126 qui
3094 3060 3400 3131 hujusmodi

1832 3130 2020 3184 morbo
2050 3130 2278 3188 laborat.

1752 3206 1794 3266 (ἶ
1833 3219 1992 3278 Vrsas.
2034 3222 2125 3280 12.
2193 3223 2374 3283 Virum
2417 3229 2671 3312 injustum
2728 3238 2869 3293 mala
2917 3242 3119 3312 capient
3167 3246 3239 3300 ad
3279 3265 3400 3304 cor-

2459 3305 2772 3370 ruptionem.

1891 3383 2029 3452 Quid
2055 3397 2137 3442 est
2164 3390 2231 3444 ad
2260 3396 2707 3464 corruptionem?
2741 3416 2933 3473 nempe
2968 3404 3095 3475 quia
3128 3408 3279 3464 multi
3304 3426 3397 3466 ca-

1820 3475 2042 3544 piuntur
2063 3479 2129 3534 ad
2160 3480 2409 3551 Salutem,
2436 3496 2496 3540 ut
2523 3487 2596 3542 illi
2631 3494 2723 3561 qui
2759 3494 2825 3549 ab
2865 3498 3123 3566 apostolis
3155 3505 3391 3558 sanctis-

1817 3585 1922 3640 que
1951 3573 2102 3628 viris.
2141 3573 2517 3635 Verumtamen
2562 3583 2637 3637 illi
2674 3585 2903 3653 improbi
2932 3599 3058 3643 sunt
3088 3593 3179 3662 qui
3207 3608 3238 3647 a
3279 3612 3392 3648 Illa-

1817 3661 1931 3717 litia
1955 3665 2244 3734 capiuntur
2271 3679 2325 3723 et
2359 3674 2684 3741 corruptela.
2736 3676 2926 3743 Quivis
2959 3661 3119 3735 enim”
3154 3681 3388 3750 injustus

1817 3763 2071 3827 tanquam
2109 3758 2297 3815 intimo
2326 3763 2516 3818 morbo
2539 3778 2823 3836 corruptus
2854 3773 3090 3840 nequitia
3121 3792 3240 3841 sua,
3266 3792 3387 3847 pae-

1814 3862 1938 3901 nam
2003 3864 2297 3920 congruam
2366 3859 2620 3926 perferet.
2698 3859 2937 3932 Namque
3002 3868 3070 3921 ad
3137 3884 3387 3924 corrum-

1810 3942 2038 4010 pendum
2099 3947 2369 4014 animam,
2431 3951 2670 4022 cujusvis
2718 3971 2889 4026 poenae
2942 3958 3100 4028 loco,
3146 3964 3385 4033 nequitia

1810 4036 2023 4097 sullicit.

1811 4128 1974 4187 Vsus.
2021 4133 2105 4188 15.
2167 4133 2395 4207 Cognovi
2451 4142 2574 4222 quia
2618 4144 2775 4225 (aciet
2819 4144 3071 4203 Dominus
3111 4151 3381 4221 judicium

2496 4228 2682 4279 mapts.

1876 4289 2012 4349 Hinc
2040 4294 2293 4353 Salomon
2320 4298 2466 4355 Patri
2489 4300 2790 4375 sutl‘ragans
2819 4306 2893 4360 ait
2924 4308 2976 4363 in
3006 4310 3334 4369 Ecclesiaste
3361 4332 3374 4367 :

1809 4381 1993 4438 Finem
2058 4403 2419 4461 summamque
2473 4395 2632 4446 totius
2680 4398 2935 4452 sermonis
2972 4401 3135 4465 audi;
3184 4418 3380 4472 nempe

1802 4478 1944 4547 quod
1974 4494 2124 4534 omne
2160 4481 2358 4550 factum
2408 4485 2635 4540 adducet
2683 4487 2821 4543 Deus
2874 4491 2931 4543 in
2972 4492 3266 4562 judicium,
3309 4497 3376 4548 de

146 4550 185 4601 tl
206 4556 645 4627 παρεωραμένῳ,
676 4557 786 4612 ἐάν
816 4578 878 4614 τε
898 4561 1143 4630 ἀγαθὸν,
1170 4562 1281 4617 ἐάν
1304 4581 1367 4618 τε
1394 4568 1662 4636 πονηρόν
1678 4587 1691 4600 ⁸

1839 4573 1945 4628 mni
1978 4572 2305 4639 abscondito,
2360 4577 2467 4631 sive
2531 4579 2586 4633 id
2641 4581 2833 4635 bonum
2882 4583 3063 4650 fuerit,
3103 4589 3208 4640 sive
3251 4603 3372 4642 ma—

143 4642 217 4693 καὶ
235 4644 321 4698 νῦν
336 4649 461 4719 γὰρ,
499 4651 690 4719 φησιν,
717 4650 794 4715 ὡς
826 4655 1048 4723 κρινεῖὸ
1071 4653 1203 4718 Θεὸς
1227 4656 1457 4712 ἐκδικῶν
1482 4659 1573 4713 τὸν
1598 4662 1693 4716 νῦν

1839 4676 1907 4712 tm
1948 4661 2013 4715 δ’.
2058 4662 2123 4716 Et
2170 4680 2313 4720 nunc
2373 4669 2539 4734 enim,
2605 4670 2801 4740 inquit,
2850 4673 3117 4743 judicahit
3170 4679 3370 4735 vindex

141 4738 585 4809 καταπονούμενον
627 4741 835 4812 πένητα
880 4744 975 4797 καὶ
1014 4746 1249 4817 πτωχόν.
1296 4747 1417 4801 Ἐπὶ
1454 4753 1691 4822 χρηστὸν

1842 4769 1937 4809 eus
1974 4755 2041 4810 de
2072 4772 2309 4827 paupere
2347 4775 2606 4828 oppresso
2635 4771 2689 4818 et
2718 4765 2785 4819 de
2829 4765 3003 4837 inope.
3040 4766 3202 4824 Felici
3239 4786 3363 4826 mox

140 4821 184 4875 δὲ
208 4830 328 4895 μετὰ
344 4831 518 4885 ταῦτα
544 4832 700 4898 τέλος
728 4834 1065 4907 κατέστρεψε
1096 4838 1190 4891 τὸν
1209 4838 1421 4911 ψαλμόν
1446 4859 1459 4871 ’
1592 4846 1687 4899 καὶ

1839 4859 1898 4897 ne
1924 4821 2195 4915 psalmum
2223 4821 2498 4906 concludit
2535 4854 2787 4925 (ideoque
2825 4868 2880 4913 et
2920 4821 2978 4914 in
3027 4862 3184 4917 titulo
3230 4870 3368 4918 scrt-

139 4911 219 4978 είς
244 4917 405 4986 τέλος
438 4923 875 4996 ἐπιγέγραπται,
921 4927 1019 4999 τὴν
1053 4929 1423 5003 ἀποκειμένην
1459 4936 1572 4997 τοῖς
1614 4934 1691 4987 δι-

1789 4947 1937 5008 ptum
1965 4950 2048 4994 est
2077 4939 2143 4994 In
2179 4942 2358 5015 ﬁnem)
2389 4949 2679 5017 repositam
2704 4950 2868 5018 justis
2914 4966 3062 5022 spem
3103 4954 3363 5011 recitatis.

139 5005 284 5073 καιοις
326 5010 497 5081 λέγων
560 5015 770 5074 ἐλπίδα.
841 5018 899 5073 Ὀ
943 5018 1001 5071 δὲ
1048 5020 1377 5113 Σύμμαχος,
1405 5026 1565 5093 παρὰ
1612 5025 1693 5092 τῷ

1839 5005 2400 5103 ymmachus'autet’n,
2444 5005 2585 5109 apud
2621 5005 2808 5111 faciem
2842 5005 3362 5113 tuam—,V‘dici‘ttéuid

138 5099 398 5169 προσώπῳ
434 5117 580 5170 σου,
625 5107 792 5175 λέγει.
823 5108 890 5162 Τί
933 5108 989 5164 δὲ
1013 5112 1261 5182 κρεῖττον
1287 5112 1381 5167 τοῦ
1415 5116 1689 5190 κεκαθαρ-

1786 5133 1916 5175 vero
1956 5126 2299 5191 praestantius
2348 5143 2511 5196 quam
2562 5144 2698 5200 puro
2750 5133 2914 5215 corde
2960 5133 3129 5190 Deum
3177 5150 3360 5191 coram

140 5186 250 5293 ﬁt“)
296 5191 502 5267 διανοίᾳ
546 5198 839 5269 πρόσωπον
903 5202 1038 5274 πρὸς
1086 5205 1378 5276 πρόσωπον
1429 5208 1562 5279 όρᾷν
1597 5186 1690 5265 τδν

1839 5186 2074 5269 lecture?
2105 5228 2264 5285 prout
2296 5186 2433 5277 diiit
2459 5186 2717 5278 Ser'vator
2741 5242 2754 5278 :
2779 5207 2932 5279 Beati
2957 5226 3151 5280 munda
3179 5230 3357 5293 corde,

136 5273 269 5346 θεᾶνς
312 5286 452 5339 κατά
480 5289 579 5342 τὸν
610 5289 704 5343 τοῦ
737 5273 985 5364 Σωτῆρος
1024 5273 1374 5368 μακαρισμὸν
1400 5273 1642 5364 εἰπόντος
1663 5317 1677 5330 ·

1784 5304 2034 5370 quoniam
2069 5306 2168 5375 ipsi
2210 5306 2378 5364 Deum
2400 5312 2749 5368 videbunt“!
2786 5331 2947 5387 quant
2979 5332 3092 5373 rem
3134 5321 3312 5392 adepti
3336 5361 3353 5387 ,

138 5366 386 5441 κακόβιοι
424 5383 481 5433 οι
527 5384 773 5467 καθαροί
823 5383 899 5454 τῇ
936 5366 1187 5455 καρδίᾳ,⁷
1219 5366 1309 5442 ὅτι
1358 5390 1527 5444 αὐτοὶ
1574 5390 1680 5445 τὸν

1839 5393 1987 5449 'atias
2016 5366 2194 5467 agent.

139 5458 255 5511 Θεὸν
278 5463 527 5534 ὄψονται
551 5486 568 5501 ·
604 5466 665 5526 οὗ
691 5474 944 5545 τυχόντες
962 5477 1460 5549 εὐχαριστήσουσιν.

190 5616 410 5678 "Bede.
445 5640 549 5690 xu,
580 5626 665 5692 i5,
694 5629 779 5682 l4.
851 5628 898 5661 "
933 5630 1124 5688 Matth.
1162 5648 1213 5700 ν,
1242 5634 1297 5690 8.

192 5775 287 5847 (13)
325 5781 560 5851 Insignis
596 5782 809 5839 Eusebii
850 5786 1115 5842 sententia
1159 5788 1224 5846 de
1267 5789 1435 5847 sacris
1475 5789 1644 5862 libris,
1674 5792 1807 5849 nihil
1844 5794 2090 5851 utilitatis
2117 5796 2255 5867 apud
2284 5796 2567 5858 htereticos
2605 5800 2946 5860 habentibus

366 5876 643 5937 ΡΑτιιοι..
688 5878 809 5938 Gn.
859 5880 1085 5943 XXIV.

2938 5906 2976 5961 2
