3850 6210
453 332 524 389 ιδ
1126 332 1392 390 EUSEBII
1433 332 1908 390 C.£SARIENSIS
1945 333 2097 390 OPP.
2139 332 2315 390 PARS
2352 327 2441 391 Ill.
2481 365 2550 374 —
2589 331 3006 390 EXEGETICA.
3645 331 3704 386 Ην

979 441 1300 500 PSALMUS
1333 443 1494 500 CXL.

519 536 766 596 Psalmus
786 535 877 591 hic
899 549 1083 606 parem
1113 549 1177 590 ac
1209 535 1455 605 superior
1491 536 1707 592 titulum
1745 535 1903 607 gerit.
1929 534 2026 590 Est

451 643 630 688 autem
677 627 916 693 Davidis,
963 627 1318 698 eamdemque
1363 627 1472 682 vim
1529 629 1709 700 prccis
1758 629 2022 684 continet.

449 720 564 780 Hoc
602 734 783 778 tamen
813 721 1041 792 amplius
1073 720 1262 787 habet,
1301 722 1442 790 quod
1477 721 1650 792 m’agis
1686 730 1770 777 est
1806 721 2027 793 dogma-

448 817 612 880 ticns,
663 823 716 868 et
738 813 892 884 plura
923 822 1088 882 atque
1119 813 1336 868 utiliora
1380 815 1482 869 sub
1516 812 1670 868 initio
1717 814 1893 869 docet.
1935 813 2026 868 Ait

447 909 615 979 igitur
646 929 660 963 :
686 905 945 961 Clamavi.
973 905 1127 961 Haud
1156 919 1290 962 sane
1313 920 1506 976 magna
1537 921 1670 961 voce
1700 913 1756 960 et
1786 903 2026 959 clamore

448 1012 607 1052 usum
632 1011 752 1052 esse
776 995 1140 1066 psalmistam,
1159 996 1384 1051 credere
1408 996 1603 1060 decet;
1639 1010 1766 1050 nam
1797 993 2022 1051 silentes

448 1103 667 1160 quoque
693 1089 844 1144 audit
881 1089 1042 1143 Deus.
1092 1087 1185 1143 Sic
1228 1087 1394 1143 etiam
1439 1088 1611 1160 Moysi
1657 1088 1892 1143 traditur
1945 1088 2024 1143 di-

447 1190 594 1238 ctum
613 1198 629 1238 :
651 1180 793 1248 Quid
819 1180 886 1234 ad
903 1195 982 1234 me
1006 1181 1203 1235 clamas
1217 1179 1301 1236 ·δῖ
1323 1178 1428 1236 Sed
1449 1179 1540 1249 qui
1564 1193 1756 1249 magna
1775 1178 2024 1249 dogmata

449 1289 481 1328 a
510 1273 621 1329 Deo
656 1273 941 1338 didicerat,
981 1273 1182 1328 eximio
1219 1273 1388 1328 animi
1425 1270 1622 1327 ali‘eetu
1665 1270 1878 1340 ﬁdeque
1923 1269 2022 1324 ali-

449 1365 578 1435 quid
601 1380 631 1420 a
655 1365 766 1421 Deo
804 1371 1012 1436 petens,
1060 1365 1134 1418 ita
1181 1365 1246 1418 ad
1275 1379 1398 1418 eum
1439 1361 1730 1419 clamabat.
1763 1360 1942 1429 Quare
1968 1371 2021 1417 et

451 1456 681 1512 ﬁdenter
711 1456 792 1510 ait
823 1455 1129 1522 :Quoniam
1157 1454 1278 1510 talis
1312 1470 1456 1519 sum,
1505 1463 1559 1510 et
1603 1453 1675 1508 ita
1705 1452 1903 1517 clamo,
1939 1464 2023 1506 at-

449 1549 613 1603 tende
639 1548 758 1602 voci
792 1562 928 1603 mea:
955 1549 1081 1602 dum
1111 1546 1178 1600 ad
1217 1557 1268 1601 te
1295 1545 1491 1601 clamo.
1539 1543 1749 1616 Quippe
1779 1545 1874 1615 qui
1921 1559 2020 1614 pu~

449 1655 566 1694 ram
603 1640 776 1695 habeo
803 1654 912 1693 non
940 1649 1176 1693 mentem
1203 1637 1596 1702 tantummodo,
1637 1635 1732 1690 sed
1759 1645 1814 1690 et
1842 1634 2018 1690 labto-

2051 453 2098 508 A

2690 443 2980 498 ΨΑΛΜΟΣ
3013 443 3146 496 PM'.

2211 536 2543 602 Ἀκολούθως
2577 536 2656 608 τῷ
2687 538 2980 608 προάγοντι
3015 533 3214 607 ψαλμῷ
3235 534 3330 589 καὶ
3345 526 3500 599 οὗτος
3526 535 3693 604 ἐπιγέ-

2126 645 2368 700 γραπται
2389 647 2403 660 ·
2438 629 2554 682 ἐστι
2577 629 2641 682 δὲ
2666 628 2762 682 τοῦ
2791 630 2976 694 Δαυῖδ,
3007 629 3102 683 καὶ
3125 626 3224 700 τὴν
3257 628 3429 698 αὐτὴν
3467 627 3580 700 ἔχει
3613 628 3701 700 τῆς

2125 711 2435 794 προσεύχῆς
2463 722 2710 793 δύναμιν.
2749 722 2904 793 Ἔχει
2923 721 2980 774 δέ
3010 739 3062 774 τι
3080 720 3244 774 πλέον
3278 715 3433 784 οὗτος
3459 720 3695 791 δογματιρ

2125 815 2267 869 κώτε
2277 833 2365 887 ρος
2385 816 2482 882 ὢν,
2511 817 2604 870 καὶ
2625 815 2846 869 πλείονα
2863 817 2958 870 καὶ
2983 814 3382 886 ὠφελιμώτερα
3397 813 3484 869 διὰ
3503 815 3602 886 τῆς
3616 815 3702 886 ἀρ-

2124 907 2227 978 χῆς
2249 907 2540 963 παιδεύων·
2563 910 2658 974 καὶ
2675 909 2858 981 φησίν·
2887 907 3234 976 Ἐκέκραξον
3253 907 3312 961 ού
3328 907 3544 970 πάντως
3559 907 3703 980 φωνῇ

2124 1001 2339 1073 μεγάλῃ
2371 1001 2464 1056 καὶ
2498 1000 2593 1074 βοῇ
2631 1000 2933 1072 κεχρῆσθαι
2965 1001 3126 1054 αὐτὸν
3155 1001 3423 1072 προσήκει
3465 999 3705 1071 ὑπολαμο

2125 1091 2332 1146 δάνειν·
2379 1093 2473 1148 καὶ
2501 1092 2828 1147 σιωπώντων
2855 1091 2961 1164 γὰρ
2989 1091 3176 1146 ἀκούει
3206 1094 3234 1146 ό
3259 1091 3391 1156 Θεός
3413 1108 3426 1121 ·
3448 1091 3598 1144 οὕτω
3617 1091 3705 1146 καὶ

2123 1183 2332 1258 Μωϋσῇ
2361 1185 2577 1256 λέγεται
2609 1185 2890 1258 εἰρηκέναι
2914 1201 2928 1215 ·
2971 1186 3033 1239 Τί
3051 1181 3210 1251 ,βοᾷς
3244 1183 3396 1252 πρὸς
3417 1181 3534 1253 μέ;
3571 1183 3704 1237 Ἀλλ’

2121 1277 2151 1330 ὁ
2178 1277 2390 1347 μεγάλα
2419 1277 2665 1349 δόγματα
2695 1278 2822 1350 περὶ
2865 1275 3001 1331 Θεοῦ
3048 1276 3406 1348 κεκτημένος,
3439 1275 3705 1348 ὑπερϐαλ-

2121 1370 2290 1443 λούσῃ
2315 1386 2376 1423 τε
2401 1369 2639 1424 διαθέσει
2659 1369 2753 1422 καὶ
2777 1368 2958 1422 πίστει
2993 1366 3161 1422 αἰτῶν
3181 1385 3235 1420 τι
3262 1367 3412 1438 παρὰ
3438 1365 3534 1420 τοῦ
3550 1365 3703 1432 Θεοῦ,

2121 1459 2294 1524 οὕτως
2334 1457 2599 1532 ἐκίκραξε
2639 1459 2774 1531 πρὸς
2809 1459 2970 1513 αὐτόν
2989 1475 3003 1488 ·
3038 1457 3118 1512 διὸ
3145 1458 3242 1512 καὶ
3268 1457 3483 1531 θαρσῶν
3506 1476 3668 1531 φησιν
3688 1476 3702 1490 ·

2122 1551 2341 1625 Ἐπειδὴ
2378 1551 2619 1618 τοιοῦτός
2657 1555 2794 1624 εἰμι,
2828 1552 2922 1606 καὶ
2954 1551 3178 1606 τοιαῦτα
3212 1551 3340 1623 βοῶ,
3370 1553 3614 1624 πρόσχες
3642 1554 3705 1624 τῇ

2121 1647 2270 1716 φωνῇ
2315 1662 2416 1715 μου
2457 1646 2516 1700 ἐν
2540 1643 2618 1716 τῷ
2655 1645 2990 1717 κεκραγέναι
3025 1662 3094 1717 με
3129 1645 3266 1718 πρὸς
3303 1644 3398 1698 σέ·
3429 1645 3506 1709 ὡς
3541 1645 3706 1699 καθα-

447 1745 569 1783 rum
590 1744 779 1785 vocem
822 1743 852 1782 a
898 1727 1198 1792 mendacio,
1242 1727 1480 1798 periurio
1506 1735 1561 1782 et
1601 1725 1868 1786 convicio.
1921 1723 2019 1782 His

2135 1737 2225 1808 ρὰν
2255 1737 2394 1808 ἔχων
2421 1738 2482 1791 ού
2537 1738 2696 1808 μόνον
2728 1738 2830 1810 τὴν
2858 1738 3118 1804 διάνοιαν,
3171 1738 3306 1792 ἀλλὰ
3356 1739 3452 1791 καὶ
3490 1736 3591 1810 τὴν
3625 1736 3708 1792 διὰ

422 1824 612 1877 etiam
643 1831 1036 1892 consequenter
1066 1821 1252 1875 addit:

1262 1890 1297 1912 ι

451 2007 610 2064 Vens.
665 2007 722 2064 2.
785 2006 1022 2062 Elevatio
1090 2021 1339 2085 manuum
1373 2019 1640 2059 .ntearum
1705 2002 2026 2072 sacriﬁcium

1056 2088 1418 2145 vespertinum.

515 2170 629 2226 Hoc
661 2169 924 2241 intelliges
957 2183 1023 2224 ex
1049 2168 1192 2222 dicto
1219 2167 1462 2238 Apostoli
1489 2187 1502 2223 :
1544 2165 1677 2222 Volo
1709 2167 1846 2220 viros
1871 2178 2025 2219 orare

443 2267 672 2314 levantes
708 2274 874 2328 puras
917 2273 1129 2320 manus,
1187 2258 1302 2312 sine
1359 2257 1442 2310 ira
1485 2266 1535 2310 et
1576 2254 2022 2310 murmurationi—

444 2353 538 2404 bus
571 2349 616 2382 ⁸⁸
651 2367 666 2404 :
699 2364 934 2420 namque
958 2359 1013 2403 et
1037 2349 1127 2404 ille
1155 2357 1262 2402 tam
1297 2349 1687 2418 cogitationum
1719 2347 1848 2402 facit
1872 2361 2023 2402 men-

445 2441 645 2495 tionem
686 2455 850 2510 quam
898 2450 1144 2494 actuum.
1208 2439 1405 2494 Verum
1462 2439 1611 2509 impii
1673 2426 2019 2508 nequaquam

445 2546 636 2586 manus
656 2529 964 2586 sustollant.
983 2530 1106 2584 Ideo
1136 2530 1340 2584 dictum
1371 2538 1452 2584 est
1477 2529 1582 2584 illis
1613 2547 1626 2584 :
1656 2528 1789 2584 Cum
1833 2544 2021 2582 manus

443 2634 638 2678 vestras
665 2623 733 2677 ad
770 2640 850 2676 me
875 2623 1185 2687 exleudetis,
1217 2622 1408 2692 faciem
1434 2637 1605 2677 meam
1634 2631 1667 2675 a
1706 2623 1846 2675 vobis
1874 2636 2022 2674 aver-

442 2727 550 2770 tam
595 2717 662 2768 ⁸⁸.
706 2717 931 2786 Oportet
978 2730 1110 2770 vero
1159 2715 1212 2768 in
1265 2714 1432 2768 altum
1484 2727 1637 2769 aetus
1695 2713 2019 2780 sustollere,

443 2813 604 2875 atque
623 2818 718 2861 eos
735 2814 896 2876 prout
925 2805 1033 2860 Deo
1066 2804 1326 2874 placuerit
1351 2804 1630 2874 perlicere.

449 3083 611 3142 Vsus.
631 3085 687 3140 ι.
719 3081 801 3137 Ne
827 3082 1052 3136 declines
1082 3095 1174 3133 cor
1192 3093 1364 3132 meum
1389 3075 1459 3130 ad
1487 3073 1708 3130 malitiae
1731 3090 2014 3138 sermones,

623 3158 690 3210 ad
725 3152 1052 3210 excusandas
1096 3148 1461 3204 excusationes
1500 3147 1555 3200 in
1594 3147 1838 3216 peccatis.

519 3319 597 3374 Ne
618 3313 858 3373 subverti
893 3311 1040 3368 sinas
1073 3317 1234 3379 atque
1282 3308 1337 3363 in
1381 3304 1714 3363 contrarium
1766 3302 2019 3359 inclinari

446 3413 702 3468 donatam
737 3411 904 3462 semel
949 3420 980 3461 a
1029 3413 1082 3459 te
1116 3401 1248 3458 mihi
1279 3410 1541 3455 mentem.
1584 3395 1712 3464 Pro,
1755 3396 1824 3449 ad
1862 3411 2023 3450 excu-

445 3502 641 3561 sandas
669 3499 1032 3555 excusationes
1060 3496 1118 3550 in
1152 3491 1398 3562 peccatis,
1437 3488 1803 3562 Symmachus
1830 3487 2023 3553 edidit,

448 3594 518 3647 ad
546 3590 852 3663 cogitandus
878 3589 1086 3660 iniquas
1127 3583 1494 3657 cogitationes,
1535 3579 1736 3637 clarius
1772 3580 2022 3650 equidem

445 3684 700 3742 dictionis
726 3692 962 3739 mentem
1006 3679 1336 3750 exprimens.
1377 3675 1582 3732 Deinde
1617 3668 1909 3730 Psalmista
1958 3672 2024 3726 ad

445 3779 657 3852 praxim
690 3775 984 3832 revertitur
1025 3773 1238 3838 dicens,
1269 3785 1390 3825 cum
1426 3769 1726 3824 hominibus
1755 3766 2026 3837 aperanti--

447 3872 544 3924 bus
574 3868 931 3938 iniquitatem,
983 3873 1031 3920 et
1077 3879 1184 3917 non
1234 3861 1540 3916 combinabo
1584 3875 1707 3914 cum
1733 3857 1908 3914 electis
1938 3873 2028 3912 co-

443 3975 588 4012 rum.
619 3955 725 4011 Pro
755 3971 861 4025 quo
890 3967 1082 4009 rursus
1107 3950 1469 4022 Symmachus
1505 3947 1708 4004 clarius
1757 3948 2028 4016 interpre-

448 4061 594 4105 tatus
654 4058 740 4106 est
797 4047 986 4102 dicens
1037 4063 1052 4099 :
1113 4042 1247 4098 Cum
1303 4042 1604 4096 hominibus
1685 4039 2028 4110 operantibus

446 4143 812 4213 iniquitatem,
865 4156 928 4193 ne
975 4137 1218 4191 dulcibus
1283 4135 1496 4205 quidem
1546 4135 1782 4204 ipsorum
1837 4149 2027 4187 conve-

448 4251 588 4290 scar.
637 4231 762 4287 Non
799 4247 910 4298 ero,
963 4228 1159 4299 inquit,
1210 4241 1328 4280 cum
1375 4225 1514 4290 istis,
1563 4227 1610 4280 si
1648 4235 1726 4292 tu,
1782 4223 2027 4289 Domine,

448 4327 748 4382 custodiam
799 4324 880 4376 ori
933 4335 1044 4374 meo
1087 4320 1349 4388 posueris,
1391 4327 1439 4372 et
1485 4325 1845 4386 prazparatum
1901 4314 2030 4368 mihi

447 4423 754 4474 thesaurum
788 4413 1192 4468 conservaueris.
1232 4410 1398 4465 Electi
1446 4424 1609 4478 porro
1657 4422 1874 4472 eorum,
1905 4421 2029 4461 cre-

2125 1828 2231 1883 τῶν
2251 1829 2472 1900 χειλέων
2494 1830 2676 1901 φωνὴν
2700 1830 2808 1883 ἀπὸ
2832 1829 3082 1900 ψεύδους,
3110 1829 3394 1903 ἐπιορκίας
3408 1847 3467 1883 τε
3495 1829 3592 1884 καὶ
3613 1830 3707 1884 λοι-

2124 1921 2330 1995 δορίας.
2359 1917 2455 1986 Οἷς
2473 1922 2569 1976 κα)⁸
2589 1921 2904 1987 ἀκολούθως
2931 1923 3212 1996 ἐπήγαγεν
3223 1938 3247 1984 :

2235 2015 2526 2085 Ἔπαρσις
2552 2013 2668 2068 τῶν
2695 2013 2909 2085 χειρῶν
2946 2033 3069 2086 μου
3095 2015 3278 2070 θυσία
3305 2012 3618 2085 ἐσπερινή.

2192 2175 2426 2246 Νοήσεις
2455 2173 2512 2228 δὲ
2555 2171 2714 2226 τοῦτο
2750 2173 2860 2227 ἀπὸ
2895 2170 2991 2226 τοῦ
3029 2172 3206 2242 λέγειν
3243 2172 3334 2227 τὸν
3368 2171 3708 2227 Ἀπόστολον·

2125 2267 2426 2335 Βούλομαι
2458 2263 2599 2329 τοὺς
2637 2263 2861 2334 ἄνδρας
2889 2265 3330 2334 προσεύχεσθαι
3360 2265 3714 2334 ἐπαίροντας

2125 2359 2338 2424 ὁσίους
2387 2356 2610 2427 χεῖρας,
2657 2357 2835 2426 χωρὶς
2880 2355 3061 2426 ὀργῆς
3098 2356 3197 2411 καὶ
3229 2355 3710 2427 διαγογτυσμῶν·

2125 2453 2377 2514 κάκεῖνος
2405 2451 2515 2521 γὰρ
2537 2448 2675 2519 ὁμοῦ
2702 2450 2795 2502 καὶ
2821 2449 2928 2502 τῶν
2961 2449 3102 2503 κατὰ
3122 2449 3359 2504 διάνοιαν
3382 2449 3716 2521 ἐμνημόνευ-

2126 2561 2208 2609 σε,
2240 2543 2336 2597 καὶ
2379 2541 2490 2595 τῶν
2517 2541 2660 2595 κατὰ
2713 2541 2913 2613 πρᾶξιν
2939 2558 2952 2571 ·
3006 2544 3057 2594 οἱ
3100 2541 3156 2596 δὲ
3193 2541 3410 2606 ἀσεϐεῖς
3456 2542 3716 2595 οὐδέποτε

2101 2639 2308 2710 χεῖρας
2351 2633 2671 2704 ἐπαίρουσι·
2729 2633 2810 2686 διὸ
2861 2632 3108 2687 λέλεκται
3153 2634 3291 2706 πρὸς
3334 2633 3550 2698 αύτούς·
3587 2632 3716 2690 ’στ’

2124 2729 2202 2783 ἂν
2223 2727 2332 2792 τὰς
2371 2727 2574 2798 χεῖρας
2609 2726 2912 2794 ὲκτείνητε
2940 2725 3090 2795 πρὸς
3122 2726 3221 2796 μὲ,
3258 2727 3620 2797 ἀποστρέψαι
3649 2727 3716 2781 τὸ

2123 2822 2454 2890 πρόσωπόν
2479 2837 2599 2890 μου
2626 2819 2728 2889 ἀφ’
2756 2817 2925 2889 ὑμῶν
2945 2835 2959 2849 ·
3004 2818 3254 2890 ἐπαίρειν
3276 2819 3334 2872 δὲ
3367 2819 3448 2872 δεῖ
3479 2821 3559 2884 είς
3585 2813 3741 2889 ὕψος

2122 2911 2222 2974 τὰς
2251 2911 2499 2982 πράξεις,
2533 2912 2628 2964 καὶ
2672 2909 3015 2982 ἀρεσκόντως
3052 2909 3221 2974 αὐτὰς
3255 2910 3332 2982 τῷ
3377 2910 3497 2984 Θεῷ
3538 2913 3721 2966 ἐπιτε-

2123 3003 2256 3058 λεῖν.

2125 3095 2220 3162 Μὴ
2259 3095 2555 3164 ἐκκλίνῃς
2597 3093 2711 3162 τὴν
2750 3094 3001 3165 καρδίαν
3041 3112 3162 3164 μου
3208 3096 3295 3165 εἷς
3342 3096 3567 3165 λόγους
3610 3109 3722 3149 πό-

2045 3147 2090 3208 C
2126 3147 2560 3236 magna
2589 3147 3061 3235 έτροεεαέὶζὲσθαῖ
3076 3147 3513 3235 speciest,»
3540 3147 3723 3237 apag»

2191 3239 2364 3302 τίαις.

2193 3331 2285 3402 Μὴ
2317 3331 2678 3403 συγχωρήσῃς
2707 3328 3140 3400 παρατραπῆναι
3190 3330 3286 3383 καὶ
3313 3328 3724 3402 παρακλιθῆναι

2125 3422 2205 3486 εἰς
2239 3422 2301 3476 τὸ
2341 3423 2583 3478 ἐναντίον
2603 3411 2705 3495 ἑὴν
2748 3421 2896 3486 ἅπαξ
2937 3421 3127 3486 ἁπλῶς
3176 3421 3725 3476 κατασκευασθεῖσαν

2129 3530 2230 3585 μου
2269 3513 2506 3570 διάνοιαν
2531 3533 2545 3546 ·
2595 3516 2718 3570 ἀντὶ
2751 3516 2807 3569 δὲ
2835 3514 2949 3579 τοῦ,
2983 3513 3451 3584 προφασίζεσθαι
3491 3515 3726 3584 προφά-

2126 3621 2258 3672 σεις
2288 3607 2360 3659 ἐν
2403 3606 2730 3677 ἁμαρτίαις,
2779 3609 2808 3660 ό
2849 3605 3166 3678 Σύμμαχος,
3204 3606 3438 3660 ἐννοεῖν
3481 3605 3728 3668 ἐννοίας

2127 3699 2512 3768 παρανόμους
2547 3698 2809 3766 ἐξέδωκε,
2853 3698 3185 3768 σαφέστερον
3230 3697 3579 3769 ἑρμηνεύσας
3622 3695 3726 3768 τὴν

2116 3789 2363 3863 ’θεωρίαν
2411 3789 2505 3844 τοῦ
2551 3789 2730 3858 λόγου.
2767 3786 2900 3841 Εἶτα
2951 3788 3113 3842 πάλιν
3151 3788 3467 3859 μεταϐαίνει
3518 3788 3616 3841 ἐπὶ
3663 3786 3726 3839 τὸ

2129 3880 2434 3953 πρακτικὸν
2477 3880 2723 3949 φάσκων,
2767 3879 2891 3933 σὺν
2935 3877 3267 3949 ἀνθρώποις
3307 3877 3725 3948 ἐργαζομένοις

2128 3971 2244 4040 τὴν
2272 3971 2545 4040 ἀνομίαν,
2566 3971 2665 4024 καὶ
2687 3973 2758 4025 οὺ
2779 3971 2865 4041 μὴ
2888 3970 3220 4025 συνδυάσω
3240 3971 3392 4041 μετὰ
3411 3969 3532 4024 τῶν
3547 3971 3725 4026 ἐκλε-

2129 4061 2291 4115 κτῶν
2323 4058 2542 4116 αὐτῶν.
2598 4060 2738 4114 Ἀνθ’
2767 4056 2827 4115 οὗ
2861 4060 3021 4114 πάλιν
3061 4063 3090 4114 ό
3120 4061 3415 4132 Σύμμαχος
3450 4061 3723 4131 σαφέστε-

2134 4172 2223 4226 ρον
2263 4155 2606 4227 ήρμήνευσεν
2643 4154 2835 4220 εἰπὼν,
2876 4155 3002 4209 Σὺν
3046 4155 3380 4226 ἀνθρώποις
3411 4154 3727 4225 ἐργαζομέ-

2129 4266 2260 4314 νοις
2295 4247 2552 4312 ἀδικίαν,
2586 4247 2743 4317 μηδὲ
2779 4247 3146 4319 συμφάγοιμι
3187 4247 3262 4303 τὰ
3299 4246 3449 4314 ἡδέα
3495 4245 3726 4302 αὐτῶν.

2135 4340 2259 4392 Οὐκ
2293 4339 2506 4408 ἔσομαι
2537 4339 2668 4409 γὰρ,
2695 4339 2881 4410 φησὶν,
2905 4339 3026 4410 ἅμα
3053 4340 3306 4406 τούτοις,
3327 4339 3437 4392 ἐὰν
3466 4337 3573 4404 σὺ,
3605 4339 3726 4393 Κύ-

2124 4446 2243 4498 ριε,
2287 4428 2573 4498 φυλακὴν
2596 4427 2677 4495 τῷ
2698 4431 2950 4499 στόματι
2973 4431 3156 4498 θείης,
3181 4430 3277 4484 καὶ
3305 4428 3412 4482 τὸν
3425 4443 3731 4499 προκατα-

449 4507 610 4562 tlendi
640 4514 768 4562 sunt
799 4505 874 4559 illi
915 4503 1007 4572 qui
1045 4501 1312 4556 malorum
1360 4507 1578 4554 actuum
1622 4513 1848 4554 suorum
1887 4512 2025 4566 prm-

2135 4496 2549 4574 σκευασθέντα
2569 4537 2673 4590 μοι
2694 4496 3004 4589 θησαυρόν
3025 4496 3414 4588 διατηρήσῃς.
3447 4496 3729 4572 Ἐκλέκτοὶ

452 4612 632 4656 textus
653 4607 926 4669 quaerunt,
951 4596 1043 4665 qui
1075 4594 1289 4666 pejores
1313 4600 1441 4649 sunt
1463 4593 1568 4648 illis
1600 4593 1691 4662 qui
1731 4591 1851 4647 sine
1893 4606 2032 4662 prte-

454 4701 606 4750 textu
629 4691 915 4764 palamque
939 4698 1189 4759 peccant.

457 4911 620 4966 Vens.
659 4908 711 4963 6.
756 4907 1002 4976 Absorpti
1045 4914 1165 4958 sunt
1179 4904 1348 4972 junctt
1384 4912 1547 4974 petra:
1582 4900 1790 4972 judices
1829 4917 2028 4955 eorum.

528 5000 884 5073 Symmachus
913 5008 1093 5053 autem
1127 5020 1138 5052 :
1171 4996 1357 5050 Adhuc
1389 4996 1530 5049 enim
1553 4995 1724 5047 oratio
1753 5009 1867 5046 mea
1887 4993 2036 5045 intra

455 5092 715 5164 nequitias
741 5091 955 5144 illorum
989 5103 1007 5140 :
1049 5086 1330 5142 evellentur
1359 5095 1520 5154 petra:
1560 5083 1801 5138 manibus
1825 5081 2034 5150 judices

447 5201 636 5239 eorum
664 5199 684 5236 :
709 5166 925 5236 audient
959 5181 1114 5234 verba
1149 5194 1264 5232 mea
1306 5175 1632 5231 dulcissima.
1680 5173 1853 5229 Sicuti
1891 5173 2036 5243 agri-

454 5275 572 5329 cola
617 5291 734 5327 cum
781 5284 976 5326 terram
1025 5271 1244 5341 Irangit,
1303 5270 1375 5323 ita
1403 5286 1527 5323 ossa
1567 5277 1738 5323 vestra
1777 5269 2036 5336 dissipata

2131 4613 2189 4667 δὲ
2211 4612 2415 4667 τούτων
2439 4607 2548 4666 εἷεν
2573 4614 2624 4666 οἱ
2651 4614 3016 4684 σκηπτόμενοι
3045 4612 3348 4683 προφάσεις
3373 4612 3459 4680 ἐφ’
3479 4603 3563 4675 οἷς
3587 4611 3732 4684 δρῶ-

2135 4723 2188 4759 σι
2222 4705 2436 4770 κακῶς·
2474 4707 2734 4778 χειρόνων
2761 4705 2929 4778 ὄντων
2959 4705 3068 4760 τῶν
3095 4705 3222 4759 ἄνευ
3251 4704 3602 4776 προφάσεως,
3636 4704 3732 4758 καὶ

2134 4801 2591 4866 ἀνεπικαλύπτως
2619 4800 2984 4873 άνομούντων.

2133 4895 2570 4962 Κατεπόθησαν
2606 4895 2865 4964 ἐχόμενα
2914 4891 3135 4962 πέτρας
3171 4893 3226 4946 οἱ
3257 4890 3450 4964 κριταὶ
3499 4889 3730 4945 αὐτῶν.

2214 4993 2272 5048 '0
2303 4993 2360 5047 δὲ
2391 4993 2715 5064 Σύμμαχος·
2756 4995 2880 5048 Ἔτι
2924 4993 3034 5064 γὰρ
3060 4989 3160 5045 καὶ
3195 4989 3234 5057 ἡ
3255 4986 3568 5059 προσευχὴ
3605 5007 3734 5058 μου

2131 5077 2304 5144 ἐντός
2325 5077 2444 5132 τῶν
2481 5076 2709 5132 κακιῶν
2743 5076 2942 5132 αὐτῶν
2963 5093 2976 5106 ·
3001 5073 3429 5142 ἐκτιλήσονται
3449 5071 3519 5125 ἐν
3553 5071 3734 5142 χερσὶ

2132 5174 2354 5242 πέτρας
2387 5173 2441 5226 οὶ
2477 5170 2670 5255 κροιταὶ
2694 5169 2938 5234 αὐτῶν·
2969 5169 3334 5224 ἀκούσονται
3365 5165 3585 5234 ῥήσεις
3609 5184 3735 5235 μου

2131 5261 2389 5330 ἡδίστας
2411 5278 2425 5293 ·
2449 5259 2653 5330 ὥσπερ
2673 5260 2928 5329 γεωργὸς
2959 5259 3055 5313 ὅτ’
3077 5257 3153 5312 ἂν
3181 5257 3394 5326 ρήσσῃ
3433 5255 3553 5324 τὴν
3583 5256 3734 5327 τῆν,

452 5373 572 5420 sunt
607 5380 752 5417 secus
785 5362 1008 5430 inferos.
1041 5359 1197 5416 Nunc
1239 5375 1368 5415 vero
1403 5359 1666 5415 rationem
1701 5358 1904 5424 reddit,
1933 5372 2025 5413 cur

2137 5355 2218 5420 ὡς
2263 5353 2638 5424 ἐσκορπίσθη
2680 5350 2848 5422 ὑμῶν
2881 5351 2955 5406 τὰ
2996 5349 3148 5406 ὀστᾶ
3189 5348 3348 5423 παρὰ
3391 5348 3495 5402 τόν
3544 5347 3732 5416 ᾅδην.

453 5471 576 5511 cum
615 5456 996 5524 peccatoribus
1037 5468 1143 5508 non
1192 5453 1467 5509 combinet
1499 5471 1512 5506 :
1546 5450 1742 5508 suiﬁcit
1777 5450 1922 5506 enim
1964 5449 2025 5504 il-

2139 5447 2251 5519 Τὴν
2281 5446 2460 5508 αἰτίαν
2488 5445 2546 5500 δέ
2569 5444 2664 5499 νῦν
2698 5444 2892 5514 ἐπάγει
2932 5442 3026 5498 τοῦ
3063 5443 3139 5515 μὴ
3185 5440 3500 5505 συνδυάξειν
3544 5440 3737 5510 ἁμαρ-

455 5532 630 5603 lorum
657 5547 895 5602 societas
926 5547 990 5599 ad
1024 5545 1260 5600 animam
1299 5559 1479 5598 meam
1518 5543 1911 5615 dissipandam,
1940 5551 2025 5596 at-

2136 5539 2356 5604 τωλοῖς·
2389 5537 2550 5609 ἱκανὴ
2580 5536 2689 5608 γὰρ
2720 5536 2900 5590 αὐτῶν
2929 5535 3258 5609 ὴκοινωνία,
3290 5533 3445 5605 φησὶ,
3470 5531 3739 5602 διασκορ-

455 5654 562 5715 que
584 5639 651 5695 ad
687 5640 925 5709 ipsorum
962 5639 1260 5708 nequitiam
1305 5636 1436 5691 mihi
1478 5635 1880 5692 insinuandam.
1905 5633 2025 5690 Jatn

2138 5635 2296 5690 πίσαι
2329 5649 2430 5707 μου
2464 5631 2562 5702 τὴν
2601 5629 2801 5703 ψυχὴν,
2837 5631 2932 5684 καὶ
2965 5626 3076 5684 τῶν
3114 5626 3324 5682 κακιῶν
3356 5623 3537 5681 αὐτῶν
3579 5624 3740 5680 ἔνδον

527 5829 573 5861 ⁸⁸
614 5823 1004 5891 Exod.xtv,l5.
1081 5820 1169 5876 "l
1209 5821 1348 5878 Tim.
1373 5837 1440 5890 tt,
1468 5820 1519 5875 8.
1596 5819 1779 5894 _“lsn.
1815 5836 1850 5887 t,
1882 5817 1966 5875 l5.
