3850 6210
234 290 299 345 45
1354 307 1858 371 COMMENTARIA
1896 318 1965 374 IN
2004 320 2341 382 PSALMOS.

229 501 420 555 εαυτῶν
442 502 710 576 ἄρχοντας
734 510 828 563 καὶ
852 513 1042 584 κριτὰς
1067 515 1216 570 ἴδωσι
1236 525 1699 594 κατασπωμένους
1732 529 1798 580 ὲκ

227 589 401 749 ἕξιν,
448 593 639 668 ὥσπερ
671 599 1121 674 ἀποτιλλομένους
1161 607 1386 682 δυνάμει
1431 589 1524 668 cod
1575 617 1796 689 στερεοῦ

339 701 392 739 υ.
1719 723 1726 729 “

503 777 601 846 Μὴ
635 780 976 853 ἀντανέλης
1000 788 1116 857 τὴν
1139 792 1354 862 ψυχήν
1369 813 1511 864 μου.

293 864 346 918 '0
365 867 662 941 Σύμμαχος
678 875 802 928 ἀντὶ
821 875 936 941 τοῦ,
960 881 1071 935 οὐκ
1091 882 1442 956 ἀντανέλης,
1462 889 1550 959 μὴ
1581 892 1795 950 ἀποκε-
1875 917 1878 922 ·

219 954 424 1026 νώσῃς,
441 961 717 1030 τουτέστι,
746 966 821 1036 μὴ
853 974 1212 1046 συγχωρήσῃς
1236 976 1328 1030 τὸν
1343 954 1701 1054 ἀποκείμενον
1727 989 1787 1041 ὲν

503 1071 604 1124 μου
641 1056 844 1125 ἀγαθὸν
878 1059 1148 1135 θησαυρὸν
1179 1050 1620 1145 ἁποκενωθῆναι·
1666 1078 1788 1133 τότε

214 1141 313 1212 γὰρ
337 1143 561 1212 ἀφόσως
595 1148 990 1222 ἀπελεύσομαι,
1035 1157 1219 1229 φησὶν,
1263 1160 1344 1213 ὅτ’
1378 1161 1445 1216 ἂν
1475 1141 1790 1238 ἁμαρτωλοὶ

213 1236 312 1296 τοῖς
334 1235 546 1289 ἑαυτῶν
575 1243 925 1313 περιπαρῶσι
955 1245 1216 1314 δικτύοις.
1522 1235 1525 1236 ν
1598 1235 1608 1238 ⁷
1754 1278 1764 1300 ,π

729 1320 1021 1390 ΨΑΚΜυΣ
1059 1339 1237 1396 PMA'.

210 1417 508 1485 Συνέσεως
529 1419 610 1487 τῷ
631 1424 834 1512 Δαυῖδ,
849 1427 919 1480 ἐν
937 1427 1018 1494 τῷ
1036 1427 1188 1486 εἶναι
1206 1435 1395 1512 αὑτὸν
1417 1438 1486 1492 ἐν
1514 1438 1595 1506 τῷ
1630 1455 1787 1512 σπη-

728 1497 899 1573 λαίῳ,
939 1505 1250 1573 προσευχή
1261 1543 1273 1557 .

271 1577 420 1632 Καὶό
449 1589 540 1647 νς¹
571 1571 764 1654 ὁμοίαν
806 1586 917 1658 ἔχει
955 1591 1054 1662 τὴν
1097 1571 1408 1669 ἐπιγραφὴν
1438 1599 1613 1666 οὕτως
1636 1619 1649 1632 ·
1682 1603 1784 1669 Εἰς

208 1669 263 1722 τὸ
284 1671 477 1740 τέλος,
501 1675 590 1745 μὴ
613 1676 981 1750 διαφθείρῃς,
1013 1683 1094 1750 τῷ
1129 1688 1313 1742 Δαυῖδ
1343 1693 1430 1754 εἰς
1453 1698 1783 1764 στηλογρα-

1901 531 2049 600 cipes
2086 532 2407 606 judicesque
2474 543 2740 600 radicitus
2807 552 3136 620 exstirpatos
3205 531 3468 629 cernant,

1899 623 2112 682 evulsos
2141 626 2300 683 veluti
2329 631 2485 689 fortis
2513 634 2662 690 verbi
2686 637 2901 694 virtute.

2132 803 2295 860 Vens.
2329 804 2384 860 8.
2417 805 2501 861 Ne
2526 811 2739 880 auferas
2769 815 2998 870 animam
3028 833 3214 875 meam.

1965 889 2324 963 Symmachus
2351 914 2452 969 pro
2489 901 2702 971 auferas
2724 905 2880 974 dicit,
2920 923 2983 961 ne
3007 925 3242 978 evacues,
3273 911 3328 969 id
3356 921 3463 982 est,

1891 998 1963 1039 ne
1989 985 2138 1040 sinas
2165 989 2458 1056 repositum
2493 991 2544 1046 in
2582 993 2760 1049 anima
2801 1011 2916 1050 mea
2975 999 3286 1055 thesaurum
3333 1017 3464 1060 eva-

1892 1076 2066 1130 cuari.
2091 1077 2247 1134 Tunc
2285 1081 2428 1134 enim
2460 1097 2707 1153 securus,
2742 1086 2934 1156 inquit,
2972 1089 3154 1158 abibo,
3191 1107 3314 1147 cum
3348 1096 3462 1152 suis

1892 1166 2024 1237 ipsis
2061 1182 2380 1240 peccatores
2411 1176 2832 1248 implicabantur
2857 1181 3083 1238 retibus.

2403 1350 2723 1412 PSALMUS
2761 1357 2938 1414 CXLI.

1889 1439 2052 1496 Vens.
2092 1441 2144 1496 1.
2180 1440 2480 1501 Intellectus
2520 1447 2727 1532 Davidi,
2778 1468 2896 1505 cum
2922 1463 3055 1508 esset
3090 1453 3144 1508 in
3170 1455 3457 1526 spelunca;

2573 1533 2762 1574 οηιιιο.

1955 1600 2197 1660 Similem
2261 1606 2388 1661 huic
2441 1609 2923 1681 quinquagesimus
2993 1627 3208 1685 quoque
3269 1627 3456 1676 sextus

1883 1695 2122 1761 psalmus
2149 1697 2360 1752 titulum
2413 1701 2593 1765 habet,
2643 1718 2881 1773 nempe:
2934 1703 3002 1760 In
3041 1709 3225 1775 ﬁnem,
3255 1727 3316 1765 ne
3345 1728 3457 1767 cor-

203 1760 355 1827 ρίσν,
384 1763 461 1816 ἐν
487 1764 569 1830 τῷ
593 1767 783 1821 αὐτὸν
809 1771 1276 1843 ἀποδιδράσκειν
1304 1779 1421 1832 ἀπὸ
1452 1760 1765 1850 προσώπω,

1882 1760 2120 1854 rumpas.
2163 1789 2353 1844 Davidi
2377 1793 2433 1846 in
2458 1793 2602 1847 tituli
2632 1795 3048 1865 inscriptionem,
3092 1815 3210 1852 cum
3253 1818 3286 1855 a
3315 1802 3455 1871 facie

202 1855 384 1910 Σαοὺλ
411 1863 506 1922 εις
541 1859 607 1912 τὸ
635 1861 964 1929 σπήλαιον.
1001 1868 1189 1922 Κεῖται
1226 1869 1282 1922 δὲ
1311 1872 1343 1942 ή
1378 1874 1586 1944 ἱστορία
1618 1877 1677 1928 ὲν
1706 1879 1773 1948 τῇ

406 1949 520 2003 τῶν
565 1951 890 2007 Βασιλειῶνο
935 1957 1047 2009 Kal
1083 1958 1266 2028 ἀνέϐη
1309 1961 1490 2016 Δαυῒδ
1525 1945 1773 2031 ἐκεῖθεν,

199 2039 285 2092 καὶ
313 2039 599 2097 ἐκάθισεν
620 2045 691 2098 ὲν
720 2046 847 2112 τοῖς
871 2050 1202 2116 σπηλαίοις
1225 2052 1352 2118 τοῖς
1385 2055 1625 2125 ὀχυροῖς
1656 2057 1777 2128 Ἐγ-

197 2131 356 2199 ταόδί
371 2150 388 2166 ⁸
414 2135 519 2188 καὶ
545 2136 782 2206 ἐγένετο
803 2140 885 2204 ὡς
915 2141 1251 2212 ἐπέστρεψε
1284 2146 1485 2200 Σαοὺλ
1527 2148 1776 2203 ὄπισθεν

197 2224 302 2278 τῶν
326 2228 721 2299 ἀλλοφύλων·
753 2235 852 2288 καὶ
878 2235 1246 2307 ἀνήγγειλαν
1277 2241 1439 2308 αὐτῷ
1461 2244 1768 2315 λέγοντες,

207 2316 337 2372 Ἰδοὺ
365 2322 556 2375 Δαυῒδ
580 2325 651 2377 ἐν
679 2325 757 2395 τῇ
785 2327 981 2398 ἐρήμῳ
1015 2332 1303 2402 Ἐγγιαδδί.
1363 2335 1474 2390 Kal.
1507 2337 1768 2407 παρέλα-

196 2410 250 2461 ϐε
274 2412 470 2466 Σαοὺλ
511 2419 898 2485 τρισχιλίους
925 2421 1500 2492 ἄνδρας-,ἐκλεκτοὺς
1523 2429 1591 2483 ἐκ
1621 2443 1769 2484 παν-

195 2501 284 2567 τὸς
326 2504 589 2572 Ἰσραὴλ,
625 2508 726 2561 καὶ
757 2511 1050 2582 ἐπορεύθη
1082 2515 1191 2570 τοῦ
1229 2515 1422 2586 ζητεῖν
1450 2521 1557 2574 τὸν
1589 2523 1770 2576 Δαυῒδ

195 2593 280 2644 καὶ
312 2595 454 2660 τοὺς
485 2596 714 2666 ἄνδρας
743 2602 887 2668 τοὺς
911 2606 1039 2673 μετ’
1071 2610 1279 2675 αὑτοῦ,
1312 2611 1408 2665 ἐπὶ
1445 2615 1770 2683 πρόσωπον

196 2681 293 2777 τῆς
316 2686 503 2756 θήρας
545 2689 666 2743 τῶν
695 2692 969 2763 ἐλάφων·
1015 2701 1113 2753 καὶ
1145 2697 1337 2772 ἦλθον
1365 2707 1453 2770 είς
1480 2681 1588 2771 τὰς
1612 2707 1771 2777 μάν-

193 2772 324 2842 δρας
353 2777 474 2832 τῶν
499 2781 811 2850 προϐάτων
833 2787 931 2841 ἐπὶ
958 2789 1073 2858 τὴν
1100 2792 1244 2848 ὁδὸν
1274 2796 1372 2849 καὶ
1396 2797 1494 2850 ἐπὶ
1521 2799 1588 2852 τὸ
1611 2772 1770 2868 σπή-

194 2870 349 2923 λαιον
367 2888 381 2900 ·
409 2873 514 2926 καὶ
551 2873 801 2944 εἰσῆλθε
839 2881 1043 2937 Σαοὺλ
1072 2886 1162 2950 είς
1187 2887 1252 2941 τὸ
1284 2888 1593 2954 σπήλαιον
1623 2891 1769 2948 ἀπο-

1882 1875 2067 1930 Saulis
2086 1877 2288 1943 fugeret
2307 1881 2362 1932 in
2390 1881 2706 1949 speluncam.
2733 1884 2920 1940 Exstat
2945 1899 3122 1942 autem
3146 1889 3368 1946 historia
3399 1893 3452 1948 in

1879 1969 2056 2038 primo
2107 1969 2418 2040 Regnorum
2474 1973 2634 2029 libro.
2689 1975 2758 2030 Et
2811 1981 3043 2034 ascendit
3085 1981 3214 2036 illuc
3258 1982 3450 2048 David,

1880 2063 2214 2135 conseditque
2251 2065 2307 2119 in
2352 2065 2482 2121 locis
2521 2068 2737 2122 munitis
2782 2068 3052 2142 Engaddi.
3091 2071 3451 2145 Contigitque,

1880 2163 1936 2206 ut
1986 2157 2262 2210 revertenti
2305 2154 2460 2210 Sauli
2491 2157 2554 2211 de
2607 2157 3022 2230 alienigenarum
3068 2167 3449 2232 persecutione,

1879 2252 2141 2305 diceretur
2183 2252 2230 2306 ei
2263 2270 2284 2306 .'
2322 2252 2460 2307 Ecce
2516 2252 2685 2308 David
2731 2254 2787 2308 in
2829 2255 3034 2309 deserto
3074 2255 3322 2328 Engaddi
3348 2272 3448 2317 est.

1875 2341 2114 2411 Sumptis
2138 2361 2257 2414 ergo
2283 2344 2417 2400 Saul
2445 2345 2608 2399 tribus
2632 2346 2904 2399 hominum
2934 2347 3254 2404 delectorum
3277 2351 3444 2405 milli-

1875 2431 1969 2486 bus
1998 2447 2062 2486 ea:
2105 2433 2344 2486 universo
2386 2432 2609 2500 Israele,
2654 2435 2883 2503 perrexit
2919 2436 2988 2489 ad
3025 2435 3446 2508 investigandum

1873 2522 2126 2578 Dacidem
2149 2524 2360 2594 ejusque
2393 2527 2626 2590 comites,
2648 2525 2717 2578 ad
2741 2525 2912 2580 locum
2931 2527 3023 2594 qui
3058 2527 3253 2582 dicitur
3289 2546 3446 2584 vena-

1875 2615 1948 2668 tio
1981 2631 2252 2670 cervorum
2299 2633 2317 2671 :
2353 2627 2708 2688 veneruntque
2735 2619 2805 2672 ad
2845 2619 3026 2674 caulas
3058 2621 3232 2674 ovium
3267 2621 3326 2675 in
3357 2622 3445 2676 cia

1873 2720 1995 2771 quw
2014 2705 2084 2758 ad
2109 2721 2319 2775 specum
2342 2706 2503 2760 ducit.
2539 2705 2916 2778 Ingressusque
2942 2719 3018 2763 est
3057 2709 3190 2765 Saul
3229 2711 3300 2764 ad
3323 2727 3446 2780 pur-

1872 2799 2072 2867 gandos
2103 2800 2257 2868 pedes
2295 2815 2414 2853 suos
2456 2800 2512 2852 in
2546 2816 2775 2870 specum.
2822 2798 2892 2856 Et
2925 2801 3095 2857 David
3128 2804 3444 2874 comitesque

1871 2891 1987 2959 ejus
2012 2891 2067 2943 in
2097 2891 2433 2944 interioribus
2466 2892 2608 2945 antri
2636 2893 2870 2958 partibus
2897 2893 3129 2948 latebant
3156 2893 3223 2950 ".

193 2958 458 3015 κοινῶσαι
487 2962 603 3035 (14)
639 2965 782 3032 τοὺς
807 2970 996 3037 πόδας
1028 2975 1214 3030 αὑτοῦ
1233 2993 1247 3006 ·
1279 2979 1377 3033 καὶ
1410 2980 1591 3034 Δαυῒδ
1619 2983 1716 3037 καὶ
1739 2985 1793 3038 οὶ
1823 2958 2038 3050 ἄνδρες
2073 2982 2200 3052 μετ’
2227 2981 2414 3036 αὐτοῦ
2451 2982 2522 3036 έν
2560 2983 2772 3053 μέρεσι
2814 2985 2938 3051 τοῖς
2975 2986 3287 3057 ἐσωτέροις
3329 2989 3440 3046 τοῦ

193 3056 478 3121 σπηλαίου
500 3059 819 3121 ἐκάθηντο.

248 3145 574 3220 Πηγράφη
605 3150 639 3220 ἡ
689 3153 898 3224 ἱστορία
933 3158 966 3227 ἠ
1012 3160 1140 3231 περὶ
1168 3161 1338 3217 Σαοὺλ
1365 3165 1459 3219 καὶ
1487 3167 1581 3222 τοῦ
1621 3186 1762 3241 σπη-

1935 3165 2108 3232 Supra
2143 3166 2344 3234 scripta
2381 3163 2493 3232 jam
2529 3164 2633 3223 fuit
2662 3167 2838 3224 Saulis
2865 3168 3091 3226 historia
3127 3181 3291 3241 atque
3312 3186 3440 3243 spe-

191 3237 319 3288 λαίου
338 3255 350 3266 ⁸
377 3239 439 3291 τὺ
468 3239 529 3292 δὲ
552 3240 647 3294 τοῦ
680 3245 845 3298 Δασὶδ
871 3246 1041 3319 ὄνομα
1073 3251 1344 3325 διαφόρως
1375 3237 1758 3330 ἑρμηνεύεται,

189 3326 252 3422 tia;
286 3328 550 3422 πολλάκις
579 3334 908 3408 εἰρήκαμεν,
944 3342 1038 3395 καὶ
1073 3342 1346 3416 διαφόρως
1388 3326 1757 3422 λιιμθάνεταιζ

189 3417 263 3470 is:
291 3420 396 3492 γὰρ
427 3425 514 3487 εἰς
531 3425 824 3496 πρόσωπον
846 3431 940 3483 τοῦ
967 3434 1172 3505 Κυρίου
1190 3417 1629 3509 εὑρήσεις,ὀῦτω
1649 3444 1762 3498 κεί-

193 3527 331 3579 μενον
373 3516 743 3588 ἑρμηνεύεται
773 3527 1218 3593 πεποθημὲνος·
1251 3530 1338 3582 ὅτε
1377 3531 1434 3586 δὲ
1469 3535 1550 3597 εἰς
1590 3535 1762 3608 πρόσ-

188 3617 315 3654 ωπον
345 3604 452 3657 τῶν
503 3607 928 3680 ἁμαρτανόντων
972 3616 1064 3668 καὶ
1091 3617 1547 3690 ἐπιστρεφόντων,
1582 3604 1758 3699 ἑρμη-

188 3693 376 3748 νεύεται
425 3697 924 3769 ἐξουθενημένος,
981 3705 1069 3759 διὰ
1112 3707 1210 3773 τὰς
1241 3711 1517 3785 ἁμαρτίας
1569 3693 1756 3775 dicati.

189 3783 284 3838 Νῦν
308 3786 402 3839 τοῦ
439 3787 611 3842 Δαυῒδ
645 3788 820 3862 ὄνομα
845 3792 1030 3847 λαϐεῖν
1062 3795 1209 3852 ἐστιν
1240 3801 1320 3865 εἰς
1363 3783 1459 3858 τὸν
1506 3806 1633 3861 λαὸν
1664 3809 1758 3864 τὸν

186 3877 530 3952 ἡμαρτηκότα
557 3883 649 3935 καὶ
671 3884 752 3946 είς
781 3883 994 3940 σύνεσιν
1023 3888 1267 3957 ἐλθόντα,
1297 3896 1391 3949 καὶ
1414 3897 1473 3950 ὲν
1507 3899 1756 3973 σπηλαίῳ

187 3968 329 4021 αὑτὸν
365 3971 826 4038 κατακλείσαντα,
867 3977 962 4030 καὶ
1006 3982 1442 4054 προσευχόμενον
1478 3989 1616 4058 μετὰ
1661 3991 1755 4045 δα-

184 4060 347 4129 κρύων
377 4063 641 4134 ἰσχυρῶς,
663 4067 758 4120 καὶ
780 4065 1287 4143 ὲξομολογούμενον,
1318 4075 1395 4140 ὡς
1413 4079 1507 4132 καὶ
1534 4081 1664 4134 αὐτὸ
1692 4083 1756 4136 τὸ

185 4151 492 4226 ἐπίγραμμα
516 4155 680 4210 τοῦτο
705 4157 888 4230 δηλοῖ·
916 4161 1117 4231 ὁμοίως
1147 4164 1206 4218 δὲ
1237 4167 1329 4220 καὶ
1353 4171 1382 4223 ό
1400 4168 1613 4244 ψαλμδς
1632 4173 1756 4228 ταῦ-

183 4258 241 4294 ca
267 4243 530 4301 διδάσκει.

284 4337 382 4392 Ἐν
408 4337 492 4404 τῷ
522 4340 830 4395 ἐκλείπειν
855 4341 925 4407 ἐξ
957 4344 1106 4414 ἐμοῦ
1137 4347 1206 4401 τὸ
1237 4351 1480 4421 πνεῦμά
1496 4371 1636 4422 μου.

240 4426 447 4500 Σφόδρα
483 4431 835 4504 καταλλήλως
877 4437 944 4506 τῇ
985 4435 1078 4489 τοῦ
1114 4439 1304 4512 καιροῦ
1333 4443 1430 4496 καὶ
1459 4443 1555 4498 τοῦ
1583 4447 1748 4500 τόπου

1863 3255 2054 3309 luncas.
2083 3253 2301 3309 Davidis
2329 3265 2511 3310 autem
2536 3270 2730 3310 nomen
2755 3258 2904 3314 varie
2923 3259 3263 3329 interpretari
3286 3261 3435 3330 licet,

1861 3359 1920 3402 ut
1961 3363 2102 3418 saepe
2137 3348 2250 3416 jam
2294 3349 2536 3404 diximus
2595 3349 2854 3426 varieque
2911 3351 3246 3423 intelligitur.
3294 3353 3434 3410 Nam

1859 3454 1981 3493 cum
2021 3441 2088 3494 de
2125 3439 2345 3494 homine
2382 3439 2475 3494 Dei
2505 3439 2708 3494 dictum
2749 3440 3019 3506 invenies,
3052 3453 3181 3499 tunc
3231 3444 3311 3500 sic
3343 3459 3432 3512 po-

1858 3531 2046 3594 situm,
2092 3531 2363 3601 signiﬁcat
2410 3531 2787 3586 desideratum.
2825 3531 2960 3587 Cum
3011 3545 3189 3589 autem
3228 3535 3281 3588 in
3310 3549 3433 3604 per-

1858 3635 1990 3674 sona
2034 3619 2375 3688 peccantium
2414 3627 2470 3675 et
2506 3629 2689 3674 tamen
2724 3619 3159 3691 resipiscentium
3195 3638 3430 3696 usurpa-

1859 3721 1966 3775 tur,
1993 3721 2120 3766 tunc
2155 3721 2391 3781 spretum
2430 3711 2859 3782 interpretamur
2893 3725 3116 3783 propter
3142 3714 3263 3785 ejus
3299 3730 3431 3785 pec-

1853 3812 1996 3858 cata.
2062 3802 2216 3858 Nunc
2266 3803 2486 3859 Davidis
2541 3818 2738 3859 nomen
2781 3805 2849 3860 de
2889 3805 3086 3875 populo
3137 3819 3431 3878 peccatore

1857 3895 2174 3959 adhibetur;
2208 3895 2565 3965 resipiscente
2591 3905 2796 3964 tamen,
2828 3903 2884 3950 et
2913 3896 2965 3950 in
3003 3911 3169 3966 specu
3197 3911 3258 3954 se
3289 3913 3425 3954 con-

1855 3986 2128 4052 t-ludcnte,
2152 3997 2350 4040 etcum
2383 3985 2638 4057 lacrymis
2666 3985 2843 4042 valide
2861 3995 3055 4042 orante
3075 3995 3132 4042 et
3162 3991 3427 4046 conliten-

1855 4089 1929 4141 te,
1962 4089 2021 4134 ut
2049 4080 2164 4149 ipsa
2201 4078 2483 4149 inscriptio
2520 4078 2881 4135 demonstrat.
2916 4077 3164 4136 Psalmus
3207 4097 3424 4154 quoque

1855 4172 1967 4242 ipse
1995 4170 2184 4226 eadem
2207 4171 2383 4226 docet.

1855 4353 1860 4359 '
1945 4345 2110 4401 Vens.
2139 4343 2194 4398 ι.
2223 4342 2291 4397 In
2327 4342 2617 4412 deiicienda
2643 4358 2711 4397 ea:
2746 4358 2828 4398 me
2852 4345 3094 4412 spiritum
3131 4360 3321 4400 meum.

1924 4438 2323 4496 Convenieuter
2365 4437 2655 4490 admodum
2695 4445 2750 4491 et.
2789 4437 3051 4504 temporis
3085 4446 3141 4491 et
3175 4437 3277 4492 loci
3323 4452 3427 4492 an-

186 4524 360 4593 συνοχῇ
387 4523 482 4576 καὶ
506 4523 683 4578 ταῦτα
713 4524 995 4581 λέλεκται·
1030 4529 1154 4584 ὅσον
1180 4531 1289 4605 γὰρ
1317 4534 1404 4588 ἐπ’
1437 4536 1745 4609 ἀνθρώποις

1870 4534 2041 4604 ιυειῑίε
2075 4531 2191 4587 haec
2223 4543 2438 4600 quoque
2469 4529 2610 4584 dicta
2648 4530 2818 4585 luere.
2855 4529 2990 4583 Nam
3039 4540 3300 4600 quantum
3334 4545 3424 4594 res

180 4609 308 4664 ἔνδον
353 4616 410 4666 ὲν
443 4615 524 4686 τῷ
560 4616 807 4688 σπηλαίῳ
848 4620 1224 4692 συνεχόμενος,
1265 4626 1463 4690 παντὸς
1497 4627 1742 4700 δρασμοῦ

180 4704 261 4756 καὶ
287 4707 459 4777 φυγῆς
511 4708 917 4775 ὲπεκέκλειστο,
946 4709 1071 4764 οὔτε
1123 4712 1222 4784 μία
1246 4731 1306 4768 τε
1362 4719 1543 4790 παρῆν
1593 4721 1741 4793 αὐτῷ

181 4793 409 4866 βοηθείας
427 4800 589 4863 ἐλπίς
607 4817 621 4830 ⁸
646 4799 759 4854 ἀλλ’
786 4802 909 4856 οὐδὲ
936 4798 1004 4874 ἦν
1032 4807 1062 4857 ὁ
1091 4805 1389 4878 τὴννψυχὴν
1421 4810 1585 4865 αὐτοῦ
1617 4814 1739 4884 ῥυό-

183 4904 324 4954 μενος
359 4891 394 4962 ﬁ
428 4891 731 4963 ἐπιζητῶν.
774 4894 947 4966 Ὀρῶν
979 4895 1037 4949 δὲ
1069 4897 1197 4960 τοὺς
1220 4899 1318 4970 τῆς
1353 4899 1531 4972 ψυχῆς
1571 4903 1734 4957 αὐτοῦ

180 4982 380 5051 νοητοὺς
404 4983 660 5055 ἐχθροὺς,
693 4985 812 5038 ὅλον
843 4987 1000 5041 τοῦτο
1034 4992 1567 5062 κατεργασαμένους,
1595 4994 1738 5064 λέγω

177 5070 226 5124 δὲ
247 5073 303 5126 τὺ
332 5075 595 5130 εἰσελθεῖν
623 5077 793 5131 Σαοὺλ
819 5081 899 5143 εἰς
923 5079 984 5132 τὸ
1015 5081 1276 5152 σπήλαιον
1309 5083 1449 5156 ὑπὲρ
1477 5084 1572 5138 τοῦ
1609 5086 1736 5140 συλ-

176 5159 426 5235 ληφθῆναι
477 5167 576 5221 τδν
626 5168 807 5233 Δαυῒδ,
846 5171 1070 5234 εἰκότως
1102 5171 1288 5242 ἔλεγεν
1308 5175 1390 5242 τὸ,
1423 5177 1738 5248 Ἔκρυψαν

176 5256 376 5324 πατίδα
409 5275 538 5327 μοι.
565 5257 708 5312 Ἀλλ’
752 5260 812 5312 οὐ
850 5264 1270 5335 προκεχωρήκει
1312 5265 1497 5330 αὐτοῖς
1537 5267 1605 5322 τὰ
1637 5270 1739 5340 τῆς

176 5346 379 5414 παγίδος
405 5348 498 5402 διὰ
534 5348 634 5421 τὴν
660 5353 1022 5425 προκειμένην
1050 5356 1358 5428 προσευχήν
1377 5375 1390 5388 ·
1437 5357 1652 5432 θαρσῶν
1682 5361 1739 5416 δὲ

176 5438 234 5506 τῇ
257 5438 344 5492 τοῦ
377 5440 496 5510 βίου
536 5441 700 5496 αὐτοῦ
737 5444 952 5517 πορείᾳ,
987 5447 1107 5510 ταῖς
1143 5463 1203 5500 τε
1236 5448 1466 5518 πράξεσι
1496 5453 1592 5507 καὶ
1619 5456 1739 5519 ταῖς

237 5592 311 5646 ⁸⁷1
343 5594 477 5666 Reg.
516 5613 668 5665 xxiv,
699 5599 808 5653 1-4.

221 5732 338 5804 ,(84)
367 5732 603 5799 Ita-cod.
633 5736 740 5795 Sed
769 5754 897 5795 num
917 5755 1022 5812 pro
1055 5741 1436 5798 ἀποκενῶσαιτ

1850 4627 2100 4680 humanae
2146 4621 2413 4686 ferebant,
2468 4618 2608 4673 intra
2665 4634 2882 4690 Specum
2947 4618 3234 4674 conclusus
3272 4620 3421 4674 omni

1846 4714 2112 4772 evadendi
2170 4712 2433 4770 facultate
2486 4709 2795 4782 efl’ugioque
2845 4711 3104 4776 carebat,
3156 4711 3420 4782 nullaque

1845 4820 1965 4868 erat
1992 4809 2177 4865 auxilii
2200 4825 2346 4879 spes,
2376 4825 2478 4866 nec
2510 4810 2796 4880 quisquam
2839 4809 3008 4863 vitam
3034 4809 3156 4879 ejus
3187 4809 3422 4864 liberare

1845 4903 2142 4972 Satagebat.
2173 4900 2373 4958 Videns
2417 4911 2598 4956 autem
2639 4901 2833 4955 anima:
2863 4915 2977 4957 sua:
3017 4900 3417 4957 intellectuales

1845 5000 2030 5054 hostes
2064 4995 2188 5050 huic
2216 4994 2430 5064 negotio
2457 4994 2716 5059 intentos,
2758 4993 2999 5058 Saulem,
3058 4995 3300 5062 inquam,
3334 4995 3419 5049 in-

1847 5095 1927 5141 tra
1950 5101 2170 5158 Specum
2193 5089 2494 5158 ingressum
2519 5085 2586 5139 ad
2615 5085 2934 5154 capiendum
2962 5087 3238 5153 Davidem,
3268 5097 3418 5144 recte

1844 5179 2024 5234 aiebat
2051 5196 2065 5233 :
2096 5178 2362 5250 Laqueum
2393 5179 2770 5234 absconderunt
2798 5179 2948 5233 mihi.
2985 5178 3092 5235 Sed
3123 5193 3418 5234 caruerunt

1844 5269 2042 5326 ell‘ectu
2081 5272 2132 5326 in
2147 5272 2516 5327 sidiaeillorum
2575 5280 2796 5342 propter
2834 5271 2976 5325 hanc
3013 5284 3257 5340 precem.
3297 5270 3417 5343 Ipse

1845 5373 2032 5418 autem
2061 5363 2301 5421 conﬁsus
2329 5365 2452 5420 vitae
2479 5379 2592 5420 suae
2617 5364 2837 5427 rationi,
2869 5363 3191 5431 actibusque
3223 5373 3279 5420 et
3308 5366 3415 5421 viis

1844 5455 2043 5527 quibus
2070 5456 2362 5527 institerat,
2400 5457 2599 5529 injuste
2635 5456 2894 5529 expulsus
2938 5465 2996 5513 et
3045 5464 3413 5528 oppugnatus,

3561 349 3576 383 Ι
