3850 6210
399 311 471 366 .l'l
1067 304 1335 362 EUSEBII
1373 301 1853 360 CESARIENSIS
1891 300 2044 356 OPP.
2083 298 2264 356 PARS
2299 298 2391 356 111.
2426 329 2495 339 ——
2535 297 2949 357 EXEGETICA.
3585 295 3654 347 48

395 428 525 485 dicit
557 425 670 480 Deo
699 441 712 477 ε
744 432 798 478 et
827 429 882 477 tu
903 419 1200 490 cognovisti
1222 420 1448 476 semitas
1469 433 1640 475 meas.

681 691 842 746 Vens.
868 691 920 746 6.
949 690 1034 745 Ad
1069 700 1136 755 te,
1167 689 1412 756 Domine,
1445 689 1692 744 clamavi.

465 787 675 843 Rursus
707 787 810 840 hoc
849 783 1010 838 etiam
1045 782 1162 838 loco
1202 781 1440 836 clamare
1491 794 1550 835 se
1601 779 1820 846 fatetur,
1863 795 1967 834 non

393 878 740 950 simpliciter,
767 874 862 928 sed
892 874 959 928 ad
987 872 1290 926 Dominum.
1313 869 1526 942 Alioqui
1554 884 1654 928 nec
1682 869 1800 923 ﬁeri
1821 879 1972 940 pote-

395 980 482 1028 rat
510 980 569 1026 ut
595 983 784 1024 vocem
815 965 1108 1030 attolleret,
1149 972 1417 1033 praesente
1457 963 1633 1018 hoste.
1683 961 1800 1017 Jam
1840 977 1970 1018 vero

398 1066 453 1119 in
496 1063 606 1117 Deo
642 1057 1012 1114 tantummodo
1058 1070 1208 1125 spem
1255 1069 1407 1110 suam
1457 1053 1766 1124 reposuisse
1801 1052 1969 1109 conii-

399 1166 539 1220 tens,
571 1169 600 1208 ε
629 1166 795 1221 scopo
829 1165 937 1206 non
979 1147 1282 1214 aberravit;
1311 1146 1511 1203 etenim
1536 1161 1662 1218 spes
1695 1163 1802 1202 non
1839 1162 1970 1203 con-

396 1247 596 1302 fundit.
637 1243 770 1299 Nam
795 1242 896 1298 etsi
920 1241 1104 1310 aliqua
1136 1240 1437 1296 viventium
1487 1248 1632 1293 terra
1681 1239 1774 1308 sit,
1822 1239 1971 1308 equi-

397 1339 543 1405 dem,
572 1337 769 1406 inquit,
795 1335 972 1390 lateor
1013 1347 1188 1388 meam
1226 1341 1276 1387 te
1317 1332 1490 1387 solum
1523 1345 1642 1387 esse
1681 1347 1853 1401 spem.
1886 1331 1967 1386 Tu

396 1433 543 1488 enim
578 1443 703 1500 spes
745 1442 864 1484 mea
896 1441 957 1482 es
986 1427 1038 1481 in
1073 1436 1217 1480 terra
1261 1425 1592 1490 viventium,
1643 1424 1720 1478 ita
1754 1432 1832 1488 ut,
1864 1423 1966 1478 nisi

400 1533 452 1580 te
477 1523 756 1583 haberem,
797 1519 942 1574 haud
973 1518 1084 1587 jam
1127 1515 1431 1571 viventibus
1467 1526 1622 1571 terrae
1653 1514 1843 1570 incolis
1875 1514 1969 1569 ad-

397 1627 739 1671 numerarer.
766 1609 935 1664 Porro
965 1608 1256 1663 viventium
1286 1615 1452 1674 terra,
1477 1622 1819 1677 nequaquam
1850 1607 1966 1661 haec

396 1717 480 1763 est
525 1719 648 1776 quae
677 1719 707 1758 a
739 1703 894 1758 nobis
939 1700 1207 1765 calcatur,
1260 1701 1450 1755 mortis
1497 1703 1642 1754 enim
1689 1714 1752 1754 ea
1784 1698 1966 1768 potius

1998 425 2044 480 Α
2071 417 2210 480 ὁδοῖς
2259 411 2348 478 αἷς
2383 414 2651 479 ἐϐάδιζεν,
2695 415 2896 479 ἀδίκως
2953 411 3309 484 ἐλαυνόμενος
3356 409 3450 464 καὶ
3495 410 3655 462 πολε-

2077 506 2363 580 μούμενος,
2399 506 2532 578 φησὶ
2577 505 2657 577 τῷ
2681 505 2800 577 Θεῷ
2821 523 2836 537 ·
2886 506 2981 560 καὶ
3009 506 3074 559 σὺ
3101 503 3273 573 ἔγνως
3306 500 3406 565 τὰς
3437 501 3654 574 τρίϐους

2076 617 2202 673 μου.

2441 689 2597 759 Πρὸς
2623 688 2717 752 σὲ,
2743 689 2937 758 Κύριε,
2963 686 3280 758 ἐκέκραξα.

2143 781 2312 835 Πάλιν
2340 781 2433 835 καὶ¹
2473 782 2708 835 ἐνταῦθα
2741 779 2968 853 κράζειν
3006 779 3274 851 ὁμολογεῖ,
3311 777 3409 850 οὐχ
3439 778 3650 844 ἁπλῶς,

2071 873 2206 927 ἀλλά
2233 871 2370 946 πρὸς
2399 873 2493 927 τὸν
2517 873 2723 946 Κύριον
2741 891 2756 906 ο
2796 873 2971 937 ἄλλως
2999 873 3108 943 γὰρ
3129 872 3388 929 ἀδύνατον
3411 867 3479 943 ἦν
3503 871 3656 942 αὐτῷ

2071 964 2256 1037 φωνὴν
2291 965 2532 1035 ἀφιέναι,
2577 965 2802 1038 πλησίον
2847 965 3115 1038 παρόντος
3154 963 3250 1017 τοῦ
3296 963 3524 1036 ἐχθροῦ·
3555 963 3656 1036 τὴν

2072 1057 2241 1128 μόνην
2276 1057 2332 1112 δὲ
2374 1057 2560 1111 ἐλπίδα
2590 1055 2755 1112 αὐτοῦ
2802 1056 2892 1111 τὸν
2921 1055 3052 1110 Θεὸν
3096 1055 3238 1126 ἐχειν
3290 1054 3654 1127 ὁμολογήσας,

2067 1150 2169 1203 οὐκ
2195 1148 2421 1214 ἐξέπεσε
2448 1147 2544 1203 τοῦ
2584 1149 2788 1203 σκοποῦ
2810 1167 2823 1179 ·
2869 1151 2904 1220 ἡ
2943 1149 3051 1221 γάρ
3081 1148 3234 1212 ἐλπὶς
3262 1148 3323 1202 ού
3358 1146 3657 1218 καταισχύ-

2068 1258 2169 1295 νει⁸
2189 1240 2322 1294 ἀλλά
2350 1241 2444 1294 καί¹
2469 1239 2524 1294 εἴ
2549 1259 2634 1310 τις
2661 1240 2813 1295 ἔσται
2837 1243 2907 1313 γῆ
2939 1239 3176 1305 ζώντων,
3205 1238 3470 1311 ὁμολογῶ,
3497 1241 3652 1309 φησὶ,

2071 1331 2338 1404 μηδεμίαν
2366 1333 2511 1403 ἐχειν
2539 1335 2722 1405 χώραν
2752 1334 2809 1386 ἐν
2833 1332 3004 1404 ταύτῃ
3036 1332 3069 1404 ἢ
3102 1331 3162 1384 σὲ
3193 1331 3351 1403 μόνον
3378 1330 3475 1402 τὴν
3512 1331 3655 1404 ἐμὴν

2067 1425 2258 1478 ἐλπίδα
2277 1443 2291 1456 ·
2330 1427 2396 1479 σὺ
2421 1425 2529 1498 γάρ
2552 1421 2602 1478 εἳ
2635 1425 2788 1491 Θεὸς,
2817 1427 2849 1497 ἠ
2881 1425 3038 1496 μερίς
3067 1441 3168 1496 μου
3203 1425 3262 1478 ἐν
3295 1425 3365 1495 γῇ
3399 1421 3616 1487 ζώντων
3636 1439 3651 1453 ’

2067 1515 2142 1582 ὡς
2175 1518 2222 1569 εί
2259 1515 2334 1587 μὴ
2362 1517 2422 1570 σὲ
2458 1513 2623 1589 εἶχον,
2645 1518 2745 1572 οὐκ
2769 1516 2834 1571 ἂν
2863 1515 3154 1588 ἐξετάσθην
3183 1515 3313 1568 ποτέ
3341 1515 3396 1566 ἐν
3426 1516 3496 1584 γῇ
3521 1511 3657 1579 ζώνο

2066 1625 2193 1662 των.
2238 1607 2463 1663 Ζώντων
2511 1609 2568 1664 δέ
2611 1609 2702 1681 γῆ,
2735 1610 2834 1679 οὐχ
2872 1611 2905 1681 ἡ
2943 1606 3256 1680 πατουμένη
3299 1606 3393 1660 νῦν
3424 1607 3560 1678 πρὸς
3586 1607 3654 1678 ἡ·

2073 1699 2209 1771 μῶν,
2240 1700 2471 1755 θανάτου
2501 1700 2610 1773 γὰρ
2643 1701 2716 1771 γῆ
2740 1700 2833 1753 καὶ
2858 1698 3065 1772 νεκρῶν
3093 1697 3255 1768 αῦτη,
3277 1696 3390 1751 ἀλλ’
3422 1697 3490 1768 ἢν
3523 1695 3656 1768 κληο

396 1769 560 1854 εει-η’
594 1807 699 1862 εει,
755 1795 850 1852 sed
894 1810 1055 1865 quam
1105 1793 1268 1850 mites
1299 1792 1714 1856 haereditabunt,
1756 1791 1811 1845 in
1861 1804 1965 1860 qua

2078 1769 2470 1864 ρονομήσουσιν
2511 1769 2561 1845 oi
2580 1769 2797 1865 apud;
2817 1811 2830 1823 ·
2882 1769 2968 1861 ἐφς
3064 1789 3264 1856 ζῶντες
3289 1790 3488 1853 πάντες
3513 1787 3656 1843 κατὰ

395 1905 586 1946 omnes
615 1890 857 1943 viventes
885 1897 1088 1942 aeterna
1116 1901 1238 1940 cum
1278 1885 1386 1938 vita
1421 1883 1686 1938 habitant.

396 1985 563 2040 Vsus.
607 1982 662 2038 5.
713 1979 836 2034 Non
852 1988 963 2061 erat
1006 1978 1096 2060 qui
1138 1984 1466 2058 cognosceret
1517 1990 1620 2028 me.
1659 2003 1730 2013 —
1765 1973 1831 2027 Et
1864 1989 1968 2027 non

699 2062 773 2106 est
809 2058 897 2119 qui
931 2058 1162 2118 requirat
1199 2062 1431 2100 animum
1475 2061 1664 2098 meum.

465 2144 524 2200 Si
555 2143 680 2213 quis
707 2144 777 2198 ab
825 2143 913 2207 iis,
945 2141 1038 2211 qui
1081 2139 1329 2195 ecclesiis
1379 2151 1608 2207 praeesse
1652 2135 1970 2190 existiman-

395 2246 502 2303 tur,
537 2236 827 2306 negligitur
851 2243 906 2289 et
933 2233 1247 2287 nullatenus
1284 2228 1606 2298 requiritur,
1651 2227 1970 2296 tempestive

396 2328 500 2383 hoc
529 2326 714 2391 dicet;
769 2334 824 2378 et
853 2323 996 2393 quod
1027 2323 1271 2391 sequitur
1305 2318 1488 2383 addet,
1528 2319 1824 2372 clamorem
1863 2315 1970 2372 sci-

395 2417 522 2471 licet
555 2415 622 2471 ad
647 2415 839 2479 Deum,
862 2423 916 2467 et
941 2427 998 2467 se
1037 2427 1140 2465 non
1172 2426 1394 2480 sperare
1417 2425 1447 2464 a
1479 2408 1832 2478 principibus,
1867 2407 1963 2462 sed

393 2523 426 2562 a
455 2506 720 2572 Domino;
765 2512 822 2559 et
849 2502 1155 2571 portionem
1186 2516 1246 2554 se
1298 2498 1494 2553 habere
1526 2498 1577 2551 in
1609 2507 1750 2552 terra
1777 2498 1966 2552 viven-

395 2597 552 2664 tium,
583 2612 688 2652 non
727 2603 910 2650 autem
940 2593 992 2648 in
1028 2603 1168 2646 terra
1200 2590 1507 2646 oblivionis.

902 2684 1225 2742 PSALMUS
1261 2682 1480 2740 CXLII-

463 2783 782 2851 Quicunque
830 2779 1083 2834 maximis
1127 2775 1516 2832 tentationihus
1555 2772 1968 2843 immodicisque

394 2875 664 2943 pressuris
712 2880 952 2942 urgetur,
974 2870 1258 2926 commode
1282 2877 1457 2923 utetur
1489 2865 1742 2938 praesenti
1781 2879 1961 2932 prece.

396 2967 686 3036 Propterea
734 2964 972 3033 psalmus
1008 2962 1128 3017 sine
1167 2960 1320 3015 titulo
1376 2970 1482 3014 est.
1523 2958 1687 3012 Audit
1744 2957 1962 3026 quidem

397 3072 589 3113 omnes
613 3056 895 3119 Dominus,
928 3069 1132 3124 paucos
1160 3061 1338 3106 tamen
1379 3051 1621 3107 exaudit.
1665 3049 1962 3118 Cateroqui

395 3152 441 3205 si
475 3151 542 3205 iis
561 3151 652 3218 qui
703 3163 804 3202 nos
849 3154 1011 3202 orant
1067 3160 1256 3199 aurem
1322 3143 1708 3213 praeberemus,
1765 3153 1966 3197 nostra:

395 3242 599 3304 pariter
633 3253 822 3309 preces
867 3237 1207 3291 audirentur.
1252 3233 1414 3289 Certe
1458 3234 1549 3303 qui
1596 3248 1720 3288 cum
1770 3231 1964 3287 ﬁducia

393 3341 536 3396 orat,
595 3332 894 3386 auditorem
952 3340 1216 3399 provocat
1265 3329 1459 3382 Deum.
1512 3326 1616 3380 Alii
1668 3324 1821 3378 aiunt
1858 3339 1964 3378 non

393 3438 516 3479 esse
562 3422 681 3476 sine
733 3420 888 3476 titulo
931 3419 1219 3489 psalmum,
1257 3419 1352 3472 sed
1393 3415 1616 3471 inscribi
1657 3432 1671 3469 :
1719 3412 1966 3468 Psalmus

2065 1883 2165 1954 τὴν
2197 1882 2412 1938 αίώνιον
2437 1882 2582 1957 ζωὴν
2615 1883 2997 1955 διατρίϐουσιν.

2074 1977 2195 2029 οὐκ
2216 1975 2296 2045 ἦν·
2326 1978 2358 2029 ό
2386 1973 2798 2047 ἐπιγινώσκων
2819 1975 3113 2047 pia—02’»;
3138 1973 3310 2027 ἐστιν
3342 1975 3376 2026 ὁ
3397 1967 3660 2040 ἐκζητῶν

2554 2046 2669 2112 τὴν·
2697 2045 2909 2115 ψυχήν
2929 2063 3065 2113 μου.

2153 2137 2212 2190 '0
2241 2136 2346 2190 ὑπὸ
2368 2137 2477 2190 τῶν
2506 2137 2862 2212 προΐστασθαι
2890 2135 2998 2189 τῶν
3025 2133 3329 2206 ἐκκλησιῶν
3361 2132 3659 2205 νομιζομέ-

2067 2247 2176 2284 νων
2200 2228 2566 2301 ἀμελούμενος
2615 2230 2708 2283 καὶ
2743 2228 2987 2300 μηδόλως
3039 2226 3435 2297 ἐκζητούμενος
3475 2223 3657 2278 εὐκαί-

2073 2339 2179 2393 ρως
2207 2321 2364 2374 τοῦτο
2416 2323 2561 2392 ἐρεῖ·
2595 2321 2689 2375 καὶ
2726 2321 2788 2374 τὸ
2829 2301 2954 2391 ἑξῆς
2982 2319 3234 2391 ἐπιφέρει
3270 2317 3331 2371 τὸ
3382 2315 3655 2387 κεκραγὸς

2070 2413 2204 2484 πρὸς
2230 2413 2320 2465 τὸν
2361 2412 2513 2477 Θεὸν,
2543 2412 2637 2466 καὶ
2673 2411 2747 2482 μὴ
2779 2409 3021 2474 ἐλπίζειν
3043 2412 3137 2464 ἐπὶ
3166 2409 3506 2482 ἡγουμένοις,
3533 2408 3653 2463 ἀλλ’

2067 2505 2162 2558 ἐπὶ
2196 2504 2408 2576 Κυρίῳ,
2439 2504 2534 2558 καὶ
2571 2504 2767 2576 μερίδα
2791 2503 2932 2573 ἔχειν
2967 2505 3026 2557 ἐν
3065 2507 3136 2575 γῇ
3171 2500 3387 2566 ζώντων
3429 2503 3522 2555 καὶ
3551 2501 3656 2558 οὐκ

2070 2599 2130 2651 ἐν
2163 2596 2566 2669 ἐπιλελησμένῃ
2589 2599 2681 2666 γῇ.

2614 2686 2908 2740 ΨΑΛΜΟΣ
2934 2685 3112 2738 PMB’.

2138 2783 2253 2844 Πᾶς
2281 2783 2309 2835 ὁ
2341 2780 2398 2834 ἐν
2439 2779 2714 2850 μεγίστοις
2749 2780 3073 2850 πειρασμοῖς
3099 2775 3193 2830 καὶ
3218 2775 3458 2846 θλίψεσιν
3481 2776 3654 2851 ὑπερ-

2069 2873 2391 2935 ϐαλλούσαις
2413 2870 2817 2942 ἐξεταζόμενος,
2853 2869 3124 2941 εὐκαίρως
3150 2869 3411 2940 χρήσαιτο
3429 2871 3493 2938 τῇ
3525 2885 3657 2941 προ-

2067 2965 2292 3036 κειμένῃ
2325 2966 2600 3036 προσευχῇ
2623 2979 2635 2993 ·
2681 2961 2760 3015 διὸ
2809 2961 2904 3016 καὶ
2937 2961 3310 3033 ἀνεπίγραφος
3348 2961 3376 3013 δ
3415 2959 3652 3031 eum.

2068 3056 2284 3110 Ἀκούει
2303 3055 2402 3126 μὲν
2419 3051 2511 3109 οῦν
2534 3055 2751 3108 πάντων
2767 3055 2794 3106 ὁ
2811 3053 3035 3126 Κύριος,
3057 3053 3251 3122 ὀλίγων
3265 3053 3322 3105 δέ
3343 3051 3615 3106 είσακούει
3634 3067 3652 3083 ⁸

2069 3148 2162 3201 ἐὰν
2196 3147 2304 3201 τῶν
2346 3146 2616 3217 δεομένων
2653 3144 2809 3217 ἡμῶν
2851 3144 3265 3215 ἐπακούσωμεν,
3319 3143 3658 3213 ἀκουσθησό-

2069 3239 2208 3312 μεθα
2240 3239 2336 3293 καὶ
2379 3238 2566 3292 αὐτοί·
2605 3239 2634 3290 ὁ
2667 3237 2884 3310 θαρσῶν
2920 3237 2976 3291 δέ
3011 3240 3077 3308 τῇ
3123 3236 3315 3290 ἑαυτοῦ
3372 3239 3655 3308 προσευχῇ

2067 3332 2341 3402 ἀκροατὴν
2378 3331 2534 3385 καλεῖ
2573 3330 2665 3383 τὸν
2693 3330 2844 3384 Θεόν.
2897 3328 3080 3383 ’Ἄλλοι
3119 3329 3174 3382 δέ
3223 3345 3354 3398 φασι
3390 3312 3464 3400 μῆ
3511 3323 3658 3381 εἶναι

2069 3421 2440 3492 ἀνεπίγραφον
2469 3422 2560 3474 τὸν
2596 3421 2830 3492 ψαλμὸν,
2865 3422 2976 3476 ἀλλ’
3009 3419 3429 3492 ἐπιγεγράφθαι,
3485 3422 3655 3474 Ψαλ-

397 3513 612 3576 οαυίιίί,
643 3527 762 3566 cunt
816 3527 934 3566 eum
977 3510 1120 3579 ﬁlius
1155 3518 1550 3579 persequeretur
1589 3518 1608 3557 :
1655 3505 1747 3560 sed
1780 3519 1882 3559 non
1911 3505 1964 3558 in

2078 3513 2176 3580 ιιός
2212 3513 2290 3578 τῷ
2328 3515 2529 3581 Δαυῒδ,
2573 3513 2669 3567 ὅτε
2697 3513 2884 3569 αὑτὸν
2924 3516 2957 3568 ό
2987 3512 3117 3577 υίὸς
3154 3511 3530 3566 κατεδίωκεν.
3571 3511 3654 3564 Οὐ

393 3606 604 3660 cunctis
657 3601 1190 3672 interpretationibus
1243 3599 1347 3654 hoc
1405 3598 1650 3668 ponitur.
1703 3598 1960 3650 Attamen

392 3711 516 3766 qua:
551 3697 639 3751 hic
661 3695 939 3756 dicuntur.
967 3709 1074 3748 non
1107 3699 1432 3762 repugnant.
1463 3687 1569 3743 Sed
1605 3687 1737 3742 nihil
1763 3689 1962 3750 obstat,

393 3787 685 3859 quominus
712 3785 780 3840 de
810 3784 993 3839 Saulis
1021 3783 1396 3852 persecutione
1420 3781 1535 3835 ha‘e
1574 3779 1718 3834 dicta
1745 3777 1964 3833 iuerint.

540 3878 703 3932 Vnus.
732 3877 788 3932 4.
826 3875 1066 3930 Tedium
1096 3891 1284 3943 passus
1310 3883 1384 3928 est
1409 3875 1625 3941 spiritus
1655 3889 1820 3927 meus.

467 3970 703 4040 Spiritus
726 3967 958 4022 hominis
991 3965 1206 4018 taedium
1233 3965 1463 4034 patitur,
1493 3979 1615 4019 cum
1654 3979 1752 4018 cor
1775 3963 1966 4017 turba-

395 4073 486 4117 tur
539 4073 913 4115 rememorans
967 4056 1240 4128 quomodo
1302 4055 1556 4110 inimicus
1608 4053 1968 4124 prostraverit

396 4150 547 4207 humi
575 4151 738 4204 vitam
763 4148 901 4216 ejus,
930 4161 1160 4216 eamque
1208 4147 1261 4200 in
1295 4145 1593 4201 tenebrosis
1640 4144 1776 4198 locis
1832 4159 1967 4197 con-

395 4243 638 4301 stituerit
664 4251 722 4296 ut
743 4250 987 4296 mortuos
1025 4239 1231 4296 saeculi.
1275 4237 1599 4303 Turbatum,
1632 4237 1828 4306 inquit,
1871 4251 1969 4290 cor

398 4349 597 4398 meum,
635 4333 938 4404 passionem
973 4331 1120 4385 intus
1147 4330 1434 4392 continuit,
1467 4344 1574 4384 non
1617 4328 1751 4383 adeo
1782 4329 1967 4383 conoi-

2064 3605 2152 3660 διά
2182 3607 2371 3660 πασῶν
2403 3607 2584 3676 μέντοι
2615 3605 2722 3660 τῶν
2745 3605 3048 3677 ἐρμηνειῶν
3101 3605 3421 3676 πρόσκειται
3455 3601 3610 3655 τοῦτο
3634 3619 3649 3632 ο

2065 3698 2133 3752 τὰ
2161 3697 2218 3751 δέ
2258 3699 2529 3768 λεγόμενα
2560 3699 2659 3752 οὑκ
2691 3699 2977 3770 ἀλλότρια⁶
3025 3697 3178 3750 οὐδὲν
3205 3696 3261 3749 δὲ
3293 3694 3492 3750 κωλύει
3519 3695 3657 3766 περὶ

2066 3793 2166 3863 τῆς
2197 3791 2300 3844 ὑπὸ
2334 3791 2508 3844 Σαοὺλ
2527 3788 2760 3856 διώξεως
2783 3789 3034 3861 εἰρῆσθαι
3065 3788 3221 3842 αύτά.

2310 3881 2665 3950 Ἠκηδίασεν
2688 3881 2781 3934 ἐπ’
2808 3881 2912 3950 ἐμὲ
2933 3881 2996 3934 τὸ
3031 3880 3266 3950 πνεῦμά
3284 3897 3424 3949 μου.

2136 3973 2210 4026 Τὸ
2269 3973 2487 4045 πνεῦμα
2537 3972 2632 4027 τοῦ
2679 3971 2965 4045 ἀνθρώπου
3015 3973 3074 4025 τὸ
3124 3975 3182 4025 ἐν
3228 3971 3378 4043 αὐτῷ
3425 3970 3652 4041 ἀκηδιᾷ,

2066 4065 2340 4136 ἐπειδάνὴ
2373 4066 2572 4137 καρδία
2615 4064 2858 4136 ταραχθῇ
2894 4062 3191 4135 μνησθεῖσα
3234 4061 3351 4125 πῶς
3392 4064 3420 4116 ὁ
3454 4060 3656 4134 ἐχθρὸς

2067 4157 2432 4212 ἐταπείνωσεν
2460 4159 2539 4220 είς
2579 4157 2680 4229 τὴν
2695 4155 2798 4227 γῆν
2839 4157 2938 4226 τὴν
2971 4155 3114 4227 ζωὴν
3152 4154 3342 4224 αὐτῆς,
3373 4154 3464 4207 καὶ⁵
3489 4152 3564 4218 ὡς
3593 4155 3654 4206 ἐ-

2067 4247 2288 4302 κάθισεν
2321 4249 2488 4322 αὐτὴν
2527 4251 2586 4304 ἐν
2617 4251 2908 4312 σκοτεινοῖς
2933 4247 3008 4312 ώς
3035 4248 3260 4318 νεκροὺς
3293 4245 3486 4308 αἰῶνος
3511 4261 3524 4275 ’
3549 4261 3656 4300 τα-

2072 4340 2328 4412 ραχθεῖσα
2353 4340 2432 4406 δέ,
2466 4341 2651 4411 φησὶν,
2685 4343 2718 4412 ἡ
2746 4339 2941 4411 καρδία
2975 4356 3076 4410 μου
3107 4341 3163 4392 ἐν
3187 4339 3346 4409 αὐτῇ,
3377 4336 3523 4390 ἐνδον
3543 4337 3650 4390 ἐπ-

396 4427 552 4492 deus,
599 4435 657 4480 ut
701 4423 876 4494 palam
929 4421 1139 4476 cunctis
1183 4421 1462 4477 extraneis
1503 4419 1646 4475 foret
1681 4418 1800 4488 ejus
1850 4427 1964 4473 tur-

2078 4432 2196 4502 ἐσχε
2232 4432 2293 4484 τὸ
2335 4431 2504 4495 πάθος
2533 4431 2813 4494 παντελῶς
2845 4431 2920 4503 μὴ
2945 4430 3272 4492 ἐκπεσοῦσα,
3323 4429 3398 4492 ὡς
3428 4430 3509 4492 είς
3541 4445 3650 4498 φα-

395 4517 560 4572 batio.

573 4717 736 4774 Vens.
761 4719 815 4773 5.
855 4716 1056 4772 Mentor
1071 4716 1150 4785 {ui
1193 4716 1396 4770 dierum
1429 4715 1788 4785 antiquorum.

455 4811 604 4879 ,Quia
639 4820 694 4866 et
723 4809 932 4881 Moyses
959 4809 1176 4862 mandat
1215 4807 1439 4862 dicens:
1466 4805 1969 4862 Reeordaminidie-

399 4923 519 4962 rum
571 4904 754 4960 saeculi
787 4903 874 4969 Ml;
939 4909 994 4955 et
1048 4901 1214 4955 David
1271 4901 1472 4969 pariter
1519 4899 1644 4955 ait:
1694 4905 1966 4955 Annorum

397 5007 713 5054 teternorum
743 4993 1042 5058 memini,et
1062 4992 1389 5047 considerari
1409 4991 1454 5024 "
1483 5009 1498 5058 ;
1535 4999 1680 5046 recte
1699 4991 1802 5046 sibi
1836 5005 1970 5047 con-

397 5089 582 5144 sulens
615 5087 723 5153 hic,
759 5087 912 5156 cujus
943 5098 1038 5139 cor
1074 5084 1342 5138 turbatum
1381 5092 1488 5148 est,
1518 5081 1755 5137 recurrit
1787 5083 1968 5138 animo

397 5183 468 5237 ad
499 5181 747 5250 antiquos
770 5179 886 5235 dies
908 5193 1057 5243 suos,
1087 5177 1282 5247 quibus
1300 5186 1427 5231 ante
1454 5176 1818 5232 turbationem
1840 5175 1966 5233 felix

397 5285 552 5340 erat,
607 5271 692 5328 vel
743 5273 992 5341 antiquas
1041 5270 1302 5326 historias
1343 5268 1396 5324 in
1433 5277 1668 5323 mentem
1702 5279 1962 5324 revocat:

398 5375 784 5435 resumptaque
811 5379 994 5419 rerum
1023 5362 1304 5426 memoria,
1330 5359 1626 5415 meditatur
1655 5375 1821 5430 opera
1852 5362 1968 5428 Dei,

397 5466 455 5513 et
506 5471 760 5512 manuum
806 5455 924 5526 ejus
969 5454 1224 5520 facturas,
1265 5467 1373 5507 non
1421 5452 1694 5507 modicum
1728 5468 1798 5508 ex
1827 5455 1972 5508 anti-

397 5549 522 5619 quis
565 5547 885 5603 lectionibus
939 5546 1182 5601 solamen
1239 5545 1492 5615 capiens,
1542 5544 1670 5599 dum
1723 5561 1792 5603 ex
1840 5547 1972 5617 ipsis

473 5723 518 5754 “
552 5722 710 5778 Deut.
756 5721 1023 5790 xxxii,_7.
1101 5719 1145 5752 ‘9
1193 5717 1334 5775 Psal.
1386 5733 1570 5784 uxvi,
1623 5720 1677 5774 6.

2068 4523 2224 4594 νερὸν
2244 4523 2416 4578 ἐλθεῖν
2442 4525 2554 4588 τοῖς
2578 4525 2730 4586 πᾶσι,
2769 4523 2866 4576 καὶ
2893 4525 3004 4585 τοῖς
3026 4520 3181 4582 ἐκτὸς
3211 4518 3518 4590 γνωσθῆναι
3545 4519 3652 4590 τὴν

2068 4615 2330 4687 ταραχήν.

2397 4725 2738 4795 Ἐμνήσθην
2776 4724 3013 4795 ἡμερῶν
3047 4725 3328 4795 ἀρχαίων.

2152 4818 2307 4872 Ἐπεὶ
2340 4819 2433 4871 καὶ
2450 4819 2479 4870 ὁ
2493 4818 2733 4890 Μωῦσῆς
2761 4818 3088 4888 προστάττει
3110 4816 3304 4885 λέγων,
3323 4812 3656 4880 Μνήσθητε

2071 4909 2296 4980 ἡμέρας
2327 4908 2574 4976 αἰῶνος·
2608 4913 2703 4965 καὶ
2733 4913 2762 4965 ὁ
2802 4909 2967 4964 Δαυῒδ
3021 4909 3184 4963 πάλιν
3217 4907 3372 4979 φησὶ.
3401 4906 3512 4961 Καὶ
3541 4907 3656 4974 ἐτη

2071 5000 2276 5055 αἰώνια
2306 5001 2638 5071 ἐμνήσθην,
2671 5002 2769 5056 καί
2811 5001 3146 5072 ἐμελέτησε»
3165 5017 3180 5032 ·
3216 5000 3439 5062 εἰκότως
3487 4997 3658 5069 θερα-

2073 5091 2255 5145 πεύων
2294 5092 2486 5146 ἐαυτὸν
2533 5095 2562 5147 ό
2588 5092 2881 5167 ταραχθεὶς
2922 5091 3020 5164 τὴν
3073 5091 3320 5162 καρδίαν,
3361 5087 3657 5158 ἀνατρέχει

2072 5179 2168 5232 ἐπὶ
2198 5179 2297 5244 τὰς
2328 5182 2563 5246 παλαιὰς
2593 5182 2759 5236 αὐτοῦ
2792 5181 3026 5254 ἡμέρας,
3060 5180 3159 5245 τὰς
3193 5179 3300 5250 πρὸ
3344 5176 3445 5247 τῆς
3475 5193 3658 5247 ταρα-

2074 5272 2199 5343 χῆς,
2235 5273 2293 5328 ἐν
2321 5269 2410 5337 αἷς
2443 5273 2747 5346 κατώρθου,
2779 5275 2812 5346 ἢ
2840 5276 2933 5328 ἐπὶ
2963 5275 3061 5338 τὰς
3095 5272 3331 5335 παλαιάς
3368 5271 3614 5343 ἱστορίας
3637 5289 3655 5304 ο

2075 5365 2172 5418 καὶ
2213 5365 2312 5436 τὴν
2360 5367 2582 5437 μνήμην
2633 5365 2939 5430 ἀναλαϐὼν,
2985 5365 3183 5438 μελετᾷ
3227 5365 3283 5417 ἐν
3315 5366 3426 5426 τοῖς
3467 5362 3660 5432 ἔργοις

2074 5455 2171 5510 τοῦ
2194 5456 2352 5520 Θεοῦ,
2392 5458 2486 5512 καὶ
2519 5461 2577 5511 ἐν
2618 5460 2731 5522 τοῖς
2775 5459 3043 5530 ποιήμασι
3075 5459 3183 5512 τῶν
3219 5454 3418 5527 χειρῶν
3458 5452 3655 5519 αὐτοῦ,

2075 5549 2137 5603 οὐ
2171 5551 2374 5622 μικρᾶς
2405 5550 2688 5621 τυγχάνων
2729 5549 3079 5623 παραμυθίας
3122 5549 3231 5603 ἀπὸ
3256 5547 3365 5601 τῶν
3404 5543 3660 5601 παλαιῶν
