3850 6210
240 340 313 392 ιο
1382 340 1895 398 COMMENTARIA
1933 339 2000 395 ΙΝ
2047 337 2385 396 PSALMOS.
3445 338 3514 396 ΒΟ

244 457 725 529 ἀναγνωσμάτων,
773 458 1061 530 μανθάνων
1108 457 1167 524 ἐξ
1208 459 1413 526 αὑτῶν,
1456 460 1539 513 ὅτι
1571 461 1697 525 τοὺς
1732 476 1824 514 πα·

1951 459 2250 528 cognoscit,
2285 466 2496 512 veteres
2527 456 2649 512 illos
2680 455 2929 527 plurimis
2979 457 3250 529 pressuris
3284 473 3350 513 ac
3394 465 3516 513 ten-

243 550 430 613 λαιοὺς
472 551 614 623 μετὰ
666 551 864 623 μυρίας
893 551 1099 623 θλίψεις
1121 554 1217 607 καὶ
1244 554 1584 624 πειρασμοὺς
1609 552 1838 605 ἐπεσκέ-

244 661 411 697 πτετο
439 644 469 696 6
497 644 651 710 Θεὸς,
673 647 767 699 καὶ
794 645 924 710 ὅσας
960 646 1233 718 παρέσχεν
1254 646 1438 710 αὐτοῖς
1454 644 1751 717 θεραπείας
1774 662 1834 698 τε

243 736 338 789 καὶ
371 737 716 807 εὐεργεσίας.
780 736 942 789 Ἀλλά
972 737 1067 790 καὶ
1112 739 1171 791 ἐν
1201 739 1315 801 τοῖς
1345 738 1443 808 τῆς
1475 736 1836 808 δημιουργίας

241 828 425 896 λόγοις
468 828 708 899 μελετῶν
754 828 1119 901 ἐθεραπεύετο
1148 830 1248 901 τὴν
1280 828 1478 899 ψυχὴν,
1516 829 1839 899 παιδευόμε-

240 936 355 985 νος,
390 919 468 984 ὡς
498 920 601 973 οὐκ
630 919 777 973 ἔστιν
805 920 1143 993 ἀπρονόητος
1164 923 1193 975 6
1225 919 1332 975 τῶν
1359 920 1662 992 ἀνθρώπων
1699 920 1834 991 βίος,

238 1010 365 1065 οὐδὲ
402 1010 781 1084 ἀθεράπευτος
820 1013 855 1083 ἡ
904 1011 997 1065 τοῦ
1041 1012 1405 1084 ταραχθέντος
1436 1011 1614 1083 ψυχή·
1665 1013 1837 1084 ἐφορᾷ

237 1103 301 1157 δὲ
331 1103 431 1157 καὶ
478 1103 751 1175 ἐφέστηκε
786 1105 953 1157 πᾶσιν
1001 1105 1031 1156 6
1061 1103 1157 1157 τοῦ
1199 1102 1335 1158 Θεοῦ
1377 1104 1550 1173 Λόγος
1610 1102 1835 1175 ἰώμενος

238 1199 368 1260 τοὺς
394 1198 889 1269 συντετριμμένους
914 1197 1012 1270 τὴν
1041 1198 1293 1269 καρδίαν.

238 1288 573 1344 Διεπέτασα
600 1290 751 1359 πρὸς
780 1290 856 1343 σὲ
890 1288 1005 1360 τᾲς
1028 1288 1232 1360 χεῖράς
1269 1306 1417 1359 μου·
1449 1289 1487 1357 ἡ
1514 1289 1685 1360 ψυχή
1715 1307 1835 1360 μου

753 1361 834 1426 ὠς
867 1359 943 1429 γῆ
969 1359 1229 1429 ἄνυδρός
1259 1374 1378 1413 σοι.

311 1450 597 1521 Μνησθεὶς
640 1452 751 1506 τῶν
802 1450 1047 1524 ἀρχαίων
1085 1452 1310 1524 ἡμερῶν
1353 1452 1417 1504 ἐκ
1460 1452 1559 1523 τῆς
1607 1450 1837 1523 μελέτης

238 1542 348 1595 τῶν
382 1542 548 1598 θείων
581 1544 1048 1614 ἀναγνωσμάτων,
1080 1542 1179 1607 τὰς
1211 1544 1399 1615 χεῖράς
1430 1562 1553 1615 μου,
1595 1545 1690 1597 καὶ
1737 1543 1837 1606 τὰς

236 1637 326 1690 διὰ.
357 1636 649 1707 μετανοίας
676 1635 907 1706 πράξεις
937 1635 1183 1705 καθαράς
1209 1654 1291 1689 σοι
1322 1637 1630 1698 ἐπιδεικνὺς
1656 1634 1837 1688 διεπέ-

233 1744 401 1791 τασα,
450 1726 626 1790 οὕτως
674 1725 841 1795 διψῶν
876 1742 991 1791 σου,
1025 1727 1054 1778 6
1082 1726 1234 1789 Θεὸς,
1267 1725 1362 1780 καὶ
1396 1726 1493 1796 τῆς
1537 1724 1689 1797 παρά
1737 1724 1832 1778 σοῦ

1942 552 2237 607 tationibus
2290 565 2321 604 a
2377 550 2488 605 Deo
2539 550 2707 605 fuisse
2759 550 3028 618 visitatos,
3078 559 3130 605 et
3176 559 3377 621 quanta
3426 551 3518 607 hic

1938 642 2174 698 remedia
2226 642 2415 696 iisdem
2469 640 2760 696 contulerit
2811 656 2878 697 ac
2941 641 3223 698 beneﬁcia.
3288 642 3513 713 Insuper

1937 736 2064 789 dum
2111 749 2292 789 rerum
2343 733 2674 789 creationem
2715 749 2898 789 secum
2932 744 3169 804 reputat,
3215 737 3400 791 animo
3430 750 3517 789 re-

1937 834 2174 889 creatur,
2225 825 2349 895 quia
2387 825 2547 879 discit
2605 824 2773 878 vitam
2833 824 3109 879 hominum
3159 825 3512 881 Providentia

1938 931 2044 971 non
2107 916 2383 981 destitui,
2460 931 2635 986 neque
2690 931 2845 971 suum
2920 918 3194 971 turbatum
3268 918 3509 973 animum

1938 1006 2183 1062 remedio
2237 1020 2452 1074 carere,
2501 1022 2624 1063 cum
2671 1007 2925 1063 omnibus
2971 1007 3280 1076 inspectans
3328 1009 3514 1079 praesit

1939 1099 2039 1155 Dei
2070 1096 2331 1166 Verbum,
2362 1116 2392 1154 a
2439 1114 2545 1171 quo
2576 1101 2807 1157 contriti
2842 1100 3007 1155 corde
3051 1108 3334 1156 sanantur.

1878 1274 1883 1279 ’
1943 1280 2104 1337 Vens.
2121 1280 2174 1335 6.
2202 1279 2451 1350 Expandi
2476 1296 2663 1334 manus
2682 1296 2822 1333 meas
2841 1280 2912 1333 ad
2930 1288 3012 1343 te;
3039 1281 3219 1335 anima
3242 1296 3360 1335 mea
3382 1281 3514 1336 sicut

2467 1362 2610 1404 terra
2640 1352 2752 1404 sine
2776 1367 2912 1420 aqua
2932 1353 3047 1404 tibi.

2008 1443 2231 1500 Dierum
2292 1444 2640 1514 antiquorum
2703 1451 2925 1513 propter
2978 1442 3194 1497 divinas
3249 1442 3512 1499 lectiones

1935 1551 2187 1602 memor,
2242 1551 2437 1591 manus
2488 1549 2637 1591 meas
2685 1535 3017 1605 paenitentiae
3056 1536 3312 1604 operibus
3359 1551 3516 1590 mun-

1935 1631 2093 1685 datas
2136 1629 2204 1684 ad
2256 1637 2308 1685 te
2368 1630 2701 1699 expandens,
2735 1640 2785 1684 te
2822 1630 3035 1694 sitiens,
3068 1630 3228 1697 Deus,
3262 1632 3511 1701 praeben-

1937 1722 2174 1791 damque
2202 1735 2233 1775 a
2264 1729 2317 1777 te
2346 1722 2705 1787 curationem,
2737 1737 2844 1777 non
2887 1724 3046 1777 modo
3075 1738 3173 1778 ceu
3204 1738 3400 1778 cervus
3442 1723 3511 1778 ad

237 1818 460 1881 ίάσεως,
503 1818 565 1870 οὑ
612 1818 772 1889 μόνον
818 1817 878 1870 ὃν
917 1817 1117 1887 τρόπον
1157 1816 1356 1886 ἔλαφος
1393 1817 1486 1869 ἐπὶ
1511 1816 1609 1879 τὰς
1651 1814 1824 1886 πηγὰς

1942 1814 2122 1869 fontes
2152 1827 2448 1882 aquarum,
2484 1828 2668 1868 verum
2719 1825 2778 1868 ut
2825 1813 2972 1869 arida
3016 1824 3072 1869 et
3118 1815 3236 1869 sine
3284 1816 3512 1871 humore

234 1909 345 1961 τῶν
378 1909 612 1972 ὑδάτων,
656 1907 791 1962 ἀλλά
830 1906 924 1961 καὶ
955 1907 1030 1970 ὡς
1062 1908 1289 1979 ἄνυδρος
1319 1907 1414 1961 καὶ
1444 1905 1583 1978 ξηρά
1613 1905 1686 1976 γῆ
1714 1906 1834 1977 ὀρέ-

233 2014 395 2067 γεται
425 1998 523 2050 τοῦ
551 2000 637 2050 ἐπ’
660 1997 830 2069 αὐτὴν
858 1997 1134 2059 κατιόντος
1160 1995 1337 2049 ὑετοῦ.
1366 1998 1427 2050 Ei
1466 1997 1524 2050 δέ
1564 1998 1659 2050 καὶ
1686 1996 1832 2049 ἐστιν

235 2093 271 2161 ἡ
308 2090 459 2162 ψυχή
506 2107 607 2160 μου
652 2090 730 2154 ὡς
757 2090 831 2161 γῆ
862 2089 1106 2161 ἄνυδρος.
1146 2087 1222 2151 ὡς
1268 2088 1405 2160 πρὸς
1447 2089 1507 2142 σὲ
1554 2088 1647 2142 τὸν
1700 2088 1833 2143 Θεὸν

234 2182 467 2253 τοιαύτη
502 2181 649 2236 ἐστίν
667 2199 682 2212 ·
713 2181 836 2235 καθ’
859 2180 1056 2252 ἐαυτὴν
1083 2180 1191 2251 γὰρ
1216 2179 1311 2233 καὶ⁹
1338 2179 1415 2242 ὡς
1443 2182 1500 2233 ἐν
1531 2180 1832 2252 ἀνθρώπων

236 2274 528 2347 συγκρίσει
586 2273 807 2344 γόνιμος
863 2275 956 2327 καὶ
1006 2271 1268 2344 τεθηλυῖα
1327 2272 1556 2344 καρπῶν
1607 2269 1832 2340 ἀγαθῶν

235 2366 509 2435 ὑπάρχει·
548 2366 632 2418 σοὶ
659 2364 717 2418 δὲ
747 2363 974 2435 ἄνυδρός
1011 2365 1165 2416 ἐστιν
1193 2362 1386 2429 οὕτως,
1416 2363 1490 2428 ὼς
1517 2364 1578 2416 οὐ
1607 2363 1830 2416 δικαιω-

234 2458 470 2528 θήσεται
508 2454 739 2509 ἐνώπιόν
768 2471 862 2508 σου
889 2456 998 2519 πᾶς
1036 2453 1165 2518 ζῶν.

240 2548 401 2618 Ταχὺ
431 2545 803 2618 είσάκουσόν
836 2562 932 2618 με,
966 2562 1021 2598 κ.
1048 2562 1098 2598 τ.
1219 2544 1314 2618 Μὴ
1342 2545 1735 2618 ἁίποσστρέψῃς
1766 2545 1830 2598 τὸ

634 2617 959 2685 πρόσωπόν
987 2630 1104 2670 σου
1130 2616 1229 2669 ἀπ’
1256 2617 1424 2687 ἐμοῦ.

318 2707 412 2761 Ἐν
459 2710 576 2770 τοῖς
621 2705 1007 2774 κατεπείγουσι
1038 2707 1254 2775 καιροῖς
1298 2704 1409 2758 τῶν
1454 2703 1832 2776 περιστάσεων

236 2799 360 2867 ἦτοι
390 2801 450 2852 ἐν
478 2799 740 2869 διωγμοῖς
771 2798 805 2871 ἢ
834 2801 948 2862 τοῖς
996 2798 1245 2869 ἐσχάτοις
1292 2797 1582 2862 κινδύνοις,
1612 2795 1831 2849 ἐπειδὰν

238 2888 695 2960 παρακινδυνεύει
748 2888 891 2952 τινὸς
942 2889 976 2959 ἡ
1025 2886 1193 2959 ψυχὴ,
1242 2887 1586 2951 ἐκλείποντος
1632 2886 1727 2940 τοῦ
1772 2888 1831 2941 ἐν

238 2983 376 3053 αὐτῇ
404 2980 737 3053 πνεύματος,
781 2981 876 3035 καὶ
914 2979 1016 3051 τῆς
1050 2980 1275 3052 καρδίας
1307 2981 1365 3033 ἐν
1389 2982 1525 3051 αὐτῇ
1568 2996 1831 3051 ταραττο-

240 3075 431 3145 μένης,
463 3077 731 3147 προσήκει
761 3074 963 3146 ὁμοίως
996 3074 1073 3145 τῷ
1105 3074 1269 3128 Δαυῒδ
1293 3073 1471 3144 λέγειν
1503 3075 1829 3146 εὐχομένους

1939 1913 2082 1959 terra
2126 1903 2468 1972 depluentem
2521 1906 2571 1959 in
2626 1920 2686 1960 se
2721 1906 2954 1960 imbrem
2997 1916 3244 1977 exoptat.
3278 1905 3504 1963 Etiamsi

1934 2008 2067 2050 vero
2104 1994 2282 2049 anima
2310 2008 2427 2049 mea
2458 2004 2543 2051 est
2575 1994 2737 2050 veluti
2774 1996 2892 2051 sine
2920 2010 3058 2065 aqua
3091 2007 3259 2061 terra,
3294 2010 3425 2067 erga
3456 2006 3509 2052 te

1938 2088 2191 2142 nimirum
2222 2088 2296 2141 ita
2335 2101 2396 2143 se
2432 2087 2630 2154 habet;
2688 2097 2946 2144 caeterum
2982 2102 3092 2159 prae
3131 2088 3252 2143 aliis
3278 2088 3512 2144 homini-

1935 2178 2035 2233 bus
2052 2177 2247 2234 fertilis
2260 2187 2363 2243 est,
2385 2187 2441 2234 et
2463 2180 2732 2234 bonorum
2755 2178 3029 2234 fructuum
3055 2194 3162 2234 non
3182 2180 3471 2236 infecunda
3494 2200 3509 2236 :

1936 2269 2055 2334 tibi,
2079 2271 2327 2339 inquam,
2344 2279 2428 2325 est
2445 2270 2620 2340 arida,
2641 2271 2767 2342 quia
2793 2286 2896 2326 non
2917 2270 3306 2341 justiiicabitur
3327 2286 3509 2328 coram

1935 2370 1988 2417 te
2016 2362 2301 2432 quisquam
2341 2362 2547 2418 vivens.

1938 2539 2094 2597 Vers.
2121 2541 2177 2595 7.
2211 2539 2330 2597 Cito
2358 2542 2555 2597 exaudi
2610 2559 2717 2605 me,
2768 2551 2877 2596 etc.
2932 2542 3017 2598 Ne
3066 2554 3272 2599 avertas
3321 2544 3511 2614 faciem

2568 2622 2715 2666 tuam
2745 2629 2778 2666 a
2805 2629 2906 2667 me.

2006 2704 2335 2775 Urgentibus
2377 2703 2754 2759 calamitatum
2809 2706 3146 2776 temporibus
3176 2706 3291 2761 sive
3319 2719 3507 2775 perse-

1932 2796 2240 2852 cutionibus
2265 2797 2637 2868 extremisque
2668 2798 3101 2863 discriminibus,
3126 2813 3251 2854 cum
3279 2797 3511 2865 alicujus

1932 2885 2114 2941 anima
2142 2886 2508 2957 periclitatur,
2550 2886 2930 2944 deﬁcientibus
2958 2887 3077 2959 ejus
3112 2888 3344 2954 viribus,
3375 2904 3512 2944 con-

1931 2978 2148 3034 turbato
2179 2980 2366 3046 corde,
2408 2978 2542 3035 utile
2576 2989 2661 3036 est
2686 2997 2809 3037 cum
2838 2982 3045 3036 Davide
3075 2990 3300 3037 orantes
3324 2981 3509 3037 dicere

1932 3069 2191 3126 Christo:
2224 3068 2441 3126 Exaudi
2477 3088 2579 3140 me,
2616 3072 2858 3128 Domine.
2892 3074 3079 3145 Neque
3109 3084 3290 3129 tamen
3321 3074 3374 3129 in
3407 3075 3509 3129 hu-

237 3164 307 3217 τὰ
332 3164 989 3235 Χριστοῦ,Είσάκουο¹όν
1010 3182 1107 3235 με,
1139 3166 1314 3236 Κύριε
1334 3182 1346 3196 ·
1376 3166 1436 3219 οὐ
1467 3166 1574 3238 μὴν
1604 3166 1697 3219 ἐπὶ
1720 3169 1824 3231 τοῖς

1941 3164 2113 3218 manis
2142 3164 2372 3231 negotiis
2405 3163 2508 3218 hoc
2542 3177 2761 3233 precum
2794 3178 2995 3235 genere
3027 3167 3104 3219 uti
3140 3166 3504 3220 necessarium

235 3256 605 3327 ἀνθρωπίνοις
667 3256 986 3329 πράγμασιν
1048 3259 1346 3327 ἀναγκαῖον
1400 3258 1721 3331 κεχρῆσθαι.
1758 3289 1827 3301 -

248 3349 367 3417 Ἐφ’
395 3349 522 3402 ὅσον
576 3347 677 3420 μὲν
726 3348 789 3402 τὸ
835 3350 1128 3421 πρόσωπόν
1180 3365 1273 3403 σου
1308 3350 1557 3417 καταξιοί
1603 3368 1671 3422 με
1718 3351 1827 3407 τῶν

240 3440 387 3493 ἰδίων
414 3439 605 3507 αὑτοῦ,
631 3438 693 3493 τὺ
716 3439 832 3509 φῶς
866 3457 962 3493 σου
993 3442 1141 3495 ἐστὶν
1170 3443 1230 3496 ἐν
1258 3441 1401 3513 ἐμοὶ,
1428 3442 1522 3495 καὶ
1546 3442 1696 3497 πᾶσά
1726 3460 1827 3515 μου

237 3529 578 3599 ἀπελήλαται
619 3530 841 3584 σκοτίω
890 3530 1018 3586 ὥστ’
1070 3531 1136 3586 ἂν
1193 3533 1384 3586 εἰπεῖν·
1457 3532 1825 3603 Ἐσημειώθη

238 3623 329 3691 ἐφ’
364 3619 526 3691 ἡμᾶς
571 3621 639 3675 τὸ
674 3620 800 3692 φῶς
836 3625 941 3679 τοῦ
980 3623 1305 3694 προσώπου
1353 3620 1492 3690 σου,
1536 3626 1743 3694 Κύριε·
1780 3629 1829 3679 εί

238 3714 295 3767 δὲ
332 3714 740 3785 ἀποστρέψειάς
786 3733 917 3769 ποτε
960 3716 1023 3769 τὸ
1060 3716 1352 3788 πρόσωπόν
1400 3735 1495 3771 σου
1546 3719 1641 3772 ἀπ’
1670 3718 1825 3790 ἐμοῦ,

248 3805 463 3876 γίνομαι
502 3808 563 3859 ὲν
592 3806 786 3879 σκοτίᾳ
817 3810 874 3860 ἐν
973 3807 1215 3877 γίνονται
1248 3809 1451 3872 πάντες
1479 3810 1528 3862 oi
1566 3809 1829 3863 καταϐαί-

241 3913 425 3960 νοντες
452 3898 533 3960 είς
560 3896 760 3951 λάκκον
778 3915 791 3929 ο
827 3899 884 3952 ἐν
922 3892 968 3968 ᾧ
1000 3898 1189 3972 λάκκῳ
1212 3899 1366 3953 οὐδὲν
1401 3900 1589 3973 ἔτερόν
1618 3903 1763 3957 ἐστιν
1791 3902 1825 3975 ἢ

242 3988 303 4043 τὸ
331 3988 666 4060 καλούμενον
701 3992 892 4055 σκότος
917 3990 1199 4063 ἐξώτερον.

252 4081 592 4137 ’Δκσυστὸγ
636 4084 898 4153 ποίησόν
942 4103 1044 4156 μοι
1081 4085 1149 4139 τὸ
1181 4085 1333 4155 πρωῒ
1363 4085 1430 4140 τό
1464 4084 1637 4151 ἔλεός
1688 4099 1826 4139 σου.

321 4239 412 4291 Ἐν
442 4242 557 4303 τοῖς
604 4241 933 4310 πειρασμοῖς
977 4239 1161 4306 ἐλέους
1201 4240 1345 4295 θείου
1382 4240 1650 4313 δεόμεθα·
1689 4243 1827 4313 ὅπερ

242 4330 440 4399 γένοιτ’
471 4330 537 4383 ἂν
582 4331 641 4384 ἐν
680 4334 801 4395 ταῖς
851 4334 1183 4403 προσευχαῖς
1221 4331 1600 4404 ἐγρηγορότως
1631 4330 1827 4402 σχολά-

241 4423 452 4493 ζοιμεν,
484 4423 579 4475 καὶ
626 4422 857 4493 μάλιστα
898 4424 1040 4480 κατά
1078 4423 1270 4496 καιρὸν
1294 4424 1386 4478 τὸν
1414 4422 1654 4487 ἑωθινὸν,
1688 4423 1828 4477 ὥστε

1929 3254 2354 3322 est.—Quandiu
2385 3255 2554 3312 facies
2593 3266 2683 3311 tua
2709 3272 2807 3312 suo
2840 3273 2924 3313 me
2952 3267 3198 3327 respectu
3230 3259 3505 3329 dignatur,

1930 3346 2110 3405 lumen
2146 3352 2293 3403 tuum
2326 3349 2379 3402 in
2404 3363 2491 3404 me
2514 3360 2622 3413 est,
2648 3361 2809 3419 atque
2835 3365 3027 3406 omnes
3052 3353 3312 3407 recedunt
3348 3361 3506 3407 tene—

1930 3440 2070 3508 brae;
2103 3440 2175 3495 ita
2212 3449 2271 3495 ut
2304 3439 2480 3497 dicam
2512 3459 2526 3495 :
2571 3439 2850 3512 Signatum
2901 3453 2975 3499 est
3017 3458 3175 3513 super
3201 3458 3297 3498 nos
3332 3443 3509 3499 lumen

1929 3534 2105 3588 vultus
2132 3534 2231 3598 tui,
2260 3532 2487 3588 Domine
2507 3534 2577 3587 ⁸⁸.
2606 3534 2757 3601 Quod
2781 3537 2824 3590 si
2857 3536 3063 3590 vultum
3097 3545 3245 3590 tuum
3269 3547 3505 3602 avertas,

1933 3625 2125 3680 decido
2144 3626 2199 3680 in
2227 3626 2481 3683 tenebras
2506 3643 2645 3699 quas
2668 3629 2702 3681 ii
2737 3630 3017 3698 patiuntur
3043 3627 3137 3698 qui
3169 3628 3505 3684 descendunt

1930 3717 1983 3772 in
2010 3717 2183 3774 lacum
2206 3736 2219 3785 ;
2243 3734 2351 3789 quo
2372 3720 2425 3774 in
2447 3720 2566 3775 lacu
2586 3720 2717 3775 nihil
2736 3720 2880 3776 aliud
2898 3731 2982 3776 est
2996 3735 3161 3791 quam
3179 3720 3505 3786 exteriores,

1928 3810 2008 3866 uti
2038 3810 2394 3881 appellantur,
2434 3812 2688 3870 tenebrae.

1934 4075 2094 4130 Vens.
2148 4077 2202 4130 8.
2257 4074 2511 4128 Auditum
2563 4074 2651 4143 {ac
2697 4075 2829 4128 mihi
2883 4089 3038 4128 mane
3081 4072 3504 4128 misericordiam

2596 4156 2763 4200 tuum.

2001 4238 2096 4295 Dei
2116 4236 2493 4294 misericordia
2522 4238 2575 4293 in
2599 4236 2990 4293 tentationibus
3016 4236 3354 4308 indigemus;
3382 4249 3503 4304 quae

1929 4340 1991 4388 ut
2043 4331 2202 4388 nobis
2253 4331 2528 4397 obveniat,
2578 4330 2870 4401 vigilanter
2920 4332 3175 4400 precibus
3225 4346 3505 4395 vacemus,

1932 4425 2199 4481 matutino
2233 4424 2536 4494 prtesertim
2582 4433 2844 4491 tempore,
2886 4434 2945 4476 ut
2978 4423 3158 4478 dicere
3183 4424 3458 4493 possimus
3487 4442 3504 4478 :

240 4512 501 4567 δύνασθαι
551 4512 763 4582 λέγειν·
812 4514 875 4568 '0
920 4515 1086 4582 Θεὸς,
1125 4519 1159 4570 ὀ
1209 4516 1354 4581 Θεός
1382 4532 1522 4585 μου,
1557 4514 1707 4584 πρὸς
1749 4513 1824 4568 σὲ

1941 4516 2088 4583 Deus,
2122 4517 2263 4572 Deus
2286 4532 2455 4581 meus,
2483 4516 2552 4569 ad
2580 4526 2631 4570 te
2660 4516 2724 4569 de
2752 4515 2867 4570 luce
2900 4515 3055 4585 vigilo
3077 4517 3146 4570 “.

384 4607 503 4658 [ξω.

384 4607 407 4655 ί
437 4624 503 4658 ω.

241 4604 623 4767 ὀρῗξηῖρισόν
648 4716 772 4768 μοι.
803 4700 998 4771 Κύριε,
1024 4699 1166 4755 ὁδὸν
1192 4698 1262 4753 ἐν
1289 4692 1329 4771 ᾗ
1356 4700 1741 4770 πορεύσομαι.

324 4860 461 4914 ’Δπὺ
487 4858 587 4914 τοῦ
608 4860 782 4931 χαμαὶ
807 4859 1019 4915 κεῖσθαι
1047 4858 1145 4932 τὴν
1187 4860 1325 4932 ἐμὴν
1359 4859 1495 4933 πρὸς
1553 4860 1619 4917 σὲ
1640 4860 1818 4932 ψυχὴν

238 4952 580 5007 ἀνατείναντι
635 4954 921 5024 μετανοίας
966 4954 1135 5020 δεῖξον
1188 4952 1327 5017 ὁδὸν,
1367 4952 1400 5024 ἢ
1435 4950 1533 5024 τὴν
1578 4952 1819 5022 ἄγουσαν

2461 4693 2546 4763 [ac
2599 4694 2765 4759 mihi,
2812 4693 3054 4758 Domine,
3112 4694 3249 4747 viam
3290 4696 3342 4747 in
3403 4710 3507 4764 qua

2522 4764 2802 4818 ambulem.

1997 4855 2133 4910 Dum
2159 4856 2343 4911 anima
2368 4871 2485 4911 mea
2506 4854 2653 4924 jacet
2685 4855 2832 4909 humi
2861 4864 3160 4925 prostrata,
3188 4855 3501 4925 imploranti

1927 4947 2060 5002 mihi
2106 4950 2444 5018 poenitentiae
2477 4950 2617 5001 viam
2649 4947 2892 5013 ostende,
2941 4964 3061 5017 quae
3100 4958 3226 5019 post
3257 4950 3504 5018 corporis

1928 4695 2087 4750 Vens.
2112 4697 2165 4751 8.
2220 4697 2411 4749 Notam

241 5043 383 5113 μετά
404 5044 655 5115 σώματος
676 5045 995 5117 ἀπαλλαγὴν
1021 5047 1113 5099 ἐπὶ
1134 5044 1202 5099 τὰ
1231 5044 1456 5115 οὐράνια
1480 5046 1610 5117 (15)·
1636 5046 1824 5118 θνητὸς

1941 5040 2323 5110 depositionem
2359 5044 2507 5099 ducit
2537 5048 2590 5098 in
2621 5044 2844 5099 caalum.
2886 5042 3017 5097 Nam
3061 5052 3325 5107 mortuus,
3364 5058 3503 5113 quo-

238 5136 351 5207 γάρ
375 5136 494 5201 πῶς
521 5137 587 5191 ἀν
618 5138 808 5209 νοήσαι
835 5138 932 5201 τὰς
956 5137 1109 5202 ὀδοὺς
1136 5136 1331 5204 uinci};
1362 5138 1501 5209 τάχα
1526 5138 1581 5192 δέ
1608 5156 1690 5202 τις
1724 5139 1826 5205 τὰς

238 5234 517 5308 προτέρας
556 5232 708 5295 ὁδοὺς
732 5232 968 5287 Μωῢσέα
993 5231 1086 5285 καὶ
1111 5234 1238 5297 τοὺς
1265 5233 1548 5304 προφήτας
1574 5230 1818 5303 βαδίσας,

240 5327 382 5379 κατά
403 5326 486 5390 τό,
517 5325 705 5395 Στῆτε
728 5325 798 5378 ἐν
830 5324 958 5389 ταῖς
986 5323 1168 5391 ὁδοῖς,
1204 5324 1302 5377 καὶ
1333 5323 1669 5393 ἐφωτήσατε
1697 5324 1819 5393 τρί-

1930 5133 2091 5188 modo
2133 5135 2251 5189 vias
2304 5151 2432 5191 suas
2482 5136 2815 5207 cognoscet?
2865 5136 3122 5192 Fortasse
3167 5136 3368 5207 aliquis
3413 5137 3507 5207 qui

1930 5227 2270 5295 antiquiores
2305 5227 2441 5293 vias,
2492 5228 2754 5299 Moysem,
2783 5229 3034 5297 inquam,
3078 5236 3132 5282 et
3180 5230 3502 5298 prophetas,

1928 5318 2259 5385 decurrerit;
2292 5318 2445 5388 juxta
2487 5319 2649 5375 illud:
2685 5320 2836 5376 State
2859 5321 2913 5373 in
2943 5322 3061 5385 viis,
3092 5329 3142 5375 et
3157 5321 3504 5376 sciscitamini

241 5419 385 5480 εους
426 5416 648 5485 Κυρίου
670 5415 933 5480 altos-lac,
969 5414 1107 5485 μετά
1145 5412 1348 5478 ταύτας
1376 5415 1473 5486 τὴν
1500 5415 1617 5469 ὁδὸν
1641 5412 1818 5486 ζητῶν

1941 5412 1989 5465 ie
2018 5416 2215 5469 sentitis
2249 5413 2462 5472 Domini
2501 5418 2708 5472 «sternis
2740 5418 2825 5483 5';
2870 5425 2986 5486 post
3034 5417 3156 5483 bas,
3187 5416 3383 5471 bonam
3408 5415 3500 5469 de-

241 5509 339 5578 τὴν
367 5508 599 5579 ἀγαθὴν,
643 5506 720 5578 τῷ
764 5507 965 5578 ταύτης
1009 5506 1337 5578 ἐρεῖ-πατρὶ,
1368 5506 1463 5561 καὶ
1497 5506 1816 5576 γινώσκοντι

1946 5505 2091 5575 tique
2120 5506 2263 5561 viam
2291 5524 2536 5580 quaerens
2582 5510 2724 5565 dicet
2777 5508 2938 5572 huius
2986 5509 3147 5579 patri,
3187 5508 3503 5579 viarumque

314 5625 361 5656 ⁸⁸
384 5624 527 5680 Psal.
559 5640 637 5689 Iv,
674 5626 725 5679 7.
797 5626 841 5659 ³¹
873 5626 1016 5681 Psal.
1048 5642 1184 5694 LXII,
1222 5628 1276 5682 2.
1354 5626 1405 5658 η
1430 5623 1542 5681 Jer.
1592 5640 1670 5690 Vl,
1706 5625 1789 5679 ιδ.

316 5714 1125 5789 (ἰωῖίάοεΙιίοᾼάεοηᾲίιηιιιιυε
1146 5718 1265 5772 sine
1286 5717 1604 5789 corporibus
1634 5716 1813 5789 etiam,
1911 5715 2131 5789 Eusemi
2193 5724 2384 5775 contra
2468 5717 2826 5776 recentiorum
2886 5717 3200 5776 Graecortun
3277 5709 3506 5771 cat30410-

251 5784 300 5839 in
362 5787 558 5842 coelum
641 5787 967 5857 recipiendis
1036 5784 1402 5861 sententiam}
1453 5786 1816 5859 antiquissimi

1930 5786 2091 5841 niam.
