3850 6210
323 290 390 352 51
989 289 1259 346 EUSEBII
1299 286 1780 351 CASSABIENSIS
1818 284 1973 344 OPP.
2015 279 2197 340 PARS
2235 280 2325 336 Ill.
2369 310 2439 328 -τ
2478 275 2890 333 EXEGETICA.
3500 267 3570 321 5‘2

320 409 447 464 filiis
478 409 791 466 idonearum
823 406 1038 476 perito:
1078 403 1306 460 Ostende
1344 405 1472 458 mihi
1507 405 1646 460 viam
1687 406 1742 458 in
1783 421 1886 474 qua

2009 401 2086 471 τὴν
2116 399 2233 452 ἁδὺν
2260 397 2369 453 τῶν
2400 396 2532 450 υἱῶν
2555 395 2635 460 τὸ,
2654 392 2962 462 Γντὸρισόν
2971 408 3073 460 μοι
3099 387 3242 443 ὁδὸν
3264 385 3572 452 ταύτηνεν

319 501 581 558 ambulem
606 514 626 553 :
655 515 774 568 quae
800 499 1016 571 quidem
1046 507 1317 554 annuente
1336 497 1494 552 Patre
1515 507 1684 553 semet
1709 508 1890 552 osten-

320 595 458 648 dens
477 593 554 647 ait
595 592 776 663 dignis
822 609 837 646 :
871 591 983 661 Ego
1003 608 1122 647 sum
1152 591 1257 655 via,
1299 607 1450 645 nemo
1483 592 1622 645 enim
1645 590 1785 646 venit
1819 591 1890 647 ad

322 677 539 735 Patrem
563 682 664 736 nisi
689 698 779 749 per
799 699 881 736 me
905 682 973 737 ⁵³.

465 860 628 915 Vens.
674 861 764 915 Il.
812 858 1041 930 Propter
1074 875 1262 914 nomen
1295 868 1470 922 tuum,
1506 859 1747 914 Domine.

394 951 585 1007 Simile
615 953 715 1007 hoc
747 951 968 1006 dictioni
997 950 1069 1005 illi
1099 965 1114 1005 :
1159 949 1285 1005 Non
1315 951 1485 1015 nobis,
1516 949 1760 1016 Domine,
1790 965 1894 1005 non

321 1044 490 1111 nobis,
508 1044 600 1096 sed
618 1044 816 1097 nomini
829 1052 918 1096 tuo
931 1041 999 1095 da
1016 1041 1313 1111 gloriam“.
1334 1039 1446 1096 Non
1465 1043 1608 1096 enim
1627 1043 1679 1096 in
1697 1052 1894 1097 semet-

321 1132 458 1201 ipsis
509 1142 724 1201 oportet
753 1132 1048 1188 conlidere.
1079 1131 1179 1199 Qui
1208 1143 1388 1187 autem
1421 1133 1748 1188 tentationes
1782 1132 1894 1188 for-

327 1224 456 1279 titer
488 1223 824 1287 toleraverit,
855 1224 940 1280 his
969 1224 1126 1283 bonis
1158 1225 1316 1294 potiri
1344 1235 1546 1296 speret,
1580 1234 1766 1296 utpote
1799 1226 1890 1296 qui

327 1323 554 1382 angusta
610 1329 1022 1386 aerumnosaque
1053 1317 1136 1371 via
1171 1315 1274 1372 iter
1295 1314 1508 1372 fecerit.

330 1404 493 1460 Vens.
530 1406 619 1460 ll.
652 1404 932 1474 Equitate
970 1416 1062 1462 tua
1093 1409 1278 1463 educes
1309 1409 1375 1464 de
1412 1408 1749 1467 tribulatione
1771 1413 1892 1468 ani-

948 1493 1090 1530 mam
1119 1495 1310 1536 meam.

403 1567 540 1622 Vere
575 1566 849 1624 tribulatio
875 1567 1070 1624 anima:
1104 1578 1209 1636 est,
1245 1585 1366 1625 cum
1411 1571 1648 1628 hominis
1673 1573 1786 1628 vita
1827 1573 1895 1629 ad

329 1665 531 1712 terram
564 1658 946 1727 prosternitur,
975 1668 1030 1714 et
1057 1660 1172 1728 ipse
1208 1660 1262 1714 in
1293 1661 1532 1718 tenebris
1562 1662 1732 1719 sedet.
1764 1663 1897 1718 Pra-

328 1749 413 1801 vis
449 1761 666 1818 quoque
709 1749 1136 1817 cogitationibus
1171 1759 1226 1807 et
1277 1753 1629 1824 cupiditatum
1681 1751 1893 1809 flamma
1930 1779 1971 1835 Β

325 1836 506 1896 anima
531 1839 648 1908 ejus
672 1848 860 1894 vexata
886 1839 1163 1913 afﬂigitur,
1197 1846 1412 1900 nemine
1437 1861 1499 1900 ex
1528 1845 1614 1901 his
1632 1847 1903 1916 pressuris

327 1928 620 1995 liberante,
655 1941 856 2000 praeter
889 1934 1132 1988 cordium
1162 1937 1441 1991 conscium
1484 1935 1674 1992 Deum.
1712 1937 1818 1993 Sed
1849 1947 1904 1994 et

326 2019 438 2084 ille,
473 2020 558 2078 cui
598 2023 930 2092 'deceptores
977 2026 1250 2093 negotium
1291 2026 1602 2095 facessunt,
1656 2029 1903 2085 turbatur

329 2113 516 2172 animo
567 2128 914 2186 magnopere,
948 2117 1247 2185 praesertim
1300 2133 1421 2174 cum
1471 2120 1682 2177 illorum
1721 2121 1903 2190 sophi-

328 2212 503 2265 smata
525 2205 664 2259 haud
694 2205 881 2260 valens
909 2221 1225 2278 coarguere,
1250 2223 1317 2265 ne
1340 2211 1570 2267 veritate
1601 2212 1904 2283 depellatur

331 2295 505 2350 timet.
542 2295 648 2350 Sed
689 2296 848 2368 hujus
886 2298 1124 2362 animam
1161 2299 1300 2356 Deus
1331 2302 1477 2356 omni
1511 2317 1765 2371 pressura
1793 2304 1903 2359 eri-

333 2387 468 2455 piet,
503 2387 812 2444 illuminans
847 2407 966 2446 eam
1003 2392 1223 2462 suisque
1255 2393 1421 2448 radiis
1447 2393 1793 2464 collustrans,
1824 2402 1903 2449 at-

334 2491 441 2546 que
469 2487 530 2533 ut
565 2480 620 2534 in
650 2495 748 2535 sua
783 2478 995 2549 iustitia
1022 2483 1172 2537 vivat
1197 2482 1480 2552 adiuvans,
1509 2486 1583 2540 uti
1620 2500 1782 2557 supra
1812 2487 1904 2543 de-

332 2579 697 2626 monstratum
729 2571 852 2628 fuit.
881 2572 1052 2631 Porro
1082 2575 1457 2633 misericordia
1495 2578 1586 2634 Dei
1615 2579 1901 2635 destruen-

336 2675 426 2716 tur
480 2663 710 2728 inimici,
762 2681 870 2721 non
926 2667 1379 2734 substantialiter,
1435 2671 1537 2725 hoc
1585 2671 1728 2726 enim
1783 2671 1901 2727 fieri

334 2757 542 2825 nequit,
567 2757 662 2813 sed
685 2758 901 2828 dempta
930 2758 997 2814 iis
1026 2759 1305 2826 facultate,
1352 2775 1457 2831 qua
1499 2763 1646 2832 justo
1696 2763 1902 2818 homini

332 2849 715 2916 adversantur,
777 2847 1004 2919 ejusque
1054 2851 1290 2906 animam
1340 2863 1560 2908 vexant.
1619 2852 1712 2910 Sic
1755 2856 1900 2909 enim

332 2940 550 3008 requies
576 2940 726 3010 justo
751 2943 874 3007 erit,
914 2955 971 2999 et
1010 2950 1162 2997 extra
1205 2942 1404 2998 bellum
1451 2945 1506 2998 in
1545 2960 1681 3014 pace
1722 2946 1898 3016 deget.

335 3028 460 3085 Mox
498 3045 805 3100 provocans
839 3032 1150 3089 invocatum
1203 3048 1359 3089 suum
1413 3037 1480 3090 ad
1533 3038 1900 3105 annuendum,

1993 485 2034 562 ᾗ
2061 490 2446 557 πορεύσομαιο
2466 489 2586 558 ἥτις
2607 483 2989 544 ἐπινεύσαντος
3017 479 3110 533 τοῦ
3139 478 3351 550 Πατρδς
3375 476 3573 546 ἐαυτὴν

1996 581 2370 651 ἐμφανίζουσα
2404 578 2551 646 λέγει
2592 580 2703 641 τοῖς
2749 573 2946 640 άξίοις’
2992 570 3132 641 Ἐγώ
3163 573 3278 641 ειμι
3322 569 3360 636 ἠ
3409 567 3571 630 ὀδός⁹

1995 671 2196 736 οὐδεὶς
2241 671 2354 741 γὰρ
2395 670 2627 739 ἔρχεται
2665 665 2814 736 πρὸς
2858 663 2966 718 τὸν
3014 662 3246 733 Πατέρα
3275 662 3328 714 ει
3369 658 3455 730 μὴ
3499 657 3575 710 δι’

1999 762 2162 832 ἐμοῦ.

2244 851 2498 906 ’Ἕνεκεν
2527 849 2634 904 τοῦ
2667 847 2954 917 ὀνόματός
2977 845 3327 914 σου,Κύριε.

2070 945 2292 1021 Ὅμοιον
2319 943 2474 997 τοῦτο
2492 941 2590 1012 τῷ,
2612 940 2707 1008 Μὴ
2732 938 2897 1009 ἡμῖν,
2917 940 3112 1006 Κύριε,
3131 935 3215 1006 μὴ
3246 934 3406 1005 ἡμῖν,
3435 934 3575 995 Mli

1998 1038 2037 1106 ἣ
2081 1037 2160 1102 τῷ
2205 1035 2451 1106 ὀνόματι
2483 1048 2602 1087 σου
2629 1031 2736 1096 δὸς
2771 1030 2992 1095 δόξαν·
3026 1029 3088 1082 οὐ
3115 1028 3223 1099 γάρ
3253 1029 3338 1097 ἐφ’
3367 1029 3577 1088 ἑαυτοῖς

1999 1127 2105 1202 χρὴ
2129 1128 2369 1201 θαρρεῖν.
2408 1126 2468 1178 '0
2496 1125 2554 1178 δέ
2583 1123 2710 1186 τοὺς
2749 1121 3088 1194 πειρασμοὺς
3118 1118 3411 1191 ὑπομείνας
3449 1134 3572 1186 γεν-

2001 1220 2165 1283 ναίως
2214 1216 2481 1282 ἐλπιζέτω
2521 1215 2725 1269 τούτων
2769 1215 2982 1286 τυχεῖν,
3023 1212 3100 1277 ὡς
3144 1212 3209 1268 ἂν
3254 1213 3444 1282 στενὴν
3481 1210 3576 1265 καὶ

1998 1311 2361 1382 τεθλιμμένην
2387 1307 2632 1372 ὁδεύσας.

2013 1404 2115 1458 Ἐν
2146 1401 2224 1474 τῇ
2250 1396 3012 1539 δικαιοσύνῃὸἳρυήέξάξεις
3053 1394 3122 1450 ἐκ
3161 1394 3422 1465 θλίψεως
3461 1392 3577 1464 τὴν

2697 1489 2733 1540 χ
2777 1486 2818 1523 ν
2843 1486 2981 1539 μου.

2069 1564 2265 1638 Ψυχῆς
2306 1562 2522 1635 ἀληθῶς
2573 1561 2753 1631 θλίψις
2792 1559 2855 1613 τὸ
2908 1557 3312 1628 ταπεινωθῆναι
3346 1558 3426 1620 είς
3471 1555 3578 1625 γῆν

1999 1659 2098 1730 τὴν
2135 1658 2279 1730 ζωὴν
2322 1657 2507 1722 αὐτοῦ,
2539 1657 2634 1710 καὶ
2672 1657 2730 1708 ἐν
2774 1656 3065 1716 σκοτεινοῖς
3105 1653 3268 1706 αὐτὸν
3302 1652 3538 1723 καθῆσαι
3560 1669 3574 1682 ο

2001 1752 2096 1807 καὶ
2126 1754 2155 1805 ὁ
2185 1750 2292 1804 ὑπὸ
2318 1748 2592 1820 λογισμῶν
2619 1748 2676 1801 δὲ
2701 1746 2918 1816 φαύλων
2946 1747 3042 1800 καὶ
3066 1745 3365 1818 πυρώσεως
3389 1745 3580 1808 παθῶν

2005 1843 2388 1915 ἐνοχλούμενος
2415 1841 2513 1913 τὴν
2542 1841 2719 1913 ψυχὴν
2757 1839 2998 1893 θλίϐεται
3019 1854 3037 1872 ο
3064 1838 3278 1902 οὐδενὸς
3316 1837 3374 1891 δὲ
3415 1838 3579 1892 ἀλλου

2003 1937 2106 1992 ἕν..
2159 1953 2188 1990 ν
2241 1934 2497 2006 τοιαύτης
2549 1933 2780 2003 θλίψεως
2821 1930 3248 2003 ἐλευθεροῦντος,
3293 1931 3328 2001 ἦ
3379 1930 3472 1984 τοῦ
3520 1930 3583 1984 τὸ

2004 2026 2247 2099 κρυπτὸν
2307 2027 2406 2096 τῆς
2469 2024 2698 2097 καρδίας
2751 2023 2950 2086 εἰδότος
3006 2022 3163 2076 Θεοῦ.
3214 2021 3372 2075 Ἀλλά
3415 2023 3510 2075 καὶ
3553 2023 3584 2076 ὁ

2003 2121 2108 2174 ὑπὸ
2141 2120 2470 2190 διοχλήσεων
2512 2115 2842 2171 ἀπατεώνων
2894 2117 2991 2189 τὴν
3034 2116 3209 2186 ψυχὴν
3249 2116 3586 2188 ταραττόμεη

2002 2228 2090 2274 νος
2121 2210 2354 2266 θλίϐοιτο
2387 2210 2473 2275 ἂνξ
2496 2207 2748 2281 μεγάλως
2789 2208 2878 2261 ὅτε
2908 2207 3162 2278 μάλιστα,
3197 2207 3256 2260 οὐ
3287 2206 3585 2277 δυνάμενος

2000 2301 2296 2374 διελέγχειν
2340 2301 2409 2356 τά
2454 2300 2782 2370 σοφίσματα,
2830 2297 3138 2350 εὐλαϐεῖται
3173 2296 3246 2368 μὴ
3292 2294 3583 2366 ἀποσφαλῇ

2001 2394 2102 2465 τῆς
2158 2391 2446 2463 ἀληθείας·
2508 2391 2690 2460 ἐξάγει
2757 2390 2813 2444 δέ
2871 2388 3049 2460 ψυχὴν
3109 2387 3291 2459 πάσης
3353 2386 3586 2456 θλίψεως

2001 2481 2282 2553 τοιαύτης,
2325 2479 2652 2550 ἐπιλάμπων
2704 2477 2871 2550 αὐτὴν
2918 2477 3013 2537 καὶ
3055 2473 3427 2544 καταλάμπων
3461 2474 3584 2535 ταῖς

2005 2573 2164 2637 ἰδίαις
2214 2573 2605 2647 μαρμαρυγαῖς
2645 2570 2742 2624 καὶ
2792 2569 2940 2639 ἄγων
2989 2569 3166 2639 αὐτὴν
3204 2569 3285 2629 είς
3330 2566 3391 2618 τὸ
3416 2563 3583 2634 ζῆσαι

2003 2666 2148 2720 κατά
2175 2665 2274 2736 τὴν
2304 2664 2651 2736 δικαιοσύνην
2681 2662 2871 2726 αὑτοῦ,
2911 2662 2986 2725 ὡς
3035 2661 3264 2730 ἔναγχος
3301 2656 3584 2711 ἀποδέδει-

2003 2773 2148 2810 κται.
2187 2755 2358 2809 Ἐλέει
2379 2755 2438 2809 δέ
2462 2753 2598 2808 Θεοῦ
2633 2751 3170 2822 ἐξολοθρευθήσονται
3209 2749 3257 2801 οἱ
3285 2746 3487 2818 ἐχθροὶ,
3521 2746 3585 2797 οὐ

2001 2851 2124 2902 κατ’
2137 2848 2326 2902 οὐσίαν
2338 2845 2678 2917 φθειρόμενοι
2691 2844 2823 2914 (I6),
2843 2841 3102 2896 ἀδύνατον
3122 2839 3233 2911 γάρ
3251 2839 3426 2902 τοῦτο,
3450 2837 3587 2891 ἀλλὰ

2000 2939 2100 3012 τὴν
2133 2938 2245 3006 ἕξιν
2273 2936 2654 2999 ἀποϐαλόντες,
2692 2935 2771 2988 δι’
2798 2935 2864 3005 ἢν
2898 2931 3083 3004 ἐχθροὶ
3113 2931 3206 2985 τοῦ
3239 2930 3448 2985 δικαίου
3489 2929 3588 2982 καὶ

2005 3030 2282 3094 θλίϐοντες
2321 3030 2419 3101 τὴν
2449 3027 2624 3099 ψυχὴν
2655 3025 2821 3080 αὐτοῦ
2874 3025 3227 3096 τυγχάνουσιν
3252 3041 3266 3054 ·
3307 3021 3448 3076 οὕτω
3478 3021 3588 3090 γὰρ

336 3121 490 3178 addit
517 3140 533 3177 :
575 3122 714 3190 Quia
746 3141 922 3181 servus
950 3137 1071 3181 tuus
1099 3143 1192 3196 ego
1233 3142 1370 3181 sum.
1406 3127 1474 3182 Et
1504 3128 1722 3198 quidem
1751 3131 1896 3185 omni

2009 3123 2063 3175 ἐν
2105 3120 2289 3176 ἀνέσει
2331 3119 2484 3173 ἔσται
2516 3120 2545 3171 ὁ
2585 3117 2794 3180 δίκαιος
2837 3117 2962 3170 ἄνευ
3009 3114 3245 3186 πολέμου
3291 3115 3349 3166 ἐν
3394 3113 3590 3182 εἰρήνῃ

337 3215 681 3282 possessione
710 3217 989 3288 gloriaque
1018 3218 1178 3292 longe
1208 3217 1398 3274 melius
1428 3229 1512 3276 est
1543 3234 1760 3276 servum
1784 3234 1905 3277 esse

340 3305 436 3361 Dei
487 3324 502 3362 :
556 3305 710 3377 cujus
761 3309 838 3364 rei
892 3310 1322 3382 magnitudinem
1373 3311 1633 3367 Servator
1689 3326 1908 3383 quoque

335 3398 592 3466 exposuit
647 3399 996 3465 astantibus,
1047 3401 1241 3456 dicens
1277 3399 1450 3456 ενοι
1497 3417 1578 3456 me
1631 3401 1907 3471 appellatis

340 3489 626 3546 Dominum
638 3499 686 3546 et
719 3491 1054 3560 Magistrum,
1087 3500 1138 3547 et
1176 3493 1299 3548 bene
1323 3492 1520 3558 dicitis,
1540 3509 1658 3547 sum
1681 3495 1816 3548 enim
1837 3494 1905 3548 ⁵⁸.

339 3578 482 3640 Nihil
510 3581 725 3636 demum
755 3591 1038 3651 tantopere
1076 3583 1262 3651 hostes
1291 3593 1512 3642 nostros
1539 3582 1690 3655 fugat
1709 3622 1726 3651 ,
1749 3598 1909 3654 quam

338 3671 602 3742 spiritalis
650 3673 953 3730 meditatio.

841 3935 1161 3993 PSALMUS
1188 3934 1417 3992 CXLIII.

419 4030 476 4085 Si
507 4027 668 4100 hujus
689 4029 882 4099 psalmi
911 4029 1301 4088 continentiam
1322 4031 1390 4085 ad
1409 4029 1662 4086 Davidem
1687 4029 1914 4098 referas,

347 4123 650 4192 praesertim
683 4122 811 4190 quia
846 4122 900 4176 in
952 4120 1227 4176 nonnullis
1275 4120 1680 4190 exemplaribus
1717 4120 1916 4176 inscri-

346 4217 496 4271 bitur
532 4215 600 4270 de
622 4203 868 4281 Goliath,
915 4213 1064 4269 dices
1085 4213 1351 4291 psalmum
1380 4211 1571 4269 Davidi
1596 4228 1916 4285 congruere,

346 4308 460 4375 qui,
489 4316 551 4363 ut
580 4315 660 4362 est
691 4306 746 4361 in
787 4305 1042 4370 historia,
1074 4305 1252 4359 virum
1289 4304 1435 4360 illum
1470 4304 1602 4360 vicit
1631 4320 1737 4360 non
1769 4319 1920 4360 com-

2005 3214 2225 3284 διάγων.
2270 3209 2700 3281 Ἐκκαλούμενος
2723 3208 2781 3262 δέ
2804 3207 2942 3278 πρὸς
2965 3206 3027 3260 τὸ
3057 3204 3338 3259 ἐπινεῦσαι
3361 3201 3450 3256 τὸν
3484 3219 3590 3254 πα-

2010 3303 2430 3377 ρακαλούμενον,
2458 3303 2705 3372 ἐπήγαγε
2730 3299 2814 3363 τὸ,
2848 3299 2976 3352 Ὅτι
2999 3301 3032 3352 ὁ
3065 3296 3281 3360 δοῦλός
3325 3309 3441 3348 σου
3471 3292 3590 3361 εἰμί

2008 3398 2140 3468 ἐγώ.
2175 3395 2484 3468 κτημάτων
2507 3394 2565 3447 δέ
2595 3393 2688 3447 καὶ
2721 3390 3054 3462 αὐχημάτων
3084 3389 3146 3442 τὸ
3175 3388 3426 3459 μέγιστον
3449 3402 3590 3456 χρης

2014 3490 2238 3561 ματίσαι
2286 3487 2422 3542 Θεοῦ
2463 3486 2668 3540 δοῦλον.
2713 3483 2961 3537 Δείκνυσι
3005 3481 3063 3535 δέ
3107 3479 3168 3534 τὸ
3210 3478 3437 3551 μέγεθος
3463 3477 3591 3531 τού-

2010 3601 2102 3638 του
2129 3582 2223 3637 καὶ
2246 3582 2276 3634 ὁ
2308 3580 2499 3650 Σωτὴρ
2525 3578 2700 3646 λέγων
2737 3577 2852 3640 τοῖς
2897 3573 3145 3628 συνοῦσιν
3170 3571 3319 3642 αύτῷ
3343 3589 3357 3601 ο
3395 3567 3595 3638 Ὑμεῖς

2011 3669 2259 3744 φωνεῖτέ
2280 3687 2356 3741 με
2381 3672 2414 3724 ὁ
2435 3669 2652 3738 Κύριος
2671 3665 2769 3720 καὶ
2796 3668 2830 3720 ό
2850 3662 3241 3727 Διδάσκαλος,
3270 3659 3368 3714 καὶ
3392 3657 3594 3724 καλῶς

2012 3763 2236 3833 λέγετε,
2251 3760 2366 3831 εἰμὶ
2383 3759 2497 3829 γάρ
2516 3775 2529 3790 ο
2551 3758 2702 3815 οὐδὲν
2723 3755 2894 3820 οὕτως
2916 3753 3208 3809 ἀποδιώκει
3221 3754 3345 3817 τοὺς
3365 3751 3594 3822 ἐχθροὺς

2014 3855 2192 3928 ἡμῶν,
2234 3853 2310 3918 ὡς
2341 3852 2542 3924 θεωρία
2580 3851 2923 3921 πνευματική
2953 3849 3088 3920 (l7).

2554 3940 2842 3996 ΨΑΛΜΟΣ
2883 3941 3064 3995 PMI".
3164 3939 3173 3952 '

2053 4083 2056 4086 .
2086 4038 2150 4092 Εί
2189 4036 2291 4108 μὲν.
2329 4034 2624 4107 ἀναφέρεις
2667 4033 2838 4097 ταῦτα
2882 4031 2977 4086 ἐπὶ
3007 4030 3098 4092 τὸν
3136 4029 3317 4093 Δαυῒδ,
3361 4027 3598 4100 μάλιστα

2017 4129 2098 4183 ὅτι
2135 4129 2277 4183 κατά
2304 4144 2427 4182 τινα
2465 4125 2574 4181 τῶν
2615 4125 2963 4200 ἀντιγράφων
3009 4123 3408 4196 ἐπιγέγραπται
3460 4118 3596 4189 πρὸς

2019 4220 2112 4274 τὸν
2145 4219 2363 4286 Γολιάθ,
2396 4221 2544 4291 ἐρεῖς
2572 4216 2832 4289 ἁρμόζειν
2864 4213 3032 4286 αὐτῷ,
3060 4214 3204 4268 κατά
3227 4212 3325 4284 τὴν
3355 4211 3599 4282 ἱστορίαν

2021 4312 2329 4385 νενικηκότι
2353 4311 2443 4364 τὸν
2471 4311 2642 4382 ἄνδρα
2661 4310 2723 4370 ού
2767 4312 2835 4380 τῇ
2868 4310 3021 4379 κοινῇ
3053 4305 3374 4377 παντευχίᾳ,
3414 4320 3599 4359 πεποι-
3713 4355 3718 4360 ,

348 4401 497 4455 muni
529 4409 804 4454 armatura
833 4439 847 4464 ,
882 4399 978 4453 sed
1013 4411 1108 4452 sua
1157 4411 1284 4465 erga
1331 4396 1498 4452 Deum
1541 4396 1734 4451 ﬁducia
1770 4415 1782 4450 :
1811 4411 1902 4466 qut

2023 4403 2179 4474 θήσει
2233 4403 2292 4458 δὲ
2342 4406 2411 4475 τῇ
2464 4402 2557 4455 ἐπὶ
2596 4401 2688 4454 τὸν
2727 4400 2861 4453 Θεόν
2885 4416 2899 4429 ·
2945 4399 3005 4451 ὃν
3043 4396 3232 4469 ὥσπερ
3281 4393 3600 4449 διδάσκαλον

347 4491 452 4546 sibi
503 4490 766 4561 magistro
795 4499 1107 4559 assumpto,
1159 4463 1288 4542 tunc
1336 4488 1561 4557 quidem
1607 4463 1902 4542 Goliathun

2023 4463 2479 4567 ἐπιγραφόμενος,
2532 4493 2678 4546 τότε·
2712 4491 2811 4562 μὲν
2856 4490 2947 4544 τὸν
2992 4463 3294 4558 Γολιάθντῇ
3340 4487 3602 4557 σφενδόνῃ

346 4581 510 4638 funda
563 4583 730 4637 ictum
782 4580 1092 4648 interfecit;
1142 4579 1278 4634 alias
1326 4595 1456 4634 vero
1498 4580 1553 4634 in
1593 4594 1725 4650 agro
1774 4578 1902 4634 fera:

2024 4587 2238 4641 καθεῖλε
2277 4585 2484 4658 βαλών*
2531 4584 2717 4640 ἄλλοτε
2763 4583 2820 4637 δέ
2864 4583 2990 4646 τοὺς
3039 4583 3159 4636 κατ’
3211 4579 3380 4652 ἀγρὸν
3428 4578 3603 4648 θῆρας

347 4673 696 4742 strangulans
724 4671 1027 4728 interemit.
1061 4671 1256 4740 Dccujt
1276 4687 1404 4726 vero
1432 4671 1773 4742 potissimum
1802 4671 1902 4725 haec

2023 4684 2143 4745 ταῖς
2158 4680 2313 4751 χερσὶ
2341 4679 2548 4748 πνίγων
2563 4678 2776 4749 ἀνῄρει.
2796 4676 3041 4745 Ἔπρεπε
3068 4673 3126 4727 δὲ
3151 4672 3385 4744 μάλιστα
3413 4671 3508 4723 ἐπὶ
3531 4673 3602 4739 τῇ

347 4781 547 4828 canere
571 4767 637 4820 ad
662 4765 1001 4837 psalterium,
1033 4781 1156 4821 cum
1205 4765 1454 4820 manibus
1497 4763 1792 4847 digitisque
1823 4777 1902 4832 ρι’(

2024 4771 2118 4826 τοῦ
2147 4771 2446 4843 ψαλτηρίου
2491 4768 2820 4842 ἀνακρούσει
2844 4767 3018 4821 ταῦτα
3056 4766 3236 4844 λέγειν
3257 4763 3440 4826 αὐτὸν,
3488 4763 3602 4825 ὅτε,

350 4860 557 4931 plectro
588 4868 767 4928 utens,
786 4857 1092 4930 invisibiles
1120 4859 1394 4929 daemonas
1415 4856 1630 4922 Saulem
1658 4865 1902 4919 vexante:

2023 4867 2143 4928 ταῖς
2205 4864 2362 4938 χερσὶ
2403 4863 2500 4932 καὶ
2538 4866 2650 4933 τοῖς
2690 4860 2972 4930 δακτύλοις
3019 4860 3139 4913 ἀντὶ
3182 4856 3276 4910 τοῦ
3324 4855 3605 4927 πλήκτρου

353 4951 576 5021 fugavit.
599 4951 754 5016 Quod
785 4952 830 5006 si
856 4951 924 5006 ad
948 4951 1192 5021 quemvis
1215 4951 1419 5020 justum
1456 4951 1569 5005 haec
1595 4949 1899 5004 referantur

2029 4948 2328 5030 χρώμενος,
2356 4957 2484 5020 τοὺς
2512 4955 2775 5027 ἀοράτους
2797 4951 3055 5024 δαίμονας
3087 4949 3283 5022 ἡλαυνε
3321 4947 3398 5018 τῷ
3431 4948 3608 5000 Σαοῦλ

352 5042 502 5096 dices
522 5051 749 5096 cunctas
775 5041 1012 5097 hominis
1042 5042 1149 5096 Deo
1171 5042 1348 5096 dilecti
1378 5042 1621 5097 actiones
1645 5041 1698 5113 in
1727 5041 1902 5096 adver'

2029 5048 2395 5119 ἐνοχλοῦντας.
2446 5049 2510 5101 Ei
2549 5047 2592 5100 δ’
2641 5047 2732 5100 ἐπὶ
2779 5046 2956 5111 πάντα
2999 5044 3207 5098 δίκαιον
3252 5041 3506 5110 ἀνάγοιτο
3537 5039 3609 5093 τὰ

351 5133 622 5186 sariarum
654 5140 986 5201 potestatum
1020 5132 1244 5186 exitium
1273 5145 1526 5208 vergere,
1546 5131 1653 5186 Deo
1683 5132 1802 5207 ipso
1830 5131 1896 5185 ha

2036 5141 2194 5213 ῥητά,
2222 5143 2366 5211 ἐρεῖς
2390 5139 2569 5203 πάσας
2607 5137 2702 5200 τοῦ
2731 5135 3010 5205 θεοφιλοῦς
3037 5134 3264 5206 πράξεις
3288 5131 3610 5202 καθαίρεσιν

356 5240 614 5278 manuum
671 5224 1020 5295 operationes
1063 5223 1348 5291 dirigente.
1383 5224 1590 5305 Digitos
1620 5223 1741 5293 ejus
1769 5223 1902 5278 dicit

2032 5233 2141 5286 τῶν
2183 5232 2572 5302 ἀντικειμένων
2600 5229 2880 5300 δυνάμεων
2922 5229 3187 5299 ἐνεργεῖν,
3228 5225 3323 5279 τοῦ
3361 5223 3497 5278 Θεοῦ
3525 5224 3608 5278 δι-

353 5333 515 5395 opera
529 5318 694 5373 etiam
713 5319 931 5372 minima
944 5319 1192 5372 humanm
1207 5317 1330 5370 vita:
1345 5317 1700 5386 denotans.Et
1713 5318 1902 5387 quiden

2033 5322 2300 5391 δασκάλου
2341 5324 2440 5396 τῆς
2488 5322 2702 5392 τοιᾶσδε
2753 5320 2861 5374 τῶν
2903 5320 3102 5393 χειρῶν
3150 5319 3424 5382 ἐκτάσεως
3465 5333 3611 5386 γινο-

358 5426 613 5466 manuum
647 5425 864 5466 suarum
895 5411 1214 5466 extensione
1257 5409 1469 5479 Moyses
1502 5409 1831 5476 Amalecilas
1871 5409 1902 5462 il

2037 5415 2230 5487 μένου·
2277 5400 2415 5480 τοὺς
2455 5415 2514 5470 δὲ
2561 5411 2852 5484 δακτύλους
2902 5413 3068 5468 αὑτοῦ
3133 5412 3233 5476 τὰς
3283 5410 3447 5483 μέχρι
3497 5407 3612 5472 τῶν

428 5521 478 5556 ⁵³
512 5521 787 5592 Ιοςιιωιιν,
821 5520 873 5577 6.
949 5519 1156 5574 “I’sal.
1189 5536 1344 5586 cxm,
1383 5523 1431 5575 ι.
1505 5521 1551 5552 ⁸⁵
1599 5520 1757 5576 Ioan.
1789 5536 1909 5589 aut,
1939 5524 2026 5579 15.

429 5659 541 5731 (16)
583 5660 639 5714 ln
675 5657 858 5734 codice
904 5674 1114 5734 carioso
1165 5661 1357 5734 lacuna
1403 5663 1686 5734 suppletur
1731 5679 1920 5718 recen-

429 5665 541 5731 (16)
583 5665 639 5714 1η
675 5665 858 5713 codice
904 5674 1114 5715 carioso
1165 5665 1357 5716 lacuna
1403 5665 1686 5734 suppletur
1731 5679 1902 5718 recen-

363 5734 498 5795 tiore
551 5745 711 5787 tnauu
746 5728 1127 5802 φθεγγόμενοι.
1179 5730 1292 5802 Ego
1337 5743 1517 5789 tamen
1565 5734 1730 5791 malui
1773 5735 1893 5801 φθει

2032 5665 2266 5738 ρόμενοι.

2109 5737 2266 5801 (1Ὶ)Α

2109 5737 2220 5801 (Π)
2256 5733 2645 5795 Animadverte
2690 5733 2791 5798 pia:
2821 5732 3190 5791 meditationis
3219 5728 3456 5788 laudem.
