3850 6210
290 237 363 292 53
1434 236 1942 295 COMMENTARIA
1981 238 2048 296 HV
2082 238 2423 296 PSALMOS.
3483 242 3552 299 54

287 355 640 429 μικροτάτων
672 356 955 429 ἐνεργείας
985 356 1095 411 τῶν
1124 359 1268 413 κατὰ
1290 358 1380 415 τὸν
1406 360 1744 433 ἀνθρώπινον
1770 361 1884 432 βίον

1999 366 2169 436 Fugam
2198 365 2467 421 vertebat.
2505 364 2717 421 Videsis
2748 365 2911 419 etiam
2959 378 3027 419 ne
3079 364 3219 421 forte
3260 366 3333 422 sit
3392 367 3551 423 Chri-

282 447 525 519 ἐδήλωσε
545 464 557 475 ·
610 448 708 502 καὶ
744 448 990 520 Μωῦσῆς
1033 450 1091 503 δὲ
1117 451 1215 514 τὰς
1240 454 1426 524 χεῖρας
1449 452 1703 507 ἐκτείνων
1728 454 1879 524 ἐτρο-

281 540 453 594 miro
490 540 588 593 τὸν
644 540 911 611 ’Δμαλήκ.
964 541 1106 613 Ὂρα
1146 542 1203 597 δέ
1234 543 1308 613 μὴ
1349 544 1584 613 Χριστὸς
1614 547 1642 597 ό
1682 544 1876 613 λέγων,

278 631 715 704 τροπωσάμενος
746 633 874 695 τοὺς
910 633 1178 705 άοράτους
1218 633 1447 705 ἐχθρούς
1470 652 1483 665 ·
1528 634 1679 706 δηλοῖ
1717 635 1827 708 γὰρ
1850 637 1879 689 ό

278 722 518 793 ψαλμδς,
552 724 628 787 ὡς
663 722 1028 795 δειχθήσεται,
1070 723 1167 778 καὶ
1196 724 1423 778 κάθοδον
1467 726 1633 781 αὐτοῦ
1675 726 1776 798 τὴν
1819 725 1879 794 ἐξ

278 814 543 886 ούρανοῦ,
593 816 686 867 καὶ
725 816 935 888 τροπὴν
987 815 1281 887 δαιμόνων,
1316 817 1412 871 καὶ
1454 817 1645 888 κλῆσιν
1688 805 1876 883 ἐθνῶν,

280 908 376 961 καὶ
421 906 519 959 δύο
562 905 746 971 λαούς.

478 999 546 1051 '0
566 997 937 1052 ὑποτάσσων
962 999 1072 1052 τὸν
1094 999 1248 1053 λαόν
1270 1017 1391 1068 μου
1434 1001 1538 1054 ὑπ’
1576 999 1700 1070 ἐμέ.

351 1089 493 1143 Θεοῦ
530 1092 648 1143 ἐστι
682 1090 745 1143 τὺ
794 1090 1122 1144 ύποτάσσειν
1157 1091 1249 1144 τὸν
1281 1091 1477 1145 ἑαυτοῦ
1514 1091 1642 1146 λαὸν
1672 1091 1881 1164 ἀνθρώ-

283 1198 411 1244 ποις
433 1197 447 1209 ·
476 1182 616 1253 ὅπερ
642 1182 691 1233 εί
721 1183 795 1253 μὴ
834 1184 899 1235 ἐκ
941 1182 1077 1235 Θεοῦ
1119 1183 1341 1251 γίνοιτο,
1376 1183 1489 1237 οὐκ
1511 1185 1577 1239 ἄν
1616 1201 1746 1237 ποτε
1789 1184 1881 1253 γέ-

286 1289 435 1325 νοιτο
452 1272 568 1342 (18)
584 1290 597 1302 ’
628 1272 748 1326 ούδέ
762 1274 871 1344 γὰρ
895 1274 1137 1344 Μωῦσῆς
1162 1275 1405 1351 ἡγήσατο
1425 1275 1491 1329 ἂν
1508 1275 1601 1329 τοῦ
1626 1276 1879 1330 τοσούτου

288 1364 555 1436 πλήθους,
589 1364 667 1437 μὴ
692 1364 789 1418 τοῦ
818 1365 1027 1434 Κυρίου
1068 1365 1434 1433 ὑποτάξαντος
1460 1366 1608 1438 αύτῷ
1632 1368 1721 1422 τὸν
1755 1368 1882 1422 ἐαυ-

287 1457 383 1511 τοῦ
418 1456 573 1521 λαὸν,
604 1458 667 1510 ού
694 1457 761 1510 δι’
789 1456 967 1511 ὅπλων
1005 1456 1038 1526 ἢ
1082 1458 1170 1511 διὰ
1214 1459 1573 1529 παρατάξεως
1604 1459 1879 1531 άνθρωπίι

288 1566 411 1619 νης,
438 1548 611 1603 διὰδὲ
650 1550 748 1620 τῆς
786 1549 1096 1621 κρείττονος
1139 1550 1439 1621 δυνάμεως.

288 1642 495 1709 Κύριε,
537 1640 597 1694 τι
627 1641 801 1694 ἐστιν
840 1640 1170 1710 ἅνθρωπος,
1217 1642 1307 1695 ὅτι
1342 1640 1652 1712 ἐγγώσθης
1683 1642 1881 1708 αὐτῷ;

358 1732 703 1788 Πυνθάνεται
725 1732 925 1801 ὁλόγος
945 1711 1389 1806 ἐρωτηματικῶς
1406 1735 1488 1801 τὸ,
1513 1734 1565 1788 τί
1607 1734 1755 1788 ἐστιν
1790 1736 1882 1790 ἄν·
1915 1711 1956 1765 Β

289 1826 538 1895 θρωπος,
560 1827 593 1897 ἡ
603 1826 710 1895 μᾶς
735 1823 942 1889 διδάξαι
969 1825 1312 1897 βουλόμενος,
1338 1827 1421 1879 ὅτι
1442 1826 1587 1896 μέγα
1604 1844 1654 1879 τι
1672 1825 1882 1896 ἄνθρω-

288 1932 427 1981 πος·
454 1916 518 1968 οὐ
577 1915 687 1987 γὰρ
744 1917 812 1970 ἂν
855 1916 1101 1988 ἐχώρησε
1139 1917 1275 1971 Θεοῦ
1312 1916 1535 1987 γνῶσιν,
1575 1918 1682 1971 οὐδ’
1722 1917 1787 1971 ἂν
1836 1919 1884 1971 ἐ-

291 2008 512 2080 μνήσθη
528 2008 695 2063 αὐτοῦ
719 2011 747 2063 ὁ
763 2009 894 2073 Θεὸς
907 2008 1102 2076 οὕτως,
1118 2009 1194 2073 ὡς
1210 2010 1302 2064 καὶ
1319 2011 1541 2082 Σωτῆρα
1565 2011 1659 2065 καὶ
1672 2012 1884 2083 Λυτρω-

288 2101 391 2169 τὴν
424 2100 806 2165 ἐξαποστεῖλαι
850 2100 998 2172 αὐτῷ
1032 2102 1125 2155 τὸν
1154 2103 1349 2157 ἑαυτοῦ
1382 2104 1573 2171 Λόγον.
1620 2104 1886 2174 Παραινεῖ

286 2192 346 2245 δέ
378 2194 441 2247 ἐν
475 2192 558 2264 τῷ
587 2192 737 2264 αύτῷ
778 2194 871 2247 καὶ
908 2193 1134 2265 μηδενὸς
1178 2194 1465 2266 ἀνθρώπου
1499 2197 1882 2266 καταφρονεῖν,

288 2286 387 2339 καὶ
425 2286 510 2339 ὅτι
552 2286 743 2358 μηδεὶς
784 2286 933 2354 ἄξιον
960 2286 1218 2358 κατορθοῖ
1237 2287 1338 2357 τῆς
1375 2287 1630 2358 τοιαύτης
1664 2288 1885 2358 εὐεργε-

292 2377 441 2440 σίας.

384 2470 589 2538 Κύριε,
623 2470 837 2524 κλῖνον
868 2471 1163 2540 οὐρανούς
1186 2484 1325 2534 σου,
1357 2470 1455 2524 καὶ
1482 2469 1788 2538 κατάϐηθι.

367 2546 588 2632 Σφόδρα
626 2560 941 2631 ἀναγκαίως
970 2562 1063 2616 καὶ
1093 2560 1405 2625 ἀκολούθως
1436 2560 1633 2634 [λέγει]
1662 2561 1758 2615 καὶ
1790 2562 1887 2615 αύ-

294 2652 387 2707 τδν
420 2653 730 2725 καταϐῆναι
763 2653 858 2707 τὸν
905 2653 1001 2707 τοῦ
1034 2654 1171 2707 Θεοῦ
1214 2654 1386 2723 Λόγον
1433 2655 1513 2717 είς
1571 2652 1887 2725 καθαίρεσιν

294 2743 405 2799 τῶν
432 2744 743 2814 πολεμίων*
773 2746 821 2798 εί
848 2744 957 2817 γὰρ
984 2746 1077 2799 καὶ
1101 2746 1170 2800 τὰ
1192 2744 1449 2816 μάλιστα,
1469 2748 1627 2816 φησὶ,
1646 2745 1887 2798 διδάσκει

294 2836 397 2899 τὰς
418 2836 563 2907 ἐμὰς
586 2839 774 2909 χεῖρας
797 2838 892 2891 καὶ
932 2838 1058 2903 τοὺς
1094 2837 1391 2902 δακτύλους
1420 2838 1569 2901 ὅπως
1592 2838 1698 2909 χρὴ
1731 2836 1889 2890 πολε-

298 2932 444 2998 μεῖν,
478 2928 617 2986 ἀλλὰ
642 2931 738 2983 καὶ
768 2929 851 2993 τίς
895 2931 1046 3000 ίσχὺς
1091 2930 1403 3002 ἀνθρώπου,
1433 2930 1527 2984 καὶ
1566 2928 1705 2999 πόση
1734 2928 1889 2981 δύνα-

1981 466 2119 523 stus,
2185 458 2275 527 qui
2336 457 2470 511 ait:
2524 455 2578 510 in
2638 456 2823 525 l'ugam
2887 455 3183 524 conjiciens
3250 455 3553 513 invisibiles

1983 548 2193 603 hostes.
2224 546 2359 602 Nam
2390 546 2653 616 psalmus,
2685 556 2744 601 ut
2772 546 3255 612 demonstrabitur,
3306 557 3363 603 et
3403 551 3553 605 redi-

1983 647 2096 694 tum
2156 637 2274 708 ejus
2333 639 2401 694 de
2477 636 2663 704 caalo,
2726 649 2783 693 et
2854 637 3035 708 fugam
3092 639 3446 709 daamonnm,
3500 651 3555 697 et

1980 727 2220 797 gentium
2264 728 2640 797 vocationem,
2689 728 2826 784 duos
2870 726 3104 799 denique
3154 730 3402 800 populos,
3453 732 3550 786 de-

1980 826 2156 875 notat.

2053 1003 2219 1058 Vrsas.
2255 1000 2312 1056 2.
2357 1000 2461 1067 Qui
2481 999 2713 1055 subdidit
2741 996 2992 1069 populum
3026 1014 3197 1051 meum
3239 997 3334 1051 sub
3377 1012 3481 1052 me.

2054 1093 2151 1150 Dei
2182 1102 2268 1149 est
2291 1094 2548 1164 populum
2573 1107 2729 1147 suum
2762 1090 3069 1145 hominibus
3093 1089 3379 1157 subjicere,
3411 1090 3553 1160 quod

1983 1186 2092 1242 nisi
2118 1200 2147 1240 a
2179 1186 2288 1241 Deo
2314 1185 2425 1247 ﬁat,
2458 1199 2733 1254 nunquam
2792 1183 2902 1239 ﬁet.
2953 1181 3086 1236 Nam
3130 1196 3304 1251 neque
3345 1181 3555 1252 Moyses

1984 1278 2147 1333 talem
2220 1284 2538 1347 tantamque
2610 1275 3011 1330 multitudinem
3088 1272 3375 1340 rexisset,
3446 1272 3552 1329 nisi

1982 1369 2031 1424 ei
2080 1367 2341 1425 Dominus
2398 1367 2652 1439 populum
2685 1381 2843 1422 suum
2897 1365 3246 1431 subdidisset,
3302 1379 3410 1419 non
3461 1380 3553 1419 ar-

1983 1464 2088 1519 mis
2145 1478 2322 1533 neque
2368 1462 2649 1517 hominum
2702 1460 2987 1526 exercitu,
3044 1460 3138 1515 sed
3187 1457 3413 1515 meliore
3460 1473 3558 1530 po-

1986 1553 2177 1609 tentia.

1983 1643 2149 1709 Vens,
2183 1644 2238 1697 2.
2265 1642 2506 1710 Domine,
2529 1642 2658 1712 quid
2681 1650 2757 1696 est
2784 1640 2960 1707 homo,
2987 1640 3114 1710 quia
3152 1640 3433 1695 innotuisti
3458 1639 3507 1695 ei
3533 1641 3558 1694 ?

2054 1735 2447 1804 lnterrogativo
2496 1733 2657 1788 modo
2700 1733 2893 1803 quaerit
2930 1731 3256 1797 Psalmista,
3303 1732 3432 1801 quid
3487 1732 3559 1785 sit

1984 1827 2145 1882 homo
2167 1844 2182 1894 ;
2216 1825 2413 1881 docere
2438 1839 2536 1880 nos
2562 1824 2770 1887 volens,
2802 1838 3056 1894 magnum
3079 1824 3207 1893 quid
3232 1837 3354 1878 esse
3381 1823 3559 1878 homi-

1984 1935 2131 1974 nem.
2162 1919 2332 1974 Secus
2363 1919 2532 1983 enim,
2569 1932 2744 1987 neque
2772 1916 2888 1986 ipse
2913 1916 3006 1972 Dei
3031 1917 3279 1971 notitiam
3310 1926 3555 1987 caperet,

1986 2027 2161 2082 neque
2190 2012 2336 2066 Deus
2381 2018 2665 2080 tantopere
2715 2008 2835 2080 ejus
2880 2010 3241 2077 meminisset,
3282 2019 3342 2065 ut
3389 2010 3556 2065 etiam

1986 2103 2329 2157 Servatorem
2358 2099 2880 2169 Redemptoremque
2918 2099 2967 2153 ei
3008 2101 3242 2155 mitteret
3282 2101 3557 2170 proprium

1987 2192 2247 2247 Verbum.
2275 2190 2455 2246 Mouet
2490 2191 2650 2246 simul
2677 2206 2746 2246 ne
2766 2205 3097 2260 quemquam
3124 2190 3394 2245 hominem
3427 2204 3558 2243 con-

1989 2292 2336 2349 temnamus;
2388 2293 2445 2339 et
2489 2284 2632 2353 quod
2676 2298 2837 2340 nemo
2864 2281 3129 2339 beneﬁcio
3161 2292 3313 2337 tanto
3338 2281 3559 2352 dignum

1986 2376 2190 2444 aliquid
2220 2385 2366 2445 agat.

1989 2468 2154 2523 Vnus.
2192 2468 2247 2524 5.
2303 2467 2544 2532 Domine,
2588 2466 2785 2521 inclina
2826 2467 2978 2523 emtas
3021 2475 3161 2531 tuos,
3208 2475 3257 2519 et
3287 2464 3556 2519 descende.

2058 2558 2377 2616 Necessario
2393 2559 2681 2614 admodum
2698 2568 2755 2614 et
2767 2570 3127 2615 consentanee
3147 2556 3349 2629 [dicit],
3383 2557 3560 2625 ipsum

1990 2652 2336 2709 descendisse
2373 2651 2463 2707 Dei
2512 2650 2750 2707 Verbum
2811 2652 2878 2707 ad
2935 2651 3173 2706 hostium
3227 2650 3559 2705 destructio-

1991 2761 2135 2801 nem.
2170 2745 2403 2801 Etiamsi
2435 2745 2606 2811 enim,
2654 2743 2853 2814 inquit,
2905 2742 3139 2813 egregie
3166 2741 3325 2795 docet
3368 2754 3560 2793 manus

1992 2853 2138 2894 meas
2168 2838 2235 2892 ad
2259 2837 2484 2903 bellum,
2535 2845 2775 2891 attamen
2797 2834 3055 2905 quantula
3082 2841 3166 2887 est
3195 2832 3278 2886 vis
3302 2831 3560 2894 hominis,

1992 2940 2051 2986 et
2074 2929 2325 2985 morituri
2361 2929 2537 2983 virtus
2568 2927 2658 2998 qui
2692 2926 2921 2982 vanitati
2963 2923 3157 2979 similis
3183 2932 3286 2986 est,
3316 2931 3373 2975 ut
3400 2930 3564 2974 tanta:

298 3038 395 3091 μις
428 3020 526 3075 τοῦ
551 3019 746 3092 θνητοῦ
780 3023 876 3077 καὶ
908 3022 1227 3094 ματαιότητι
1254 3020 1631 3093 ὁμοιωθέντος,
1665 3020 1801 3091 πρὸς
1829 3018 1889 3072 τὸ

1999 3022 2237 3077 hostium
2262 3020 2685 3077 acieiresistere
2710 3018 2927 3090 possit?
2962 3016 3105 3087 Ergo
3133 3026 3187 3069 tu
3224 3015 3359 3085 ipse,
3389 3013 3565 3068 Domi-

296 3110 595 3183 δυνηθῆναι
639 3116 829 3184 στῆναι
871 3113 1012 3167 κατὰ
1053 3115 1152 3185 τῆς
1196 3115 1461 3185 τοσαύτης
1500 3111 1887 3184 παρατάξεως;

297 3203 381 3256 διὸ
415 3206 481 3258 σὺ
524 3205 706 3271 αὐτὸς,
740 3200 786 3260 ὦ
812 3205 1006 3277 Κύριε,
1047 3205 1224 3259 κλῖνον
1271 3206 1555 3278 οὐρανοὺς,
1593 3206 1687 3258 καὶ
1721 3202 1891 3256 κατά-

301 3295 448 3366 ϐηθι.
484 3298 761 3368 Οὐρανοὺς
791 3297 849 3350 δέ
895 3315 1027 3368 φησι
1064 3297 1163 3360 τὰς
1208 3298 1599 3368 ἐπινοουμένας
1641 3298 1711 3351 ἐν.
1743 3293 1891 3365 αύτῷ

299 3388 562 3458 δυνάμεις
586 3406 599 3419 ·
635 3390 712 3452 ὡς
742 3389 802 3442 δέ
849 3391 1033 3461 πατὴρ
1078 3389 1313 3460 νηπίοις,
1360 3390 1456 3443 καὶ
1496 3389 1574 3453 ὡς
1622 3388 1891 3459 μαθηταῖς

298 3478 625 3543 διδάσκαλος
665 3481 1111 3549 συγκαταϐαίνει.

458 3570 925 3636 Ἐξαπόστειλον
951 3571 1069 3641 τὴν
1091 3572 1262 3642 χεῖρά
1287 3587 1404 3627 σου
1432 3573 1501 3637 ἐξ
1527 3572 1747 3647 ὕψους.

386 3661 821 3729 Ἕξαπόστειλον,
849 3666 1013 3735 φησὶν
1038 3666 1066 3717 ό
1096 3664 1327 3737 ψαλμὺς,
1362 3666 1461 3737 τὴν
1488 3666 1777 3736 ποιητικὴν
1798 3666 1894 3720 καὶ

304 3754 649 3827 φυλακτικὴν
694 3755 804 3809 τῶν
850 3755 987 3810 ὅλων
1020 3758 1181 3828 χεῖρα
1224 3757 1316 3810 ἐπὶ
1361 3756 1440 3827 τῷ
1487 3756 1766 3823 ἐξελέσθαι
1799 3756 1894 3810 καὶ

307 3846 579 3917 ῥύσασθαί
614 3864 682 3917 με
710 3847 777 3900 ἐκ
800 3846 910 3900 τῶν
956 3847 1167 3901 πολλῶν
1193 3847 1400 3903 ὑδάτων
1427 3850 1521 3902 καὶ
1554 3847 1665 3902 τῶν
1694 3847 1895 3919 χειρῶν

302 3938 415 3992 τῶν
436 3939 735 4010 ἀλλοτρίων
755 3938 886 3992 υἱῶν
902 3955 917 3969 ⁸
944 3939 1168 3993 δυνατὸν
1192 3938 1250 3993 δὲ
1273 3939 1334 3992 τὸ
1358 3939 1416 4006 ἐξ
1445 3940 1651 3994 ὑδάτων
1684 3940 1895 3993 πολλῶν

306 4030 574 4103 ῥυσθῆναι
605 4032 780 4084 εἰπεῖν
806 4030 916 4085 τῶν
944 4031 1195 4103 πονηρῶν
1227 4032 1512 4102 δυνάμεων.
1537 4032 1632 4085 καὶ
1662 4032 1756 4085 τοῦ
1777 4032 1895 4084 δια-

305 4124 467 4178 δόλου
496 4123 593 4177 τοῦ
636 4122 901 4193 βασιλέως
936 4122 1155 4176 πάντων
1202 4123 1316 4176 τῶν
1353 4122 1610 4176 τοιούτων
1630 4139 1643 4152 ·
1681 4122 1895 4194 ἐξαιρε-

306 4216 465 4288 θῆναι
488 4216 547 4269 δὲ
572 4217 666 4270 καὶ
691 4217 757 4269 ὲκ
774 4215 958 4287 χειρὸς
978 4214 1085 4269 τῶν
1106 4213 1402 4286 ἀλλοτρίων
1428 4213 1578 4279 υίῶν,
1606 4213 1717 4267 τῶν
1746 4216 1897 4285 ἐνερ-

306 4308 593 4379 γουμένων
636 4308 730 4360 ὑπ’
769 4307 950 4361 αὐτῶν
985 4304 1320 4378 ἀνθρώπωνο
1356 4305 1456 4370 τὰς
1501 4307 1898 4370 ἐπαναστάσεις

1992 3128 2085 3180 ne,
2120 3114 2288 3169 caelos
2313 3111 2538 3177 inclina,
2566 3121 2621 3166 et
2664 3110 2952 3165 descende.
2981 3107 3161 3164 leos
3197 3116 3376 3161 autem
3410 3105 3562 3171 dicit,

1991 3222 2115 3276 quat
2142 3206 2214 3263 ibi
2247 3204 2619 3275 intelliguntur
2642 3217 2765 3259 esse
2796 3210 3109 3271 potestates.
3140 3199 3313 3255 Porro
3343 3214 3440 3254 ceu
3467 3213 3563 3266 pa-

1996 3309 2076 3353 ter
2109 3297 2175 3351 ad
2206 3296 2463 3366 parvulos
2502 3294 2665 3360 ﬁlios,
2711 3309 2810 3350 ceu
2861 3294 2927 3349 ad
2968 3292 3264 3362 discipulos
3306 3289 3567 3360 magister

1992 3390 2292 3448 descendit.

2211 3574 2376 3631 Vatis.
2422 3574 2475 3630 ‘7.
2510 3572 2705 3628 Emitte
2723 3586 2937 3627 manum
2959 3580 3106 3626 tuam
3128 3584 3194 3624 ea;
3222 3568 3351 3622 alto.

2064 3668 2285 3735 Emitte,
2328 3668 2405 3723 ait
2441 3667 2701 3739 psalmus,
2748 3665 3112 3736 operatricem
3167 3663 3561 3732 tutelaremque

1993 3759 2235 3814 omnium
2258 3774 2505 3825 manum,
2538 3769 2597 3813 ut
2625 3773 2788 3813 eruas
2824 3758 3131 3826 liberesque
3173 3770 3260 3809 me
3281 3756 3349 3809 de
3375 3755 3563 3810 multis

1996 3851 2269 3917 ﬂuctibus,
2291 3860 2347 3906 et
2369 3851 2669 3908 alienorum
2701 3849 2935 3905 ﬁliorum
2969 3849 3239 3904 manibus.
3280 3846 3397 3902 1am
3431 3847 3570 3917 eripi

1996 3942 2063 3997 de
2097 3941 2591 4006 multis'ﬂuctibus,
2634 3942 2859 4011 intelligi
2896 3948 3075 4010 potest
3112 3939 3179 3995 de
3211 3938 3367 3994 malis
3417 3950 3573 4010 pote-

1996 4033 2246 4098 statibus,
2276 4044 2332 4089 et
2366 4033 2434 4089 de
2464 4034 2654 4089 harum
2705 4033 2947 4088 omnium
2994 4047 3122 4103 rege
3168 4031 3403 4087 diabolo.
3440 4032 3572 4086 Item

1997 4122 2221 4179 liberari
2252 4123 2320 4179 de
2346 4124 2648 4179 alienorum
2691 4122 2936 4177 ﬁliorum
2962 4122 3232 4185 manibus,
3278 4134 3474 4189 nempe
3505 4120 3572 4173 de

1997 4217 2285 4273 commotis
2367 4217 2584 4271 illorum
2653 4220 2878 4272 obsessa
2956 4212 3288 4268 hominibus.
3356 4210 3573 4266 Etenim

2000 4307 2260 4375 impetum
2291 4309 2648 4361 tentationum
2673 4317 2840 4375 atque
2863 4304 3176 4375 impiorum,
3198 4318 3367 4372 aquas
3390 4301 3575 4371 appel-

306 4401 418 4473 γὰρ
463 4400 575 4454 τῶν
604 4400 926 4472 πειρασμῶν
957 4398 1054 4453 καὶ
1102 4397 1231 4451 τῶνΔ
1252 4397 1464 4451 ἀσεϐῶν
1496 4397 1666 4452 ὕδατα
1698 4396 1889 4451 ἐκάλε-

1999 4396 2154 4464 lavit,
2176 4404 2310 4451 utet
2340 4397 2466 4451 alibi
2498 4399 2575 4451 ait
2602 4412 2619 4451 :
2679 4395 2934 4468 Forsitan
2984 4410 3134 4466 aqua
3172 4394 3575 4449 submersissent

310 4510 423 4557 σεν,
451 4492 527 4556 ὡς
561 4494 658 4546 καὶ
686 4492 919 4562 ἀλλαχοῦ
945 4507 1137 4561 φησιν·
1160 4492 1314 4559 'Apa
1335 4490 1400 4543 τὸ
1428 4490 1585 4558 ὕδωρ
1612 4490 1891 4543 κατεπόν-

307 4599 480 4637 τισεν
528 4582 722 4653 ἡμᾶς·
768 4585 863 4637 καί¹
905 4584 1101 4637 πάλιν·
1143 4580 1355 4638 Σῶσιόν
1375 4598 1479 4651 με,
1526 4585 1558 4636 ό
1600 4582 1765 4646 Θεὸς,
1799 4581 1891 4634 ὅτι

308 4674 688 4743 210161000111-
721 4675 909 4729 ὕδατα
936 4674 1048 4739 ἕως
1079 4673 1289 4743 ψυχῆς
1311 4690 1459 4742 μουθ
1491 4672 1799 4735 ἀκολούθως
1834 4673 1892 4726 δὲ

313 4767 453 4839 μετὰ
489 4768 590 4839 τὴν
629 4768 929 4821 κατάϐασιν
954 4765 1050 4820 τοῦ
1076 4766 1211 4820 Θεοῦ
1236 4766 1432 4834 Λόγου,
1477 4764 1575 4836 τὴν
1601 4764 1893 4835 ἐπιϐουλὴν

309 4860 419 4914 τῶν
474 4859 758 4914 άσεεῶν...
802 4857 967 4912 αὑτοῦ
1006 4876 1128 4930 τῳ..
1176 4856 1532 4928 θεασάμενος,
1571 4854 1640 4909 τὰ
1682 4853 1895 4927 προκεί-

316 4970 455 5023 μενα
486 4952 755 5017 θεσπίζει.

670 5043 851 5115 ᾮδὴν
894 5042 1115 5111 καινὴν
1144 5042 1370 5111 ᾇσομαί
1416 5056 1535 5095 σοι.

388 5136 562 5207 ’ᾼδει,
589 5137 685 5190 καὶ
708 5137 808 5207 τὴν
838 5135 1029 5206 καινὴν
1068 5133 1336 5205 διαθήκην
1378 5134 1436 5186 ὲν
1482 5136 1594 5196 τοίς
1636 5131 1764 5203 περὶ
1804 5131 1904 5202 τῆς

314 5227 544 5281 καθόδου
566 5228 662 5281 τοῦ
686 5227 822 5281 Θεοῦ
846 5227 1022 5296 Λόγου
1048 5226 1547 5300 προφητευομένοις
1594 5242 1697 5295 μνη
1708 5240 1902 5295 μονεύ-

316 5320 477 5391 θῆναι
500 5338 513 5351 ο
550 5319 632 5375 διὸ
662 5318 917 5391 δηλοῦται
964 5318 1103 5391 αῦτη
1141 5318 1233 5373 διὰ
1260 5318 1363 5388 τῆς
1402 5319 1595 5388 καινῆς
1615 5316 1778 5388 ᾠδῆς.
1805 5317 1897 5369 ’ὦ

314 5410 396 5483 τῷ
430 5412 487 5466 δέ
524 5412 702 5482 λέγειν
742 5411 954 5482 καινὴν,
987 5409 1340 5471 πεπαλαίωκε
1379 5408 1476 5481 τὴν
1525 5407 1767 5480 πρώτην,
1822 5406 1897 5470 ὣς

423 5553 472 5585 ⁸⁸
513 5550 658 5606 Psal.
700 5566 893 5617 cum,
931 5551 984 5604 ιῒ.
1056 5548 1291 5605 "‘Psal.
1334 5564 1526 5615 uvnt,
1568 5548 1625 5602 2.

1998 4506 2093 4545 nos
2114 4490 2179 4544 “.
2214 4489 2386 4544 hem:
2425 4488 2583 4544 Salva
2620 4505 2725 4554 me,
2766 4488 3019 4553 Domine,
3065 4488 3193 4556 quia
3243 4486 3575 4540 intrauerunt

2002 4604 2153 4657 aqua:
2184 4602 2346 4656 usque
2375 4586 2441 4639 ad
2465 4587 2700 4639 annnam
2730 4601 2898 4639 meam
2921 4584 2989 4637 ".
3020 4584 3397 4638 Consentanee
3445 4595 3576 4636 vero

2000 4689 2123 4749 post
2142 4679 2231 4731 Dei
2263 4678 2420 4732 Verbi
2437 4677 2785 4742 descensum,
2805 4676 3095 4747 impiorum
3119 4675 3345 4731 insidias
3364 4675 3575 4738 videns,

2004 4768 2374 4840 suprascripta
2403 4768 2757 4824 vaticinatur.

2178 5032 2341 5087 Vens.
2376 5032 2431 5087 9.
2476 5030 2752 5088 Canticum
2788 5047 2978 5085 novum
3014 5030 3243 5086 cantabo
3283 5030 3399 5086 tibi.

2075 5126 2258 5191 Canit,
2312 5140 2371 5181 se
2421 5141 2617 5181 novum
2665 5139 2881 5194 quoque
2927 5124 3105 5179 foedus
3154 5125 3206 5179 in
3248 5124 3336 5180 his
3363 5138 3483 5195 quas
3510 5122 3581 5181 de

1999 5220 2177 5275 reditu
2209 5219 2305 5276 Dei
2344 5220 2505 5275 Verbi
2539 5219 2896 5283 vaticinatur,
2927 5218 3343 5274 memoravisse.
3371 5218 3581 5274 Idcirco

2006 5312 2062 5368 id
2098 5312 2276 5367 foedus
2312 5328 2451 5369 novo
2484 5312 2700 5366 cantico
2750 5312 3175 5366 demonstratur.
3216 5310 3355 5367 Dum
3399 5318 3583 5368 autem

2005 5420 2204 5460 novum
2235 5404 2387 5471 dicit,
2419 5404 2570 5475 prius
2620 5402 2749 5458 illud
2801 5402 3133 5474 antiquavit,
3160 5412 3219 5460 ut
3245 5403 3322 5460 ait
3347 5405 3580 5476 Aposto-

2936 5589 2971 5619 ξ’

394 5691 517 5761 (18),
553 5690 815 5763 Congruit
851 5690 1114 5749 Eusebius
1142 5705 1265 5745 cum
1292 5689 1413 5745 divo
1456 5687 1624 5746 Paulo
1649 5688 1803 5745 Rom.
1830 5702 1953 5755 xm,
1995 5684 2045 5753 1,
2099 5684 2218 5742 Non
2247 5693 2321 5740 est
2354 5690 2578 5751 potestas
2607 5680 2706 5734 nisi
2737 5695 2767 5733 a
2795 5677 2922 5732 Deo.
