3850 6210
326 290 392 352 5|
991 290 1260 347 EUSEBII
1301 287 1782 346 CXESARIENSIS
1820 285 1975 344 OPP.
2015 283 2025 338 l

2015 281 2198 340 PARS
2236 281 2326 338 ιιι,
2370 311 2440 330 -ι
2479 277 2891 334 EXEGETICA.
3500 270 3583 323 5‘2

323 409 450 464 Iiliis
481 409 794 466 idoneorum
826 407 1040 477 perito:
1080 404 1308 461 Ostende
1345 406 1474 459 mihi
1509 406 1648 461 uiam
1689 406 1744 459 in
1784 421 1888 475 qua
1922 409 1957 466 Α
1988 419 2025 454 τ¹

2012 401 2087 472 τὴν
2117 399 2234 454 ὁδὸν
2261 398 2370 454 τῶν
2401 397 2533 451 υἱῶν
2556 397 2636 461 τὸ,
2655 394 2963 463 Γνώρισόν
2973 409 3074 462 μοι
3100 389 3243 445 ὁδὸν
3266 388 3585 454 ταύτηνεν·

323 500 584 558 ambulem
608 515 629 554 :
657 516 777 569 qua:
802 501 1019 572 quidem
1048 507 1319 554 annuente
1337 498 1496 554 Patre
1516 508 1686 554 semet
1711 509 1892 553 osten-
1995 486 2025 562 ᾗ

2012 485 2035 561 ἦ
2063 491 2446 558 πορεύσομαι·
2467 490 2588 559 ἥτις
2608 484 2990 546 ἐπινεύσαντος
3017 481 3112 535 τοῦ
3141 480 3352 552 Πατρδς
3377 478 3585 548 ἑαυτὴν

323 595 462 648 dens
481 594 557 647 ait
597 593 778 663 dignis
874 592 985 662 Ego
1005 609 1124 648 sum
1154 592 1260 656 uia,
1301 608 1451 646 nemo
1485 593 1624 646 enim
1647 592 1786 646 venit
1821 592 1891 649 ad
1997 585 2023 636 ὲ

2012 581 2371 652 ἐμφανίζουσα
2404 579 2551 648 λέγει
2593 581 2704 642 τοῖς
2751 576 2948 642 ἀξίοις·
2993 571 3134 643 Ἐγώ
3164 575 3279 642 εἰμι
3323 570 3361 637 ὴ

325 678 542 735 Patrem
565 683 666 737 nisi
691 699 782 750 per
802 699 883 736 me
907 683 975 737 ⁵³.
1997 691 2025 726 ο

2012 673 2197 737 νύδεὶς
2242 673 2354 742 τὰρ
2395 671 2628 740 ἔρχεται
2667 667 2816 738 πρὸς
2860 665 2967 720 τὸν
3015 664 3248 734 Πατέρα
3277 664 3330 716 εὶ
3370 660 3457 732 μὴ
3500 659 3586 712 δι’

2000 763 2164 817 ἐιιοῦ.

468 860 630 915 Vens.
677 861 766 915 II.
814 858 1043 931 Propter
1076 807 1264 916 nomen
1297 869 1471 923 tuum,
1507 860 1748 915 Domine.
2024 821 2025 829 χ

2012 781 2027 816 ς
2071 781 2164 817 ου.

2024 781 2070 833 μ
2245 852 2499 908 ’Ἕνεκεν
2527 851 2635 906 τοῦ
2667 849 2955 918 ὀνόματός
2979 862 3116 912 σου,
3132 847 3328 916 Κύριε.

397 951 587 1007 Simile
617 953 718 1007 hoc
749 951 970 1006 dictioni
999 951 1071 1006 illi
1101 966 1116 1006 :
1162 950 1286 1006 Non
1317 952 1486 1016 nobis,
1517 950 1761 1016 Domine,
1791 966 1895 1006 non

2071 946 2294 1022 Ὅμοιον
2320 944 2476 998 τοῦτο
2493 942 2591 1014 τῷ,
2612 941 2708 1010 Μὴ
2733 940 2898 1011 ἡμῖν,
2918 941 3112 1008 Κύριε,
3131 937 3216 1008 μὴ
3247 936 3409 1007 ἡμῖν,
3437 936 3582 992 ἀλλ’

323 1044 492 1111 nobis,
511 1044 602 1096 sed
621 1045 819 1096 nomini
831 1052 920 1096 tuo
934 1042 1000 1096 da
1018 1042 1314 1112 gloriam“.
1336 1041 1447 1097 Non
1466 1043 1610 1096 enim
1628 1044 1681 1097 in
1698 1053 1894 1098 semet-
1999 1039 2025 1103 ἦ

2012 1039 2038 1107 ἣ
2082 1038 2162 1104 τῷ
2205 1037 2452 1107 ὀνόματι
2484 1049 2602 1089 σου
2630 1033 2738 1098 δὸς
2773 1031 2993 1097 δόξαν·
3027 1031 3089 1084 ού
3117 1030 3225 1102 γὰρ
3254 1031 3339 1100 ἐφ’
3368 1031 3584 1091 ἑαυτοῖς

323 1132 460 1201 ipsis
512 1142 726 1200 oportet
755 1132 1049 1189 conﬁdere.
1081 1132 1180 1200 Qui
1209 1143 1389 1188 autem
1422 1135 1750 1189 tentationes
1784 1133 1895 1189 lor-
2000 1149 2025 1200 χ

2012 1129 2106 1204 χρὴ
2131 1129 2370 1202 θαρρεῖν.
2409 1127 2468 1180 '0
2497 1126 2556 1180 δὲ
2584 1125 2711 1188 τοὺς
2750 1122 3090 1196 πειρασμοὺς
3119 1120 3412 1193 ὑπομείνας
3450 1136 3576 1189 γεν-

329 1224 459 1279 titer
490 1223 826 1288 toleraverit,
857 1224 943 1280 bis
971 1225 1128 1282 bonis
1159 1225 1318 1294 potiri
1345 1235 1547 1296 speret,
1582 1235 1768 1297 utpote
1800 1228 1891 1298 qui
2002 1240 2025 1274 ν

2012 1221 2166 1285 ναίως
2215 1217 2482 1284 ἐλπιζέτω
2523 1216 2726 1270 τούτων
2770 1217 2984 1287 τυχεῖν,
3024 1214 3101 1278 ὡς
3145 1214 3210 1270 ἂν
3254 1214 3445 1284 στενὴν
3483 1213 3580 1267 καὶ

329 1322 555 1382 angusta
613 1329 1024 1386 :erumnosaque
1055 1317 1137 1372 via
1173 1317 1276 1372 iter
1296 1315 1509 1372 fecerit.
1999 1331 2025 1366 τ

2012 1312 2362 1384 ιεθλιμμένην
2387 1309 2633 1372 ὁδεύσας.

332 1403 495 1460 Vsus.
532 1406 621 1460 II.
653 1404 934 1474 xEquitate
971 1417 1064 1462 tua
1095 1410 1280 1464 educes
1311 1410 1376 1464 de
1413 1410 1750 1468 tribulatione
1773 1415 1894 1470 ani-
2013 1405 2025 1422 “

2013 1405 2116 1460 Ἐν
2147 1403 2224 1476 τῇ
2251 1402 2605 1471 δικαιοσύνῃ
2632 1398 3012 1476 σου-ἐξάξεις
3054 1396 3123 1452 ἐκ
3161 1396 3424 1466 θλίψεως
3463 1393 3580 1465 τὴν

951 1493 1091 1532 mam
1121 1495 1311 1537 meant.
1852 1469 1855 1470 ν

2192 1469 2221 1476 ’⁷
2576 1469 2818 1541 Ψυχήν
2844 1487 2982 1540 μου·

405 1567 542 1622 Vere
577 1566 852 1624 tribulatio
877 1568 1073 1625 animae
1105 1579 1210 1636 est,
1245 1586 1367 1626 cum
1412 1572 1650 1628 hominis
1674 1573 1786 1629 vita
1828 1574 1896 1630 ad

2071 1565 2266 1640 Ψυχῆς
2308 1563 2523 1636 ἀληθῶς
2574 1562 2753 1632 θλίψις
2793 1561 2856 1614 τὸ
2909 1559 3313 1629 ταπεινωθῆναι
3347 1560 3428 1622 είς
3472 1558 3581 1628 γῆν

331 1666 534 1713 terram
566 1658 950 1727 prosternitur,
977 1668 1032 1715 et
1058 1661 1173 1730 ipse
1209 1661 1263 1716 in
1294 1662 1532 1720 tenebris
1563 1663 1734 1720 sedett
1765 1664 1898 1720 Ρη·
2001 1678 2025 1713 τ

2012 1659 2098 1732 τὴν
2136 1659 2280 1733 ζωὴν
2323 1658 2508 1723 αὐτοῦ,
2541 1658 2635 1711 καὶ
2673 1659 2731 1710 ὲν
2775 1658 3066 1718 σκοτεινοῖς
3107 1654 3270 1708 αὐτὸν
3303 1654 3539 1725 καθῆσαι
3561 1671 3576 1684 ο

330 1747 416 1801 vis
451 1761 669 1818 quoque
712 1749 1138 1818 cogitationibus
1172 1761 1227 1808 et
1277 1753 1630 1824 cupiditatum
1681 1753 1894 1810 ﬂamma
1931 1781 1972 1837 Β
2003 1772 2025 1806 u

2012 1753 2097 1808 καὶ
2127 1755 2156 1806 ὁ
2187 1751 2292 1805 ὑπὸ
2319 1749 2593 1821 λογισμῶν
2620 1749 2678 1803 δὲ
2702 1748 2920 1818 φαύλων
2947 1749 3043 1801 καὶ
3067 1747 3367 1819 πυρώσεως
3391 1747 3582 1810 παθῶν

328 1837 508 1895 anima
533 1839 650 1908 ejus
675 1848 863 1895 vexata
889 1839 1164 1914 afﬂigitur,
1199 1847 1413 1901 nemine
1438 1862 1502 1901 ex
1529 1846 1616 1902 his
1633 1848 1904 1916 pressuris
2005 1848 2025 1898 ἐ

2012 1844 2389 1916 ἐνοχλούμενος
2416 1843 2514 1914 τὴν
2543 1842 2720 1914 ψυχὴν
2758 1841 2999 1894 θλίϐεται
3019 1856 3038 1873 ο
3066 1840 3280 1904 οὐδενὸς
3317 1839 3375 1893 δὲ
3417 1840 3582 1897 ἄλλου

331 1929 622 1995 liberante,
657 1941 859 2000 praeter
892 1935 1134 1989 cordium
1164 1939 1442 1993 conscium
1485 1937 1676 1993 Deum.
1713 1938 1819 1994 Sed
1849 1948 1904 1995 et
2003 1939 2025 1992 ἐ

2012 1939 2106 1993 ἕν..
2160 1955 2188 1991 ν
2242 1935 2498 2007 τοιαύτης
2550 1935 2781 2005 θλίψεως
2821 1932 3250 2004 έλευθεροῦντος,
3296 1933 3330 2002 ἦ
3380 1932 3474 1985 τοῦ
3521 1932 3586 1986 τὸ

328 2019 441 2084 ille,
475 2021 560 2079 cui
600 2023 932 2092 'deceptores
980 2027 1251 2094 negotium
1292 2028 1604 2097 facessunt,
1658 2031 1904 2086 turbatur
2005 2048 2025 2083 ι

2012 2027 2248 2101 κρυπτὸν
2308 2029 2408 2098 τῆς
2471 2026 2698 2098 καρδίας
2752 2025 2951 2089 εἰδότος
3007 2023 3163 2079 Θεοῦ.
3215 2023 3374 2076 Ἀλλά
3416 2025 3511 2078 καὶ
3553 2025 3587 2078 ὁ

331 2113 518 2172 animo
570 2129 916 2186 magnopere,
951 2118 1248 2186 praesertim
1301 2135 1422 2175 cum
1472 2122 1683 2178 illorum
1721 2123 1904 2192 sophi-
2004 2123 2025 2176 ί

2012 2122 2109 2176 ὑπὸ
2142 2121 2470 2192 διοχλήσεων
2513 2117 2844 2173 ἀπατεώνων
2895 2119 2992 2191 τὴν
3035 2117 3210 2188 ψυχὴν
3249 2119 3588 2189 ταραττόμεη

330 2213 505 2266 smata
526 2206 666 2260 haud
697 2206 883 2261 valens
912 2222 1227 2279 coarguere,
1251 2225 1319 2266 ne
1342 2213 1572 2269 veritate
1601 2214 1905 2284 depellatur
2002 2230 2025 2266 ν

2012 2230 2091 2276 νος
2123 2212 2355 2268 θλίϐοιτο
2387 2212 2473 2277 ἂνξ
2497 2209 2749 2283 μεγάλως
2790 2210 2879 2263 ὅτε
2909 2209 3163 2280 μάλιστα,
3197 2210 3256 2262 οὐ
3288 2208 3588 2280 δυνάμενος

332 2296 507 2350 timet.
544 2296 650 2351 Sed
691 2297 851 2369 hujus
888 2299 1126 2363 animam
1163 2300 1302 2357 Deus
1333 2304 1478 2358 omni
1512 2318 1766 2372 pressura
1793 2305 1904 2360 eri—
2001 2304 2025 2357 δ

2012 2303 2296 2375 διελέγχειν
2341 2302 2410 2358 τὰ
2455 2301 2782 2372 σοφίσματα,
2831 2298 3138 2352 εὐλαϐεῖται
3174 2298 3248 2370 μὴ
3293 2297 3585 2368 ἀποσφαλῇ

335 2387 470 2455 piet,
504 2387 814 2445 illuminans
849 2407 968 2447 eam
1005 2393 1224 2462 suisque
1256 2395 1422 2449 radiis
1448 2394 1794 2465 collustrans,
1825 2403 1904 2450 at-
2001 2412 2025 2448 ιι

2012 2395 2102 2465 τῆς
2159 2393 2446 2465 ἀληθείας·
2508 2394 2691 2462 ἐξάγει
2757 2391 2814 2445 δὲ
2871 2390 3050 2462 ψυχὴν
3110 2389 3293 2461 πάσης
3354 2387 3588 2458 θλίψεως

336 2491 444 2546 que
472 2488 532 2534 ut
568 2480 622 2534 in
652 2495 750 2536 sua
784 2478 996 2549 iustitia
1024 2483 1173 2537 vivat
1199 2483 1480 2552 adjuvans,
1509 2487 1584 2540 uti
1620 2501 1782 2558 supra
1813 2488 1904 2544 de-
2001 2501 2025 2537 τ

2012 2482 2282 2555 τοιαύτης,
2326 2481 2653 2552 ὲπιλάμπων
2704 2478 2872 2551 αὐτὴν
2919 2479 3014 2538 καὶ
3056 2475 3428 2553 καταλάμπων
3463 2477 3586 2537 ταῖς

334 2579 698 2626 monstratum
731 2571 852 2628 fuit.
883 2573 1052 2630 Porro
1083 2575 1458 2633 misericordia
1496 2579 1587 2635 Dei
1616 2581 1901 2637 destruen-
2006 2576 2025 2628 ι

2012 2574 2166 2639 ἰδίαις
2215 2575 2606 2649 μαρμαρυγαῖς
2646 2573 2742 2626 καὶ
2793 2571 2942 2640 ἀγων
2990 2570 3168 2641 αὐτὴν
3205 2571 3287 2632 είς
3331 2569 3392 2620 τὸ
3417 2566 3585 2637 ζῆσαι

338 2675 428 2716 ιιιι·
483 2663 711 2730 inimici,
763 2681 872 2721 non
928 2667 1380 2735 substantialiter,
1436 2671 1537 2726 hoc
1585 2672 1729 2726 enim
1783 2672 1902 2728 ﬁeri
2004 2685 2025 2721 ³

2012 2668 2148 2722 κατά
2176 2667 2274 2739 τὴν
2305 2666 2651 2738 δικαιοσύνην
2681 2664 2870 2728 αὑτοῦ,
2912 2663 2988 2726 ὡς
3037 2663 3264 2732 ἔναγχος
3302 2659 3586 2714 ἀποδέδει-

336 2757 544 2826 nequit,
569 2757 664 2813 sed
686 2758 902 2828 dempta
931 2759 998 2815 iis
1027 2759 1306 2827 facultate,
1353 2777 1458 2832 qua
1499 2764 1646 2834 justo
1695 2765 1902 2820 homini
2004 2775 2025 2811 ³

2012 2775 2149 2811 κται.
2188 2757 2358 2811 Ἐλέει
2380 2757 2438 2810 δὲ
2463 2755 2598 2810 Θεοῦ
2633 2753 3172 2825 ὲξολοθρευθήσονται
3211 2751 3258 2804 οί
3287 2749 3488 2820 ἐχθροὶ,
3521 2747 3586 2799 οὐ

335 2850 716 2916 adversantur,
778 2848 1006 2919 ejusque
1055 2851 1291 2906 animam
1341 2864 1560 2909 vexant.
1619 2853 1712 2911 Sic
1755 2857 1901 2911 enim
2002 2867 2025 2902 ν

2012 2852 2124 2904 κατ’
2137 2849 2326 2903 οὐσίαν
2339 2846 2677 2919 φθειρόμενοι
2691 2845 2823 2917 (16),
2844 2843 3103 2898 ἀδύνατον
3123 2842 3234 2914 γὰρ
3252 2841 3427 2904 τοῦτο,
3452 2839 3588 2894 ἀλλά

334 2941 552 3010 requies
577 2941 728 3011 justo
753 2944 875 3008 erit,
915 2955 972 2999 et
1012 2950 1164 2998 extra
1206 2943 1404 2999 bellum
1452 2945 1507 2999 in
1545 2961 1681 3016 pace
1721 2947 1900 3018 deget.
2001 2958 2025 2994 '=

2012 2941 2100 3013 τὴν
2133 2939 2246 3008 ἕξιν
2273 2937 2655 3002 ἀποϐαλόντες,
2693 2937 2771 2990 δι’
2798 2937 2865 3008 ἦν
2898 2934 3084 3006 ἐχθροὶ
3114 2934 3208 2988 τοῦ
3239 2933 3450 2987 δικαίου
3491 2931 3588 2984 καὶ

337 3028 462 3085 Mox
500 3046 806 3100 provocans
841 3033 1151 3090 invocatum
1204 3049 1360 3090 suum
1414 3038 1480 3091 ad
1534 3039 1900 3106 annuendum,
2006 3031 2025 3086 ε

2012 3031 2282 3095 θλίσοντες
2321 3031 2420 3103 τὴν
2449 3029 2624 3101 ψυχὴν
2656 3027 2822 3082 αὐτοῦ
2875 3027 3228 3098 τυγχάνουσιν
3253 3043 3268 3056 ·
3308 3023 3450 3078 οὓτω
3479 3023 3589 3092 γάρ

338 3122 491 3178 addit
519 3140 534 3178 :
576 3123 716 3190 Quia
747 3142 924 3181 servus
951 3137 1073 3182 tuus
1101 3143 1194 3197 ego
1235 3143 1372 3182 sum.
1407 3128 1474 3183 Et
1505 3130 1722 3200 quidem
1751 3133 1896 3187 omni
1927 3127 1970 3185 C
2005 3125 2025 3176 ἐ

2012 3125 2063 3176 ὲν
2105 3121 2290 3178 ἀνέσει
2331 3121 2484 3175 ἔσται
2517 3122 2546 3173 ὁ
2587 3119 2794 3182 δίκαιος
2837 3119 2963 3172 ἀνευ
3011 3117 3246 3188 πολέμου
3292 3117 3349 3168 ὲν
3394 3116 3590 3184 εἰρήνῃ

339 3215 683 3282 possessione
711 3216 990 3289 gloriaque
1019 3219 1179 3292 longe
1209 3217 1399 3275 melius
1429 3230 1514 3276 est
1544 3235 1759 3277 servum
1784 3236 1906 3278 esse
2005 3216 2025 3269 ὃ

2012 3216 2226 3285 διάγων.
2271 3211 2700 3283 Ἐκκαλούμενος
2724 3210 2782 3264 δὲ
2805 3209 2942 3280 πρὸς
2966 3208 3028 3262 τὸ
3057 3207 3339 3261 ἐπινεῦσαι
3362 3204 3452 3258 τὸν
3485 3221 3591 3256 παο

342 3305 438 3360 Dei
488 3323 504 3361 :
557 3305 711 3377 cujus
763 3309 840 3364 rei
893 3311 1323 3382 magnitudinem
1375 3312 1634 3368 Servatur
1689 3328 1908 3385 quoque
2010 3324 2025 3379 ι

2012 3305 2431 3379 ρακαλούμενον,
2459 3305 2706 3374 ἐπήγαγε
2731 3301 2814 3365 τὸ,
2848 3301 2977 3354 Ὅτι
2999 3303 3033 3355 ὀ
3065 3298 3282 3363 δοῦλός
3326 3311 3442 3350 σου
3473 3294 3591 3363 εὶμί

337 3398 595 3466 exposuit
649 3400 998 3465 astantibus,
1048 3401 1242 3457 dicens
1279 3400 1452 3457 :'Vos
1498 3418 1579 3456 me
1632 3403 1907 3472 appellatis
2008 3401 2025 3453 ὲ

2012 3400 2140 3470 ἐγώ.
2175 3397 2484 3470 κτημάτων
2507 3396 2564 3449 δὲ
2595 3395 2689 3448 καὶ
2722 3392 3054 3464 αὐχημάτων
3085 3391 3146 3444 τὸ
3175 3389 3426 3461 μέγιστον
3450 3404 3589 3459 χρηε

342 3489 626 3545 Dominum
639 3499 688 3545 et
720 3491 1055 3560 Magistrum,
1087 3500 1149 3548 et.
1177 3494 1300 3549 bene
1323 3493 1520 3559 dicitis,
1541 3510 1658 3548 sum
1681 3495 1816 3549 enim
1837 3495 1906 3549 “.
2014 3509 2025 3562 ι

2014 3492 2238 3562 ματίσαι
2287 3489 2423 3543 Θεοῦ
2464 3487 2668 3542 δοῦλον.
2713 3484 2961 3539 Δείκνυσι
3006 3483 3063 3537 δὲ
3108 3482 3169 3536 τὸ
3210 3480 3438 3553 μέγεθος
3464 3479 3591 3532 τού-

341 3578 483 3639 Nihil
511 3580 726 3636 demum
755 3591 1038 3651 tantopere
1076 3584 1262 3650 hostes
1291 3593 1512 3643 nostros
1539 3583 1690 3656 fugat
1709 3624 1726 3652 ,
1749 3600 1910 3654 quam
2010 3603 2025 3637 π

2012 3602 2102 3639 του
2129 3584 2222 3638 καὶ
2246 3585 2275 3636 ὁ
2308 3581 2500 3652 Σωτὴρ
2525 3580 2700 3648 λέγων
2737 3579 2854 3642 τοῖς
2898 3574 3146 3630 συνοῦσιν
3171 3573 3320 3645 αὐτῷ
3343 3591 3357 3604 σ
3396 3569 3594 3641 Ὑμεῖς

340 3671 603 3741 spiritalis
651 3673 954 3731 meditatio.
2013 3695 2025 3745 ε

2013 3671 2259 3745 φωνεῖτέ
2281 3689 2357 3742 με
2381 3674 2414 3726 ὁ
2436 3671 2652 3740 Κύριος
2671 3667 2769 3722 καὶ
2797 3670 2830 3721 ό
2851 3665 3242 3730 Διδάσκαλος,
3271 3662 3369 3717 καὶ
3393 3660 3594 3726 καλῶς

2012 3765 2237 3834 λέγετε,
2252 3763 2366 3832 εἰμὶ
2383 3761 2496 3831 γάρ
2515 3777 2529 3792 ο
2551 3760 2703 3818 οὐδὲν
2723 3757 2894 3822 οὕτως
2916 3755 3208 3811 ἀποδιώκει
3221 3757 3346 3819 τοὺς
3365 3753 3594 3825 ἐχθροὺς

2015 3857 2192 3929 ἡμῶν,
2235 3854 2310 3919 ὡς
2341 3854 2542 3926 θεωρία
2580 3852 2923 3922 πνευματική
2953 3851 3089 3922 (I7).

841 3935 1162 3993 PSALMUS
1188 3935 1417 3993 CXLIII.

2554 3942 2842 3997 ΨΑΛΜΟΣ
2883 3943 3064 3997 ΡΜΓ’.
3165 3942 3174 3955 ’

420 4029 478 4084 Si
508 4027 670 4098 hujus
691 4029 883 4099 psalmi
912 4029 1301 4087 continentiam
1322 4032 1390 4086 ad
1409 4029 1662 4087 Davidem
1687 4030 1914 4098 referas,

2053 4085 2056 4088 .
2087 4039 2150 4093 Εί
2189 4037 2288 4110 μὲν
2329 4035 2624 4108 ἀναφέρεις
2667 4035 2839 4097 ταῦτα
2878 4033 2978 4087 ἐπὶ
3008 4033 3099 4093 τὸν
3136 4031 3318 4095 Δαυῖδ,
3361 4029 3597 4102 μάλιστα

349 4122 652 4192 praesertim
685 4121 812 4207 quia
847 4122 900 4175 in
953 4120 1228 4176 nonnullis
1276 4121 1680 4191 exemplaribus
1717 4121 1916 4177 inscri-
2017 4132 2025 4182 ε

2017 4131 2098 4184 ὅτι
2134 4130 2277 4185 κατά
2304 4146 2427 4183 τινα
2465 4127 2574 4182 τῶν
2615 4127 2963 4202 ἀντιγράφων
3009 4125 3408 4198 ἐπιγέγραπται
3461 4121 3598 4191 πρὸς

348 4217 497 4270 bitur
534 4214 601 4270 de
623 4213 869 4281 Goliath,
916 4212 1065 4269 dices
1086 4213 1352 4291 psalmum
1379 4212 1571 4270 ‘Davidi
1596 4229 1917 4286 congruere,
2019 4242 2025 4258 ι

2019 4221 2111 4275 τὸν
2145 4221 2362 4287 Γολιάθ,
2395 4223 2544 4292 ἐρεῖς
2572 4218 2832 4290 ἁρμόζειν
2864 4215 3032 4287 αὐτῷ,
3061 4215 3204 4270 κατὰ
3227 4214 3325 4285 τὴν
3356 4213 3598 4284 ἱστορίαν

348 4307 462 4375 qui,
490 4316 552 4362 ut
581 4315 661 4362 est
692 4306 747 4361 in
788 4305 1042 4370 historia,
1075 4305 1252 4359 virum
1289 4304 1435 4359 illum
1470 4305 1602 4360 vicit
1630 4321 1738 4360 non
1769 4319 1920 4361 com-
2021 4331 2025 4344 ι

2021 4314 2329 4386 νενικηκότι
2353 4313 2443 4366 τὸν
2471 4312 2641 4383 ἀνδρα
2661 4312 2723 4371 οὐ
2767 4314 2835 4382 τῇ
2869 4312 3022 4380 κοινῇ
3053 4306 3375 4378 παντευχίᾳ,
3414 4313 3599 4360 πεποιέ
3717 4358 3722 4363 .

350 4399 498 4454 muni
531 4409 805 4454 armatura
833 4439 848 4464 ,
883 4398 978 4453 sed
1013 4412 1108 4452 sua
1157 4411 1284 4465 erga
1332 4396 1498 4452 Deum
1541 4397 1734 4452 ﬁducia
1770 4412 1920 4467 :quo
1953 4464 1987 4476 λ
2024 4419 2025 4438 ι

2024 4404 2179 4476 θήσει
2233 4404 2292 4458 δὲ
2341 4407 2410 4476 τῇ
2463 4404 2557 4456 ἐπὶ
2596 4401 2688 4455 τὸν
2727 4401 2899 4454 Θεόν·
2945 4400 3006 4453 ὃν
3043 4398 3232 4470 ὥσπερ
3281 4395 3600 4450 διδάσκαλον

349 4491 454 4545 sibi
504 4490 767 4560 magistro
795 4499 1108 4558 assumpto,
1159 4464 1288 4542 tunc
1337 4488 1561 4557 quidem
1607 4464 1917 4543 Golialhum
1951 4464 2025 4542 Di

2023 4464 2479 4568 ἐπιγραφόμενος,
2531 4494 2679 4548 τότε·
2712 4493 2811 4563 μὲν
2856 4492 2948 4545 τὸν
2993 4464 3294 4560 Γολιάθπῇ
3340 4489 3603 4568 σφενδόνῃ

349 4581 512 4636 funda
565 4583 731 4637 ictum
783 4579 1092 4648 interfecit;
1142 4578 1278 4634 alias
1327 4595 1456 4634 vero
1498 4580 1553 4634 in
1594 4595 1725 4650 agro
1774 4579 1924 4635 feras
2024 4609 2025 4615 ι

2024 4588 2238 4642 καθεῖλε
2277 4587 2484 4659 βαλών·
2530 4585 2717 4642 ἄλλοτε
2763 4585 2821 4639 δὲ
2865 4584 2991 4648 τοὺς
3040 4585 3158 4638 κατ’
3211 4581 3380 4654 ἀγρὸν
3428 4580 3602 4650 θῆρας
3644 4578 3649 4583 “

349 4673 696 4742 strangulans
725 4670 1027 4727 interemit.
1060 4671 1256 4740 Decujt
1277 4687 1405 4726 vero
1432 4672 1773 4742 potissimum
1802 4672 1922 4726 haec
2022 4704 2025 4716 ι

2022 4684 2142 4746 ταῖς
2157 4681 2313 4752 χερσὶ
2340 4680 2548 4749 πνίγων
2563 4679 2776 4751 ἀνῄρει.
2795 4678 3042 4747 Ἐπρεπε
3068 4676 3125 4729 δὲ
3152 4674 3385 4746 μάλιστα
3413 4672 3508 4724 ἐπὶ
3531 4675 3601 4741 τῇ

349 4781 548 4834 canere
573 4766 638 4820 ad
663 4765 1001 4836 psalterium,
1033 4780 1156 4820 cum
1205 4765 1454 4819 manibus
1497 4763 1793 4847 digitisque
1823 4778 1921 4832 pro
2024 4799 2025 4807 η

2024 4773 2118 4827 τοῦ
2146 4772 2446 4844 ψαλτηρίου
2490 4769 2819 4843 ἀνακρούσει
2844 4769 3018 4823 ταῦτα
3056 4769 3236 4846 λέγειν
3258 4765 3439 4829 αὐτὸν,
3488 4765 3602 4827 ὅτε,

351 4859 558 4930 plectro
587 4867 767 4927 utens,
787 4857 1092 4929 invisibiles
1120 4859 1394 4927 dminonas
1415 4856 1630 4926 Saulem
1658 4865 1921 4919 vexantes
2023 4889 2025 4900 ι

2023 4868 2142 4930 ταῖς
2204 4865 2362 4944 χερσὶ
2403 4864 2500 4934 καὶ
2538 4867 2650 4935 τοῖς
2689 4862 2971 4933 δακτύλοις
3019 4861 3138 4915 ἀντὶ
3182 4858 3276 4912 τοῦ
3324 4857 3604 4928 πλήκτρου

354 4949 576 5020 iugavit.
599 4951 753 5016 Quod
785 4951 830 5005 si
857 4951 923 5005 ad
948 4950 1192 5021 quemvis
1215 4950 1419 5020 justum
1456 4950 1569 5018 haec
1595 4948 1919 5018 referantur,

2029 4957 2328 5030 χρώμενος,
2356 4958 2482 5020 τοὺς
2511 4956 2775 5028 ἀοράτους
2796 4953 3054 5026 δαίμονας
3087 4951 3282 5023 ἠλαυνε
3321 4949 3398 5020 τῷ
3431 4950 3606 5002 Σαούλ

353 5041 503 5096 dices
522 5050 748 5096 cunctas
775 5040 1012 5096 hominis
1041 5042 1148 5096 Deo
1171 5041 1348 5096 dilecti
1379 5043 1620 5097 actiones
1644 5043 1698 5114 in
1727 5042 1924 5096 adver-

2029 5048 2395 5119 ἐνοχλοῦντας.
2445 5049 2510 5101 Εἰ
2549 5047 2592 5102 δ’
2640 5048 2733 5101 ἐπὶ
2778 5048 2956 5112 πάντα
2999 5046 3207 5100 δίκαιον
3251 5043 3504 5111 ἀνάγοιτο
3535 5041 3608 5094 τά

352 5132 622 5186 sariarum
653 5139 985 5200 potestatum
1020 5131 1244 5186 exitium
1272 5145 1521 5202 vergere,
1545 5132 1653 5186 Deo
1682 5133 1802 5208 ipso
1829 5132 1933 5187 has

2035 5142 2194 5213 ρητά,
2221 5143 2365 5212 ἐρεῖς
2389 5140 2569 5204 πάσας
2607 5139 2701 5200 τοῦ
2731 5136 3010 5206 θεοφιλοῦς
3037 5136 3264 5208 πράξεις
3288 5133 3608 5203 καθαίρεσιν

357 5239 613 5277 manuum
671 5224 1021 5294 operationes
1063 5223 1349 5290 dirigente.
1384 5225 1590 5307 Digitos
1620 5224 1741 5294 ejus
1769 5224 1926 5288 dicit,

2032 5233 2141 5287 τῶν
2183 5233 2572 5303 ἀντικειμένων
2600 5230 2880 5302 δυνάμεων
2922 5231 3187 5300 ἐνεργεῖν,
3227 5228 3322 5280 τοῦ
3361 5225 3496 5280 Θεοῦ
3523 5225 3606 5278 δι-

353 5332 515 5395 opera
529 5318 694 5372 etiam
713 5318 931 5372 minima
944 5318 1192 5372 bumanze
1207 5317 1330 5370 vita:
1345 5318 1699 5393 denotans.‘Et
1711 5319 1927 5388 quidem

2032 5323 2300 5391 δασκάλου
2340 5325 2440 5398 τῆς
2487 5323 2701 5396 τοιᾶσδε
2751 5321 2861 5376 τῶν
2904 5322 3102 5394 χειρῶν
3150 5320 3424 5383 ἐκτάσεως
3464 5335 3609 5388 γινο-

359 5425 612 5465 manuum
645 5424 863 5465 suarum
895 5410 1214 5464 extensione
1257 5409 1469 5479 Moyses
1502 5409 1830 5475 Atnalecitas
1871 5409 1923 5463 in

2037 5415 2230 5488 μένουο
2277 5401 2415 5482 τοὺς
2454 5416 2514 5471 δὲ
2561 5413 2852 5485 δακτύλους
2901 5414 3068 5470 αὑτοῦ
3133 5413 3232 5477 τὰς
3283 5412 3446 5486 μέχρι
3497 5408 3609 5473 τῶν

428 5521 478 5555 ⁸³
511 5519 786 5592 Joan.x|v,
819 5519 872 5576 6.
949 5518 1156 5573 l"I’sal.
1189 5535 1344 5585 cxnt,
1383 5521 1431 5576 I.
1505 5521 1551 5553 ⁵⁸
1599 5520 1756 5576 Joan.
1788 5537 1908 5590 xm,
1938 5525 2025 5580 I3.

429 5658 540 5730 (I6)
582 5659 638 5713 In
674 5657 858 5737 codice
903 5672 1114 5737 carioso
1165 5660 1357 5737 lacuna
1402 5662 1685 5737 suppletur
1719 5680 1918 5737 recen-
2031 5665 2266 5737 ρόμενοι.

362 5728 710 5794 ιὶοιοιιιίιιιιι
745 5728 1127 5802 φθεγγόμενοι,
1179 5730 1292 5802 Ego
1337 5728 1522 5788 tamen
1565 5734 1730 5791 malui
1773 5735 1922 5801 φθει-

2032 5728 2040 5737 ’
2097 5728 2219 5801 ἰΠ)
2255 5734 2644 5796 Animadverte
2689 5734 2791 5798 vite
2821 5733 3190 5792 meditationis
3219 5729 3455 5789 laudem.
