3850 6210
289 230 364 285 53
1435 230 1942 290 COMMENTARIA
1981 232 2048 291 ιΝ
2082 232 2423 292 PSALMOS.
3482 239 3552 296 54

287 349 640 423 μικροτάτων
673 349 956 423 ἐνεργείας
985 349 1096 405 τῶν
1125 351 1382 408 κατὰτὸν
1406 353 1745 427 ἀνθρώπινον
1770 355 1884 426 βίον

1995 361 2169 432 fugam
2198 360 2467 416 vertebat.
2505 359 2717 416 Videsis
2748 360 2910 416 etiam
2958 374 3027 415 ne
3078 360 3218 418 forte
3260 361 3332 418 sit
3391 363 3551 420 Chri-

282 439 525 513 ἐδήλωσε
544 458 558 468 ·
610 441 709 496 καὶ
745 440 992 514 Μωῦσῆς
1034 443 1092 496 δὲ
1117 444 1216 508 τάς
1240 448 1427 517 χεῖρας
1449 445 1703 501 ἐκτείνων
1727 447 1879 520 ἐτρο-

281 532 453 587 ποῦτο
490 533 588 587 τὸν
643 533 912 605 Ἀμαλήκ.
964 534 1106 607 Ὅρα
1146 535 1203 590 δὲ
1234 537 1308 607 μὴ
1349 538 1584 607 Χριστὸς
1613 540 1642 592 ὁ
1682 538 1876 608 λέγων,

278 625 715 698 τροπωσάμενος
746 626 875 688 τοὺς
911 626 1178 698 ἀοράτους
1218 627 1448 700 ὲχθρούς
1470 646 1484 660 ο
1528 628 1679 700 δηλοῖ
1716 629 1826 703 γὰρ
1850 631 1878 684 ὁ

279 716 517 787 ψαλμδς,
551 716 628 780 ὠς
663 715 1029 789 δειχθήσεται,
1070 717 1167 772 καὶ
1195 718 1423 773 κάθοδον
1467 719 1634 775 αὑτοῦ
1675 721 1776 793 τὴν
1819 720 1879 788 ἐξ

277 807 542 880 οὐρανοῦ,
592 809 686 861 καὶ
725 809 936 882 τροπὴν
987 809 1280 880 δαιμόνων,
1316 811 1411 866 καὶ
1453 810 1645 883 κλῆσιν
1687 799 1876 878 ἐθνῶν,

279 900 376 953 καὶ
419 898 518 952 δύο
561 898 746 964 λαούς.

477 992 545 1045 '0
565 990 936 1046 ὑποτάσσων
962 992 1072 1046 τὸν
1093 993 1248 1048 λαόν
1269 1011 1390 1062 μου
1433 995 1537 1049 ὑπ’
1575 993 1699 1065 ἐμέ.

349 1082 492 1136 Θεοῦ
528 1084 648 1136 ἐστι
681 1084 745 1136 τὸ
794 1084 1122 1138 ὑποτάσσειν
1156 1085 1248 1138 τὸν
1280 1085 1476 1139 ἑαυτοῦ
1513 1085 1640 1141 λαὸν
1670 1086 1880 1158 ἀνθρώ-

282 1191 411 1238 ποις
430 1191 445 1202 ·
475 1175 617 1246 ὅπερ
641 1175 690 1227 εί
719 1176 795 1247 μὴ
833 1178 899 1228 ὲκ
941 1175 1076 1229 Θεοῦ
1118 1177 1341 1245 γίνοιτο,
1375 1177 1489 1231 οὐκί
1510 1179 1576 1234 ἀν
1614 1177 1760 1231 ποτε
1787 1178 1880 1248 γέ-

283 1282 434 1319 νοιτο
451 1265 567 1336 (1⁵8)
583 1283 596 1295 ο
627 1265 747 1320 οὐδὲ
761 1267 870 1338 γὰρ
894 1267 1136 1338 Μωῦσῆς
1160 1269 1404 1345 ἡγήσατο
1424 1269 1490 1324 ἂν
1506 1269 1600 1323 τοῦ
1624 1270 1878 1324 τοσούτω

286 1356 554 1428 πλήθους,
587 1358 664 1430 μὴ
689 1357 788 1412 τοῦ
815 1358 1026 1428 Κυρίου
1066 1359 1433 1427 ὑποτάξαντος
1458 1361 1606 1433 αύτῷ
1631 1362 1720 1416 τὸν
1753 1363 1880 1417 ἑαυ-

284 1449 382 1504 τοῦ
416 1449 572 1514 λαὸν,
602 1450 665 1503 οὐ
691 1450 759 1503 δι’
786 1450 966 1505 ὅπλων
1003 1451 1037 1520 ἢ
1081 1451 1169 1505 διὰ
1212 1453 1571 1523 παρατάξεως
1603 1453 1878 1526 ἀνθρωπίι

287 1558 408 1612 νης,
437 1540 528 1595 διά
549 1541 608 1596 δὲ
648 1543 746 1613 τῆς
783 1542 1094 1614 κρείττονος
1137 1544 1438 1615 δυνάμεως.

285 1634 493 1702 Κύριε,
534 1633 596 1687 τί
625 1633 800 1688 ἐστιν
838 1633 1168 1704 ἄνθρωπος,
1216 1636 1306 1689 ὅτι
1340 1635 1650 1706 ἐγνώσθης
1681 1637 1880 1703 αὐτῷ;

355 1725 701 1782 Πυνθάνεται
722 1724 924 1795 ὁλόγος
944 1728 1378 1799 ὲρωτηματικῶς
1405 1729 1486 1795 τὺ,
1511 1728 1564 1782 τί
1604 1705 1752 1783 ἔστιν
1788 1731 1880 1785 ἄν-
1913 1705 1954 1760 Β

287 1818 536 1896 θρωπος,
557 1819 709 1890 ἡμᾶς
732 1816 940 1883 διδάξαι
967 1819 1310 1891 βουλόμενος,
1336 1821 1420 1874 ὅτι
1440 1821 1586 1890 μέγα
1601 1838 1652 1873 τι
1669 1820 1881 1890 ἀνθρω-

285 1925 425 1973 πος·
451 1909 516 1961 οὐ
574 1908 685 1981 γὰρ
742 1909 810 1964 ἂν
853 1909 1100 1981 ἐχώρησε
1137 1911 1273 1964 Θεοῦ
1310 1910 1533 1981 γνῶσιν,
1573 1912 1679 1965 οὐδ’
1720 1911 1785 1966 ἂν
1834 1914 1882 1965 ὲ-

287 2001 510 2073 μνῄσθη
526 2001 693 2056 αὐτοῦ
717 2004 745 2056 ὁ
761 2001 892 2066 Θεὸς
905 2001 1100 2070 οὕτως,
1117 2001 1192 2067 ὡς
1208 2003 1300 2058 καὶ
1316 2004 1539 2076 Σωτῆρα
1563 2005 1658 2060 καὶ
1670 2006 1881 2077 Λυτρω-

284 2093 388 2162 τὴν
420 2092 804 2158 ἐξαποστεῖλαι
848 2093 996 2166 αὐτῷ
1030 2095 1122 2148 τὸν
1152 2096 1347 2150 ἑαυτοῦ
1380 2097 1571 2166 Λόγον.
1619 2097 1883 2169 Παραινεῖ

283 2185 344 2238 δὲ
375 2186 438 2240 ὲν
471 2184 555 2257 τῷ
583 2185 734 2257 αὐτῷ
776 2187 870 2240 καὶ
905 2187 1133 2258 μηδενὸς
1175 2187 1463 2260 ἀνθρώπου
1496 2191 1879 2261 καταφρονεῖν,

284 2279 385 2332 καὶ
420 2278 507 2332 ὅτι
549 2279 741 2351 μηδεὶς
782 2280 930 2347 ἀξιον
957 2279 1216 2351 κατορθοῖ
1234 2281 1336 2351 τῆς
1373 2280 1628 2352 τοιαύτης
1661 2281 1882 2352 εὐεργε-

288 2369 438 2433 σίας.

380 2462 585 2531 Κύριε,
620 2463 835 2517 κλῖνον
865 2464 1161 2534 οὐρανούς
1183 2477 1322 2528 σου,
1354 2463 1453 2518 καὶ
1479 2463 1786 2533 κατάϐηθι.

363 2539 584 2625 Σφόδρα
623 2553 938 2624 ἀναγκαίως
965 2555 1061 2609 καὶ
1091 2554 1403 2619 ἀκολούθως
1433 2554 1630 2628 [λέγει]
1659 2555 1755 2609 καὶ
1787 2555 1883 2609 ab-

290 2644 384 2700 τὸν
417 2645 727 2718 καταϐῆναι
760 2645 855 2700 τὸν
901 2647 998 2700 τοῦ
1031 2647 1168 2701 Θεοῦ
1211 2647 1383 2716 Λόγον
1429 2648 1510 2712 εἰς
1567 2646 1885 2719 καθαίρεσιν

290 2736 402 2794 τῶν
427 2736 739 2808 πολεμίων·
769 2739 819 2792 εί
845 2736 954 2811 γάρ
980 2739 1074 2792 καὶ
1097 2739 1167 2794 τὰ
1188 2738 1445 2810 μάλιστα,
1465 2741 1623 2810 φησι,
1642 2738 1884 2793 διδάσκει

289 2828 393 2892 τὰς
414 2828 559 2900 sua;
581 2833 772 2902 χεῖρας
793 2831 889 2884 καὶ
928 2831 1055 2896 τοὺς
1089 2830 1388 2896 δακτύλους
1417 2832 1565 2895 ὅπως
1589 2832 1695 2904 χρὴ
1727 2830 1887 2884 πολε-

293 2923 440 2990 μεῖν,
474 2920 613 2974 ἀλλά
637 2924 736 2976 καὶ
764 2921 848 2986 τίς
891 2923 1042 2994 ίσχὺς
1089 2923 1400 2996 ἀνθρώπου,
1429 2924 1524 2978 καὶ
1562 2923 1702 2994 πόση
1730 2923 1886 2976 δύνα-

1981 461 2120 518 stus,
2185 453 2276 522 qui
2336 452 2471 506 ait:
2523 450 2578 506 in
2637 451 2822 520 fugam
2887 451 3182 520 conjiciens
3249 451 3552 510 invisibiles

1982 542 2193 598 hostes.
2223 541 2359 597 Nam
2390 541 2652 612 psalmus,
2685 551 2743 597 ut
2771 541 3255 609 demonstrabitur,
3305 554 3362 600 et
3402 547 3552 602 redi-

1983 641 2096 689 tum
2155 632 2273 702 ejus
2333 633 2401 689 de
2477 632 2662 700 caelo,
2725 645 2782 688 et
2854 632 3034 704 fugam
3091 635 3445 706 daemonum,
3499 648 3554 694 et

1979 722 2220 792 gentium
2263 723 2640 792 vocationem,
2688 723 2825 780 duos
2869 721 3103 796 denique
3153 726 3401 797 populos,
3451 728 3549 783 de-

1980 821 2156 869 notat.

2052 997 2219 1053 Vnus.
2254 995 2312 1051 2.
2356 995 2461 1062 Qui
2479 994 2712 1050 subdidit
2740 992 2991 1064 populum
3024 1010 3196 1048 meum
3238 993 3333 1048 sub
3376 1008 3480 1049 me.

2053 1088 2150 1144 Dei
2181 1096 2268 1144 est
2289 1088 2547 1158 populum
2571 1102 2728 1142 suum
2760 1085 3068 1140 hominibus
3091 1085 3378 1153 subjicere,
3409 1086 3552 1156 quod

1981 1180 2091 1237 nisi
2117 1195 2146 1235 a
2178 1180 2288 1236 Deo
2313 1180 2424 1242 ﬁat,
2456 1193 2732 1248 nunquam
2789 1178 2900 1234 ﬁet.
2951 1177 3085 1232 Nam
3129 1191 3303 1248 neque
3344 1177 3554 1249 Moyses

1983 1273 2146 1328 talem
2219 1279 2536 1341 tantamque
2607 1270 3010 1326 multitudinem
3086 1269 3373 1336 rexisset,
3443 1269 3551 1326 nisi

1967 1363 2030 1445 ei
2077 1362 2340 1420 Dominus
2396 1362 2650 1434 populum
2683 1377 2841 1417 suum
2895 1360 3245 1428 subdidisset,
3301 1375 3409 1415 non
3459 1376 3552 1416 ar-

1981 1459 2086 1514 ruis
2143 1472 2320 1528 neque
2352 1455 2648 1512 hominum
2700 1455 2986 1522 exercitu,
3042 1455 3136 1511 sed
3186 1453 3411 1511 meliore
3458 1469 3556 1526 po-

1984 1548 2175 1619 tentia.

1980 1638 2148 1704 Vens,
2181 1639 2236 1692 2.
2263 1637 2504 1706 Domine,
2527 1637 2656 1708 quid
2679 1645 2755 1692 est
2781 1636 2959 1703 homo,
2984 1636 3112 1706 quia
3149 1636 3431 1691 innotuisti
3457 1636 3505 1692 ei
3531 1637 3556 1691 7

2052 1729 2446 1799 lnterrogativo
2494 1728 2655 1784 modo
2697 1729 2890 1798 quaerit
2927 1727 3254 1794 Psalmista,
3300 1729 3430 1798 quid
3485 1728 3558 1782 sit

1981 1822 2180 1890 homo;
2213 1821 2411 1876 docere
2436 1835 2534 1876 nos
2559 1819 2768 1883 volens,
2799 1834 3054 1890 magnum
3077 1819 3204 1890 quid
3230 1833 3352 1875 esse
3379 1819 3558 1874 homi-

1981 1929 2129 1970 nem.
2159 1914 2330 1969 Secus
2361 1914 2530 1978 enim,
2566 1927 2742 1983 neque
2769 1912 2886 1981 ipse
2910 1912 3004 1968 Dei
3028 1913 3278 1967 notitiam
3308 1922 3554 1984 caperet,

1983 2021 2158 2077 neque
2187 2007 2334 2062 Deus
2378 2013 2663 2076 tantopere
2712 2003 2832 2075 ejus
2877 2006 3238 2074 meminisset,
3279 2015 3340 2061 ut
3387 2005 3554 2061 etiam

1984 2097 2326 2152 Servatorem
2355 2094 2878 2165 Redetnptoremque
2915 2094 2965 2149 ei
3005 2097 3240 2151 mitteret
3280 2097 3556 2166 proprium

1984 2187 2244 2243 Verbum.
2272 2185 2453 2241 Monet
2487 2186 2648 2241 simul
2674 2202 2743 2242 ne
2764 2201 3094 2256 quemquam
3121 2185 3393 2240 hominem
3425 2200 3556 2240 con-

1986 2287 2332 2344 temnamus;
2385 2287 2442 2334 et
2486 2279 2630 2348 quod
2673 2293 2834 2336 nemo
2862 2277 3126 2335 beneﬁcio
3159 2287 3310 2332 tanto
3335 2277 3556 2348 dignum

1983 2369 2187 2439 aliquid
2217 2379 2363 2440 agat.

1986 2462 2151 2518 Vens.
2189 2462 2244 2518 5.
2299 2461 2541 2528 Domine,
2585 2461 2782 2517 inclina
2823 2463 2975 2518 oculos
3018 2471 3159 2528 tuos,
3205 2471 3254 2515 et
3285 2461 3554 2515 descende.

2054 2552 2374 2611 Necessario
2390 2554 2678 2610 admodum
2694 2563 2753 2610 et
2763 2565 3125 2610 consentanee
3144 2553 3347 2626 [dicit],
3379 2553 3557 2622 ipsum

1986 2646 2333 2704 descendisse
2370 2646 2460 2702 Dei
2509 2645 2748 2702 Verbum
2807 2648 2874 2703 ad
2931 2647 3170 2703 hostium
3223 2646 3556 2702 destructio-

1987 2755 2132 2796 nem.
2167 2740 2400 2795 Etiamsi
2433 2740 2603 2806 enim,
2650 2738 2850 2810 inquit,
2902 2738 3136 2809 egregie.
3162 2737 3322 2792 docet
3365 2750 3557 2790 manus

1988 2847 2135 2888 meas
2164 2832 2231 2887 ad
2255 2832 2482 2898 bellum,
2532 2840 2772 2887 attamen
2794 2830 3052 2900 quantula
3078 2837 3163 2884 est
3193 2829 3275 2882 vis
3299 2828 3557 2892 hominis,

1988 2934 2047 2981 et
2071 2924 2321 2980 morituri
2358 2924 2533 2978 virtus
2564 2922 2656 2993 qui
2687 2922 2918 2977 vanitati
2959 2919 3154 2975 similis
3179 2928 3282 2984 est,
3312 2927 3370 2972 ut
3395 2925 3561 2971 tanta:

294 3030 392 3084 μις
425 3013 523 3068 τοῦ
546 3012 743 3086 θνητοῦ
776 3017 872 3070 καὶ
903 3015 1224 3088 ματαιότητι
1250 3015 1627 3086 ὁμοιωθέντος,
1661 3013 1798 3086 πρὸς
1825 3013 1886 3066 τὸ

1995 3016 2234 3072 hostium
2257 3015 2681 3072 acieiresistere
2707 3013 2925 3086 possit?
2958 3012 3102 3083 Ergo
3130 3021 3184 3066 tu
3219 3010 3356 3081 ipse,
3385 3009 3562 3064 Domi-

291 3103 592 3179 δυνηθῆναι
634 3109 825 3178 στῆναι
867 3106 1009 3161 κατά
1049 3107 1148 3178 τῆς
1192 3109 1458 3179 τοσαύτης
1496 3105 1883 3179 παρατάξεσι)ςὶ

293 3195 377 3249 διὸ
411 3199 477 3251 σὺ
520 3198 703 3264 αὐτὸς,
736 3193 782 3253 ὦ
807 3197 1002 3270 Κύριε,
1043 3199 1220 3252 κλῖνον
1267 3200 1551 3271 οὐρανοὺς,
1588 3199 1684 3252 καὶ
1717 3196 1888 3251 κατά-

295 3288 444 3360 δηθι.
481 3291 756 3362 Οὐρανοὺς
787 3290 844 3344 δέ
891 3308 1023 3362 φησι
1061 3290 1158 3354 τὰς
1204 3291 1594 3362 ὲπινοουμένας
1637 3292 1707 3346 ἐν,
1737 3287 1888 3359 αύτῷ

295 3380 559 3450 δυνάμεις
581 3399 596 3412 ο
631 3383 708 3445 ὡς
738 3383 798 3435 δὲ
845 3384 1030 3454 πατὴρ
1073 3383 1309 3453 νηπίοις,
1356 3384 1453 3438 καὶ.
1493 3383 1570 3448 ὡς
1617 3382 1887 3454 μαθηταῖς

293 3470 621 3536 διδάσκαλος
661 3475 1106 3542 συγκαταδαίνει.

454 3562 920 3629 Ἐξαπόστειλον
946 3564 1065 3634 τὴν
1086 3565 1258 3636 χεῖρά
1283 3581 1400 3622 σου
1427 3567 1498 3632 ἐξ
1523 3567 1743 3643 ὕψους.
1778 3577 1781 3581 ’

381 3653 816 3723 Ἕξαπόστειλον,
845 3659 1010 3728 φησιν
1033 3659 1062 3711 ὁ
1092 3658 1323 3730 ψαλμδς,
1356 3659 1457 3731 τὴν
1484 3659 1772 3731 ποιητικὴν
1793 3659 1889 3715 καὶ

298 3747 644 3820 φυλακτικὴν
689 3747 800 3803 τῶν
845 3749 983 3803 ὅλων
1016 3751 1176 3822 χεῖρα
1220 3751 1312 3804 ἐπὶ
1356 3749 1436 3821 τῷ
1482 3749 1762 3818 ἐξελέσθαι
1794 3750 1890 3805 καὶ

301 3838 575 3910 ῥύσασθαί
610 3857 677 3911 με
705 3840 772 3894 ὲκ
796 3839 905 3893 τῶν
950 3840 1162 3895 πολλῶν
1188 3841 1395 3897 ὑδάτων
1422 3843 1516 3896 καὶ
1549 3841 1660 3896 τῶν
1688 3841 1890 3914 χειρῶν

297 3931 410 3985 τῶν
430 3931 730 4003 ἀλλοτρίων
749 3931 882 3985 υἱῶν
897 3949 912 3962 ο
939 3932 1163 3987 δυνατὸν
1188 3932 1246 3986 δὲ
1268 3933 1330 3986 τὸ
1353 3933 1411 4000 ἐξ
1441 3934 1646 3988 ὑδάτων
1679 3933 1890 3987 πολλῶν

299 4023 569 4096 ῥυσθῆναι
601 4025 774 4078 εἰπεῖν
801 4023 911 4078 τῶν
939 4024 1192 4097 πονηρῶν
1221 4025 1507 4096 δυνάμεων
1532 4025 1628 4080 καὶ
1657 4026 1751 4080 τοῦ
1771 4026 1891 4079 δια-

298 4116 462 4171 ϐόλου
491 4116 587 4170 τοῦ
631 4115 896 4186 βασιλέως
931 4115 1150 4170 πάντων
1197 4116 1311 4170 τῶν
1349 4117 1605 4171 τοιούτων
1624 4134 1638 4146 ·
1676 4117 1890 4188 ἐξαιρε-

299 4209 461 4281 θῆναι
481 4209 541 4262 δὲ
566 4210 662 4262 καὶ
686 4210 751 4262 ὲκ
769 4208 953 4280 χειρὸς
972 4208 1080 4262 τῶν
1101 4207 1397 4280 ἀλλοτρίων
1422 4208 1574 4274 υἱῶν,
1601 4207 1712 4262 τῶν
1741 4210 1892 4280 ἐνερ-

299 4301 588 4373 γουμένων
631 4301 726 4354 ὑπ’
763 4301 944 4354 αὐτῶν
979 4298 1316 4372 ἀνθρώπων·
1351 4299 1452 4364 τὰς
1496 4302 1893 4365 ἐπαναστάσεις

1987 3123 2082 3175 ne,
2116 3108 2284 3164 caelos
2309 3106 2534 3172 inclina,
2563 3117 2618 3162 et
2660 3105 2949 3161 descende.
2977 3103 3158 3160 leos
3193 3111 3373 3158 autem
3407 3101 3559 3168 dicit,

1987 3216 2110 3271 quae
2137 3201 2222 3259 ibi.
2243 3198 2616 3270 intelliguntur
2637 3212 2761 3253 esse
2792 3206 3106 3266 potestates.
3137 3195 3309 3251 Porro
3339 3209 3438 3250 ceu
3464 3208 3560 3262 pa-

1991 3303 2073 3347 tet:
2105 3292 2171 3346 ad
2202 3290 2458 3361 parvulos
2498 3289 2661 3355 ﬁlios,
2707 3304 2806 3345 ceu
2858 3289 2924 3344 ad
2964 3288 3261 3358 discipulos
3303 3286 3564 3357 magister

1988 3384 2288 3442 descendit.

2206 3569 2372 3626 Vens.
2417 3569 2470 3626 7.
2506 3567 2702 3624 Emitte
2719 3581 2934 3622 manum
2955 3575 3102 3621 tuam
3124 3580 3190 3619 ea;
3219 3563 3347 3618 alto.

2059 3662 2280 3730 Emitte,
2324 3663 2400 3718 ait
2436 3662 2696 3734 psalmus,
2744 3661 3108 3732 operatricem
3163 3659 3558 3728 tutelaremque

1989 3753 2231 3810 omnium
2254 3769 2500 3821 manum,
2533 3764 2594 3808 ut
2621 3768 2784 3809 eruas
2819 3753 3127 3822 liberesque
3168 3765 3256 3806 me
3277 3751 3345 3805 de
3371 3751 3560 3807 multis

1991 3845 2265 3912 ﬂuctibus,
2287 3856 2343 3902 et
2364 3847 2665 3904 alienorum
2696 3844 2931 3900 ﬁliorum
2965 3845 3235 3900 manibus.
3276 3841 3393 3898 1am
3427 3844 3566 3914 eripi

1991 3937 2058 3992 de
2092 3935 2587 4001 multis'ﬂuctibus,
2628 3937 2855 4006 intelligi
2891 3945 3070 4006 potest
3107 3935 3175 3991 de
3206 3934 3363 3990 malis
3413 3947 3568 4006 pote-

1990 4028 2241 4093 statibus,
2271 4039 2328 4084 et
2361 4029 2429 4084 de
2459 4030 2650 4084 barum
2700 4029 2942 4084 omnium
2989 4042 3118 4099 rege
3163 4027 3399 4084 diabolo.
3435 4027 3568 4082 Item

1992 4117 2216 4174 liberari
2246 4119 2315 4174 de
2341 4119 2643 4174 alienorum
2686 4117 2937 4173 filiorum:
2957 4117 3228 4181 manibus,
3274 4130 3470 4185 nempe
3501 4116 3568 4169 de

1992 4212 2280 4268 commotis
2361 4212 2581 4266 illorum
2647 4215 2872 4268 obsessa
2951 4207 3284 4264 hominibus.
3351 4206 3568 4262 Etenim

1994 4302 2255 4371 impetum
2285 4304 2644 4357 tentationum
2668 4313 2836 4371 atque
2857 4301 3171 4371 impiorum,
3193 4315 3363 4369 aquas
3385 4297 3570 4368 appel-

300 4394 414 4466 γὰρ
456 4393 570 4447 τῶν
598 4393 921 4466 πειρασμῶν
951 4392 1048 4446 καὶ
1097 4391 1228 4446 τῶν
1246 4391 1460 4445 ἀσεϐῶν
1491 4391 1662 4446 ὕδατα
1693 4391 1884 4446 ὲκάλευ

1995 4392 2148 4459 lavit,
2171 4399 2230 4448 ut
2249 4401 2305 4447 et
2334 4392 2462 4447 alibi
2493 4394 2570 4446 ait
2597 4407 2614 4447 :
2674 4391 2928 4464 Forsitan
2979 4406 3144 4463 aqua
3167 4390 3570 4445 submersissent

304 4502 418 4549 σεν,
446 4485 522 4549 ὡς
556 4487 653 4540 καὶ
681 4485 914 4555 ἀλλαχοῦ
940 4500 1131 4554 φησιν·
1155 4485 1309 4553 ’Ἄρα
1330 4484 1395 4537 τὸ
1423 4483 1580 4552 ὕδωρ
1607 4485 1886 4538 κατεπόν-

301 4591 476 4630 τισεν
523 4575 716 4646 ἡμᾶς·
762 4578 857 4630 καὶ
899 4576 1096 4630 πάλιν·
1137 4574 1350 4632 Σῶσιόν
1369 4592 1477 4645 με,
1521 4579 1554 4630 ό
1594 4576 1760 4640 Θεὸς,
1795 4575 1886 4629 ὅτι

302 4667 682 4737 είσήλθοσαν
715 4667 903 4722 ὕδατα
931 4667 1042 4732 ἕως
1073 4667 1283 4737 ψυχῆς
1305 4684 1456 4736 μουε
1486 4666 1794 4730 ἀκολούθως
1829 4667 1887 4720 δὲ

307 4759 448 4831 μετά
483 4761 584 4833 τὴν
621 4761 923 4814 κατάϐασιν
948 4759 1044 4814 τοῦ
1071 4760 1206 4814 Θεοῦ
1231 4759 1427 4828 Λόγου,
1471 4758 1570 4830 τὴν
1595 4758 1888 4830 ἐπιϐουλὴν

302 4851 414 4906 τῶν
467 4852 751 4908 ἀσεεῶν...
795 4851 961 4906 αὐτοῦ
1001 4869 1123 4924 τῳ..
1171 4850 1526 4922 θεασάμενος,
1565 4848 1634 4904 τὰ
1676 4848 1890 4921 προκεί-

308 4961 449 5016 μενα
480 4944 749 5011 θεσπίζει.

663 5037 844 5108 ’ῼδὴν
888 5035 1110 5106 καινὴν
1139 5035 1364 5106 ᾄσομαι
1410 5050 1528 5090 σοι.

382 5129 556 5200 ’ᾼδει,
582 5130 678 5184 καὶ
702 5131 802 5200 τὴν
832 5128 1024 5200 καινὴν
1062 5127 1330 5199 διαθήκην
1371 5128 1430 5180 ὲν
1475 5130 1592 5190 τοῖς
1630 5125 1758 5197 περὶ
1798 5125 1898 5197 τῆς

307 5220 538 5275 καθόδου
560 5221 656 5274 τοῦ
681 5221 815 5275 Θεοῦ
840 5221 1016 5290 Λόγου
1042 5219 1542 5293 προφητεύομένοις
1588 5236 1691 5289 μνη
1702 5235 1896 5289 μονευ-

309 5312 470 5384 θῆναι
493 5330 508 5344 ο
544 5312 625 5366 διὸ
655 5311 910 5384 δηλοῦται
958 5311 1098 5383 αὕτη
1134 5311 1227 5366 διὰ
1254 5311 1356 5382 τῆς
1396 5313 1589 5382 καινῆς
1608 5310 1772 5382 ᾠδῆς.
1799 5311 1891 5363 Ἐν

307 5403 390 5476 τῷ
423 5405 481 5459 δὲ
516 5404 695 5475 λέγειν
735 5404 948 5476 καινὴν,
981 5402 1333 5466 πεπαλαίωκε
1373 5401 1471 5474 τὴν
1517 5400 1761 5473 πρώτην,
1816 5399 1892 5464 ὥς

417 5545 466 5578 ⁸⁸
505 5542 651 5599 Psal.
693 5558 884 5610 cum,
923 5543 978 5597 ι’.
1049 5541 1284 5598 "'Psal.
1327 5556 1520 5607 vam,
1562 5541 1618 5595 2.

1993 4501 2088 4540 nos
2109 4485 2173 4539 “.
2207 4484 2381 4540 hem:
2419 4483 2577 4540 Salva
2615 4501 2720 4550 me,
2760 4484 3014 4550 Domine,
3059 4483 3188 4553 quia
3238 4483 3570 4536 intraverunt

1995 4598 2148 4652 aqum
2179 4597 2341 4652 usque
2368 4581 2435 4635 ad
2459 4583 2695 4635 animum
2724 4597 2892 4635 meam
2915 4579 2984 4634 ⁵⁷.
3015 4580 3392 4634 Consentanee
3438 4591 3572 4632 vero

1994 4683 2117 4744 post
2137 4673 2226 4727 Dei
2257 4673 2414 4728 Verbi
2431 4672 2780 4739 descensum,
2799 4672 3090 4743 impiorum
3113 4671 3339 4728 insidias
3358 4670 3570 4734 videns,

1998 4763 2369 4835 suprascripta
2398 4764 2753 4820 vaticinatur.

2171 5027 2335 5083 Vsus.
2370 5027 2424 5082 9.
2469 5025 2746 5083 Canticum
2781 5042 2972 5081 novum
3008 5025 3236 5082 cantabo
3277 5026 3392 5082 tibi.

2069 5121 2252 5186 Canit,
2305 5135 2365 5176 se
2414 5135 2610 5176 novum
2657 5134 2874 5190 quoque
2919 5119 3099 5174 foedus
3147 5119 3200 5174 in
3241 5119 3329 5176 bis
3356 5133 3477 5191 qua:
3503 5118 3575 5177 de

1993 5215 2170 5270 reditu
2203 5214 2299 5270 Dei
2338 5214 2498 5270 Verbi
2531 5214 2888 5278 vaticinatur,
2920 5213 3336 5269 memoravisse.
3363 5213 3574 5270 Idcirco

1999 5307 2056 5362 id
2091 5307 2270 5362 ftedus
2305 5322 2444 5364 novo
2477 5306 2693 5361 cantico
2743 5306 3168 5361 demonstratur.
3209 5305 3348 5362 Dum
3392 5314 3575 5363 autem

1998 5413 2197 5454 novum
2228 5399 2380 5466 dicit,
2412 5399 2563 5470 prius
2613 5397 2742 5452 illud
2793 5397 3126 5468 antiquavit,
3153 5407 3213 5454 ut
3238 5398 3316 5455 ait
3339 5399 3572 5471 Aposto—

2928 5583 2964 5614 δ’

387 5684 510 5754 (18),
545 5683 807 5756 Congruit
842 5683 1107 5742 Eusebius
1135 5698 1260 5739 cum
1285 5681 1407 5738 divo
1449 5681 1617 5740 Paulo
1641 5681 1796 5740 Rom.
1823 5697 1946 5750 xm,
1987 5678 2038 5747 l,
2091 5678 2212 5736 Non
2240 5687 2314 5734 es!
2346 5684 2571 5745 potestas
2600 5674 2698 5729 nisi
2729 5689 2761 5728 a
2787 5671 2914 5728 Deo.
