3850 6210
294 211 362 265 55
977 204 1244 263 EUSEBII
1281 204 1741 262 CAESARIENSIS
1780 204 1931 262 OPP.
1969 203 2148 261 PARS
2184 202 2269 262 ΙΙΙ.
2304 235 2375 245 -
2411 201 2816 260 EXEGE’I‘ICA.
3450 196 3521 251 56

294 335 376 386 lus
396 330 463 385 ⁵⁸.
506 328 580 383 De
628 325 935 396 hujusmodi
985 327 1202 381 cantico
1247 327 1392 382 dicta
1444 335 1570 381 sunt
1614 334 1670 382 et
1711 326 1847 382 illa:

1965 342 2114 398 ρησιν
2135 326 2164 379 6
2200 323 2516 388 Ἀπόστολος
2534 341 2549 355 ·
2574 323 2702 395 περί
2727 321 2928 393 ταύτης
2953 319 3201 374 λέλεκται
3224 319 3323 390 τῆς
3341 318 3513 389 ᾠδῆς’

292 419 512 476 Cantate
552 414 779 472 Domino
807 415 1068 468 canticum
1101 431 1312 480 novum,
1349 423 1560 470 cantate
1601 414 1844 483 Domino,

1953 418 2176 489 ’ᾼσατε
2218 415 2298 481 τῷ
2338 415 2534 485 Κυρίῳ
2576 407 2739 485 ᾆσμα
2787 410 3015 476 καινὸν,
3057 409 3246 477 ᾇσατε
3292 408 3371 475 τῷ
3402 414 3520 464 Κυ-

291 512 461 566 οηιηὶε
489 520 630 564 terra
660 508 729 561 ³³.
756 505 983 577 Insuper
1014 523 1028 560 :
1063 502 1332 571 Psallam,
1366 505 1558 574 inquit,
1601 506 1848 574 psalterio

1965 510 2071 574 algu,
2085 505 2252 563 πᾶσα
2272 507 2310 574 ἡ
2347 505 2422 577 γῆ
2444 523 2457 537 ο
2487 505 2619 559 ἀλλὰ
2641 505 2757 569 καὶ,
2784 501 3048 566 Ψαλῶσι,
3067 502 3248 572 φησιν,
3270 501 3338 554 ἐν
3366 504 3521 569 φαλκ-

291 597 653 662 decachordo;
676 597 967 665 practicam
999 594 1232 650 innuens
1254 596 1443 660 vitam,
1474 595 1655 650 anima
1691 596 1851 650 simul

291 700 347 744 et
376 703 603 760 corpore
650 695 984 749 operantem.
1036 686 1174 741 Sunt
1202 687 1345 741 enim
1385 686 1624 756 quinque
1672 689 1853 744 carnis

291 794 505 843 sensus,
529 779 769 848 quinque
811 777 939 830 item
968 775 1161 829 animae
1207 774 1479 845 potentiae,
1514 774 1710 843 quibus
1732 788 1855 829 cor-

291 872 442 942 porei
480 884 672 926 sensus
716 878 1020 923 moventur.

542 1049 711 1105 Vsus.
742 1047 831 1103 ιο.
868 1047 972 1114 Qui
1004 1049 1093 1102 dat
1127 1046 1349 1102 salutent
1389 1044 1623 1116 regibus.

364 1141 467 1210 Qui
506 1140 763 1196 caelorum
793 1140 1014 1209 regnum
1055 1153 1151 1193 nos
1198 1137 1402 1202 docuit,
1449 1150 1601 1205 reges
1630 1150 1725 1191 eos
1748 1133 1856 1188 elli-

294 1235 370 1288 cit
412 1231 505 1302 qui
538 1231 628 1286 illo
678 1230 825 1301 digni
873 1229 1097 1296 fuerint,
1146 1230 1345 1300 quibus
1372 1231 1532 1283 etiam
1557 1229 1606 1283 vi
1641 1227 1855 1298 propria

296 1322 526 1377 salutem
573 1321 780 1376 confert
820 1336 836 1386 ;
895 1318 1165 1390 simulque
1209 1327 1355 1374 recte
1414 1326 1655 1388 agentes,
1703 1326 1857 1371 extra

297 1413 501 1487 peccati
539 1413 877 1467 dominatum
911 1410 1085 1481 ponit.
1132 1409 1333 1479 Utique
1367 1409 1619 1464 Christus
1646 1408 1699 1462 in
1725 1405 1859 1462 Pro-

297 1504 499 1560 verbiis
533 1504 701 1560 dicit:
731 1504 832 1558 Per
854 1520 937 1557 me
967 1492 1111 1573 rege:
1144 1510 1365 1572 regnant
1390 1502 1455 1556 ⁸⁸.
1486 1500 1610 1556 Haec
1630 1513 1859 1555 cernens

298 1595 587 1665 Apostolus
612 1595 885 1650 scribebat
913 1614 925 1649 :
964 1593 1092 1649 Sine
1121 1593 1271 1649 nobis
1312 1593 1639 1663 regnavistis,
1671 1600 1719 1646 et
1751 1591 1858 1643 uti-

1951 602 2128 671 τηρίῳ
2155 598 2510 669 δεκαχόρδφ,
2537 598 2626 651 τὸν
2659 594 2959 669 πρακτικὸν
3002 592 3365 664 αἰνιττόμενος
3406 592 3519 662 βίον

1950 693 2038 747 διὰ
2076 691 2253 763 ψυχῆς
2296 691 2391 745 καὶ
2434 688 2684 760 σώματος
2735 686 3151 759 ὲνεργούμενονο
3211 684 3371 737 πέντε
3421 683 3519 754 μὲν

1952 783 2119 838 ὄντων
2147 781 2348 853 σαρκὸς
2381 779 2766 853 αἰσθητηρίων,
2806 779 2964 833 πέντε
2996 777 3051 833 δὲ
3080 776 3187 829 τῶν
3210 776 3309 847 τῆς
3339 775 3517 844 ψυχῆς

1953 873 2253 943 δυνάμεων,
2288 872 2357 925 δι’
2400 865 2475 927 ὧν
2502 869 2571 924 τά
2601 871 2932 944 αἰσθητήρια
2964 868 3061 941 τοῦ
3088 866 3337 939 σώματος
3358 868 3521 920 κινεῖ-

1956 985 2043 1022 ται
2074 964 2205 1037 (ιθ).

2066 1055 2151 1123 Τῷ
2179 1055 2405 1110 διδόντι
2444 1052 2559 1121 τὴν
2585 1052 2892 1122 σωτηρίαν
2917 1049 3042 1117 τοῖς
3063 1048 3393 1115 ,ϐασιλεῦσι

2037 1148 2095 1202 Ὀ
2125 1146 2339 1213 διδάξας
2367 1143 2639 1217 βασιλείαν
2670 1143 2933 1216 οὐρανῶν,
2967 1140 3201 1212 βασιλεῖς
3231 1138 3519 1211 ἐργάζεται

1954 1240 2080 1304 τοὺς
2107 1238 2561 1310 καταξιουμένους
2590 1235 2781 1304 αὐτῆς,
2810 1229 2890 1297 οἷς
2920 1232 3101 1285 δίδωσι
3129 1230 3227 1301 τὴν
3259 1230 3388 1299 παρ’
3420 1226 3520 1280 αύ-

1955 1329 2051 1383 τοῦ
2101 1330 2400 1401 σωτηρίαν·
2441 1329 2557 1401 ἅμα
2596 1326 2655 1381 δὲ
2705 1322 3079 1397 κατορθώσασι
3131 1321 3192 1375 τὸ
3244 1320 3316 1393 μὴ
3368 1318 3521 1389 βασι-

1955 1417 2203 1473 λεύεσθαι
2235 1418 2340 1471 ὑπὸ
2382 1415 2684 1490 ἁμαρτίαςο
2721 1412 2953 1485 Χριστὸς
2983 1412 3026 1465 δ’
3054 1412 3199 1466 ἐστὶν
3232 1413 3260 1464 6
3286 1411 3343 1463 ὲν
3381 1410 3522 1482 Παρ-

1955 1511 2162 1580 οιμίαις
2199 1508 2402 1577 λέγων·
2441 1509 2521 1562 Δι’
2565 1505 2710 1577 ἐμοῦ
2745 1503 3032 1570 βασιλεῖς
3081 1501 3518 1568 ,βασιλεύουσιο

1959 1599 2130 1656 ταῦτα
2179 1598 2332 1664 εἰδὼς
2380 1599 2410 1653 6
2471 1597 2787 1661 Ἀπόστολος
2834 1596 3071 1674 έγραφε’
3127 1591 3311 1661 Χωρίς
3353 1590 3524 1661 ἡμῶν

299 1703 420 1741 nant
448 1686 806 1757 regnaveritis,
834 1696 888 1739 ut
912 1694 959 1738 et
986 1700 1079 1738 nos
1111 1684 1373 1737 uobiscum
1405 1698 1771 1753 conregnemus
1789 1680 1853 1733 ⁸³.

1965 1689 2418 1755 ἐϐασιλεύσατε,
2460 1687 2561 1742 καί
2602 1686 2824 1756 ὄφελόν
2847 1703 2912 1756 τε
2945 1684 3397 1744 ἐϐασιλεύσατε,
3422 1680 3528 1733 ἵνα

299 1780 570 1849 Quoniam
618 1794 747 1850 ergo
789 1779 872 1833 his
895 1777 1123 1833 salutem
1174 1778 1315 1834 Deus
1361 1777 1609 1847 largitur,
1663 1777 1858 1836 merito

298 1874 398 1944 ipsi
430 1887 648 1943 quoque
681 1871 871 1926 Davidi
904 1884 1056 1941 spem
1106 1869 1301 1924 bonam
1350 1870 1626 1926 oraculum
1660 1869 1855 1940 injicit,

299 1968 415 2021 fore
440 1973 557 2019 uta
592 1963 854 2032 peccatis,
892 1961 943 2016 in
970 1975 1089 2032 quae
1127 1961 1416 2031 aliquando
1449 1962 1666 2029 cecidit,
1718 1963 1860 2017 redi-

297 2066 498 2112 matur.
557 2054 692 2111 Nam
743 2054 905 2110 Verbi
961 2054 1052 2109 Dei
1103 2054 1397 2109 descensus
1428 2054 1615 2109 Davidi
1648 2068 1860 2123 quoque

298 2164 419 2202 cum
475 2146 597 2202 aliis
642 2147 915 2203 beneﬁcus
947 2147 1182 2213 exstitit,
1221 2147 1313 2216 qni
1351 2147 1624 2204 nativitati
1658 2147 1773 2218 ejus
1803 2148 1856 2201 in

298 2254 463 2295 carne
484 2238 750 2294 inserviit.

302 2415 466 2470 Vnus.
510 2414 597 2471 10.
641 2414 748 2481 Qui
785 2416 996 2469 redimit
1045 2416 1300 2471 Davidem
1342 2434 1548 2472 servum
1605 2436 1758 2476 suum
1795 2424 1859 2479 de

848 2486 1027 2555 gladio
1054 2486 1307 2556 maligno.

370 2574 594 2633 Gladius
631 2578 924 2649 malignus,
956 2577 1137 2647 lingua
1193 2588 1277 2633 est
1320 2582 1626 2648 atheorum,
1655 2595 1707 2639 et
1737 2585 1858 2640 illo-

300 2683 419 2722 rum
450 2682 729 2724 sermones
755 2668 846 2738 qui
894 2670 1228 2738 sophismala
1271 2673 1531 2729 adversus
1570 2674 1735 2730 Deum
1765 2690 1862 2730 ex-

299 2758 560 2828 cogitant,
592 2767 654 2813 ut
684 2761 897 2815 animas
941 2760 1293 2817 interﬁciant.
1340 2763 1528 2819 Manus
1585 2776 1763 2820 autem
1798 2767 1861 2820 ﬂ-

299 2848 495 2903 liorum
526 2848 851 2915 alienorum,
912 2858 1067 2906 actus
1110 2862 1237 2906 sunt
1281 2863 1337 2908 et
1383 2855 1489 2907 vita
1525 2855 1737 2909 illorum
1767 2858 1858 2925 qui

302 2939 400 2997 Dei
430 2939 575 2994 cultu
603 2939 762 2995 alieni
795 2949 959 3007 sunt;
988 2955 1215 3010 quorum
1246 2958 1309 2998 os
1341 2943 1606 2999 fabulosis
1633 2945 1859 3018 ﬁgmen-

1958 1783 2059 1835 καί
2090 1781 2261 1851 ἡμεῖς
2294 1780 2436 1851 ὑμῖν
2468 1779 3076 1849 συμϐασιλεύσωμενο
3110 1776 3244 1830 ἐπεὶ.
3274 1769 3365 1828 οὖν
3397 1770 3524 1826 τού-

1955 1890 2069 1936 τοις
2099 1872 2379 1945 χαρίζεται
2406 1873 2435 1925 6
2466 1869 2598 1933 Θεὸς
2628 1867 2727 1940 τὴν
2762 1866 3058 1940 σωτηρίαν,
3083 1866 3306 1927 εἰκότως
3331 1861 3525 1933 καὶτῷ

1957 1962 2117 2017 Δαυῒδ
2143 1963 2352 2033 ἀγαθὰς
2393 1961 2614 2026 ὲλπίδας
2643 1960 2947 2032 ὑπογράφει
2980 1958 3042 2012 τὸ
3068 1957 3278 2025 λόγιον,
3317 1955 3392 2019 ὡς
3432 1955 3525 2010 λυ·-

1957 2054 2356 2127 τρωθησομένῳ
2392 2056 2483 2124 ἀφ’
2519 2049 2594 2109 ὧν
2639 2052 2857 2106 πώποτε
2894 2051 3178 2104 πέπτωκεν
3207 2046 3520 2119 ἁμαρτιῶν·

1957 2150 1990 2218 ἡ
2021 2146 2128 2218 γὰρ
2158 2146 2381 2211 κάθοδος
2414 2145 2508 2199 τοῦ
2538 2144 2673 2198 Θεοῦ
2705 2144 2878 2213 Λόγου
2911 2141 3053 2214 μετά
3086 2141 3194 2194 τῶν
3219 2140 3392 2194 ἄλλων
3428 2140 3524 2194 καὶ

1958 2236 2035 2308 τῷ
2064 2235 2225 2289 Δαυῖδ
2252 2235 2581 2307 εὐεργητικὴ
2610 2234 2918 2305 γεγένηται,
2951 2232 3046 2285 ἆτε
3085 2227 3527 2299 διακονησαμένῳ

1958 2331 2024 2399 τῇ
2060 2327 2306 2397 ὲνσάρκῳ
2330 2325 2492 2380 αὑτοῦ
2526 2325 2752 2395 γενέσει.

1965 2419 2049 2485 Τῷ
2077 2417 2458 2487 λυτρουμένῳ
2487 2416 2668 2470 Δαυῒδ
2694 2415 2797 2469 τὸν
2824 2414 3049 2487 δοῦλον
3080 2411 3265 2467 αὐτοῦ
3293 2410 3362 2464 ἐκ
3378 2410 3530 2477 po!“

2487 2489 2669 2556 φαίας
2706 2482 2991 2553 πονηρᾶς.

2042 2578 2311 2651 Ῥομφαία
2336 2577 2548 2651 πονηρά
2589 2580 2622 2649 ἡ
2661 2577 2877 2646 γλῶττά
2908 2578 3023 2627 ἐστι
3052 2574 3159 2627 τῶν
3200 2571 3394 2636 ἀθέων,
3431 2572 3525 2624 καὶ

1958 2672 2009 2725 οἰ
2036 2671 2183 2740 λόγοι
2211 2670 2317 2724 τῶν
2342 2669 2411 2723 τά
2454 2670 2761 2740 σοφίσματα
2790 2667 2928 2722 κατὰ
2972 2665 3064 2720 τοῦ
3102 2664 3236 2718 Θεοῦ
3270 2663 3533 2735 μελετῶν-ν

1957 2779 2066 2816 των
2105 2763 2183 2825 είς
2208 2759 2270 2814 τὺ
2303 2758 2547 2829 φονεύειν
2572 2757 2770 2829 ψυχάςο
2814 2757 2932 2829 χεὶρ
2957 2755 3013 2809 δὲ
3041 2753 3171 2808 υἱῶν
3211 2752 3521 2824 ἀλλοτρίων,

1962 2848 2157 2923 πρᾶξις
2188 2849 2282 2905 καὶ
2309 2851 2337 2902 6
2363 2849 2473 2921 βίος
2500 2848 2607 2903 τῶν
2644 2848 2937 2920 ἀλλοτρίων
2968 2849 3068 2918 τῆς
3095 2844 3423 2907 θεοσεϐείας,
3450 2837 3529 2896 ὧν

1961 2946 2019 2996 ὲν
2060 2943 2247 3014 μύθοις
2279 2941 2663 3012 ἀναπλάσμασι
2696 2941 2789 2994 καὶ
2814 2941 2934 3003 ταῖς
2964 2939 3092 3010 περὶ
3121 2936 3351 2990 εἰδώλων
3393 2935 3527 2988 πλά-

305 3032 374 3086 tis
405 3039 459 3087 et
489 3031 752 3087 idolorum
801 3033 1081 3089 erroribus
1127 3033 1365 3103 loquitur
1405 3038 1694 3092 vanitates.
1753 3038 1859 3093 Ho-

1965 3052 2077 3099 ναις
2101 3034 2161 3087 τὸ
2191 3034 2363 3105 στόμα
2390 3032 2542 3087 λαλεῖ
2580 3033 2974 3104 ματαιότητας·
3003 3028 3204 3083 τούτων
3233 3028 3289 3082 δὲ
3324 3029 3415 3081 καὶ
3437 3026 3529 3079 δεε

303 3137 421 3176 rum
452 3122 615 3176 etiam
645 3124 886 3191 dextera,
919 3123 970 3177 id
998 3133 1083 3179 est
1112 3124 1194 3179 vis
1221 3127 1520 3195 operosior,
1552 3130 1777 3183 avaritia
1807 3139 1862 3184 et

308 3212 510 3281 rapinis
539 3224 853 3282 occupatur.
882 3214 1201 3283 Hujusmodi
1247 3227 1404 3272 erant
1452 3219 1649 3287 prioris
1681 3220 1861 3290 populi

306 3302 573 3369 homines,
602 3302 756 3357 sicuti
790 3304 991 3359 dictum
1020 3314 1121 3361 est.
1156 3305 1233 3361 Ex
1268 3306 1355 3363 his
1372 3307 1485 3375 jam
1511 3324 1653 3364 nunc
1688 3311 1863 3365 denuo

303 3404 426 3449 orat
478 3393 644 3448 David
694 3410 755 3450 se
802 3396 958 3467 eripi,
1008 3412 1075 3452 ne
1113 3398 1227 3467 pari
1274 3409 1615 3468 peccatorum
1665 3416 1863 3472 genere

307 3484 601 3541 irretiatur.

308 3576 470 3631 Vens.
500 3576 588 3637 12.
634 3578 871 3663 Quorum
916 3580 1017 3661 ﬁlii
1065 3581 1199 3663 sicut
1254 3582 1470 3637 novella
1512 3583 1863 3652 plantationes

832 3666 891 3704 tn
916 3662 1188 3719 Juventute
1220 3669 1338 3705 tua.

373 3735 489 3792 Non
522 3738 719 3807 prioris
752 3742 1120 3794 tantummodo
1141 3743 1317 3810 populi
1354 3743 1473 3809 lilii,
1509 3746 1601 3798 sed
1622 3744 1861 3799 omnium

304 3844 334 3887 a
376 3830 469 3884 Dei
497 3830 642 3885 cultu
676 3830 1002 3895 alienorum,
1037 3846 1135 3886 ceu
1171 3848 1321 3886 novre
1348 3834 1714 3902 plantationes
1740 3843 1867 3890 sunt

305 3922 358 3974 in
385 3919 667 3988 juventute
692 3936 811 3975 sua.
841 3919 981 3978 Justi
1011 3931 1188 3974 autem
1228 3924 1461 3977 hominis
1492 3939 1621 3978 caro
1649 3924 1863 3978 inﬁrma

302 4018 403 4074 est,
436 4017 490 4063 et
532 4008 649 4076 ejus
686 4010 879 4065 mentis
921 4008 1095 4066 fastus
1134 4020 1435 4067 emortuus.
1491 4012 1729 4077 Illorum,
1772 4014 1864 4083 qui

302 4106 374 4161 de
420 4105 830 4163 circumcisione
891 4116 1037 4172 sunt,
1093 4108 1216 4163 ﬁliae
1277 4123 1491 4179 quoque
1554 4111 1865 4166 meretricio

302 4208 455 4249 more
487 4202 611 4247 sunt
644 4204 938 4262 exornatae,
966 4199 1033 4252 ad
1076 4198 1259 4287 templi
1300 4198 1587 4269 imaginem
1621 4200 1712 4255 ubi
1754 4201 1865 4271 spi-

304 4285 439 4339 ritus
472 4286 641 4340 malus
670 4286 952 4343 inhabitat.
984 4285 1106 4343 ldeo
1134 4289 1207 4345 de
1232 4289 1337 4345 illis
1382 4290 1514 4345 dicit
1560 4292 1817 4361 propheta
1844 4311 1859 4347 :

1966 3124 2072 3190 ξιά,
2098 3125 2368 3179 τουτέστιν
2395 3127 2428 3196 ή
2458 3123 2877 3194 πρακτικωτέρα
2913 3121 3160 3192 δύναμις,
3191 3119 3318 3191 περὶ
3341 3118 3528 3170 πλεον-

1963 3216 2109 3283 εξίας
2167 3216 2262 3269 καὶ
2310 3216 2563 3288 ἁρπαγὰς
2602 3214 2926 3285 ἀσχολεῖται.
2955 3212 3195 3267 Τοιοῦτοι
3235 3212 3278 3264 δ’
3320 3210 3386 3264 ἂν
3419 3205 3528 3262 εἶεν

1964 3310 2057 3362 καὶ
2091 3310 2137 3361 οἱ
2178 3308 2244 3361 ἐκ
2272 3307 2366 3362 τοῦ
2406 3308 2670 3379 προτέρου
2711 3305 2862 3370 λαοῦ,
2906 3305 3026 3359 καθ’
3064 3303 3102 3357 ὃ.
3139 3302 3383 3373 εἴρηταιο
3421 3300 3528 3353 ἀπὸ

1961 3401 2164 3459 τούτων
2180 3395 2273 3453 οὖν
2292 3400 2384 3453 ἐπὶ
2401 3399 2494 3452 τοῦ
2517 3399 2778 3470 παρόντος
2794 3397 2890 3469 ἤδη
2912 3396 3159 3465 δεύτερον
3186 3396 3213 3448 ὁ
3241 3391 3401 3447 Δαυῒδ
3434 3394 3533 3462 ῥυοη

1965 3493 2155 3563 σθῆναι
2184 3489 2418 3561 εῠχεται,
2438 3491 2523 3544 ἵνα
2548 3490 2621 3562 μὴ
2636 3489 2746 3561 ἁλῷ
2769 3491 2878 3552 τοῖς
2897 3488 3100 3558 ὁμοίοις
3121 3485 3335 3556 άμαρτή
3345 3500 3526 3555 μασιν.

1962 3580 2073 3637 Ὧν
2111 3586 2166 3638 οί
2210 3583 2325 3637 υίοὶ
2354 3582 2434 3648 ὡς
2468 3583 2729 3671 νεόφυτα
2763 3578 3045 3659 ίδρυμένα
3083 3577 3152 3629 ἐν
3181 3574 3256 3644 τῇ
3297 3575 3529 3641 νεότητι

2636 3668 2854 3705 αυτων.

2035 3746 2143 3800 Τοῦ
2170 3746 2436 3818 προτέρου
2458 3744 2588 3799 λαοῦ
2615 3745 2663 3797 οἱ
2685 3742 2789 3795 υἱοί¹
2815 3742 2876 3794 οὐ
2913 3740 3091 3811 μόνον,
3116 3738 3250 3792 ἀλλά
3283 3737 3373 3790 καὶ
3402 3736 3531 3789 πάν-

1962 3854 2068 3890 των
2093 3836 2201 3889 τῶν
2228 3834 2521 3906 ἀλλατρίων
2565 3834 2665 3903 τῆς
2691 3830 2997 3893 θεοσεϐείας
3028 3829 3103 3892 ὡς
3129 3826 3361 3896 νεόφυτά
3384 3826 3532 3879 ἔστιν

1966 3926 2226 3999 ἱδρυμένα
2269 3928 2327 3979 ὲν
2382 3928 2448 3996 τῇ
2496 3924 2704 3994 νεότητι
2746 3920 2952 3975 αὐτῶν
3007 3917 3100 3971 τοῦ
3146 3917 3203 3970 δὲ
3245 3915 3453 3970 δικαίου
3492 3917 3531 3984 ἡ

1965 4016 2102 4089 σάρξ
2131 4020 2279 4072 εστιν
2315 4017 2565 4087 ἀσθενὴς,
2600 4016 2690 4069 καὶ
2724 4014 2783 4067 τὸ
2816 4010 3070 4084 φρόνημά
3116 4012 3231 4063 εστι
3266 4024 3533 4076 νενεκρω-

1966 4108 2125 4179 μένον
2145 4127 2159 4140 σ
2193 4109 2396 4163 τούτων
2436 4108 2545 4161 τῶν
2583 4108 2647 4160 ὲκ
2688 4104 2991 4179 περιτομῆς
3022 4103 3117 4157 καὶ
3149 4102 3204 4155 αἱ
3237 4100 3533 4169 θυγατέρες

1964 4200 2253 4273 ἑταιρικῶς
2296 4202 2402 4253 εἰσι
2445 4198 2852 4269 κεκοσμημέναι
2897 4197 2973 4259 ὡς
3013 4196 3268 4266 ὁμοίωμα
3305 4192 3435 4248 ναοῦ
3474 4194 3533 4245 ὲν

1962 4284 2006 4359 ᾧ
2043 4293 2276 4364 πονηρὸν
2314 4290 2531 4362 πνεῦμα
2571 4292 2800 4344 ἐνοικεῖ·
2833 4290 2915 4343 διό
2957 4305 3088 4358 φησι
3129 4287 3257 4358 περὶ
3287 4284 3465 4338 αὐτῶν
3505 4285 3541 4336 ἁ

302 4375 592 4438 Propterea
644 4376 968 4432 incesserunt
1012 4380 1142 4448 ﬁlice
1188 4379 1362 4435 Sionis
1414 4390 1585 4436 erecto
1627 4382 1782 4448 collo,
1810 4394 1858 4437 et

1965 4382 2277 4454 προφήτηςο
2338 4381 2480 4435 Ἀνθ¹
2523 4372 2611 4433 ὧν
2654 4378 3068 4447 ἐπορεύθησαν
3114 4376 3173 4428 αὶ
3219 4369 3533 4441 θυγατέρες

302 4485 420 4523 cum
464 4470 672 4525 nutibus
717 4471 995 4527 oculorum
1017 4454 1084 4540 εί,
1110 4482 1163 4529 et
1190 4474 1419 4542 reliqua.
1467 4474 1651 4530 Sancti
1680 4484 1861 4530 autem

302 4558 548 4616 homines
580 4562 831 4632 templum
865 4564 956 4619 Dei
991 4574 1133 4627 sunt,
1175 4574 1230 4619 et
1271 4566 1364 4620 Dei
1399 4565 1620 4634 spiritus
1652 4565 1704 4619 in
1734 4565 1864 4634 ipsis

302 4648 589 4709 inhabitat.
621 4650 688 4708 Et
719 4652 929 4707 illorum
979 4655 1192 4723 quidem
1218 4655 1495 4709 abundant
1536 4653 1866 4711 redundant-

302 4753 407 4805 que
433 4753 634 4803 penora
665 4740 1149 4800 thesaurizantium
1178 4744 1229 4796 in
1263 4752 1406 4798 terra
1437 4751 1492 4798 et
1522 4743 1817 4798 dicentium
1845 4756 1862 4797 :

300 4830 579 4885 Destraam
613 4831 801 4886 horrea
826 4849 941 4886 mea
965 4843 1011 4887 et
1038 4833 1299 4897 ampliora
1338 4834 1613 4904 aediﬁcabo
1647 4832 1732 4902 “~;
1765 4834 1864 4889 lto-

301 4938 421 4977 rum
451 4932 637 4978 contra
670 4927 956 4982 thesaurus
981 4927 1033 4981 in
1066 4927 1204 4981 coelo
1231 4935 1333 4981 est.
1361 4927 1577 4980 Illorum
1621 4941 1754 4982 oves
1787 4926 1864 4982 le-

300 5017 491 5072 cunda:
508 5032 573 5072 ac
594 5032 918 5083 numerosae,
949 5019 1219 5089 bovesque
1250 5019 1441 5082 crassi,
1474 5018 1780 5088 cuiusmodi
1808 5018 1863 5073 in

300 5104 513 5175 Egypti
536 5108 801 5177 ubertate,
821 5124 1014 5180 nempe
1042 5110 1118 5165 illi
1137 5109 1360 5179 pulchra
1379 5109 1555 5179 specie
1573 5120 1629 5166 et
1650 5109 1865 5165 eximiis

301 5196 555 5272 carnibus
581 5214 716 5267 quos
738 5199 868 5255 vidit
885 5199 1119 5257 Pharao.
1141 5202 1245 5257 Sed
1260 5201 1393 5271 justi
1422 5200 1680 5257 viriovile
1700 5214 1865 5271 puras

301 5284 534 5353 animas,
568 5299 623 5343 et
648 5292 816 5348 bonas
864 5307 927 5346 ac
968 5294 1259 5349 rationales
1295 5310 1425 5350 oves
1462 5296 1861 5365 complectitur.

1964 4473 2119 4528 Σιὼν
2153 4474 2221 4528 ἐν
2248 4470 2466 4542 ὑψηλῷ
2491 4470 2768 4541 τραχήλῳ
2790 4470 2886 4523 καί
2915 4469 2984 4522 ἐν
3004 4469 3298 4535 νεύμασιν
3323 4465 3533 4532 ὀφθαλ·

1960 4564 2112 4634 μῶν,
2131 4565 2225 4618 καὶ
2250 4563 2319 4618 τὰ
2351 4562 2476 4635 ἑξῆς
2493 4580 2508 4593 ο
2538 4565 2587 4616 οἰ
2612 4562 2669 4615 δὲ
2697 4562 2842 4630 ἅγιοι
2892 4559 3015 4623 ναός
3040 4560 3145 4611 εἰσι
3171 4555 3327 4619 Θεοῦ,
3357 4555 3448 4608 καὶ
3475 4552 3542 4607 τὰ

1967 4654 2182 4727 πνεῦμα
2201 4654 2296 4708 τοῦ
2315 4653 2447 4709 Θεοῦ
2477 4654 2617 4707 οἰκεῖ
2643 4655 2702 4708 ὲν
2729 4654 2940 4714 αὐτοῖς·
2967 4650 3058 4703 καὶ
3082 4648 3191 4702 τῶν
3223 4646 3319 4717 μὲν
3346 4659 3533 4716 περιτ-

1966 4747 2112 4802 τεύει
2138 4748 2234 4801 καὶ
2267 4747 2492 4816 ὑπερχεῖ
2521 4744 2591 4799 τά
2619 4747 2819 4815 ταμεῖα
2845 4741 3278 4814 θησαυριζόντων
3311 4738 3403 4790 ἐπὶ
3437 4736 3534 4805 τῆς

1968 4839 2090 4911 γῆς’
2136 4838 2231 4893 καὶ
2274 4837 2557 4906 λεγόντων,
2586 4834 2825 4891 Καθελῶ
2847 4851 2965 4903 μου
2994 4833 3100 4897 τὰς
3119 4826 3535 4896 ἀποθήκαςκαὶ

1964 4929 2236 5000 μείζονας
2254 4927 2645 4997 οἰκοδομήσωο
2676 4926 2783 4980 τῶν
2815 4926 2872 4978 δὲ
2913 4925 2943 4977 6
2988 4922 3259 4995 θησαυρός
3305 4921 3450 4973 ἐστιν
3478 4921 3535 4972 ὲν

1971 5021 2185 5094 οὐρανῷ
2202 5038 2217 5052 ο
2241 5020 2340 5075 καὶ
2362 5019 2468 5073 τῶν
2500 5020 2599 5090 μὲν
2623 5018 2737 5081 ἐστι
2767 5017 3013 5089 πρόϐατα
3047 5014 3316 5070 πολύτοκα
3342 5010 3515 5083 πληθύ

1969 5131 2151 5177 νοντα,
2177 5112 2272 5166 καὶ
2309 5111 2428 5182 βόες
2469 5114 2685 5182 παχεῖς,
2708 5112 2882 5165 ὁποῖοι
2924 5111 3021 5180 τῆς
3061 5106 3335 5175 Αἰγύπτου
3369 5102 3540 5174 εὐθη-

1969 5206 2085 5269 νίας
2107 5222 2122 5235 ’
2162 5202 2318 5258 καλοὶ
2365 5202 2474 5274 γὰρ
2501 5201 2580 5272 τῷ
2617 5201 2743 5263 εδει
2773 5203 2867 5255 καὶ
2908 5199 3153 5271 ἐκλεκτοὶ
3196 5200 3316 5260 ταῖς
3347 5193 3535 5266 σαρξὶν

1968 5294 2110 5368 ἦσαν
2133 5295 2228 5361 οὒς
2253 5292 2399 5351 εἶδεν.
2415 5299 2444 5352 6
2469 5293 2693 5365 Φαραώο-
2717 5294 2811 5348 τοῦ
2838 5293 2894 5347 δὲ
2916 5292 3122 5347 δικαίου
3147 5292 3183 5362 ἡ
3209 5289 3409 5359 ποίμνη
3430 5285 3535 5354 ψυ-

300 5378 403 5451 χάς
432 5381 738 5451 ἀκεραίους,
769 5387 862 5439 καὶ
889 5387 1067 5456 ἁγαθά
1092 5388 1186 5441 καὶ
1218 5387 1411 5457 λογικά
1454 5388 1700 5459 πρόϐατα
1744 5390 2157 5466 ἐμπεριείληφε.

371 5493 419 5525 ⁸⁸
448 5493 738 5559 llebr.vm.
769 5500 853 5553 15.
930 5502 973 5532 ⁵³
1005 5501 1144 5556 Psal.
1177 5519 1301 5569 xcv,
1336 5505 1387 5558 l.

1498 5505 1542 5535 θ’
1577 5503 1739 5559 Prov.
1775 5517 1860 5559 vm

1965 5505 2011 5560 5.
2087 5506 2127 5537 ⁶¹
2162 5504 2331 5559 lCor.
2358 5520 2431 5573 tv,
2464 5502 2516 5558 8.
2595 5502 2639 5534 "
2679 5500 2779 5556 lsa.
2802 5515 2887 5563 ιιι,
2922 5498 3006 5553 l6.
3084 5497 3128 5527 ⁸³
3162 5494 3295 5552 Luc.
3320 5491 3531 5560 x1t,l&

375 5605 487 5677 (l9)
513 5605 717 5667 Videsis
743 5610 943 5670 Nicctze
972 5613 1257 5673 Serrarum
1291 5618 1527 5690 episcopi
1557 5617 1887 5690 proemium.
1914 5633 1952 5675 ιι
1976 5620 2137 5679 nobis
2162 5619 2371 5677 editum
2384 5619 2457 5675 ad
2482 5625 2734 5674 catenam
2761 5614 2812 5669 in
2845 5611 3106 5669 Psalmos.
