3850 6210
141 331 191 387 5³1
1234 325 1736 383 COMMENTABIA
1776 324 1843 381 IN
1883 325 2223 383 PSALMOS.
3300 324 3368 379 58

195 446 293 500 Του
329 442 588 517 [δικαίου]
622 444 721 516 μὲν
760 443 850 499 διὰ
894 442 957 497 τδ
1007 442 1293 513 φοὸεῙσθαι
1335 444 1427 497 τὸν
1462 442 1686 515 Κύριον,

1864 441 2005 498 Justi
2030 442 2155 509 viri,
2182 448 2471 513 propterea
2499 440 2644 509 quod
2689 438 2975 495 Dominum
3017 438 3190 501 timet,
3228 435 3366 492 beati

140 539 369 609 μακάριοι
420 540 469 592 οἱ
501 539 611 591 υἱοὶ
650 536 782 589 ὡσεὶ
812 536 1049 605 νεόφυτά
1091 538 1228 589 εἰσιν
1269 534 1464 589 ἐλαιῶν
1504 534 1690 606 κύκλῳ

141 632 225 700 τῆς
252 628 529 701 τραπέζης
557 624 723 681 αύτοῦ
748 646 761 658 ·
794 628 902 681 τῶν
931 628 989 680 δὲ
1026 626 1320 698 ἀλλοτρίων
1369 628 1417 679 οἱ
1472 627 1578 680 υίοὶ
1615 626 1691 691 ὡς

139 719 340 787 νεόιρυτα
366 715 630 787 ἱδρυμένα
663 717 721 769 ὲν
742 719 809 787 τῇ
836 716 1050 787 νεότητι
1083 715 1281 768 αὐτῶν.
1312 715 1565 787 Κάκείνῳ
1592 716 1690 787 μὲν

136 811 218 863 οὐκ
239 810 341 862 εἰσὶ
376 807 712 879 θυγατέρες’
759 807 969 871 τούτοις
1000 807 1058 861 δέ
1104 810 1208 861 είσι
1240 807 1690 877 κεκαλλωπισμέ-

135 914 226 961 ναι,
262 897 805 968 περικεκοσμημέναι
829 898 906 961 ὡς
949 897 1202 968 ὁμοίωμα
1247 896 1411 951 ναοῦο
1456 898 1692 968 κάκείνῳ

138 988 220 1059 μὲν
246 990 379 1041 εἰσὶν
414 988 523 1041 υἱοὶ
551 986 704 1051 υἱῶν,
737 986 947 1051 τούτοις
972 986 1028 1040 δὲ
1064 986 1184 1057 οὐχί
1206 1004 1219 1016 ·
1254 987 1334 1039 ἔτι
1368 986 1561 1058 ἐκείνῳ
1592 985 1692 1057 μὲν
1740 1048 1745 1051 _

133 1077 292 1130 οὐκέτι
330 1080 558 1147 ταμεῖον
597 1077 720 1131 οὐδὲ
756 1076 1007 1148 ἀποθήκη
1026 1094 1039 1107 ι
1068 1076 1275 1130 τούτων
1302 1076 1359 1129 δὲ
1386 1075 1453 1130 τὰ
1494 1079 1693 1147 ταμεῐα

136 1170 295 1241 πλήρη
324 1169 731 1240 ἱξερευγόμενα
769 1170 835 1222 ὲκ
865 1168 1059 1222 τούτου
1091 1170 1170 1232 εἰς
1198 1166 1387 1221 τοῦτο·
1420 1169 1511 1221 καὶ
1553 1168 1693 1222 κατὰ

135 1262 186 1314 τὸ
217 1261 539 1330 Βύαγγέλιον
568 1261 626 1314 δὲ
656 1263 769 1325 τοῖς
794 1259 1153 1333 τρεφομένοις
1186 1260 1291 1313 ὑπὸ
1323 1258 1416 1313 τοῦ
1443 1260 1693 1331 οὐρανίου

138 1354 326 1424 Πατρὸς
368 1355 639 1417 πετεινοῖς
687 1352 783 1405 τοῦ
817 1350 1047 1422 ούρανοῦ
1093 1351 1278 1405 οὐκέτι
1322 1354 1544 1422 ταμεῖον
1576 1350 1695 1404 οὐδὲ

136 1446 378 1517 ἀποθήκη.
424 1446 549 1499 Υἱοὶ
579 1446 629 1498 οἱ
663 1445 935 1517 αἱρετικώ¹
988 1444 1159 1515 λόγοι,
1207 1446 1302 1497 καὶ
1341 1444 1411 1498 τὰ
1452 1446 1696 1517 νοήματα

137 1538 200 1602 ὡς
227 1538 471 1606 νεόφυτα,
502 1538 592 1591 διὰ
623 1538 723 1609 τὴν
749 1537 1118 1610 ,καινοτομίαν
1141 1554 1154 1566 ·
1200 1537 1499 1610 θυγατέρες
1528 1539 1583 1593 αἱ
1610 1538 1699 1592 λέ-

139 1628 259 1693 ξεις*
286 1629 799 1700 κεκαλλωπισμέναι
820 1629 877 1682 δὲ
901 1628 987 1682 διὰ
1010 1629 1108 1701 τὴν
1137 1630 1358 1701 φράσιν,
1388 1630 1513 1684 ναὸν
1542 1626 1696 1684 οὖσαι

136 1719 214 1772 τοῦ
242 1723 604 1793 φρονήματος.

284 1813 402 1866 Οὐκ
432 1810 570 1865 ἐστι
597 1810 959 1880 κατάπτωμα
987 1810 1281 1881 φραγμοῦ,
1318 1829 1373 1866 κ.
1400 1829 1451 1864 τ.
1477 1811 1528 1867 λ.

192 1904 291 1959 Καὶ
323 1905 379 1957 ἐν
426 1903 511 1974 τῷ
552 1902 668 1956 Ἰὼϐ
712 1904 958 1976 εἴρηται·
994 1904 1099 1957 Διά
1141 1904 1199 1957 τί
1229 1903 1468 1969 ἀσεϐεῖς
1528 1901 1694 1967 ζῶσι,

136 1995 561 2049 narrauimus
594 1994 663 2048 δὲ
702 1996 803 2048 καί
839 1995 908 2048 ἐν
930 1996 1208 2062 πλούτῳ;
1240 1995 1335 2049 καὶ
1365 1994 1434 2048 τὰ
1468 1993 1693 2064 ἐφεξῆς·

136 2086 253 2159 πλὴν
276 2086 549 2159 ἐπιφέρειο
574 2090 657 2141 οὐ
671 2086 801 2157 μὴν
814 2086 911 2141 καὶ
943 2086 1179 2143 ἀσεϐῶν
1192 2088 1421 2158 λύχνος
1449 2086 1700 2155 σϐεσθῆ-

136 2193 299 2232 σεται.
331 2178 441 2231 Καὶ
474 2180 536 2231 ὲν
565 2174 949 2249 ἑϐδομηκοστῷ
975 2175 1211 2247 δευτέρῳ
1233 2175 1433 2247 ψαλμῷ
1455 2175 1693 2245 λέγεται·

147 2266 416 2335 Ἑζήλωσα
452 2268 559 2321 ἐπὶ
595 2267 721 2334 τοῖς
755 2268 1021 2337 ἀνόμοις,
1050 2266 1301 2337 εἰρήνην
1339 2265 1701 2337 ἁμαρτωλῶν

139 2358 358 2429 θεωρῶν,
388 2360 487 2413 καὶ
513 2358 586 2413 τὰ
622 2357 768 2430 ἑξῆςο
806 2352 879 2413 ὧν
908 2357 1003 2411 καὶ
1031 2357 1212 2411 αὐτῶν
1239 2357 1274 2428 ὴ
1305 2356 1459 2419 λύσις
1501 2356 1700 2427 ἐπάγε-

138 2468 210 2503 ται
228 2454 281 2503 ὲν
301 2451 400 2521 τῷ,
426 2450 559 2514 Πῶς
592 2450 840 2519 ἐγένοντο
872 2451 951 2513 είς
979 2450 1293 2520 ὲρήμωσιν;
1324 2447 1556 2515 ἐξάπινα
1592 2449 1699 2502 ἀπ-

140 2539 309 2593 ώλοντο
332 2540 419 2593 διὰ
434 2540 539 2612 τὴν
556 2537 813 2592 ἀϐουλίαν
834 2535 1033 2600 αὐτῶν,
1056 2536 1132 2598 ὡς
1159 2534 1409 2589 ἐνύπνιον
1435 2535 1701 2605 ὲξεγειρο-

144 2626 307 2697 μένων.

644 2713 937 2769 ΨΔΛΜΟΣ
986 2714 1162 2766 ΡΜΔ’.

196 2806 318 2861 οὔτε
352 2806 421 2860 δι’
454 2806 691 2878 ὀργάνου
727 2803 823 2858 τοῦ
856 2804 1021 2858 καλου
1030 2803 1192 2875 μένου
1231 2802 1527 2875 ψαλτηρίου
1556 2802 1701 2857 λέλε-

144 2915 245 2951 κται
276 2899 339 2952 τά
370 2897 737 2970 προκείμενα,
778 2895 902 2949 οὔτε
943 2896 1009 2949 δι’
1054 2894 1219 2968 ᾠδῆς,
1268 2896 1389 2950 καθ’
1416 2896 1602 2967 ἕτερον
1643 2895 1699 2949 δὲ

142 2990 329 3061 τρόπον,
352 2992 602 3057 Λτνεσις
628 2988 1053 3061 ἐπιγέγραπται.

321 3086 459 3138 Καθ’
487 3081 763 3149 ἑκάστην
787 3082 1016 3153 ἡμέραν
1040 3082 1357 3152 εὐλογήσω
1389 3096 1483 3136 σε.

210 3176 358 3247 Ἀρχὴ
410 3177 549 3249 παρ’
610 3175 883 3246 Ἐὗραίοις
932 3176 1027 3230 τοῦ
1078 3176 1349 3249 παρόντος
1402 3175 1583 3247 στίχου
1637 3174 1698 3229 τὸ

148 3266 229 3337 βήθ
249 3268 368 3336 (20).
392 3268 656 3322 Διδάσκει
680 3266 736 3319 δὲ
751 3268 833 3321 ὃτι
851 3270 1116 3340 προσήκει
1141 3267 1330 3340 ὥσπερ
1344 3266 1562 3339 ὀφειλὴν
1572 3268 1701 3321 έκά-

148 3373 254 3429 στης
279 3361 487 3432 ἡμέρας
520 3359 603 3431 τῷ
641 3360 760 3432 Θεῷ
794 3360 886 3414 τὸν
926 3360 1093 3432 ὕμνον
1129 3360 1456 3414 ἀποδιδόναι.
1498 3399 1510 3412 .
1545 3360 1702 3431 μηδε-

150 3452 251 3515 μιᾶς
278 3450 485 3524 ἡμέρας
529 3449 612 3521 τῷ
650 3450 770 3521 Θεῷ
799 3449 966 3521 ὕμνον
1012 3451 1296 3523 ὀλιγωρεῖν
1336 3451 1431 3504 καὶ
1464 3448 1699 3520 ἀπολιμ-

148 3540 370 3596 πάνεσθαι
417 3543 563 3615 (21).
596 3542 814 3613 Διανοία
861 3543 958 3613 μὲν
1001 3538 1094 3596 οὖν
1123 3543 1217 3595 καὶ
1260 3541 1569 3613 λογισμοῖς,
1606 3542 1701 3596 καὶ

147 3632 258 3705 αὐτῇ
291 3634 379 3688 τοῦ
410 3636 469 3688 ὲν
497 3636 640 3707 ἡμῖν
670 3634 979 3705 πνεύματος
1001 3634 1231 3705 δυνάμει
1259 3634 1421 3687 αὑτὸν
1446 3632 1538 3687 τὸν
1568 3632 1703 3688 Θεὸν

148 3724 351 3796 ὑξοοῦμεν
389 3727 487 3780 καὶ
515 3724 850 3796 εὐλογοῦμεν
868 3742 882 3755 ·
915 3725 1121 3797 χείλεσι
1149 3725 1206 3778 δὲ
1233 3724 1327 3777 καὶ
1356 3722 1571 3795 θνητοῖς
1604 3725 1702 3795 ῥή-

151 3831 259 3883 μασι
283 3816 371 3871 τοῦ
399 3818 538 3871 Θεοῦ
577 3817 643 3871 τὺ
679 3816 848 3888 ὄνομα
889 3815 1203 3888 δοξάζομεν*
1244 3817 1343 3871 Αεὶ
1388 3817 1469 3880 σὲ,
1512 3814 1698 3887 φησιν,

148 3906 302 3975 ὑμνῶν
341 3910 604 3974 διατελῶ,
658 3910 755 3962 καὶ
809 3909 1067 3980 οὐδεμίαν
1120 3908 1348 3980 ἄμοιρον
1403 3907 1550 3961 ὲάσω
1599 3906 1702 3977 τῆς

150 3995 406 4069 ὑμνῳδίας.
433 4002 588 4055 ’Δντὶ
626 4001 683 4055 δὲ
716 3999 832 4065 τοῦ,
857 4002 943 4067 εὶς
974 4001 1082 4055 τὸν
1109 3999 1295 4054 αιῶνα
1326 4000 1431 4054 τοῦ
1463 3998 1698 4066 αἰῶνος,

150 4088 272 4157 ὁμὲν
308 4093 543 4157 ’Δκύλας
570 4092 780 4158 εἰσέτι,
814 4096 843 4146 ό
869 4092 927 4146 δὲ
964 4092 1258 4166 Σύμμαχος
1284 4090 1575 4163 διηνεκῶς
1601 4095 1701 4164 ἡρ-

153 4181 412 4251 μήνευσαν.
442 4216 517 4227 --
562 4185 857 4239 Ἀκόλουθα
885 4186 942 4240 δὲ
969 4186 1147 4242 πάντα
1170 4189 1300 4255 ,τοῖς
1333 4184 1696 4257 προλαϐοῦσιο

153 4273 290 4328 εἰπὼν
321 4279 431 4348 γὰρ
475 4276 799 4347 εὐλογήσω
848 4278 948 4332 καὶ
992 4278 1252 4347 ῠψώσω,
1318 4277 1588 4331 δείκνυσιν
1624 4275 1701 4340 ὡς

151 4364 275 4419 οὐδὲν
294 4370 437 4440 αὐτῷ
471 4368 836 4442 προστίθησιν
861 4371 894 4441 ἡ
922 4387 1001 4423 πα
1017 4370 1065 4441 ρ’
1092 4369 1254 4441 ἡμῶν
1276 4368 1550 4440 εὐφημία⁶
1581 4370 1702 4422 ἐαυ-

1794 531 1887 586 lilii
1922 544 2175 601 tanquam
2205 531 2429 585 novellae
2458 530 2593 583 olea
2623 538 2750 584 sunt
2775 529 2918 583 circa
2948 543 3191 582 mensam
3224 526 3365 593 ejus.

1793 623 1901 679 Sed
1934 622 2235 677 alienorum
2270 640 2297 675 a
2329 622 2440 676 Deo
2487 618 2769 674 hominum
2817 618 2933 683 lilii,
2980 618 3208 673 novella:
3244 625 3371 671 sunt

1791 715 2158 784 plantationes
2185 712 2239 767 in
2265 712 2554 781 iuventute
2582 725 2704 765 sua.
2742 709 2808 764 Et
2832 710 2995 777 priori
3030 709 3268 777 quidem,
3302 708 3369 761 ﬁ-

1793 803 1880 859 lia:
1913 818 2019 859 non
2051 810 2209 869 sunt;
2246 803 2331 857 his
2356 813 2538 855 autent
2584 802 2765 871 specie
2799 800 3024 869 pulchra
3069 808 3124 853 et
3162 809 3371 853 ornatae

1794 893 1968 948 instar
2004 890 2209 962 templi.
2244 891 2417 946 Priori
2446 898 2572 944 sunt
2624 888 2718 943 lilii
2748 888 3022 953 ﬁliorum;
3058 887 3143 943 his
3166 902 3370 957 nequa-

1792 999 1978 1054 quam.
1998 983 2223 1052 lnsuper
2243 982 2409 1053 priori
2443 996 2549 1035 non
2580 990 2664 1036 est
2693 995 2842 1042 arca,
2875 994 3050 1050 neque
3080 981 3366 1044 horreum;

1795 1075 1883 1131 his
1911 1084 2092 1129 autem
2125 1074 2495 1145 promptuaria
2524 1075 2629 1129 hac
2663 1073 2788 1129 illac
2810 1072 3154 1141 pertinentia.
3183 1070 3368 1139 Atqui,

1795 1170 2092 1223 secundum
2128 1166 2503 1237 Evangelium,
2552 1166 2676 1221 caeli
2730 1165 3042 1220 volatilibus
3091 1180 3120 1218 a
3158 1164 3370 1219 caelesti

1796 1259 1961 1315 Patre
1994 1260 2217 1316 nutritis
2270 1275 2376 1314 non
2426 1268 2510 1314 est
2560 1259 2992 1329 promptuarium
3040 1270 3216 1325 neque
3247 1256 3371 1310 bor-

1797 1368 1948 1407 reum
1975 1353 2042 1408 “.
2072 1352 2214 1417 Filii,
2244 1351 2619 1421 intelliguntur
2673 1350 3049 1404 haereticorum
3072 1359 3367 1406 sermones,

1796 1459 2101 1513 eorumque
2134 1452 2441 1498 commenta
2490 1451 2745 1511 tanquam
2810 1455 2962 1494 nova:
3011 1436 3371 1506 plantationes

1796 1537 1864 1591 ob
1929 1537 2005 1591 rei
2064 1536 2385 1591 novitatem.
2442 1534 2616 1600 Filia,
2680 1533 3055 1602 intelliguntur
3111 1530 3370 1586 vocabula

1798 1628 2022 1698 pulchra
2053 1636 2108 1684 et
2130 1639 2323 1683 ornata
2380 1627 2449 1682 ad
2501 1626 2851 1699 loquendum,
2895 1633 2950 1678 et
2993 1623 3157 1677 veluti
3205 1623 3373 1676 fastus

1801 1719 2076 1789 templum.

2003 1809 2167 1863 Vens.
2207 1808 2294 1863 Η.
2337 1807 2458 1861 Νοη
2486 1818 2558 1860 est
2588 1808 2743 1860 ruina
2770 1805 3034 1870 maceriae,
3064 1814 3168 1860 etc.

1870 1900 1927 1955 In
1954 1901 2055 1957 Joh
2088 1916 2302 1971 quoque
2329 1901 2526 1953 dicitur
2551 1919 2564 1954 :
2608 1900 2716 1954 Cur
2745 1899 2889 1967 impii
2916 1899 3111 1963 vivunt,
3141 1907 3187 1951 et
3212 1896 3267 1950 in
3292 1897 3377 1950 die

1800 1992 1937 2045 vitiis
1960 2001 2328 2045 consenescunt
2362 1990 2444 2044 “?
2480 2002 2536 2045 et
2568 1990 2795 2059 reliqua.
2834 1986 3219 2043 Verumtamen
3247 1988 3374 2042 sub-

1794 2080 1916 2150 jicit
1943 2100 1957 2136 :
1996 2081 2227 2137 Tametsi
2252 2083 2530 2151 impiorum
2558 2081 2773 2135 lucerna
2807 2080 3169 2148 exstinguetur
3194 2078 3259 2133 “.
3308 2078 3375 2130 Et

1802 2174 1856 2229 in
1891 2175 2294 2245 septuagesimo
2316 2174 2556 2229 secundo
2580 2172 2829 2244 psalmo:
2869 2169 3047 2225 Zelavi
3086 2186 3242 2240 super
3265 2169 3372 2223 ini-

1800 2282 1952 2337 quos,
1981 2280 2163 2333 pacem
2189 2274 2522 2334 peccatorum
2570 2262 2748 2317 videns
2777 2261 2843 2325 ",
2878 2269 2932 2315 et
2959 2260 3191 2328 reliqua.
3226 2259 3374 2326 Quo-

1802 2372 1922 2412 rum
1956 2356 2155 2412 solutio
2186 2354 2531 2427 subiungitur
2570 2354 2655 2409 his
2691 2354 2914 2408 verbis:
2965 2353 3245 2419 Quomodo
3293 2367 3378 2405 re-

1801 2450 1946 2506 dacti
1976 2458 2105 2505 sunt
2135 2449 2203 2503 ad
2232 2446 2626 2503 solitudinem?
2671 2445 2853 2500 subito
2895 2444 3173 2513 perierunt
3198 2441 3267 2497 ob
3295 2441 3379 2495 in-

1802 2541 2261 2599 considerantiam
2337 2556 2513 2597 suam.
2574 2554 2674 2594 ceu
2738 2537 3009 2592 somnium
3069 2534 3379 2607 evigilantis

1802 2645 1987 2690 mente
2021 2632 2223 2688 deﬂuit.

2302 2721 2623 2780 PSALMUS
2661 2720 2889 2778 CXLIV.

1874 2814 2059 2885 Neque
2085 2815 2153 2871 ad
2180 2830 2444 2886 organum
2491 2830 2668 2883 neque
2724 2817 2792 2870 ad
2848 2812 3165 2885 psalterium
3201 2814 3378 2868 dictus

1802 2906 1900 2962 fuit
1930 2907 2019 2962 hic
2053 2906 2319 2977 psalmus,
2343 2920 2519 2974 neque
2557 2905 2755 2960 cantici
2793 2904 3193 2975 autcujuslibet
3218 2902 3377 2959 metri

1801 3012 1997 3053 nomen
2034 2997 2217 3066 habet,
2249 2996 2343 3051 sed
2375 2996 2518 3051 Laus
2550 2996 2883 3051 inscribitur.

1950 3088 2111 3144 Vens.
2144 3087 2200 3145 Ξ.
2241 3087 2348 3144 Per
2376 3090 2607 3161 singulos
2640 3092 2751 3144 dies
2781 3088 3076 3144 benedicam
3120 3089 3235 3142 tibi.

1878 3178 2094 3235 Initium
2121 3180 2265 3249 apud
2293 3179 2552 3235 Hebrteos
2580 3178 2868 3249 praesentis
2896 3177 3150 3234 versiculi
3178 3185 3263 3234 est
3287 3177 3380 3233 Iit-

1802 3282 1916 3341 tera
1978 3272 2117 3327 beth.
2182 3272 2451 3327 Docemur
2508 3283 2732 3339 autem,
2789 3281 3043 3342 oportere
3120 3282 3378 3339 tanquam

1803 3364 2234 3434 uniuscujusque
2268 3364 2373 3418 diei
2405 3363 2670 3431 debitum,
2722 3364 2984 3435 hymnum
3028 3364 3136 3418 Deo
3177 3362 3382 3432 persol-

1800 3471 1948 3522 vere,
1980 3455 2147 3519 nullo,
2181 3455 2421 3525 inquam,
2454 3456 2540 3511 die
2565 3456 2909 3528 hymuodiam
2945 3455 3183 3509 divinam
3213 3452 3382 3524 negli-

1801 3562 1928 3620 gere
1961 3555 2052 3602 aut
2080 3546 2359 3602 omittere.
2390 3547 2456 3602 Et
2480 3558 2661 3602 mente
2704 3547 2946 3617 quidem,
2999 3555 3054 3600 et
3097 3544 3382 3613 cogitatio-

1802 3641 1987 3708 nibus,
2043 3648 2099 3694 et
2146 3639 2263 3708 ipsa
2306 3638 2534 3709 spiritus
2573 3639 2622 3694 vi
2674 3639 2841 3693 Deum
2872 3636 3182 3693 extollimus
3218 3644 3385 3706 atque

1805 3730 2133 3787 laudamus:
2165 3731 2324 3786 labiis
2353 3745 2484 3786 vero
2522 3740 2577 3786 et
2602 3730 2866 3801 perituris
2909 3728 3095 3785 verbis
3139 3726 3236 3783 Dei
3284 3741 3384 3781 no-

1805 3837 1928 3878 men
1967 3822 2360 3894 glorillcamus.
2394 3821 2492 3887 Te,
2528 3822 2727 3891 inquit,
2774 3834 2993 3892 semper
3029 3820 3247 3892 hymnis
3293 3836 3384 3876 ce-

1810 3913 1987 3980 lebro,
2018 3913 2331 3985 nullamque
2379 3913 2521 3968 diem
2576 3912 2783 3983 absque
2828 3913 3118 3984 hymnodia
3164 3922 3389 3983 prmter«

1806 4005 1981 4061 mitto.
2013 4003 2131 4060 Jam
2168 4019 2264 4076 pro
2296 4005 2499 4071 verbis,
2535 4006 2591 4059 in
2629 4021 2731 4060 saec
2748 4004 2897 4059 nlum
2951 4004 3155 4070 seculi,
3190 4004 3383 4076 Aquila

1802 4098 2194 4168 interpretatus
2231 4105 2341 4163 est,
2368 4113 2532 4168 usque
2557 4097 2754 4163 adhuc,
2796 4096 3160 4167 Symmachus
3202 4107 3387 4151 autem

1803 4190 2148 4245 continenter.
2177 4220 2248 4229 —
2269 4189 2475 4243 Cuncta
2508 4198 2689 4244 autem
2720 4198 3086 4244 consentanea
3120 4198 3251 4243 sunt
3278 4189 3387 4259 pri-

1800 4280 2008 4335 oribus.
2041 4278 2176 4334 Nam
2205 4295 2328 4334 cum
2386 4280 2605 4346 dixerit,
2642 4279 2877 4336 laudabo
2914 4289 2969 4337 et
3003 4279 3275 4344 exaltabo,
3309 4279 3388 4335 si-

1801 4370 2023 4443 gniﬁcat
2056 4370 2191 4426 nihil
2219 4370 2327 4427 Deo
2353 4371 2477 4427 addi
2517 4386 2549 4425 a
2598 4373 2807 4428 nostris
2849 4372 3116 4427 laudibus.
3163 4370 3386 4427 Nosmet

152 4456 254 4521 τοὺς
281 4458 335 4511 δὲ
378 4460 806 4534 λαμπρύνομεν,
839 4456 989 4515 αἶνον
1023 4460 1082 4513 δὲ
1121 4461 1201 4523 είς
1227 4458 1319 4513 τὸν
1356 4455 1504 4513 αῐνον
1544 4474 1697 4529 προσ-

1808 4463 1989 4534 potius
2037 4462 2398 4527 illustramus,
2450 4463 2576 4517 dum
2618 4461 2835 4519 laudem
2887 4464 3047 4519 laude
3099 4464 3389 4519 connectia

154 4561 358 4613 εγω-τες.

277 4643 378 4696 ιω
409 4643 484 4713 τῇ
510 4644 873 4711 δικαιοσύνῃ
900 4658 1016 4697 σου
1047 4642 1542 4711 ἁγαλλιάσονται.

208 4733 294 4786 Διὰ
331 4736 535 4790 τούτων
573 4737 821 4791 διδάσκει
860 4735 956 4789 τοῦ
989 4735 1125 4789 Θεοῦ
1170 4734 1269 4799 τὰς
1308 4735 1529 4806 ἀρετὰς,
1577 4735 1701 4788 ὅσαι

155 4820 219 4886 εις
242 4825 375 4896 ἡμᾶς
408 4828 710 4900 διήκουσιν,
746 4829 841 4897 ἀφ’
875 4820 952 4883 ὧν
992 4828 1154 4881 αὐτὸν
1196 4827 1289 4881 καὶ
1327 4826 1697 4898 γνωρίζομεν·

155 4911 233 4976 τὰς
256 4918 355 4988 γὰρ
388 4920 528 4992 ὑπὲρ
549 4921 699 4992 ἡμᾶς
731 4918 1076 4990 ἀθεωρήτους
1100 4921 1234 4990 ἡμῖν
1259 4917 1425 4983 οὓσας
1451 4919 1546 4973 καὶ
1572 4918 1704 4972 ἀκα-

154 5001 441 5075 ταλήπτους,
463 5012 567 5081 οὐχ
595 5004 706 5065 οἷόν
736 5009 799 5063 τέ
831 5010 948 5063 ἐστι
975 5009 1141 5082 θνητῇ
1174 5009 1333 5078 φύσει
1361 5009 1701 5081 περιλαϐεῖν.

94 5176 95 5179 η
162 5090 257 5179 ξλεὶ
282 5097 335 5149 δὲ
367 5102 445 5164 εἰς
481 5103 635 5172 ἡμᾶς
674 5100 975 5170 φθάνουσαι
1007 5100 1101 5155 τοῦ
1156 5100 1292 5154 Θεοῦ
1340 5100 1554 5172 ἀρεταὶ,
1606 5100 1700 5171 ἀφ’

158 5172 217 5235 ὗν
239 5187 386 5243 αὑτὸν
422 5192 794 5264 γινώσκομεν,
827 5194 885 5246 αἱ
914 5193 1089 5262 φωναί
1121 5194 1263 5247 εἰσιν
1288 5187 1465 5249 αὗται.

217 5500 255 5532 ⁸⁸
281 5501 460 5562 Matth.
499 5522 576 5571 vt,
610 5506 697 5561 26.

222 5684 319 5759 (39)
348 5686 554 5759 Nempe
582 5681 835 5756 mv'bn,
867 5693 921 5746 in
945 5694 1085 5748 omni
1104 5694 1208 5749 die.

2030 4642 2197 4699 Vens.
2230 4642 2285 4697 7.
2323 4643 2395 4698 Et
2424 4646 2637 4715 Justitia
2677 4656 2766 4701 tua
2816 4645 3169 4700 exsultabant.

1878 4735 1974 4791 His
1994 4735 2178 4791 verbis
2204 4736 2445 4791 declarat
2473 4736 2565 4792 Dei
2597 4738 2846 4806 virtutes,
2880 4746 3151 4809 quatenus
3178 4735 3245 4791 ad
3282 4752 3390 4793 nos

1808 4826 2123 4891 deveniunt,
2153 4840 2222 4881 ex
2244 4828 2442 4897 quibus
2476 4829 2725 4884 eumdem
2756 4829 3138 4899 cognoscimus
3165 4847 3179 4896 ;
3212 4830 3381 4883 virtu-

1810 4929 1913 4985 tes,
1976 4919 2218 4989 inquam,
2264 4918 2422 4975 nobis
2473 4921 2805 4990 superiores,
2858 4921 3159 4977 invisibiles
3198 4929 3255 4975 et
3291 4920 3381 4974 in-

1808 5011 2353 5082 comprehensibiles,
2427 5028 2566 5081 quas
2634 5012 2879 5069 mortalis
2945 5024 3135 5068 natura
3201 5021 3385 5067 mente

1808 5101 2095 5172 complecti
2126 5104 2335 5173 nequit.
2404 5104 2658 5161 Attamen
2721 5105 2813 5161 Dei
2864 5106 3095 5160 virtutes
3122 5112 3384 5175 perpetuo

1809 5193 1877 5249 ad
1919 5209 2021 5249 nos
2052 5195 2425 5263 decurrentes,
2468 5213 2535 5252 ex
2569 5199 2772 5269 quibus
2817 5213 2941 5255 eum
2984 5197 3383 5270 cognoscimus,

1808 5284 1889 5339 ha:
1919 5285 2142 5341 totidem
2170 5302 2336 5344 voces
2362 5298 2510 5345 sunt.

775 5507 821 5537 "
848 5505 948 5562 Job
974 5523 1083 5572 ut,
1112 5505 1163 5559 7.
1239 5507 1285 5539 “
1310 5506 1440 5562 ibid.
1474 5506 1559 5561 I7.
1636 5507 1680 5539 ⁶⁷
1740 5506 1884 5564 Psal.
1936 5523 2103 5576 usu,
2140 5510 2195 5565 5.

224 5756 317 5826 (τι)
341 5756 728 5833 Observemus,
768 5773 903 5822 teste
934 5762 1186 5833 Eusebio,
1234 5764 1542 5837 hymnodia
1563 5764 1892 5836 quotidianae
1922 5762 1976 5822 in
2008 5764 2247 5823 Ecclesia
2279 5764 2748 5823 consuetudinum.
