3850 6210
427 330 496 386 59
1098 320 1368 377 EUSEBII
1408 315 1898 375 C/ESARIENSIS
1929 314 2082 372 OPP.
2126 311 2303 369 PARS
2340 311 2431 367 Ill.
2459 343 2527 353 —-
2566 309 2981 366 EXEGETICA.
3614 313 3686 362 δυ

536 447 698 501 Vens.
727 444 781 499 8.
813 441 1101 497 Miserator
1128 440 1503 564 εἶμιίεετίεοη
1534 438 1817 505 Dominus,
1846 445 1904 492 et

1100 525 1330 564 retaua.

1100 525 1330 581 reliqua.

495 609 630 664 Cum
666 606 796 661 nihil
826 621 922 661 nos
946 618 1213 667 essemus,
1242 613 1419 671 neque
1451 601 1628 656 adhuc
1650 598 2002 662 exsistentes,

426 701 479 753 in
514 699 689 753 lucem
720 695 971 766 protulit.
1008 694 1214 748 Deinde
1243 708 1412 762 prava
1448 692 1617 746 multa
1651 698 1901 761 agentes,
1949 697 2006 743 et

425 791 660 861 superbo
686 795 1001 856 contemptu
1027 787 1291 851 viventes,
1326 802 1433 840 non
1457 799 1555 854 pro
1587 782 1794 837 meritis
1818 796 2006 851 perse-

425 883 633 953 quitur,
681 880 775 936 sed
811 880 1125 943 miseretur,
1153 878 1355 946 diuque
1398 892 1497 932 nos
1539 885 1702 931 vocat
1736 874 1802 929 ad
1831 874 2006 943 paeni-

428 972 675 1037 tentiam,
709 971 836 1040 quia
866 980 1095 1023 mortem
1125 969 1431 1037 peccatoris
1460 982 1564 1022 non
1597 966 1736 1031 vult,
1768 967 1861 1021 sed
1892 983 2006 1021 ma-

348 1094 355 1099 -
427 1064 511 1133 gis
533 1063 652 1134 ejus
679 1060 1081 1130 paenitentiam.
1134 1058 1318 1129 Neque
1355 1060 1429 1114 ita
1458 1074 1587 1130 erga
1636 1073 1764 1113 suos
1795 1067 2002 1112 tantum

430 1170 489 1208 se
511 1155 670 1224 gerit,
700 1154 796 1209 sed
829 1168 959 1223 erga
988 1166 1178 1207 omnes
1204 1151 1429 1206 omnino
1455 1168 1471 1214 ;
1498 1158 1584 1205 est
1610 1150 1758 1205 enim
1793 1148 2004 1204 cunctis

429 1247 713 1317 benignus.

464 1423 628 1480 Vnus.
664 1424 717 1479 9.
751 1422 819 1477 Et
854 1423 1237 1543 miserationesd
1250 1424 1366 1489 ejus
1399 1435 1555 1489 super
1599 1417 1777 1472 omnia
1809 1433 1969 1485 opera

1085 1509 1199 1543 eius
1244 1507 1346 1543 em.

1085 1507 1346 1559 ejusdem.

497 1583 764 1651 Quoniam
814 1582 1195 1637 miserationes
1248 1580 1365 1651 ejus
1423 1579 1641 1635 cunctis
1708 1578 2005 1650 praevalent

425 1674 669 1744 ejusdem
697 1675 975 1744 operibus,
1012 1680 1411 1741 consequenter
1457 1671 1660 1725 dictum
1709 1679 1828 1725 est:
1861 1669 2003 1724 Con-

425 1769 683 1836 ﬁteantur
714 1768 808 1821 tibi
838 1767 895 1820 in
920 1766 1096 1819 omnia
1127 1780 1284 1835 opera
1325 1772 1440 1819 tua.
1493 1762 1734 1817 Debetur
1762 1761 1812 1816 ei
1850 1761 2001 1815 insu-
2033 1786 2075 1845 Β

425 1873 546 1929 per,
572 1868 632 1912 ut
662 1858 790 1928 ipsa:
814 1872 935 1927 qua:
964 1855 1234 1910 inanimes
1269 1853 1654 1908 existimantur
1712 1861 1999 1918 creaturas,

424 1966 559 2005 voce
585 1950 974 2020 propemodum
1006 1948 1201 2001 emissa
1235 1946 1442 2015 gratias
1474 1945 1522 1998 ei
1563 1956 1752 2015 agant,
1783 1954 1837 1997 et
1866 1960 1999 1998 con-

426 2041 687 2095 ﬁteantur
714 2038 952 2095 creatori
1004 2052 1127 2092 suo.
1175 2034 1477 2105 Participat
1503 2035 1648 2089 enim
1678 2033 2000 2103 sapientiam

423 2132 543 2199 ejus
569 2146 905 2201 unaquaeque
926 2131 993 2185 ab
1014 2144 1079 2185 eo
1111 2129 1261 2183 varie
1285 2136 1603 2183 constructa
1638 2135 1914 2188 creatura,
1949 2134 2003 2178 et

423 2224 535 2278 vim
568 2223 865 2279 creationis
902 2220 1141 2277 mirabili
1181 2219 1415 2274 artiﬁcio
1444 2218 1627 2273 sentit.
1677 2216 2004 2287 Specialiter

423 2328 555 2369 vero
582 2312 965 2384 praecipueque
994 2310 1168 2366 sancti
1202 2310 1322 2380 ejus
1355 2310 1614 2379 majorem
1667 2307 1843 2363 laudis
1889 2322 2005 2376 par-

426 2415 535 2461 tem
566 2406 914 2460 retribuunt:
948 2419 1072 2458 nam
1098 2403 1166 2458 iis
1200 2418 1320 2473 qua:
1344 2401 1587 2471 cogitant
1624 2409 1790 2470 atque
1815 2407 1999 2468 agunt,

424 2510 650 2566 regnum
678 2496 795 2566 ejus
823 2496 1144 2566 praedicant,
1180 2496 1235 2550 in
1285 2505 1630 2549 antecessum
1680 2492 1735 2546 id
1776 2490 2004 2545 manife-

425 2596 660 2653 stantes,
687 2597 745 2642 ut
780 2596 1041 2657 tanquam
1070 2587 1120 2642 ei
1157 2586 1474 2649 militantes,
1508 2584 1680 2653 gloria
1708 2584 1817 2638 sint
1850 2582 2001 2652 regni

426 2680 566 2747 ejus.
605 2678 990 2735 Praedicahunt
1040 2680 1169 2734 item
1216 2678 1631 2733 connaturalem
1676 2692 1845 2748 regno
1884 2677 2002 2745 ejus

423 2771 788 2837 dominatum,
815 2780 870 2826 et
895 2772 1041 2841 quod
1092 2785 1432 2840 unaquaque
1462 2780 1713 2825 creatura
1751 2770 2003 2825 ordinate

424 2863 475 2917 ei
511 2864 719 2920 subest.
756 2862 888 2919 Cum
932 2864 1042 2918 sint
1093 2861 1341 2919 benevoli
1392 2862 1446 2916 hi
1480 2862 1571 2931 qui
1606 2861 1777 2931 gratia
1810 2870 1897 2915 tua
1934 2861 2002 2916 ad

427 2964 480 3009 te
512 2970 609 3024 per
630 2956 976 3010 sanctitatem
1003 2953 1253 3010 conversi
1286 2962 1433 3020 sunt,
1468 2954 1611 3008 bona
1646 2968 1743 3007 sua
1774 2953 1895 3007 sine
1924 2952 2000 3006 in-

424 3043 571 3099 vidia
613 3047 1021 3100 communicant
1073 3060 1173 3114 per
1228 3044 1603 3115 magisterium
1655 3043 1782 3099 ﬁliis
1827 3043 2002 3099 homi-

2031 438 2076 494 Α
2099 434 2427 502 Οίκτίρμων
2451 432 2549 486 καὶ
2572 430 2846 499 ἐλεήμων
2867 432 2900 484 d
2922 429 3157 497 Κύριος,
3183 428 3276 481 καὶ
3297 426 3372 479 τὰ
3394 424 3684 483 ἀκόλουθα.

2174 586 2266 657 Μὴ
2294 586 2401 656 γὰρ
2443 586 2603 649 ὄντας
2630 585 2805 655 ἡμᾶς,
2833 582 2966 655 μηδὲ
2998 581 3338 649 ὑφεστῶτας,
3363 582 3685 655 παρήγαγεν

2104 678 2183 741 εἰς
2214 676 2361 747 φῶς·
2405 672 2524 731 εἶτα
2552 675 2723 729 πολλά
2755 675 2998 746 δρῶντας
3038 674 3187 727 κακά
3218 674 3312 728 καὶ
3343 691 3690 745 καταφρονη-

2102 770 2270 833 τικῶς
2318 770 2539 840 ἔχοντας
2595 769 2792 832 αὐτοὺς
2840 769 2901 821 οὐ
2958 766 3279 837 μετέρχεται
3328 768 3447 819 κατ’
3489 765 3685 831 ἀξίαν·

2103 862 2193 933 ἐμ.
2226 900 2241 916 .
2268 861 2331 919 δὲ,
2352 863 2509 925 ἐλεεῖ,
2539 860 2675 913 ἀλλά
2704 861 2800 914 καὶ
2838 858 3182 931 μακροθυμεῖ
3208 856 3688 929 προσκαλούμενος

2102 952 2252 1022 ἡμᾶς
2280 953 2362 1015 εἰς
2399 950 2708 1022 μετάνοιαν,
2744 948 2833 1002 διὰ
2866 948 2926 1001 τὸ
2965 947 3039 1019 μὴ
3082 946 3364 1017 βούλεσθαι
3393 946 3484 1001 τὸν
3522 946 3691 1000 θάνα-

2102 1061 2192 1096 τον
2240 1043 2335 1097 τοῦ
2382 1041 2728 1115 ἁμαρτωλοῦ,
2778 1042 2854 1105 ὼς
2894 1040 2992 1113 τὴν
3042 1040 3329 1111 μετάνοιαν
3380 1038 3574 1093 αὐτοῦ’
3624 1041 3688 1095 ού

2107 1131 2264 1204 μόνον
2300 1131 2357 1186 δὲ
2401 1131 2529 1203 περὶ
2577 1131 2703 1194 τοὺς
2735 1130 2969 1193 οἰκείους
3011 1127 3169 1181 τοῦτό
3212 1129 3395 1191 ἐστιν,
3426 1126 3563 1181 ἀλλά
3592 1128 3691 1180 καὶ

2104 1223 2233 1294 περὶ
2282 1223 2490 1285 πάντας
2547 1221 2917 1287 ἁπαξαπλῶς,
2976 1219 3101 1273 ἐπεὶ
3148 1219 3243 1272 καὶ
3286 1218 3522 1290 χρηστός
3567 1220 3690 1271 ἐστι

2102 1316 2217 1377 τοῖς
2252 1313 2550 1384 σύμπασιν.

2104 1406 2214 1461 Καὶ
2248 1408 2304 1459 οὶ
2332 1404 2618 1475 οἰκτιρμοί
2651 1403 2835 1458 αὐτοῦ
2861 1401 2959 1455 ἐπὶ
2987 1400 3184 1455 πάντα
3212 1397 3286 1453 τὰ
3311 1399 3457 1470 ἔργα
3477 1400 3687 1455 αὑτοῦ.

2188 1580 2410 1652 Ἐπειδὴ
2447 1581 2497 1633 οί
2541 1578 2817 1651 οίκτιρμοὶ
2862 1575 3026 1631 αὐτοῦ
3074 1576 3166 1628 ἐπὶ
3209 1574 3387 1628 πάντα
3437 1573 3505 1627 τὰ
3548 1572 3693 1645 ἔργα

2105 1672 2293 1731 αὑτοῦ.
2330 1672 2642 1737 ἀκολούθως
2668 1673 2918 1725 λέλεκται
2937 1686 2951 1700 ο
2993 1666 3693 1739 Ἐξομολογησάσθωσάν

2104 1777 2205 1817 σοι
2236 1762 2435 1817 πάντα
2476 1764 2549 1817 τὰ
2586 1762 2730 1832 ἔργα
2775 1775 2923 1815 σου·
2972 1759 3388 1829 προσοφείλεται
3431 1756 3577 1826 αὐτῷ
3612 1755 3692 1817 ὡς

2104 1854 2200 1908 καὶ
2228 1853 2368 1907 αὐτὰ
2389 1853 2457 1907 τὰ
2486 1851 2819 1923 νομιζόμενα
2848 1846 2988 1904 εἶναι
3014 1849 3217 1923 ἀψυχα,
3256 1848 3438 1918 φωνὴν
3462 1846 3695 1915 ἀφιέντα

2106 1947 2388 2017 μονονουχὶ
2431 1946 2775 2017 εὐχαριστεῖν
2825 1943 2920 1996 καὶ
2964 1941 3400 2012 ἐξομολογεῖσθαι
3441 1939 3517 2010 τῷ
3564 1957 3690 1991 ποι-

2103 2038 2296 2107 ήσαντι
2328 2037 2490 2091 αὑτά.
2516 2036 2753 2107 Μετέχει
2786 2035 2896 2107 γὰρ
2922 2034 3020 2103 τῆς
3046 2032 3213 2087 αὑτοῦ
3245 2033 3434 2101 σοφίας
3461 2033 3692 2085 ἕκαστον

2103 2129 2269 2183 αὑτοῦ
2312 2129 2422 2182 τῶν
2470 2129 2647 2201 ἔργων
2699 2128 2962 2192 ποικίλως
3014 2126 3540 2196 κατεσκευασμένον,
3593 2126 3693 2180 καὶ

2104 2221 2393 2289 πανσόφως
2462 2221 2685 2292 μετέχον
2756 2220 2857 2291 τῆς
2913 2219 3312 2291 δημιουργικῆς
3369 2219 3688 2288 δυνάμεωςο

2104 2313 2501 2384 ἀφωρισμένως
2558 2313 2617 2366 δέ
2661 2312 2754 2366 καὶ
2809 2312 3103 2384 ἐξαιρέτως
3137 2313 3185 2364 οἱ
3232 2314 3368 2366 ὅσιοι
3420 2311 3581 2364 αὑτοῦ
3628 2311 3693 2363 τὸ

2107 2404 2291 2477 μεῖζον
2330 2405 2431 2475 τῆς
2478 2404 2918 2477 ἐξομολογήσεως
2969 2405 3315 2458 ἀποδιδόασι·
3364 2405 3431 2458 δι’
3463 2397 3536 2457 ὧν
3578 2404 3693 2475 γὰρ

2104 2496 2361 2569 φρονοῦσι
2408 2499 2502 2551 καὶ
2539 2497 2856 2568 πράττουσι,
2886 2495 2984 2568 τὴν
3012 2497 3286 2567 βασιλείαν
3327 2496 3491 2550 αὑτοῦ
3538 2496 3694 2567 ἐροῦ-

2105 2609 2210 2657 σιν,
2242 2590 2632 2662 ἐμφανίζοντες
2668 2590 3099 2662 προγευστικῶς,
3134 2589 3210 2653 ὡς
3246 2589 3394 2661 αὺτῷ
3432 2606 3691 2661 στρατευ-

2105 2686 2328 2756 σάμενοι
2360 2682 2519 2749 δόξαν
2548 2678 2687 2737 εἶναι
2721 2683 2819 2754 τῆς
2860 2682 3139 2753 βασιλείας
3168 2680 3333 2736 αὑτοῦ
3354 2699 3367 2711 ο
3394 2681 3691 2752 λαλήσουσι

2102 2778 2160 2831 δὲ
2202 2777 2297 2833 καὶ
2340 2776 2564 2847 συμφυῆ
2602 2774 2920 2830 δυναστείαν
2953 2778 3019 2846 τῇ
3057 2774 3329 2846 βασιλείᾳ,
3377 2775 3451 2840 ὡς
3481 2775 3692 2828 ἕκαστα

2101 2865 2209 2920 τῶν
2234 2865 2546 2935 κτισμάτων
2578 2864 2891 2936 τεταμένως
2928 2863 3079 2935 αὐτῷ
3110 2864 3506 2917 ὑποτέτακται·
3536 2863 3693 2927 ὅντες

2104 2956 2476 3030 φιλάνθρωποι
2503 2957 2551 3009 οἱ
2582 2955 2683 3026 τῆς
2717 2955 2854 3027 πρὸς
2881 2956 2942 3009 σέ
2972 2956 3068 3009 καὶ
3100 2955 3251 3025 παρά
3278 2953 3371 3008 σοῦ
3410 2955 3693 3024 ὁσιότητος

2106 3047 2581 3121 μεταποιούμενοι,
2621 3046 2872 3116 ἀφθόνως
2909 3040 2983 3101 ὧν
3014 3045 3172 3117 ἔσχον
3201 3045 3421 3114 ἀγαθῶν
3468 3046 3692 3117 μεταδι-

426 3149 579 3191 num.
636 3134 838 3191 Rerum
895 3136 1294 3201 tantummodo,
1338 3150 1459 3205 qua;
1505 3136 1800 3189 humanam
1831 3134 1999 3189 vitam

2110 3142 2255 3197 δόασι
2303 3142 2416 3203 τοῖς
2460 3139 2569 3193 τῶν
2602 3137 2908 3210 ἀνθρώπων
2950 3138 3086 3202 υἱοῖς
3120 3135 3541 3200 διδασκαλικῶςο
3591 3137 3696 3207 μό-

424 3227 719 3289 excedunt,
749 3227 1011 3297 magister
1053 3236 1220 3299 atque
1252 3235 1568 3281 antecessor
1596 3225 1848 3282 Christus
1880 3233 2003 3289 est;

427 3333 553 3372 cum
586 3316 621 3371 ii
653 3318 749 3388 qui
780 3318 958 3372 adhuc
986 3317 1081 3373 ﬁlii
1113 3318 1393 3373 hominum
1422 3326 1601 3383 erant,
1647 3317 1890 3385 magistri
1918 3330 2006 3370 es-

425 3418 545 3464 sent
574 3407 753 3465 eﬂecti
796 3410 960 3466 abiis
998 3426 1139 3480 quos
1189 3410 1307 3481 ipse
1356 3408 1616 3464 Christus
1663 3411 1999 3463 erudiverat.

424 3498 625 3556 Paulus
653 3502 823 3573 igitur
855 3517 961 3558 non
1013 3502 1079 3557 ab
1106 3501 1439 3566 hominibus,
1477 3510 1573 3555 aut
1601 3516 1699 3568 per
1727 3500 2001 3565 homines,

424 3592 520 3647 sed
549 3607 580 3646 a
608 3593 945 3649 revelatione
974 3592 1102 3650 Jesu
1131 3593 1333 3650 Christi
1368 3602 1594 3665 accepto
1622 3592 1995 3663 Evangelia“,

428 3682 590 3753 idque
624 3683 871 3752 edoctus,
927 3685 1173 3754 gentium
1226 3684 1418 3741 doctor
1446 3684 1501 3739 in
1529 3668 1636 3739 ﬁde
1683 3697 1748 3738 ac
1776 3682 2003 3737 veritate

426 3777 616 3833 evasit.
649 3775 789 3847 Quin
815 3776 952 3832 adeo
973 3774 1254 3856 ‘Servator
1296 3776 1413 3846 ipsc
1459 3774 1609 3831 misit
1632 3775 1904 3845 apostolos
1934 3775 2001 3830 ad

424 3867 700 3923 docendas
751 3878 974 3938 gentes;
1029 3881 1168 3939 quos
1215 3876 1379 3921 antea
1428 3875 1716 3922 monuerat
1744 3880 1813 3921 ne
1838 3881 1999 3936 quem

426 3958 748 4029 magistrum
805 3959 859 4012 in
904 3966 1050 4013 terra
1088 3957 1449 4027 appellarent.
1494 3957 1626 4025 Quae
1666 3972 1795 4029 ergo
1839 3958 1908 4013 ab
1935 3972 2002 4013 eo

426 4049 607 4102 sancti
640 4048 876 4113 discunt,
911 4049 1027 4103 haec
1057 4048 1184 4102 ﬁliis
1213 4048 1499 4103 hominum
1533 4050 1841 4105 notiﬁcant.

2102 3250 2206 3286 νων
2235 3231 2345 3304 γὰρ
2376 3230 2485 3285 τῶν
2529 3232 2626 3300 τὴν
2659 3230 3006 3302 ἀνθρωπίνην
3041 3230 3185 3301 ζωὴν
3214 3228 3698 3301 ὑπεραναϐεϐηκό-

2100 3342 2208 3378 των
2249 3323 2569 3386 διδάσκαλος
2610 3321 2704 3376 καὶ¹
2738 3321 3057 3394 καθηγητὴς
3098 3324 3127 3375 ὁ
3170 3321 3426 3393 Χριστὸς,
3464 3321 3573 3374 τῶν
3607 3321 3697 3374 ἔτι

2100 3413 2476 3484 τυγχανόντων
2513 3410 2646 3465 υἱῶν
2682 3411 2987 3483 ἀνθρώπων
3016 3411 3353 3467 διδασκάλων
3387 3411 3694 3483 γινομένων

2102 3504 2209 3558 ὑπὸ
2235 3505 2347 3558 τῶν
2380 3504 2484 3557 ὑπὸ
2520 3501 2760 3575 Χριστοῦ
2790 3503 3237 3575 πεπαιδευμένων
3257 3521 3271 3533 ·
3315 3502 3527 3567 Παῦλος
3557 3504 3695 3573 γοῦν

2102 3601 2132 3654 ὁ
2164 3597 2239 3671 μὴ
2272 3596 2425 3669 παρὰ
2450 3596 2752 3669 ἀνθρώπων
2771 3596 2835 3666 ,ἢ
2852 3595 2918 3649 δι’
2945 3593 3269 3666 ἀνθρώπων,
3295 3596 3433 3649 ἀλλά
3458 3596 3524 3650 δι’
3554 3600 3696 3652 ἀποε

2104 3687 2390 3759 καλύψεως
2418 3686 2592 3757 Ἰησοῦ
2613 3685 2850 3758 Χριστοῦ
2875 3702 2952 3739 πα
2961 3684 3208 3757 ραλαὸὼν
3229 3687 3321 3739 καλ⁸
3339 3687 3608 3759 διδαχθεὶς
3630 3690 3698 3741 τὸ

2106 3777 2457 3848 Εὐαγγέλιον,
2480 3776 2799 3842 διδάσκαλος
2822 3776 2991 3831 ἐθνῶν
3018 3778 3074 3831 ἐν
3098 3777 3279 3831 πίστει
3314 3780 3407 3832 καὶ
3428 3778 3687 3852 ἀληθείᾳ·

2106 3868 2298 3938 ἀμέλει
2325 3867 2457 3937 γοῦν
2499 3868 2594 3923 καὶ
2626 3867 2792 3929 αὐτὸς
2822 3870 2851 3921 ὁ
2877 3869 3070 3940 Σωτὴρ
3095 3869 3369 3939 ἐκπέμπει
3400 3870 3525 3935 τοὺς
3562 3872 3699 3925 ἀποο

2109 3959 2329 4023 στόλους
2358 3960 2451 4013 ἐπὶ
2477 3959 2555 4031 τῷ
2587 3959 2928 4032 μαθητεῦσαι
2953 3961 3130 4014 πάντα
3157 3960 3229 4013 τὰ
3255 3961 3403 4032 ἔθνη,
3426 3963 3693 4034 πρότερον

2107 4051 2402 4115 παιδεύσας
2424 4052 2621 4116 αὐτοὺς
2646 4052 2723 4124 μὴ
2746 4052 2931 4106 καλεῖν
2965 4052 3285 4108 διδάσκαλον
3312 4054 3407 4108 ἐπὶ
3430 4056 3531 4128 τῆς
3554 4056 3687 4127 γῆς·

423 4136 462 4192 ἃ
489 4137 667 4193 τοίνυν
688 4141 820 4215 παρ’
844 4140 1008 4195 αὐτοῦ
1043 4140 1403 4213 μανθάνουσιν
1442 4143 1492 4195 oi
1530 4143 1686 4209 ὅσιοι,
1714 4142 2038 4215 γνωρίζουσι
2057 4144 2170 4208 τοῖς
2204 4142 2313 4198 τῶν
2342 4143 2643 4215 ἀνθρώπων
2671 4145 2826 4209 υἱοῖς.

498 4254 665 4310 Vsus.
703 4256 792 4311 14.
831 4254 1033 4311 Fidelis
1073 4256 1335 4312 Dominus
1364 4260 1419 4313 in
1441 4260 1771 4316 sermonibus
1794 4263 1928 4317 suis.

497 4366 701 4423 Fidelis
746 4368 912 4432 Deus,
949 4386 1056 4426 non
1103 4373 1257 4442 quasi
1297 4372 1457 4428 ﬁdem
1502 4373 1861 4442 participans,
1903 4373 1998 4427 sed

2305 4259 2526 4323 Πιστὸς
2552 4260 2769 4329 Κύριος
2796 4259 2866 4314 ἐν
2889 4258 3015 4327 τοῖς
3041 4262 3248 4331 λόγοις
3278 4261 3484 4316 αὐτοῦ.

2177 4368 2374 4433 Πιστὸς
2408 4369 2466 4423 δὲ
2497 4370 2527 4423 ό
2563 4369 2697 4433 Θεὸς
2737 4370 2838 4440 οὐχ
2874 4370 2952 4433 ὡς
2994 4369 3237 4441 μετέχων
3271 4371 3539 4435 πίστεως,
3572 4369 3693 4423 ἀλλ’

425 4461 555 4537 quia
611 4460 717 4516 ﬁde
773 4460 970 4531 dignus
1016 4463 1240 4519 dicitur.
1292 4465 1497 4519 Cuncta
1522 4464 1667 4519 enim
1693 4479 1814 4534 quae
1839 4464 1998 4528 dicit,

2110 4459 2177 4523 ὡς
2209 4459 2519 4525 ἀξιόπιστος
2556 4462 2801 4533 εἴρηται·
2834 4461 3013 4515 πάντα
3056 4461 3166 4534 γὰρ
3201 4462 3237 4517 ἀ
3275 4462 3424 4532 λέγει
3455 4464 3688 4533 γίνεται·

426 4560 585 4619 nunt,
609 4550 766 4621 juxta
793 4552 925 4607 illud
961 4570 975 4607 :
1020 4552 1143 4623 Ipse
1172 4554 1343 4610 dixit:
1374 4553 1566 4610 Nonne
1592 4554 1775 4623 faciet,
1803 4563 1854 4609 et
1893 4570 1999 4608 non

425 4644 661 4699 manebit
697 4644 785 4699 ⁸³2
811 4644 1035 4715 Insuper
1077 4645 1249 4701 illud:
1293 4645 1493 4701 Caelum
1555 4655 1605 4701 et
1648 4657 1789 4701 terra
1821 4656 1999 4701 trans—

424 4735 599 4802 ibunt,
617 4751 880 4790 sermones
909 4747 1086 4791 autem
1111 4737 1209 4792 mei
1233 4753 1337 4791 non
1358 4737 1785 4806 printer-ibunt".
1814 4736 2001 4793 Justus

425 4826 555 4881 item
589 4835 695 4894 est,
736 4838 1003 4898 quatenus
1032 4829 1345 4899 impertitur
1388 4830 1658 4885 creaturis
1702 4830 1813 4885 suis
1838 4830 2001 4899 justi-

427 4920 600 4974 tiam:
650 4920 812 4975 sicuti
851 4921 1018 4976 etiam
1066 4931 1288 4976 sanctus
1323 4920 1377 4976 in
1412 4920 1501 4986 iis,
1532 4921 1622 4990 qui
1654 4921 1999 4977 sanctitatem

424 5010 548 5080 ejus
568 5011 919 5081 participant.
961 5012 1201 5081 Denique
1242 5012 1509 5082 sapientia
1551 5013 1811 5069 Servatur
1834 5023 1919 5069 est
1948 5013 2000 5068 in

427 5114 519 5163 ho.
544 5104 637 5172 qui
667 5103 844 5158 instar
866 5102 981 5171 ejus
1006 5104 1279 5174 sapientes
1307 5114 1451 5162 sunt.

426 5189 592 5247 Vsus.
630 5193 721 5250 15.
760 5193 840 5250 Τιι
863 5195 959 5250 das
982 5210 1155 5249 escam
1178 5194 1395 5249 illorum
1427 5205 1656 5264 tempore
1679 5204 1995 5264 opportuno.

503 5281 595 5336 Ait
617 5285 783 5339 etiam
811 5285 1078 5341 Eusebius
1102 5286 1271 5341 Deum
1300 5302 1407 5341 non
1431 5293 1642 5340 tantum
1670 5300 1794 5341 esse
1819 5285 2002 5356 lapso-

432 5386 554 5427 rum
598 5375 869 5431 medicum
912 5387 970 5434 et
1015 5378 1419 5434 confractorum
1458 5386 1797 5446 senatorem,
1823 5383 1917 5435 sed
1948 5386 2005 5435 et

2103 4551 2245 4605 κατά
2272 4552 2354 4618 τὸ,
2386 4552 2581 4620 Αὐτὸς
2610 4550 2799 4608 εἶπεν·
2831 4552 2979 4622 οὐχὶ
3013 4554 3255 4620 ποιήσει
3288 4555 3387 4607 καὶ
3420 4555 3556 4625 οὐχὶ
3588 4556 3695 4625 ἐμ-

2095 4645 2298 4717 μενεῐ;
2319 4646 2469 4716 λέγει
2490 4647 2549 4701 δὲ
2581 4648 2677 4701 καὶ
2708 4648 2790 4701 τόο
2829 4648 2891 4701 '0
2921 4647 3178 4716 οὐρανὸς
3211 4647 3311 4701 καὶ
3343 4649 3382 4715 ἠ
3425 4647 3503 4717 τῆ
3541 4660 3693 4718 παρ-

2105 4739 2441 4805 ελεύσεται,
2491 4742 2546 4794 oi
2596 4739 2666 4793 δὲ
2697 4741 2867 4811 λόγοι
2900 4757 3022 4809 μου
3063 4741 3136 4793 οὑ
3182 4740 3270 4809 μὴ
3319 4740 3687 4809 παρέλθωσι.

2102 4832 2214 4883 Καὶ
2254 4831 2401 4895 δσειος
2437 4831 2516 4897 δὲ,
2551 4831 2627 4895 ὡς
2681 4833 2959 4902 ὁσιότητος
3000 4831 3317 4901 μεταδιδοὺς
3355 4836 3468 4894 τοῖς
3504 4831 3695 4903 ἔργοις

2108 4921 2295 4975 αὑτοῦ·
2331 4922 2523 4994 ὥσπερ
2556 4922 2651 4976 καὶ
2683 4923 2837 4992 ἅγιος
2867 4924 2925 4976 ἐν
2947 4925 3060 4987 τοῖς
3094 4923 3381 4993 μετέχουσι
3413 4925 3513 4994 τῆς
3544 4925 3694 4993 ἁγιό-

2106 5027 2269 5081 τητος
2309 5010 2475 5065 αὐτοῦ
2494 5028 2508 5043 ·
2545 5012 2639 5065 καὶ
2669 5013 2832 5083 σοφία
2857 5011 3007 5065 ἐστὶν
3036 5012 3066 5064 ὁ
3098 5013 3290 5085 Σωτὴρ
3327 5015 3384 5067 ἐν
3421 5017 3535 5078 τοῖς
3566 5016 3692 5069 κατ’

2108 5104 2268 5159 αὐτὸν
2302 5107 2504 5174 σοφοῖς.

2211 5195 2296 5249 Σὺ
2332 5196 2511 5263 δίδως
2548 5195 2663 5265 τὴν
2695 5195 2928 5267 τροφὴν
2957 5196 3156 5251 αὐτῶν
3183 5198 3253 5251 ἐν
3287 5197 3575 5266 εὐκαιρίᾳ.

2175 5287 2313 5357 Φησὶ
2358 5288 2416 5341 δὲ
2444 5289 2540 5341 καὶ
2574 5290 2603 5341 ὁ
2628 5287 2886 5351 Εὐσέϐιος
2926 5288 3061 5360 (22),
3091 5287 3168 5351 ὡς
3202 5288 3264 5341 οὑ
3306 5288 3465 5359 μόνον
3502 5288 3687 5359 ἰατρός

2108 5380 2255 5433 ἐστιν
2282 5382 2311 5435 ὁ
2341 5380 2472 5445 Θεὸς
2509 5379 2619 5434 τῶν
2649 5381 3039 5445 πεπτωκότων,
3074 5382 3169 5435 καὶ
3202 5380 3548 5454 θεραπευτὴς
3576 5379 3687 5435 τῶν

538 5554 803 5622 "Gal.1,
847 5558 901 5613 1.
972 5557 1182 5615 "Num.
1221 5560 1500 5629 "111,19.
1567 5562 1615 5593 ’⁷⁸
1665 5559 1799 5619 Luc.
1849 5576 1969 5627 ut,
2009 5562 2099 5617 5‘5.

507 5691 623 5763 (29.)
665 5691 884 5748 Eusebii
926 5710 1121 5750 nomen
1154 5697 1205 5751 in
1254 5697 1536 5753 codicibus
1574 5712 1711 5766 quos
1749 5697 2001 5752 adhibui-

439 5779 559 5822 mus
597 5774 913 5822 constantcr
962 5767 1016 5822 in
1075 5768 1413 5838 marginibus
1458 5767 1718 5825 scribitur
1766 5767 2006 5825 omnium

2109 5710 2231 5766 quae
2256 5695 2525 5766 edidimus
2545 5695 2998 5765 fragmentorum.
3026 5694 3141 5751 Hoc
3198 5704 3382 5750 tamen
3423 5695 3541 5750 loco
3585 5711 3664 5753 au

2114 5764 2235 5824 ctor
2258 5764 2477 5826 Catena:
2503 5764 2706 5825 codicis
2738 5766 2779 5824 C
2804 5767 2973 5824 etiam
3004 5767 3057 5823 in
3091 5774 3347 5825 contextu
3373 5768 3577 5836 posuit.
