3850 6210
156 336 208 391 σί
1249 337 1750 399 COMMENTARIA
1787 345 1852 401 IN
1893 347 2227 407 PSALMOS.
3321 359 3386 416 62

158 453 607 527 κατεῤῥαγμένων,
653 454 791 509 ἀλλὰ
837 456 932 509 καὶ
986 458 1220 529 τροφεὺς
1264 459 1377 513 τῶν
1414 462 1701 516 ἁπάντων·

1821 470 2053 525 omnium
2083 472 2436 529 nutritorem.
2489 473 2856 541 Quamobrem
2881 479 3261 534 omniumtam
3293 494 3383 532 ra-

157 548 225 602 διὸ
258 548 342 600 καὶ
368 546 583 599 πάντων
611 546 720 601 τῶν
751 547 983 615 λογικῶν
1012 566 1073 602 τε
1107 551 1203 604 καὶ
1237 551 1449 622 ἀλόγων
1478 553 1633 619 ζώων
1659 558 1708 610 oi

158 632 395 703 ὀφθαλμοὶ
433 632 547 686 ἄνω
578 636 659 697 εἰς
687 636 851 689 αὐτὸν
878 637 1264 705 ἀναϐλέπουσι,
1314 642 1409 696 καὶ
1455 648 1710 713 φυσικαῖς

156 743 247 779 τισι
284 726 374 779 καὶ
407 726 685 790 διδακταῖς
718 730 915 800 ὁρμαῖς
965 730 1103 802 πρὸς
1150 733 1313 785 αὐτὸν
1352 734 1568 790 πάντων
1607 737 1710 805 ὰφ-

156 820 393 891 ορώνων,
432 820 599 884 αὐτὸς
626 817 716 873 οἷα
760 823 945 895 πατὴρ
979 825 1186 894 ἀγαθὸς
1234 827 1334 891 τὰς
1362 829 1571 899 τροφὰς
1597 832 1710 893 τοῖς

157 917 335 984 καιροῖς
360 915 683 986 ἐπιτηδείως
716 908 903 971 ἄλλοτε
930 917 1097 982 ἄλλας
1126 923 1375 992 χορηγεῖ,
1403 925 1517 985 τοῖς
1545 924 1710 976 πᾶσιν

154 1008 237 1079 τὴν
265 1010 417 1080 χεῖρά
434 1026 496 1062 τε
534 1009 633 1079 τὴν
670 1010 1091 1084 δημιουργικὴν,
1121 1014 1368 1066 τουτέστι
1404 1015 1505 1086 τὴν
1552 1015 1713 1068 δύνα-

157 1118 251 1170 μιν,
282 1098 527 1164 ἐξαπλῶν
558 1100 806 1170 ἀφθόνως
839 1104 933 1156 καὶ
975 1103 1395 1169 ἀνεπικωλύτως
1433 1107 1541 1160 πᾶν
1571 1104 1709 1170 ζῶον

155 1191 433 1261 ἐμπίπλησι
458 1193 562 1264 τῆς
592 1192 703 1246 τῶν
743 1196 834 1249 ὑπ’
862 1195 1030 1249 αὐτοῦ
1067 1196 1426 1269 δωρουμένων
1466 1197 1709 1251 ἀπολαύ-

155 1300 288 1346 σεως.

165 1362 363 1445 ἘΠ-ὑί
389 1377 610 1447 Κύριος
641 1376 792 1433 πᾶσι
831 1378 957 1444 τοῖς
987 1377 1485 1450 ἐπικαλουμένοις
1524 1378 1712 1435 αὐτὸν

726 1449 796 1500 ἐν
835 1449 1105 1502 ἀληθεία.

760 1465 796 1500 ν
835 1465 1105 1517 annuam.

210 1534 328 1592 Εἶτα
357 1539 549 1615 ἐπειδὴ
576 1540 770 1609 ὀλίγων
803 1542 921 1595 ἐστὶ
948 1542 1010 1595 τὸ
1038 1540 1300 1597 δύνασθαι
1328 1543 1710 1617 ἐπιστημόνως

152 1631 291 1685 αὐτὸν
338 1633 741 1699 ἐπικαλεῖσθαι,
794 1635 888 1688 καὶ
948 1634 1341 1699 καταξιοῦσθαι
1396 1636 1563 1691 αὐτοῦ
1611 1637 1712 1708 τῆς

153 1725 315 1795 ἀκοῆς,
358 1725 614 1796 ἐπιφέρει
661 1726 977 1794 ἀναγκαίως
1020 1727 1379 1781 ἐπαναλαόὼν
1414 1728 1506 1783 τὸν
1552 1727 1711 1797 λόγον

1810 562 2090 619 tionalium
2139 581 2302 636 quam
2353 568 2521 623 etiam
2568 570 2965 625 irrationalium
3017 572 3383 628 animantium

1810 655 1951 711 oculi
1978 656 2046 711 ad
2078 672 2203 712 eum
2250 660 2579 729 suspiciunt,
2628 671 2683 716 et
2733 662 3075 718 naturalibus
3099 663 3387 732 insitisque

1812 748 2051 804 molibus
2091 749 2239 805 illum
2270 761 2541 821 Spectant,
2588 755 2714 809 dum
2757 755 2873 824 ipse
2911 763 2971 809 ut
3017 756 3194 810 bonus
3230 764 3388 826 pater

1813 842 2151 911 temporibus
2179 843 2389 900 idoneis
2436 859 2591 901 escas
2637 846 2813 901 modis
2843 846 3009 901 variis
3054 848 3384 917 suppeditat,

1810 934 2132 1003 cunctisque
2178 951 2400 990 manum
2450 952 2602 991 suam
2642 938 2989 1004 creatricem,
3029 938 3080 992 id
3107 948 3193 994 est
3233 953 3385 993 suam

1815 1023 2098 1091 virtutem,
2149 1025 2492 1083 abundanter
2513 1038 2567 1084 et
2591 1029 2709 1083 sine
2737 1029 2847 1084 ullo
2873 1029 3259 1099 impedimento
3284 1030 3388 1084 im-

1810 1118 2080 1188 pertiens,
2132 1134 2296 1175 omne
2356 1121 2558 1176 animal
2600 1121 2786 1192 _replet
2847 1122 3113 1177 donorum
3164 1136 3385 1178 suorum

1784 1266 1787 1269 γ
1811 1206 2008 1264 fructu.

1823 1384 1983 1445 Vens.
2021 1388 2111 1444 18.
2142 1386 2316 1459 Prope
2352 1398 2426 1443 est
2469 1388 2724 1472 Dominus
2756 1389 2996 1472 omnibus
3025 1389 3388 1443 invocantibus

2359 1477 2477 1514 eum
2517 1469 2572 1514 in
2606 1469 2842 1514 ueritate.

1888 1549 2096 1606 Deinde
2118 1553 2246 1622 quia
2282 1567 2579 1624 paucorum
2615 1562 2701 1608 est
2744 1553 3018 1623 sapienter
3062 1566 3186 1606 eum
3233 1550 3391 1605 invo-
3498 1616 3501 1619 _

1813 1657 1962 1712 care,
1992 1654 2159 1714 atque
2190 1644 2307 1713 ejus
2331 1645 2684 1701 exauditione
2716 1644 2910 1716 dignos
2942 1645 3156 1711 haberi,
3197 1659 3389 1699 neces-

1814 1738 1960 1795 sario
1990 1752 2300 1793 sermonem
2331 1753 2620 1794 resumens
2656 1737 2767 1791 ait:
2803 1753 2911 1791 non
2948 1737 3201 1791 omnibus
3238 1736 3391 1790 invo-

154 1815 232 1867 καὶ
266 1816 422 1885 φησὶν
452 1816 539 1869 ὃτι
592 1816 652 1869 ού
702 1818 836 1869 πᾶσι
868 1818 983 1880 τοῖς
1025 1817 1480 1889 ἐπικαλουμένοις
1529 1819 1712 1885 αὐτὸν,

1821 1829 2072 1886 cantibus
2110 1843 2258 1894 eum,
2314 1829 2407 1884 sed
2454 1828 2523 1884 iis
2558 1827 2934 1883 tantummodo
2971 1828 3060 1898 qui
3090 1842 3213 1882 cum
3247 1827 3392 1880 veri-

153 1907 267 1961 ἀλλὰ
295 1908 471 1978 μόνοις
498 1909 614 1973 τοῖς
652 1903 713 1960 ἐ⁶ν
759 1907 987 1980 ἀληθείᾳ
1021 1907 1180 1962 τοῦτο
1214 1908 1548 1979 πράττουσιν
1585 1910 1711 1963 ἐπι-

153 2000 409 2070 τυγχάνει·
459 2000 574 2054 τῶν
624 2000 733 2073 γὰρ
773 2000 849 2073 μὴ
892 2000 1153 2056 τοιούτων
1205 2002 1423 2073 μακρὰν
1468 2002 1711 2071 ἀφέστη-

152 2108 255 2144 κεν·
288 2088 364 2155 οἷς
400 2092 497 2145 καὶ
537 2092 737 2162 φησίν·
780 2097 850 2148 Al
882 2094 1160 2163 ἁμαρτίαι
1187 2093 1357 2165 ὑμῶν
1399 2092 1714 2148 διιστῶσιν

149 2183 247 2239 ἀνὰ
266 2183 455 2252 μέσον
480 2183 633 2254 ἐμοῦ
658 2184 757 2239 καὶ
785 2182 981 2254 ὑμῶν·
1014 2187 1143 2259 περὶ
1172 2185 1379 2239 τούτων
1406 2186 1464 2239 δὲ
1497 2187 1591 2240 καὶ
1617 2185 1714 2240 ἀλ-

151 2273 291 2345 λαχοῦ
337 2276 589 2331 λέλεκται
612 2293 626 2306 ·
691 2278 848 2331 Διότι
904 2280 959 2331 οὶ
990 2277 1404 2346 μακρύνοντες
1458 2276 1714 2343 ἑαυτοὺς

152 2369 251 2422 ἀπὸ
295 2369 407 2425 σοῦ
447 2368 838 2424 ἀπολοῦνται.
885 2369 1029 2422 Πᾶσι
1072 2369 1171 2441 μὲν
1213 2364 1306 2424 οὖν
1357 2370 1525 2439 ἐγγὺς
1570 2369 1713 2423 κατὰ

154 2462 411 2533 πρόνοιαν,
450 2463 597 2517 κατὰ
628 2462 811 2532 σχέσιν
843 2462 900 2515 δὲ
936 2465 1047 2526 τοῖς
1084 2462 1180 2516 σὺν
1210 2462 1490 2534 ἐπιστήμῃ
1516 2460 1713 2515 καλοῦ-

158 2570 227 2613 σι·
255 2553 406 2607 τοῦτο
434 2555 550 2625 γὰρ
574 2553 656 2617 τὸ,
685 2553 756 2606 ἐν
795 2553 1068 2621 ἀληθείᾳ.
1105 2581 1174 2594 —-
1217 2551 1373 2607 Μετὰ
1399 2553 1499 2624 τὴν
1528 2554 1713 2625 κοινὴν

154 2644 199 2697 δέ
229 2645 472 2717 πρόνοιαν
518 2644 801 2716 ἐξαίρετον
853 2644 953 2715 τὴν
982 2643 1111 2716 περὶ
1137 2643 1245 2697 τῶν
1280 2642 1490 2697 πιστῶν
1519 2645 1715 2715 ἐπενή-

155 2756 275 2809 νοχε,
304 2740 363 2807 τὸ
393 2739 657 2794 τοιούτων
685 2739 855 2809 ἐγγὺς
899 2734 1070 2803 εἶναι,
1114 2739 1208 2793 καὶ
1238 2737 1500 2809 μειζόνως
1532 2737 1713 2792 αὐτῶν

158 2832 489 2901 προνοεῖσθαι.

156 2923 375 2978 Λίνεσιν
399 2924 630 2993 Κυρίου
672 2923 933 2990 λαλήσει
962 2923 1031 2977 τό
1065 2922 1261 2993 στόμα
1300 2942 1442 2993 μου,
1479 2922 1577 2976 καὶ
1611 2924 1710 2977 εὐ-

185 2994 404 3064 λογείτω
442 2994 622 3048 πᾶσα
650 2993 805 3062 σὰρξ
835 2994 903 3047 τό
940 2994 1130 3063 ὄνομα
1164 2995 1233 3049 τὸ
1265 2994 1438 3064 ἅγιον
1467 2994 1676 3048 αὐτοῦ.

214 3086 346 3149 Τέως
377 3086 473 3157 μὲν
504 3084 678 3139 αἰνῶν
702 3084 763 3137 οὐ
791 3083 1048 3153 διαλείψω
1075 3083 1229 3137 Θεόν.
1255 3084 1499 3156 Εὖχομαι
1525 3083 1583 3136 δὲ
1620 3083 1717 3136 καὶ

1816 1930 1928 1978 tate
1967 1923 2020 1977 id
2064 1930 2257 1993 agunt,
2290 1923 2540 1978 occurrit
2572 1940 2587 1979 :
2638 1937 2872 1991 namque
2908 1922 2976 1976 ab
3008 1922 3077 1976 iis
3107 1920 3198 1991 qui
3234 1918 3393 1975 aliter

1815 2030 1874 2070 se
1911 2016 2136 2082 habent,
2167 2014 2328 2084 longe
2368 2013 2544 2069 abest.
2582 2012 2790 2080 Quibus
2813 2014 2977 2068 etiam
3020 2014 3130 2068 ait:
3163 2010 3392 2067 Peccata

1814 2119 1987 2162 vestra
2012 2123 2095 2161 me
2131 2123 2162 2161 a
2203 2107 2348 2161 vobis
2386 2107 2724 2175 separant“.
2761 2106 2837 2161 De
2884 2106 2971 2160 his
3010 2105 3138 2161 alibi
3174 2120 3394 2175 quoque

1814 2199 2022 2254 dictum
2078 2208 2201 2253 est:
2252 2195 2517 2262 Quoniam
2544 2197 2636 2264 qui
2683 2214 2714 2250 a
2753 2207 2802 2251 te
2851 2213 2906 2251 se
2947 2196 3215 2267 elongant,
3275 2214 3395 2267 per-

1815 2292 1968 2344 ibunt
1989 2291 2056 2343 τ’.
2091 2289 2318 2345 Cunctis
2354 2289 2540 2359 itaque
2578 2290 2922 2358 providentia
2958 2304 3053 2344 sua
3096 2303 3265 2359 prope
3307 2289 3395 2344 ad-

1826 2392 1933 2450 est,
1965 2382 2059 2439 sed
2090 2391 2271 2437 tamen
2301 2383 2444 2451 quod
2469 2380 2532 2435 ad
2574 2380 2824 2436 allectum
2855 2382 3074 2445 attinet,
3118 2383 3272 2434 adest
3318 2380 3396 2433 in-

1816 2474 2141 2530 vocantibus
2167 2488 2294 2529 cum
2328 2473 2632 2543 sapientia;
2659 2473 2711 2527 id
2736 2472 2879 2526 enim
2916 2470 3189 2542 signiﬁcat
3218 2472 3276 2523 in
3310 2484 3395 2524 ve-

1816 2567 2001 2622 ritate.
2065 2565 2197 2621 Post
2244 2566 2553 2637 generalem
2614 2564 3035 2636 providentiam,
3098 2561 3393 2632 specialem

1816 2673 1947 2728 erga
1999 2657 2184 2713 ﬁdeles
2230 2657 2436 2724 intulit,
2492 2670 2682 2727 nempe
2729 2654 2873 2726 quod
2907 2654 2993 2711 his
3029 2667 3201 2725 prope
3228 2652 3390 2715 adsit,

1816 2749 2105 2822 magisque
2143 2748 2412 2805 consulat.

1819 2927 1988 2983 Vens.
2014 2928 2107 2983 2|.
2144 2926 2380 2981 Laudem
2426 2925 2640 2980 Domini
2696 2901 2944 2996 loquetur
2994 2938 3053 2977 os
3096 2936 3292 2996 meum.
3344 2930 3393 2974 et

1996 2999 2267 3053 benedicat
2290 2996 2460 3051 omnis
2488 3012 2614 3049 caro
2649 2991 2854 3049 ποτνιίηὶ
2881 3002 3065 3047 sancto
3092 2991 3225 3061 ejus.

1893 3088 2115 3144 Interim
2145 3103 2175 3141 a
2211 3086 2307 3141 Dei
2349 3086 2603 3140 laudibus
2642 3098 2748 3139 non
2788 3082 3073 3138 desistam.
3124 3080 3264 3152 Opto
3293 3096 3393 3135 au—

159 3176 320 3232 θᾶττον
350 3177 627 3249 ἀποστῆναι
650 3176 752 3248 τὴν
783 3176 1049 3245 λέγουσαν
1088 3177 1425 3249 προφητείαν
1445 3194 1458 3207 ·
1503 3174 1712 3245 Ὲκχεῶ

1822 3186 1934 3237 tem
1965 3179 2203 3235 celerius
2232 3180 2286 3232 in
2331 3193 2444 3232 rem
2484 3175 2727 3233 conferri
2765 3175 3106 3245 prophetiam
3151 3188 3270 3244 qua:
3314 3175 3394 3228 di-

159 3268 255 3323 άπό
292 3271 391 3325 τοῦ
434 3269 789 3339 Πνεύματός
823 3286 943 3337 μου
970 3269 1068 3322 ἐπὶ
1105 3267 1314 3324 πᾶσαν
1340 3268 1567 3339 σάρκα·
1598 3268 1710 3325 καί·

160 3359 306 3417 Πᾶσα
338 3359 495 3429 πνοὴ
536 3357 835 3413 αἱνεσὰτω
866 3357 975 3411 τόν
1002 3360 1254 3427 Κύριον·
1287 3359 1438 3419 ἐσται
1471 3361 1527 3414 δὲ
1558 3361 1717 3416 τοῦτο

160 3450 297 3520 ἡνίκα
332 3451 393 3504 τὸ
429 3452 709 3523 πλήρωμα
740 3449 852 3513 τῶν
888 3448 1059 3503 ἐθνῶν
1088 3449 1336 3525 εἰσέλθῃ,
1367 3452 1455 3505 ὅτε
1485 3453 1580 3506 καὶ
1607 3455 1716 3506 πᾶν

161 3544 288 3611 γένος
333 3544 641 3617 ἀνθρώπων
702 3543 1039 3615 σωθήσεται·
1101 3543 1276 3615 στόμα
1331 3544 1388 3603 δὲ
1447 3544 1593 3613 λέγει
1655 3546 1717 3599 τὸ

158 3637 337 3707 νοητὸν,
370 3638 497 3710 περὶ
524 3630 590 3691 οὗ
608 3636 704 3708 κα).
735 3636 989 3709 ἀλλαχοῦ·
1005 3634 1182 3691 Πᾶσα
1205 3635 1363 3704 σὰρξ
1377 3637 1719 3706 εὐλογοῦσα

159 3726 213 3779 τὸ
241 3727 414 3799 ὄνομα
438 3729 666 3796 Κυρίου
694 3725 1142 3798 ἕσται,δηλονότι
1175 3727 1264 3792 εις
1278 3723 1387 3779 τὸν
1413 3726 1598 3782 αἰῶνα
1618 3727 1716 3781 καὶ

159 3818 228 3897 είς
253 3818 350 3873 τόν
366 3819 556 3874 aliIn-ts
583 3819 692 3875 τοῦ
710 3819 945 3893 αἰῶνος,
972 3818 1212 3891 ὀψομένη
1237 3819 1299 3874 τὸ
1324 3820 1594 3891 σωτήριον
1619 3818 1713 3873 τοῦ

159 3909 291 3977 Θεοῦ,
314 3913 405 3967 καὶ
428 3913 532 3967 οὒκ
556 3908 694 3967 οὖσα
722 3911 797 3977 ὡς
828 3913 1039 3983 χόρτος.

668 4003 959 4072 ΨΑΛΜΟΣ
995 4005 1176 4059 PME'.

216 4092 281 4145 Τδ
305 4093 600 4167 ἀλληλούῖα
646 4090 796 4149 αἶνον
834 4096 1043 4168 Κυρίου
1084 4096 1366 4167 σημαίνει·
1403 4093 1576 4159 οὕτως
1609 4093 1718 4166 γὰρ

162 4178 491 4254 ἑρμηνεύεται
526 4187 563 4256 ἠ
592 4184 771 4251 λέξις·
806 4184 952 4248 ἐστιν
983 4181 1076 4241 οὖν
1108 4186 1205 4241 καὶ
1236 4186 1297 4239 τὸ
1330 4184 1716 4257 προκείμενον,

160 4269 310 4338 αἶνος·
348 4276 429 4331 διὸ
464 4277 533 4347 δὴ
581 4278 884 4349 ἀρχόμενός
935 4295 1101 4349 φησιν
1147 4278 1177 4332 ὁ
1222 4276 1410 4346 λόγος·
1448 4277 1634 4343 Atr-et,
1676 4275 1716 4343 ἦ

162 4366 309 4435 ψυχή
325 4387 466 4437 μου,
490 4369 606 4423 τὸν
631 4370 870 4440 Κύριον,
888 4371 1009 4441 ἢτοι
1030 4368 1125 4424 τοῦ
1148 4369 1456 4441 πνεύματος
1479 4372 1547 4439 τῇ
1571 4368 1716 4438 ψυχῇ

162 4461 671 4531 παρακελευομένου,
706 4462 742 4534 ἢ
778 4462 950 4533 αὐτῆς
983 4464 1149 4534 ἐαυτῇ
1169 4479 1182 4492 ·
1215 4457 1315 4515 εἶθ’
1360 4459 1720 4515 ὑπακούσασα

1824 3274 1935 3329 cit:
1964 3272 2258 3343 E/fundam
2307 3271 2371 3324 de
2410 3267 2617 3339 Spiritu
2675 3285 2788 3323 meo
2828 3285 2985 3337 super
3034 3282 3241 3321 omnem
3278 3282 3394 3319 car-

1820 3382 1937 3420 nem
1963 3366 2010 3398 ⁷³
2036 3383 2051 3433 ;
2078 3372 2172 3419 et:
2209 3361 2395 3417 Omnis
2440 3362 2659 3431 spiritus
2711 3360 2892 3415 laudet
2944 3359 3245 3413 Dominum.
3285 3357 3395 3412 Hoc

1822 3472 1956 3514 vero
2000 3456 2282 3524 continget
2320 3468 2440 3509 cum
2481 3451 2764 3523 plenitudo
2800 3451 3045 3522 gentium
3098 3449 3395 3512 introierit,

1818 3558 1875 3606 et
1912 3549 2227 3604 universum
2255 3545 2538 3600 hominum
2576 3558 2752 3613 genus
2774 3542 2985 3597 salvum
3021 3540 3136 3595 ﬁet.
3169 3540 3242 3596 Os
3265 3540 3397 3595 dicit

1819 3639 2209 3705 intellectuale,
2237 3647 2297 3692 ut
2317 3636 2468 3705 alibi,
2519 3635 2705 3691 Omnis
2738 3652 2862 3689 caro
2893 3635 3155 3689 benedicet
3195 3632 3396 3686 nomini

1818 3733 2032 3789 Domini
2062 3732 2118 3786 in
2145 3730 2399 3785 swculum
2431 3736 2482 3782 et
2523 3730 2581 3782 in
2620 3727 2874 3782 steculum
2913 3726 3097 3781 saeculi
3119 3725 3188 3790 ⁷⁸,
3249 3722 3397 3778 salu-

1820 3834 1936 3882 tare
1963 3824 2058 3881 Dei
2090 3829 2423 3895 spectatura,
2452 3835 2554 3875 nec
2582 3820 2695 3887 iam
2727 3819 2901 3874 instar
2932 3816 3041 3872 leni
3071 3815 3323 3871 decidua.

2325 3997 2647 4057 PSALMUS
2680 3995 2889 4054 CXLV.

1887 4093 2117 4151 Alleluia
2148 4092 2361 4148 laudem
2390 4089 2601 4145 Domini
2647 4086 2941 4157 signiﬁcat.
2988 4083 3081 4140 Sic
3113 4084 3259 4139 enim
3301 4097 3399 4138 ex-

1819 4186 2049 4257 plicatur
2077 4182 2421 4239 vocabulum.
2454 4179 2599 4234 Laus
2617 4178 2905 4245 estitaque
2960 4188 3201 4244 praesens
3254 4173 3400 4243 psal-

1820 4287 2155 4346 muszquare
2175 4280 2231 4327 et
2248 4270 2464 4341 incipit:
2487 4266 2696 4331 Lauda,
2725 4266 2905 4319 anima
2927 4280 3065 4329 mea,
3089 4262 3397 4324 Dominum;

1819 4370 1934 4424 sive
1954 4366 2176 4437 spiritus
2191 4364 2427 4419 animam
2446 4360 2785 4424 adhortetur,
2802 4357 2920 4412 sive
2943 4357 3059 4427 ipsa
3082 4370 3161 4411 se.
3196 4355 3400 4411 Deinde

1820 4459 2076 4516 mandato
2098 4457 2505 4525 obtemperans,
2533 4458 2785 4521 prompte
2829 4449 3118 4518 respondet
3162 4447 3349 4503 dicens
3381 4464 3395 4499 :

162 4548 226 4618 τῷ
260 4555 658 4625 προστάγματι,
711 4554 1007 4625 προθύμως
1047 4553 1403 4625 ἀποκρίνεται
1443 4551 1710 4620 λέγουσα·

1821 4550 2076 4608 Laudabo
2102 4547 2388 4603 Dominum
2422 4546 2481 4599 in
2505 4544 2612 4597 vita
2655 4558 2793 4606 mea,
2848 4540 3075 4611 psallam
3123 4537 3234 4593 Deo
3282 4554 3399 4593 meo

155 4640 353 4699 Λίνέσω
376 4648 598 4716 Κύριον
625 4646 696 4701 ἐν
713 4646 825 4716 ζωῇ
834 4665 975 4717 μου,
1018 4646 1191 4710 φαλῶ
1221 4646 1303 4713 τῷ
1321 4645 1445 4712 Θεῷ
1467 4662 1588 4715 μου
1604 4644 1707 4710 ἕως

161 4734 399 4807 ὑπάρχω.
420 4740 486 4793 Εἰ
517 4740 578 4794 δὲ
600 4739 868 4804 ἀθάνατός
893 4741 1039 4794 ἐστιν
1060 4741 1098 4811 ἡ
1122 4739 1292 4810 ψυχὴ,
1323 4739 1410 4792 ἀεί
1438 4756 1499 4792 τε
1525 4739 1591 4810 ζῇ
1619 4738 1716 4792 καὶ

162 4823 367 4898 ὑπάρχει
404 4832 501 4884 καὶ⁹
531 4833 673 4902 μετὰ
708 4832 810 4904 τὴν
844 4831 940 4895 τοῦ
970 4831 1222 4903 σώματος
1262 4830 1582 4900 ἀπαλλαγὴν
1626 4830 1717 4883 δυ-

162 4919 363 4991 ναμένη,
395 4923 586 4995 φησίν·
618 4924 705 4986 Ὠς
752 4924 861 4995 ἄρα
900 4924 1022 4978 οὐδὲ
1069 4922 1290 4987 πώποτε
1317 4922 1595 4993 παύσομαι
1624 4923 1714 4975 αι-

163 5007 303 5065 νοῦσα
342 5015 433 5068 τὸν
476 5015 705 5088 Κύριον,
748 5016 862 5070 ἀλλ’
910 5018 991 5080 εἰς
1044 5016 1288 5088 μακροὺς
1344 5014 1566 5079 αἰῶνας,
1620 5014 1716 5069 καὶ

166 5100 318 5156 πάντα
340 5106 427 5157 τὸν
452 5109 555 5178 τῆς
576 5106 846 5161 ἀθανάτου
875 5107 1021 5178 ζωῆς
1049 5125 1152 5178 μου
1182 5107 1317 5178 βίον,
1346 5107 1500 5162 οὐδὲν
1529 5107 1715 5179 ἓτερον

164 5193 445 5260 πράττουσα
467 5197 566 5251 τοῦ
599 5199 771 5251 αἰνεῖν
800 5198 893 5251 τὸν
913 5197 1117 5270 Κύριον
1139 5196 1451 5252 διατελέσω.
1494 5197 1582 5261 Ὡς
1608 5196 1714 5265 ψυ-

166 5280 249 5350 ﬁt;
270 5284 323 5337 δὲ
350 5288 645 5353 ἀκουστέον
684 5288 949 5362 λεγούσης
968 5290 1050 5354 τὸ,
1074 5288 1186 5356 ἕως
1208 5287 1476 5358 ὑπάρχω,
1510 5289 1609 5358 οὐχ
1639 5288 1716 5350 ὡς

168 5373 436 5448 μελλούσης
464 5380 584 5450 μετ’
610 5379 753 5434 αὐτὰ
794 5380 869 5452 μὴ
902 5379 1192 5450 ὑπάρχειν,
1228 5378 1341 5432 ἀλλ’
1373 5380 1454 5442 εἰς
1487 5377 1716 5448 ἄπειρον

168 5463 243 5516 τὸν
265 5467 356 5538 τῆς
394 5470 685 5542 ὑπάρξεως
716 5472 886 5543 αὐτῆς
908 5472 1100 5545 χρόνον
1122 5472 1235 5543 (23)
1272 5470 1508 5525 αἰνέσειν
1547 5470 1719 5538 ἐπαγ-

167 5558 464 5635 γελλομένης
485 5565 579 5619 τὸν
599 5565 823 5637 Κύριον.

228 5676 267 5708 ’⁸
293 5679 387 5737 lsa.
415 5699 527 5749 Lux,
550 5685 603 5739 2.

680 5686 726 5716 τ’
752 5684 892 5740 Psal.
928 5701 1098 5751 Lxxu,
1140 5684 1231 5739 27.
1307 5685 1354 5716 ⁷³
1375 5682 1513 5740 Joel.
1546 5699 1607 5747 ll,
1644 5682 1739 5737 28.

1820 4641 2058 4713 quandiu
2091 4640 2264 4710 fuero.
2294 4638 2449 4705 Quod
2471 4638 2515 4692 si
2550 4633 2875 4691 immortalis
2901 4641 2985 4689 est
3018 4631 3223 4699 anima,
3251 4646 3398 4687 sem-

1821 4748 2025 4804 perque
2052 4731 2188 4787 vivit
2213 4739 2269 4785 et
2295 4737 2380 4785 est
2404 4727 2565 4783 etiam
2599 4734 2724 4797 post
2750 4726 3050 4781 discessum
3087 4738 3118 4777 a
3146 4736 3398 4792 corpore,

1818 4825 1943 4897 jure
1974 4838 2076 4880 suo
2104 4824 2185 4878 ait
2212 4819 2534 4890 :Nunquam
2556 4819 2803 4875 desinam
2827 4817 3049 4871 laudare
3072 4814 3397 4879 Dominum;

1823 4917 1918 4974 sed
1969 4916 2129 4986 longa
2181 4912 2405 4980 saecula,
2440 4918 2496 4966 et
2539 4918 2711 4965 totum
2756 4906 3079 4963 immortalis
3102 4918 3239 4960 mea:
3276 4903 3400 4956 vitae

1822 5022 2057 5082 tempus,
2084 5007 2300 5064 nonnisi
2357 5004 2583 5061 laudans
2637 5001 2926 5060 Dominum
2956 4999 3272 5068 transigam.
3308 4993 3400 5048 Sic

1820 5105 1986 5161 etiam
2006 5102 2293 5161 audiamus
2322 5099 2588 5156 dicentem
2609 5096 2871 5159 animam,
2894 5093 3061 5147 donec
3082 5090 3253 5160 fuero,
3290 5103 3398 5141 non

1821 5197 1966 5267 quod
1991 5205 2180 5265 postea
2212 5209 2318 5249 non
2346 5195 2421 5250 sit
2456 5194 2738 5256 duratura,
2764 5187 2859 5244 sed
2893 5186 3019 5257 quia
3052 5184 3105 5238 in
3128 5180 3401 5238 inﬁnitum

1824 5301 2045 5361 tempus
2090 5288 2270 5344 futura
2320 5289 2393 5344 sit
2438 5283 2791 5343 subsistentia
2822 5280 2961 5350 ejus,
3008 5277 3235 5350 parique
3274 5289 3403 5346 spa-

1825 5383 1900 5439 tio
1933 5380 2217 5438 Dominum
2249 5396 2309 5438 se
2344 5379 2687 5437 laudaturam
2707 5372 3011 5447 promittat.

1817 5682 1865 5713 "
1886 5679 2028 5737 Psal.
2067 5694 2245 5747 cxuiv,
2273 5678 2364 5735 2|.

234 5798 698 5876 (33)Pcrspicuum
726 5802 947 5862 Eusebii
975 5804 1040 5862 de
1073 5804 1266 5861 animae
1286 5803 1698 5863 immortalitate
1729 5801 2123 5863 testimonium.
