3850 6210
413 318 485 373 63
1119 310 1386 367 EUSEBll
1423 312 1891 370 CIESARIENSIS
1929 313 2084 369 ΟΡΡ.
2126 313 2305 369 PARS
2344 309 2435 367 Ill.
2475 338 2545 350 -—
2579 303 2994 362 EXEGETICA.
3384 336 3387 339 -
3604 302 3679 352 64

578 431 737 484 Vens.
778 427 831 480 3.
879 424 1060 480 Nolite
1088 426 1353 494 confidere
1388 426 1441 479 in
1469 427 1821 496 principibus.
1890 426 1893 431 λ

490 522 598 577 lloc
627 521 804 575 simile
829 520 903 573 illi
940 537 954 573 :
983 517 1190 572 Bonum
1213 528 1286 572 est
1332 518 1599 585 conﬁdere
1626 520 1680 571 in
1721 519 1944 572 Domino
1967 556 1983 582 ,

409 631 568 687 quam
597 613 857 680 conﬁdere
888 613 943 665 in
979 611 1207 665 homine.
1254 610 1460 664 Bonum
1483 620 1562 665 est
1587 627 1795 679 sperare
1826 628 1857 665 a
1881 609 1988 665 Do-

412 705 579 768 mino,
612 720 770 775 quam
807 718 1020 764 sperare
1050 719 1080 755 a
1110 702 1436 770 principibus
1466 702 1531 756 ⁷⁸.
1566 700 1622 756 1d
1672 711 1850 757 autem
1880 702 1989 773 syl-

413 797 643 866 logismo
676 796 1035 849 demonstrat.
1066 792 1200 847 Nam
1245 793 1288 847 si
1334 791 1456 861 ipsi,
1491 793 1663 861 inquit
1692 831 1709 857 ,
1760 792 1986 847 salutem

413 889 515 943 sibi
546 902 865 955 comparare
915 885 1298 954 nequiverunt,
1360 900 1607 955 quaenam
1667 888 1771 939 erit
1806 886 1873 939 ab
1906 886 1989 941 his

414 977 654 1031 utilitas?
692 975 876 1044 Neque
907 977 1049 1029 enim
1092 975 1275 1030 valent
1302 976 1627 1046 semetipsos
1667 984 1841 1029 morte
1874 974 1987 1029 eri-

414 1084 547 1139 pere
577 1077 699 1136 post
727 1066 1019 1121 terminum
1054 1084 1065 1119 τ
1095 1082 1219 1119 nam
1251 1064 1536 1121 morientis
1561 1066 1795 1119 hominis
1826 1065 1990 1134 spiri—

417 1173 503 1216 tus
518 1176 789 1229 egressus,
816 1158 942 1212 illuc
970 1158 1126 1211 vadet
1148 1171 1253 1226 quo
1283 1156 1600 1211 abducetur.
1628 1156 1854 1224 Reliqua
1889 1157 1987 1211 ho-

418 1250 580 1304 minis
616 1265 741 1320 pars
790 1249 843 1303 in
899 1248 1174 1318 pulverem
1228 1262 1383 1300 suum
1423 1256 1743 1311 revertetur,
1782 1257 1990 1301 natura:

416 1341 518 1410 legi
558 1342 886 1410 obsequens,
913 1355 1075 1409 quam
1120 1336 1278 1392 initio
1300 1335 1442 1391 Deus
1465 1338 1671 1391 Adamo
1692 1339 1882 1392 statuit
1908 1339 1990 1393 di-

414 1449 544 1489 cens
578 1453 591 1488 :
624 1431 807 1487 Pulvis
838 1450 911 1497 es,
966 1441 1013 1484 et
1044 1432 1098 1484 in
1127 1430 1389 1498 pulverem
1421 1429 1696 1483 reverteris
1743 1430 1810 1481 ⁷⁸.
1844 1430 1990 1495 Quo-

416 1540 535 1578 rum
595 1524 885 1578 verborum
928 1535 1124 1577 sensus
1172 1528 1297 1574 est:
1335 1517 1577 1575 Consilia
1633 1520 1838 1586 omnia,
1870 1536 1990 1590 qua:

415 1618 592 1671 adhuc
619 1617 723 1670 vita
762 1617 961 1670 comite
991 1614 1132 1685 apud
1180 1630 1239 1670 se
1299 1614 1546 1683 cogitans
1597 1622 1984 1682 congesserat,

414 1709 569 1777 quasi
602 1708 821 1762 futurus
860 1718 1117 1773 aeternus,
1146 1722 1477 1762 coacervatis
1504 1707 1557 1759 in
1596 1716 1741 1760 terra
1770 1706 1989 1761 thesau-

2019 431 2068 488 Α

2420 420 2517 489 Μὴ
2547 418 2868 473 πεποιθατε
2895 413 2989 468 ἐπ’
3015 412 3309 483 ἀρχοντας

2162 514 2382 585 Ὅμοιον
2403 512 2503 582 τῷ,
2530 509 2778 580 Ἀγαθὸν
2813 506 3161 561 πεποιθέναι
3203 504 3301 557 ἐπὶ
3347 504 3583 572 Κύριον,
3628 503 3675 572 ἢ

2088 603 2430 658 πεποιθέναι
2450 603 2541 655 ἐπ’
2562 601 2892 670 ἄνθρωπον
2921 597 3147 667 ἀγαθὸν
3170 592 3430 656 ἐλπίζειν
3443 596 3539 649 sini
3557 597 3678 650 Κύ-

2079 713 2236 763 ριον,
2275 695 2314 763 ἣ
2343 694 2613 759 ἐλπίζειν
2642 692 2737 746 ἐπ’
2760 691 3076 760 ἄρχοντας·
3104 687 3262 741 τοῦτο
3296 685 3353 741 δὲ
3377 687 3678 759 παρίστησι

2087 786 2177 842 διὰ
2204 783 2583 856 συλλογισμοῦ·
2613 785 2663 837 εί
2703 783 2812 854 γὰρ
2842 782 3020 845 αὐτοὶ,
3048 780 3233 851 φησὶν,
3264 780 3478 843 ἑαυτοῖς
3516 796 3679 851 περι-

2088 878 2416 952 ποιήσασθαι
2459 877 2732 949 σωτηρίαν
2758 877 2856 947 οὑχ
2883 871 2984 929 οἷοί
3012 874 3073 928 τέ
3106 875 3232 940 είσι,
3262 874 3346 937 τίς
3373 872 3437 927 ἂν
3465 873 3681 942 γένοιτο

2087 972 2195 1026 ἀπὸ
2222 971 2329 1025 τῶν
2353 970 2610 1025 τοιούτων
2637 968 2908 1039 ὠφέλεια;
2938 967 3059 1021 οὐδὲ
3105 966 3214 1040 γὰρ
3254 967 3509 1021 δύνανται
3538 967 3679 1020 εαυ-

2087 1064 2213 1128 τοὺς
2255 1062 2533 1128 ἐξελέσθαι
2576 1059 2671 1114 τοῦ
2712 1060 2941 1114 θανάτου
2974 1058 3111 1130 μετά
3137 1059 3199 1111 τὺ
3236 1058 3389 1121 τέλος
3415 1056 3559 1127 (24)’
3614 1057 3682 1110 τὸ

2093 1157 2191 1227 μὲν
2206 1156 2314 1229 γὰρ
2329 1155 2424 1209 τοῦ
2449 1153 2774 1226 θνήσκοντος
2792 1151 3131 1219 ἐξελεύσεται
3161 1150 3379 1222 πνεῦμα
3396 1148 3527 1219 (25),
3545 1149 3683 1203 ἔνθα.

2092 1248 2158 1303 ἂν
2191 1249 2381 1322 ἀπάγῃ
2403 1250 2431 1300 6
2458 1247 2685 1316 ἀπάγων
2701 1263 2714 1275 ⁶
2751 1246 2780 1299 6
2805 1246 2862 1299 δὲ
2890 1244 3074 1308 λοιπὸς
3099 1244 3383 1315 ἄνθρωπος
3406 1243 3683 1313 ἀποστρέ-

2089 1341 2182 1411 ψει
2212 1342 2292 1404 εἰς
2317 1340 2415 1411 τὴν
2442 1340 2544 1411 γῆν
2584 1336 2773 1401 αὐτοῦ,
2803 1337 2966 1408 νόμον
3009 1335 3223 1406 φύσεως
3248 1335 3470 1407 πληρῶν
3492 1335 3548 1389 ὃν
3575 1337 3681 1387 ἐπ-

2092 1431 2334 1503 έσκηψεν
2353 1430 2591 1503 ἀρχῆθεν
2610 1432 2638 1483 6
2662 1428 2797 1493 Θεὸς
2815 1428 2895 1499 τῷ
2926 1427 3097 1499 Ἀδὰμ
3127 1426 3314 1481 εἰπών·
3344 1426 3435 1495 Γῆ
3465 1423 3537 1492 εἷ,
3578 1426 3683 1480 καὶ

2090 1524 2179 1588 εὶς
2236 1520 2355 1592 rn'r
2411 1521 2767 1575 ἀπελεύσεισ
2818 1512 2879 1573 οῦ
2938 1519 3256 1590 λεγόμενον,
3310 1519 3372 1571 Οἱ
3427 1518 3685 1588 λογισμοὶ

2093 1614 2294 1677 πάντες
2322 1611 2415 1676 οὒς
2451 1612 2533 1666 ἔτι
2561 1611 2769 1683 περιὼν
2808 1610 2886 1681 τῷ
2911 1609 3012 1681 βίῳ
3043 1612 3320 1681 συνήγαγε
3347 1613 3473 1681 παρ’
3500 1609 3685 1679 ἑαυτῷ

2090 1704 2489 1774 διανοούμενος,
2525 1704 2619 1757 καὶ
2660 1701 2852 1774 ῶσπερ
2894 1719 2979 1766 τις
3022 1700 3240 1764 αἰώνιος
3286 1702 3532 1769 συνάγων
3584 1701 3686 1755 καὶ

419 1812 533 1863 ros,
569 1798 831 1853 terribilia
870 1812 930 1852 se
962 1799 1231 1851 facturum
1279 1798 1575 1868 spondeus,
1610 1805 1665 1852 et
1691 1796 1812 1851 aliis
1844 1811 1990 1851 com-

2100 1797 2440 1870 θησαυρίζων
2464 1798 2558 1849 ἐπὶ
2586 1797 2709 1866 γῆς,
2748 1798 2994 1866 ποιήσειν
3033 1812 3091 1847 τε
3119 1793 3187 1847 τὰ
3214 1794 3362 1847 δεινά
3399 1794 3684 1862 ἐπαγγελ-

414 1891 651 1951 minans,
689 1905 793 1943 ttna
830 1889 964 1943 hora
1011 1888 1274 1958 dissipata
1319 1888 1596 1958 peribunt,
1628 1897 1846 1954 cuncta,
1906 1888 1991 1942 in-

413 1997 599 2052 quam,
623 1981 849 2036 consilia
881 1981 1298 2045 dominantium,
1328 1981 1419 2050 qui
1464 1995 1496 2034 a
1543 1981 1700 2050 plebe
1732 1980 1993 2049 suSpicieo

414 2076 637 2130 bantur.
682 2074 749 2128 Et
782 2074 1000 2142 quidem
1061 2074 1196 2127 dicit
1258 2074 1530 2144 principes
1577 2072 1738 2142 huius
1767 2070 1989 2137 suaettli;

417 2180 652 2235 namque
678 2174 732 2220 et
758 2164 809 2219 hi
847 2165 1112 2219 caducum
1165 2164 1369 2220 habent
1407 2164 1793 2235 principatum.
1843 2161 1994 2218 Unus

417 2252 615 2308 salutis
642 2265 837 2307 auctor
861 2253 1122 2309 Servator
1140 2261 1245 2316 est,
1274 2253 1366 2323 qui
1390 2253 1467 2306 ait
1493 2270 1509 2306 :
1563 2252 1730 2307 Nemo
1762 2252 1993 2320 amplius

418 2344 652 2400 salvablt
682 2355 880 2413 praeter
900 2358 1009 2400 me.
1047 2344 1103 2399 Si
1131 2360 1260 2415 ergo
1290 2345 1357 2399 ab
1398 2344 1509 2407 illo,
1553 2358 1657 2398 non
1692 2353 1872 2397 autem
1911 2343 1990 2395 vi-

415 2436 569 2488 ribus
597 2435 829 2505 propriis
850 2435 1149 2501 salvantur,
1178 2436 1449 2505 quomodo
1482 2435 1614 2491 alios
1647 2436 1862 2491 salvare
1894 2450 1990 2505 po-

413 2537 597 2582 terunt
626 2529 649 2581 2

525 2710 686 2768 Vens.
724 2711 777 2765 6.
812 2711 916 2777 Qui
950 2712 1178 2765 custodit
1218 2712 1489 2764 veritatem
1521 2713 1575 2764 in
1605 2712 1885 2765 sazculum.

502 2803 706 2874 Nempe
737 2804 1004 2859 dictorum
1054 2819 1299 2868 suorum,
1328 2819 1448 2872 qua:
1480 2805 1532 2857 in
1572 2803 1871 2873 Scripturis
1898 2821 1994 2860 ex-

415 2898 613 2968 posuit,
641 2897 927 2952 veritatem
952 2896 1331 2964 comprobans.
1356 2895 1609 2951 Promisit
1630 2898 1775 2951 enim
1796 2913 1857 2954 se
1876 2913 1994 2963 eos,

416 3006 540 3044 cum
564 2989 829 3059 judicium
865 2986 978 3054 ﬁet,
1007 2986 1458 3058 puniturum,qui
1489 2987 1542 3041 in
1572 3000 1837 3057 praesente
1885 2992 1992 3045 vita

2093 1888 2337 1960 λόμενος,
2370 1889 2466 1942 καὶ
2511 1888 2673 1941 πάλιν
2702 1887 2911 1959 ἑτέροις
2935 1884 3193 1952 ἀπειλῶν,
3231 1886 3337 1939 67:6
3369 1885 3497 1953 μίαν
3528 1884 3647 1956 ὥρα
3666 1905 3687 1938 ι

2096 1980 2507 2051 σϐεσθήσονται,
2547 1980 2643 2034 καὶ
2677 1978 3004 2033 ἀπολοῦνται
3036 1981 3236 2043 πάντες
3266 1980 3314 2032 οἱ
3344 1978 3689 2048 διαλογισμοὶ

2093 2072 2295 2137 αὐτῶν,
2320 2072 2519 2145 δηλαδὴ
2543 2071 2652 2125 τῶν
2691 2072 2969 2144 ἀρχόντων
2994 2072 3106 2125 τῶν
3131 2070 3281 2143 παρά
3305 2070 3519 2134 πολλοῖς
3552 2070 3688 2124 θαυ-

2096 2163 2443 2235 μαζομένων.
2490 2166 2651 2235 Λέγοι
2695 2166 2739 2221 δ’
2784 2166 2851 2221 ἂν
2897 2167 2993 2221 καὶ
3040 2167 3308 2239 ἄρχοντας
3349 2167 3536 2220 τούτου
3583 2165 3687 2219 τοῦ

2094 2257 2315 2321 αίῶνος·
2351 2259 2711 2332 μεταπτωτὴν
2744 2259 2853 2332 γὰρ
2897 2261 2991 2314 καὶ
3020 2255 3164 2315 οὗτοι
3215 2260 3397 2331 έχουσι
3442 2259 3539 2331 τὴν
3577 2261 3651 2331 ἀρ
3674 2290 3691 2300 -

2094 2352 2227 2422 χήν·
2274 2353 2302 2405 6
2339 2351 2397 2404 δὲ
2444 2350 2631 2423 Σωτὴρ
2668 2352 2827 2423 μόνος
2868 2351 3042 2416 αἴτιος
3082 2353 3376 2425 σωτηρίας,
3419 2355 3447 2405 6
3475 2351 3688 2425 λέγ,ων·

2094 2447 2289 2512 Σὼζων
2326 2445 2511 2499 οὐκέτι
2552 2443 2732 2517 πάρεξ
2769 2443 2933 2516 ἐμοῦ·
2971 2445 3019 2497 εί
3048 2444 3226 2499 τοίνυν
3270 2443 3328 2511 ἐξ
3373 2442 3555 2496 αὑτοῦ·
3589 2443 3690 2497 καὶ

2092 2540 2194 2591 ούκ
2218 2538 2427 2593 οἴκοθεν
2463 2537 2746 2604 σώζονται,
2787 2537 2904 2602 πῶς
2935 2537 3153 2609 ἐτέρους
3192 2535 3385 2603 σώζειν
3424 2537 3688 2608 δυνήσον-

2093 2649 2182 2684 ται
2209 2648 2223 2696 ;

2207 2721 2319 2775 Τὸν
2354 2719 2755 2791 φυλάσσοντα
2786 2718 3076 2786 ἀλήθειαν
3105 2720 3193 2785 εὶς
3214 2717 3321 2772 τὸν
3346 2716 3555 2773 αἰῶνα.

2165 2813 2288 2869 Τῶν
2329 2813 2503 2882 λόγων
2552 2812 2739 2878 αὑτοῦ,
2776 2808 2850 2866 ὧν
2880 2814 2938 2867 ὲν
2978 2814 3100 2877 ταῖς
3141 2812 3385 2885 Γραφαῖς
3424 2813 3691 2883 ἐπηγγεί-

2094 2902 2247 2969 λατο,
2308 2903 2671 2975 πιστούμενος
2729 2902 2828 2974 τὴν
2874 2902 3167 2975 ἀλήθειανο
3220 2902 3527 2973 ἐκδικήσειν
3572 2902 3690 2975 γὰρ

2096 2996 2460 3068 ἐπηγγείλατο
2504 2996 2632 3059 τοὺς
2670 2976 2820 3049 κατά
2846 2994 2938 3048 τὸν
2971 2994 3214 3069 παρόντα
3240 2993 3352 3065 βίον
3388 2994 3691 3065 ἀδικουμέ-

417 3083 603 3152 inique
623 3096 682 3135 se
702 3081 992 3150 gesserint.
1016 3077 1111 3133 Est
1144 3089 1199 3134 et
1229 3078 1333 3133 alia
1356 3079 1648 3148 promissio
1678 3097 1691 3134 :
1726 3080 1880 3134 Beati
1902 3082 1990 3152 qui

2100 3107 2240 3153 νους,
2268 3090 2327 3143 ὲν
2353 3088 2532 3160 καιρῷ
2554 3087 2632 3159 τῷ
2654 3088 2754 3159 τῆς
2776 3086 3010 3158 κρίσεως
3032 3103 3044 3116 ·
3075 3087 3169 3140 καὶ
3194 3084 3326 3157 ἄλλη
3357 3084 3689 3153 ἐπαγγελία,

416 3175 653 3228 esuriant
676 3182 726 3227 et
751 3174 961 3238 sitiunt,
985 3172 1233 3241 quoniam
1292 3172 1393 3239 ipsi
1436 3172 1846 3238 soturabuntur,
1904 3191 1994 3229 vos

417 3273 594 3316 «autem
642 3263 882 3317 esurietis
938 3263 1007 3317 ".
1049 3261 1189 3330 Quin
1230 3261 1365 3317 adeo
1412 3263 1725 3318 sensibilem
1777 3280 1997 3336 quoque

419 3371 600 3411 escam
636 3355 901 3411 lamelicis
926 3357 978 3410 in
1006 3357 1223 3412 deserto
1244 3356 1492 3412 exhibuit
1516 3374 1736 3428 manna,
1768 3368 1822 3413 et
1844 3361 1998 3429 quin-

418 3461 526 3517 que
549 3448 823 3502 hominum
842 3447 1007 3503 millia
1041 3448 1324 3515 saturavit,
1345 3458 1401 3503 et
1431 3463 1527 3517 per
1553 3467 1772 3506 corvum
1797 3454 1995 3519 Eliam,

415 3548 474 3594 et
529 3554 625 3609 per
684 3540 1002 3610 prophetam
1039 3541 1347 3596 Abacueum
1390 3542 1689 3598 Danielem.
1729 3542 1824 3599 Jus
1853 3546 1988 3600 dixit

419 3629 745 3684 calumniam
796 3632 969 3701 passis
1005 3630 1238 3702 Josepbo
1265 3642 1431 3701 atque
1475 3634 1761 3703 Susanna,
1800 3636 1876 3691 illi
1928 3636 1996 3692 ab

420 3721 673 3793 Egyptia
708 3721 905 3778 femina
927 3764 941 3789 ,
971 3724 1097 3780 huic
1122 3740 1151 3776 a
1181 3723 1457 3792 iudicibus
1494 3724 1731 3791 lsraelis,
1785 3744 1992 3783 necnon

421 3818 611 3875 Davidi
666 3833 697 3871 a
730 3816 911 3873 Saule.
960 3815 1124 3874 Plena
1168 3815 1476 3886 huiusmodi
1515 3816 1778 3887 exemplis
1812 3819 1993 3874 divina

419 3911 692 3965 volumina
721 3919 865 3964 sunt.

420 3999 587 4054 Vens.
636 4000 686 4052 7.
729 3998 981 4052 Dominus
1029 3997 1184 4078 solvit
1223 4000 1562 4078 compeditos,
1609 4000 1869 4055 Dominus
1903 4002 1995 4056 dat

944 4070 1096 4122 cteris
1135 4070 1466 4138 sapientiam.

491 4160 840 4231 Compeditos
865 4160 1049 4224 solvit,
1080 4160 1460 4215 remissionem
1506 4172 1858 4232 peccatorum
1894 4163 1998 4217 lar-

419 4255 575 4325 giens
602 4255 667 4309 iis
708 4254 801 4325 qui
850 4253 1176 4310 delictorum
1218 4268 1437 4309 suorum
1481 4255 1687 4310 catenis
1718 4257 1994 4311 constrin-

420 4358 643 4418 guntur.
678 4347 902 4404 Videtur
930 4357 1108 4404 autem
1138 4347 1225 4402 his
1253 4343 1435 4402 verbis
1482 4347 1824 4413 vocationem
1862 4363 1996 4419 gen-

2098 3180 2179 3234 τό’
2200 3178 2487 3247 Μακάριοι
2507 3181 2559 3233 οἱ
2576 3178 2898 3241 πεινῶντες
2923 3176 3023 3229 καί
3046 3173 3362 3245 διψῶντες,
3387 3176 3475 3229 ὅτι
3511 3175 3693 3229 αὐτοὶ

2098 3268 2640 3339 χορτασθήσονται,
2662 3264 2830 3336 ὑμεῖς
2850 3264 2919 3318 δὲ
2946 3264 3278 3319 πεινάσετεο
3299 3264 3435 3319 ἀλλὰ
3470 3266 3564 3318 καὶ
3600 3268 3694 3319 oti-

2100 3359 2311 3432 σθητῶς
2359 3357 2563 3433 τροφὴν
2611 3359 2669 3411 ἐν
2718 3358 2912 3429 ἐρήμῳ
2954 3360 3068 3422 τοῖς
3112 3355 3337 3410 πεινῶσι
3388 3356 3447 3409 τὸ
3506 3356 3692 3427 μάννα

2098 3452 2362 3524 παρέσχε,
2401 3453 2495 3505 καὶ
2524 3451 2685 3505 πέντε
2736 3450 2982 3521 χιλιάδας
3022 3449 3290 3522 διέθρεψε,
3322 3450 3418 3503 καὶ
3459 3448 3544 3501 διά
3588 3466 3691 3502 κο-

2100 3544 2285 3614 ράκων
2325 3541 2533 3607 Ἠλίαν,
2564 3541 2659 3595 καὶ
2688 3540 2756 3594 δι’
2802 3539 3125 3612 Ἀμόακοὺμ
3148 3539 3241 3593 τοῦ
3277 3542 3552 3611 προφήτου
3591 3537 3692 3592 τὸν

2098 3633 2327 3707 Δανιήλ⁹
2364 3632 2586 3705 ἐποίησε
2616 3633 2673 3686 δέ
2710 3633 2884 3705 κρίμα
2907 3636 3018 3696 τοῖς
3052 3632 3431 3703 ἀδικουμένοις
3477 3632 3687 3703 Ἰωσὴφ

2098 3727 2193 3783 καὶ
2220 3726 2495 3798 Σωσάννῃ,
2527 3724 2604 3797 τῷ
2638 3725 2739 3796 μὲν
2769 3725 2875 3778 67:6
2899 3725 3000 3794 τῆς
3033 3723 3359 3793 Αἰγυπτίας,
3390 3725 3457 3795 τῇ
3482 3723 3540 3776 δὲ
3574 3723 3689 3776 ὑπὸ

2096 3820 2205 3873 τῶν
2237 3817 2440 3890 κριτῶν
2486 3816 2720 3888 Ἰσραὴλ,
2762 3816 2855 3870 καὶ⁹
2885 3814 2963 3885 τῷ
2993 3814 3155 3868 Δαυῖδ
3200 3814 3303 3868 67:6
3341 3813 3537 3868 Σαούλ.
3571 3816 3689 3868 Καὶ

2098 3909 2280 3979 πλήρη
2302 3907 2410 3961 τῶν
2435 3906 2690 3961 τοιούτων
2718 3906 2789 3960 τὰ
2822 3906 2938 3959 θεῖα
2965 3906 3374 3978 συγγράμματα

2096 4004 2312 4072 Κύριος
2366 4003 2500 4055 λύει
2559 3999 3033 4125 πεπεδημένους,
3082 4001 3299 4070 Κύριος
3350 3998 3538 4069 σοφοῒ
3588 4017 3691 4054 τυ.

2772 4088 2813 4125 ω
2858 4088 2985 4125 ους.

2769 4088 2985 4139 φάους.

2168 4162 2585 4235 Πεπεδημένους
2617 4161 2754 4227 λύει,
2791 4162 2987 4232 ἄφεσιν
3034 4161 3321 4234 ἁμαρτιῶν
3351 4162 3524 4227 διδοὺς
3562 4166 3689 4228 ταῖς

2099 4258 2309 4328 σειραῖς
2352 4255 2460 4309 τῶν
2522 4256 2668 4309 ίδίων
2718 4254 3135 4327 ἁμαρτημάτων
3198 4255 3682 4327 κατεσφιγμένοις.

2100 4350 2285 4403 Ἐοικε
2310 4347 2366 4401 δὲ
2395 4346 2484 4401 διὰ
2509 4346 2712 4401 τούτων
2728 4347 3061 4401 αἰνίττεσθαι
3080 4348 3181 4420 τὴν
3209 4346 3318 4401 τῶν
3350 4346 3521 4403 ἐθνῶν
3548 4347 3687 4419 κλῆ-

422 4440 555 4495 tium
584 4441 829 4507 innuere,
878 4453 1089 4494 necnon
1138 4438 1350 4493 Domini
1405 4438 1548 4493 inter
1576 4438 1827 4494 homines
1855 4454 1990 4509 pra:-

2102 4456 2206 4503 σιν,
2237 4438 2333 4492 καὶ
2365 4436 2459 4490 τοῦ
2492 4437 2700 4508 Κυρίου
2732 4437 2833 4509 τὴν
2873 4439 2955 4501 εἱς
2988 4437 3309 4509 ἀνθρώπους
3353 4438 3685 4509 παρουσίαν,

419 4534 675 4600 sentiant,
703 4545 758 4588 et
790 4533 919 4588 hinc
947 4532 1147 4586 factam
1182 4533 1436 4588 omnibus
1490 4530 1835 4586 medicinam.
1860 4531 1988 4587 Haec

418 4622 553 4679 mihi
578 4622 834 4691 cogitatio
872 4622 1082 4687 incidit,
1110 4622 1162 4675 in
1193 4622 1511 4677 memoriam
1544 4622 1818 4677 revocanti
1840 4621 1996 4678 lsaiae

417 4716 485 4770 de
505 4714 795 4769 Servatore
820 4722 1003 4769 nostro
1027 4713 1456 4782 praedictionem,
1504 4729 1608 4783 qua
1653 4715 1783 4770 dicit
1807 4732 1821 4769 :
1856 4716 1993 4770 Ecce

417 4807 585 4876 posui
608 4817 654 4860 te
682 4814 740 4859 ut
759 4806 832 4859 sis
865 4806 1033 4875 [tedas
1055 4805 1278 4876 generis,
1308 4804 1482 4860 lumen
1499 4808 1756 4876 gentium;
1778 4817 1835 4860 ut
1856 4824 1986 4861 ocu-

418 4899 496 4955 los
526 4914 785 4953 cwcorum
811 4899 1037 4967 aperias,
1063 4908 1121 4951 ut
1144 4899 1364 4953 vinculis
1393 4900 1623 4953 detentos
1649 4901 1896 4968 expedias
1922 4901 1988 4956 ⁷⁸.

420 4991 512 5045 Sic
541 4992 686 5046 enim
721 5000 777 5046 et
821 4991 923 5046 hoc
948 4990 1069 5046 loco
1117 4991 1377 5046 Dominus
1422 4992 1756 5060 compeditos
1803 4993 1986 5048 solvit.

418 5080 553 5138 Tum
616 5091 671 5137 et
729 5081 858 5136 illud
899 5081 1096 5136 dicitur
1145 5100 1160 5136 :
1226 5081 1482 5136 Dominus
1540 5082 1635 5135 dat
1680 5083 1832 5137 caecis
1896 5099 1987 5136 sa-

417 5174 689 5243 pientiam.
722 5173 868 5229 Sane
893 5175 1090 5229 mirum
1121 5183 1228 5241 est,
1256 5188 1485 5245 corpore
1522 5176 1701 5241 caecis,
1732 5175 1851 5246 plus
1890 5175 1993 5230 ali-

419 5267 550 5336 quid
602 5267 974 5338 intelligentia
1020 5268 1201 5323 inesse
1249 5267 1458 5335 solere,
1500 5268 1629 5338 quia
1668 5266 1809 5324 Deus
1870 5267 1993 5323 illos

489 5440 537 5472 ⁷⁵
572 5438 713 5495 Psal.
760 5457 930 5510 cxvn,
964 5444 1017 5511 8,
1039 5444 1093 5501 9.
1170 5443 1217 5476 "
1243 5441 1383 5499 Gen.
1434 5458 1521 5511 Ill,
1556 5440 1645 5498 l9.
1723 5443 1768 5476 ⁷⁷
1796 5441 2045 5506 Matth.v,
2077 5440 2152 5508 6;
2192 5440 2326 5500 Luc.
2372 5456 2426 5498 Vl
2448 5482 2464 5506 ,
2492 5443 2555 5497 2|
2580 5484 2595 5511 ,
2630 5443 2721 5499 25.

493 5602 606 5678 (gl)
636 5602 710 5657 De
738 5602 1053 5678 praescripto
1093 5603 1220 5678 vita;
1271 5606 1501 5678 termino
1532 5606 1727 5678 legesis
1761 5608 1973 5677 longam

422 5672 483 5729 8.
514 5671 764 5727 Germani
789 5671 1110 5743 patriarchae
1146 5671 1727 5737 CP.'dissertati6nem
1764 5696 1791 5735 a
1827 5671 1985 5736 anis

422 5742 546 5801 alibi
574 5742 793 5802 editam,

2098 4532 2199 4603 τήν
2243 4547 2304 4583 τε
2349 4530 2415 4583 δι’
2467 4530 2639 4601 αὐτῆς
2698 4528 2870 4583 ἅπασι
2933 4530 3307 4601 γενησομένην
3361 4530 3622 4603 θεραπείτ
3639 4550 3683 4586 ι.

2097 4623 2267 4677 Τοῦτο
2306 4621 2364 4675 δὲ
2398 4624 2540 4676 νοεῖν
2576 4639 2665 4692 μοι
2706 4620 2941 4691 ἐπῆλθεν
2969 4623 3051 4685 είς
3101 4624 3322 4695 μνήμην
3355 4622 3689 4679 ἀναλαϐόντι

2094 4715 2195 4787 τὴν
2237 4715 2458 4769 Ἡσαΐου
2488 4715 2617 4786 περὶ
2646 4713 2741 4768 τοῦ
2770 4715 3023 4787 Σωτῆρος
3054 4715 3213 4786 ήμῶν
3247 4714 3572 4787 πρόρρησιν,
3609 4715 3687 4769 δι’

2096 4804 2165 4881 ἦς
2192 4826 2356 4880 φησιν
2376 4826 2389 4839 ·
2445 4808 2590 4863 Ἰδοὺ
2624 4807 2859 4865 τέθεικὰ
2884 4823 2959 4862 σε
2982 4811 3070 4874 εις
3105 4809 3402 4878 διαθήκην
3436 4808 3682 4879 γένους,

2095 4904 2183 4967 εἰς
2206 4898 2333 4970 φῶς
2364 4899 2574 4965 ἐθνῶν,
2602 4900 2836 4966 ἀνοῖξαι
2861 4902 3210 4973 ὀφθαλμοὺς
3258 4902 3528 4972 τυφλῶν,
3581 4903 3683 4968 ἐξ·

2096 4993 2341 5065 αγαγεῖν
2362 4994 2431 5047 ὲκ
2454 4992 2693 5063 δεσμῶν
2724 4994 3101 5066 δεδεμένους.
3129 4995 3286 5051 Οὕτω
3312 4997 3422 5070 γὰρ
3463 4999 3558 5050 καὶ
3589 4998 3681 5052 ἐν-

2096 5082 2271 5137 ταῦθα
2300 5085 2328 5136 ὁ
2372 5082 2578 5155 Κύριος
2602 5084 2717 5137 λύει
2748 5086 3186 5159 πεπεδημένους·
3235 5087 3445 5159 εἴρηται
3486 5088 3544 5141 δὲ
3584 5090 3682 5142 καὶ

2096 5177 2179 5241 τὸ,
2227 5177 2291 5229 '0
2322 5176 2538 5244 Κύριος
2572 5176 2760 5246 σοφοῖ
2802 5180 3094 5248 τυφλούς·
3123 5178 3402 5251 θαυμάσαι
3431 5179 3477 5232 δ’
3502 5179 3676 5240 ἔστιν,

2098 5268 2247 5330 ὅπως
2272 5266 2366 5319 καὶ
2392 5266 2507 5328 τοῖς
2524 5266 2593 5319 τὰ
2618 5266 2845 5337 σώματα
2871 5271 3067 5341 πηροίς
3115 5270 3299 5325 πλεῖόν
3323 5286 3376 5323 τι
3410 5269 3681 5335 συνέσεως

2797 5444 2843 5477 τ’
2875 5444 2980 5501 lsa.
3016 5460 3148 5510 xui,
3183 5444 3234 5500 6.

2170 5606 2282 5677 (25)
2316 5606 2409 5677 De,
2450 5605 2649 5661 animae
2698 5605 2845 5661 exitu
2879 5606 3073 5677 legitur
3123 5605 3347 5677 humilia
3379 5604 3439 5659 S.
3480 5604 3672 5677 Cyrilli

2098 5678 2257 5733 Alex.
2283 5676 2638 5742 editionibus,
2672 5692 2832 5745 quam
2877 5676 3056 5732 tamen
3086 5676 3300 5733 codices
3322 5690 3349 5727 a
3372 5690 3458 5728 me
3483 5676 3677 5731 obser-

2099 5748 2209 5805 vati
2237 5745 2535 5818 Theophila
2567 5747 2685 5818 ejus
2706 5756 2897 5817 patruo
2923 5763 2987 5804 ac
3019 5746 3293 5821 decessori
3332 5745 3603 5802 tribuunt.
