3850 6210
444 284 508 339 67
1143 279 1407 336 EUSEBII
1445 278 1913 337 CAESARIENSIS
1952 278 2103 334 OPP.
2148 278 2324 333 PARS
2362 277 2452 333 Ill.
2489 309 2558 318 —
2596 278 3011 337 EXEGETICA.

3619 293 3694 341 68

440 401 816 454 demonstrans
842 396 1009 453 Deum
1035 412 1142 452 non
1173 402 1408 468 partium
1463 397 1837 453 tantummodo
1864 395 2009 451 orbis

2119 394 2215 464 τῆς
2246 393 2476 447 καθόλου
2508 394 2794 465 Προνοίας,
2824 396 3059 462 δεικνὺς,
3076 397 3151 461 ὼς
3178 398 3240 451 οὐ
3274 398 3433 469 μόνον
3466 404 3695 470 κηὸεται

440 504 625 543 curam
645 504 849 559 gerere,
871 505 1055 544 verum
1083 491 1250 544 etiam
1280 490 1641 545 humanorum
1664 491 2007 558 dogmatum:

440 593 495 635 et
527 584 669 650 quod
695 582 844 637 solus
872 583 1089 636 noverit
1131 591 1409 636 astrorum
1443 595 1756 643 numerum,
1783 578 2010 648 positio-

443 688 560 737 nes,
591 682 645 728 et
665 689 883 739 causas,
911 674 1313 743 magnitudines
1334 688 1555 743 quoque
1595 682 1649 726 et
1682 672 1967 726 distantias
1993 709 2009 735 ,

441 765 747 819 virtuteset
788 764 1102 831 efﬁcaciam,
1157 766 1450 835 unicuique
1506 765 1759 820 idoneum
1817 777 2011 817 nomen

444 857 745 924 imponens.

592 944 753 999 Vens.
780 946 831 998 7.
862 945 1141 1000 Prwcinite
1169 945 1398 999 Domino
1440 945 1495 999 in
1521 944 1869 1014 confessione.

516 1035 897 1108 Symmachus,
931 1034 1206 1092 Reccnsete
1248 1036 1359 1092 Deo
1394 1036 1794 1106 confessionem,
1840 1035 2014 1090 canite

447 1128 553 1183 Deo
571 1140 750 1184 nostra
779 1147 897 1184 cum
922 1130 1059 1199 lyra.
1097 1130 1287 1199 Aquila
1319 1148 1333 1184 :
1359 1128 1631 1183 Recensete
1649 1128 1874 1183 Domino
1893 1143 2013 1181 cum

441 1222 734 1290 gratiarum
772 1222 998 1286 actione,
1040 1224 1210 1276 canite
1246 1219 1357 1274 Deo
1391 1231 1575 1273 nostra
1630 1235 1749 1272 cum
1777 1218 2008 1273 cithara.

442 1314 543 1380 Qui
598 1313 721 1367 aliis
774 1312 1171 1367 confessionem
1207 1320 1261 1366 et
1304 1311 1568 1382 psalmum
1600 1310 1893 1378 imperant,
1930 1309 2014 1363 di-

442 1404 585 1459 versi
604 1404 723 1459 sine
750 1404 913 1458 dubio
936 1410 1064 1457 sunt
1088 1403 1155 1457 ab
1179 1403 1247 1458 iis
1282 1401 1479 1473 quibus
1524 1401 1841 1471 imperatur.
1870 1399 2013 1467 Ergo

442 1498 639 1551 chorus
668 1495 1012 1564 propheticus
1034 1504 1093 1550 et
1120 1493 1447 1563 apostolicus
1474 1492 1542 1547 ad
1564 1492 1814 1547 eumdem
1843 1490 2011 1544 Deum

441 1601 555 1649 cos,
585 1587 675 1656 qui
706 1586 771 1641 de
799 1600 1027 1639 numero
1069 1601 1175 1639 non
1210 1592 1387 1646 erant,
1433 1592 1609 1645 vocat,
1653 1582 1903 1636 ethnicos
1936 1580 2013 1635 ni-

2111 482 2220 534 τῶν
2257 482 2351 536 τοῦ
2386 483 2593 554 κόσμου
2626 484 2829 555 μερῶν,
2881 485 3017 539 ἀλλά
3053 488 3148 540 καὶ
3188 488 3297 541 τῶν
3330 489 3695 561 ἀνθρωπίνων

2111 573 2427 644 δογμάτων·
2466 576 2558 628 καὶ
2594 576 2753 645 μόνος
2777 577 3011 648 ἀριθμὸν
3053 577 3270 651 ἄστρων
3312 577 3439 643 οἶδε,
3470 582 3563 634 καὶ
3598 582 3694 634 θέ-

2113 682 2247 729 σεις,
2294 666 2389 718 καὶ
2436 666 2535 729 τὰς
2581 667 2781 733 αἰτίας,
2834 668 3035 742 μεγέθη
3080 688 3138 723 τε
3171 671 3265 724 καὶ
3306 673 3696 744 ἀποστήματα,

2112 756 2369 827 δυνάμεις
2400 774 2458 810 τε
2492 758 2589 812 καὶ
2616 760 2920 830 ἐνεργείας,
2945 762 3158 832 ἑκάστῳ
3185 763 3491 836 πρόσφορον
3520 766 3695 836 ὄνομα

2112 848 2344 920 τίθησιν.

2280 940 2599 1009 Ἐξάρξατε
2638 939 2717 1006 τῷ
2744 942 2940 1011 Κυρίῳ
2971 944 3040 996 ἐν
3067 943 3518 1017 ἑξομολογησει.

2195 1031 2251 1083 '0
2284 1030 2599 1103 Σύμμαχος,
2632 1033 3013 1098 Καταλέξατε
3040 1034 3121 1100 τῷ
3164 1038 3359 1106 Κυρίῳ
3402 1039 3696 1108 ἐξομολό-

2112 1138 2313 1191 γησιν,
2358 1123 2751 1192 μελῳδήσατε
2802 1124 2882 1189 τῷ
2945 1125 3066 1192 Θεῷ
3110 1126 3280 1197 ἡμῶν
3324 1129 3423 1183 διὰ
3474 1132 3689 1199 λύρας.

2125 1214 2375 1278 Ἀκύλας,
2408 1216 2787 1281 Καταλέξατε
2831 1215 2912 1282 τῷ
2954 1219 3150 1287 Κυρίῳ
3201 1220 3271 1273 ἐν
3318 1222 3691 1291 εὐχαριστίᾳ,

2106 1304 2497 1374 μελῳδήσατε
2524 1305 2604 1371 τῷ
2632 1305 2753 1372 Θεῷ
2783 1307 2953 1375 ἡμῶν
2974 1307 3044 1361 ἐν
3068 1308 3298 1378 κιθάρᾳ.
3328 1312 3391 1363 Οἱ
3414 1314 3696 1382 προστάτ-

2111 1414 2293 1459 τοντες
2323 1397 2529 1469 ἑτέροις
2562 1396 2997 1467 ἐξομολογεῖσθαι
3030 1401 3124 1454 καὶ
3154 1400 3396 1469 ψάλλειν,
3423 1402 3599 1475 ἕτεροι
3624 1404 3697 1460 ἂν

2111 1484 2220 1542 εἷεν
2258 1489 2368 1543 τῶν
2412 1488 2913 1562 προσταττομένων·
2952 1490 3110 1562 χορὸς
3137 1491 3314 1545 τοίνυν
3355 1495 3697 1565 προφητικὺς

2110 1581 2199 1635 διὰ
2231 1581 2450 1660 τούτων·
2467 1581 2560 1635 καὶ
2584 1580 2943 1644 ἀποστολικὸς
2975 1583 3069 1635 ἐπὶ
3094 1583 3186 1639 τὸν
3222 1584 3381 1639 αὑτὸν
3406 1586 3536 1639 Θεὸν
3560 1586 3695 1651 τοὺς

442 1679 660 1741 mirum,
694 1678 881 1732 dicens
914 1695 928 1731 :
966 1675 1189 1731 Psallite
1229 1675 1338 1730 Deo
1365 1686 1565 1730 nostro.
1596 1671 1795 1728 Jubent
1826 1685 2009 1727 autem

2119 1675 2190 1747 μὴ
2222 1675 2382 1740 ὄντας
2405 1673 2465 1739 ἐξ
2491 1674 2669 1729 αὐτῶν
2696 1672 3066 1739 ἀνακαλεῖται,
3102 1676 3228 1736 τοὺς
3252 1676 3359 1730 ἀπὸ
3380 1677 3490 1731 τῶν
3517 1677 3695 1732 ἐθνῶν

442 1770 556 1824 lnec
581 1771 767 1830 verba,
802 1776 980 1822 mente
1013 1768 1231 1837 quidem
1264 1777 1319 1821 et
1348 1766 1767 1836 cogitationibus
1816 1767 2009 1819 anima:

2119 1735 2377 1839 δηλονότι,
2408 1735 2676 1836 λέγοντες·
2718 1768 2954 1823 Ψάλατε
2999 1735 3080 1833 τῷ
3128 1766 3248 1832 Θεῷ
3283 1767 3469 1837 ήμῶν.
3512 1770 3695 1839 Προσ-

441 1862 712 1923 conﬁteri,
743 1861 990 1930 corporis
1019 1869 1199 1913 autem
1228 1860 1507 1929 operibus,
1537 1857 1705 1911 veluti
1746 1857 1900 1927 pulsa
1931 1856 2013 1911 ci-

441 1950 622 2015 thara,
675 1951 776 2020 ipsi
828 1950 1089 2020 psallere.
1121 1949 1188 2003 Et
1232 1950 1448 2019 quidem
1480 1963 1631 2003 more
1667 1963 1766 2003 sno
1816 1962 2015 2015 corpus

443 2041 681 2110 psallerii
715 2042 1047 2110 citharaque
1070 2041 1290 2095 nomine
1324 2039 1608 2095 Psalmista
1636 2039 1883 2105 denotat,
1914 2053 2013 2093 ceu

442 2133 706 2187 concinne
733 2144 789 2188 et
810 2133 1056 2203 sapiente
1090 2148 1217 2188 cum
1247 2132 1529 2186 harmonia
1559 2141 1925 2200 compactum.
1954 2130 2013 2185 In

441 2223 547 2279 hoc
582 2225 727 2279 enim
759 2240 914 2280 mens
958 2224 1175 2279 virtutis
1200 2222 1458 2293 operibus
1496 2239 1721 2291 canens,
1774 2225 2012 2279 divinam

441 2315 854 2386 spiritalemque
884 2315 996 2372 Deo
1033 2315 1213 2371 reddit
1252 2314 1563 2371 melodiam.

620 2598 783 2654 Vens.
825 2600 877 2654 9.
914 2596 1016 2663 Qui
1042 2599 1133 2650 dat
1169 2613 1340 2651 escam
1374 2595 1533 2665 pullis
1555 2611 1831 2650 corvorum

949 2670 1309 2722 invocantibus
1348 2684 1492 2721 cum.

510 2758 728 2813 Tradita
761 2757 918 2812 nobis
950 2766 1034 2811 est
1073 2756 1299 2826 physica
1329 2754 1571 2824 quaedam
1604 2752 1883 2820 doctrina,
1912 2766 2012 2807 ceu

441 2849 485 2904 si
514 2849 639 2917 pulli
685 2863 975 2902 corvorum
1010 2861 1041 2899 a
1092 2849 1208 2900 suis
1238 2845 1579 2916 parentibus,
1612 2859 1718 2899 non
1750 2858 1904 2913 atque
1948 2858 2013 2898 ac

2113 1860 2297 1912 τάττει
2336 1860 2394 1913 δὲ
2445 1861 2473 1912 ὁ
2516 1859 2671 1928 λόγος
2698 1860 2906 1931 διανοίᾳ
2940 1858 3040 1931 μὲν
3081 1860 3176 1912 καὶ
3210 1858 3486 1930 λογισμοῖς
3510 1860 3695 1933 ψυχῆς

2115 1949 2579 2020 ἐξομολογεῖσθαι,
2636 1950 2817 2022 ἔργοις
2863 1950 2921 2004 δὲ
2977 1952 3090 2015 τοῖς
3149 1950 3239 2004 διά
3284 1951 3379 2004 τοῦ
3437 1951 3696 2023 σώματος

2114 2037 2301 2111 ὥσπερ
2361 2040 2449 2094 διὰ
2506 2040 2735 2110 κιθάρας
2786 2040 3183 2112 ἐνεργουμένης
3235 2040 3456 2110 ψάλλειν
3513 2041 3690 2112 αὐτῷ’

2116 2130 2358 2202 συνήθως
2384 2132 2441 2184 δὲ
2471 2132 2532 2184 τὸ
2567 2132 2725 2203 σῶμα
2764 2132 3060 2204 ψαλτήριον
3093 2133 3189 2186 καὶ
3218 2134 3447 2205 κιθάραν
3473 2134 3696 2205 ὠνόμα-

2116 2241 2228 2287 σεν,
2260 2225 2356 2278 ἀτε
2384 2223 2671 2296 εὐρύθμως
2702 2227 2799 2279 καὶ
2831 2226 2950 2296 μεθ’
2969 2224 3232 2297 ἁρμονίας
3262 2226 3432 2297 σοφῆς
3470 2227 3696 2296 συγκεί-

2118 2335 2276 2387 μενον
2294 2336 2308 2349 ·
2354 2321 2412 2372 ὲν
2455 2318 2627 2389 τούτῳ
2653 2318 2763 2391 γὰρ
2801 2322 2828 2373 ὁ
2853 2320 2979 2383 νοῦς
3004 2321 3435 2393 ἀνακρουόμενος
3461 2321 3547 2376 διὰ
3578 2322 3697 2376 τῶν

2114 2413 2233 2464 κατ’
2268 2410 2470 2481 ἀρετὴν
2514 2409 2766 2483 πράξεων
2808 2410 3137 2484 τῆν’ἐνθεον
3173 2415 3268 2468 καὶ
3313 2414 3697 2487 πνευματικὴν

2117 2502 2384 2574 μελῳδίαν
2417 2503 2730 2575 ἀναπέμπει
2762 2504 2839 2575 τῷ
2864 2504 2982 2576 Θεῷ
3017 2504 3158 2577 (27).

2114 2593 2344 2648 Διδόντι
2378 2594 2738 2667 τροφὴν-καὶ
2767 2598 2891 2663 τοῖς
2936 2600 3219 2667 ⁴ιὴιεοσονοῒς
3254 2597 3371 2653 τῶν
3412 2598 3698 2667 κοράκων

2457 2664 2578 2730 τοῖς
2607 2665 3102 2736 ἐπικαλουμένοις
3130 2671 3335 2723 αὐτόν.

2184 2748 2357 2809 τΗλθε
2391 2755 2448 2809 δέ
2474 2773 2559 2819 τις
2591 2757 2669 2820 εἰς
2693 2759 2841 2828 ἡμᾶς
2889 2758 3114 2826 φυσικὸς
3138 2759 3314 2827 λόγος,
3344 2758 3419 2823 ὡς
3456 2758 3532 2831 μὴ
3561 2776 3697 2830 τρε-

2115 2846 2363 2917 φομένων
2385 2847 2613 2901 νεοττῶν
2628 2848 2736 2902 τῶν
2760 2849 3009 2921 κοράκων
3028 2850 3133 2903 ὑπὸ
3155 2850 3262 2905 τῶν
3283 2852 3694 2922 γεννησάντων,

441 2940 581 2995 alius
604 2940 815 3009 generis
854 2939 1032 2993 avium
1076 2937 1229 3006 pulli,
1284 2937 1520 2991 alantur.
1551 2934 1758 2991 Revera
1793 2936 2009 2990 destitui

2119 2937 2313 3008 ὁμοίως
2343 2942 2455 3002 τοῖς
2484 2938 2590 2991 τῶν
2619 2938 2793 2993 ἄλλων
2831 2939 3033 3012 ὀρνέων
3076 2944 3329 3005 νεοττοῖς·
3366 2942 3701 2995 καταλείπε-

440 3033 693 3087 dicuntur
744 3046 775 3084 a
826 3032 1161 3102 genitoribus
1210 3030 1323 3083 suis
1380 3043 1668 3084 corvorum
1711 3028 1865 3097 pulli,
1915 3026 2009 3082 sed

2119 3027 2239 3079 σθαι
2271 3026 2368 3097 μὲν
2399 3027 2507 3099 γὰρ
2546 3027 2652 3080 τῶν
2691 3029 2941 3099 κοράκων
2972 3030 3103 3099 φασὶ
3142 3031 3268 3093 τοὺς
3296 3031 3545 3094 νεοττοὺς
3584 3030 3700 3083 ὑπὸ

445 3133 627 3176 tamen
654 3121 813 3176 aliter
838 3121 905 3173 ali
936 3118 1258 3173 mirabiliter
1286 3135 1313 3171 a
1348 3118 1439 3172 Dei
1466 3118 1729 3188 potentia.
1779 3116 1916 3171 Nam
1956 3128 2009 3171 et

2119 3117 2223 3170 τῶν
2246 3118 2669 3188 γεγεννηκότων,
2694 3119 2984 3191 τρέφεσθαι
3022 3121 3079 3174 δὲ
3102 3118 3246 3193 ἀλλῳ
3283 3122 3569 3193 παραδόξῳ
3594 3122 3699 3176 τοῦ

441 3224 728 3283 antequam
778 3213 981 3282 proprii
1042 3221 1296 3281 parentes
1356 3209 1641 3274 accedant,
1709 3208 1862 3262 hiare
1913 3223 2009 3263 ore

2119 3210 2253 3263 Θεοῦ
2299 3211 2560 3282 δυνάμειο
2616 3212 2811 3282 μηκέτι
2874 3214 2981 3286 γάρ
3041 3215 3223 3279 αὐτοῖς
3280 3214 3699 3285 πλησιαζόντων

439 3306 715 3370 dicuntur,
770 3320 909 3358 esca:
949 3303 1314 3368 necessitate;
1362 3308 1440 3367 et,
1470 3311 1530 3355 ut
1560 3302 1738 3356 solent
1787 3301 1862 3355 illi
1911 3300 2009 3370 qui

2119 3304 2540 3374 γεγεννηκότων,
2589 3303 2877 3375 κεχηνέναι
2918 3305 2979 3358 τὸ
3020 3305 3190 3376 στόμα
3237 3306 3443 3377 τροφῆς
3488 3305 3696 3376 ἐνδείᾳ,

445 3398 611 3453 Deum
671 3396 961 3461 invocant,
997 3394 1226 3449 naturali
1274 3394 1505 3464 quodam
1537 3392 1794 3448 instinctu
1827 3393 2005 3447 cibum

2119 3394 2211 3446 καὶ
2248 3393 2482 3447 ἐοικέναι
2520 3393 2965 3465 ἐπικαλουμένοις
3002 3396 3094 3449 τὸν
3142 3395 3295 3459 Θεὸν,
3344 3400 3545 3469 φυσικῇ
3581 3415 3699 3453 τινι

440 3498 625 3559 petere
648 3489 716 3542 ab
743 3502 808 3541 eo
835 3489 923 3556 qui
955 3496 1207 3541 naturam
1234 3484 1475 3539 donavit.
1498 3483 1673 3552 Atque
1703 3484 1774 3537 ita
1804 3481 2009 3539 deferri

2119 3485 2365 3556 ἐνεργείᾳ
2397 3486 2497 3555 τὴν
2520 3486 2722 3557 τροφὴν
2752 3486 3034 3551 αἰτοῦντας
3062 3488 3212 3559 παρὰ
3236 3488 3329 3542 τοῦ
3360 3488 3419 3542 τὸ
3432 3486 3569 3544 εἶναι
3592 3492 3698 3545 αύ-

442 3584 508 3634 ad
545 3595 639 3634 eos
672 3595 768 3649 per
798 3594 978 3633 aerem
1013 3593 1195 3634 escam
1222 3578 1485 3647 aliquam,
1521 3589 1655 3629 aura
1686 3576 1916 3645 quadam
1955 3578 2006 3630 in

2119 3579 2226 3641 τοῖς
2257 3576 2626 3649 δεδωρημένου
2645 3594 2657 3607 ·
2688 3577 2830 3631 οὕτω
2858 3578 2916 3632 δὲ
2948 3580 3207 3651 φέρεσθαι
3248 3580 3433 3645 αὐτοῖς
3466 3600 3584 3637 τινα
3630 3583 3696 3648 ἐξ

436 3690 498 3730 os
528 3673 786 3729 delatam.

2119 3669 2276 3741 ἀέρος
2316 3670 2520 3741 τροφὴν
2554 3668 2697 3723 κατὰ
2733 3669 2827 3723 τοῦ
2876 3672 3141 3743 στόματος
3183 3673 3289 3727 ὑπό
3331 3691 3475 3739 τινος
3511 3673 3695 3747 αὔρας

2116 3781 2175 3814 τυ
2184 3761 2351 3815 νωθου
2360 3761 2548 3834 μένην.

902 3868 1228 3924 PSALMUS
1254 3864 1515 3923 CXLVII.

603 3960 768 4015 Vens.
807 3958 861 4013 8.
889 3960 1220 4014 Annuntians
1244 3961 1452 4014 uerbum
1482 3974 1636 4013 suum
1657 3957 1849 4013 Jacob.

506 4052 599 4107 Ait
633 4051 917 4106 Eusebius.
958 4054 1228 4106 Accurate
1262 4051 1552 4105 admodum
1609 4050 1824 4104 videtur
1874 4049 2007 4103 mihi

2658 3876 2948 3930 ΨΑΛΜΟΣ
2981 3878 3158 3932 PMZ'.

2196 3968 2257 4021 Ὃ
2286 3966 2684 4039 ἀπαγγέλλων
2709 3968 2817 4022 τὸν
2851 3970 3037 4038 λόγον
3059 3970 3247 4025 αὑτοῦ
3277 3969 3357 4036 τῷ
3400 3968 3616 4026 Ἰακώϐ.

2182 4061 2317 4130 Φησὶ
2337 4060 2395 4113 δὲ
2425 4061 2519 4113 καὶ
2539 4058 2568 4110 ὀ
2595 4059 2852 4123 Εὐσέϐιος
2883 4060 3017 4132 (28).
3039 4063 3249 4133 Σφόδρα
3274 4062 3329 4115 δὲ
3362 4062 3693 4134 ἀπηκριϐω-

438 4147 542 4202 hoc
572 4146 889 4200 vocabulum
920 4143 1122 4212 aliquid
1158 4144 1378 4208 docere,
1440 4156 1634 4212 nempe
1683 4144 2006 4197 annuntians

2119 4152 2292 4223 μένως
2319 4168 2409 4223 μοι
2436 4152 2634 4222 δοκεῖὴ
2667 4152 2914 4223 παροῦσα
2940 4152 3082 4217 λέξις
3098 4154 3392 4220 διδάσκειν,
3428 4152 3481 4206 '0
3505 4154 3696 4224 ἀπατ-

437 4253 726 4293 sermonem
764 4253 918 4290 suum
945 4235 1169 4290 Jacobo.
1202 4234 1317 4289 Non
1346 4235 1494 4289 enim
1525 4235 1661 4289 dixit
1686 4236 1894 4288 mittens
1925 4234 2007 4288 vel

2119 4243 2345 4312 γέλλων
2370 4242 2477 4296 τὸν
2500 4243 2685 4312 λόγον
2725 4245 2911 4298 αὑτοῦ
2938 4244 3016 4309 τῷ
3055 4243 3275 4298 Ἰακώϐ·
3308 4244 3368 4298 οὐ
3395 4245 3502 4317 γὰρ
3536 4247 3696 4317 εἴρη-

435 4330 524 4399 qui
549 4331 711 4383 misit.
748 4329 907 4383 Aliud
932 4344 1062 4384 vero
1092 4328 1549 4392 estannuntiare,
1595 4326 1740 4380 aliud
1790 4327 2008 4380 mittere

2119 4349 2229 4397 κεν,
2274 4336 2307 4386 ὀ
2356 4333 2771 4398 ἀποστέλλων,
2807 4335 2839 4405 ἢ
2888 4337 2920 4388 ό
2965 4336 3354 4402 ἀποστείλας.
3401 4336 3560 4389 Ἀλλο
3591 4336 3693 4408 δή-

437 4424 520 4479 vel
550 4423 707 4477 mitti.
752 4421 909 4477 Prius
942 4423 1090 4477 enim
1126 4420 1402 4490 portendit
1430 4420 1574 4488 quod
1609 4418 1851 4473 futurum
1884 4427 2003 4483 est,

2119 4441 2218 4477 που
2242 4423 2389 4477 ἐστὶν
2415 4426 2767 4493 ἀπαγγεῖλαι,
2797 4426 2890 4478 καὶ
2914 4426 3040 4480 ἄλλο
3071 4427 3130 4480 τὸ
3158 4427 3472 4481 ἀποστεῖλαι
3502 4426 3536 4498 ἢ
3559 4430 3697 4481 ἀπο-

435 4522 491 4569 et
520 4514 800 4583 praedicit;
853 4511 1081 4567 alterum
1115 4526 1245 4566 vero
1303 4525 1415 4565 rem
1450 4520 1767 4578 praesentem
1802 4508 2003 4580 signiti-

2119 4515 2452 4569 ςτέλλεσθαι·
2509 4516 2570 4569 τὸ
2614 4517 2711 4587 μὲν
2753 4517 2862 4589 γὰρ
2905 4517 3208 4589 προμηνύει
3256 4518 3320 4571 τὸ
3363 4518 3550 4589 μέλλον
3592 4521 3696 4573 καὶ

436 4615 543 4669 cat,
566 4606 618 4660 id
646 4614 750 4673 est,
781 4620 940 4674 quem
978 4604 1094 4674 ipse
1123 4604 1270 4658 misit
1291 4603 1357 4657 ad
1388 4602 1815 4671 praedicandum.
1846 4601 1920 4654 Ita
1950 4608 2009 4654 ut

436 4696 774 4751 annuntiatio
798 4695 1014 4764 quidem
1052 4703 1109 4748 et
1161 4692 1438 4763 praedictio
1467 4691 1658 4756 futuri,
1702 4693 1793 4745 uni
1820 4690 2035 4751 lsraeli.

436 4787 580 4842 facta
632 4787 823 4853 fuerit;
865 4787 1053 4840 missio
1112 4798 1293 4839 autem
1354 4801 1459 4839 non
1494 4785 1622 4837 huic
1663 4782 1777 4847 uni,
1815 4798 2004 4837 verum

433 4882 597 4934 etiam
635 4880 846 4933 cunctis
870 4878 991 4932 aliis
1012 4877 1285 4946 gentibus.
1326 4874 1438 4929 Sed
1474 4873 1707 4929 fortasse
1728 4874 1877 4928 dicet
1902 4874 2005 4928 ali-

434 4972 558 5040 quis
585 4988 599 5026 :
636 4971 695 5024 Si
722 4971 933 5025 caeteris
966 4969 1273 5024 hominibus
1301 4968 1689 5022 revelationem
1713 4983 1819 5022 non
1854 4968 2003 5035 fecit,

435 5065 705 5133 quomodo
743 5079 836 5119 eos
869 5066 1043 5134 punit,
1071 5075 1264 5130 nempe
1295 5062 1460 5115 etiam
1493 5059 1614 5113 illos
1644 5059 1735 5128 qui
1772 5069 1901 5114 ante
1928 5060 2006 5113 Ie-

435 5170 557 5223 gem
592 5155 864 5217 vixerunt,
900 5163 954 5208 et
1001 5162 1112 5206 toto
1157 5152 1294 5206 orbe
1330 5158 1655 5220 peccatores
1682 5148 1877 5203 fuere?
1916 5148 2005 5203 Di-

436 5246 610 5300 cimus
636 5261 767 5315 ergo
798 5245 901 5299 hos
931 5244 1147 5314 quidem
1171 5241 1406 5312 iudicari
1439 5256 1467 5294 a
1504 5240 1613 5294 Deo
1652 5255 1716 5294 ex
1736 5240 1860 5309 jure
1916 5257 2006 5295 na-

439 5335 623 5400 turali,
651 5336 794 5404 quod
827 5334 985 5389 nobis
1040 5334 1307 5398 inhaeret;
1354 5329 1623 5385 Israelitas
1667 5339 1846 5383 autem
1892 5337 2004 5382 tum

433 5428 555 5498 jure
586 5426 842 5492 naturali,
867 5437 979 5481 tum
996 5429 1160 5481 etiam
1182 5425 1412 5493 scripto,
1443 5421 1519 5476 ita
1549 5431 1608 5475 ut
1640 5421 1814 5491 majus
1839 5421 2008 5476 bene-

2106 4607 2380 4679 προλέγειο
2430 4609 2491 4661 τὸ
2526 4608 2583 4661 δὲ
2623 4609 2923 4679 παρουσίαν
2968 4611 3244 4680 σημαίνει,
3297 4611 3390 4663 καὶ
3421 4610 3511 4664 τὸν
3552 4611 3697 4665 ἀπο-

2108 4698 2373 4751 σταλέντα
2409 4699 2474 4751 δι’
2507 4699 2701 4752 ἑαυτοῦ
2729 4700 3017 4772 κηρύττειν
3037 4719 3050 4731 ·
3083 4701 3220 4754 ὥστε
3262 4702 3358 4773 τὴν
3388 4704 3483 4773 μὲν
3508 4704 3695 4771 ἀπαγ-

2107 4787 2293 4856 γελίαν
2326 4790 2420 4842 καὶ
2444 4790 2541 4860 τὴν
2572 4792 2873 4863 πρόρρησιν
2899 4791 2993 4844 τοῦ
3027 4792 3332 4862 μέλλοντος,
3358 4792 3693 4863 γεγενῆσθαι

2113 4878 2265 4949 παρὰ
2315 4879 2461 4951 μόνῳ
2491 4880 2569 4949 τῷ
2617 4881 2850 4953 Ἰσραὴλ,
2897 4881 2994 4954 τὴν
3027 4882 3082 4934 δὲ
3129 4884 3433 4955 ἀποστολὴν
3477 4884 3577 4938 οὐκ
3621 4884 3694 4939 ἂν

2112 4970 2303 5041 ἐκείνῳ
2338 4971 2502 5042 μόνῳ,
2550 4972 2687 5026 ἀλλὰ
2732 4975 2827 5026 καὶ
2874 4975 3007 5027 πᾶσι
3053 4977 3165 5038 τοῖς
3210 4974 3415 5039 λοιποῖς
3453 4974 3688 5029 ἔθνεσιν.

2123 5054 2260 5107 Ἀλλ’
2294 5057 2423 5120 ἴσως
2449 5056 2591 5111 εἴποι
2623 5076 2705 5123 τις
2730 5059 2814 5112 ἀν’
2844 5061 2952 5113 Καὶ
2981 5063 3054 5133 μὴ
3076 5061 3322 5133 δηλώσας
3349 5067 3460 5127 τοῖς
3480 5064 3693 5131 λοιποῖς

2109 5147 2436 5219 ἀνθρώποις,
2480 5150 2597 5214 πῶς
2629 5152 2823 5216 αὐτοὺς
2862 5153 3098 5218 κολάζει,
3145 5158 3238 5208 καὶ
3277 5157 3404 5220 τοὺς
3442 5157 3549 5227 πρὸ
3591 5157 3687 5210 τοῦ

2110 5241 2276 5311 νόμου
2306 5242 2401 5294 καὶ
2438 5243 2562 5306 τοὺς
2590 5244 2903 5315 ἁπανταχοῦ
2944 5245 3045 5315 τῆς
3086 5247 3411 5317 οἰκουμένης
3436 5249 3691 5320 ἁμαρτά-

2112 5349 2301 5394 νοντας
2325 5350 2340 5398 ;
2372 5334 2481 5386 Καὶ
2516 5334 2712 5405 φαμέν·
2741 5337 2974 5401 Τούτους
3000 5339 3098 5409 μὲν
3135 5340 3311 5412 κρίνει
3339 5342 3446 5394 ἀπὺ
3470 5342 3564 5396 τοῦ
3592 5361 3692 5414 cpu-

2116 5423 2270 5477 σικοῦ
2314 5426 2477 5496 νόμου
2513 5427 2610 5480 καὶ
2652 5427 2746 5481 τοῦ
2782 5430 2839 5482 ἐν
2880 5432 3032 5501 ἡμῖν,
3073 5433 3199 5496 τοὺς
3239 5432 3295 5487 δὲ
3346 5433 3690 5506 Ἰσραηλίτας

507 5656 618 5727 (~27)
652 5655 850 5711 Confer
883 5669 1069 5710 rursus
1101 5655 1223 5727 hac,
1258 5667 1419 5727 super
1459 5666 1517 5706 re
1562 5648 1998 5727 Nicetaeeditum
2038 5664 2069 5705 a
2097 5653 2249 5709 nobis
2268 5654 2551 5727 prologum
2588 5655 2806 5716 Catena:
2844 5659 3063 5717 Patrum
3090 5661 3144 5719 in
3172 5661 3435 5720 Psalmos.

505 5719 617 5795 (23)
642 5727 837 5784 Recole
869 5730 1120 5783 adnotata
1161 5726 1225 5780 ad
1264 5719 1528 5793 psalmum
1564 5734 1744 5786 cxuv,
1773 5719 1859 5774 i5.
