3850 6210
176 249 238 307 09
1302 245 1809 307 COMMENTARIA
1848 249 1919 308 IN
1959 249 2302 310 PSALMOS.
3379 246 3449 301 70

174 373 260 425 καὶ
296 371 404 423 ἀπὸ
427 370 627 424 τούτου
663 372 758 425 καὶ
792 372 901 425 ἀπὸ
942 370 1040 425 τοῦ
1086 372 1337 444 γραπτοῦ
1382 374 1519 445 (39),
1544 374 1685 427 ὥστε
1728 376 1754 446 ἡ

1868 375 2075 437 licium,
2111 374 2334 443 majoris
2386 371 2756 427 damnationis
2802 372 2890 427 his
2918 385 3084 427 causa
3142 370 3259 437 (lat,
3312 367 3450 423 obe-

174 464 330 533 πολλὴ
369 463 672 533 εὐεργεσία
716 464 963 529 πλείονος
1005 466 1189 531 αὐτοῖς
1219 468 1601 538 κατακρίσεως
1636 468 1754 522 ὑπό-

1868 467 2132 522 dientiam
2163 465 2589 537 negligentibus.
2625 465 2831 520 Idcirco
2869 465 3012 520 Deus
3062 462 3205 518 haud
3268 462 3447 516 dixit:

174 555 311 619 05m;
355 556 579 623 γίνεται
632 557 1067 630 ρερᾳθυμηκόσν
1106 558 1195 612 διὰ
1235 558 1396 611 τοῦτο
1457 560 1553 612 καὶ
1598 560 1754 626 αὐτὸς

1864 558 1981 614 Non
2012 558 2143 614 fecit
2164 559 2312 613 omni
2354 559 2525 630 genti,
2556 558 2651 613 sed
2680 556 2770 614 Sic
2804 574 2905 611 uon
2928 556 3090 627 fecit;
3120 554 3173 610 id
3201 562 3308 619 est,
3341 569 3447 607 non

173 646 263 698 οὐκ
295 643 469 712 εἶπεν,
516 650 605 702 ὅτι
634 649 737 702 οὐκ
776 650 1000 719 ἐποίησε
1034 652 1199 704 παντὶ
1230 652 1395 716 ἔθνει,
1428 653 1543 707 ἀλλ’
1574 655 1754 722 οὕτως

1865 652 2080 707 tabulas
2109 652 2279 715 misit,
2309 666 2415 705 non
2448 650 2657 705 litteras
2681 650 2734 705 in
2757 660 2942 706 monte
2966 649 3121 715 Sina,
3149 647 3244 704 sed
3278 660 3448 717 pecu—

173 738 270 791 οὺκ
283 737 567 806 ἐποίησε·
586 740 742 793 τουτέ
751 757 866 794 στιν
885 741 947 793 ού
976 740 1193 807 πλάκας
1220 742 1486 814 ἔπεμψεν,
1504 745 1564 797 ού
1586 747 1754 817 γράμ-

1865 744 2081 799 Iiariter
2110 750 2317 799 tantum
2343 742 2564 800 Iudaeis.

174 846 303 897 ματα
368 829 439 882 τὰ
480 830 585 885 ἐπὶ
647 832 743 885 τοῦ
808 833 995 886 Σινέου
1041 834 1222 905 ὅρους,
1276 835 1416 891 ἀλλὰ
1482 840 1599 902 τοῖς
1651 839 1781 891 ’1ου-

172 922 322 987 δαίοις
350 925 418 979 ὲκ
452 928 804 997 περιουσίας.

686 1022 983 1077 ΨΑΛΜΟΣ
1034 1025 1219 1078 PMH'.

239 1110 324 1162 Ἕν
360 1110 463 1180 μὲν
493 1112 578 1183 τῷ
608 1113 731 1185 ρμε¹
771 1114 971 1186 ψαλμῷ
1020 1118 1119 1187 μία
1151 1117 1276 1171 καθ’
1310 1118 1509 1190 ἑαυτὴν
1540 1120 1573 1190 ή
1609 1118 1757 1192 ψυχὴ

169 1200 249 1253 τὸν
279 1200 486 1274 Κύριον
544 1206 720 1259 αἰνεῖν
755 1208 1055 1275 ἐκελεύετο,
1101 1210 1399 1279 φάσκοντος
1445 1210 1539 1264 τοῦ
1574 1211 1756 1279 λόγου,

172 1293 337 1357 Atrea,
374 1294 413 1361 ή
462 1296 644 1366 ψυχή
686 1315 826 1367 μου,
864 1299 972 1353 τὸν
1003 1303 1242 1369 Κύριον.
1290 1303 1377 1355 Ἐν
1409 1302 1467 1355 δὲ
1511 1301 1588 1373 τῷ
1640 1303 1757 1373 μετ’

172 1384 317 1437 αὺτὸν
347 1386 567 1457 πλῆθος
597 1390 693 1442 ἐπὶ
739 1391 829 1443 τὸν
863 1389 1012 1445 αἶνον
1046 1394 1231 1447 ἐκάλει
1261 1394 1350 1448 διὰ
1380 1394 1496 1457 τοῦ,
1539 1394 1760 1449 Αἰτεῖτε

174 1477 390 1543 Κύριον,
425 1477 521 1532 ὅτι
553 1480 782 1549 ἀγαθὸν
807 1485 1050 1554 ψαλμός
1070 1503 1082 1515 ·
1121 1487 1213 1539 ἐπὶ
1242 1476 1299 1539 δὲ
1330 1486 1423 1539 τοῦ
1458 1486 1586 1557 ἑξῆς
1619 1487 1755 1559 αὐτὴ

2345 1022 2667 1081 PSALMUS
2693 1022 2970 1080 CXLVIII.

1932 1120 1989 1173 In
2016 1121 2226 1187 psalmo
2270 1118 2487 1187 quidem
2518 1132 2679 1183 στιν,
2727 1117 2821 1171 uni
2871 1130 2970 1185 per
2999 1129 3059 1170 se
3103 1113 3299 1170 anima!
3330 1112 3445 1168 lau-

1861 1210 1997 1266 dare
2036 1211 2322 1265 Dominum
2351 1209 2741 1280 imperabatur.
2775 1206 2850 1261 lbi
2877 1208 3022 1261 enim
3048 1207 3247 1262 dicitur
3267 1225 3279 1261 :
3303 1205 3447 1260 Lau-

1861 1304 1930 1355 da
1958 1341 1973 1367 ,
2029 1304 2208 1356 anima
2233 1318 2347 1356 mea
2372 1341 2388 1367 ,
2442 1299 2725 1353 Dominum
2756 1299 2822 1353 3'.
2867 1298 2924 1353 In
2976 1298 3224 1368 proximo
3265 1307 3446 1354 autem

1868 1394 2156 1449 multitudo
2194 1393 2527 1449 invitabatur
2577 1394 2662 1449 his
2707 1392 2891 1448 verbis
2931 1392 3216 1449 :Laudate
3262 1392 3450 1447 Domi-

1866 1501 1988 1538 :tum
2010 1526 2026 1552 ,
2060 1487 2309 1556 quoniam
2336 1486 2472 1539 bona
2508 1500 2588 1538 res
2619 1484 2855 1554 psalmus
2880 1485 2947 1538 ⁸³.
2982 1485 3224 1554 Denique
3255 1485 3307 1539 in
3340 1484 3449 1540 alio

182 1566 530 1640 Ἰερουσαλὴμ
583 1569 748 1625 τοῦτο
788 1573 1049 1645 πράττειν
1100 1576 1500 1646 προσετάττετο
1551 1579 1611 1631 ὲν
1653 1576 1752 1648 τῷ.

1863 1577 2226 1645 subsequente
2256 1575 2371 1642 ipsa
2418 1574 2755 1630 Hierusalem
2789 1575 2895 1630 hoc
2921 1590 3080 1644 agere
3103 1575 3401 1643 jubebatur
3432 1597 3446 1632 :

185 1659 455 1727 ἐπαίνει,
503 1663 927 1736 Ἰερουσαλὴμ,
971 1667 1081 1722 τὸν
1121 1670 1362 1737 Κύριον.
1425 1671 1758 1735 Ἀκολούθως

175 1745 255 1806 οὖν
278 1752 509 1818 ἐκείνοις
541 1757 572 1809 ὁ
602 1758 966 1829 προκείμενος
995 1755 1145 1825 αἶνος
1171 1762 1430 1816 ἐπιτείνει
1452 1763 1512 1816 τὸ
1544 1763 1759 1835 παράγ-

174 1844 351 1914 γελμα,
399 1847 545 1916 μετὰ
600 1847 702 1920 τὴν
748 1852 979 1923 μερικὴν
1030 1853 1432 1924 παρακέλευσιν
1483 1850 1646 1922 αὔξον
1697 1857 1759 1910 τὸ

178 1937 521 2008 πρόσταγμα·
562 1940 782 2012 ἀθρόως
824 1960 882 1995 τε
929 1940 1064 2014 ὁμοῦ
1107 1944 1210 2015 τὴν
1256 1946 1489 2018 γενητὴν
1539 1947 1759 2003 ἃπασαν

177 2030 333 2080 κτίσιν
358 2032 461 2101 τήν
494 2049 558 2083 τε
587 2034 875 2106 ὁρωμένην
906 2036 999 2089 καὶ
1028 2036 1125 2109 τὴν
1152 2038 1383 2109 ἀόρατον
1418 2040 1512 2091 ἐπὶ
1545 2040 1638 2094 τὸν
1671 2038 1759 2095 αῖ-

180 2137 255 2171 νον
280 2120 368 2173 τοῦ
403 2122 545 2175 Θεοῦ
579 2128 872 2198 παρορμᾷ·
905 2128 1047 2182 κατὰ
1092 2132 1189 2201 μὲν
1235 2132 1332 2204 τὴν
1370 2134 1545 2205 ἀρχὴν
1584 2133 1653 2187 τὰ
1699 2135 1757 2207 ἐν

178 2214 277 2274 τοῖς
295 2214 546 2285 οὐρανοῖς
581 2217 679 2269 καὶ
707 2218 859 2272 τὰ’ὲν
886 2223 999 2285 τοῖς
1025 2221 1271 2291 ὑψίστοις
1298 2224 1753 2297 ἀνακαλούμενος·

184 2300 363 2369 προῖὼν
395 2302 452 2355 δὲ
496 2302 568 2357 τὰ
600 2305 696 2357 ἐπὶ
736 2306 838 2377 τῆς
864 2310 968 2380 γῆς
1004 2312 1099 2365 καὶ
1136 2312 1207 2366 τὰ
1245 2316 1302 2366 ἐν
1329 2317 1450 2377 ταῖς
1476 2314 1755 2382 ἁϐύσσοις,

181 2391 266 2463 οὐχ
304 2394 376 2457 ὡς
419 2396 650 2451 πάντων
687 2399 868 2471 ψυχῆς
914 2403 1009 2455 καὶ
1048 2403 1208 2472 λόγου
1253 2408 1610 2478 μετεχόντων,
1639 2409 1755 2463 ἀλλ’

184 2485 251 2544 είς
287 2484 459 2538 ταῦτα
500 2489 634 2552 τοὺς
677 2488 835 2558 λόγου
869 2494 1254 2566 μετειληχότας
1289 2497 1620 2553 ἀποϐλέπειν
1665 2518 1759 2554 κε-

183 2571 332 2641 λεύει,
373 2576 467 2631 καὶ
518 2579 625 2650 τὴν
658 2580 869 2647 τούτοις
898 2586 1200 2657 γενομένην
1240 2588 1429 2658 σοφίαν
1472 2607 1754 2663 καταμαν-

189 2661 442 2731 θάωντας,
475 2668 571 2722 τὸν
597 2670 838 2743 Ποιητὴν
861 2673 1143 2743 ἀνυμνεῖν.

640 2759 748 2812 Καὶ
778 2760 968 2815 πᾶσαι
1001 2762 1282 2822 ἄϐυσσοι.

250 2848 462 2920 Ἕτερος
530 2851 810 2918 ἀϐύσσους
855 2854 952 2926 τὴν
1000 2856 1109 2911 τῶν
1152 2860 1519 2931 καταχθονίων
1583 2864 1754 2937 ἔφησε

1860 1666 2071 1731 Lauda,
2104 1666 2461 1731 Hierusalem,
2490 1665 2772 1720 Dominum
2799 1666 2866 1721 ⁸⁸.
2900 1668 3279 1722 Consetttanea
3309 1682 3450 1736 prte-

1858 1756 2020 1813 dictis
2067 1739 2308 1826 praasens
2338 1757 2457 1812 laus
2503 1755 2723 1824 jussum
2754 1759 3014 1826 ampliat;
3061 1768 3117 1813 et
3146 1760 3446 1830 congestim

1858 1858 2162 1903 creaturam
2193 1848 2353 1903 simul
2388 1849 2698 1905 universam
2736 1858 2844 1903 tam
2880 1850 3146 1906 visibilem
3172 1867 3334 1921 quam
3362 1852 3445 1906 in-

1857 1942 2129 1996 visibilem
2156 1943 2221 1995 ad
2255 1941 2346 1995 Dei
2382 1942 2598 1996 Iaudem
2627 1941 2830 1998 excitat
2863 1963 2875 1998 :
2911 1943 3066 1998 initio
3093 1944 3311 2013 quidem
3341 1929 3454 1998 cte-~

1858 2033 2013 2089 lestia
2061 2043 2118 2089 et
2164 2035 2537 2089 excelsissima
2570 2034 2810 2089 invitans
2840 2053 2854 2090 :
2892 2051 3018 2090 mox
3048 2036 3403 2107 progrediens
3426 2076 3442 2099 ,

1859 2125 2141 2180 terrestria
2186 2135 2241 2179 et
2289 2140 2409 2194 quae
2445 2125 2496 2178 in
2536 2125 2749 2193 abyssis
2794 2136 3113 2180 versantur:
3149 2141 3254 2181 non
3300 2126 3443 2194 quod

1856 2216 2037 2268 omnia
2065 2216 2246 2268 anima
2278 2223 2334 2269 et
2374 2213 2583 2281 loquela
2618 2216 2840 2282 praedita
2876 2218 3003 2279 sint,
3039 2218 3133 2272 sed
3168 2217 3443 2287 homines,

1855 2306 1951 2375 qui
1984 2304 2192 2375 loquela
2221 2314 2345 2360 sunt
2373 2307 2604 2375 praediti,
2625 2306 2780 2375 jubet
2813 2308 2934 2363 illas
2956 2318 3237 2365 creaturas
3266 2309 3441 2379 respi-

1857 2412 1982 2453 cere
2009 2438 2026 2464 ,
2077 2409 2132 2451 et
2177 2412 2489 2467 expressam
2533 2398 2591 2452 in
2642 2399 2726 2453 his
2757 2397 2850 2454 Dei
2883 2401 3206 2469 sapientiam
3237 2415 3443 2471 cogno-

1859 2498 2094 2555 scentes,
2124 2488 2438 2545 Creatorem
2464 2490 2682 2561 hymnis
2707 2491 2923 2547 celebra
2934 2507 3010 2548 re.

2249 2759 2415 2813 Vsus.
2449 2760 2503 2812 7.
2543 2758 2609 2812 Et
2642 2775 2821 2814 omnes
2844 2760 3038 2829 abyssi.

1928 2851 2079 2908 Alius
2110 2852 2325 2921 quidam
2361 2853 2586 2922 abyssos
2608 2853 2738 2907 dicit
2766 2868 2888 2907 esse
2911 2855 3322 2910 subterraneam
3357 2870 3444 2910 re-

194 2937 371 3010 χώραν,
411 2943 558 2997 κατὰ
590 2945 806 2999 Παῦλον
842 2947 1066 3001 εἰπόντα
1086 2967 1099 2979 ·
1132 2951 1223 3023 Μὴ
1249 2952 1429 3026 εἴπῃς,
1460 2957 1557 3022 Τίς
1580 2975 1754 3012 κατα-

1862 2944 2075 3013 giouem
2099 2984 2115 3009 ,
2148 2954 2307 3013 prout
2346 2943 2544 2998 Paulus
2574 2944 2650 2996 ait
2688 2960 2701 2997 :
2738 2942 2816 2999 Ne
2842 2945 3015 3009 dicas,
3051 2944 3181 3010 Quis
3229 2945 3438 3000 descen-

196 3030 408 3096 ϐήσεται
444 3038 533 3103 εὶς
584 3035 701 3105 τὴν
757 3037 1055 3107 ἄϐυσσον,
1109 3043 1356 3097 τουτέστι
1403 3047 1639 3114 Χριστὸν
1692 3051 1758 3104 ὲκ

196 3127 375 3195 νεκρῶν
427 3130 761 3197 ἀναγαγείν;
805 3132 897 3184 καὶ
955 3134 1013 3185 ἐν
1081 3132 1239 3201 Ἰὼϐ,
1282 3137 1384 3189 Ἐν
1422 3136 1511 3202 δὲ,
1567 3142 1755 3213 φησὶν,

200 3214 407 3283 ἴχνεσιν
454 3222 740 3277 ἀϐύσσου
779 3225 1222 3294 περιεπάτησας
1237 3243 1262 3291 ;_
1291 3229 1516 3300 Μήποτε
1562 3233 1618 3286 δὲ
1665 3237 1758 3291 καὶ

197 3307 329 3362 τοῦτο
353 3312 555 3381 πλῆθος
590 3313 798 3368 ὑδάτων
825 3316 975 3387 δηλοῖ
1000 3317 1122 3371 καθ’
1157 3311 1219 3371 οὗ
1247 3322 1619 3395 περιεπάτησε
1644 3327 1758 3379 Κύ-

200 3416 323 3469 ριες;
353 3403 424 3466 ὡς
454 3405 551 3473 ἀφ’
589 3405 786 3477 ἐτέρας
816 3409 992 3479 ἀρχῆς
1016 3406 1154 3464 εἶναι
1186 3412 1267 3476 τὸ,
1298 3414 1665 3486 Ἀνοίγονται
1688 3419 1757 3475 δέ

198 3507 279 3544 σοι
295 3494 434 3562 φόϐῳ
456 3498 649 3551 πύλαι
681 3499 974 3565 θανάτου;

322 3671 537 3739 ’ᾼσατε
571 3672 654 3738 τῷ
689 3676 884 3745 Kvpltp
917 3670 1082 3748 ᾆσμα
1113 3682 1343 3747 καινὸν,
1373 3700 1427 3736 κ.
1463 3703 1515 3738 τ.
1545 3685 1595 3739 λ.

256 3758 351 3812 Τοῦ
382 3764 569 3817 καινοῦ
595 3765 840 3836 ᾄσματος
863 3768 1045 3839 (50)...
1071 3773 1135 3842 τῇ
1154 3771 1263 3825 τῶν
1283 3773 1446 3827 όσίων
1462 3775 1755 3851 Ἐκκλησία

200 3847 430 3941 ᾀδομένου
456 3896 471 3921 ,
519 3856 723 3928 δηλαδὴ
771 3857 871 3929 τῆς
917 3860 1009 3912 τοῦ
1054 3862 1305 3935 Σωτῆρος
1353 3866 1512 3935 ἡμῶν
1543 3847 1755 3941 Καινῆς

200 3940 486 4013 Διαθήκης..
518 3945 737 4016 παλαιῷ
770 3949 1053 4019 προσέχων
1098 3951 1315 4024 Ἰσραὴλ
1344 3954 1422 4025 τῷ
1466 3956 1557 4010 διὰ
1588 3940 1754 4013 Μωῦ-

203 4032 315 4095 σέως
332 4051 344 4064 ·
365 4036 423 4088 τὸ
449 4038 637 4090 καινὸν
663 4038 720 4091 δὲ
746 4039 901 4093 τοῦτο
929 4042 1324 4115 παράδειγμα..
1353 4047 1749 4119 εὐφραινέσθω·

202 4121 338 4186 αὐτὸς
378 4126 484 4195 γὰρ
514 4122 584 4197 ἦν
634 4129 664 4179 ὁ
701 4127 795 4179 τοῦ
824 4128 959 4182 Θεοῦ
998 4131 1169 4199 Λόγος
1218 4135 1247 4185 ό
1288 4136 1633 4206 χρηματίσας
1676 4138 1754 4209 τῷ

200 4212 414 4280 bit-9665i,
463 4220 558 4271 xui.
600 4219 694 4271 τὸν
748 4220 962 4293 Ἰσραὴλ
1009 4222 1294 4292 ἐξαγαγὼν
1338 4228 1403 4279 ἐκ
1448 4228 1547 4300 τῆς
1587 4230 1754 4299 Αίγύ-

1859 3038 1944 3090 det
1995 3039 2048 3090 in
2096 3037 2340 3106 abyssum
2368 3035 2435 3102 ⁸⁸,
2475 3035 2527 3089 id
2566 3045 2652 3089 est
2699 3033 2769 3089 ob
2818 3034 3094 3089 Christum
3145 3052 3173 3089 a
3211 3038 3441 3093 mortuis

1859 3129 2266 3184 revocandum?
2301 3129 2364 3181 Et
2394 3128 2533 3195 apud
2563 3126 2757 3182 Jobum
2789 3144 2804 3181 :
2842 3127 2907 3181 In
2933 3129 3217 3199 profundo,
3242 3129 3439 3199 inquit,

1857 3220 2033 3289 abyssi
2053 3218 2337 3272 ambulasti
2369 3216 2459 3270 θοι
2489 3216 2624 3271 Num
2654 3216 2796 3272 forte
2824 3220 2988 3271 etiam
3022 3219 3126 3272 hoc
3156 3219 3440 3285 vocabulo,

1858 3308 2010 3377 copia
2043 3322 2309 3377 aquarum
2335 3309 2627 3361 denotatur
2648 3321 2810 3375 supra
2834 3322 2993 3377 quam
3020 3298 3315 3363 ambulavit
3340 3310 3445 3364 Do-

1858 3401 2039 3455 minus
2067 3400 2090 3453 ἲ
2120 3400 2194 3453 ita
2218 3411 2276 3453 ut
2304 3399 2526 3454 aliunde
2574 3399 2901 3469 repetendus
2929 3401 3001 3453 sit
3026 3416 3218 3455 sensus
3244 3400 3442 3456 verbal

1860 3506 1977 3545 rum
2013 3507 2027 3543 :
2062 3489 2387 3559 Aperiantur
2425 3492 2561 3556 tibi,
2608 3490 2822 3545 timoris
2854 3504 3015 3544 causa
3040 3529 3057 3557 ,
3103 3502 3271 3560 portae
3301 3507 3443 3545 mor-

1856 3585 1922 3639 tis
1937 3584 1980 3615 ⁸⁷
2008 3582 2032 3637 ?

1926 3675 2090 3731 Vsus.
2125 3675 2179 3729 I.
2205 3674 2430 3729 Cantate
2458 3672 2686 3727 Domino
2712 3674 2974 3727 canticum
3004 3689 3218 3740 novum,
3258 3682 3365 3729 etc.

1927 3766 2077 3821 Novo
2112 3766 2327 3820 cantico
2352 3764 2404 3817 in
2423 3772 2736 3818 sanctorum
2773 3762 3014 3819 Ecclesia
3043 3774 3263 3821 cantato
3285 3780 3441 3821 nem-

1855 3873 1922 3928 pe
1940 3856 2072 3911 Novi
2102 3856 2349 3910 Ftederis
2380 3854 2687 3909 Servatoris
2718 3854 2957 3909 nostri...
2979 3856 3172 3922 veteri,
3203 3870 3323 3925 qua:
3344 3857 3443 3911 da-

1856 3961 1908 4004 ta
1940 3948 2044 4003 fuit
2076 3963 2174 4017 per
2214 3947 2455 4018 Moysem
2485 3986 2499 4011 ,
2534 3946 2640 4017 legi
2676 3946 2961 4003 adhaerens
2994 3946 3183 4004 Israel.
3229 3947 3437 4003 Novum

1856 4042 1958 4095 hoc
1991 4039 2337 4110 exemplar...
2371 4038 2625 4094 exsultet.
2661 4038 2837 4109 Ipsum
2866 4040 3012 4093 enim
3043 4050 3164 4094 erat
3196 4038 3288 4095 Dei
3319 4040 3441 4096 Ver-

1855 4133 2004 4199 bum,
2038 4133 2179 4202 quod
2215 4131 2382 4202 Moysi
2417 4131 2639 4186 oracula
2665 4131 2887 4197 edebat,
2915 4139 2970 4186 et
2997 4130 3248 4187 Israelent
3275 4131 3440 4204 Egy-

1856 4236 1947 4295 pto
1971 4225 2178 4291 eduxit,
2206 4224 2419 4294 sibique
2447 4238 2513 4279 ex
2548 4237 2614 4277 eo
2644 4221 2897 4291 populum
2928 4222 3260 4293 peculiarem
3299 4222 3435 4279 επε-

204 4319 314 4392 Tum
338 4307 467 4380 ('51),
496 4312 733 4380 ποιήσας
768 4328 827 4363 τε
861 4313 1025 4366 αὐτὸν
1072 4316 1267 4369 ἑαυτοῦ
1309 4316 1455 4372 λαόν.
1495 4297 1619 4383 Τοῖς
1652 4297 1751 4392 μὲν

1862 4318 1948 4371 cit.
1996 4316 2151 4371 Filiis
2179 4331 2310 4386 ergo
2340 4316 2586 4386 apprime
2630 4314 2814 4369 Sionis
2849 4315 3069 4367 mandat
3113 4312 3349 4383 gaudere
3381 4323 3436 4367 et

202 4387 277 4445 οὖν
300 4398 424 4460 υίοίς
455 4398 594 4452 Σιὼν
634 4400 845 4472 χαίρειν
876 4404 972 4456 καὶ
998 4404 1258 4477 ἀγαλλιᾷν
1298 4408 1538 4480 πρώτοις
1567 4387 1752 4485 παρα-

204 4484 451 4543 κελεύεται
481 4493 576 4545 ἐπὶ
607 4491 688 4563 τῷ
723 4493 932 4563 βασιλεῖ
969 4496 1180 4549 αὐτῶν·
1217 4500 1380 4564 αὐτὸς
1412 4500 1469 4555 δὲ
1513 4498 1582 4575 ἦν
1617 4484 1753 4570 ..τὸς

205 4575 342 4664 τιάλιν
365 4580 393 4632 ό
423 4583 515 4637 τοῦ
550 4584 689 4638 Θεοῦ
717 4585 907 4655 Λόγος,
943 4587 1111 4641 πάλαι
1156 4590 1255 4660 μὲν
1290 4592 1469 4647 αὐτῶν
1500 4594 1755 4664 βασιλεὺς

204 4663 283 4759 (bu,
326 4669 538 4745 ὕστερον
581 4674 639 4728 δὲ
673 4676 1033 4747 παραιτηθεὶς
1066 4677 1181 4750 [ὑπ’
1227 4680 1454 4752 αύῙτῶνο
1491 4663 1570 4738 διὸ
1618 4686 1753 4759 πρὸς

205 4756 282 4809 τδν
324 4764 597 4835 προφήτην
632 4765 886 4837 Σαμουὴλ
921 4783 1088 4837 φησιν
1141 4786 1155 4799 ⁸
1185 4773 1267 4824 οὐ
1314 4771 1389 4825 σὲ
1427 4756 1751 4844 ἐξουθεκή-

207 4863 378 4915 morr,
440 4855 578 4909 ἀλλ’
629 4856 778 4925 ἐμὲ..
835 4858 921 4928 μὴ
966 4860 1330 4924 βασιλεύειν
1377 4865 1472 4918 ἐπ’
1526 4852 1747 4924 άύτῶν.

208 4936 336 4993 Ἐπεὶ
359 4943 411 4997 δὲ
454 4946 526 5017 μὴ
572 4947 882 5018 ὑπήκουσαν
914 4954 980 5021 τῇ
1025 4951 1236 5023 κλήσει,
1272 4956 1498 5022 εἰκότως
1524 4960 1624 5031 τῆς
1652 4960 1752 5029 χά-

212 5046 333 5099 ριτος
380 5038 476 5108 τῆς
534 5041 871 5113 εὐφροσύνης
924 5044 1157 5109 ἑαυτοὺς
1200 5047 1522 5120 ἐστέρησαν·
1570 5052 1641 5106 τά
1684 5069 1750 5121 γε

213 5122 301 5194 μὴν
329 5125 445 5199 ἔθνη
470 5130 562 5184 τὸν
586 5132 817 5196 ἐκείνοις
854 5134 1092 5206 πρώτοις
1123 5140 1567 5211 κατηγγελμένον
1595 5142 1749 5214 βασι-

537 5275 803 5350 μιῇ-2.
902 5276 950 5309 ⁸³
978 5276 1125 5350 Psal.
1168 5293 1347 5350 cxnvr,
1398 5287 1445 5340 I.

210 5331 245 5365 θ’
268 5337 382 5394 ibid.
412 5342 496 5396 i7.
594 5346 639 5377 ηε
663 5331 836 5417 t'aeg.
867 5362 990 5414 vm,
1017 5348 1070 5401 7.

272 5473 369 5553 (2?)
396 5477 565 5553 Magni
592 5484 746 5553 pretii
768 5494 851 5540 est
876 5486 991 5541 haec
1018 5485 1235 5542 Eusebii
1267 5483 1510 5541 doctrina
1540 5488 1610 5543 ob
1638 5488 1744 5541 sol-

216 5545 387 5628 tendas
415 5545 505 5604 de'
516 5545 860 5628 ethnicorum
879 5558 1071 5628 salute
1100 5557 1184 5611 vel
1216 5556 1567 5611 damnatione
1618 5574 1741 5628 pro-

221 5622 447 5702 positas'a
481 5622 811 5702 philosophis
838 5625 1199 5702 d_iﬂ_icultates.

280 5682 376 5755 (50)
404 5682 568 5759 Hujus
600 5682 881 5765 fragmenti
919 5698 1121 5754 lacuna:
1151 5699 1203 5754 in
1235 5697 1536 5768 antiquiore
1565 5698 1746 5756 lacero

1552 5288 1598 5320 ⁸⁸
1632 5288 1779 5343 Psal.
1841 5304 2041 5352 cum,
2113 5290 2200 5344 12.

1848 4409 2119 4462 exsultare
2148 4407 2218 4461 ob
2252 4420 2431 4477 regem
2466 4407 2727 4475 ipsorum.
2759 4405 2870 4459 Hoc
2896 4414 3077 4459 autem
3106 4415 3227 4460 erat
3258 4407 3433 4474 ipsqu

1850 4499 1942 4555 Dei
1969 4500 2246 4563 Verbum,
2273 4500 2402 4553 olim
2433 4498 2651 4567 quidem
2678 4513 2771 4553 rex
2805 4498 3039 4561 illorum,
3070 4512 3231 4567 quem
3264 4497 3317 4551 hi
3348 4508 3433 4551 ta-

1849 4606 1973 4645 men
2021 4591 2214 4645 deinde
2266 4598 2652 4644 recusarunt...
2692 4588 2835 4642 unde
2879 4587 3157 4656 propheta!
3195 4585 3432 4640 Samueli

1849 4683 2029 4737 aiebat
2064 4700 2077 4737 :
2112 4680 2236 4736 Non
2269 4693 2319 4735 te
2354 4690 2817 4746 contempserunt,
2862 4680 2952 4732 sed
2987 4694 3068 4731 me
3090 4716 3107 4743 ,
3151 4679 3433 4747 quominus

1853 4791 2009 4844 super
2033 4791 2121 4829 eos
2143 4790 2348 4845 regnem
2372 4773 2441 4827 ⁸⁸.
2468 4774 2535 4827 Ει
2574 4774 2701 4842 quia
2731 4771 3006 4827 vocationi
3039 4784 3147 4824 non
3178 4769 3433 4824 obedive-

1854 4876 2023 4933 runt,
2067 4868 2263 4923 merito
2296 4866 2571 4937 semetipsi
2612 4866 2783 4937 gratia
2822 4864 3025 4918 laetitiae
3074 4864 3429 4918 orbaveruut.

1851 4958 1923 5013 Et
1967 4959 2319 5029 praedicatum
2367 4960 2588 5029 quidem
2650 4958 2896 5028 apprime
2945 4954 3149 5011 Iudaeis
3203 4968 3430 5024 regem,

1852 5060 2043 5120 gentes
2068 5066 2192 5107 eum
2222 5061 2582 5122 agnoscentes
2607 5050 2984 5113 admiserunt,
3030 5048 3261 5117 ideoque
3293 5046 3432 5101 laeti-

1849 5144 1945 5211 tia,
1974 5157 2093 5214 quae
2109 5145 2403 5200 secundum
2423 5142 2589 5199 Deum
2606 5150 2711 5206 est,
2735 5149 2793 5196 et
2812 5138 3255 5209 exsultatiolipsis
3285 5139 3431 5194 acci-

2312 5291 2357 5321 ⁸⁵
2390 5289 2546 5344 Rom.
2604 5304 2658 5355 x,
2688 5286 2743 5342 7.
2856 5260 2902 5315 δέ
2929 5284 3031 5339 Job
3074 5299 3308 5351 xxxviii,
3338 5283 3429 5339 I6.

1849 5492 2147 5562 exemplari
2175 5502 2483 5561 supersunt.

1852 5561 2051 5689 mysi):
2070 5563 2264 5687 Rvecole
2292 5565 2432 5620 dicta
2459 5581 2489 5620 a
2514 5565 2670 5622 nobis
2699 5564 2751 5620 in
2777 5575 2887 5622 not.
2922 5566 2990 5622 ad
3019 5582 3154 5625 vers.
3192 5567 3255 5621 lt)
3278 5562 3428 5636 psal-

2059 5650 2089 5688 x
2131 5670 2147 5687 .

2059 5650 2147 5688 XV.
