  <div class='ocr_page' id='page_1' title='image "/cluster/home/n/w/nwhite01/storage/ocr_20150623/24/nnc1.0046978259/045.png"; bbox 0 0 3850 6210; ppageno 0'>
   <div class='ocr_carea' id='block_1_1' title="bbox 388 251 3677 326">
    <p class='ocr_par' dir='ltr' id='par_1_1' title="bbox 388 251 3677 326">
     <span class='ocr_line' id='line_1_1' title="bbox 388 251 3677 326; baseline -0.001 -5"><span class='ocrx_word' id='word_1_1' title='bbox 388 261 456 321; x_wconf 81' lang='lat' dir='ltr'><strong>7t</strong></span> <span class='ocrx_word' id='word_1_2' title='bbox 902 251 913 269; x_wconf 88' lang='lat'><strong><em>‘</em></strong></span> <span class='ocrx_word' id='word_1_3' title='bbox 1102 262 1367 320; x_wconf 69' lang='lat' dir='ltr'><strong>susse&quot;</strong></span> <span class='ocrx_word' id='word_1_4' title='bbox 1407 262 1878 320; x_wconf 57' lang='lat' dir='ltr'><strong>cmssmsusrs</strong></span> <span class='ocrx_word' id='word_1_5' title='bbox 1914 260 2065 319; x_wconf 61' lang='lat' dir='ltr'><strong>ore.</strong></span> <span class='ocrx_word' id='word_1_6' title='bbox 2107 262 2285 319; x_wconf 67' lang='lat' dir='ltr'><strong>psus</strong></span> <span class='ocrx_word' id='word_1_7' title='bbox 2322 262 2934 320; x_wconf 76' lang='lat' dir='ltr'><strong>lll.—EXEGETICA.</strong></span> <span class='ocrx_word' id='word_1_8' title='bbox 3602 273 3677 326; x_wconf 65' lang='grc' dir='ltr'>η</span> 
     </span>
    </p>
   </div>
   <div class='ocr_carea' id='block_1_2' title="bbox 391 378 1981 453">
    <p class='ocr_par' dir='ltr' id='par_1_2' title="bbox 391 381 1981 452">
     <span class='ocr_line' id='line_1_2' title="bbox 391 381 1981 452; baseline -0.003 -12"><span class='ocrx_word' id='word_1_9' title='bbox 391 384 492 440; x_wconf 88' lang='lat' dir='ltr'><strong>dit.</strong></span> <span class='ocrx_word' id='word_1_10' title='bbox 522 382 658 438; x_wconf 80' lang='lat' dir='ltr'><strong>Hinc</strong></span> <span class='ocrx_word' id='word_1_11' title='bbox 692 390 807 438; x_wconf 92' lang='lat' dir='ltr'><strong>toto</strong></span> <span class='ocrx_word' id='word_1_12' title='bbox 833 381 968 437; x_wconf 89' lang='lat' dir='ltr'><strong>orbe</strong></span> <span class='ocrx_word' id='word_1_13' title='bbox 997 390 1187 452; x_wconf 85' lang='lat' dir='ltr'><strong>gentes</strong></span> <span class='ocrx_word' id='word_1_14' title='bbox 1232 382 1287 436; x_wconf 94' lang='lat' dir='ltr'><strong>in</strong></span> <span class='ocrx_word' id='word_1_15' title='bbox 1327 382 1444 437; x_wconf 84' lang='lat' dir='ltr'><strong>suis</strong></span> <span class='ocrx_word' id='word_1_16' title='bbox 1487 382 1738 437; x_wconf 78' lang='lat' dir='ltr'><strong>ecclesiis</strong></span> <span class='ocrx_word' id='word_1_17' title='bbox 1765 381 1981 436; x_wconf 89' lang='lat' dir='ltr'><strong>laudant</strong></span> 
     </span>
    </p>
   </div>
   <div class='ocr_carea' id='block_1_3' title="bbox 2091 378 3677 453">
    <p class='ocr_par' dir='ltr' id='par_1_3' title="bbox 2091 378 3677 453">
     <span class='ocr_line' id='line_1_3' title="bbox 2091 378 3677 453; baseline 0.004 -20"><span class='ocrx_word' id='word_1_18' title='bbox 2091 381 2185 434; x_wconf 88' lang='grc' dir='ltr'><strong>λέα</strong></span> <span class='ocrx_word' id='word_1_19' title='bbox 2228 381 2523 450; x_wconf 73' lang='grc' dir='ltr'><strong>ἐπιγνόντα</strong></span> <span class='ocrx_word' id='word_1_20' title='bbox 2549 378 2930 444; x_wconf 79' lang='grc' dir='ltr'><strong>κατεδέξαντο·</strong></span> <span class='ocrx_word' id='word_1_21' title='bbox 2958 379 3147 452; x_wconf 86' lang='grc' dir='ltr'><strong>διόπερ</strong></span> <span class='ocrx_word' id='word_1_22' title='bbox 3176 381 3211 453; x_wconf 77' lang='grc' dir='ltr'><strong>η</strong></span> <span class='ocrx_word' id='word_1_23' title='bbox 3242 380 3384 436; x_wconf 83' lang='grc' dir='ltr'>κατὰ</span> <span class='ocrx_word' id='word_1_24' title='bbox 3417 382 3551 437; x_wconf 81' lang='grc' dir='ltr'>Θεὸν</span> <span class='ocrx_word' id='word_1_25' title='bbox 3581 387 3677 439; x_wconf 82' lang='grc' dir='ltr'><strong>εὐ-</strong></span> 
     </span>
    </p>
   </div>
   <div class='ocr_carea' id='block_1_4' title="bbox 392 471 1975 543">
    <p class='ocr_par' dir='ltr' id='par_1_4' title="bbox 392 471 1975 543">
     <span class='ocr_line' id='line_1_4' title="bbox 392 471 1975 543; baseline -0.001 -14"><span class='ocrx_word' id='word_1_26' title='bbox 392 487 589 529; x_wconf 90' lang='lat' dir='ltr'><strong>nomen</strong></span> <span class='ocrx_word' id='word_1_27' title='bbox 617 472 736 541; x_wconf 81' lang='lat' dir='ltr'><strong>eius</strong></span> <span class='ocrx_word' id='word_1_28' title='bbox 766 488 866 527; x_wconf 89' lang='lat' dir='ltr'><strong>ceu</strong></span> <span class='ocrx_word' id='word_1_29' title='bbox 898 472 1102 543; x_wconf 86' lang='lat' dir='ltr'><strong>preprii</strong></span> <span class='ocrx_word' id='word_1_30' title='bbox 1132 473 1298 542; x_wconf 83' lang='lat' dir='ltr'><strong>regis,</strong></span> <span class='ocrx_word' id='word_1_31' title='bbox 1332 473 1426 529; x_wconf 89' lang='lat' dir='ltr'><strong>Dei</strong></span> <span class='ocrx_word' id='word_1_32' title='bbox 1455 474 1666 529; x_wconf 77' lang='lat' dir='ltr'><strong>scilicet</strong></span> <span class='ocrx_word' id='word_1_33' title='bbox 1699 471 1861 529; x_wconf 86' lang='lat' dir='ltr'><strong>Verbi</strong></span> <span class='ocrx_word' id='word_1_34' title='bbox 1884 472 1975 527; x_wconf 84' lang='lat' dir='ltr'><strong>Je-</strong></span> 
     </span>
    </p>
   </div>
   <div class='ocr_carea' id='block_1_5' title="bbox 392 564 1974 635">
    <p class='ocr_par' dir='ltr' id='par_1_5' title="bbox 392 564 1974 635">
     <span class='ocr_line' id='line_1_5' title="bbox 392 564 1974 635; baseline -0.002 -15"><span class='ocrx_word' id='word_1_35' title='bbox 392 580 456 620; x_wconf 65' lang='grc' dir='ltr'>βυ</span> <span class='ocrx_word' id='word_1_36' title='bbox 483 564 686 620; x_wconf 87' lang='lat' dir='ltr'><strong>Christi</strong></span> <span class='ocrx_word' id='word_1_37' title='bbox 719 580 913 619; x_wconf 87' lang='lat' dir='ltr'><strong>nomen</strong></span> <span class='ocrx_word' id='word_1_38' title='bbox 948 564 1106 633; x_wconf 87' lang='lat' dir='ltr'><strong>pleno</strong></span> <span class='ocrx_word' id='word_1_39' title='bbox 1133 564 1302 618; x_wconf 88' lang='lat' dir='ltr'><strong>choro</strong></span> <span class='ocrx_word' id='word_1_40' title='bbox 1332 580 1454 618; x_wconf 86' lang='lat' dir='ltr'><strong>cum</strong></span> <span class='ocrx_word' id='word_1_41' title='bbox 1500 565 1738 634; x_wconf 89' lang='lat' dir='ltr'><strong>tripudio</strong></span> <span class='ocrx_word' id='word_1_42' title='bbox 1763 564 1974 635; x_wconf 80' lang='lat' dir='ltr'><strong>gloriﬁ-</strong></span> 
     </span>
    </p>
   </div>
   <div class='ocr_carea' id='block_1_6' title="bbox 393 653 1979 725">
    <p class='ocr_par' dir='ltr' id='par_1_6' title="bbox 393 653 1979 725">
     <span class='ocr_line' id='line_1_6' title="bbox 393 653 1979 725; baseline 0.001 -17"><span class='ocrx_word' id='word_1_43' title='bbox 393 663 603 708; x_wconf 80' lang='lat' dir='ltr'><strong>cantes.</strong></span> <span class='ocrx_word' id='word_1_44' title='bbox 639 653 744 708; x_wconf 85' lang='lat' dir='ltr'><strong>Sed</strong></span> <span class='ocrx_word' id='word_1_45' title='bbox 779 662 832 708; x_wconf 90' lang='lat' dir='ltr'><strong>et</strong></span> <span class='ocrx_word' id='word_1_46' title='bbox 860 655 952 722; x_wconf 85' lang='lat' dir='ltr'><strong>qui</strong></span> <span class='ocrx_word' id='word_1_47' title='bbox 1002 654 1261 709; x_wconf 89' lang='lat' dir='ltr'><strong>solitatim</strong></span> <span class='ocrx_word' id='word_1_48' title='bbox 1290 655 1469 725; x_wconf 89' lang='lat' dir='ltr'><strong>degit,</strong></span> <span class='ocrx_word' id='word_1_49' title='bbox 1504 655 1661 709; x_wconf 86' lang='lat' dir='ltr'><strong>bouis</strong></span> <span class='ocrx_word' id='word_1_50' title='bbox 1699 659 1815 711; x_wconf 87' lang='lat' dir='ltr'><strong>suis</strong></span> <span class='ocrx_word' id='word_1_51' title='bbox 1843 655 1979 709; x_wconf 89' lang='lat' dir='ltr'><strong>acti-</strong></span> 
     </span>
    </p>
   </div>
   <div class='ocr_carea' id='block_1_7' title="bbox 394 745 1978 818">
    <p class='ocr_par' dir='ltr' id='par_1_7' title="bbox 394 745 1978 818">
     <span class='ocr_line' id='line_1_7' title="bbox 394 745 1978 818; baseline 0.002 -18"><span class='ocrx_word' id='word_1_52' title='bbox 394 745 498 801; x_wconf 86' lang='lat' dir='ltr'><strong>bus</strong></span> <span class='ocrx_word' id='word_1_53' title='bbox 522 756 574 800; x_wconf 90' lang='lat' dir='ltr'><strong>et</strong></span> <span class='ocrx_word' id='word_1_54' title='bbox 602 746 847 815; x_wconf 88' lang='lat' dir='ltr'><strong>corporis</strong></span> <span class='ocrx_word' id='word_1_55' title='bbox 894 747 1373 805; x_wconf 71' lang='lat' dir='ltr'><strong>exercitationibus</strong></span> <span class='ocrx_word' id='word_1_56' title='bbox 1407 749 1665 818; x_wconf 83' lang='lat' dir='ltr'><strong>hymnum</strong></span> <span class='ocrx_word' id='word_1_57' title='bbox 1710 749 1978 818; x_wconf 88' lang='lat' dir='ltr'><strong>quodam-</strong></span> 
     </span>
    </p>
   </div>
   <div class='ocr_carea' id='block_1_8' title="bbox 397 837 1980 896">
    <p class='ocr_par' dir='ltr' id='par_1_8' title="bbox 397 837 1980 896">
     <span class='ocr_line' id='line_1_8' title="bbox 397 837 1980 896; baseline 0.003 -5"><span class='ocrx_word' id='word_1_58' title='bbox 397 840 560 893; x_wconf 91' lang='lat' dir='ltr'><strong>modo</strong></span> <span class='ocrx_word' id='word_1_59' title='bbox 588 848 643 892; x_wconf 89' lang='lat' dir='ltr'><strong>et</strong></span> <span class='ocrx_word' id='word_1_60' title='bbox 696 839 1062 893; x_wconf 90' lang='lat' dir='ltr'><strong>laudationem</strong></span> <span class='ocrx_word' id='word_1_61' title='bbox 1098 837 1208 893; x_wconf 89' lang='lat' dir='ltr'><strong>Deo</strong></span> <span class='ocrx_word' id='word_1_62' title='bbox 1245 839 1484 893; x_wconf 67' lang='lat' dir='ltr'><strong>coniicit.</strong></span> <span class='ocrx_word' id='word_1_63' title='bbox 1532 838 1587 893; x_wconf 86' lang='lat' dir='ltr'><strong>Id</strong></span> <span class='ocrx_word' id='word_1_64' title='bbox 1640 840 1980 896; x_wconf 84' lang='lat' dir='ltr'><strong>credibiliter</strong></span> 
     </span>
    </p>
   </div>
   <div class='ocr_carea' id='block_1_9' title="bbox 395 929 1981 1002">
    <p class='ocr_par' dir='ltr' id='par_1_9' title="bbox 395 929 1981 1002">
     <span class='ocr_line' id='line_1_9' title="bbox 395 929 1981 1002; baseline 0.004 -21"><span class='ocrx_word' id='word_1_65' title='bbox 395 929 695 998; x_wconf 68' lang='lat' dir='ltr'><strong>praedicens</strong></span> <span class='ocrx_word' id='word_1_66' title='bbox 744 929 1030 984; x_wconf 85' lang='lat' dir='ltr'><strong>Psalmista</strong></span> <span class='ocrx_word' id='word_1_67' title='bbox 1075 931 1248 1000; x_wconf 81' lang='lat' dir='ltr'><strong>pergit</strong></span> <span class='ocrx_word' id='word_1_68' title='bbox 1284 930 1477 997; x_wconf 87' lang='lat' dir='ltr'><strong>jubere</strong></span> <span class='ocrx_word' id='word_1_69' title='bbox 1525 940 1582 984; x_wconf 92' lang='lat' dir='ltr'><strong>ut</strong></span> <span class='ocrx_word' id='word_1_70' title='bbox 1617 940 1876 1002; x_wconf 88' lang='lat' dir='ltr'><strong>tympano</strong></span> <span class='ocrx_word' id='word_1_71' title='bbox 1924 941 1981 987; x_wconf 91' lang='lat' dir='ltr'><strong>et</strong></span> 
     </span>
    </p>
   </div>
   <div class='ocr_carea' id='block_1_10' title="bbox 394 1021 1981 1092">
    <p class='ocr_par' dir='ltr' id='par_1_10' title="bbox 394 1021 1981 1092">
     <span class='ocr_line' id='line_1_10' title="bbox 394 1021 1981 1092; baseline 0.001 -17"><span class='ocrx_word' id='word_1_72' title='bbox 394 1021 656 1091; x_wconf 83' lang='lat' dir='ltr'><strong>psalterio</strong></span> <span class='ocrx_word' id='word_1_73' title='bbox 674 1021 909 1092; x_wconf 89' lang='lat' dir='ltr'><strong>psallant</strong></span> <span class='ocrx_word' id='word_1_74' title='bbox 932 1023 980 1076; x_wconf 91' lang='lat' dir='ltr'><strong>ei</strong></span> <span class='ocrx_word' id='word_1_75' title='bbox 1007 1039 1021 1075; x_wconf 90' lang='lat'>:</span> <span class='ocrx_word' id='word_1_76' title='bbox 1039 1021 1276 1092; x_wconf 85' lang='lat' dir='ltr'><strong>tympani</strong></span> <span class='ocrx_word' id='word_1_77' title='bbox 1299 1022 1560 1076; x_wconf 83' lang='lat' dir='ltr'><strong>vocabulo</strong></span> <span class='ocrx_word' id='word_1_78' title='bbox 1576 1022 1837 1077; x_wconf 89' lang='lat' dir='ltr'><strong>deuotans</strong></span> <span class='ocrx_word' id='word_1_79' title='bbox 1858 1038 1981 1078; x_wconf 88' lang='lat' dir='ltr'><strong>cor-</strong></span> 
     </span>
    </p>
   </div>
   <div class='ocr_carea' id='block_1_11' title="bbox 394 1114 1982 1184">
    <p class='ocr_par' dir='ltr' id='par_1_11' title="bbox 394 1114 1982 1184">
     <span class='ocr_line' id='line_1_11' title="bbox 394 1114 1982 1184; baseline 0.002 -18"><span class='ocrx_word' id='word_1_80' title='bbox 394 1129 532 1184; x_wconf 85' lang='lat' dir='ltr'><strong>pus,</strong></span> <span class='ocrx_word' id='word_1_81' title='bbox 574 1114 834 1184; x_wconf 82' lang='lat' dir='ltr'><strong>psalterio</strong></span> <span class='ocrx_word' id='word_1_82' title='bbox 867 1115 1193 1184; x_wconf 83' lang='lat' dir='ltr'><strong>spiritum...</strong></span> <span class='ocrx_word' id='word_1_83' title='bbox 1224 1115 1601 1183; x_wconf 79' lang='lat' dir='ltr'><strong>mortiﬁcantes</strong></span> <span class='ocrx_word' id='word_1_84' title='bbox 1629 1116 1861 1170; x_wconf 86' lang='lat' dir='ltr'><strong>membra</strong></span> <span class='ocrx_word' id='word_1_85' title='bbox 1891 1133 1982 1169; x_wconf 83' lang='lat' dir='ltr'><strong>su-</strong></span> 
     </span>
    </p>
   </div>
   <div class='ocr_carea' id='block_1_12' title="bbox 394 1206 1981 1275">
    <p class='ocr_par' dir='ltr' id='par_1_12' title="bbox 394 1206 1981 1275">
     <span class='ocr_line' id='line_1_12' title="bbox 394 1206 1981 1275; baseline 0.003 -17"><span class='ocrx_word' id='word_1_86' title='bbox 394 1221 488 1274; x_wconf 85' lang='lat' dir='ltr'><strong>per</strong></span> <span class='ocrx_word' id='word_1_87' title='bbox 550 1215 748 1259; x_wconf 88' lang='lat' dir='ltr'><strong>terram</strong></span> <span class='ocrx_word' id='word_1_88' title='bbox 774 1206 842 1270; x_wconf 68' lang='lat'><strong>&#39;9,</strong></span> <span class='ocrx_word' id='word_1_89' title='bbox 901 1216 948 1258; x_wconf 86' lang='lat' dir='ltr'><strong>et</strong></span> <span class='ocrx_word' id='word_1_90' title='bbox 1000 1207 1128 1260; x_wconf 83' lang='lat' dir='ltr'><strong>Jesu</strong></span> <span class='ocrx_word' id='word_1_91' title='bbox 1180 1207 1637 1275; x_wconf 79' lang='lat' dir='ltr'><strong>mortiﬁcationem</strong></span> <span class='ocrx_word' id='word_1_92' title='bbox 1661 1209 1715 1262; x_wconf 87' lang='lat' dir='ltr'><strong>in</strong></span> <span class='ocrx_word' id='word_1_93' title='bbox 1766 1225 1981 1275; x_wconf 82' lang='lat' dir='ltr'><strong>corpore</strong></span> 
     </span>
    </p>
   </div>
   <div class='ocr_carea' id='block_1_13' title="bbox 396 1286 1976 1370">
    <p class='ocr_par' dir='ltr' id='par_1_13' title="bbox 396 1286 1976 1370">
     <span class='ocr_line' id='line_1_13' title="bbox 396 1286 1976 1370; baseline 0.004 -22"><span class='ocrx_word' id='word_1_94' title='bbox 396 1286 827 1363; x_wconf 78' lang='lat' dir='ltr'><strong>circumferentes</strong></span> <span class='ocrx_word' id='word_1_95' title='bbox 872 1298 939 1352; x_wconf 77' lang='lat'><strong>’°.</strong></span> <span class='ocrx_word' id='word_1_96' title='bbox 998 1299 1097 1365; x_wconf 84' lang='lat' dir='ltr'><strong>Qui</strong></span> <span class='ocrx_word' id='word_1_97' title='bbox 1142 1298 1417 1353; x_wconf 73' lang='lat' dir='ltr'><strong>exsultant</strong></span> <span class='ocrx_word' id='word_1_98' title='bbox 1470 1298 1540 1353; x_wconf 90' lang='lat' dir='ltr'><strong>ob</strong></span> <span class='ocrx_word' id='word_1_99' title='bbox 1589 1313 1773 1370; x_wconf 89' lang='lat' dir='ltr'><strong>regem</strong></span> <span class='ocrx_word' id='word_1_100' title='bbox 1821 1316 1976 1354; x_wconf 87' lang='lat' dir='ltr'><strong>suum</strong></span> 
     </span>
    </p>
   </div>
   <div class='ocr_carea' id='block_1_14' title="bbox 397 1388 1980 1463">
    <p class='ocr_par' dir='ltr' id='par_1_14' title="bbox 397 1388 1980 1463">
     <span class='ocr_line' id='line_1_14' title="bbox 397 1388 1980 1463; baseline 0.005 -24"><span class='ocrx_word' id='word_1_101' title='bbox 397 1402 502 1441; x_wconf 91' lang='lat' dir='ltr'><strong>una</strong></span> <span class='ocrx_word' id='word_1_102' title='bbox 535 1404 657 1443; x_wconf 90' lang='lat' dir='ltr'><strong>cum</strong></span> <span class='ocrx_word' id='word_1_103' title='bbox 685 1388 1065 1445; x_wconf 79' lang='lat' dir='ltr'><strong>exsultante...</strong></span> <span class='ocrx_word' id='word_1_104' title='bbox 1096 1390 1184 1459; x_wconf 90' lang='lat' dir='ltr'><strong>qui</strong></span> <span class='ocrx_word' id='word_1_105' title='bbox 1234 1389 1361 1443; x_wconf 82' lang='lat' dir='ltr'><strong>fecit</strong></span> <span class='ocrx_word' id='word_1_106' title='bbox 1403 1405 1597 1446; x_wconf 90' lang='lat' dir='ltr'><strong>eum...</strong></span> <span class='ocrx_word' id='word_1_107' title='bbox 1640 1402 1897 1463; x_wconf 85' lang='lat' dir='ltr'><strong>tympano</strong></span> <span class='ocrx_word' id='word_1_108' title='bbox 1926 1403 1980 1447; x_wconf 89' lang='lat' dir='ltr'><strong>et</strong></span> 
     </span>
    </p>
   </div>
   <div class='ocr_carea' id='block_1_15' title="bbox 395 1480 941 1549">
    <p class='ocr_par' dir='ltr' id='par_1_15' title="bbox 395 1480 941 1549">
     <span class='ocr_line' id='line_1_15' title="bbox 395 1480 941 1549; baseline 0.002 -16"><span class='ocrx_word' id='word_1_109' title='bbox 395 1481 658 1548; x_wconf 88' lang='lat' dir='ltr'><strong>psalterio</strong></span> <span class='ocrx_word' id='word_1_110' title='bbox 686 1480 941 1549; x_wconf 87' lang='lat' dir='ltr'><strong>psallunt.</strong></span> 
     </span>
    </p>
   </div>
   <div class='ocr_carea' id='block_1_16' title="bbox 2084 470 3677 545">
    <p class='ocr_par' dir='ltr' id='par_1_16' title="bbox 2084 470 3677 545">
     <span class='ocr_line' id='line_1_16' title="bbox 2084 470 3677 545; baseline 0.005 -21"><span class='ocrx_word' id='word_1_111' title='bbox 2084 473 2325 545; x_wconf 86' lang='grc' dir='ltr'>φροσύνη</span> <span class='ocrx_word' id='word_1_112' title='bbox 2357 473 2451 526; x_wconf 75' lang='grc' dir='ltr'><strong>καὶ</strong></span> <span class='ocrx_word' id='word_1_113' title='bbox 2495 470 2814 541; x_wconf 80' lang='grc' dir='ltr'><strong>ἀγαλλίασις</strong></span> <span class='ocrx_word' id='word_1_114' title='bbox 2848 471 3109 543; x_wconf 82' lang='grc' dir='ltr'><strong>μετῆλθεν</strong></span> <span class='ocrx_word' id='word_1_115' title='bbox 3132 475 3219 525; x_wconf 84' lang='grc' dir='ltr'>ἐπ’</span> <span class='ocrx_word' id='word_1_116' title='bbox 3250 476 3420 529; x_wconf 87' lang='grc' dir='ltr'>αὑτά·</span> <span class='ocrx_word' id='word_1_117' title='bbox 3455 476 3577 531; x_wconf 88' lang='grc' dir='ltr'>ὅθεν</span> <span class='ocrx_word' id='word_1_118' title='bbox 3603 479 3677 531; x_wconf 77' lang='grc' dir='ltr'><strong>τὰ</strong></span> 
     </span>
    </p>
   </div>
   <div class='ocr_carea' id='block_1_17' title="bbox 2087 563 3677 636">
    <p class='ocr_par' dir='ltr' id='par_1_17' title="bbox 2087 563 3677 636">
     <span class='ocr_line' id='line_1_17' title="bbox 2087 563 3677 636; baseline 0.003 -18"><span class='ocrx_word' id='word_1_119' title='bbox 2087 567 2187 635; x_wconf 78' lang='grc' dir='ltr'><strong>μὲν</strong></span> <span class='ocrx_word' id='word_1_120' title='bbox 2214 564 2335 618; x_wconf 90' lang='grc' dir='ltr'>καθ’</span> <span class='ocrx_word' id='word_1_121' title='bbox 2363 564 2489 634; x_wconf 84' lang='grc' dir='ltr'>ὅλης</span> <span class='ocrx_word' id='word_1_122' title='bbox 2514 564 2615 635; x_wconf 86' lang='grc' dir='ltr'>τῆς</span> <span class='ocrx_word' id='word_1_123' title='bbox 2645 563 2972 635; x_wconf 75' lang='grc' dir='ltr'>οἰκουμένης</span> <span class='ocrx_word' id='word_1_124' title='bbox 2997 563 3126 636; x_wconf 78' lang='grc' dir='ltr'>ἔθνη</span> <span class='ocrx_word' id='word_1_125' title='bbox 3154 568 3272 629; x_wconf 85' lang='grc' dir='ltr'>ταῖς</span> <span class='ocrx_word' id='word_1_126' title='bbox 3299 567 3508 625; x_wconf 80' lang='grc' dir='ltr'><strong>ἑαυτῶν</strong></span> <span class='ocrx_word' id='word_1_127' title='bbox 3550 569 3677 623; x_wconf 86' lang='grc' dir='ltr'><strong>Ἐκ-</strong></span> 
     </span>
    </p>
   </div>
   <div class='ocr_carea' id='block_1_18' title="bbox 2085 651 3678 725">
    <p class='ocr_par' dir='ltr' id='par_1_18' title="bbox 2085 651 3678 725">
     <span class='ocr_line' id='line_1_18' title="bbox 2085 651 3678 725; baseline 0.004 -20"><span class='ocrx_word' id='word_1_128' title='bbox 2085 653 2338 724; x_wconf 91' lang='grc' dir='ltr'>κλησίαις</span> <span class='ocrx_word' id='word_1_129' title='bbox 2397 652 2604 706; x_wconf 83' lang='grc' dir='ltr'>αἰνοῦσι</span> <span class='ocrx_word' id='word_1_130' title='bbox 2635 651 2695 706; x_wconf 85' lang='grc' dir='ltr'><strong>τὸ</strong></span> <span class='ocrx_word' id='word_1_131' title='bbox 2721 651 2889 724; x_wconf 80' lang='grc' dir='ltr'>ὅνομα</span> <span class='ocrx_word' id='word_1_132' title='bbox 2928 653 3094 708; x_wconf 80' lang='grc' dir='ltr'>αὑτοῦ</span> <span class='ocrx_word' id='word_1_133' title='bbox 3121 655 3215 708; x_wconf 84' lang='grc' dir='ltr'>τοῦ</span> <span class='ocrx_word' id='word_1_134' title='bbox 3253 655 3513 725; x_wconf 87' lang='grc' dir='ltr'>βασιλέως</span> <span class='ocrx_word' id='word_1_135' title='bbox 3543 660 3678 712; x_wconf 86' lang='grc' dir='ltr'>ἐαυ-</span> 
     </span>
    </p>
   </div>
   <div class='ocr_carea' id='block_1_19' title="bbox 2082 744 3679 822">
    <p class='ocr_par' dir='ltr' id='par_1_19' title="bbox 2082 744 3679 822">
     <span class='ocr_line' id='line_1_19' title="bbox 2082 744 3679 822; baseline 0.004 -25"><span class='ocrx_word' id='word_1_136' title='bbox 2082 745 2213 811; x_wconf 91' lang='grc' dir='ltr'>τῶν,</span> <span class='ocrx_word' id='word_1_137' title='bbox 2248 746 2306 799; x_wconf 89' lang='grc' dir='ltr'><strong>ἐν</strong></span> <span class='ocrx_word' id='word_1_138' title='bbox 2332 744 2479 816; x_wconf 81' lang='grc' dir='ltr'>χορῷ</span> <span class='ocrx_word' id='word_1_139' title='bbox 2507 744 2602 798; x_wconf 82' lang='grc' dir='ltr'>τοῦ</span> <span class='ocrx_word' id='word_1_140' title='bbox 2631 744 2767 798; x_wconf 78' lang='grc' dir='ltr'><strong>Θεοῦ</strong></span> <span class='ocrx_word' id='word_1_141' title='bbox 2796 745 2969 814; x_wconf 85' lang='grc' dir='ltr'>Λόγου</span> <span class='ocrx_word' id='word_1_142' title='bbox 2998 744 3058 798; x_wconf 84' lang='grc' dir='ltr'><strong>τὸ</strong></span> <span class='ocrx_word' id='word_1_143' title='bbox 3090 745 3263 817; x_wconf 76' lang='grc' dir='ltr'>ὄνομα</span> <span class='ocrx_word' id='word_1_144' title='bbox 3298 748 3503 821; x_wconf 81' lang='grc' dir='ltr'><strong>Ἰησοῦν</strong></span> <span class='ocrx_word' id='word_1_145' title='bbox 3538 752 3679 822; x_wconf 88' lang='grc' dir='ltr'>Χρι-</span> 
     </span>
    </p>
   </div>
   <div class='ocr_carea' id='block_1_20' title="bbox 2087 833 3675 912">
    <p class='ocr_par' dir='ltr' id='par_1_20' title="bbox 2087 833 3675 912">
     <span class='ocr_line' id='line_1_20' title="bbox 2087 833 3675 912; baseline 0.003 -23"><span class='ocrx_word' id='word_1_146' title='bbox 2087 835 2211 891; x_wconf 84' lang='grc' dir='ltr'>στὸν</span> <span class='ocrx_word' id='word_1_147' title='bbox 2246 836 2383 908; x_wconf 82' lang='grc' dir='ltr'>μετὰ</span> <span class='ocrx_word' id='word_1_148' title='bbox 2413 837 2629 907; x_wconf 85' lang='grc' dir='ltr'>χορείας</span> <span class='ocrx_word' id='word_1_149' title='bbox 2654 833 2984 903; x_wconf 60' lang='grc' dir='ltr'>δοξάζοντες</span> <span class='ocrx_word' id='word_1_150' title='bbox 3005 835 3141 889; x_wconf 80' lang='grc' dir='ltr'>ἀλλὰ</span> <span class='ocrx_word' id='word_1_151' title='bbox 3168 838 3304 891; x_wconf 77' lang='grc' dir='ltr'><strong>καὶὸ</strong></span> <span class='ocrx_word' id='word_1_152' title='bbox 3327 839 3513 903; x_wconf 78' lang='grc' dir='ltr'>καθεὶς</span> <span class='ocrx_word' id='word_1_153' title='bbox 3539 842 3675 912; x_wconf 82' lang='grc' dir='ltr'>παρ’</span> 
     </span>
    </p>
   </div>
   <div class='ocr_carea' id='block_1_21' title="bbox 2087 930 3680 1004">
    <p class='ocr_par' dir='ltr' id='par_1_21' title="bbox 2087 930 3680 1004">
     <span class='ocr_line' id='line_1_21' title="bbox 2087 930 3680 1004; baseline -0.001 -18"><span class='ocrx_word' id='word_1_154' title='bbox 2087 932 2264 1004; x_wconf 85' lang='grc' dir='ltr'>ἐαυτῷ</span> <span class='ocrx_word' id='word_1_155' title='bbox 2306 950 2456 987; x_wconf 91' lang='grc' dir='ltr'>..νων</span> <span class='ocrx_word' id='word_1_156' title='bbox 2485 933 2528 986; x_wconf 87' lang='grc' dir='ltr'>δ’</span> <span class='ocrx_word' id='word_1_157' title='bbox 2567 932 2746 1004; x_wconf 75' lang='grc' dir='ltr'>ἔργων</span> <span class='ocrx_word' id='word_1_158' title='bbox 2780 932 3017 1001; x_wconf 82' lang='grc' dir='ltr'><strong>ἀγαθῶν,</strong></span> <span class='ocrx_word' id='word_1_159' title='bbox 3054 932 3148 986; x_wconf 73' lang='grc' dir='ltr'><strong>καὶ</strong></span> <span class='ocrx_word' id='word_1_160' title='bbox 3177 932 3265 985; x_wconf 81' lang='grc' dir='ltr'>διὰ</span> <span class='ocrx_word' id='word_1_161' title='bbox 3297 930 3524 1004; x_wconf 80' lang='grc' dir='ltr'>τῶν.τοῦ</span> <span class='ocrx_word' id='word_1_162' title='bbox 3568 931 3680 985; x_wconf 84' lang='grc' dir='ltr'><strong>σώ-</strong></span> 
     </span>
    </p>
   </div>
   <div class='ocr_carea' id='block_1_22' title="bbox 2091 1023 3679 1099">
    <p class='ocr_par' dir='ltr' id='par_1_22' title="bbox 2091 1023 3679 1099">
     <span class='ocr_line' id='line_1_22' title="bbox 2091 1023 3679 1099; baseline -0.003 -19"><span class='ocrx_word' id='word_1_163' title='bbox 2091 1044 2258 1099; x_wconf 85' lang='grc' dir='ltr'>ματος</span> <span class='ocrx_word' id='word_1_164' title='bbox 2293 1026 2545 1098; x_wconf 77' lang='grc' dir='ltr'>πράξεων</span> <span class='ocrx_word' id='word_1_165' title='bbox 2582 1027 2652 1080; x_wconf 84' lang='grc' dir='ltr'>τὰ</span> <span class='ocrx_word' id='word_1_166' title='bbox 2683 1026 3038 1080; x_wconf 79' lang='grc' dir='ltr'>συντελοῦντα</span> <span class='ocrx_word' id='word_1_167' title='bbox 3074 1028 3153 1088; x_wconf 88' lang='grc' dir='ltr'>εἰς</span> <span class='ocrx_word' id='word_1_168' title='bbox 3191 1024 3361 1095; x_wconf 76' lang='grc' dir='ltr'>ὕμνον</span> <span class='ocrx_word' id='word_1_169' title='bbox 3398 1026 3492 1077; x_wconf 80' lang='grc' dir='ltr'>καὶ</span> <span class='ocrx_word' id='word_1_170' title='bbox 3531 1023 3679 1089; x_wconf 79' lang='grc' dir='ltr'>δοξο-</span> 
     </span>
    </p>
   </div>
   <div class='ocr_carea' id='block_1_23' title="bbox 2087 1114 3679 1188">
    <p class='ocr_par' dir='ltr' id='par_1_23' title="bbox 2087 1114 3679 1188">
     <span class='ocr_line' id='line_1_23' title="bbox 2087 1114 3679 1188; baseline -0.001 -20"><span class='ocrx_word' id='word_1_171' title='bbox 2087 1115 2274 1185; x_wconf 88' lang='grc' dir='ltr'>λογίαν</span> <span class='ocrx_word' id='word_1_172' title='bbox 2310 1116 2405 1169; x_wconf 82' lang='grc' dir='ltr'>τοῦ</span> <span class='ocrx_word' id='word_1_173' title='bbox 2430 1115 2567 1168; x_wconf 80' lang='grc' dir='ltr'>Θεοῦ</span> <span class='ocrx_word' id='word_1_174' title='bbox 2606 1115 3015 1188; x_wconf 81' lang='grc' dir='ltr'>διαπράττεται.</span> <span class='ocrx_word' id='word_1_175' title='bbox 3052 1116 3294 1180; x_wconf 80' lang='grc' dir='ltr'><strong>Εἰκότως</strong></span> <span class='ocrx_word' id='word_1_176' title='bbox 3332 1114 3493 1168; x_wconf 83' lang='grc' dir='ltr'>τοῦτο</span> <span class='ocrx_word' id='word_1_177' title='bbox 3535 1116 3679 1168; x_wconf 84' lang='grc' dir='ltr'>αὐτὸ</span> 
     </span>
    </p>
   </div>
   <div class='ocr_carea' id='block_1_24' title="bbox 2088 1207 3678 1280">
    <p class='ocr_par' dir='ltr' id='par_1_24' title="bbox 2088 1207 3678 1280">
     <span class='ocr_line' id='line_1_24' title="bbox 2088 1207 3678 1280; baseline -0.001 -19"><span class='ocrx_word' id='word_1_178' title='bbox 2088 1207 2376 1280; x_wconf 81' lang='grc' dir='ltr'>προλαϐὼν</span> <span class='ocrx_word' id='word_1_179' title='bbox 2397 1208 2425 1260; x_wconf 98' lang='lat'><strong>6</strong></span> <span class='ocrx_word' id='word_1_180' title='bbox 2447 1207 2603 1277; x_wconf 85' lang='grc' dir='ltr'>λόγος</span> <span class='ocrx_word' id='word_1_181' title='bbox 2634 1208 2962 1279; x_wconf 84' lang='grc' dir='ltr'>προστάττει</span> <span class='ocrx_word' id='word_1_182' title='bbox 2989 1208 3213 1277; x_wconf 86' lang='grc' dir='ltr'>φάσκων</span> <span class='ocrx_word' id='word_1_183' title='bbox 3233 1225 3247 1238; x_wconf 76' lang='grc' dir='ltr'><strong>ο</strong></span> <span class='ocrx_word' id='word_1_184' title='bbox 3285 1208 3372 1262; x_wconf 86' lang='grc' dir='ltr'>Ἐν</span> <span class='ocrx_word' id='word_1_185' title='bbox 3404 1209 3678 1278; x_wconf 80' lang='grc' dir='ltr'>τυμπάνῳ</span> 
     </span>
    </p>
   </div>
   <div class='ocr_carea' id='block_1_25' title="bbox 2088 1299 3677 1372">
    <p class='ocr_par' dir='ltr' id='par_1_25' title="bbox 2088 1299 3677 1372">
     <span class='ocr_line' id='line_1_25' title="bbox 2088 1299 3677 1372; baseline -0.001 -20"><span class='ocrx_word' id='word_1_186' title='bbox 2088 1300 2180 1353; x_wconf 69' lang='grc' dir='ltr'><strong>καὶ</strong></span> <span class='ocrx_word' id='word_1_187' title='bbox 2227 1300 2512 1371; x_wconf 85' lang='grc' dir='ltr'>ψαλτηρίῳ</span> <span class='ocrx_word' id='word_1_188' title='bbox 2540 1299 2869 1368; x_wconf 80' lang='grc' dir='ltr'>ψαλάτωσαν</span> <span class='ocrx_word' id='word_1_189' title='bbox 2908 1300 3058 1370; x_wconf 85' lang='grc' dir='ltr'>αὐτῷ</span> <span class='ocrx_word' id='word_1_190' title='bbox 3083 1317 3095 1330; x_wconf 92' lang='grc'><strong>·</strong></span> <span class='ocrx_word' id='word_1_191' title='bbox 3143 1300 3427 1372; x_wconf 84' lang='grc' dir='ltr'>τύμπανον</span> <span class='ocrx_word' id='word_1_192' title='bbox 3463 1300 3563 1371; x_wconf 79' lang='grc' dir='ltr'><strong>μὲν</strong></span> <span class='ocrx_word' id='word_1_193' title='bbox 3609 1299 3677 1351; x_wconf 82' lang='grc' dir='ltr'><strong>τὸ</strong></span> 
     </span>
    </p>
   </div>
   <div class='ocr_carea' id='block_1_26' title="bbox 2090 1392 3678 1465">
    <p class='ocr_par' dir='ltr' id='par_1_26' title="bbox 2090 1392 3678 1465">
     <span class='ocr_line' id='line_1_26' title="bbox 2090 1392 3678 1465; baseline 0 -19"><span class='ocrx_word' id='word_1_194' title='bbox 2090 1394 2249 1464; x_wconf 91' lang='grc' dir='ltr'>σῶμα</span> <span class='ocrx_word' id='word_1_195' title='bbox 2272 1393 2717 1465; x_wconf 81' lang='grc' dir='ltr'>προσαγορεύων,</span> <span class='ocrx_word' id='word_1_196' title='bbox 2752 1392 3050 1464; x_wconf 79' lang='grc' dir='ltr'>ψαλτήριον</span> <span class='ocrx_word' id='word_1_197' title='bbox 3085 1394 3141 1446; x_wconf 80' lang='grc' dir='ltr'><strong>δέ</strong></span> <span class='ocrx_word' id='word_1_198' title='bbox 3180 1394 3241 1447; x_wconf 82' lang='grc' dir='ltr'><strong>τὸ</strong></span> <span class='ocrx_word' id='word_1_199' title='bbox 3285 1393 3546 1464; x_wconf 83' lang='grc' dir='ltr'>πνεῦμα..</span> <span class='ocrx_word' id='word_1_200' title='bbox 3576 1409 3678 1446; x_wconf 80' lang='lat' dir='ltr'><strong>r8-</strong></span> 
     </span>
    </p>
   </div>
   <div class='ocr_carea' id='block_1_27' title="bbox 2087 1484 3679 1556">
    <p class='ocr_par' dir='ltr' id='par_1_27' title="bbox 2087 1484 3679 1556">
     <span class='ocr_line' id='line_1_27' title="bbox 2087 1484 3679 1556; baseline -0.001 -16"><span class='ocrx_word' id='word_1_201' title='bbox 2087 1485 2429 1555; x_wconf 81' lang='grc' dir='ltr'>κρώσαντες</span> <span class='ocrx_word' id='word_1_202' title='bbox 2460 1485 2533 1539; x_wconf 86' lang='grc' dir='ltr'>τὰ</span> <span class='ocrx_word' id='word_1_203' title='bbox 2554 1485 2711 1555; x_wconf 80' lang='grc' dir='ltr'>μέλη</span> <span class='ocrx_word' id='word_1_204' title='bbox 2744 1485 2817 1540; x_wconf 87' lang='grc' dir='ltr'>τὰ</span> <span class='ocrx_word' id='word_1_205' title='bbox 2844 1487 2942 1539; x_wconf 75' lang='grc' dir='ltr'><strong>ἐπὶ</strong></span> <span class='ocrx_word' id='word_1_206' title='bbox 2977 1484 3088 1552; x_wconf 82' lang='grc' dir='ltr'>τῆς</span> <span class='ocrx_word' id='word_1_207' title='bbox 3114 1485 3245 1556; x_wconf 78' lang='grc' dir='ltr'>γῆς,</span> <span class='ocrx_word' id='word_1_208' title='bbox 3279 1486 3378 1540; x_wconf 76' lang='grc' dir='ltr'>καὶ</span> <span class='ocrx_word' id='word_1_209' title='bbox 3409 1486 3523 1555; x_wconf 81' lang='grc' dir='ltr'><strong>τὴν</strong></span> <span class='ocrx_word' id='word_1_210' title='bbox 3566 1486 3679 1553; x_wconf 76' lang='grc' dir='ltr'><strong>Ἰη-</strong></span> 
     </span>
    </p>
   </div>
   <div class='ocr_carea' id='block_1_28' title="bbox 395 1575 3678 1653">
    <p class='ocr_par' dir='ltr' id='par_1_28' title="bbox 395 1575 3678 1653">
     <span class='ocr_line' id='line_1_28' title="bbox 395 1575 3678 1653; baseline 0.002 -25"><span class='ocrx_word' id='word_1_211' title='bbox 395 1575 513 1629; x_wconf 87' lang='grc' dir='ltr'><em>σοῦ</em></span> <span class='ocrx_word' id='word_1_212' title='bbox 553 1576 848 1645; x_wconf 76' lang='grc' dir='ltr'>νέκρωσιν</span> <span class='ocrx_word' id='word_1_213' title='bbox 896 1580 967 1631; x_wconf 82' lang='grc' dir='ltr'>ἐν</span> <span class='ocrx_word' id='word_1_214' title='bbox 1016 1578 1098 1645; x_wconf 82' lang='grc' dir='ltr'>τῷ</span> <span class='ocrx_word' id='word_1_215' title='bbox 1147 1578 1374 1648; x_wconf 83' lang='grc' dir='ltr'>σώματι</span> <span class='ocrx_word' id='word_1_216' title='bbox 1427 1579 1878 1649; x_wconf 69' lang='grc' dir='ltr'>περιφέροντες·</span> <span class='ocrx_word' id='word_1_217' title='bbox 1929 1583 1979 1636; x_wconf 81' lang='grc' dir='ltr'>οἱ</span> <span class='ocrx_word' id='word_1_218' title='bbox 2023 1582 2421 1653; x_wconf 81' lang='grc' dir='ltr'>ἀγαλλιώμενοι</span> <span class='ocrx_word' id='word_1_219' title='bbox 2485 1582 2578 1634; x_wconf 77' lang='grc' dir='ltr'><strong>ἐπὶ</strong></span> <span class='ocrx_word' id='word_1_220' title='bbox 2640 1580 2717 1652; x_wconf 84' lang='grc' dir='ltr'>τῷ</span> <span class='ocrx_word' id='word_1_221' title='bbox 2759 1580 2967 1652; x_wconf 85' lang='grc' dir='ltr'>βασιλεῖ</span> <span class='ocrx_word' id='word_1_222' title='bbox 2995 1580 3173 1635; x_wconf 82' lang='grc' dir='ltr'>αὐτῶν</span> <span class='ocrx_word' id='word_1_223' title='bbox 3201 1579 3318 1652; x_wconf 73' lang='grc' dir='ltr'>ἅμα</span> <span class='ocrx_word' id='word_1_224' title='bbox 3340 1579 3419 1651; x_wconf 83' lang='grc' dir='ltr'>τῷ</span> <span class='ocrx_word' id='word_1_225' title='bbox 3445 1580 3678 1652; x_wconf 85' lang='grc' dir='ltr'>εὐφραι-</span> 
     </span>
    </p>
   </div>
   <div class='ocr_carea' id='block_1_29' title="bbox 396 1667 2406 1746">
    <p class='ocr_par' dir='ltr' id='par_1_29' title="bbox 396 1667 2406 1746">
     <span class='ocr_line' id='line_1_29' title="bbox 396 1667 2406 1746; baseline 0.002 -24"><span class='ocrx_word' id='word_1_226' title='bbox 396 1667 626 1739; x_wconf 83' lang='grc' dir='ltr'>νομένῳ.</span> <span class='ocrx_word' id='word_1_227' title='bbox 657 1706 672 1721; x_wconf 92' lang='grc'><strong>.</strong></span> <span class='ocrx_word' id='word_1_228' title='bbox 720 1672 1006 1742; x_wconf 83' lang='grc' dir='ltr'>ποιήσαντι</span> <span class='ocrx_word' id='word_1_229' title='bbox 1036 1673 1219 1737; x_wconf 75' lang='grc' dir='ltr'>αὐτὸν,</span> <span class='ocrx_word' id='word_1_230' title='bbox 1252 1674 1310 1725; x_wconf 82' lang='grc' dir='ltr'><strong>ἐν</strong></span> <span class='ocrx_word' id='word_1_231' title='bbox 1334 1673 1606 1744; x_wconf 85' lang='grc' dir='ltr'>τυμπάνῳ</span> <span class='ocrx_word' id='word_1_232' title='bbox 1648 1675 1741 1729; x_wconf 75' lang='grc' dir='ltr'><strong>καὶ</strong></span> <span class='ocrx_word' id='word_1_233' title='bbox 1772 1674 2058 1746; x_wconf 81' lang='grc' dir='ltr'>ψαλτηρίῳ</span> <span class='ocrx_word' id='word_1_234' title='bbox 2092 1674 2406 1745; x_wconf 78' lang='grc' dir='ltr'>ψάλλουσιν.</span> 
     </span>
    </p>
   </div>
   <div class='ocr_carea' id='block_1_30' title="bbox 898 1761 1484 1818">
    <p class='ocr_par' dir='ltr' id='par_1_30' title="bbox 898 1761 1484 1818">
     <span class='ocr_line' id='line_1_30' title="bbox 898 1761 1484 1818; baseline -0.003 0"><span class='ocrx_word' id='word_1_235' title='bbox 898 1761 1221 1818; x_wconf 79' lang='lat' dir='ltr'><strong>PSALMUS</strong></span> <span class='ocrx_word' id='word_1_236' title='bbox 1252 1761 1484 1817; x_wconf 78' lang='lat' dir='ltr'><strong>CXLIX.</strong></span> 
     </span>
    </p>
   </div>
   <div class='ocr_carea' id='block_1_31' title="bbox 614 1854 1767 1910">
    <p class='ocr_par' dir='ltr' id='par_1_31' title="bbox 614 1854 1767 1910">
     <span class='ocr_line' id='line_1_31' title="bbox 614 1854 1767 1910; baseline 0 -1"><span class='ocrx_word' id='word_1_237' title='bbox 614 1855 777 1910; x_wconf 69' lang='lat' dir='ltr'><strong>Vens.</strong></span> <span class='ocrx_word' id='word_1_238' title='bbox 816 1855 869 1910; x_wconf 82' lang='lat'><strong>5.</strong></span> <span class='ocrx_word' id='word_1_239' title='bbox 898 1854 1243 1909; x_wconf 76' lang='lat' dir='ltr'><strong>Ltctabuntur</strong></span> <span class='ocrx_word' id='word_1_240' title='bbox 1268 1856 1325 1908; x_wconf 88' lang='lat' dir='ltr'><strong>in</strong></span> <span class='ocrx_word' id='word_1_241' title='bbox 1350 1854 1607 1908; x_wconf 85' lang='lat' dir='ltr'><strong>cubilibus</strong></span> <span class='ocrx_word' id='word_1_242' title='bbox 1637 1856 1767 1909; x_wconf 86' lang='lat' dir='ltr'><strong>suis.</strong></span> 
     </span>
    </p>
   </div>
   <div class='ocr_carea' id='block_1_32' title="bbox 468 1946 1983 2010">
    <p class='ocr_par' dir='ltr' id='par_1_32' title="bbox 468 1946 1983 2010">
     <span class='ocr_line' id='line_1_32' title="bbox 468 1946 1983 2010; baseline 0.001 -11"><span class='ocrx_word' id='word_1_243' title='bbox 468 1946 639 2001; x_wconf 82' lang='lat' dir='ltr'><strong>Aliter</strong></span> <span class='ocrx_word' id='word_1_244' title='bbox 669 1961 799 2002; x_wconf 88' lang='lat' dir='ltr'><strong>vero</strong></span> <span class='ocrx_word' id='word_1_245' title='bbox 828 1986 844 2010; x_wconf 92' lang='lat'><strong>,</strong></span> <span class='ocrx_word' id='word_1_246' title='bbox 876 1954 1105 1999; x_wconf 84' lang='lat' dir='ltr'><strong>mortem</strong></span> <span class='ocrx_word' id='word_1_247' title='bbox 1139 1954 1454 2001; x_wconf 89' lang='lat' dir='ltr'><strong>sanctorum</strong></span> <span class='ocrx_word' id='word_1_248' title='bbox 1494 1947 1758 2002; x_wconf 86' lang='lat' dir='ltr'><strong>vocabulo</strong></span> <span class='ocrx_word' id='word_1_249' title='bbox 1790 1947 1983 2001; x_wconf 83' lang='lat' dir='ltr'><strong>cubili-</strong></span> 
     </span>
    </p>
   </div>
   <div class='ocr_carea' id='block_1_33' title="bbox 398 2036 1982 2107">
    <p class='ocr_par' dir='ltr' id='par_1_33' title="bbox 398 2036 1982 2107">
     <span class='ocr_line' id='line_1_33' title="bbox 398 2036 1982 2107; baseline 0.003 -16"><span class='ocrx_word' id='word_1_250' title='bbox 398 2038 493 2091; x_wconf 97' lang='lat' dir='ltr'><strong>bus</strong></span> <span class='ocrx_word' id='word_1_251' title='bbox 529 2037 728 2092; x_wconf 89' lang='lat' dir='ltr'><strong>innuit.</strong></span> <span class='ocrx_word' id='word_1_252' title='bbox 780 2037 1172 2091; x_wconf 89' lang='lat' dir='ltr'><strong>Dormitiouem</strong></span> <span class='ocrx_word' id='word_1_253' title='bbox 1211 2038 1416 2107; x_wconf 89' lang='lat' dir='ltr'><strong>quippe</strong></span> <span class='ocrx_word' id='word_1_254' title='bbox 1444 2036 1583 2091; x_wconf 80' lang='lat' dir='ltr'><strong>solet</strong></span> <span class='ocrx_word' id='word_1_255' title='bbox 1609 2052 1730 2092; x_wconf 86' lang='lat' dir='ltr'><strong>eam</strong></span> <span class='ocrx_word' id='word_1_256' title='bbox 1783 2055 1982 2095; x_wconf 89' lang='lat' dir='ltr'><strong>vocare</strong></span> 
     </span>
    </p>
   </div>
   <div class='ocr_carea' id='block_1_34' title="bbox 399 2128 1979 2200">
    <p class='ocr_par' dir='ltr' id='par_1_34' title="bbox 399 2128 1979 2200">
     <span class='ocr_line' id='line_1_34' title="bbox 399 2128 1979 2200; baseline 0 -16"><span class='ocrx_word' id='word_1_257' title='bbox 399 2130 719 2200; x_wconf 75' lang='lat' dir='ltr'><strong>Scriptura,</strong></span> <span class='ocrx_word' id='word_1_258' title='bbox 774 2130 986 2184; x_wconf 79' lang='lat' dir='ltr'><strong>dicente</strong></span> <span class='ocrx_word' id='word_1_259' title='bbox 1036 2129 1202 2183; x_wconf 84' lang='lat' dir='ltr'><strong>Paulo</strong></span> <span class='ocrx_word' id='word_1_260' title='bbox 1251 2147 1264 2183; x_wconf 91' lang='lat'><strong>:</strong></span> <span class='ocrx_word' id='word_1_261' title='bbox 1317 2128 1394 2183; x_wconf 87' lang='lat' dir='ltr'><strong>De</strong></span> <span class='ocrx_word' id='word_1_262' title='bbox 1444 2128 1828 2186; x_wconf 71' lang='lat' dir='ltr'><strong>dormientibus</strong></span> <span class='ocrx_word' id='word_1_263' title='bbox 1877 2148 1979 2184; x_wconf 78' lang='lat' dir='ltr'><strong>au-</strong></span> 
     </span>
    </p>
   </div>
   <div class='ocr_carea' id='block_1_35' title="bbox 400 2222 1984 2295">
    <p class='ocr_par' dir='ltr' id='par_1_35' title="bbox 400 2222 1984 2295">
     <span class='ocr_line' id='line_1_35' title="bbox 400 2222 1984 2295; baseline 0.004 -22"><span class='ocrx_word' id='word_1_264' title='bbox 400 2230 502 2274; x_wconf 83' lang='lat' dir='ltr'><strong>tem</strong></span> <span class='ocrx_word' id='word_1_265' title='bbox 546 2223 667 2277; x_wconf 84' lang='lat' dir='ltr'><strong>nolo</strong></span> <span class='ocrx_word' id='word_1_266' title='bbox 712 2238 801 2276; x_wconf 81' lang='lat' dir='ltr'><strong>vos</strong></span> <span class='ocrx_word' id='word_1_267' title='bbox 854 2224 1100 2291; x_wconf 76' lang='lat' dir='ltr'><strong>ignorare</strong></span> <span class='ocrx_word' id='word_1_268' title='bbox 1128 2262 1142 2286; x_wconf 88' lang='lat'><strong>,</strong></span> <span class='ocrx_word' id='word_1_269' title='bbox 1194 2222 1388 2290; x_wconf 75' lang='lat' dir='ltr'><strong>fratres</strong></span> <span class='ocrx_word' id='word_1_270' title='bbox 1431 2224 1500 2279; x_wconf 83' lang='grc'><strong>⁹¹.</strong></span> <span class='ocrx_word' id='word_1_271' title='bbox 1554 2223 1717 2279; x_wconf 84' lang='lat' dir='ltr'><strong>Vetus</strong></span> <span class='ocrx_word' id='word_1_272' title='bbox 1767 2239 1984 2295; x_wconf 90' lang='lat' dir='ltr'><strong>quoque</strong></span> 
     </span>
    </p>
   </div>
   <div class='ocr_carea' id='block_1_36' title="bbox 400 2313 1982 2387">
    <p class='ocr_par' dir='ltr' id='par_1_36' title="bbox 400 2313 1982 2387">
     <span class='ocr_line' id='line_1_36' title="bbox 400 2313 1982 2387; baseline 0.004 -22"><span class='ocrx_word' id='word_1_273' title='bbox 400 2313 810 2369; x_wconf 78' lang='lat' dir='ltr'><strong>Testamentum</strong></span> <span class='ocrx_word' id='word_1_274' title='bbox 856 2314 934 2370; x_wconf 87' lang='lat' dir='ltr'><strong>ait</strong></span> <span class='ocrx_word' id='word_1_275' title='bbox 981 2333 996 2370; x_wconf 90' lang='lat'><strong>:</strong></span> <span class='ocrx_word' id='word_1_276' title='bbox 1038 2315 1297 2371; x_wconf 80' lang='lat' dir='ltr'><strong>Dormirit</strong></span> <span class='ocrx_word' id='word_1_277' title='bbox 1353 2317 1526 2373; x_wconf 84' lang='lat' dir='ltr'><strong>Dauid</strong></span> <span class='ocrx_word' id='word_1_278' title='bbox 1583 2333 1703 2371; x_wconf 83' lang='lat' dir='ltr'><strong>cum</strong></span> <span class='ocrx_word' id='word_1_279' title='bbox 1741 2319 1982 2387; x_wconf 86' lang='lat' dir='ltr'><strong>patribus</strong></span> 
     </span>
    </p>
   </div>
   <div class='ocr_carea' id='block_1_37' title="bbox 396 2408 606 2461">
    <p class='ocr_par' dir='ltr' id='par_1_37' title="bbox 396 2408 606 2461">
     <span class='ocr_line' id='line_1_37' title="bbox 396 2408 606 2461; baseline 0.005 -1"><span class='ocrx_word' id='word_1_280' title='bbox 396 2408 508 2460; x_wconf 85' lang='lat' dir='ltr'><strong>suis</strong></span> <span class='ocrx_word' id='word_1_281' title='bbox 539 2408 606 2461; x_wconf 82' lang='lat'><strong>“.</strong></span> 
     </span>
    </p>
   </div>
   <div class='ocr_carea' id='block_1_38' title="bbox 400 2496 1983 2574">
    <p class='ocr_par' dir='ltr' id='par_1_38' title="bbox 400 2496 1983 2574">
     <span class='ocr_line' id='line_1_38' title="bbox 400 2496 1983 2574; baseline 0.004 -23"><span class='ocrx_word' id='word_1_282' title='bbox 400 2498 564 2553; x_wconf 78' lang='lat' dir='ltr'><strong>Vens.</strong></span> <span class='ocrx_word' id='word_1_283' title='bbox 584 2497 638 2552; x_wconf 85' lang='lat'><em>6.</em></span> <span class='ocrx_word' id='word_1_284' title='bbox 669 2496 1041 2574; x_wconf 73' lang='lat' dir='ltr'><strong>Exultationes</strong></span> <span class='ocrx_word' id='word_1_285' title='bbox 1069 2499 1165 2554; x_wconf 91' lang='lat' dir='ltr'><strong>Dei</strong></span> <span class='ocrx_word' id='word_1_286' title='bbox 1188 2500 1254 2574; x_wconf 4' lang='lat' dir='ltr'><strong>in,</strong></span> <span class='ocrx_word' id='word_1_287' title='bbox 1279 2510 1490 2568; x_wconf 85' lang='lat' dir='ltr'><strong>gutture</strong></span> <span class='ocrx_word' id='word_1_288' title='bbox 1509 2519 1715 2568; x_wconf 84' lang='lat' dir='ltr'><strong>eorum,</strong></span> <span class='ocrx_word' id='word_1_289' title='bbox 1743 2512 1791 2557; x_wconf 90' lang='lat' dir='ltr'><strong>et</strong></span> <span class='ocrx_word' id='word_1_290' title='bbox 1816 2504 1983 2574; x_wconf 80' lang='lat' dir='ltr'><strong>gladii</strong></span> 
     </span>
    </p>
   </div>
   <div class='ocr_carea' id='block_1_39' title="bbox 747 2570 1638 2642">
    <p class='ocr_par' dir='ltr' id='par_1_39' title="bbox 747 2570 1638 2642">
     <span class='ocr_line' id='line_1_39' title="bbox 747 2570 1638 2642; baseline 0.004 -20"><span class='ocrx_word' id='word_1_291' title='bbox 747 2570 1000 2637; x_wconf 75' lang='lat' dir='ltr'><strong>ancipites</strong></span> <span class='ocrx_word' id='word_1_292' title='bbox 1024 2570 1081 2624; x_wconf 82' lang='lat' dir='ltr'><strong>in</strong></span> <span class='ocrx_word' id='word_1_293' title='bbox 1112 2572 1355 2626; x_wconf 86' lang='lat' dir='ltr'><strong>manibus</strong></span> <span class='ocrx_word' id='word_1_294' title='bbox 1384 2574 1638 2642; x_wconf 85' lang='lat' dir='ltr'><strong>ipsorum.</strong></span> 
     </span>
    </p>
   </div>
   <div class='ocr_carea' id='block_1_40' title="bbox 470 2659 1981 2734">
    <p class='ocr_par' dir='ltr' id='par_1_40' title="bbox 470 2659 1981 2734">
     <span class='ocr_line' id='line_1_40' title="bbox 470 2659 1981 2734; baseline 0.003 -21"><span class='ocrx_word' id='word_1_295' title='bbox 470 2659 749 2731; x_wconf 85' lang='lat' dir='ltr'><strong>Iquinate</strong></span> <span class='ocrx_word' id='word_1_296' title='bbox 794 2660 989 2728; x_wconf 86' lang='lat' dir='ltr'><strong>Aquila</strong></span> <span class='ocrx_word' id='word_1_297' title='bbox 1046 2673 1367 2731; x_wconf 65' lang='lat' dir='ltr'><strong>praesentem</strong></span> <span class='ocrx_word' id='word_1_298' title='bbox 1421 2663 1747 2717; x_wconf 88' lang='lat' dir='ltr'><strong>sententiam</strong></span> <span class='ocrx_word' id='word_1_299' title='bbox 1812 2677 1981 2734; x_wconf 82' lang='lat' dir='ltr'><strong>expo-</strong></span> 
     </span>
    </p>
   </div>
   <div class='ocr_carea' id='block_1_41' title="bbox 400 2749 1979 2815">
    <p class='ocr_par' dir='ltr' id='par_1_41' title="bbox 400 2749 1979 2815">
     <span class='ocr_line' id='line_1_41' title="bbox 400 2749 1979 2815; baseline 0.002 -10"><span class='ocrx_word' id='word_1_300' title='bbox 400 2751 530 2815; x_wconf 82' lang='lat' dir='ltr'><strong>suit,</strong></span> <span class='ocrx_word' id='word_1_301' title='bbox 562 2750 690 2804; x_wconf 91' lang='lat' dir='ltr'><strong>dum</strong></span> <span class='ocrx_word' id='word_1_302' title='bbox 717 2749 1067 2804; x_wconf 60' lang='lat' dir='ltr'><strong>Hebraeorum</strong></span> <span class='ocrx_word' id='word_1_303' title='bbox 1097 2750 1360 2805; x_wconf 89' lang='lat' dir='ltr'><strong>vocabulo</strong></span> <span class='ocrx_word' id='word_1_304' title='bbox 1382 2755 1571 2814; x_wconf 83' lang='lat' dir='ltr'><strong>servit,</strong></span> <span class='ocrx_word' id='word_1_305' title='bbox 1590 2754 1775 2808; x_wconf 88' lang='lat' dir='ltr'><strong>dicens</strong></span> <span class='ocrx_word' id='word_1_306' title='bbox 1804 2772 1818 2808; x_wconf 92' lang='lat'><strong>:</strong></span> <span class='ocrx_word' id='word_1_307' title='bbox 1851 2753 1979 2808; x_wconf 85' lang='lat' dir='ltr'><strong>Gla-</strong></span> 
     </span>
    </p>
   </div>
   <div class='ocr_carea' id='block_1_42' title="bbox 397 2841 1984 2912">
    <p class='ocr_par' dir='ltr' id='par_1_42' title="bbox 397 2841 1984 2912">
     <span class='ocr_line' id='line_1_42' title="bbox 397 2841 1984 2912; baseline 0 -15"><span class='ocrx_word' id='word_1_308' title='bbox 397 2843 519 2897; x_wconf 79' lang='lat' dir='ltr'><strong>dius</strong></span> <span class='ocrx_word' id='word_1_309' title='bbox 565 2843 761 2912; x_wconf 81' lang='lat' dir='ltr'><strong>gemini</strong></span> <span class='ocrx_word' id='word_1_310' title='bbox 792 2844 898 2895; x_wconf 87' lang='lat' dir='ltr'><strong>oris</strong></span> <span class='ocrx_word' id='word_1_311' title='bbox 923 2842 978 2895; x_wconf 86' lang='lat' dir='ltr'><strong>in</strong></span> <span class='ocrx_word' id='word_1_312' title='bbox 1020 2857 1181 2895; x_wconf 86' lang='lat' dir='ltr'><strong>manu</strong></span> <span class='ocrx_word' id='word_1_313' title='bbox 1215 2843 1471 2907; x_wconf 84' lang='lat' dir='ltr'><strong>ipsorum.</strong></span> <span class='ocrx_word' id='word_1_314' title='bbox 1509 2841 1613 2897; x_wconf 84' lang='lat' dir='ltr'><strong>Sed</strong></span> <span class='ocrx_word' id='word_1_315' title='bbox 1645 2854 1701 2897; x_wconf 92' lang='lat' dir='ltr'><strong>et</strong></span> <span class='ocrx_word' id='word_1_316' title='bbox 1732 2844 1819 2898; x_wconf 88' lang='lat' dir='ltr'><strong>his</strong></span> <span class='ocrx_word' id='word_1_317' title='bbox 1852 2859 1984 2899; x_wconf 84' lang='lat' dir='ltr'><strong>con-</strong></span> 
     </span>
    </p>
   </div>
   <div class='ocr_carea' id='block_1_43' title="bbox 402 2932 1980 3002">
    <p class='ocr_par' dir='ltr' id='par_1_43' title="bbox 402 2932 1980 3002">
     <span class='ocr_line' id='line_1_43' title="bbox 402 2932 1980 3002; baseline 0.002 -14"><span class='ocrx_word' id='word_1_318' title='bbox 402 2935 568 2988; x_wconf 84' lang='lat' dir='ltr'><strong>traria</strong></span> <span class='ocrx_word' id='word_1_319' title='bbox 614 2942 985 2987; x_wconf 87' lang='lat' dir='ltr'><strong>memorantur</strong></span> <span class='ocrx_word' id='word_1_320' title='bbox 1022 2932 1243 2987; x_wconf 90' lang='lat' dir='ltr'><strong>alicubi.</strong></span> <span class='ocrx_word' id='word_1_321' title='bbox 1301 2932 1427 2986; x_wconf 78' lang='lat' dir='ltr'><strong>(&quot;itii</strong></span> <span class='ocrx_word' id='word_1_322' title='bbox 1458 2936 1769 3002; x_wconf 79' lang='lat' dir='ltr'><strong>hominum,</strong></span> <span class='ocrx_word' id='word_1_323' title='bbox 1804 2938 1980 2991; x_wconf 88' lang='lat' dir='ltr'><strong>dentes</strong></span> 
     </span>
    </p>
   </div>
   <div class='ocr_carea' id='block_1_44' title="bbox 399 3022 1983 3097">
    <p class='ocr_par' dir='ltr' id='par_1_44' title="bbox 399 3022 1983 3097">
     <span class='ocr_line' id='line_1_44' title="bbox 399 3022 1983 3097; baseline 0.002 -18"><span class='ocrx_word' id='word_1_324' title='bbox 399 3040 579 3079; x_wconf 87' lang='lat' dir='ltr'><strong>eorum</strong></span> <span class='ocrx_word' id='word_1_325' title='bbox 624 3040 774 3077; x_wconf 89' lang='lat' dir='ltr'><strong>arma</strong></span> <span class='ocrx_word' id='word_1_326' title='bbox 806 3034 855 3078; x_wconf 85' lang='lat' dir='ltr'><strong>et</strong></span> <span class='ocrx_word' id='word_1_327' title='bbox 900 3026 1144 3092; x_wconf 70' lang='lat' dir='ltr'><strong>sagittaz,</strong></span> <span class='ocrx_word' id='word_1_328' title='bbox 1176 3033 1223 3076; x_wconf 86' lang='lat' dir='ltr'><strong>et</strong></span> <span class='ocrx_word' id='word_1_329' title='bbox 1269 3022 1451 3093; x_wconf 78' lang='lat' dir='ltr'><strong>lingua</strong></span> <span class='ocrx_word' id='word_1_330' title='bbox 1502 3025 1739 3094; x_wconf 87' lang='lat' dir='ltr'><strong>ipsorum</strong></span> <span class='ocrx_word' id='word_1_331' title='bbox 1773 3027 1983 3097; x_wconf 77' lang='lat' dir='ltr'><strong>gladius</strong></span> 
     </span>
    </p>
   </div>
   <div class='ocr_carea' id='block_1_45' title="bbox 2615 1763 3129 1820">
    <p class='ocr_par' dir='ltr' id='par_1_45' title="bbox 2615 1763 3129 1820">
     <span class='ocr_line' id='line_1_45' title="bbox 2615 1763 3129 1820; baseline -0.006 -1"><span class='ocrx_word' id='word_1_332' title='bbox 2615 1765 2907 1820; x_wconf 79' lang='grc' dir='ltr'><strong>ΨΑΛΜΟΣ</strong></span> <span class='ocrx_word' id='word_1_333' title='bbox 2949 1763 3129 1817; x_wconf 66' lang='grc' dir='ltr'><strong>ΡΜΘν.</strong></span> 
     </span>
    </p>
   </div>
   <div class='ocr_carea' id='block_1_46' title="bbox 2261 1854 3510 1927">
    <p class='ocr_par' dir='ltr' id='par_1_46' title="bbox 2261 1854 3510 1927">
     <span class='ocr_line' id='line_1_46' title="bbox 2261 1854 3510 1927; baseline 0 -15"><span class='ocrx_word' id='word_1_334' title='bbox 2261 1856 2749 1927; x_wconf 78' lang='grc' dir='ltr'>Ἁγαλλιάσονται</span> <span class='ocrx_word' id='word_1_335' title='bbox 2778 1857 2878 1910; x_wconf 79' lang='grc' dir='ltr'><strong>ἐπὶ</strong></span> <span class='ocrx_word' id='word_1_336' title='bbox 2908 1856 3266 1913; x_wconf 76' lang='grc' dir='ltr'>τῶν.κοιτῶν</span> <span class='ocrx_word' id='word_1_337' title='bbox 3296 1854 3510 1912; x_wconf 79' lang='grc' dir='ltr'>αὐτῶν.</span> 
     </span>
    </p>
   </div>
   <div class='ocr_carea' id='block_1_47' title="bbox 2164 1947 3679 2020">
    <p class='ocr_par' dir='ltr' id='par_1_47' title="bbox 2164 1947 3679 2020">
     <span class='ocr_line' id='line_1_47' title="bbox 2164 1947 3679 2020; baseline 0 -17"><span class='ocrx_word' id='word_1_338' title='bbox 2164 1950 2373 2014; x_wconf 72' lang='grc' dir='ltr'>Ἄλλως</span> <span class='ocrx_word' id='word_1_339' title='bbox 2396 1950 2453 2003; x_wconf 87' lang='grc' dir='ltr'>δὲ</span> <span class='ocrx_word' id='word_1_340' title='bbox 2478 1951 2569 2004; x_wconf 85' lang='grc' dir='ltr'><strong>τὸν</strong></span> <span class='ocrx_word' id='word_1_341' title='bbox 2607 1948 2836 2004; x_wconf 85' lang='grc' dir='ltr'>θάνατον</span> <span class='ocrx_word' id='word_1_342' title='bbox 2857 1950 2966 2002; x_wconf 92' lang='grc' dir='ltr'><strong>τῶν</strong></span> <span class='ocrx_word' id='word_1_343' title='bbox 3002 1949 3165 2002; x_wconf 82' lang='grc' dir='ltr'>ὁσίων</span> <span class='ocrx_word' id='word_1_344' title='bbox 3194 1947 3414 2020; x_wconf 75' lang='grc' dir='ltr'>ᾐνίξατο</span> <span class='ocrx_word' id='word_1_345' title='bbox 3437 1948 3526 2002; x_wconf 78' lang='grc' dir='ltr'>διὰ</span> <span class='ocrx_word' id='word_1_346' title='bbox 3552 1947 3679 2003; x_wconf 74' lang='grc' dir='ltr'><strong>τῶν</strong></span> 
     </span>
    </p>
   </div>
   <div class='ocr_carea' id='block_1_48' title="bbox 2084 2040 3676 2113">
    <p class='ocr_par' dir='ltr' id='par_1_48' title="bbox 2084 2040 3676 2113">
     <span class='ocr_line' id='line_1_48' title="bbox 2084 2040 3676 2113; baseline -0.001 -18"><span class='ocrx_word' id='word_1_347' title='bbox 2084 2042 2315 2096; x_wconf 82' lang='grc' dir='ltr'>κοιτῶν.</span> <span class='ocrx_word' id='word_1_348' title='bbox 2348 2043 2620 2113; x_wconf 83' lang='grc' dir='ltr'>Κοίμησιν</span> <span class='ocrx_word' id='word_1_349' title='bbox 2645 2040 2754 2110; x_wconf 85' lang='grc' dir='ltr'>γὰρ</span> <span class='ocrx_word' id='word_1_350' title='bbox 2779 2040 2939 2094; x_wconf 73' lang='grc' dir='ltr'>εἴωθε</span> <span class='ocrx_word' id='word_1_351' title='bbox 2976 2040 3161 2094; x_wconf 82' lang='grc' dir='ltr'>καλεῖν</span> <span class='ocrx_word' id='word_1_352' title='bbox 3201 2040 3364 2094; x_wconf 79' lang='grc' dir='ltr'>αὑτὸν</span> <span class='ocrx_word' id='word_1_353' title='bbox 3396 2040 3430 2111; x_wconf 82' lang='grc' dir='ltr'>ἡ</span> <span class='ocrx_word' id='word_1_354' title='bbox 3456 2041 3676 2112; x_wconf 81' lang='grc' dir='ltr'>Γραφὴ.</span> 
     </span>
    </p>
   </div>
   <div class='ocr_carea' id='block_1_49' title="bbox 2084 2128 3679 2199">
    <p class='ocr_par' dir='ltr' id='par_1_49' title="bbox 2084 2128 3679 2199">
     <span class='ocr_line' id='line_1_49' title="bbox 2084 2128 3679 2199; baseline 0.002 -18"><span class='ocrx_word' id='word_1_355' title='bbox 2084 2128 2333 2197; x_wconf 87' lang='grc' dir='ltr'>λέγοντος</span> <span class='ocrx_word' id='word_1_356' title='bbox 2370 2131 2464 2183; x_wconf 74' lang='grc' dir='ltr'><strong>καὶ</strong></span> <span class='ocrx_word' id='word_1_357' title='bbox 2500 2129 2736 2183; x_wconf 84' lang='grc' dir='ltr'>Παύλου·</span> <span class='ocrx_word' id='word_1_358' title='bbox 2764 2130 2906 2197; x_wconf 79' lang='grc' dir='ltr'>Περὶ</span> <span class='ocrx_word' id='word_1_359' title='bbox 2938 2128 3006 2182; x_wconf 81' lang='grc' dir='ltr'>δὲ</span> <span class='ocrx_word' id='word_1_360' title='bbox 3030 2128 3156 2184; x_wconf 80' lang='grc' dir='ltr'>’τῶν</span> <span class='ocrx_word' id='word_1_361' title='bbox 3184 2130 3559 2199; x_wconf 79' lang='grc' dir='ltr'>κοιμωμένων</span> <span class='ocrx_word' id='word_1_362' title='bbox 3599 2132 3679 2184; x_wconf 82' lang='grc' dir='ltr'>οὒ</span> 
     </span>
    </p>
   </div>
   <div class='ocr_carea' id='block_1_50' title="bbox 2085 2219 3675 2293">
    <p class='ocr_par' dir='ltr' id='par_1_50' title="bbox 2085 2219 3675 2293">
     <span class='ocr_line' id='line_1_50' title="bbox 2085 2219 3675 2293; baseline -0.001 -18"><span class='ocrx_word' id='word_1_363' title='bbox 2085 2222 2239 2277; x_wconf 85' lang='grc' dir='ltr'>θέλω</span> <span class='ocrx_word' id='word_1_364' title='bbox 2252 2220 2408 2292; x_wconf 78' lang='grc' dir='ltr'>ὑμᾶς</span> <span class='ocrx_word' id='word_1_365' title='bbox 2429 2220 2688 2291; x_wconf 78' lang='grc' dir='ltr'>ἀγνοεῖν,</span> <span class='ocrx_word' id='word_1_366' title='bbox 2704 2219 2975 2289; x_wconf 70' lang='grc' dir='ltr'>ἀδελφοί·</span> <span class='ocrx_word' id='word_1_367' title='bbox 2999 2221 3093 2273; x_wconf 78' lang='grc' dir='ltr'>καὶ</span> <span class='ocrx_word' id='word_1_368' title='bbox 3116 2222 3149 2291; x_wconf 83' lang='grc' dir='ltr'>ἡ</span> <span class='ocrx_word' id='word_1_369' title='bbox 3173 2220 3382 2275; x_wconf 83' lang='grc' dir='ltr'>Παλαιὰ</span> <span class='ocrx_word' id='word_1_370' title='bbox 3403 2219 3458 2274; x_wconf 88' lang='grc' dir='ltr'><strong>δέ</strong></span> <span class='ocrx_word' id='word_1_371' title='bbox 3482 2235 3675 2293; x_wconf 90' lang='grc' dir='ltr'>φησιν·</span> 
     </span>
    </p>
   </div>
   <div class='ocr_carea' id='block_1_51' title="bbox 2097 2311 3489 2384">
    <p class='ocr_par' dir='ltr' id='par_1_51' title="bbox 2097 2311 3489 2384">
     <span class='ocr_line' id='line_1_51' title="bbox 2097 2311 3489 2384; baseline -0.004 -15"><span class='ocrx_word' id='word_1_372' title='bbox 2097 2313 2416 2384; x_wconf 79' lang='grc' dir='ltr'>Ἐκοιμήθη</span> <span class='ocrx_word' id='word_1_373' title='bbox 2451 2311 2635 2367; x_wconf 83' lang='grc' dir='ltr'>Δαυῒδ</span> <span class='ocrx_word' id='word_1_374' title='bbox 2664 2312 2815 2382; x_wconf 80' lang='grc' dir='ltr'>μετὰ</span> <span class='ocrx_word' id='word_1_375' title='bbox 2843 2311 2965 2367; x_wconf 79' lang='grc' dir='ltr'><strong>τῶν</strong></span> <span class='ocrx_word' id='word_1_376' title='bbox 2990 2311 3262 2382; x_wconf 82' lang='grc' dir='ltr'>πατέρων</span> <span class='ocrx_word' id='word_1_377' title='bbox 3283 2312 3489 2367; x_wconf 79' lang='grc' dir='ltr'>αὑτοῦ.</span> 
     </span>
    </p>
   </div>
   <div class='ocr_carea' id='block_1_52' title="bbox 2086 2490 3679 2561">
    <p class='ocr_par' dir='ltr' id='par_1_52' title="bbox 2086 2490 3679 2561">
     <span class='ocr_line' id='line_1_52' title="bbox 2086 2490 3679 2561; baseline -0.001 -15"><span class='ocrx_word' id='word_1_378' title='bbox 2086 2495 2158 2546; x_wconf 78' lang='grc' dir='ltr'><strong>ΑΖ</strong></span> <span class='ocrx_word' id='word_1_379' title='bbox 2182 2490 2452 2561; x_wconf 74' lang='grc' dir='ltr'>ὐψώσεις</span> <span class='ocrx_word' id='word_1_380' title='bbox 2477 2490 2583 2546; x_wconf 86' lang='grc' dir='ltr'>τοῦ</span> <span class='ocrx_word' id='word_1_381' title='bbox 2615 2491 2764 2546; x_wconf 87' lang='grc' dir='ltr'>Θεοῦ</span> <span class='ocrx_word' id='word_1_382' title='bbox 2795 2491 2865 2546; x_wconf 83' lang='grc' dir='ltr'>ἐν</span> <span class='ocrx_word' id='word_1_383' title='bbox 2892 2490 3145 2561; x_wconf 77' lang='grc' dir='ltr'>λάρυγγι</span> <span class='ocrx_word' id='word_1_384' title='bbox 3161 2490 3507 2561; x_wconf 44' lang='grc' dir='ltr'>αὐτῶνηκαὶ</span> <span class='ocrx_word' id='word_1_385' title='bbox 3523 2490 3679 2560; x_wconf 80' lang='grc' dir='ltr'>ῥομ-</span> 
     </span>
    </p>
   </div>
   <div class='ocr_carea' id='block_1_53' title="bbox 2265 2560 3473 2631">
    <p class='ocr_par' dir='ltr' id='par_1_53' title="bbox 2265 2560 3473 2631">
     <span class='ocr_line' id='line_1_53' title="bbox 2265 2560 3473 2631; baseline -0.002 -16"><span class='ocrx_word' id='word_1_386' title='bbox 2265 2562 2433 2631; x_wconf 66' lang='lat' dir='ltr'><strong>gestiat</strong></span> <span class='ocrx_word' id='word_1_387' title='bbox 2461 2562 2734 2631; x_wconf 83' lang='grc' dir='ltr'>δίστομοι</span> <span class='ocrx_word' id='word_1_388' title='bbox 2762 2562 2833 2615; x_wconf 80' lang='grc' dir='ltr'>ἐν</span> <span class='ocrx_word' id='word_1_389' title='bbox 2861 2562 2992 2627; x_wconf 84' lang='grc' dir='ltr'>ταῖς</span> <span class='ocrx_word' id='word_1_390' title='bbox 3019 2560 3233 2631; x_wconf 68' lang='grc' dir='ltr'>χερσιι·</span> <span class='ocrx_word' id='word_1_391' title='bbox 3256 2560 3473 2615; x_wconf 81' lang='grc' dir='ltr'>αὐτῶν.</span> 
     </span>
    </p>
   </div>
   <div class='ocr_carea' id='block_1_54' title="bbox 2158 2651 3678 2726">
    <p class='ocr_par' dir='ltr' id='par_1_54' title="bbox 2158 2651 3678 2726">
     <span class='ocr_line' id='line_1_54' title="bbox 2158 2651 3678 2726; baseline -0.003 -19"><span class='ocrx_word' id='word_1_392' title='bbox 2158 2653 2485 2726; x_wconf 76' lang='grc' dir='ltr'>Παραδόξως</span> <span class='ocrx_word' id='word_1_393' title='bbox 2526 2654 2584 2707; x_wconf 80' lang='grc' dir='ltr'><strong>δὲ</strong></span> <span class='ocrx_word' id='word_1_394' title='bbox 2638 2652 2870 2716; x_wconf 84' lang='grc' dir='ltr'>Ἀκύλας</span> <span class='ocrx_word' id='word_1_395' title='bbox 2905 2652 3007 2723; x_wconf 78' lang='grc' dir='ltr'><strong>τὴν</strong></span> <span class='ocrx_word' id='word_1_396' title='bbox 3045 2652 3397 2705; x_wconf 80' lang='grc' dir='ltr'>ἀποδοθεῖσαν</span> <span class='ocrx_word' id='word_1_397' title='bbox 3434 2651 3678 2706; x_wconf 85' lang='grc' dir='ltr'>διάνοιαν</span> 
     </span>
    </p>
   </div>
   <div class='ocr_carea' id='block_1_55' title="bbox 2086 2743 3673 2819">
    <p class='ocr_par' dir='ltr' id='par_1_55' title="bbox 2086 2743 3673 2819">
     <span class='ocr_line' id='line_1_55' title="bbox 2086 2743 3673 2819; baseline -0.004 -18"><span class='ocrx_word' id='word_1_398' title='bbox 2086 2748 2419 2819; x_wconf 83' lang='grc' dir='ltr'>παρέστησε,</span> <span class='ocrx_word' id='word_1_399' title='bbox 2448 2746 2739 2809; x_wconf 81' lang='grc' dir='ltr'>δουλεύσας</span> <span class='ocrx_word' id='word_1_400' title='bbox 2767 2747 2832 2816; x_wconf 82' lang='grc' dir='ltr'>τῇ</span> <span class='ocrx_word' id='word_1_401' title='bbox 2860 2744 2967 2798; x_wconf 90' lang='grc' dir='ltr'><strong>τῶν</strong></span> <span class='ocrx_word' id='word_1_402' title='bbox 3008 2744 3273 2816; x_wconf 75' lang='grc' dir='ltr'>Ἑϐραίων</span> <span class='ocrx_word' id='word_1_403' title='bbox 3300 2746 3448 2815; x_wconf 81' lang='grc' dir='ltr'>φωνῇ</span> <span class='ocrx_word' id='word_1_404' title='bbox 3475 2743 3673 2796; x_wconf 80' lang='grc' dir='ltr'>εἰπών·</span> 
     </span>
    </p>
   </div>
   <div class='ocr_carea' id='block_1_56' title="bbox 2084 2834 3679 2909">
    <p class='ocr_par' dir='ltr' id='par_1_56' title="bbox 2084 2834 3679 2909">
     <span class='ocr_line' id='line_1_56' title="bbox 2084 2834 3679 2909; baseline -0.003 -17"><span class='ocrx_word' id='word_1_405' title='bbox 2084 2838 2359 2909; x_wconf 81' lang='grc' dir='ltr'>Μάχαιρα</span> <span class='ocrx_word' id='word_1_406' title='bbox 2383 2836 2697 2908; x_wconf 81' lang='grc' dir='ltr'>στομάτων</span> <span class='ocrx_word' id='word_1_407' title='bbox 2732 2838 2843 2908; x_wconf 67' lang='grc'>(52)</span> <span class='ocrx_word' id='word_1_408' title='bbox 2875 2837 2945 2890; x_wconf 85' lang='grc' dir='ltr'>ἐν</span> <span class='ocrx_word' id='word_1_409' title='bbox 2968 2837 3115 2905; x_wconf 73' lang='grc' dir='ltr'>χειρὶ</span> <span class='ocrx_word' id='word_1_410' title='bbox 3139 2835 3355 2889; x_wconf 85' lang='grc' dir='ltr'>αὐτῶν.</span> <span class='ocrx_word' id='word_1_411' title='bbox 3392 2835 3549 2889; x_wconf 83' lang='grc' dir='ltr'>Ἀλλὰ</span> <span class='ocrx_word' id='word_1_412' title='bbox 3577 2834 3679 2888; x_wconf 60' lang='grc' dir='ltr'><strong>καὶ⁸</strong></span> 
     </span>
    </p>
   </div>
   <div class='ocr_carea' id='block_1_57' title="bbox 2087 2926 3676 3001">
    <p class='ocr_par' dir='ltr' id='par_1_57' title="bbox 2087 2926 3676 3001">
     <span class='ocr_line' id='line_1_57' title="bbox 2087 2926 3676 3001; baseline -0.002 -18"><span class='ocrx_word' id='word_1_413' title='bbox 2087 2931 2218 3001; x_wconf 76' lang='grc' dir='ltr'>περὶ</span> <span class='ocrx_word' id='word_1_414' title='bbox 2262 2928 2372 2983; x_wconf 90' lang='grc' dir='ltr'><strong>τῶν</strong></span> <span class='ocrx_word' id='word_1_415' title='bbox 2410 2928 2673 2991; x_wconf 87' lang='grc' dir='ltr'>τοιούτοις</span> <span class='ocrx_word' id='word_1_416' title='bbox 2698 2928 2954 2982; x_wconf 85' lang='grc' dir='ltr'>ἐναντίων</span> <span class='ocrx_word' id='word_1_417' title='bbox 2989 2928 3106 2995; x_wconf 81' lang='grc'><strong>(55)</strong></span> <span class='ocrx_word' id='word_1_418' title='bbox 3136 2927 3351 2999; x_wconf 69' lang='grc' dir='ltr'>εἴρηταί</span> <span class='ocrx_word' id='word_1_419' title='bbox 3377 2944 3501 2980; x_wconf 90' lang='grc' dir='ltr'>που·</span> <span class='ocrx_word' id='word_1_420' title='bbox 3543 2926 3676 2980; x_wconf 72' lang='grc' dir='ltr'><strong>Υἱοὶ</strong></span> 
     </span>
    </p>
   </div>
   <div class='ocr_carea' id='block_1_58' title="bbox 2086 3019 3677 3089">
    <p class='ocr_par' dir='ltr' id='par_1_58' title="bbox 2086 3019 3677 3089">
     <span class='ocr_line' id='line_1_58' title="bbox 2086 3019 3677 3089; baseline -0.003 -13"><span class='ocrx_word' id='word_1_421' title='bbox 2086 3020 2430 3089; x_wconf 81' lang='grc' dir='ltr'>ἀνθρώπων,</span> <span class='ocrx_word' id='word_1_422' title='bbox 2449 3024 2503 3074; x_wconf 90' lang='lat' dir='ltr'><strong>ol</strong></span> <span class='ocrx_word' id='word_1_423' title='bbox 2525 3020 2770 3086; x_wconf 83' lang='grc' dir='ltr'>ὀδόντες</span> <span class='ocrx_word' id='word_1_424' title='bbox 2813 3019 3010 3074; x_wconf 69' lang='grc' dir='ltr'>αὐτῶν</span> <span class='ocrx_word' id='word_1_425' title='bbox 3054 3019 3212 3073; x_wconf 82' lang='grc' dir='ltr'>ὅπλα</span> <span class='ocrx_word' id='word_1_426' title='bbox 3240 3020 3338 3074; x_wconf 77' lang='grc' dir='ltr'>καὶ</span> <span class='ocrx_word' id='word_1_427' title='bbox 3357 3019 3536 3086; x_wconf 77' lang='grc' dir='ltr'>βέλη,</span> <span class='ocrx_word' id='word_1_428' title='bbox 3570 3020 3677 3072; x_wconf 72' lang='grc' dir='ltr'>καὶ</span> 
     </span>
    </p>
   </div>
   <div class='ocr_carea' id='block_1_59' title="bbox 399 3110 1981 3188">
    <p class='ocr_par' dir='ltr' id='par_1_59' title="bbox 399 3116 1981 3188">
     <span class='ocr_line' id='line_1_59' title="bbox 399 3116 1981 3188; baseline 0.004 -18"><span class='ocrx_word' id='word_1_429' title='bbox 399 3127 588 3171; x_wconf 87' lang='lat' dir='ltr'><strong>acutus</strong></span> <span class='ocrx_word' id='word_1_430' title='bbox 629 3116 701 3183; x_wconf 77' lang='lat'><strong>“,</strong></span> <span class='ocrx_word' id='word_1_431' title='bbox 748 3125 810 3170; x_wconf 89' lang='lat' dir='ltr'><strong>ut</strong></span> <span class='ocrx_word' id='word_1_432' title='bbox 850 3116 1103 3170; x_wconf 87' lang='lat' dir='ltr'><strong>occidant</strong></span> <span class='ocrx_word' id='word_1_433' title='bbox 1134 3124 1403 3185; x_wconf 85' lang='lat' dir='ltr'><strong>quotquot</strong></span> <span class='ocrx_word' id='word_1_434' title='bbox 1438 3117 1572 3187; x_wconf 85' lang='lat' dir='ltr'><strong>ipsis</strong></span> <span class='ocrx_word' id='word_1_435' title='bbox 1605 3120 1805 3188; x_wconf 90' lang='lat' dir='ltr'><strong>captivi</strong></span> <span class='ocrx_word' id='word_1_436' title='bbox 1858 3136 1981 3177; x_wconf 90' lang='lat' dir='ltr'><strong>suc-</strong></span> 
     </span>
    </p>
   </div>
   <div class='ocr_carea' id='block_1_60' title="bbox 2091 3110 3678 3188">
    <p class='ocr_par' dir='ltr' id='par_1_60' title="bbox 2091 3110 3678 3182">
     <span class='ocr_line' id='line_1_60' title="bbox 2091 3110 3678 3182; baseline -0.003 -15"><span class='ocrx_word' id='word_1_437' title='bbox 2091 3116 2125 3182; x_wconf 77' lang='grc' dir='ltr'><em>ἡ</em></span> <span class='ocrx_word' id='word_1_438' title='bbox 2142 3112 2394 3182; x_wconf 77' lang='grc' dir='ltr'>γλῶσσα</span> <span class='ocrx_word' id='word_1_439' title='bbox 2407 3111 2605 3167; x_wconf 84' lang='grc' dir='ltr'>αὐτῶν</span> <span class='ocrx_word' id='word_1_440' title='bbox 2614 3112 2877 3182; x_wconf 83' lang='grc' dir='ltr'>μάχαιρα</span> <span class='ocrx_word' id='word_1_441' title='bbox 2894 3110 3078 3177; x_wconf 77' lang='grc' dir='ltr'>ὀξεῖα,</span> <span class='ocrx_word' id='word_1_442' title='bbox 3093 3111 3423 3181; x_wconf 76' lang='grc' dir='ltr'>φονευόντων</span> <span class='ocrx_word' id='word_1_443' title='bbox 3435 3111 3557 3173; x_wconf 87' lang='grc' dir='ltr'>τοὺς</span> <span class='ocrx_word' id='word_1_444' title='bbox 3576 3110 3678 3163; x_wconf 79' lang='grc' dir='ltr'>ὑπ’</span> 
     </span>
    </p>
   </div>
   <div class='ocr_carea' id='block_1_61' title="bbox 400 3206 1981 3279">
    <p class='ocr_par' dir='ltr' id='par_1_61' title="bbox 400 3206 1981 3279">
     <span class='ocr_line' id='line_1_61' title="bbox 400 3206 1981 3279; baseline 0.003 -15"><span class='ocrx_word' id='word_1_445' title='bbox 400 3209 684 3265; x_wconf 89' lang='lat' dir='ltr'><strong>cumbunt.</strong></span> <span class='ocrx_word' id='word_1_446' title='bbox 727 3206 951 3277; x_wconf 81' lang='lat' dir='ltr'><strong>PrOprie</strong></span> <span class='ocrx_word' id='word_1_447' title='bbox 986 3222 1115 3262; x_wconf 86' lang='lat' dir='ltr'><strong>vero</strong></span> <span class='ocrx_word' id='word_1_448' title='bbox 1145 3208 1381 3279; x_wconf 79' lang='lat' dir='ltr'><strong>gladium</strong></span> <span class='ocrx_word' id='word_1_449' title='bbox 1413 3210 1615 3278; x_wconf 77' lang='lat' dir='ltr'><strong>gemini</strong></span> <span class='ocrx_word' id='word_1_450' title='bbox 1650 3212 1766 3266; x_wconf 92' lang='lat' dir='ltr'><strong>oris</strong></span> <span class='ocrx_word' id='word_1_451' title='bbox 1790 3250 1806 3276; x_wconf 88' lang='lat'><strong>,</strong></span> <span class='ocrx_word' id='word_1_452' title='bbox 1842 3214 1981 3268; x_wconf 91' lang='lat' dir='ltr'><strong>acti-</strong></span> 
     </span>
    </p>
   </div>
   <div class='ocr_carea' id='block_1_62' title="bbox 401 3299 1981 3367">
    <p class='ocr_par' dir='ltr' id='par_1_62' title="bbox 401 3299 1981 3367">
     <span class='ocr_line' id='line_1_62' title="bbox 401 3299 1981 3367; baseline 0.001 -11"><span class='ocrx_word' id='word_1_453' title='bbox 401 3303 503 3357; x_wconf 87' lang='lat' dir='ltr'><strong>bus</strong></span> <span class='ocrx_word' id='word_1_454' title='bbox 530 3300 776 3355; x_wconf 82' lang='lat' dir='ltr'><strong>exerceri</strong></span> <span class='ocrx_word' id='word_1_455' title='bbox 819 3303 978 3354; x_wconf 87' lang='lat' dir='ltr'><strong>docet</strong></span> <span class='ocrx_word' id='word_1_456' title='bbox 1016 3299 1329 3354; x_wconf 89' lang='lat' dir='ltr'><strong>Psalmista.</strong></span> <span class='ocrx_word' id='word_1_457' title='bbox 1364 3299 1731 3367; x_wconf 89' lang='lat' dir='ltr'><strong>Dicitautem,</strong></span> <span class='ocrx_word' id='word_1_458' title='bbox 1769 3302 1981 3357; x_wconf 53' lang='lat' dir='ltr'><strong>exaltu-</strong></span> 
     </span>
    </p>
   </div>
   <div class='ocr_carea' id='block_1_63' title="bbox 400 3391 1980 3469">
    <p class='ocr_par' dir='ltr' id='par_1_63' title="bbox 400 3391 1980 3469">
     <span class='ocr_line' id='line_1_63' title="bbox 400 3391 1980 3469; baseline 0.004 -24"><span class='ocrx_word' id='word_1_459' title='bbox 400 3395 568 3447; x_wconf 87' lang='lat' dir='ltr'><strong>tiones</strong></span> <span class='ocrx_word' id='word_1_460' title='bbox 598 3391 698 3445; x_wconf 86' lang='lat' dir='ltr'><strong>Dei</strong></span> <span class='ocrx_word' id='word_1_461' title='bbox 724 3393 778 3446; x_wconf 89' lang='lat' dir='ltr'><strong>in</strong></span> <span class='ocrx_word' id='word_1_462' title='bbox 806 3402 1017 3462; x_wconf 79' lang='lat' dir='ltr'><strong>gutture</strong></span> <span class='ocrx_word' id='word_1_463' title='bbox 1038 3408 1220 3446; x_wconf 86' lang='lat' dir='ltr'><strong>eorum</strong></span> <span class='ocrx_word' id='word_1_464' title='bbox 1243 3432 1259 3458; x_wconf 93' lang='lat'><strong>,</strong></span> <span class='ocrx_word' id='word_1_465' title='bbox 1285 3394 1410 3462; x_wconf 91' lang='lat' dir='ltr'><strong>quia</strong></span> <span class='ocrx_word' id='word_1_466' title='bbox 1442 3408 1577 3449; x_wconf 81' lang='lat' dir='ltr'><strong>voce</strong></span> <span class='ocrx_word' id='word_1_467' title='bbox 1610 3396 1900 3451; x_wconf 80' lang='lat' dir='ltr'><strong>utebantur</strong></span> <span class='ocrx_word' id='word_1_468' title='bbox 1927 3397 1980 3469; x_wconf 85' lang='lat' dir='ltr'><strong>iq</strong></span> 
     </span>
    </p>
   </div>
   <div class='ocr_carea' id='block_1_64' title="bbox 400 3484 1982 3556">
    <p class='ocr_par' dir='ltr' id='par_1_64' title="bbox 400 3484 1982 3556">
     <span class='ocr_line' id='line_1_64' title="bbox 400 3484 1982 3556; baseline 0.002 -17"><span class='ocrx_word' id='word_1_469' title='bbox 400 3486 553 3539; x_wconf 81' lang='lat' dir='ltr'><strong>verbi</strong></span> <span class='ocrx_word' id='word_1_470' title='bbox 590 3484 896 3539; x_wconf 88' lang='lat' dir='ltr'><strong>ministerio</strong></span> <span class='ocrx_word' id='word_1_471' title='bbox 916 3527 930 3551; x_wconf 94' lang='lat'><strong>,</strong></span> <span class='ocrx_word' id='word_1_472' title='bbox 962 3484 1106 3554; x_wconf 90' lang='lat' dir='ltr'><strong>apud</strong></span> <span class='ocrx_word' id='word_1_473' title='bbox 1138 3499 1234 3539; x_wconf 91' lang='lat' dir='ltr'><strong>eos</strong></span> <span class='ocrx_word' id='word_1_474' title='bbox 1263 3485 1354 3555; x_wconf 91' lang='lat' dir='ltr'><strong>qui</strong></span> <span class='ocrx_word' id='word_1_475' title='bbox 1388 3487 1579 3542; x_wconf 88' lang='lat' dir='ltr'><strong>audire</strong></span> <span class='ocrx_word' id='word_1_476' title='bbox 1608 3495 1860 3556; x_wconf 83' lang='lat' dir='ltr'><strong>poterant</strong></span> <span class='ocrx_word' id='word_1_477' title='bbox 1896 3497 1982 3542; x_wconf 85' lang='lat' dir='ltr'><strong>at-</strong></span> 
     </span>
    </p>
   </div>
   <div class='ocr_carea' id='block_1_65' title="bbox 403 3576 1986 3647">
    <p class='ocr_par' dir='ltr' id='par_1_65' title="bbox 403 3576 1986 3647">
     <span class='ocr_line' id='line_1_65' title="bbox 403 3576 1986 3647; baseline 0.003 -18"><span class='ocrx_word' id='word_1_478' title='bbox 403 3576 655 3631; x_wconf 86' lang='lat' dir='ltr'><strong>tollentes</strong></span> <span class='ocrx_word' id='word_1_479' title='bbox 691 3576 975 3647; x_wconf 85' lang='lat' dir='ltr'><strong>hymnum.</strong></span> <span class='ocrx_word' id='word_1_480' title='bbox 1009 3577 1236 3631; x_wconf 85' lang='lat' dir='ltr'><strong>Actibus</strong></span> <span class='ocrx_word' id='word_1_481' title='bbox 1273 3589 1452 3632; x_wconf 90' lang='lat' dir='ltr'><strong>autem</strong></span> <span class='ocrx_word' id='word_1_482' title='bbox 1507 3579 1612 3632; x_wconf 88' lang='lat' dir='ltr'><strong>vim</strong></span> <span class='ocrx_word' id='word_1_483' title='bbox 1659 3581 1986 3635; x_wconf 81' lang='lat' dir='ltr'><strong>exserebaut</strong></span> 
     </span>
    </p>
   </div>
   <div class='ocr_carea' id='block_1_66' title="bbox 400 3668 1981 3737">
    <p class='ocr_par' dir='ltr' id='par_1_66' title="bbox 400 3668 1981 3737">
     <span class='ocr_line' id='line_1_66' title="bbox 400 3668 1981 3737; baseline 0.001 -15"><span class='ocrx_word' id='word_1_484' title='bbox 400 3668 725 3723; x_wconf 73' lang='lat' dir='ltr'><strong>adversaria:</strong></span> <span class='ocrx_word' id='word_1_485' title='bbox 754 3668 1013 3737; x_wconf 66' lang='lat' dir='ltr'><strong>potentiae</strong></span> <span class='ocrx_word' id='word_1_486' title='bbox 1039 3668 1341 3723; x_wconf 84' lang='lat' dir='ltr'><strong>victricem.</strong></span> <span class='ocrx_word' id='word_1_487' title='bbox 1384 3668 1575 3724; x_wconf 80' lang='lat' dir='ltr'><strong>Manus</strong></span> <span class='ocrx_word' id='word_1_488' title='bbox 1608 3669 1820 3725; x_wconf 89' lang='lat' dir='ltr'><strong>illorum</strong></span> <span class='ocrx_word' id='word_1_489' title='bbox 1845 3708 1861 3735; x_wconf 89' lang='lat'><strong>,</strong></span> <span class='ocrx_word' id='word_1_490' title='bbox 1892 3686 1981 3724; x_wconf 83' lang='lat' dir='ltr'><strong>ac-</strong></span> 
     </span>
    </p>
   </div>
   <div class='ocr_carea' id='block_1_67' title="bbox 401 3760 1984 3830">
    <p class='ocr_par' dir='ltr' id='par_1_67' title="bbox 401 3760 1984 3830">
     <span class='ocr_line' id='line_1_67' title="bbox 401 3760 1984 3830; baseline 0.001 -15"><span class='ocrx_word' id='word_1_491' title='bbox 401 3770 488 3816; x_wconf 89' lang='lat' dir='ltr'><strong>tus</strong></span> <span class='ocrx_word' id='word_1_492' title='bbox 511 3761 665 3826; x_wconf 91' lang='lat' dir='ltr'><strong>dicit,</strong></span> <span class='ocrx_word' id='word_1_493' title='bbox 712 3761 827 3816; x_wconf 86' lang='lat' dir='ltr'><strong>sive</strong></span> <span class='ocrx_word' id='word_1_494' title='bbox 862 3760 938 3814; x_wconf 90' lang='lat' dir='ltr'><strong>rei</strong></span> <span class='ocrx_word' id='word_1_495' title='bbox 987 3761 1238 3830; x_wconf 78' lang='lat' dir='ltr'><strong>gerenda:</strong></span> <span class='ocrx_word' id='word_1_496' title='bbox 1263 3775 1449 3814; x_wconf 87' lang='lat' dir='ltr'><strong>curam</strong></span> <span class='ocrx_word' id='word_1_497' title='bbox 1494 3771 1821 3828; x_wconf 85' lang='lat' dir='ltr'><strong>susceptam.</strong></span> <span class='ocrx_word' id='word_1_498' title='bbox 1853 3762 1984 3817; x_wconf 85' lang='lat' dir='ltr'><strong>Erat</strong></span> 
     </span>
    </p>
   </div>
   <div class='ocr_carea' id='block_1_68' title="bbox 399 3850 1984 3924">
    <p class='ocr_par' dir='ltr' id='par_1_68' title="bbox 399 3850 1984 3924">
     <span class='ocr_line' id='line_1_68' title="bbox 399 3850 1984 3924; baseline 0.001 -18"><span class='ocrx_word' id='word_1_499' title='bbox 399 3861 583 3908; x_wconf 83' lang='lat' dir='ltr'><strong>autem</strong></span> <span class='ocrx_word' id='word_1_500' title='bbox 614 3854 733 3907; x_wconf 66' lang='lat' dir='ltr'><strong>hac</strong></span> <span class='ocrx_word' id='word_1_501' title='bbox 767 3850 1079 3919; x_wconf 82' lang='lat' dir='ltr'><strong>evangelica</strong></span> <span class='ocrx_word' id='word_1_502' title='bbox 1113 3852 1447 3919; x_wconf 72' lang='lat' dir='ltr'><strong>praedicatio,</strong></span> <span class='ocrx_word' id='word_1_503' title='bbox 1484 3866 1605 3922; x_wconf 66' lang='lat' dir='ltr'><strong>quae</strong></span> <span class='ocrx_word' id='word_1_504' title='bbox 1627 3852 1839 3924; x_wconf 79' lang='lat' dir='ltr'><strong>gladius</strong></span> <span class='ocrx_word' id='word_1_505' title='bbox 1858 3869 1984 3923; x_wconf 91' lang='lat' dir='ltr'><strong>quo-</strong></span> 
     </span>
    </p>
   </div>
   <div class='ocr_carea' id='block_1_69' title="bbox 399 3941 1983 4013">
    <p class='ocr_par' dir='ltr' id='par_1_69' title="bbox 399 3941 1983 4013">
     <span class='ocr_line' id='line_1_69' title="bbox 399 3941 1983 4013; baseline 0.001 -16"><span class='ocrx_word' id='word_1_506' title='bbox 399 3958 507 4012; x_wconf 92' lang='lat' dir='ltr'><strong>que</strong></span> <span class='ocrx_word' id='word_1_507' title='bbox 542 3942 877 4004; x_wconf 88' lang='lat' dir='ltr'><strong>nominatur,</strong></span> <span class='ocrx_word' id='word_1_508' title='bbox 911 3941 1040 4009; x_wconf 87' lang='lat' dir='ltr'><strong>quia</strong></span> <span class='ocrx_word' id='word_1_509' title='bbox 1076 3942 1340 3997; x_wconf 88' lang='lat' dir='ltr'><strong>malorum</strong></span> <span class='ocrx_word' id='word_1_510' title='bbox 1388 3952 1446 3997; x_wconf 93' lang='lat' dir='ltr'><strong>et</strong></span> <span class='ocrx_word' id='word_1_511' title='bbox 1481 3943 1820 4013; x_wconf 85' lang='lat' dir='ltr'><strong>impurorum</strong></span> <span class='ocrx_word' id='word_1_512' title='bbox 1869 3945 1983 4013; x_wconf 89' lang='lat' dir='ltr'><strong>spi-</strong></span> 
     </span>
    </p>
   </div>
   <div class='ocr_carea' id='block_1_70' title="bbox 402 4034 1986 4106">
    <p class='ocr_par' dir='ltr' id='par_1_70' title="bbox 402 4034 1986 4106">
     <span class='ocr_line' id='line_1_70' title="bbox 402 4034 1986 4106; baseline 0.001 -16"><span class='ocrx_word' id='word_1_513' title='bbox 402 4036 602 4090; x_wconf 89' lang='lat' dir='ltr'><strong>rituum</strong></span> <span class='ocrx_word' id='word_1_514' title='bbox 651 4047 847 4103; x_wconf 79' lang='lat' dir='ltr'><strong>greges</strong></span> <span class='ocrx_word' id='word_1_515' title='bbox 895 4034 1287 4102; x_wconf 86' lang='lat' dir='ltr'><strong>persequitur,</strong></span> <span class='ocrx_word' id='word_1_516' title='bbox 1340 4042 1395 4087; x_wconf 92' lang='lat' dir='ltr'><strong>et</strong></span> <span class='ocrx_word' id='word_1_517' title='bbox 1449 4049 1743 4104; x_wconf 87' lang='lat' dir='ltr'><strong>oppressas</strong></span> <span class='ocrx_word' id='word_1_518' title='bbox 1799 4036 1986 4106; x_wconf 89' lang='lat' dir='ltr'><strong>inique</strong></span> 
     </span>
    </p>
   </div>
   <div class='ocr_carea' id='block_1_71' title="bbox 400 4124 1979 4197">
    <p class='ocr_par' dir='ltr' id='par_1_71' title="bbox 400 4124 1979 4197">
     <span class='ocr_line' id='line_1_71' title="bbox 400 4124 1979 4197; baseline 0.002 -18"><span class='ocrx_word' id='word_1_519' title='bbox 400 4135 591 4197; x_wconf 84' lang='lat' dir='ltr'><strong>gentes</strong></span> <span class='ocrx_word' id='word_1_520' title='bbox 641 4124 943 4191; x_wconf 87' lang='lat' dir='ltr'><strong>ulciscitur,</strong></span> <span class='ocrx_word' id='word_1_521' title='bbox 990 4133 1049 4180; x_wconf 90' lang='lat' dir='ltr'><strong>et</strong></span> <span class='ocrx_word' id='word_1_522' title='bbox 1102 4124 1505 4180; x_wconf 88' lang='lat' dir='ltr'><strong>idololatricum</strong></span> <span class='ocrx_word' id='word_1_523' title='bbox 1561 4127 1744 4197; x_wconf 89' lang='lat' dir='ltr'><strong>populi</strong></span> <span class='ocrx_word' id='word_1_524' title='bbox 1776 4127 1979 4183; x_wconf 83' lang='lat' dir='ltr'><strong>cultum</strong></span> 
     </span>
    </p>
   </div>
   <div class='ocr_carea' id='block_1_72' title="bbox 400 4217 671 4272">
    <p class='ocr_par' dir='ltr' id='par_1_72' title="bbox 400 4217 671 4272">
     <span class='ocr_line' id='line_1_72' title="bbox 400 4217 671 4272; baseline -0.004 0"><span class='ocrx_word' id='word_1_525' title='bbox 400 4217 671 4272; x_wconf 83' lang='lat' dir='ltr'><strong>emendat.</strong></span> 
     </span>
    </p>
   </div>
   <div class='ocr_carea' id='block_1_73' title="bbox 404 4391 1979 4467">
    <p class='ocr_par' dir='ltr' id='par_1_73' title="bbox 404 4391 1979 4467">
     <span class='ocr_line' id='line_1_73' title="bbox 404 4391 1979 4467; baseline 0.005 -19"><span class='ocrx_word' id='word_1_526' title='bbox 404 4391 571 4448; x_wconf 72' lang='lat' dir='ltr'><strong>Vsus.</strong></span> <span class='ocrx_word' id='word_1_527' title='bbox 598 4392 649 4448; x_wconf 93' lang='lat'><strong>8.</strong></span> <span class='ocrx_word' id='word_1_528' title='bbox 686 4392 768 4446; x_wconf 85' lang='lat' dir='ltr'><strong>Ad</strong></span> <span class='ocrx_word' id='word_1_529' title='bbox 800 4392 1098 4464; x_wconf 78' lang='lat' dir='ltr'><strong>alligandos</strong></span> <span class='ocrx_word' id='word_1_530' title='bbox 1124 4409 1267 4463; x_wconf 84' lang='lat' dir='ltr'><strong>reges</strong></span> <span class='ocrx_word' id='word_1_531' title='bbox 1292 4409 1473 4448; x_wconf 88' lang='lat' dir='ltr'><strong>eorum</strong></span> <span class='ocrx_word' id='word_1_532' title='bbox 1496 4396 1979 4467; x_wconf 85' lang='lat' dir='ltr'><strong>compedibus,etc.</strong></span> 
     </span>
    </p>
   </div>
   <div class='ocr_carea' id='block_1_74' title="bbox 473 4485 2052 4559">
    <p class='ocr_par' dir='ltr' id='par_1_74' title="bbox 473 4485 2052 4559">
     <span class='ocr_line' id='line_1_74' title="bbox 473 4485 2052 4559; baseline 0.004 -20"><span class='ocrx_word' id='word_1_533' title='bbox 473 4485 921 4556; x_wconf 83' lang='lat' dir='ltr'><strong>Quandoquidem</strong></span> <span class='ocrx_word' id='word_1_534' title='bbox 951 4487 1094 4541; x_wconf 90' lang='lat' dir='ltr'><strong>haud</strong></span> <span class='ocrx_word' id='word_1_535' title='bbox 1121 4486 1282 4543; x_wconf 88' lang='lat' dir='ltr'><strong>aliter</strong></span> <span class='ocrx_word' id='word_1_536' title='bbox 1308 4487 1511 4544; x_wconf 89' lang='lat' dir='ltr'><strong>licebat</strong></span> <span class='ocrx_word' id='word_1_537' title='bbox 1535 4492 1749 4559; x_wconf 89' lang='lat' dir='ltr'><strong>eripere</strong></span> <span class='ocrx_word' id='word_1_538' title='bbox 1794 4506 1860 4547; x_wconf 90' lang='lat' dir='ltr'><strong>ac</strong></span> <span class='ocrx_word' id='word_1_539' title='bbox 1904 4490 1974 4546; x_wconf 84' lang='lat' dir='ltr'><strong>li-</strong></span> <span class='ocrx_word' id='word_1_540' title='bbox 2008 4489 2052 4545; x_wconf 89' lang='lat' dir='ltr'><strong>D</strong></span> 
     </span>
    </p>
   </div>
   <div class='ocr_carea' id='block_1_75' title="bbox 403 4578 1978 4650">
    <p class='ocr_par' dir='ltr' id='par_1_75' title="bbox 403 4578 1978 4650">
     <span class='ocr_line' id='line_1_75' title="bbox 403 4578 1978 4650; baseline 0.003 -18"><span class='ocrx_word' id='word_1_541' title='bbox 403 4579 599 4632; x_wconf 86' lang='lat' dir='ltr'><strong>herare</strong></span> <span class='ocrx_word' id='word_1_542' title='bbox 645 4592 742 4633; x_wconf 77' lang='lat' dir='ltr'><strong>eos</strong></span> <span class='ocrx_word' id='word_1_543' title='bbox 779 4578 872 4648; x_wconf 91' lang='lat' dir='ltr'><strong>qui</strong></span> <span class='ocrx_word' id='word_1_544' title='bbox 905 4578 1210 4632; x_wconf 70' lang='lat' dir='ltr'><strong>daemonum</strong></span> <span class='ocrx_word' id='word_1_545' title='bbox 1264 4578 1395 4634; x_wconf 91' lang='lat' dir='ltr'><strong>olim</strong></span> <span class='ocrx_word' id='word_1_546' title='bbox 1434 4585 1822 4650; x_wconf 90' lang='lat' dir='ltr'><strong>premebantur</strong></span> <span class='ocrx_word' id='word_1_547' title='bbox 1856 4597 1978 4639; x_wconf 90' lang='lat' dir='ltr'><strong>ser-</strong></span> 
     </span>
    </p>
   </div>
   <div class='ocr_carea' id='block_1_76' title="bbox 401 4671 1979 4745">
    <p class='ocr_par' dir='ltr' id='par_1_76' title="bbox 401 4671 1979 4745">
     <span class='ocr_line' id='line_1_76' title="bbox 401 4671 1979 4745; baseline 0.002 -16"><span class='ocrx_word' id='word_1_548' title='bbox 401 4674 555 4739; x_wconf 87' lang='lat' dir='ltr'><strong>vitio,</strong></span> <span class='ocrx_word' id='word_1_549' title='bbox 586 4673 694 4728; x_wconf 91' lang='lat' dir='ltr'><strong>nisi</strong></span> <span class='ocrx_word' id='word_1_550' title='bbox 721 4671 941 4728; x_wconf 91' lang='lat' dir='ltr'><strong>domitis</strong></span> <span class='ocrx_word' id='word_1_551' title='bbox 979 4672 1321 4743; x_wconf 87' lang='lat' dir='ltr'><strong>alligatisque</strong></span> <span class='ocrx_word' id='word_1_552' title='bbox 1352 4674 1591 4744; x_wconf 90' lang='lat' dir='ltr'><strong>ipsorum</strong></span> <span class='ocrx_word' id='word_1_553' title='bbox 1620 4674 1979 4745; x_wconf 85' lang='lat' dir='ltr'><strong>principibus,</strong></span> 
     </span>
    </p>
   </div>
   <div class='ocr_carea' id='block_1_77' title="bbox 403 4761 1979 4834">
    <p class='ocr_par' dir='ltr' id='par_1_77' title="bbox 403 4761 1979 4834">
     <span class='ocr_line' id='line_1_77' title="bbox 403 4761 1979 4834; baseline 0.002 -15"><span class='ocrx_word' id='word_1_554' title='bbox 403 4765 602 4819; x_wconf 88' lang='lat' dir='ltr'><strong>merito</strong></span> <span class='ocrx_word' id='word_1_555' title='bbox 633 4765 746 4818; x_wconf 70' lang='lat' dir='ltr'><strong>haec</strong></span> <span class='ocrx_word' id='word_1_556' title='bbox 795 4763 972 4833; x_wconf 89' lang='lat' dir='ltr'><strong>pergit</strong></span> <span class='ocrx_word' id='word_1_557' title='bbox 1002 4764 1209 4818; x_wconf 89' lang='lat' dir='ltr'><strong>dicere.</strong></span> <span class='ocrx_word' id='word_1_558' title='bbox 1253 4761 1383 4819; x_wconf 90' lang='lat' dir='ltr'><strong>Loci</strong></span> <span class='ocrx_word' id='word_1_559' title='bbox 1420 4778 1639 4818; x_wconf 85' lang='lat' dir='ltr'><strong>sensum</strong></span> <span class='ocrx_word' id='word_1_560' title='bbox 1686 4779 1979 4834; x_wconf 89' lang='lat' dir='ltr'><strong>cognosces</strong></span> 
     </span>
    </p>
   </div>
   <div class='ocr_carea' id='block_1_78' title="bbox 402 4855 1977 4928">
    <p class='ocr_par' dir='ltr' id='par_1_78' title="bbox 402 4855 1977 4928">
     <span class='ocr_line' id='line_1_78' title="bbox 402 4855 1977 4928; baseline 0 -15"><span class='ocrx_word' id='word_1_561' title='bbox 402 4858 569 4913; x_wconf 85' lang='lat' dir='ltr'><strong>etiam</strong></span> <span class='ocrx_word' id='word_1_562' title='bbox 593 4873 623 4910; x_wconf 89' lang='lat' dir='ltr'><strong>a</strong></span> <span class='ocrx_word' id='word_1_563' title='bbox 655 4856 962 4912; x_wconf 84' lang='lat' dir='ltr'><strong>Servatoris</strong></span> <span class='ocrx_word' id='word_1_564' title='bbox 990 4871 1123 4911; x_wconf 89' lang='lat' dir='ltr'><strong>voce</strong></span> <span class='ocrx_word' id='word_1_565' title='bbox 1153 4856 1384 4911; x_wconf 88' lang='lat' dir='ltr'><strong>dicentis</strong></span> <span class='ocrx_word' id='word_1_566' title='bbox 1421 4874 1437 4911; x_wconf 89' lang='lat'><strong>:</strong></span> <span class='ocrx_word' id='word_1_567' title='bbox 1477 4855 1753 4922; x_wconf 83' lang='lat' dir='ltr'><strong>Quomodo</strong></span> <span class='ocrx_word' id='word_1_568' title='bbox 1785 4857 1977 4928; x_wconf 78' lang='lat' dir='ltr'><strong>aliquis</strong></span> 
     </span>
    </p>
   </div>
   <div class='ocr_carea' id='block_1_79' title="bbox 402 4949 1976 5021">
    <p class='ocr_par' dir='ltr' id='par_1_79' title="bbox 402 4949 1976 5021">
     <span class='ocr_line' id='line_1_79' title="bbox 402 4949 1976 5021; baseline -0.001 -17"><span class='ocrx_word' id='word_1_569' title='bbox 402 4951 608 5021; x_wconf 82' lang='lat' dir='ltr'><strong>ingredi</strong></span> <span class='ocrx_word' id='word_1_570' title='bbox 646 4961 813 5018; x_wconf 81' lang='lat' dir='ltr'><strong>potest</strong></span> <span class='ocrx_word' id='word_1_571' title='bbox 857 4951 1071 5003; x_wconf 86' lang='lat' dir='ltr'><strong>domum</strong></span> <span class='ocrx_word' id='word_1_572' title='bbox 1112 4949 1267 5019; x_wconf 73' lang='lat' dir='ltr'><strong>{ortis</strong></span> <span class='ocrx_word' id='word_1_573' title='bbox 1289 4990 1304 5016; x_wconf 90' lang='lat'><strong>,</strong></span> <span class='ocrx_word' id='word_1_574' title='bbox 1336 4950 1550 5020; x_wconf 83' lang='lat' dir='ltr'><strong>ejusque</strong></span> <span class='ocrx_word' id='word_1_575' title='bbox 1579 4966 1702 5004; x_wconf 82' lang='lat' dir='ltr'><strong>uasa</strong></span> <span class='ocrx_word' id='word_1_576' title='bbox 1730 4950 1976 5019; x_wconf 82' lang='lat' dir='ltr'><strong>diripere,</strong></span> 
     </span>
    </p>
   </div>
   <div class='ocr_carea' id='block_1_80' title="bbox 2090 3203 3680 3278">
    <p class='ocr_par' dir='ltr' id='par_1_80' title="bbox 2090 3203 3680 3278">
     <span class='ocr_line' id='line_1_80' title="bbox 2090 3203 3680 3278; baseline -0.001 -18"><span class='ocrx_word' id='word_1_577' title='bbox 2090 3206 2269 3261; x_wconf 80' lang='grc' dir='ltr'>αὐτῶν</span> <span class='ocrx_word' id='word_1_578' title='bbox 2291 3206 2590 3277; x_wconf 83' lang='grc' dir='ltr'>ἡλωκότας.</span> <span class='ocrx_word' id='word_1_579' title='bbox 2633 3207 2861 3270; x_wconf 87' lang='grc' dir='ltr'>Οίκείως</span> <span class='ocrx_word' id='word_1_580' title='bbox 2891 3206 2949 3259; x_wconf 87' lang='grc' dir='ltr'><strong>δέ</strong></span> <span class='ocrx_word' id='word_1_581' title='bbox 2991 3206 3089 3278; x_wconf 78' lang='grc' dir='ltr'>τὴν</span> <span class='ocrx_word' id='word_1_582' title='bbox 3123 3206 3220 3277; x_wconf 84' lang='grc' dir='ltr'>μὲν</span> <span class='ocrx_word' id='word_1_583' title='bbox 3257 3204 3529 3277; x_wconf 87' lang='grc' dir='ltr'>μάχαιραν</span> <span class='ocrx_word' id='word_1_584' title='bbox 3561 3203 3680 3258; x_wconf 86' lang='grc' dir='ltr'><strong>τῶν</strong></span> 
     </span>
    </p>
   </div>
   <div class='ocr_carea' id='block_1_81' title="bbox 2092 3296 3681 3370">
    <p class='ocr_par' dir='ltr' id='par_1_81' title="bbox 2092 3296 3681 3370">
     <span class='ocr_line' id='line_1_81' title="bbox 2092 3296 3681 3370; baseline -0.002 -18"><span class='ocrx_word' id='word_1_585' title='bbox 2092 3299 2370 3370; x_wconf 83' lang='grc' dir='ltr'>στομάτων</span> <span class='ocrx_word' id='word_1_586' title='bbox 2415 3300 2472 3353; x_wconf 87' lang='grc' dir='ltr'><strong>ἐν</strong></span> <span class='ocrx_word' id='word_1_587' title='bbox 2500 3301 2621 3362; x_wconf 87' lang='grc' dir='ltr'>ταῖς</span> <span class='ocrx_word' id='word_1_588' title='bbox 2663 3298 2927 3365; x_wconf 77' lang='grc' dir='ltr'>πράξεσιν</span> <span class='ocrx_word' id='word_1_589' title='bbox 2974 3298 3214 3369; x_wconf 77' lang='grc' dir='ltr'>ἐνεργεῖν</span> <span class='ocrx_word' id='word_1_590' title='bbox 3257 3299 3285 3350; x_wconf 89' lang='lat'><strong>6</strong></span> <span class='ocrx_word' id='word_1_591' title='bbox 3327 3296 3481 3365; x_wconf 87' lang='grc' dir='ltr'>λόγος</span> <span class='ocrx_word' id='word_1_592' title='bbox 3531 3314 3681 3367; x_wconf 80' lang='grc' dir='ltr'>παρ-</span> 
     </span>
    </p>
   </div>
   <div class='ocr_carea' id='block_1_82' title="bbox 2090 3384 3680 3459">
    <p class='ocr_par' dir='ltr' id='par_1_82' title="bbox 2090 3384 3680 3459">
     <span class='ocr_line' id='line_1_82' title="bbox 2090 3384 3680 3459; baseline -0.001 -18"><span class='ocrx_word' id='word_1_593' title='bbox 2090 3388 2308 3459; x_wconf 88' lang='grc' dir='ltr'>έστησε,</span> <span class='ocrx_word' id='word_1_594' title='bbox 2359 3387 2466 3454; x_wconf 84' lang='grc' dir='ltr'>τὰς</span> <span class='ocrx_word' id='word_1_595' title='bbox 2495 3388 2552 3440; x_wconf 86' lang='grc' dir='ltr'>δὲ</span> <span class='ocrx_word' id='word_1_596' title='bbox 2580 3389 2848 3456; x_wconf 70' lang='grc' dir='ltr'>ὑψώσεις</span> <span class='ocrx_word' id='word_1_597' title='bbox 2874 3386 2979 3441; x_wconf 81' lang='grc' dir='ltr'>τοῦ</span> <span class='ocrx_word' id='word_1_598' title='bbox 3011 3385 3159 3440; x_wconf 87' lang='grc' dir='ltr'>Θεοῦ</span> <span class='ocrx_word' id='word_1_599' title='bbox 3187 3387 3257 3439; x_wconf 80' lang='grc' dir='ltr'>ἐν</span> <span class='ocrx_word' id='word_1_600' title='bbox 3302 3384 3381 3451; x_wconf 84' lang='grc' dir='ltr'>τῷ</span> <span class='ocrx_word' id='word_1_601' title='bbox 3421 3387 3680 3455; x_wconf 82' lang='grc' dir='ltr'>στόματι</span> 
     </span>
    </p>
   </div>
   <div class='ocr_carea' id='block_1_83' title="bbox 2090 3476 3675 3550">
    <p class='ocr_par' dir='ltr' id='par_1_83' title="bbox 2090 3476 3675 3550">
     <span class='ocr_line' id='line_1_83' title="bbox 2090 3476 3675 3550; baseline -0.002 -16"><span class='ocrx_word' id='word_1_602' title='bbox 2090 3479 2307 3546; x_wconf 82' lang='grc' dir='ltr'>αὐτῶν,</span> <span class='ocrx_word' id='word_1_603' title='bbox 2339 3482 2489 3550; x_wconf 82' lang='grc' dir='ltr'>φωνῇ</span> <span class='ocrx_word' id='word_1_604' title='bbox 2513 3478 2621 3549; x_wconf 85' lang='grc' dir='ltr'>γὰρ</span> <span class='ocrx_word' id='word_1_605' title='bbox 2644 3479 2880 3550; x_wconf 83' lang='grc' dir='ltr'>ἐχρῶντο</span> <span class='ocrx_word' id='word_1_606' title='bbox 2914 3479 3006 3531; x_wconf 74' lang='grc' dir='ltr'><strong>ἐπὶ</strong></span> <span class='ocrx_word' id='word_1_607' title='bbox 3027 3477 3347 3549; x_wconf 77' lang='grc' dir='ltr'>διδασκαλίᾳ</span> <span class='ocrx_word' id='word_1_608' title='bbox 3366 3477 3459 3531; x_wconf 80' lang='grc' dir='ltr'>τοῦ</span> <span class='ocrx_word' id='word_1_609' title='bbox 3484 3476 3675 3547; x_wconf 87' lang='grc' dir='ltr'>λόγου,</span> 
     </span>
    </p>
   </div>
   <div class='ocr_carea' id='block_1_84' title="bbox 2090 3564 3671 3644">
    <p class='ocr_par' dir='ltr' id='par_1_84' title="bbox 2090 3564 3671 3644">
     <span class='ocr_line' id='line_1_84' title="bbox 2090 3564 3671 3644; baseline -0.001 -19"><span class='ocrx_word' id='word_1_610' title='bbox 2090 3573 2244 3644; x_wconf 85' lang='grc' dir='ltr'>παρὰ</span> <span class='ocrx_word' id='word_1_611' title='bbox 2267 3576 2377 3637; x_wconf 89' lang='grc' dir='ltr'>τοῖς</span> <span class='ocrx_word' id='word_1_612' title='bbox 2398 3572 2620 3627; x_wconf 85' lang='grc' dir='ltr'>ἀκούειν</span> <span class='ocrx_word' id='word_1_613' title='bbox 2650 3564 3323 3642; x_wconf 76' lang='grc' dir='ltr'>δυναμένοιςάνυψοῢντες</span> <span class='ocrx_word' id='word_1_614' title='bbox 3355 3570 3445 3624; x_wconf 81' lang='grc' dir='ltr'>τὸν</span> <span class='ocrx_word' id='word_1_615' title='bbox 3465 3569 3635 3641; x_wconf 76' lang='grc' dir='ltr'>ὕμνον</span> <span class='ocrx_word' id='word_1_616' title='bbox 3652 3586 3671 3601; x_wconf 85' lang='grc'><strong>·</strong></span> 
     </span>
    </p>
   </div>
   <div class='ocr_carea' id='block_1_85' title="bbox 2089 3659 3677 3737">
    <p class='ocr_par' dir='ltr' id='par_1_85' title="bbox 2089 3659 3677 3737">
     <span class='ocr_line' id='line_1_85' title="bbox 2089 3659 3677 3737; baseline -0.001 -19"><span class='ocrx_word' id='word_1_617' title='bbox 2089 3669 2211 3729; x_wconf 87' lang='grc' dir='ltr'>ταῖς</span> <span class='ocrx_word' id='word_1_618' title='bbox 2245 3666 2304 3719; x_wconf 82' lang='grc' dir='ltr'><strong>δὲ</strong></span> <span class='ocrx_word' id='word_1_619' title='bbox 2348 3665 2611 3737; x_wconf 82' lang='grc' dir='ltr'>πράξεσιν</span> <span class='ocrx_word' id='word_1_620' title='bbox 2659 3664 2811 3734; x_wconf 77' lang='grc' dir='ltr'>ἰσχὺν</span> <span class='ocrx_word' id='word_1_621' title='bbox 2859 3659 3005 3734; x_wconf 80' lang='grc' dir='ltr'>εῖχον</span> <span class='ocrx_word' id='word_1_622' title='bbox 3050 3664 3439 3735; x_wconf 78' lang='grc' dir='ltr'>καθαιρετικὴν</span> <span class='ocrx_word' id='word_1_623' title='bbox 3486 3663 3677 3734; x_wconf 84' lang='grc' dir='ltr'>πάσης</span> 
     </span>
    </p>
   </div>
   <div class='ocr_carea' id='block_1_86' title="bbox 2089 3753 3674 3829">
    <p class='ocr_par' dir='ltr' id='par_1_86' title="bbox 2089 3753 3674 3829">
     <span class='ocr_line' id='line_1_86' title="bbox 2089 3753 3674 3829; baseline -0.003 -18"><span class='ocrx_word' id='word_1_624' title='bbox 2089 3758 2473 3829; x_wconf 76' lang='grc' dir='ltr'>ἀντικειμένης</span> <span class='ocrx_word' id='word_1_625' title='bbox 2496 3756 2796 3827; x_wconf 82' lang='grc' dir='ltr'>δυνάμεως.</span> <span class='ocrx_word' id='word_1_626' title='bbox 2826 3754 3029 3827; x_wconf 80' lang='grc' dir='ltr'>Χεῖρας</span> <span class='ocrx_word' id='word_1_627' title='bbox 3055 3755 3154 3826; x_wconf 81' lang='grc' dir='ltr'><strong>μὲν</strong></span> <span class='ocrx_word' id='word_1_628' title='bbox 3186 3754 3365 3809; x_wconf 77' lang='grc' dir='ltr'>αὐτῶν</span> <span class='ocrx_word' id='word_1_629' title='bbox 3390 3753 3488 3818; x_wconf 83' lang='grc' dir='ltr'>τὰς</span> <span class='ocrx_word' id='word_1_630' title='bbox 3526 3755 3674 3825; x_wconf 81' lang='grc' dir='ltr'>πρά-</span> 
     </span>
    </p>
   </div>
   <div class='ocr_carea' id='block_1_87' title="bbox 2093 3843 3667 3920">
    <p class='ocr_par' dir='ltr' id='par_1_87' title="bbox 2093 3843 3667 3920">
     <span class='ocr_line' id='line_1_87' title="bbox 2093 3843 3667 3920; baseline -0.004 -17"><span class='ocrx_word' id='word_1_631' title='bbox 2093 3851 2204 3916; x_wconf 83' lang='grc' dir='ltr'>ξεις</span> <span class='ocrx_word' id='word_1_632' title='bbox 2251 3851 2439 3920; x_wconf 80' lang='grc' dir='ltr'>φησὶν,</span> <span class='ocrx_word' id='word_1_633' title='bbox 2495 3849 2614 3919; x_wconf 76' lang='grc' dir='ltr'>ἦτοι</span> <span class='ocrx_word' id='word_1_634' title='bbox 2659 3849 2725 3918; x_wconf 80' lang='grc' dir='ltr'>ἢν</span> <span class='ocrx_word' id='word_1_635' title='bbox 2781 3846 3212 3918; x_wconf 82' lang='grc' dir='ltr'>μετεχειρίζοντο</span> <span class='ocrx_word' id='word_1_636' title='bbox 3264 3843 3667 3918; x_wconf 85' lang='grc' dir='ltr'>πραγματείαν.</span> 
     </span>
    </p>
   </div>
   <div class='ocr_carea' id='block_1_88' title="bbox 2089 3935 3671 4012">
    <p class='ocr_par' dir='ltr' id='par_1_88' title="bbox 2089 3935 3671 4012">
     <span class='ocr_line' id='line_1_88' title="bbox 2089 3935 3671 4012; baseline -0.005 -17"><span class='ocrx_word' id='word_1_637' title='bbox 2089 3942 2240 4011; x_wconf 72' lang='grc' dir='ltr'>Αὕτη</span> <span class='ocrx_word' id='word_1_638' title='bbox 2261 3941 2319 3995; x_wconf 83' lang='grc' dir='ltr'>δὲ</span> <span class='ocrx_word' id='word_1_639' title='bbox 2345 3936 2411 4012; x_wconf 77' lang='grc' dir='ltr'>ἦν</span> <span class='ocrx_word' id='word_1_640' title='bbox 2436 3943 2465 3994; x_wconf 92' lang='lat'><strong>6</strong></span> <span class='ocrx_word' id='word_1_641' title='bbox 2487 3940 2839 4009; x_wconf 84' lang='grc' dir='ltr'>εύαγγελικὸς</span> <span class='ocrx_word' id='word_1_642' title='bbox 2867 3938 3043 4008; x_wconf 81' lang='grc' dir='ltr'>λόγος,</span> <span class='ocrx_word' id='word_1_643' title='bbox 3065 3937 3123 4001; x_wconf 85' lang='grc' dir='ltr'>ὃς</span> <span class='ocrx_word' id='word_1_644' title='bbox 3147 3937 3242 3990; x_wconf 60' lang='grc' dir='ltr'><strong>καὶ⁴</strong></span> <span class='ocrx_word' id='word_1_645' title='bbox 3269 3935 3512 4007; x_wconf 80' lang='grc' dir='ltr'>ῥομφαία</span> <span class='ocrx_word' id='word_1_646' title='bbox 3534 3935 3671 3988; x_wconf 85' lang='grc' dir='ltr'>ὠνο-</span> 
     </span>
    </p>
   </div>
   <div class='ocr_carea' id='block_1_89' title="bbox 2093 4029 3672 4104">
    <p class='ocr_par' dir='ltr' id='par_1_89' title="bbox 2093 4029 3672 4104">
     <span class='ocr_line' id='line_1_89' title="bbox 2093 4029 3672 4104; baseline -0.003 -18"><span class='ocrx_word' id='word_1_647' title='bbox 2093 4032 2296 4104; x_wconf 88' lang='grc' dir='ltr'>μάσθη,</span> <span class='ocrx_word' id='word_1_648' title='bbox 2322 4031 2657 4085; x_wconf 79' lang='grc' dir='ltr'>ἐκδιώκουσα</span> <span class='ocrx_word' id='word_1_649' title='bbox 2682 4031 2779 4095; x_wconf 85' lang='grc' dir='ltr'>τὰς</span> <span class='ocrx_word' id='word_1_650' title='bbox 2811 4030 2918 4084; x_wconf 87' lang='grc' dir='ltr'><strong>τῶν</strong></span> <span class='ocrx_word' id='word_1_651' title='bbox 2941 4030 3192 4102; x_wconf 88' lang='grc' dir='ltr'>πονηρῶν</span> <span class='ocrx_word' id='word_1_652' title='bbox 3222 4031 3315 4084; x_wconf 76' lang='grc' dir='ltr'><strong>καὶ</strong></span> <span class='ocrx_word' id='word_1_653' title='bbox 3340 4029 3672 4101; x_wconf 84' lang='grc' dir='ltr'>ἀκαθάρτων</span> 
     </span>
    </p>
   </div>
   <div class='ocr_carea' id='block_1_90' title="bbox 2090 4122 3673 4198">
    <p class='ocr_par' dir='ltr' id='par_1_90' title="bbox 2090 4122 3673 4198">
     <span class='ocr_line' id='line_1_90' title="bbox 2090 4122 3673 4198; baseline -0.003 -19"><span class='ocrx_word' id='word_1_654' title='bbox 2090 4127 2418 4198; x_wconf 86' lang='grc' dir='ltr'>πνευμάτων</span> <span class='ocrx_word' id='word_1_655' title='bbox 2466 4125 2699 4194; x_wconf 81' lang='grc' dir='ltr'>ἀγέλας·</span> <span class='ocrx_word' id='word_1_656' title='bbox 2751 4126 2926 4177; x_wconf 87' lang='grc' dir='ltr'>ποιεῖν</span> <span class='ocrx_word' id='word_1_657' title='bbox 2969 4132 3031 4176; x_wconf 84' lang='grc' dir='ltr'><strong>τε</strong></span> <span class='ocrx_word' id='word_1_658' title='bbox 3080 4122 3180 4195; x_wconf 81' lang='grc' dir='ltr'>τὴν</span> <span class='ocrx_word' id='word_1_659' title='bbox 3225 4122 3501 4194; x_wconf 75' lang='grc' dir='ltr'>ἐκδίκησιν</span> <span class='ocrx_word' id='word_1_660' title='bbox 3555 4122 3673 4175; x_wconf 89' lang='grc' dir='ltr'><strong>τῶν</strong></span> 
     </span>
    </p>
   </div>
   <div class='ocr_carea' id='block_1_91' title="bbox 2094 4213 3673 4290">
    <p class='ocr_par' dir='ltr' id='par_1_91' title="bbox 2094 4213 3673 4290">
     <span class='ocr_line' id='line_1_91' title="bbox 2094 4213 3673 4290; baseline -0.003 -19"><span class='ocrx_word' id='word_1_661' title='bbox 2094 4218 2440 4290; x_wconf 80' lang='grc' dir='ltr'>ἠδικημένων</span> <span class='ocrx_word' id='word_1_662' title='bbox 2467 4216 2655 4282; x_wconf 78' lang='grc' dir='ltr'>ἐθνῶν,</span> <span class='ocrx_word' id='word_1_663' title='bbox 2684 4217 2778 4270; x_wconf 77' lang='grc' dir='ltr'><strong>καὶ</strong></span> <span class='ocrx_word' id='word_1_664' title='bbox 2821 4215 3061 4286; x_wconf 78' lang='grc' dir='ltr'>ἐλέγχειν</span> <span class='ocrx_word' id='word_1_665' title='bbox 3089 4215 3183 4268; x_wconf 83' lang='grc' dir='ltr'>τοῦ</span> <span class='ocrx_word' id='word_1_666' title='bbox 3225 4214 3353 4268; x_wconf 81' lang='grc' dir='ltr'>λαοῦ</span> <span class='ocrx_word' id='word_1_667' title='bbox 3385 4215 3485 4286; x_wconf 80' lang='grc' dir='ltr'>τὴν</span> <span class='ocrx_word' id='word_1_668' title='bbox 3513 4213 3673 4267; x_wconf 85' lang='grc' dir='ltr'>εἰδω-</span> 
     </span>
    </p>
   </div>
   <div class='ocr_carea' id='block_1_92' title="bbox 2089 4306 2687 4380">
    <p class='ocr_par' dir='ltr' id='par_1_92' title="bbox 2089 4306 2687 4380">
     <span class='ocr_line' id='line_1_92' title="bbox 2089 4306 2687 4380; baseline 0.007 -21"><span class='ocrx_word' id='word_1_669' title='bbox 2089 4306 2425 4380; x_wconf 86' lang='grc' dir='ltr'>λολατρείαν.</span> <span class='ocrx_word' id='word_1_670' title='bbox 2680 4326 2687 4335; x_wconf 85' lang='grc'><strong>’</strong></span> 
     </span>
    </p>
   </div>
   <div class='ocr_carea' id='block_1_93' title="bbox 2094 4395 3663 4466">
    <p class='ocr_par' dir='ltr' id='par_1_93' title="bbox 2094 4395 3663 4466">
     <span class='ocr_line' id='line_1_93' title="bbox 2094 4395 3663 4466; baseline -0.003 -11"><span class='ocrx_word' id='word_1_671' title='bbox 2094 4399 2204 4455; x_wconf 85' lang='grc' dir='ltr'><strong>Τοῦ</strong></span> <span class='ocrx_word' id='word_1_672' title='bbox 2222 4399 2453 4454; x_wconf 81' lang='grc' dir='ltr'>δεῖσθαι</span> <span class='ocrx_word' id='word_1_673' title='bbox 2468 4398 2609 4466; x_wconf 81' lang='grc' dir='ltr'>τοὺς</span> <span class='ocrx_word' id='word_1_674' title='bbox 2632 4397 2916 4464; x_wconf 77' lang='grc' dir='ltr'>,βασιλεῖς</span> <span class='ocrx_word' id='word_1_675' title='bbox 2936 4395 3210 4452; x_wconf 82' lang='grc' dir='ltr'>αὑτῶνέν</span> <span class='ocrx_word' id='word_1_676' title='bbox 3224 4395 3453 4462; x_wconf 81' lang='grc' dir='ltr'>πέδαις,</span> <span class='ocrx_word' id='word_1_677' title='bbox 3470 4414 3525 4450; x_wconf 90' lang='grc' dir='ltr'><strong>κ.</strong></span> <span class='ocrx_word' id='word_1_678' title='bbox 3543 4414 3592 4449; x_wconf 92' lang='grc' dir='ltr'>τ.</span> <span class='ocrx_word' id='word_1_679' title='bbox 3612 4396 3663 4451; x_wconf 91' lang='grc' dir='ltr'><strong>λ.</strong></span> 
     </span>
    </p>
   </div>
   <div class='ocr_carea' id='block_1_94' title="bbox 2165 4486 3667 4562">
    <p class='ocr_par' dir='ltr' id='par_1_94' title="bbox 2165 4486 3667 4562">
     <span class='ocr_line' id='line_1_94' title="bbox 2165 4486 3667 4562; baseline -0.002 -18"><span class='ocrx_word' id='word_1_680' title='bbox 2165 4489 2385 4562; x_wconf 80' lang='grc' dir='ltr'>Ἐπειδὴ</span> <span class='ocrx_word' id='word_1_681' title='bbox 2411 4491 2511 4544; x_wconf 79' lang='grc' dir='ltr'><strong>οὐκ</strong></span> <span class='ocrx_word' id='word_1_682' title='bbox 2535 4490 2709 4555; x_wconf 79' lang='grc' dir='ltr'>ἄλλως</span> <span class='ocrx_word' id='word_1_683' title='bbox 2743 4486 2811 4562; x_wconf 81' lang='grc' dir='ltr'>ἦν</span> <span class='ocrx_word' id='word_1_684' title='bbox 2847 4490 3211 4559; x_wconf 76' lang='grc' dir='ltr'>ὑπεξαγαγεῖν</span> <span class='ocrx_word' id='word_1_685' title='bbox 3239 4490 3333 4543; x_wconf 79' lang='grc' dir='ltr'>καὶ</span> <span class='ocrx_word' id='word_1_686' title='bbox 3363 4488 3667 4560; x_wconf 83' lang='grc' dir='ltr'>ἐλευθερῶ-</span> 
     </span>
    </p>
   </div>
   <div class='ocr_carea' id='block_1_95' title="bbox 2086 4578 3669 4655">
    <p class='ocr_par' dir='ltr' id='par_1_95' title="bbox 2086 4578 3669 4655">
     <span class='ocr_line' id='line_1_95' title="bbox 2086 4578 3669 4655; baseline 0.001 -19"><span class='ocrx_word' id='word_1_687' title='bbox 2086 4600 2173 4636; x_wconf 89' lang='grc' dir='ltr'><strong>σαι</strong></span> <span class='ocrx_word' id='word_1_688' title='bbox 2206 4582 2332 4645; x_wconf 84' lang='grc' dir='ltr'>τοὺς</span> <span class='ocrx_word' id='word_1_689' title='bbox 2360 4582 2526 4636; x_wconf 87' lang='grc' dir='ltr'>πάλαι</span> <span class='ocrx_word' id='word_1_690' title='bbox 2559 4584 2671 4645; x_wconf 74' lang='grc' dir='ltr'>τοῖς</span> <span class='ocrx_word' id='word_1_691' title='bbox 2709 4582 2928 4655; x_wconf 86' lang='grc' dir='ltr'>δαίμοσι</span> <span class='ocrx_word' id='word_1_692' title='bbox 2979 4578 3410 4652; x_wconf 75' lang='grc' dir='ltr'>δεδου“ωμένους</span> <span class='ocrx_word' id='word_1_693' title='bbox 3449 4581 3484 4652; x_wconf 76' lang='grc' dir='ltr'>ἢ</span> <span class='ocrx_word' id='word_1_694' title='bbox 3529 4582 3669 4637; x_wconf 80' lang='grc' dir='ltr'>καθ-</span> 
     </span>
    </p>
   </div>
   <div class='ocr_carea' id='block_1_96' title="bbox 2087 4673 3662 4746">
    <p class='ocr_par' dir='ltr' id='par_1_96' title="bbox 2087 4673 3662 4746">
     <span class='ocr_line' id='line_1_96' title="bbox 2087 4673 3662 4746; baseline 0 -19"><span class='ocrx_word' id='word_1_695' title='bbox 2087 4673 2468 4738; x_wconf 80' lang='grc' dir='ltr'>υποτάξαντας</span> <span class='ocrx_word' id='word_1_696' title='bbox 2484 4675 2749 4746; x_wconf 85' lang='grc' dir='ltr'>πρότερον</span> <span class='ocrx_word' id='word_1_697' title='bbox 2777 4676 2873 4729; x_wconf 57' lang='grc' dir='ltr'><strong>καὶ⁵</strong></span> <span class='ocrx_word' id='word_1_698' title='bbox 2890 4674 3301 4745; x_wconf 75' lang='grc' dir='ltr'>καταδήσαντας</span> <span class='ocrx_word' id='word_1_699' title='bbox 3317 4676 3445 4737; x_wconf 81' lang='grc' dir='ltr'>τοὺς</span> <span class='ocrx_word' id='word_1_700' title='bbox 3461 4674 3662 4745; x_wconf 79' lang='grc' dir='ltr'>ἄρχον·-</span> 
     </span>
    </p>
   </div>
   <div class='ocr_carea' id='block_1_97' title="bbox 2083 4764 3666 4835">
    <p class='ocr_par' dir='ltr' id='par_1_97' title="bbox 2083 4764 3666 4835">
     <span class='ocr_line' id='line_1_97' title="bbox 2083 4764 3666 4835; baseline 0 -16"><span class='ocrx_word' id='word_1_701' title='bbox 2083 4783 2183 4830; x_wconf 90' lang='grc' dir='ltr'><strong>τας</strong></span> <span class='ocrx_word' id='word_1_702' title='bbox 2211 4766 2413 4830; x_wconf 81' lang='grc' dir='ltr'>αὐτῶν,</span> <span class='ocrx_word' id='word_1_703' title='bbox 2464 4766 2687 4829; x_wconf 81' lang='grc' dir='ltr'>εἰκότως</span> <span class='ocrx_word' id='word_1_704' title='bbox 2730 4765 3068 4821; x_wconf 81' lang='grc' dir='ltr'>ἐπιλέλεκται</span> <span class='ocrx_word' id='word_1_705' title='bbox 3113 4764 3308 4819; x_wconf 80' lang='grc' dir='ltr'>ταῦτα.</span> <span class='ocrx_word' id='word_1_706' title='bbox 3340 4765 3569 4835; x_wconf 83' lang='grc' dir='ltr'>Νοήσεις</span> <span class='ocrx_word' id='word_1_707' title='bbox 3607 4766 3666 4819; x_wconf 73' lang='grc' dir='ltr'>δὲ</span> 
     </span>
    </p>
   </div>
   <div class='ocr_carea' id='block_1_98' title="bbox 2083 4850 3659 4930">
    <p class='ocr_par' dir='ltr' id='par_1_98' title="bbox 2083 4850 3659 4930">
     <span class='ocr_line' id='line_1_98' title="bbox 2083 4850 3659 4930; baseline -0.002 -18"><span class='ocrx_word' id='word_1_708' title='bbox 2083 4860 2179 4912; x_wconf 80' lang='grc' dir='ltr'><strong>καὶ</strong></span> <span class='ocrx_word' id='word_1_709' title='bbox 2214 4859 2372 4912; x_wconf 78' lang='grc' dir='ltr'>τοῦτο</span> <span class='ocrx_word' id='word_1_710' title='bbox 2406 4859 2515 4913; x_wconf 83' lang='grc' dir='ltr'><strong>ἀπὸ</strong></span> <span class='ocrx_word' id='word_1_711' title='bbox 2555 4858 2656 4928; x_wconf 82' lang='grc' dir='ltr'>τῆς</span> <span class='ocrx_word' id='word_1_712' title='bbox 2699 4858 2966 4929; x_wconf 90' lang='grc' dir='ltr'>σωτηρίου</span> <span class='ocrx_word' id='word_1_713' title='bbox 2997 4858 3201 4928; x_wconf 84' lang='grc' dir='ltr'>φωνῆς,</span> <span class='ocrx_word' id='word_1_714' title='bbox 3236 4857 3305 4911; x_wconf 84' lang='grc' dir='ltr'>δι’</span> <span class='ocrx_word' id='word_1_715' title='bbox 3330 4850 3398 4930; x_wconf 78' lang='grc' dir='ltr'>ἧς</span> <span class='ocrx_word' id='word_1_716' title='bbox 3423 4856 3659 4928; x_wconf 73' lang='grc' dir='ltr'>εἴρηται·</span> 
     </span>
    </p>
   </div>
   <div class='ocr_carea' id='block_1_99' title="bbox 2082 4952 3665 5023">
    <p class='ocr_par' dir='ltr' id='par_1_99' title="bbox 2082 4952 3665 5023">
     <span class='ocr_line' id='line_1_99' title="bbox 2082 4952 3665 5023; baseline -0.001 -16"><span class='ocrx_word' id='word_1_717' title='bbox 2082 4952 2216 5021; x_wconf 85' lang='grc' dir='ltr'>Πῶς</span> <span class='ocrx_word' id='word_1_718' title='bbox 2233 4953 2483 5009; x_wconf 80' lang='grc' dir='ltr'>δύναταί</span> <span class='ocrx_word' id='word_1_719' title='bbox 2500 4971 2590 5021; x_wconf 85' lang='grc' dir='ltr'><strong>τις</strong></span> <span class='ocrx_word' id='word_1_720' title='bbox 2612 4954 2909 5009; x_wconf 73' lang='grc' dir='ltr'>εἰσελθεῖν</span> <span class='ocrx_word' id='word_1_721' title='bbox 2928 4956 3012 5020; x_wconf 76' lang='grc' dir='ltr'>εἰς</span> <span class='ocrx_word' id='word_1_722' title='bbox 3033 4954 3147 5023; x_wconf 80' lang='grc' dir='ltr'>τὴν</span> <span class='ocrx_word' id='word_1_723' title='bbox 3158 4953 3352 5007; x_wconf 77' lang='grc' dir='ltr'>οὶκίαν</span> <span class='ocrx_word' id='word_1_724' title='bbox 3374 4952 3479 5006; x_wconf 88' lang='grc' dir='ltr'>τοῦ</span> <span class='ocrx_word' id='word_1_725' title='bbox 3497 4954 3665 5021; x_wconf 77' lang='grc' dir='ltr'>ἰσχυ-</span> 
     </span>
    </p>
   </div>
   <div class='ocr_carea' id='block_1_100' title="bbox 404 5042 1981 5117">
    <p class='ocr_par' dir='ltr' id='par_1_100' title="bbox 404 5043 1974 5113">
     <span class='ocr_line' id='line_1_100' title="bbox 404 5043 1974 5113; baseline -0.002 -14"><span class='ocrx_word' id='word_1_726' title='bbox 404 5045 507 5099; x_wconf 86' lang='lat' dir='ltr'><strong>nisi</strong></span> <span class='ocrx_word' id='word_1_727' title='bbox 536 5044 683 5113; x_wconf 84' lang='lat' dir='ltr'><strong>prius</strong></span> <span class='ocrx_word' id='word_1_728' title='bbox 712 5043 901 5113; x_wconf 74' lang='lat' dir='ltr'><strong>fortem</strong></span> <span class='ocrx_word' id='word_1_729' title='bbox 930 5043 1248 5113; x_wconf 77' lang='lat' dir='ltr'><strong>alligaverit.</strong></span> <span class='ocrx_word' id='word_1_730' title='bbox 1281 5054 1336 5097; x_wconf 87' lang='lat' dir='ltr'><strong>ut</strong></span> <span class='ocrx_word' id='word_1_731' title='bbox 1370 5052 1481 5096; x_wconf 88' lang='lat' dir='ltr'><strong>tum</strong></span> <span class='ocrx_word' id='word_1_732' title='bbox 1514 5044 1727 5097; x_wconf 85' lang='lat' dir='ltr'><strong>demum</strong></span> <span class='ocrx_word' id='word_1_733' title='bbox 1758 5043 1974 5097; x_wconf 87' lang='lat' dir='ltr'><strong>domum</strong></span> 
     </span>
    </p>
   </div>
   <div class='ocr_carea' id='block_1_101' title="bbox 2091 5042 3665 5117">
    <p class='ocr_par' dir='ltr' id='par_1_101' title="bbox 2091 5042 3665 5117">
     <span class='ocr_line' id='line_1_101' title="bbox 2091 5042 3665 5117; baseline 0 -18"><span class='ocrx_word' id='word_1_734' title='bbox 2091 5044 2186 5110; x_wconf 83' lang='grc' dir='ltr'>ροῦ</span> <span class='ocrx_word' id='word_1_735' title='bbox 2208 5047 2306 5100; x_wconf 77' lang='grc' dir='ltr'>καὶ</span> <span class='ocrx_word' id='word_1_736' title='bbox 2326 5047 2397 5102; x_wconf 85' lang='grc' dir='ltr'>τὰ</span> <span class='ocrx_word' id='word_1_737' title='bbox 2409 5048 2601 5117; x_wconf 83' lang='grc' dir='ltr'>σκεύη</span> <span class='ocrx_word' id='word_1_738' title='bbox 2627 5046 2813 5102; x_wconf 85' lang='grc' dir='ltr'>αὐτοῦ</span> <span class='ocrx_word' id='word_1_739' title='bbox 2827 5045 3175 5117; x_wconf 78' lang='grc' dir='ltr'>διαρπάσαι,</span> <span class='ocrx_word' id='word_1_740' title='bbox 3194 5045 3303 5099; x_wconf 80' lang='grc' dir='ltr'><strong>ἐὰν</strong></span> <span class='ocrx_word' id='word_1_741' title='bbox 3317 5043 3402 5115; x_wconf 78' lang='grc' dir='ltr'>μὴ</span> <span class='ocrx_word' id='word_1_742' title='bbox 3425 5042 3665 5114; x_wconf 79' lang='grc' dir='ltr'>πρῶτον</span> 
     </span>
    </p>
   </div>
   <div class='ocr_carea' id='block_1_102' title="bbox 476 5219 2753 5298">
    <p class='ocr_par' dir='ltr' id='par_1_102' title="bbox 476 5219 2753 5298">
     <span class='ocr_line' id='line_1_102' title="bbox 476 5219 2753 5298; baseline 0.003 -24"><span class='ocrx_word' id='word_1_743' title='bbox 476 5219 523 5250; x_wconf 83' lang='grc'><strong>⁸⁹</strong></span> <span class='ocrx_word' id='word_1_744' title='bbox 547 5219 725 5275; x_wconf 88' lang='lat' dir='ltr'><strong>Colos.</strong></span> <span class='ocrx_word' id='word_1_745' title='bbox 759 5235 842 5286; x_wconf 90' lang='grc' dir='ltr'>ιιι,</span> <span class='ocrx_word' id='word_1_746' title='bbox 870 5220 924 5281; x_wconf 81' lang='lat'><strong>5.</strong></span> <span class='ocrx_word' id='word_1_747' title='bbox 999 5221 1045 5252; x_wconf 84' lang='grc'>⁰⁰</span> <span class='ocrx_word' id='word_1_748' title='bbox 1096 5219 1138 5275; x_wconf 87' lang='lat' dir='ltr'><strong>Il</strong></span> <span class='ocrx_word' id='word_1_749' title='bbox 1162 5222 1288 5277; x_wconf 81' lang='lat' dir='ltr'><strong>Cor.</strong></span> <span class='ocrx_word' id='word_1_750' title='bbox 1320 5237 1394 5287; x_wconf 82' lang='lat' dir='ltr'><strong>IV,</strong></span> <span class='ocrx_word' id='word_1_751' title='bbox 1424 5221 1512 5276; x_wconf 82' lang='grc'>10.</span> <span class='ocrx_word' id='word_1_752' title='bbox 1603 5222 1649 5254; x_wconf 79' lang='grc'><strong>⁹¹</strong></span> <span class='ocrx_word' id='word_1_753' title='bbox 1679 5222 1701 5276; x_wconf 88' lang='lat' dir='ltr'><strong>l</strong></span> <span class='ocrx_word' id='word_1_754' title='bbox 1731 5222 1925 5279; x_wconf 85' lang='lat' dir='ltr'><strong>Thess.</strong></span> <span class='ocrx_word' id='word_1_755' title='bbox 1960 5239 2033 5291; x_wconf 84' lang='lat' dir='ltr'><strong>tv,</strong></span> <span class='ocrx_word' id='word_1_756' title='bbox 2068 5225 2157 5280; x_wconf 78' lang='lat' dir='ltr'><strong>l2.</strong></span> <span class='ocrx_word' id='word_1_757' title='bbox 2243 5226 2291 5258; x_wconf 81' lang='lat'>“</span> <span class='ocrx_word' id='word_1_758' title='bbox 2334 5226 2400 5282; x_wconf 91' lang='lat' dir='ltr'><strong>lll</strong></span> <span class='ocrx_word' id='word_1_759' title='bbox 2434 5227 2635 5298; x_wconf 58' lang='lat' dir='ltr'><strong>Regni.</strong></span> <span class='ocrx_word' id='word_1_760' title='bbox 2664 5227 2753 5281; x_wconf 81' lang='lat' dir='ltr'><strong>lO.</strong></span> 
     </span>
    </p>
   </div>
   <div class='ocr_carea' id='block_1_103' title="bbox 475 5332 1976 5409">
    <p class='ocr_par' dir='ltr' id='par_1_103' title="bbox 475 5332 1976 5409">
     <span class='ocr_line' id='line_1_103' title="bbox 475 5332 1976 5409; baseline 0.007 -24"><span class='ocrx_word' id='word_1_761' title='bbox 475 5332 588 5405; x_wconf 76' lang='lat'><strong>(52)</strong></span> <span class='ocrx_word' id='word_1_762' title='bbox 616 5334 767 5409; x_wconf 83' lang='lat' dir='ltr'><strong>Alius</strong></span> <span class='ocrx_word' id='word_1_763' title='bbox 798 5336 1009 5409; x_wconf 78' lang='lat' dir='ltr'><strong>codex,</strong></span> <span class='ocrx_word' id='word_1_764' title='bbox 1055 5340 1231 5409; x_wconf 83' lang='grc' dir='ltr'>στόμα</span> <span class='ocrx_word' id='word_1_765' title='bbox 1269 5340 1468 5394; x_wconf 85' lang='grc' dir='ltr'>αὐτῶν.</span> <span class='ocrx_word' id='word_1_766' title='bbox 1508 5371 1578 5382; x_wconf 92' lang='grc'><strong><em>-</em></strong></span> <span class='ocrx_word' id='word_1_767' title='bbox 1615 5340 1780 5397; x_wconf 86' lang='lat' dir='ltr'><strong>Vides</strong></span> <span class='ocrx_word' id='word_1_768' title='bbox 1808 5341 1976 5396; x_wconf 87' lang='lat' dir='ltr'><strong>Euse-</strong></span> 
     </span>
    </p>
   </div>
   <div class='ocr_carea' id='block_1_104' title="bbox 407 5403 1979 5482">
    <p class='ocr_par' dir='ltr' id='par_1_104' title="bbox 407 5403 1979 5482">
     <span class='ocr_line' id='line_1_104' title="bbox 407 5403 1979 5482; baseline 0.005 -25"><span class='ocrx_word' id='word_1_769' title='bbox 407 5403 555 5457; x_wconf 85' lang='lat' dir='ltr'><strong>bium</strong></span> <span class='ocrx_word' id='word_1_770' title='bbox 584 5406 775 5482; x_wconf 60' lang='lat' dir='ltr'><strong>stricto</strong></span> <span class='ocrx_word' id='word_1_771' title='bbox 800 5421 960 5482; x_wconf 80' lang='lat' dir='ltr'><strong>sensu</strong></span> <span class='ocrx_word' id='word_1_772' title='bbox 982 5403 1312 5465; x_wconf 78' lang='lat' dir='ltr'><strong>intellexisse</strong></span> <span class='ocrx_word' id='word_1_773' title='bbox 1338 5411 1478 5479; x_wconf 85' lang='lat' dir='ltr'><strong>apud</strong></span> <span class='ocrx_word' id='word_1_774' title='bbox 1502 5413 1747 5482; x_wconf 84' lang='lat' dir='ltr'><strong>Aquilam</strong></span> <span class='ocrx_word' id='word_1_775' title='bbox 1774 5412 1979 5482; x_wconf 87' lang='grc' dir='ltr'>στομά-</span> 
     </span>
    </p>
   </div>
   <div class='ocr_carea' id='block_1_105' title="bbox 406 5473 1977 5553">
    <p class='ocr_par' dir='ltr' id='par_1_105' title="bbox 406 5473 1977 5553">
     <span class='ocr_line' id='line_1_105' title="bbox 406 5473 1977 5553; baseline 0.008 -29"><span class='ocrx_word' id='word_1_776' title='bbox 406 5488 514 5553; x_wconf 73' lang='grc' dir='ltr'><strong>των</strong></span> <span class='ocrx_word' id='word_1_777' title='bbox 563 5486 627 5553; x_wconf 66' lang='lat' dir='ltr'><strong>ex</strong></span> <span class='ocrx_word' id='word_1_778' title='bbox 659 5473 1185 5553; x_wconf 17' lang='lat' dir='ltr'><strong>Aﬂebraiconmtnta</strong></span> <span class='ocrx_word' id='word_1_779' title='bbox 1252 5473 1640 5553; x_wconf 44' lang='lat' dir='ltr'><strong>oris-duplicis.</strong></span> <span class='ocrx_word' id='word_1_780' title='bbox 1689 5480 1805 5550; x_wconf 88' lang='lat' dir='ltr'><strong>(Sic</strong></span> <span class='ocrx_word' id='word_1_781' title='bbox 1842 5473 1932 5536; x_wconf 79' lang='lat' dir='ltr'><strong>aio</strong></span> <span class='ocrx_word' id='word_1_782' title='bbox 1960 5521 1977 5545; x_wconf 87' lang='lat'><strong>,</strong></span> 
     </span>
    </p>
   </div>
   <div class='ocr_carea' id='block_1_106' title="bbox 410 5540 1975 5620">
    <p class='ocr_par' dir='ltr' id='par_1_106' title="bbox 410 5540 1975 5620">
     <span class='ocr_line' id='line_1_106' title="bbox 410 5540 1975 5620; baseline 0.008 -27"><span class='ocrx_word' id='word_1_783' title='bbox 410 5540 765 5620; x_wconf 43' lang='lat' dir='ltr'><strong>quia‘Latiue</strong></span> <span class='ocrx_word' id='word_1_784' title='bbox 798 5560 900 5620; x_wconf 81' lang='lat' dir='ltr'><strong>non</strong></span> <span class='ocrx_word' id='word_1_785' title='bbox 929 5548 1159 5620; x_wconf 77' lang='lat' dir='ltr'><strong>dicimus</strong></span> <span class='ocrx_word' id='word_1_786' title='bbox 1188 5551 1358 5620; x_wconf 81' lang='lat' dir='ltr'><strong>arium</strong></span> <span class='ocrx_word' id='word_1_787' title='bbox 1394 5540 1478 5604; x_wconf 83' lang='lat' dir='ltr'><strong>vel</strong></span> <span class='ocrx_word' id='word_1_788' title='bbox 1521 5568 1675 5605; x_wconf 86' lang='lat' dir='ltr'><strong>orum</strong></span> <span class='ocrx_word' id='word_1_789' title='bbox 1696 5540 1809 5606; x_wconf 79' lang='lat' dir='ltr'><strong>cas.</strong></span> <span class='ocrx_word' id='word_1_790' title='bbox 1850 5540 1975 5620; x_wconf 73' lang='lat' dir='ltr'><strong>gen.</strong></span> 
     </span>
    </p>
   </div>
   <div class='ocr_carea' id='block_1_107' title="bbox 410 5610 1981 5692">
    <p class='ocr_par' dir='ltr' id='par_1_107' title="bbox 410 5610 1981 5692">
     <span class='ocr_line' id='line_1_107' title="bbox 410 5610 1981 5692; baseline 0.008 -30"><span class='ocrx_word' id='word_1_791' title='bbox 410 5610 573 5692; x_wconf 63' lang='lat' dir='ltr'><strong>plur.)</strong></span> <span class='ocrx_word' id='word_1_792' title='bbox 611 5614 677 5664; x_wconf 83' lang='lat' dir='ltr'><strong>At</strong></span> <span class='ocrx_word' id='word_1_793' title='bbox 710 5614 760 5665; x_wconf 89' lang='lat' dir='ltr'><strong>in</strong></span> <span class='ocrx_word' id='word_1_794' title='bbox 795 5615 1103 5692; x_wconf 78' lang='lat' dir='ltr'><strong>polyglottis</strong></span> <span class='ocrx_word' id='word_1_795' title='bbox 1131 5616 1305 5692; x_wconf 76' lang='lat' dir='ltr'><strong>Lond.</strong></span> <span class='ocrx_word' id='word_1_796' title='bbox 1347 5621 1574 5692; x_wconf 76' lang='lat' dir='ltr'><strong>acierum</strong></span> <span class='ocrx_word' id='word_1_797' title='bbox 1623 5635 1782 5675; x_wconf 86' lang='lat' dir='ltr'><strong>sensu</strong></span> <span class='ocrx_word' id='word_1_798' title='bbox 1810 5610 1981 5692; x_wconf 49' lang='lat' dir='ltr'><strong>tn‘eta-</strong></span> 
     </span>
    </p>
   </div>
   <div class='ocr_carea' id='block_1_108' title="bbox 414 5682 1979 5758">
    <p class='ocr_par' dir='ltr' id='par_1_108' title="bbox 414 5682 1979 5758">
     <span class='ocr_line' id='line_1_108' title="bbox 414 5682 1979 5758; baseline 0.006 -20"><span class='ocrx_word' id='word_1_799' title='bbox 414 5682 640 5747; x_wconf 82' lang='lat' dir='ltr'><strong>phorice</strong></span> <span class='ocrx_word' id='word_1_800' title='bbox 663 5722 678 5750; x_wconf 94' lang='lat'><strong>,</strong></span> <span class='ocrx_word' id='word_1_801' title='bbox 707 5696 867 5751; x_wconf 87' lang='lat' dir='ltr'><strong>quem</strong></span> <span class='ocrx_word' id='word_1_802' title='bbox 887 5682 1252 5754; x_wconf 37' lang='lat' dir='ltr'><strong>’signiticatum</strong></span> <span class='ocrx_word' id='word_1_803' title='bbox 1289 5690 1412 5745; x_wconf 87' lang='lat' dir='ltr'><strong>inde</strong></span> <span class='ocrx_word' id='word_1_804' title='bbox 1442 5689 1783 5758; x_wconf 87' lang='lat' dir='ltr'><strong>desumptum</strong></span> <span class='ocrx_word' id='word_1_805' title='bbox 1808 5689 1979 5747; x_wconf 76' lang='lat' dir='ltr'><strong>1Mont-</strong></span> 
     </span>
    </p>
   </div>
   <div class='ocr_carea' id='block_1_109' title="bbox 2861 5225 3340 5290">
    <p class='ocr_par' dir='ltr' id='par_1_109' title="bbox 2861 5225 3340 5290">
     <span class='ocr_line' id='line_1_109' title="bbox 2861 5225 3340 5290; baseline 0.002 -11"><span class='ocrx_word' id='word_1_806' title='bbox 2861 5227 2911 5261; x_wconf 81' lang='lat'>&quot;</span> <span class='ocrx_word' id='word_1_807' title='bbox 2938 5225 3082 5284; x_wconf 88' lang='lat' dir='ltr'><strong>Psal.</strong></span> <span class='ocrx_word' id='word_1_808' title='bbox 3116 5242 3200 5280; x_wconf 77' lang='lat' dir='ltr'><strong>LVI</strong></span> <span class='ocrx_word' id='word_1_809' title='bbox 3232 5266 3246 5290; x_wconf 86' lang='lat'><strong>,</strong></span> <span class='ocrx_word' id='word_1_810' title='bbox 3285 5226 3340 5280; x_wconf 84' lang='lat'><strong>5.</strong></span> 
     </span>
    </p>
   </div>
   <div class='ocr_carea' id='block_1_110' title="bbox 2076 5342 3660 5414">
    <p class='ocr_par' dir='ltr' id='par_1_110' title="bbox 2076 5342 3660 5414">
     <span class='ocr_line' id='line_1_110' title="bbox 2076 5342 3660 5414; baseline 0.001 -17"><span class='ocrx_word' id='word_1_811' title='bbox 2076 5343 2364 5414; x_wconf 68' lang='lat' dir='ltr'><strong>[auconius</strong></span> <span class='ocrx_word' id='word_1_812' title='bbox 2413 5345 2466 5399; x_wconf 90' lang='lat' dir='ltr'><strong>in</strong></span> <span class='ocrx_word' id='word_1_813' title='bbox 2500 5344 2757 5413; x_wconf 70' lang='lat' dir='ltr'><strong>chnplis</strong></span> <span class='ocrx_word' id='word_1_814' title='bbox 2794 5344 3042 5414; x_wconf 90' lang='lat' dir='ltr'><strong>apposuit</strong></span> <span class='ocrx_word' id='word_1_815' title='bbox 3094 5343 3193 5413; x_wconf 88' lang='lat' dir='ltr'><strong>ipsi</strong></span> <span class='ocrx_word' id='word_1_816' title='bbox 3235 5342 3462 5414; x_wconf 65' lang='lat' dir='ltr'><strong>Aquilae.</strong></span> <span class='ocrx_word' id='word_1_817' title='bbox 3491 5342 3660 5413; x_wconf 79' lang='lat' dir='ltr'><strong>Atqui</strong></span> 
     </span>
    </p>
   </div>
   <div class='ocr_carea' id='block_1_111' title="bbox 2076 5412 3661 5481">
    <p class='ocr_par' dir='ltr' id='par_1_111' title="bbox 2076 5412 3661 5481">
     <span class='ocr_line' id='line_1_111' title="bbox 2076 5412 3661 5481; baseline 0 -14"><span class='ocrx_word' id='word_1_818' title='bbox 2076 5412 2342 5471; x_wconf 86' lang='lat' dir='ltr'><strong>Eusebius</strong></span> <span class='ocrx_word' id='word_1_819' title='bbox 2380 5416 2481 5469; x_wconf 87' lang='lat' dir='ltr'><strong>nisi</strong></span> <span class='ocrx_word' id='word_1_820' title='bbox 2524 5417 2590 5469; x_wconf 82' lang='lat' dir='ltr'><strong>ad</strong></span> <span class='ocrx_word' id='word_1_821' title='bbox 2624 5412 2875 5470; x_wconf 78' lang='lat' dir='ltr'><strong>strictum</strong></span> <span class='ocrx_word' id='word_1_822' title='bbox 2910 5414 3157 5470; x_wconf 86' lang='lat' dir='ltr'><strong>vocabuli</strong></span> <span class='ocrx_word' id='word_1_823' title='bbox 3205 5413 3485 5481; x_wconf 77' lang='lat' dir='ltr'><strong>originalis</strong></span> <span class='ocrx_word' id='word_1_824' title='bbox 3528 5428 3661 5467; x_wconf 88' lang='lat' dir='ltr'><strong>sen-</strong></span> 
     </span>
    </p>
   </div>
   <div class='ocr_carea' id='block_1_112' title="bbox 2076 5481 3660 5566">
    <p class='ocr_par' dir='ltr' id='par_1_112' title="bbox 2076 5481 3660 5566">
     <span class='ocr_line' id='line_1_112' title="bbox 2076 5481 3660 5566; baseline 0 -27"><span class='ocrx_word' id='word_1_825' title='bbox 2076 5499 2201 5539; x_wconf 90' lang='lat' dir='ltr'><strong>sum</strong></span> <span class='ocrx_word' id='word_1_826' title='bbox 2249 5487 2609 5566; x_wconf 76' lang='lat' dir='ltr'><strong>respexisset,</strong></span> <span class='ocrx_word' id='word_1_827' title='bbox 2656 5485 2911 5556; x_wconf 88' lang='lat' dir='ltr'><strong>Aquilam</strong></span> <span class='ocrx_word' id='word_1_828' title='bbox 2955 5485 3026 5539; x_wconf 92' lang='lat' dir='ltr'><strong>de</strong></span> <span class='ocrx_word' id='word_1_829' title='bbox 3066 5483 3346 5539; x_wconf 88' lang='lat' dir='ltr'><strong>idiotismo</strong></span> <span class='ocrx_word' id='word_1_830' title='bbox 3385 5481 3660 5540; x_wconf 80' lang='lat' dir='ltr'><strong>Hebraico</strong></span> 
     </span>
    </p>
   </div>
   <div class='ocr_carea' id='block_1_113' title="bbox 2078 5565 2614 5623">
    <p class='ocr_par' dir='ltr' id='par_1_113' title="bbox 2078 5565 2614 5623">
     <span class='ocr_line' id='line_1_113' title="bbox 2078 5565 2614 5623; baseline 0 -13"><span class='ocrx_word' id='word_1_831' title='bbox 2078 5569 2230 5610; x_wconf 89' lang='lat' dir='ltr'><strong>reum</strong></span> <span class='ocrx_word' id='word_1_832' title='bbox 2258 5569 2363 5609; x_wconf 93' lang='lat' dir='ltr'><strong>non</strong></span> <span class='ocrx_word' id='word_1_833' title='bbox 2396 5565 2614 5623; x_wconf 84' lang='lat' dir='ltr'><strong>egisset.</strong></span> 
     </span>
    </p>
   </div>
   <div class='ocr_carea' id='block_1_114' title="bbox 2150 5623 3277 5696">
    <p class='ocr_par' dir='ltr' id='par_1_114' title="bbox 2150 5623 3277 5696">
     <span class='ocr_line' id='line_1_114' title="bbox 2150 5623 3277 5696; baseline -0.001 -14"><span class='ocrx_word' id='word_1_834' title='bbox 2150 5623 2265 5696; x_wconf 75' lang='lat'><strong>(33)</strong></span> <span class='ocrx_word' id='word_1_835' title='bbox 2294 5624 2380 5682; x_wconf 86' lang='lat' dir='ltr'><strong>Al.</strong></span> <span class='ocrx_word' id='word_1_836' title='bbox 2412 5627 2557 5692; x_wconf 89' lang='lat' dir='ltr'><strong>cod.,</strong></span> <span class='ocrx_word' id='word_1_837' title='bbox 2587 5624 2696 5683; x_wconf 85' lang='grc' dir='ltr'><strong>τῶν</strong></span> <span class='ocrx_word' id='word_1_838' title='bbox 2727 5624 2984 5680; x_wconf 89' lang='grc' dir='ltr'>τοιούτων</span> <span class='ocrx_word' id='word_1_839' title='bbox 3014 5623 3277 5681; x_wconf 83' lang='grc' dir='ltr'>ἐναντίον.</span> 
     </span>
    </p>
   </div>
  </div>
