3850 6210
412 319 488 378 75
1091 317 1360 375 EUSEBII
1397 315 1880 375 CESARIENSlS
1918 315 2004 371 ΟΡ

2112 311 2292 368 PARS
2329 311 2424 367 ill.
2467 340 2536 353 —
2572 307 2986 366 EXEGETICA.
3596 306 3667 360 76

413 435 664 507 spiritum
689 447 926 506 presens
961 447 1139 492 sermo
1165 435 1231 490 ad
1274 434 1671 508 hymnologiam
1702 440 1977 505 provocat,

2117 430 2178 482 πὶ
2220 430 2317 501 τὴν
2370 426 2693 499 ὕμνολογίαν
2739 424 3016 487 ἀνακαλεῖ,
3058 422 3171 476 ἀλλ’
3214 422 3335 475 ἐπεὶ
3368 422 3442 493 μὴ
3469 422 3674 493 τρόπος

414 529 537 601 quia
561 538 738 584 tamen
770 542 875 584 non
903 543 1044 583 unus
1071 538 1156 584 est
1186 530 1428 584 omnium
1463 528 1654 583 mndus
1678 542 1852 598 neque
1885 527 1993 580 ani-

413 614 489 671 mi
524 614 750 671 alfectus
779 655 794 677 ,
846 630 952 669 non
1003 614 1124 670 sine
1172 612 1434 682 analogia:
1467 628 1658 668 norma
1700 612 1992 682 unicuique

413 704 664 761 idoneum
713 720 978 776 organum
1036 706 1239 776 hymno
1306 704 1668 759 adhibendum
1722 701 1987 758 decernit.

417 797 661 868 Namque
689 797 763 852 illi
795 798 888 868 qui
921 812 1112 853 omnes
1137 798 1340 852 virtute
1369 796 1706 865 superaverit
1733 837 1747 864 ,
1787 796 1852 850 ad
1880 794 1993 849 lau~

415 892 536 955 dem
570 890 870 946 canendam
921 889 1065 945 tubae
1098 888 1339 944 sonitum
1366 888 1640 953 attribuit,
1685 889 1808 960 quia
1840 887 1992 943 vide-

414 973 546 1029 licet
576 974 1064 1045 instrumentorum
1091 971 1338 1028 omnium
1358 972 1705 1027 vocalissima
1732 980 1814 1026 est
1840 973 1990 1036 tuba,

417 1075 474 1121 et
503 1065 709 1135 majore
734 1063 1068 1134 lortioreque
1092 1063 1145 1119 vi
1169 1077 1305 1132 opus
1334 1072 1417 1119 est
1462 1063 1511 1118 ei
1542 1064 1631 1133 qui
1661 1062 1751 1117 illa
1790 1063 1865 1117 uti
1904 1079 1993 1119 ve-

422 1155 505 1212 lit.
541 1153 1033 1222 Hujusmodierant
1060 1151 1198 1207 sacri
1233 1151 1463 1222 apostoli
1499 1151 1830 1215 Servatoris,
1865 1166 1994 1219 quo-

425 1262 546 1301 rum
577 1261 710 1301 sane
733 1246 786 1300 in
812 1247 1122 1303 universam
1158 1253 1360 1300 terram
1388 1259 1555 1300 sonus
1596 1244 1787 1312 exivit,
1832 1253 1996 1314 atque

419 1339 487 1393 ad
515 1337 698 1393 mundi
726 1338 993 1394 terminos
1035 1321 1202 1394 verba
1238 1337 1477 1408 ipsorum
1509 1337 1576 1401 "’,
1611 1336 1737 1393 dum
1763 1338 1995 1393 vocalis-

421 1431 615 1485 simam
666 1429 942 1499 Evangelii
996 1429 1436 1500 praedicationem
1487 1428 1767 1493 facerent,
1807 1430 1882 1485 ita
1937 1440 1997 1485 ut

419 1536 580 1578 aures
605 1522 885 1577 hominum
920 1537 1051 1577 voce
1082 1522 1296 1577 illorum
1333 1520 1691 1591 replerentur.
1726 1521 1832 1577 Sed
1873 1535 1993 1577 cum

420 1629 527 1670 non
557 1628 747 1669 omnes
789 1612 1009 1669 valeant
1036 1613 1179 1668 tubae
1213 1628 1344 1669 voce
1371 1653 1387 1680 ,
1435 1629 1589 1685 aeque
1619 1630 1683 1670 ac
1723 1615 1948 1684 apostoli
1977 1656 1991 1682 ,

423 1704 590 1759 Deum
641 1703 906 1770 laudare,
965 1704 1349 1759 condescendit
1401 1719 1582 1760 sermo
1646 1705 1993 1775 Psalmistm,

2092 519 2173 586 εἷς
2194 522 2303 575 τῶν
2337 520 2574 585 πάντων,
2610 519 2742 590 μηδὲ
2775 516 2923 589 [μία]
2949 514 3205 580 διάθεσις,
3238 515 3354 570 κατ’
3380 514 3676 583 ἀναλογίαν

2093 616 2308 686 ἑκάστῳ
2346 612 2575 686 ὄργανόν
2604 629 2655 665 τι
2689 613 2821 684 πρὸς
2864 608 2956 665 τὸν
3001 608 3168 680 ὕμνον
3202 608 3502 680 ἐπιτήδειον
3538 609 3679 678 depo-

2097 708 2251 780 ρίζει·
2293 708 2322 760 6
2357 707 2455 778 μὲν
2483 706 2592 778 γάρ
2619 723 2703 769 τις
2736 700 3165 773 ὲπαναϐεθηκὼς
3197 705 3263 775 τῇ
3291 703 3455 774 ἀρετῇ
3486 718 3676 773 κρειτ-

2092 801 2259 864 τόνως
2305 799 2446 871 ὑπὲρ
2477 799 2708 862 πάντας,
2757 797 2850 852 τὸν
2894 792 3042 850 αἶνον
3091 795 3413 850 ἀποδίδωσιν
3456 797 3514 849 ἐν
3556 794 3680 866 ῆχῳ

2096 893 2412 962 σάλπιγγος,
2447 891 2632 962 ἐπειδὴ
2673 890 2887 945 πάντων
2914 876 3159 961 ὀργάνων
3193 887 3681 960 μεγαλοφωνοτέρα

2095 989 2128 1057 ἡ
2161 984 2412 1054 σάλπιγξ,
2444 985 2538 1038 καὶ
2571 983 2812 1054 μείζονος
2844 983 2939 1035 καὶ
2968 981 3363 1053 κραταιοτέρας
3394 981 3681 1051 δυνάμεως

2094 1076 2175 1129 δεῖ
2199 1078 2312 1138 τοῖς
2356 1075 2491 1146 αὐτῇ
2529 1074 2852 1146 χρωμένοις·
2885 1073 3112 1126 τοιοῦτοι
3146 1068 3287 1144 ἦσαν
3314 1074 3364 1125 οἱ
3408 1074 3544 1144 ἱεροὶ
3579 1072 3684 1127 τοῦ

2096 1168 2347 1239 Σωτῆρος
2379 1166 2686 1231 ἀπόστολοι,
2733 1158 2808 1219 ὧν
2840 1165 2905 1236 δὴ
2944 1166 3023 1228 εἰς
3054 1165 3232 1218 πᾶσαν
3265 1163 3363 1234 τὴν
3390 1164 3492 1235 γῆν
3530 1163 3687 1234 ἐξῆλ-

2096 1257 2188 1311 θεν
2215 1260 2244 1312 6
2268 1257 2521 1328 φθόγγος,
2546 1258 2641 1311 καὶ
2679 1257 2758 1321 εἰς
2782 1256 2850 1310 τά
2883 1258 3094 1329 πέρατα
3120 1256 3218 1326 τῆς
3255 1256 3576 1325 οἰκουμένης
3612 1254 3687 1308 τὰ

2098 1354 2319 1425 ῥήματα
2351 1353 2549 1420 αὐτῶν,
2578 1351 2657 1424 τῷ
2688 1352 3054 1424 μεγαλοφώνῳ
3081 1352 3174 1405 τοῦ
3209 1350 3560 1420 εὐαγγελικοῦ
3589 1368 3687 1421 κη-

2101 1444 2373 1516 ρύγματος
2405 1443 2765 1516 χρησαμένων
2884 1442 3186 1514 ἀνθρώπων
3205 1441 3557 1514 πληρωθῆναι
3582 1443 3688 1511 τῆς

2097 1540 2281 1611 φωνῆς
2313 1538 2512 1593 αὐτῶν.
2551 1538 2767 1609 Ἐπειδὴ
2818 1536 2891 1609 μὴ
2923 1537 3124 1601 πάντες
3152 1531 3252 1590 οἶοί
3298 1535 3358 1589 τέ
3390 1537 3497 1588 εἶσι
3541 1534 3689 1588 κατὰ

2096 1633 2222 1695 τοὺς
2245 1632 2576 1695 ἀποστόλους
2611 1633 2669 1684 ὲν
2697 1633 2848 1702 φωνῇ
2882 1630 3179 1699 σάλπιγγος
3209 1632 3397 1701 ὑμνεῖν
3421 1629 3511 1681 τὸν
3527 1627 3688 1691 Θεὸν,

2100 1723 2520 1792 συγκαταϐαίνει
2562 1722 2591 1774 6
2633 1721 2790 1791 λόγος
2841 1722 2934 1775 καὶ¹
2998 1718 3431 1792 παρακελεύεται
3481 1718 3691 1790 ἑτέροις

421 1796 750 1864 mandatque
788 1794 911 1850 aliis
948 1795 1161 1863 quidem
1209 1796 1284 1850 uti
1325 1795 1583 1866 psalterio
1618 1806 1712 1850 aut
1744 1798 1954 1852 cithara
1978 1840 1994 1866 ,

2112 1788 2203 1887 μὲν
2233 1813 2539 1885 ψαλτηρίῳ,
2574 1788 2785 1884 ἑτέροις
2820 1812 2878 1866 δὲ
2924 1788 3144 1883 κιθάρᾳ,
3188 1811 3283 1865 καὶ
3423 1788 3605 1873 ἀλλοις
3626 1808 3693 1862 ὲν
3743 1840 3748 1844 -

422 1886 545 1941 aliis
573 1894 827 1956 tympano
853 1925 869 1950 ,
898 1885 1019 1940 aliis
1057 1884 1175 1956 ipso
1205 1900 1372 1957 opere
1407 1896 1461 1942 et
1485 1890 1729 1958 corporis
1760 1888 1995 1958 actibus,

421 1972 724 2054 animaeque
776 1983 1076 2053 composito
1130 1990 1184 2036 et
1243 1981 1561 2037 harmonico
1626 1993 1772 2037 motu
1830 1985 1997 2039 Deum

423 2075 718 2132 laudare...
745 2076 950 2145 Spiritu
982 2072 1389 2129 inhabitante...
1410 2088 1532 2129 cum
1558 2074 1757 2130 dixerit
1786 2095 1798 2130 :
1825 2074 2000 2130 Orabo

424 2168 637 2238 spiritu,
674 2169 836 2223 orabo
873 2177 920 2223 et
947 2177 1114 2222 mente
1137 2166 1206 2220 ³⁸.
1239 2165 1357 2222 Jam
1378 2182 1500 2222 cum
1529 2167 1631 2221 tria
1673 2167 1783 2222 sint
1817 2168 1870 2224 in
1906 2184 2001 2223 no-

424 2260 580 2316 bis...
611 2273 814 2316 sermo.

623 2438 791 2498 Vens.
820 2442 871 2498 i.
899 2440 1142 2497 Laudate
1165 2440 1333 2496 Deum
1357 2440 1412 2495 in
1435 2442 1632 2495 sanctis
1664 2441 1799 2510 ejus.

498 2532 694 2600 Aquila
753 2532 972 2601 quidem
1014 2532 1072 2585 in
1119 2530 1448 2599 sanctiﬁcata
1480 2529 1594 2600 ejus
1630 2530 1797 2596 dicit;
1845 2528 2004 2600 Synt-

425 2624 653 2680 machus
696 2633 873 2678 autem
905 2624 960 2677 in
999 2632 1179 2677 sancto
1225 2620 1358 2690 ejus.
1397 2618 1640 2674 Laudate
1679 2636 1797 2673 eum
1825 2621 1881 2673 in
1910 2618 2007 2688 ﬁr-

427 2726 691 2770 mamento
777 2713 985 2769 virtutis
1038 2712 1174 2783 ejus.
1251 2711 1678 2767 Firmamentum
1742 2713 2004 2768 caelorum

429 2821 539 2861 non
587 2805 762 2872 dicit,
797 2819 971 2874 neque
1001 2803 1232 2874 alicujus
1261 2802 1361 2858 loci
1390 2818 1554 2873 supra
1601 2803 1701 2858 hos
1734 2803 2003 2859 altissimi.

429 2896 585 2951 Alius
632 2903 718 2950 est
764 2902 986 2949 sanctus
1017 2893 1155 2959 Dei,
1193 2908 1353 2963 quem
1387 2894 1865 2963 perhorrescentes
1899 2896 2009 2949 du:-

429 3002 622 3044 mones
644 2987 863 3043 aiebant
888 3004 903 3041 :
933 2986 1139 3043 Scimus
1166 2996 1215 3041 te
1242 2987 1359 3056 quis
1381 2988 1453 3041 sis
1481 2996 1696 3041 sanctus
1722 2986 1819 3041 Dei
1839 2989 1917 3052 ’9;
1941 2990 2007 3043 ad

430 3091 591 3147 quem
622 3075 712 3145 qui
745 3076 1131 3147 pervenerint,
1177 3091 1475 3146 congruum
1508 3068 1747 3147 perfecte
1788 3077 2010 3149 religio-

430 3169 510 3223 sis
550 3170 810 3240 hymnum
840 3168 1093 3223 attollere
1132 3178 1404 3239 poterunt.
1442 3168 1580 3236 Quid
1600 3171 1745 3225 enim
1775 3170 2006 3238 beatius,

432 3274 594 3329 quam
631 3260 681 3314 ei
703 3274 821 3315 esse
848 3258 1185 3329 copulatum,
1222 3267 1276 3315 et
1310 3274 1409 3330 per
1431 3259 1580 3314 illum
1610 3258 1805 3315 Patri?
1835 3260 2009 3327 Quan-

431 3365 593 3420 quam
622 3359 871 3419 oportet,
897 3366 997 3405 nos
1037 3351 1104 3404 ad
1132 3352 1422 3421 prophetas
1463 3365 1680 3421 quoque
1712 3361 1767 3407 et
1792 3365 2009 3422 aposto-

432 3440 514 3498 los
566 3453 942 3513 martyresque
987 3444 1382 3513 respicientes,
1436 3442 1657 3499 laudare
1694 3447 2008 3500 earumdem

435 3529 600 3586 Deum
629 3571 644 3595 ,
692 3532 783 3602 qui
830 3533 991 3588 talem
1039 3533 1351 3590 hominibus
1389 3534 1735 3604 egregiorum
1767 3536 2007 3591 virorum

435 3625 648 3694 copiam
687 3624 978 3680 concessit.

524 3713 691 3769 Vens.
713 3714 770 3768 2.
806 3714 1046 3775 Laudate
1072 3732 1191 3791 eum
1213 3718 1504 3791 secundum
1537 3717 1925 3773 multitudinem

949 3788 1328 3856 magnitudinis
1354 3788 1490 3857 ejus.

508 3875 858 3948 Unaquaeque
902 3878 1048 3951 enim
1084 3877 1203 3948 ejus
1235 3879 1438 3934 creatio
1464 3879 1751 3949 plurimam
1782 3881 2012 3951 hymno-

434 3968 634 4038 logiam
661 3958 893 4040 requirit
924 3991 937 4025 :
975 3973 1364 4042 magnitudinis
1393 3975 1542 4028 enim
1572 3973 1691 4044 ejus
1728 3973 1907 4028 nullus
1929 3982 2012 4029 est

438 4062 705 4117 terminus
737 4062 777 4117 ¹.
808 4061 978 4118 Porro
1008 4063 1154 4117 haud
1197 4064 1429 4131 suadet,
1472 4074 1531 4119 ut
1557 4080 1739 4135 parem
1769 4067 1886 4137 ejus
1921 4067 2005 4122 di-

436 4153 631 4223 gnitati
683 4153 943 4226 hymnum
974 4153 1218 4211 dicamus
1244 4198 1260 4223 ,
1311 4157 1455 4226 quod
1485 4156 1602 4212 ﬁeri
1646 4159 1877 4227 nequit;
1913 4159 2007 4214 sed

437 4244 672 4313 postulat
698 4256 753 4298 ut
785 4258 884 4314 pro
911 4244 1137 4310 viribus,
1156 4247 1542 4317 magnitudinis
1570 4247 1687 4317 ejus
1714 4248 2011 4305 multitudi-

440 4350 561 4390 nem
595 4344 941 4407 reputantes,
976 4337 1027 4390 id
1052 4352 1299 4405 agamus.

2098 1904 2402 1977 τυμπάνοις
2563 1906 2675 1968 τοῖς
2720 1903 2819 1975 μὲν
2852 1903 2919 1956 δι’
2946 1902 3122 1975 ἔργων
3145 1941 3159 1965 ,
3191 1901 3287 1954 καὶ
3331 1898 3420 1952 διὰ
3452 1898 3560 1953 τῶν
3588 1895 3694 1952 τοῦ

2102 1998 2351 2070 σώματος
2378 1997 2646 2068 πράξεων,
2679 1999 2792 2060 τοῖς
2838 1996 2896 2049 δὲ
2930 1995 2996 2048 δι’
3029 1994 3200 2065 αὐτῆς
3243 1993 3422 2064 ψυχῆς
3541 1991 3698 2063 κινή-

2104 2107 2242 2153 σεως
2269 2088 2561 2162 εὐρύθμως
2610 2088 2704 2143 καὶ¹
2734 2086 3070 2160 ὲναρμονίως
3229 2084 3322 2138 τοῦ
3366 2081 3690 2154 Πνεύματος

2102 2178 2195 2232 τοῦ
2228 2177 2610 2242 κατοικοῦντος
2750 2179 2835 2231 ἐπ’
2885 2180 2951 2232 ἂν
2989 2177 3144 2250 λέγῃ·
3183 2174 3554 2248 Προσεύξομαι
3609 2172 3698 2243 τῷ

2104 2262 2398 2338 πνεύματι,
2419 2267 2785 2339 προσεύξομαι
2810 2266 2866 2321 δὲ
2889 2267 2985 2320 καὶ
3023 2266 3101 2337 τῷ
3125 2267 3225 2320 νοΐ·
3248 2265 3414 2337 τριῶν
3437 2265 3491 2318 δὲ
3518 2265 3698 2319 όντων

2103 2356 2210 2411 τῶν
2241 2358 2296 2411 ὲν
2320 2359 2454 2429 ἡμῖν
2580 2375 2617 2428 η
2648 2358 2677 2409 6
2701 2357 2874 2426 λόγος.

2339 2448 2568 2504 Αἰνεῖτε
2604 2449 2754 2502 Θεὸν
2779 2448 2849 2502 ἐν
2871 2447 2994 2513 τοῖς
3019 2447 3209 2518 ἁγίοις
3240 2446 3445 2501 αὑτοῦ.

2187 2540 2245 2594 Ὀ
2276 2540 2375 2613 μέν
2400 2559 2483 2594 τοι
2524 2540 2754 2605 Ἀκύλας
2792 2541 2861 2595 ἐν
2886 2539 3230 2612 ἠγιασμένῳ
3256 2538 3442 2593 αὑτοῦ
3475 2555 3628 2608 φησι·
3669 2541 3702 2592 6

2105 2632 2161 2686 δὲ
2195 2632 2508 2706 Σύμμαχος,
2548 2633 2617 2687 ἐν
2646 2632 2725 2698 τῷ
2753 2633 2899 2702 ἁγίῳ
2923 2633 3129 2688 αὐτοῦ.
3156 2631 3384 2687 Αίνεῖτε
3413 2630 3602 2684 αὑτὸν
3622 2630 3703 2683 ἐν

2108 2723 2465 2793 στερεώματι
2490 2723 2797 2793 δυνάμεως
2820 2723 3025 2776 αὐτοῦ.
3053 2723 3161 2775 Καὶ
3195 2723 3267 2793 μή
3301 2738 3429 2774 ποτε
3460 2720 3566 2773 τῶν
3596 2719 3702 2773 οὕ-

2112 2814 2287 2885 ρανῶν
2340 2815 2433 2868 καὶ
2463 2814 2568 2870 τῶν
2601 2814 2741 2882 ὑπὲρ
2776 2814 2994 2878 τούτους
3033 2814 3292 2884 ὕψίστων·
3323 2812 3505 2884 ἕτερός
3544 2813 3703 2865 ἐστιν

2111 2906 2266 2974 ἆγιος
2292 2906 2386 2960 τοῦ
2420 2904 2577 2969 Θεοῦ,
2604 2906 2664 2959 ὃν
2692 2905 3131 2974 καταπλαγέντες
3175 2904 3268 2957 καὶ
3299 2904 3546 2974 δαίμονες
3578 2901 3706 2955 ἕλε-

2110 3013 2224 3065 γον·
2252 2995 2510 3064 Οἴδαμέν
2547 3011 2620 3049 σε
2652 2997 2744 3061 τίς
2775 2997 2831 3049 εἷ
2865 3000 2897 3050 ό
2921 2996 3089 3066 ἅγιος
3119 2994 3227 3049 τοῦ
3267 2994 3432 3050 Θεοῦ·
3466 2995 3524 3047 ὲν
3563 2987 3608 3062 ᾧ
3642 2996 3704 3047 οἱ

2113 3088 2409 3159 γενόμενοι,
2453 3088 2545 3141 τὸν
2590 3087 2865 3156 πρέποντα
2907 3091 3016 3151 τοῖς
3049 3087 3231 3160 ἄκρως
3259 3084 3703 3155 τετελειωμένοις

2113 3181 2279 3252 ὕμνον
2312 3179 2627 3252 ἀναπέμψαι
2669 3181 3005 3252 δυνήσονται.
3052 3180 3115 3234 Τί
3143 3180 3251 3252 γὰρ
3281 3176 3704 3251 μακαριώτερον

2112 3273 2402 3338 ἐνωθέντος
2428 3272 2595 3342 αὐτῷ,
2628 3273 2721 3326 καὶ
2749 3273 2815 3326 δι’
2840 3273 3009 3327 αὐτοῦ
3034 3273 3112 3343 τῷ
3136 3272 3310 3344 Πατρί
3325 3289 3339 3339 ;
3374 3269 3494 3343 Χρὴ
3517 3269 3577 3324 δὲ
3600 3268 3708 3326 καὶ

2111 3367 2191 3429 εἰς
2232 3366 2358 3429 τοὺς
2414 3366 2696 3437 προφήτας
2745 3365 2840 3420 καὶ
2888 3365 3220 3428 ἀποστόλους
3263 3365 3356 3418 καὶ
3412 3363 3708 3435 μάρτυρας

2110 3456 2450 3528 ἀφορῶντας,
2480 3458 2738 3528 ἀνυμνεῖν
2784 3457 2964 3511 αὐτῶν
3007 3457 3098 3512 τὸν
3134 3457 3286 3521 Θεὸν,
3323 3455 3414 3509 τὸν
3439 3452 3707 3527 τοιαύτην

2113 3546 2419 3618 ἀνθρώποις
2448 3548 2665 3617 ἀγαθῶν
2694 3548 2903 3621 ἀνδρῶν
2933 3547 3104 3621 φορὰν
3137 3549 3516 3621 χαρισάμενον.

2116 3723 2343 3780 Αἰνεῖτε
2378 3726 2562 3781 αὑτὸν
2585 3727 2734 3782 κατὰ
2760 3727 2824 3782 τὸ
2848 3727 3091 3851 ἔτλῆθος
3125 3727 3234 3797 τῆς
3252 3731 3703 3798 μεγαλωσύνης

2804 3816 2841 3851 α
2870 3816 3010 3851 γτου.

2804 3816 3010 3853 αυτου.

2190 3888 2459 3942 Ἔκαστον
2490 3889 2595 3963 γὰρ
2628 3890 2792 3944 αὐτοῦ
2820 3869 3205 3968 δημιούργημα
3242 3889 3410 3943 δεῖται
3437 3890 3706 3961 πλείστης

2117 3981 2456 4051 ὕμνολογίας·
2504 3982 2605 4053 τῆς
2651 3983 2760 4054 γὰρ
2805 3983 3192 4054 μεγαλωσύνης
3239 3982 3399 4037 αὐτοῦ
3448 3984 3549 4036 οὐκ
3579 3984 3706 4036 ἔστι

2114 4073 2306 4143 πέρας·
2340 4074 2399 4126 οὺ
2433 4074 2577 4143 λέγει
2623 4074 2679 4128 δὲ
2721 4075 3048 4148 ἀντίρροπον
3075 4076 3256 4139 αὐτοῖς
3288 4073 3573 4153 ἀποδοῦναι
3605 4075 3706 4130 τὸν

2116 4163 2304 4235 ὕμνον·
2340 4164 2596 4220 ἀδύνατον
2628 4167 2754 4237 γάρ·
2783 4166 2916 4221 ἀλλὰ
2940 4162 3009 4220 τδ
3028 4167 3167 4221 κατά
3203 4166 3428 4238 δύναμιν
3455 4168 3701 4234 ἀπαιτεῖ,

2116 4253 2429 4318 ἐννοοῦντας
2457 4256 2520 4309 τὸ
2548 4256 2751 4327 πλῆθος
2788 4258 2888 4329 τῆς
2916 4259 3305 4330 μεγαλωσύνης
3330 4258 3515 4313 αὐτοῦ.

439 4469 3703 4515 Ἥ

927 4645 1408 4737 EUSEBII
1490 4647 2205 4769 FRAGMENTA
2283 4651 2407 4738 ΙΝ
2484 4649 3218 4745 PROVERBIA.

1515 4816 1648 4879 (Mn,
1672 4815 1963 4868 Bibliotheca
1984 4829 2105 4867 nova
2132 4818 2357 4880 Patrum,
2384 4819 2465 4881 IV,
2494 4821 2626 4885 316.)

509 5123 563 5177 7.
623 5119 943 5192 Impleamua
1017 5127 1198 5175 domos
1223 5129 1431 5176 nostras
1487 5123 1691 5200 spoliis.
1773 5124 2009 5181 Eusebii.
2045 5131 2092 5190 ο

444 5210 691 5280 Spoliant
749 5213 1013 5267 daemonia
1061 5212 1182 5267 illos
1221 5227 1358 5281 quos
1421 5214 1650 5267 vicerint
1698 5231 1712 5266 :
1760 5216 2018 5269 auferunt

442 5301 652 5356 scilicet
693 5303 759 5357 ab
786 5303 921 5373 ipsis
957 5302 1052 5357 Dei
1088 5311 1443 5371 armaturam,
1480 5305 1531 5358 id
1558 5317 1642 5360 est
1685 5305 1913 5376 galeam,
1947 5307 2017 5361 Io-

2197 5126 2233 5153 ,νγ

2191 5127 2254 5192 ζ’.
2306 5127 2642 5198 Πλήσωμεν
2687 5127 2755 5180 δὲ
2790 5129 2997 5194 οἴκους
3055 5127 3378 5197 ἡμετέρους
3420 5129 3686 5193 ,σκύλων

2122 5217 2402 5272 Εὐσεὸίου.
2438 5218 2794 5272 Σκυλεύουσιν
2820 5218 2912 5282 οὒς
2940 5219 3163 5274 νικῶσιν
3187 5223 3235 5273 οἰ
3258 5221 3529 5291 δαίμονες,
3556 5222 3696 5292 λαμ-

2123 5308 2376 5373 ϐάνοντες
2415 5311 2509 5364 ἀπ’
2544 5310 2721 5364 αὐτῶν
2750 5313 2850 5383 τὴν
2880 5314 2973 5367 τοῦ
3000 5314 3134 5367 Θεοῦ
3168 5312 3486 5380 πανοπλίαν,
3533 5314 3697 5385 ἧγουι

512 5413 557 5446 ⁹¹¹
584 5413 725 5468 Psal.
756 5430 912 5479 xvnt,
953 5415 1007 5469 5.
1084 5415 1172 5469 "l
1207 5414 1332 5470 Cor.
1365 5431 1479 5481 xlv,
1526 5416 1615 5472 i5.
1691 5417 1737 5448 ⁹⁹
1768 5417 1934 5473 Marc.
1962 5434 2001 5484 ι,

2131 5437 2145 5485 ;
2182 5420 2320 5477 Luc.
2350 5438 2429 5488 tv,
2458 5423 2547 5481 54.
2637 5426 2652 5456 ²
2682 5424 2830 5480 Psal.
2860 5441 3039 5493 cxuv,
3067 5427 3119 5480 5.

442 5508 694 5561 linniens.
732 5528 749 5560 ι
785 5508 1206 5632 IlymniNquoque
1235 5512 1609 5580 pronuntiandi
1643 5526 1784 5579 sunt,
1820 5515 1883 5567 de
1906 5516 2021 5585 qui-

443 5579 539 5632 bus
581 5582 776 5631 dictum
809 5591 883 5632 est
915 5595 932 5631 :
1022 5585 1222 5632 arralio
1265 5584 1494 5632 [taminia
1527 5585 1781 5632 religiosi-
1818 5600 2021 5632 semner

443 5579 559 5653 bus
581 5582 932 5653 dictum‘est:
968 5579 1494 5653 Narratio’ltominis
1522 5585 1782 5653 religiosi,
1818 5579 2021 5652 semper

445 5650 692 5720 sapiens:
719 5668 735 5698 ι
775 5647 845 5702 08
869 5649 1003 5718 justi
1044 5652 1385 5704 meditabitur
1415 5647 1725 5720 sapientiam
1753 5647 1777 5714 ,”
1804 5672 1822 5704 ι
1864 5665 1909 5705 et
1929 5647 2017 5706 ’νε-

442 5717 609 5787 liqua.
646 5717 764 5773 Hoc
785 5729 881 5786 est,
915 5731 1100 5786 mente,
1118 5722 1318 5790 lingua,
1337 5732 1384 5776 et
1415 5717 1501 5775 ore
1528 5721 1693 5778 Deum
1722 5724 2005 5780 celebrare.

2125 5515 2264 5570 Bene
2291 5534 2419 5590 pero
2444 5535 2638 5573 sonans
2667 5520 2966 5590 cymbalum
3010 5522 3135 5575 dicit
3164 5519 3455 5576 Psalmista
3485 5536 3705 5577 suavem

2122 5587 2548 5661 modulatamque
2569 5587 2762 5657 vocem,
2789 5608 2907 5661 qua:
2935 5608 3042 5646 rem
3075 5593 3216 5646 clare
3246 5594 3504 5661 exprimit,
3541 5609 3703 5661 quoat

2121 5656 2279 5734 etiam
2335 5656 2667 5734 iubilationis
2713 5656 3009 5733 cymbalum
3065 5656 3342 5734 appellavit
3442 5656 3704 5720 t'ictoriali

2117 5728 2309 5787 ltumno
2347 5729 2614 5787 idoneum.
