  <div class='ocr_page' id='page_1' title='image "/cluster/home/n/w/nwhite01/storage/ocr_20150623/24/nnc1.0046978259/048.png"; bbox 0 0 3850 6210; ppageno 0'>
   <div class='ocr_carea' id='block_1_1' title="bbox 204 335 3417 398">
    <p class='ocr_par' dir='ltr' id='par_1_1' title="bbox 204 335 3417 398">
     <span class='ocr_line' id='line_1_1' title="bbox 204 335 3417 398; baseline 0.001 -4"><span class='ocrx_word' id='word_1_1' title='bbox 204 341 261 396; x_wconf 66' lang='lat'><strong>37</strong></span> <span class='ocrx_word' id='word_1_2' title='bbox 1081 335 1590 392; x_wconf 76' lang='lat' dir='ltr'><strong>COMMENTARIA</strong></span> <span class='ocrx_word' id='word_1_3' title='bbox 1631 337 1695 392; x_wconf 85' lang='lat' dir='ltr'><strong>IN</strong></span> <span class='ocrx_word' id='word_1_4' title='bbox 1737 338 1995 398; x_wconf 80' lang='lat' dir='ltr'><strong>lSAlAM.</strong></span> <span class='ocrx_word' id='word_1_5' title='bbox 2037 373 2103 382; x_wconf 93' lang='lat'><strong>—</strong></span> <span class='ocrx_word' id='word_1_6' title='bbox 2134 339 2537 396; x_wconf 62' lang='lat' dir='ltr'><strong>PREFATIO.</strong></span> <span class='ocrx_word' id='word_1_7' title='bbox 3347 346 3417 398; x_wconf 79' lang='lat'><strong>78</strong></span> 
     </span>
    </p>
   </div>
   <div class='ocr_carea' id='block_1_2' title="bbox 206 459 1726 538">
    <p class='ocr_par' dir='ltr' id='par_1_2' title="bbox 206 459 1726 530">
     <span class='ocr_line' id='line_1_2' title="bbox 206 459 1726 530; baseline 0 -13"><span class='ocrx_word' id='word_1_8' title='bbox 206 465 370 523; x_wconf 65' lang='lat' dir='ltr'><strong>riam,</strong></span> <span class='ocrx_word' id='word_1_9' title='bbox 395 468 448 515; x_wconf 88' lang='lat' dir='ltr'><strong>et</strong></span> <span class='ocrx_word' id='word_1_10' title='bbox 488 459 721 528; x_wconf 79' lang='lat' dir='ltr'><strong>gladium</strong></span> <span class='ocrx_word' id='word_1_11' title='bbox 762 459 1002 530; x_wconf 81' lang='lat' dir='ltr'><strong>spiritus.</strong></span> <span class='ocrx_word' id='word_1_12' title='bbox 1064 459 1198 515; x_wconf 93' lang='lat' dir='ltr'><strong>Sunt</strong></span> <span class='ocrx_word' id='word_1_13' title='bbox 1230 470 1411 516; x_wconf 91' lang='lat' dir='ltr'><strong>autem</strong></span> <span class='ocrx_word' id='word_1_14' title='bbox 1445 462 1726 517; x_wconf 86' lang='lat' dir='ltr'><strong>daemonio-</strong></span> 
     </span>
    </p>
   </div>
   <div class='ocr_carea' id='block_1_3' title="bbox 1898 459 3418 538">
    <p class='ocr_par' dir='ltr' id='par_1_3' title="bbox 1898 463 3418 538">
     <span class='ocr_line' id='line_1_3' title="bbox 1898 463 3418 538; baseline 0.001 -20"><span class='ocrx_word' id='word_1_15' title='bbox 1898 483 1938 536; x_wconf 70' lang='grc' dir='ltr'>ιν</span> <span class='ocrx_word' id='word_1_16' title='bbox 1994 466 2422 538; x_wconf 81' lang='grc' dir='ltr'>περικεφαλαίαν</span> <span class='ocrx_word' id='word_1_17' title='bbox 2454 465 2550 520; x_wconf 74' lang='grc' dir='ltr'><strong>καὶ</strong></span> <span class='ocrx_word' id='word_1_18' title='bbox 2602 464 2826 536; x_wconf 79' lang='grc' dir='ltr'>θώρακα</span> <span class='ocrx_word' id='word_1_19' title='bbox 2879 466 2972 518; x_wconf 75' lang='grc' dir='ltr'>καὶ</span> <span class='ocrx_word' id='word_1_20' title='bbox 3015 465 3112 536; x_wconf 77' lang='grc' dir='ltr'><strong>τὴν</strong></span> <span class='ocrx_word' id='word_1_21' title='bbox 3146 463 3418 536; x_wconf 80' lang='grc' dir='ltr'>μάχαιραν</span> 
     </span>
    </p>
   </div>
   <div class='ocr_carea' id='block_1_4' title="bbox 203 550 1723 628">
    <p class='ocr_par' dir='ltr' id='par_1_4' title="bbox 203 550 1723 623">
     <span class='ocr_line' id='line_1_4' title="bbox 203 550 1723 623; baseline 0.001 -17"><span class='ocrx_word' id='word_1_22' title='bbox 203 569 300 606; x_wconf 87' lang='lat' dir='ltr'><strong>rum</strong></span> <span class='ocrx_word' id='word_1_23' title='bbox 323 551 525 616; x_wconf 90' lang='lat' dir='ltr'><strong>domus,</strong></span> <span class='ocrx_word' id='word_1_24' title='bbox 556 550 921 606; x_wconf 83' lang='lat' dir='ltr'><strong>maleﬁcorum</strong></span> <span class='ocrx_word' id='word_1_25' title='bbox 949 551 1228 606; x_wconf 84' lang='lat' dir='ltr'><strong>hominum</strong></span> <span class='ocrx_word' id='word_1_26' title='bbox 1263 554 1723 623; x_wconf 69' lang='lat' dir='ltr'><strong>congregationes,</strong></span> 
     </span>
    </p>
   </div>
   <div class='ocr_carea' id='block_1_5' title="bbox 1896 550 3416 628">
    <p class='ocr_par' dir='ltr' id='par_1_5' title="bbox 1896 554 3416 628">
     <span class='ocr_line' id='line_1_5' title="bbox 1896 554 3416 628; baseline -0.001 -17"><span class='ocrx_word' id='word_1_27' title='bbox 1896 558 1930 611; x_wconf 61' lang='grc' dir='ltr'>ιῦ</span> <span class='ocrx_word' id='word_1_28' title='bbox 1977 558 2310 628; x_wconf 82' lang='grc' dir='ltr'>πνεύματος·</span> <span class='ocrx_word' id='word_1_29' title='bbox 2367 554 2502 612; x_wconf 83' lang='grc' dir='ltr'>οἴκοι</span> <span class='ocrx_word' id='word_1_30' title='bbox 2551 557 2606 610; x_wconf 83' lang='grc' dir='ltr'><strong>δὲ</strong></span> <span class='ocrx_word' id='word_1_31' title='bbox 2645 557 2824 611; x_wconf 81' lang='grc' dir='ltr'>αὐτῶν</span> <span class='ocrx_word' id='word_1_32' title='bbox 2860 555 3048 610; x_wconf 79' lang='grc' dir='ltr'>αἰτῶν</span> <span class='ocrx_word' id='word_1_33' title='bbox 3095 557 3416 628; x_wconf 84' lang='grc' dir='ltr'>κακούργων</span> 
     </span>
    </p>
   </div>
   <div class='ocr_carea' id='block_1_6' title="bbox 199 643 1719 723">
    <p class='ocr_par' dir='ltr' id='par_1_6' title="bbox 199 643 1719 714">
     <span class='ocr_line' id='line_1_6' title="bbox 199 643 1719 714; baseline 0.002 -17"><span class='ocrx_word' id='word_1_34' title='bbox 199 659 313 714; x_wconf 82' lang='lat' dir='ltr'><strong>quas</strong></span> <span class='ocrx_word' id='word_1_35' title='bbox 350 644 506 698; x_wconf 84' lang='lat' dir='ltr'><strong>etiam</strong></span> <span class='ocrx_word' id='word_1_36' title='bbox 560 644 786 714; x_wconf 89' lang='lat' dir='ltr'><strong>implere</strong></span> <span class='ocrx_word' id='word_1_37' title='bbox 843 643 1042 698; x_wconf 88' lang='lat' dir='ltr'><strong>vellent</strong></span> <span class='ocrx_word' id='word_1_38' title='bbox 1087 645 1313 714; x_wconf 80' lang='lat' dir='ltr'><strong>spoliis,</strong></span> <span class='ocrx_word' id='word_1_39' title='bbox 1359 645 1411 698; x_wconf 90' lang='lat' dir='ltr'><strong>id</strong></span> <span class='ocrx_word' id='word_1_40' title='bbox 1451 654 1538 700; x_wconf 89' lang='lat' dir='ltr'><strong>est</strong></span> <span class='ocrx_word' id='word_1_41' title='bbox 1581 647 1719 701; x_wconf 77' lang='lat' dir='ltr'><strong>boni:</strong></span> 
     </span>
    </p>
   </div>
   <div class='ocr_carea' id='block_1_7' title="bbox 1894 643 3414 723">
    <p class='ocr_par' dir='ltr' id='par_1_7' title="bbox 1894 649 3414 723">
     <span class='ocr_line' id='line_1_7' title="bbox 1894 649 3414 723; baseline -0.002 -17"><span class='ocrx_word' id='word_1_42' title='bbox 1894 652 2144 723; x_wconf 74' lang='grc' dir='ltr'>εκλησίαι,</span> <span class='ocrx_word' id='word_1_43' title='bbox 2182 652 2245 716; x_wconf 76' lang='grc' dir='ltr'><strong>ἃς</strong></span> <span class='ocrx_word' id='word_1_44' title='bbox 2275 653 2366 705; x_wconf 75' lang='grc' dir='ltr'><strong>καὶ</strong></span> <span class='ocrx_word' id='word_1_45' title='bbox 2396 650 2670 722; x_wconf 77' lang='grc' dir='ltr'>ἐμπλῆσαι</span> <span class='ocrx_word' id='word_1_46' title='bbox 2697 650 2988 720; x_wconf 85' lang='grc' dir='ltr'>βούλωνται</span> <span class='ocrx_word' id='word_1_47' title='bbox 3023 649 3254 715; x_wconf 82' lang='grc' dir='ltr'><strong>σκύλων,</strong></span> <span class='ocrx_word' id='word_1_48' title='bbox 3297 650 3414 722; x_wconf 77' lang='grc' dir='ltr'>ἢτοι</span> 
     </span>
    </p>
   </div>
   <div class='ocr_carea' id='block_1_8' title="bbox 200 735 1720 818">
    <p class='ocr_par' dir='ltr' id='par_1_8' title="bbox 200 735 1720 806">
     <span class='ocr_line' id='line_1_8' title="bbox 200 735 1720 806; baseline 0 -17"><span class='ocrx_word' id='word_1_49' title='bbox 200 736 464 806; x_wconf 69' lang='lat' dir='ltr'><strong>quejustis</strong></span> <span class='ocrx_word' id='word_1_50' title='bbox 492 737 752 805; x_wconf 84' lang='lat' dir='ltr'><strong>eripiunt.</strong></span> <span class='ocrx_word' id='word_1_51' title='bbox 793 736 954 805; x_wconf 80' lang='lat' dir='ltr'><strong>Atqui</strong></span> <span class='ocrx_word' id='word_1_52' title='bbox 990 735 1262 806; x_wconf 89' lang='lat' dir='ltr'><strong>quomodo</strong></span> <span class='ocrx_word' id='word_1_53' title='bbox 1292 735 1465 804; x_wconf 87' lang='lat' dir='ltr'><strong>spolia</strong></span> <span class='ocrx_word' id='word_1_54' title='bbox 1497 736 1720 806; x_wconf 75' lang='lat' dir='ltr'><strong>appella:</strong></span> 
     </span>
    </p>
   </div>
   <div class='ocr_carea' id='block_1_9' title="bbox 1894 735 3414 818">
    <p class='ocr_par' dir='ltr' id='par_1_9' title="bbox 1894 740 3414 818">
     <span class='ocr_line' id='line_1_9' title="bbox 1894 740 3414 818; baseline -0.003 -18"><span class='ocrx_word' id='word_1_55' title='bbox 1894 747 2068 818; x_wconf 83' lang='grc' dir='ltr'>ιρπῶν</span> <span class='ocrx_word' id='word_1_56' title='bbox 2111 740 2185 799; x_wconf 81' lang='grc' dir='ltr'>ὧν</span> <span class='ocrx_word' id='word_1_57' title='bbox 2214 748 2277 798; x_wconf 82' lang='grc' dir='ltr'>ὲκ</span> <span class='ocrx_word' id='word_1_58' title='bbox 2306 745 2413 798; x_wconf 83' lang='grc' dir='ltr'><strong>τῶν</strong></span> <span class='ocrx_word' id='word_1_59' title='bbox 2440 744 2661 798; x_wconf 84' lang='grc' dir='ltr'>δικαίων</span> <span class='ocrx_word' id='word_1_60' title='bbox 2690 743 3026 816; x_wconf 67' lang='grc' dir='ltr'>ἁρπάζουσι*</span> <span class='ocrx_word' id='word_1_61' title='bbox 3073 742 3191 807; x_wconf 86' lang='grc' dir='ltr'><strong>πῶς</strong></span> <span class='ocrx_word' id='word_1_62' title='bbox 3235 742 3293 795; x_wconf 85' lang='grc' dir='ltr'><strong>δὲ</strong></span> <span class='ocrx_word' id='word_1_63' title='bbox 3322 744 3414 796; x_wconf 57' lang='grc' dir='ltr'><strong>καὶ¹</strong></span> 
     </span>
    </p>
   </div>
   <div class='ocr_carea' id='block_1_10' title="bbox 196 827 1716 907">
    <p class='ocr_par' dir='ltr' id='par_1_10' title="bbox 196 827 1716 898">
     <span class='ocr_line' id='line_1_10' title="bbox 196 827 1716 898; baseline -0.001 -17"><span class='ocrx_word' id='word_1_64' title='bbox 196 842 267 893; x_wconf 82' lang='lat' dir='ltr'><strong>ea,</strong></span> <span class='ocrx_word' id='word_1_65' title='bbox 293 843 399 896; x_wconf 66' lang='lat' dir='ltr'><strong>quae</strong></span> <span class='ocrx_word' id='word_1_66' title='bbox 432 828 571 881; x_wconf 87' lang='lat' dir='ltr'><strong>haud</strong></span> <span class='ocrx_word' id='word_1_67' title='bbox 599 827 722 882; x_wconf 86' lang='lat' dir='ltr'><strong>belli</strong></span> <span class='ocrx_word' id='word_1_68' title='bbox 748 827 875 896; x_wconf 87' lang='lat' dir='ltr'><strong>jure</strong></span> <span class='ocrx_word' id='word_1_69' title='bbox 905 828 1118 898; x_wconf 78' lang='lat' dir='ltr'><strong>cepisti,</strong></span> <span class='ocrx_word' id='word_1_70' title='bbox 1161 827 1255 882; x_wconf 90' lang='lat' dir='ltr'><strong>sed</strong></span> <span class='ocrx_word' id='word_1_71' title='bbox 1298 827 1410 882; x_wconf 90' lang='lat' dir='ltr'><strong>sola</strong></span> <span class='ocrx_word' id='word_1_72' title='bbox 1449 828 1716 897; x_wconf 81' lang='lat' dir='ltr'><strong>iniquitau</strong></span> 
     </span>
    </p>
   </div>
   <div class='ocr_carea' id='block_1_11' title="bbox 1892 827 3412 907">
    <p class='ocr_par' dir='ltr' id='par_1_11' title="bbox 1892 833 3412 907">
     <span class='ocr_line' id='line_1_11' title="bbox 1892 833 3412 907; baseline -0.002 -17"><span class='ocrx_word' id='word_1_73' title='bbox 1892 837 2011 892; x_wconf 82' lang='grc' dir='ltr'><strong>ιῦλα</strong></span> <span class='ocrx_word' id='word_1_74' title='bbox 2040 836 2462 907; x_wconf 79' lang='grc' dir='ltr'>προσαγορεύεις</span> <span class='ocrx_word' id='word_1_75' title='bbox 2487 835 2556 889; x_wconf 83' lang='grc' dir='ltr'><strong>τὰ</strong></span> <span class='ocrx_word' id='word_1_76' title='bbox 2575 835 2660 907; x_wconf 74' lang='grc' dir='ltr'><strong>,μὴ</strong></span> <span class='ocrx_word' id='word_1_77' title='bbox 2690 835 2925 906; x_wconf 81' lang='grc' dir='ltr'>πολέμου</span> <span class='ocrx_word' id='word_1_78' title='bbox 2953 835 3099 906; x_wconf 82' lang='grc' dir='ltr'><strong>νόμῳ</strong></span> <span class='ocrx_word' id='word_1_79' title='bbox 3122 833 3412 904; x_wconf 79' lang='grc' dir='ltr'><strong>ληφθέντα,</strong></span> 
     </span>
    </p>
   </div>
   <div class='ocr_carea' id='block_1_12' title="bbox 198 919 1718 1001">
    <p class='ocr_par' dir='ltr' id='par_1_12' title="bbox 198 919 816 988">
     <span class='ocr_line' id='line_1_12' title="bbox 198 919 816 988; baseline -0.002 -16"><span class='ocrx_word' id='word_1_80' title='bbox 198 920 316 972; x_wconf 87' lang='lat' dir='ltr'><strong>male</strong></span> <span class='ocrx_word' id='word_1_81' title='bbox 350 920 437 972; x_wconf 88' lang='lat' dir='ltr'><strong>tibi</strong></span> <span class='ocrx_word' id='word_1_82' title='bbox 469 927 622 988; x_wconf 83' lang='lat' dir='ltr'><strong>parta</strong></span> <span class='ocrx_word' id='word_1_83' title='bbox 651 919 816 973; x_wconf 84' lang='lat' dir='ltr'><strong>sunt?</strong></span> 
     </span>
    </p>
   </div>
   <div class='ocr_carea' id='block_1_13' title="bbox 1891 919 3411 1001">
    <p class='ocr_par' dir='ltr' id='par_1_13' title="bbox 1891 926 3411 1001">
     <span class='ocr_line' id='line_1_13' title="bbox 1891 926 3411 1001; baseline -0.005 -15"><span class='ocrx_word' id='word_1_84' title='bbox 1891 932 1951 986; x_wconf 70' lang='grc' dir='ltr'>ιλ⁹</span> <span class='ocrx_word' id='word_1_85' title='bbox 1969 935 2029 985; x_wconf 81' lang='grc' dir='ltr'>ὲκ</span> <span class='ocrx_word' id='word_1_86' title='bbox 2054 929 2266 1001; x_wconf 81' lang='grc' dir='ltr'>γυμνῆς</span> <span class='ocrx_word' id='word_1_87' title='bbox 2284 930 2385 998; x_wconf 81' lang='grc' dir='ltr'><strong>τῆς</strong></span> <span class='ocrx_word' id='word_1_88' title='bbox 2413 929 2624 991; x_wconf 80' lang='grc' dir='ltr'><strong>ἀδικίας</strong></span> <span class='ocrx_word' id='word_1_89' title='bbox 2650 926 2834 990; x_wconf 82' lang='grc' dir='ltr'>κακῶς</span> <span class='ocrx_word' id='word_1_90' title='bbox 2868 943 2948 979; x_wconf 92' lang='grc' dir='ltr'><strong>σοι</strong></span> <span class='ocrx_word' id='word_1_91' title='bbox 2983 926 3411 997; x_wconf 77' lang='grc' dir='ltr'>περιγενόμενας</span> 
     </span>
    </p>
   </div>
   <div class='ocr_carea' id='block_1_14' title="bbox 253 1009 1773 1096">
    <p class='ocr_par' dir='ltr' id='par_1_14' title="bbox 253 1009 1732 1082">
     <span class='ocr_line' id='line_1_14' title="bbox 253 1009 1732 1082; baseline -0.001 -18"><span class='ocrx_word' id='word_1_92' title='bbox 253 1010 298 1064; x_wconf 90' lang='grc'><strong>8.</strong></span> <span class='ocrx_word' id='word_1_93' title='bbox 323 1009 384 1064; x_wconf 79' lang='lat' dir='ltr'><strong>Et</strong></span> <span class='ocrx_word' id='word_1_94' title='bbox 405 1022 640 1082; x_wconf 79' lang='lat' dir='ltr'><strong>torquem</strong></span> <span class='ocrx_word' id='word_1_95' title='bbox 665 1027 881 1064; x_wconf 81' lang='lat' dir='ltr'><strong>aureum</strong></span> <span class='ocrx_word' id='word_1_96' title='bbox 914 1011 1052 1062; x_wconf 79' lang='lat' dir='ltr'><strong>circa</strong></span> <span class='ocrx_word' id='word_1_97' title='bbox 1079 1009 1271 1063; x_wconf 87' lang='lat' dir='ltr'><strong>collum</strong></span> <span class='ocrx_word' id='word_1_98' title='bbox 1295 1019 1462 1063; x_wconf 86' lang='lat' dir='ltr'><strong>tuum.</strong></span> <span class='ocrx_word' id='word_1_99' title='bbox 1493 1009 1732 1063; x_wconf 83' lang='lat' dir='ltr'><strong>Eusebii.</strong></span> 
     </span>
    </p>
   </div>
   <div class='ocr_carea' id='block_1_15' title="bbox 1894 1009 3414 1096">
    <p class='ocr_par' dir='ltr' id='par_1_15' title="bbox 1908 1017 3414 1096">
     <span class='ocr_line' id='line_1_15' title="bbox 1908 1017 3414 1096; baseline -0.006 -17"><span class='ocrx_word' id='word_1_100' title='bbox 1908 1033 1978 1096; x_wconf 85' lang='grc' dir='ltr'><strong>η’.</strong></span> <span class='ocrx_word' id='word_1_101' title='bbox 2008 1023 2121 1078; x_wconf 83' lang='grc' dir='ltr'><strong>Καὶ</strong></span> <span class='ocrx_word' id='word_1_102' title='bbox 2151 1021 2361 1076; x_wconf 73' lang='grc' dir='ltr'>κλοιὸν</span> <span class='ocrx_word' id='word_1_103' title='bbox 2396 1022 2659 1090; x_wconf 83' lang='grc' dir='ltr'>χρύσεον</span> <span class='ocrx_word' id='word_1_104' title='bbox 2686 1020 2817 1087; x_wconf 81' lang='grc' dir='ltr'><strong>περὶ</strong></span> <span class='ocrx_word' id='word_1_105' title='bbox 2855 1017 2935 1083; x_wconf 85' lang='grc' dir='ltr'><strong>τῷ</strong></span> <span class='ocrx_word' id='word_1_106' title='bbox 2971 1017 3272 1086; x_wconf 75' lang='grc' dir='ltr'><strong>τραχήλῳ.</strong></span> <span class='ocrx_word' id='word_1_107' title='bbox 3307 1017 3414 1070; x_wconf 79' lang='grc' dir='ltr'><strong>Εὑ-</strong></span> 
     </span>
    </p>
   </div>
   <div class='ocr_carea' id='block_1_16' title="bbox 196 1099 1716 1186">
    <p class='ocr_par' dir='ltr' id='par_1_16' title="bbox 196 1099 1716 1170">
     <span class='ocr_line' id='line_1_16' title="bbox 196 1099 1716 1170; baseline -0.001 -16"><span class='ocrx_word' id='word_1_108' title='bbox 196 1099 341 1155; x_wconf 85' lang='lat' dir='ltr'><strong>Sicuti</strong></span> <span class='ocrx_word' id='word_1_109' title='bbox 372 1115 526 1170; x_wconf 89' lang='lat' dir='ltr'><strong>caput</strong></span> <span class='ocrx_word' id='word_1_110' title='bbox 553 1112 609 1156; x_wconf 90' lang='lat' dir='ltr'><strong>et</strong></span> <span class='ocrx_word' id='word_1_111' title='bbox 646 1102 843 1157; x_wconf 89' lang='lat' dir='ltr'><strong>collum</strong></span> <span class='ocrx_word' id='word_1_112' title='bbox 876 1102 1132 1156; x_wconf 89' lang='lat' dir='ltr'><strong>denotant</strong></span> <span class='ocrx_word' id='word_1_113' title='bbox 1159 1111 1417 1167; x_wconf 89' lang='lat' dir='ltr'><strong>mentem,</strong></span> <span class='ocrx_word' id='word_1_114' title='bbox 1459 1103 1531 1156; x_wconf 90' lang='lat' dir='ltr'><strong>ita</strong></span> <span class='ocrx_word' id='word_1_115' title='bbox 1566 1101 1716 1154; x_wconf 85' lang='lat' dir='ltr'><strong>etian</strong></span> 
     </span>
    </p>
   </div>
   <div class='ocr_carea' id='block_1_17' title="bbox 1895 1099 3415 1186">
    <p class='ocr_par' dir='ltr' id='par_1_17' title="bbox 1895 1107 3415 1186">
     <span class='ocr_line' id='line_1_17' title="bbox 1895 1107 3415 1186; baseline -0.003 -18"><span class='ocrx_word' id='word_1_116' title='bbox 1895 1119 2040 1172; x_wconf 71' lang='grc' dir='ltr'>ϐίου.</span> <span class='ocrx_word' id='word_1_117' title='bbox 2079 1118 2290 1186; x_wconf 82' lang='grc' dir='ltr'>Ὥσπερ</span> <span class='ocrx_word' id='word_1_118' title='bbox 2326 1114 2381 1167; x_wconf 86' lang='grc' dir='ltr'><strong>δὲ</strong></span> <span class='ocrx_word' id='word_1_119' title='bbox 2407 1112 2616 1183; x_wconf 83' lang='grc' dir='ltr'>κεφαλὴ</span> <span class='ocrx_word' id='word_1_120' title='bbox 2632 1113 2737 1166; x_wconf 74' lang='grc' dir='ltr'>’καὶ</span> <span class='ocrx_word' id='word_1_121' title='bbox 2767 1110 3036 1182; x_wconf 77' lang='grc' dir='ltr'><strong>τράχηλος</strong></span> <span class='ocrx_word' id='word_1_122' title='bbox 3057 1110 3145 1163; x_wconf 83' lang='grc' dir='ltr'>τὸν</span> <span class='ocrx_word' id='word_1_123' title='bbox 3171 1107 3294 1163; x_wconf 81' lang='grc' dir='ltr'>νοῦν</span> <span class='ocrx_word' id='word_1_124' title='bbox 3315 1109 3415 1182; x_wconf 83' lang='grc' dir='ltr'><strong>δη·-</strong></span> 
     </span>
    </p>
   </div>
   <div class='ocr_carea' id='block_1_18' title="bbox 192 1194 3308 1274">
    <p class='ocr_par' dir='ltr' id='par_1_18' title="bbox 192 1194 3308 1274">
     <span class='ocr_line' id='line_1_18' title="bbox 192 1194 3308 1274; baseline -0.002 -10"><span class='ocrx_word' id='word_1_125' title='bbox 192 1194 374 1264; x_wconf 73' lang='grc' dir='ltr'>ιοηιιιίε</span> <span class='ocrx_word' id='word_1_126' title='bbox 407 1204 462 1249; x_wconf 71' lang='grc' dir='ltr'>ει</span> <span class='ocrx_word' id='word_1_127' title='bbox 501 1209 700 1249; x_wconf 68' lang='lat' dir='ltr'><strong>comm</strong></span> <span class='ocrx_word' id='word_1_128' title='bbox 734 1195 1037 1250; x_wconf 64' lang='grc' dir='ltr'><strong>δθίθηιίδωο</strong></span> <span class='ocrx_word' id='word_1_129' title='bbox 1836 1209 2036 1274; x_wconf 76' lang='grc' dir='ltr'>λοῦσιν,</span> <span class='ocrx_word' id='word_1_130' title='bbox 2071 1208 2213 1263; x_wconf 76' lang='grc' dir='ltr'>οὕτω</span> <span class='ocrx_word' id='word_1_131' title='bbox 2236 1207 2328 1261; x_wconf 71' lang='grc' dir='ltr'>καὶ</span> <span class='ocrx_word' id='word_1_132' title='bbox 2347 1206 2523 1268; x_wconf 81' lang='grc' dir='ltr'><strong>κλοιὸς</strong></span> <span class='ocrx_word' id='word_1_133' title='bbox 2551 1206 2644 1258; x_wconf 71' lang='grc' dir='ltr'>καὶ</span> <span class='ocrx_word' id='word_1_134' title='bbox 2673 1203 2934 1273; x_wconf 81' lang='grc' dir='ltr'>στέφανος</span> <span class='ocrx_word' id='word_1_135' title='bbox 2961 1201 3062 1272; x_wconf 79' lang='grc' dir='ltr'><strong>τὴν</strong></span> <span class='ocrx_word' id='word_1_136' title='bbox 3087 1199 3308 1268; x_wconf 83' lang='grc' dir='ltr'>γνῶσιν.</span> 
     </span>
    </p>
   </div>
   <div class='ocr_carea' id='block_1_19' title="bbox 203 1335 3273 1377">
    <p class='ocr_par' dir='ltr' id='par_1_19' title="bbox 203 1335 3273 1377">
     <span class='ocr_line' id='line_1_19' title="bbox 203 1335 3273 1377; baseline -0.001 -1"><span class='ocrx_word' id='word_1_137' title='bbox 203 1335 3273 1377; x_wconf 71' lang='lat' dir='ltr'><em>W</em></span> 
     </span>
    </p>
   </div>
   <div class='ocr_carea' id='block_1_20' title="bbox 1235 1468 2328 1680">
    <p class='ocr_par' dir='ltr' id='par_1_20' title="bbox 1235 1468 2328 1680">
     <span class='ocr_line' id='line_1_20' title="bbox 1235 1468 2328 1680; baseline -0.003 0"><span class='ocrx_word' id='word_1_138' title='bbox 1235 1504 2328 1680; x_wconf 77' lang='grc' dir='ltr'><strong>ΕΥΣΕΒΙΟΥ</strong></span> 
     </span>
    </p>
   </div>
   <div class='ocr_carea' id='block_1_21' title="bbox 1333 1777 2234 1869">
    <p class='ocr_par' dir='ltr' id='par_1_21' title="bbox 1333 1777 2234 1869">
     <span class='ocr_line' id='line_1_21' title="bbox 1333 1777 2234 1869; baseline -0.001 0"><span class='ocrx_word' id='word_1_139' title='bbox 1333 1782 1561 1869; x_wconf 88' lang='grc' dir='ltr'><strong>ΤΟΥ</strong></span> <span class='ocrx_word' id='word_1_140' title='bbox 1633 1777 2234 1869; x_wconf 86' lang='grc' dir='ltr'><strong>ΠΑΜΦΙΛΟΥ</strong></span> 
     </span>
    </p>
   </div>
   <div class='ocr_carea' id='block_1_22' title="bbox 416 1970 3138 2116">
    <p class='ocr_par' dir='ltr' id='par_1_22' title="bbox 416 1970 3138 2116">
     <span class='ocr_line' id='line_1_22' title="bbox 416 1970 3138 2116; baseline -0.006 -2"><span class='ocrx_word' id='word_1_141' title='bbox 416 1975 1639 2116; x_wconf 85' lang='grc' dir='ltr'><strong>ΥΠΟΜΝΗΜΑΤΑ</strong></span> <span class='ocrx_word' id='word_1_142' title='bbox 1709 1981 1971 2108; x_wconf 88' lang='grc' dir='ltr'><strong>ΕΙΣ</strong></span> <span class='ocrx_word' id='word_1_143' title='bbox 2047 1975 2393 2110; x_wconf 86' lang='grc' dir='ltr'><strong>ΤΟΝ</strong></span> <span class='ocrx_word' id='word_1_144' title='bbox 2473 1970 3138 2108; x_wconf 79' lang='grc' dir='ltr'><strong>ΗΣΑΙΑΝ.</strong></span> 
     </span>
    </p>
   </div>
   <div class='ocr_carea' id='block_1_23' title="bbox 896 2367 2677 2530">
    <p class='ocr_par' dir='ltr' id='par_1_23' title="bbox 896 2367 2677 2530">
     <span class='ocr_line' id='line_1_23' title="bbox 896 2367 2677 2530; baseline -0.003 -6"><span class='ocrx_word' id='word_1_145' title='bbox 896 2369 1658 2530; x_wconf 88' lang='lat' dir='ltr'><strong>EUSEBII</strong></span> <span class='ocrx_word' id='word_1_146' title='bbox 1749 2367 2677 2526; x_wconf 90' lang='lat' dir='ltr'><strong>PAMPHILI</strong></span> 
     </span>
    </p>
   </div>
   <div class='ocr_carea' id='block_1_24' title="bbox 744 2659 2792 2780">
    <p class='ocr_par' dir='ltr' id='par_1_24' title="bbox 744 2659 2792 2780">
     <span class='ocr_line' id='line_1_24' title="bbox 744 2659 2792 2780; baseline -0.004 -2"><span class='ocrx_word' id='word_1_147' title='bbox 744 2662 1800 2780; x_wconf 81' lang='lat' dir='ltr'><strong>COMMENTARIA</strong></span> <span class='ocrx_word' id='word_1_148' title='bbox 1887 2661 2036 2776; x_wconf 90' lang='lat' dir='ltr'><strong>IN</strong></span> <span class='ocrx_word' id='word_1_149' title='bbox 2116 2659 2792 2774; x_wconf 88' lang='lat' dir='ltr'><strong>HESAIAM.</strong></span> 
     </span>
    </p>
   </div>
   <div class='ocr_carea' id='block_1_25' title="bbox 1193 2881 2384 2949">
    <p class='ocr_par' dir='ltr' id='par_1_25' title="bbox 1193 2881 2384 2949">
     <span class='ocr_line' id='line_1_25' title="bbox 1193 2881 2384 2949; baseline -0.003 -14"><span class='ocrx_word' id='word_1_150' title='bbox 1193 2885 1560 2949; x_wconf 67' lang='lat' dir='ltr'><strong>(Morr&#39;rt&#39;mcou,</strong></span> <span class='ocrx_word' id='word_1_151' title='bbox 1588 2881 1815 2936; x_wconf 82' lang='lat' dir='ltr'><strong>Collectio</strong></span> <span class='ocrx_word' id='word_1_152' title='bbox 1837 2895 1959 2932; x_wconf 76' lang='lat' dir='ltr'><strong>nova</strong></span> <span class='ocrx_word' id='word_1_153' title='bbox 1986 2885 2209 2944; x_wconf 81' lang='lat' dir='ltr'><strong>Patrum,</strong></span> <span class='ocrx_word' id='word_1_154' title='bbox 2236 2889 2270 2932; x_wconf 90' lang='lat' dir='ltr'><strong>t.</strong></span> <span class='ocrx_word' id='word_1_155' title='bbox 2302 2884 2384 2945; x_wconf 88' lang='lat' dir='ltr'><strong>ll.)</strong></span> 
     </span>
    </p>
   </div>
   <div class='ocr_carea' id='block_1_26' title="bbox 1441 3187 2122 3282">
    <p class='ocr_par' dir='ltr' id='par_1_26' title="bbox 1441 3187 2122 3282">
     <span class='ocr_line' id='line_1_26' title="bbox 1441 3187 2122 3282; baseline -0.003 -2"><span class='ocrx_word' id='word_1_156' title='bbox 1441 3187 2122 3282; x_wconf 63' lang='lat' dir='ltr'><strong>PRIEFATIO.</strong></span> 
     </span>
    </p>
   </div>
   <div class='ocr_carea' id='block_1_27' title="bbox 242 3375 3410 3454">
    <p class='ocr_par' dir='ltr' id='par_1_27' title="bbox 242 3375 3410 3454">
     <span class='ocr_line' id='line_1_27' title="bbox 242 3375 3410 3454; baseline -0.002 -12"><span class='ocrx_word' id='word_1_157' title='bbox 242 3387 340 3443; x_wconf 79' lang='lat' dir='ltr'><strong>Non</strong></span> <span class='ocrx_word' id='word_1_158' title='bbox 371 3389 420 3444; x_wconf 88' lang='lat' dir='ltr'><strong>in</strong></span> <span class='ocrx_word' id='word_1_159' title='bbox 445 3389 632 3443; x_wconf 92' lang='lat' dir='ltr'><strong>animo</strong></span> <span class='ocrx_word' id='word_1_160' title='bbox 662 3396 803 3452; x_wconf 89' lang='lat' dir='ltr'><strong>erat,</strong></span> <span class='ocrx_word' id='word_1_161' title='bbox 835 3401 956 3440; x_wconf 91' lang='lat' dir='ltr'><strong>cum</strong></span> <span class='ocrx_word' id='word_1_162' title='bbox 1000 3388 1067 3441; x_wconf 92' lang='lat' dir='ltr'><strong>ab</strong></span> <span class='ocrx_word' id='word_1_163' title='bbox 1109 3384 1262 3439; x_wconf 88' lang='lat' dir='ltr'><strong>initio</strong></span> <span class='ocrx_word' id='word_1_164' title='bbox 1292 3384 1433 3438; x_wconf 88' lang='lat' dir='ltr'><strong>hanc</strong></span> <span class='ocrx_word' id='word_1_165' title='bbox 1468 3383 1734 3454; x_wconf 77' lang='grc' dir='ltr'>συλλογὴν</span> <span class='ocrx_word' id='word_1_166' title='bbox 1763 3390 1808 3446; x_wconf 83' lang='grc' dir='ltr'><strong><em>Β</em></strong></span> <span class='ocrx_word' id='word_1_167' title='bbox 1836 3381 2031 3437; x_wconf 87' lang='lat' dir='ltr'><strong>decimi</strong></span> <span class='ocrx_word' id='word_1_168' title='bbox 2066 3381 2272 3444; x_wconf 69' lang='lat' dir='ltr'><strong>sarculi,</strong></span> <span class='ocrx_word' id='word_1_169' title='bbox 2307 3378 2397 3434; x_wconf 90' lang='lat' dir='ltr'><strong>ubi</strong></span> <span class='ocrx_word' id='word_1_170' title='bbox 2428 3375 2811 3448; x_wconf 71' lang='lat' dir='ltr'><strong>Exposi‘tioncs</strong></span> <span class='ocrx_word' id='word_1_171' title='bbox 2835 3377 3050 3434; x_wconf 81' lang='lat' dir='ltr'><strong>Eusebii</strong></span> <span class='ocrx_word' id='word_1_172' title='bbox 3077 3385 3130 3434; x_wconf 85' lang='lat' dir='ltr'><strong>et</strong></span> <span class='ocrx_word' id='word_1_173' title='bbox 3162 3377 3410 3444; x_wconf 84' lang='lat' dir='ltr'><strong>aliorum,</strong></span> 
     </span>
    </p>
   </div>
   <div class='ocr_carea' id='block_1_28' title="bbox 182 3471 3414 3552">
    <p class='ocr_par' dir='ltr' id='par_1_28' title="bbox 182 3471 3414 3552">
     <span class='ocr_line' id='line_1_28' title="bbox 182 3471 3414 3552; baseline -0.002 -16"><span class='ocrx_word' id='word_1_174' title='bbox 182 3494 371 3549; x_wconf 80' lang='lat' dir='ltr'><strong>operum</strong></span> <span class='ocrx_word' id='word_1_175' title='bbox 416 3482 633 3552; x_wconf 88' lang='lat' dir='ltr'><strong>publico</strong></span> <span class='ocrx_word' id='word_1_176' title='bbox 663 3480 1065 3534; x_wconf 84' lang='lat' dir='ltr'><strong>destinabamus</strong></span> <span class='ocrx_word' id='word_1_177' title='bbox 1093 3477 1233 3541; x_wconf 89' lang='lat' dir='ltr'><strong>usui,</strong></span> <span class='ocrx_word' id='word_1_178' title='bbox 1271 3477 1484 3532; x_wconf 86' lang='lat' dir='ltr'><strong>Eusebii</strong></span> <span class='ocrx_word' id='word_1_179' title='bbox 1530 3478 1581 3530; x_wconf 92' lang='lat' dir='ltr'><strong>in</strong></span> <span class='ocrx_word' id='word_1_180' title='bbox 1625 3474 1732 3530; x_wconf 80' lang='lat' dir='ltr'><strong>lle-</strong></span> <span class='ocrx_word' id='word_1_181' title='bbox 1827 3486 1942 3529; x_wconf 73' lang='lat' dir='ltr'><strong>non</strong></span> <span class='ocrx_word' id='word_1_182' title='bbox 1978 3473 2223 3542; x_wconf 86' lang='lat' dir='ltr'><strong>excerpti</strong></span> <span class='ocrx_word' id='word_1_183' title='bbox 2257 3482 2310 3527; x_wconf 93' lang='lat' dir='ltr'><strong>et</strong></span> <span class='ocrx_word' id='word_1_184' title='bbox 2331 3472 2635 3541; x_wconf 88' lang='lat' dir='ltr'><strong>compendii</strong></span> <span class='ocrx_word' id='word_1_185' title='bbox 2664 3487 2833 3537; x_wconf 91' lang='lat' dir='ltr'><strong>more,</strong></span> <span class='ocrx_word' id='word_1_186' title='bbox 2875 3473 2968 3527; x_wconf 91' lang='lat' dir='ltr'><strong>sed</strong></span> <span class='ocrx_word' id='word_1_187' title='bbox 3010 3471 3144 3537; x_wconf 79' lang='lat' dir='ltr'><strong>fuse,</strong></span> <span class='ocrx_word' id='word_1_188' title='bbox 3176 3483 3333 3544; x_wconf 87' lang='lat' dir='ltr'><strong>prout</strong></span> <span class='ocrx_word' id='word_1_189' title='bbox 3359 3474 3414 3529; x_wconf 83' lang='lat' dir='ltr'><strong>in</strong></span> 
     </span>
    </p>
   </div>
   <div class='ocr_carea' id='block_1_29' title="bbox 183 3563 3415 3643">
    <p class='ocr_par' dir='ltr' id='par_1_29' title="bbox 183 3563 3415 3643">
     <span class='ocr_line' id='line_1_29' title="bbox 183 3563 3415 3643; baseline -0.001 -19"><span class='ocrx_word' id='word_1_190' title='bbox 183 3573 324 3626; x_wconf 82' lang='lat' dir='ltr'><strong>saiam</strong></span> <span class='ocrx_word' id='word_1_191' title='bbox 369 3573 441 3643; x_wconf 81' lang='grc' dir='ltr'><strong>(Ι)</strong></span> <span class='ocrx_word' id='word_1_192' title='bbox 483 3571 907 3628; x_wconf 84' lang='lat' dir='ltr'><strong>Commentariis</strong></span> <span class='ocrx_word' id='word_1_193' title='bbox 955 3585 1170 3624; x_wconf 90' lang='lat' dir='ltr'><strong>manum</strong></span> <span class='ocrx_word' id='word_1_194' title='bbox 1215 3569 1502 3623; x_wconf 86' lang='lat' dir='ltr'><strong>admovere</strong></span> <span class='ocrx_word' id='word_1_195' title='bbox 1553 3587 1566 3621; x_wconf 92' lang='lat'>:</span> <span class='ocrx_word' id='word_1_196' title='bbox 1609 3582 1734 3620; x_wconf 90' lang='lat' dir='ltr'><strong>nam</strong></span> <span class='ocrx_word' id='word_1_197' title='bbox 1837 3567 1970 3636; x_wconf 84' lang='lat' dir='ltr'><strong>ipsis</strong></span> <span class='ocrx_word' id='word_1_198' title='bbox 2019 3565 2332 3619; x_wconf 84' lang='lat' dir='ltr'><strong>auctoribus</strong></span> <span class='ocrx_word' id='word_1_199' title='bbox 2365 3564 2685 3627; x_wconf 86' lang='lat' dir='ltr'><strong>exstabant,</strong></span> <span class='ocrx_word' id='word_1_200' title='bbox 2727 3573 3092 3629; x_wconf 90' lang='lat' dir='ltr'><strong>assumuntur,</strong></span> <span class='ocrx_word' id='word_1_201' title='bbox 3129 3563 3415 3621; x_wconf 79' lang='lat' dir='ltr'><strong>Commen-</strong></span> 
     </span>
    </p>
   </div>
   <div class='ocr_carea' id='block_1_30' title="bbox 185 3656 3415 3726">
    <p class='ocr_par' dir='ltr' id='par_1_30' title="bbox 185 3656 3415 3726">
     <span class='ocr_line' id='line_1_30' title="bbox 185 3656 3415 3726; baseline 0.001 -14"><span class='ocrx_word' id='word_1_202' title='bbox 185 3676 280 3716; x_wconf 88' lang='lat' dir='ltr'><strong>cum</strong></span> <span class='ocrx_word' id='word_1_203' title='bbox 305 3665 459 3718; x_wconf 90' lang='lat' dir='ltr'><strong>codex</strong></span> <span class='ocrx_word' id='word_1_204' title='bbox 488 3662 546 3717; x_wconf 89' lang='lat' dir='ltr'><strong>S.</strong></span> <span class='ocrx_word' id='word_1_205' title='bbox 579 3661 806 3716; x_wconf 84' lang='lat' dir='ltr'><strong>Taurini</strong></span> <span class='ocrx_word' id='word_1_206' title='bbox 854 3659 1200 3714; x_wconf 87' lang='lat' dir='ltr'><strong>Ebroicensis</strong></span> <span class='ocrx_word' id='word_1_207' title='bbox 1243 3658 1514 3714; x_wconf 80' lang='lat' dir='ltr'><strong>sexdecim</strong></span> <span class='ocrx_word' id='word_1_208' title='bbox 1557 3657 1732 3710; x_wconf 88' lang='lat' dir='ltr'><strong>solum</strong></span> <span class='ocrx_word' id='word_1_209' title='bbox 1834 3658 2005 3710; x_wconf 92' lang='lat' dir='ltr'><strong>tarios</strong></span> <span class='ocrx_word' id='word_1_210' title='bbox 2037 3672 2064 3710; x_wconf 89' lang='lat' dir='ltr'><strong>a</strong></span> <span class='ocrx_word' id='word_1_211' title='bbox 2102 3656 2358 3711; x_wconf 88' lang='lat' dir='ltr'><strong>vicesimo</strong></span> <span class='ocrx_word' id='word_1_212' title='bbox 2402 3664 2598 3710; x_wconf 91' lang='lat' dir='ltr'><strong>octavo</strong></span> <span class='ocrx_word' id='word_1_213' title='bbox 2629 3656 2803 3724; x_wconf 83' lang='lat' dir='ltr'><strong>capite</strong></span> <span class='ocrx_word' id='word_1_214' title='bbox 2846 3657 2908 3712; x_wconf 84' lang='lat' dir='ltr'><strong>ad</strong></span> <span class='ocrx_word' id='word_1_215' title='bbox 2941 3657 3415 3726; x_wconf 72' lang='lat' dir='ltr'><strong>quadragesimum</strong></span> 
     </span>
    </p>
   </div>
   <div class='ocr_carea' id='block_1_31' title="bbox 183 3747 3416 3826">
    <p class='ocr_par' dir='ltr' id='par_1_31' title="bbox 183 3747 3416 3826">
     <span class='ocr_line' id='line_1_31' title="bbox 183 3747 3416 3826; baseline 0 -20"><span class='ocrx_word' id='word_1_216' title='bbox 183 3753 359 3810; x_wconf 69' lang='lat' dir='ltr'><strong>llesaia:</strong></span> <span class='ocrx_word' id='word_1_217' title='bbox 402 3758 584 3826; x_wconf 84' lang='lat' dir='ltr'><strong>capita</strong></span> <span class='ocrx_word' id='word_1_218' title='bbox 634 3770 763 3810; x_wconf 88' lang='lat' dir='ltr'><strong>cum</strong></span> <span class='ocrx_word' id='word_1_219' title='bbox 812 3753 1221 3809; x_wconf 88' lang='lat' dir='ltr'><strong>commentariis</strong></span> <span class='ocrx_word' id='word_1_220' title='bbox 1251 3750 1603 3806; x_wconf 79' lang='lat' dir='ltr'><strong>circumferat</strong></span> <span class='ocrx_word' id='word_1_221' title='bbox 1634 3766 1650 3814; x_wconf 89' lang='lat'><strong>;</strong></span> <span class='ocrx_word' id='word_1_222' title='bbox 1677 3759 1734 3803; x_wconf 92' lang='lat' dir='ltr'><strong>ut</strong></span> <span class='ocrx_word' id='word_1_223' title='bbox 1833 3751 2067 3819; x_wconf 90' lang='lat' dir='ltr'><strong>primum</strong></span> <span class='ocrx_word' id='word_1_224' title='bbox 2110 3750 2343 3804; x_wconf 90' lang='lat' dir='ltr'><strong>mutuati</strong></span> <span class='ocrx_word' id='word_1_225' title='bbox 2387 3763 2599 3802; x_wconf 89' lang='lat' dir='ltr'><strong>sumus.</strong></span> <span class='ocrx_word' id='word_1_226' title='bbox 2650 3747 2878 3818; x_wconf 86' lang='lat' dir='ltr'><strong>Reliqua</strong></span> <span class='ocrx_word' id='word_1_227' title='bbox 2925 3763 3056 3804; x_wconf 84' lang='lat' dir='ltr'><strong>vero</strong></span> <span class='ocrx_word' id='word_1_228' title='bbox 3096 3763 3163 3803; x_wconf 89' lang='lat' dir='ltr'><strong>ex</strong></span> <span class='ocrx_word' id='word_1_229' title='bbox 3197 3749 3416 3807; x_wconf 79' lang='lat' dir='ltr'><strong>Catenis</strong></span> 
     </span>
    </p>
   </div>
   <div class='ocr_carea' id='block_1_32' title="bbox 184 3839 3417 3916">
    <p class='ocr_par' dir='ltr' id='par_1_32' title="bbox 184 3839 3417 3916">
     <span class='ocr_line' id='line_1_32' title="bbox 184 3839 3417 3916; baseline 0 -19"><span class='ocrx_word' id='word_1_230' title='bbox 184 3846 355 3914; x_wconf 84' lang='lat' dir='ltr'><strong>reliqua</strong></span> <span class='ocrx_word' id='word_1_231' title='bbox 380 3848 585 3903; x_wconf 89' lang='lat' dir='ltr'><strong>sarcire</strong></span> <span class='ocrx_word' id='word_1_232' title='bbox 614 3861 898 3916; x_wconf 87' lang='lat' dir='ltr'><strong>possemus</strong></span> <span class='ocrx_word' id='word_1_233' title='bbox 919 3887 934 3908; x_wconf 86' lang='lat'><strong>,</strong></span> <span class='ocrx_word' id='word_1_234' title='bbox 963 3845 1299 3900; x_wconf 87' lang='lat' dir='ltr'><strong>diuturniore</strong></span> <span class='ocrx_word' id='word_1_235' title='bbox 1325 3859 1489 3912; x_wconf 82' lang='lat' dir='ltr'><strong>Opera</strong></span> <span class='ocrx_word' id='word_1_236' title='bbox 1517 3853 1571 3898; x_wconf 91' lang='lat' dir='ltr'><strong>et</strong></span> <span class='ocrx_word' id='word_1_237' title='bbox 1610 3859 1732 3913; x_wconf 85' lang='lat' dir='ltr'><strong>per-</strong></span> <span class='ocrx_word' id='word_1_238' title='bbox 1834 3843 2018 3912; x_wconf 80' lang='lat' dir='ltr'><strong>Regiis</strong></span> <span class='ocrx_word' id='word_1_239' title='bbox 2049 3840 2436 3910; x_wconf 87' lang='lat' dir='ltr'><strong>manuscriptis</strong></span> <span class='ocrx_word' id='word_1_240' title='bbox 2476 3839 2763 3904; x_wconf 89' lang='lat' dir='ltr'><strong>sarcimus,</strong></span> <span class='ocrx_word' id='word_1_241' title='bbox 2796 3855 2948 3896; x_wconf 92' lang='lat' dir='ltr'><strong>num.</strong></span> <span class='ocrx_word' id='word_1_242' title='bbox 2997 3841 3157 3908; x_wconf 79' lang='grc'><strong>1891,</strong></span> <span class='ocrx_word' id='word_1_243' title='bbox 3194 3842 3334 3897; x_wconf 76' lang='grc'><strong>1892</strong></span> <span class='ocrx_word' id='word_1_244' title='bbox 3360 3851 3417 3898; x_wconf 82' lang='lat' dir='ltr'><strong>et</strong></span> 
     </span>
    </p>
   </div>
   <div class='ocr_carea' id='block_1_33' title="bbox 182 3933 3415 4007">
    <p class='ocr_par' dir='ltr' id='par_1_33' title="bbox 182 3933 3415 4007">
     <span class='ocr_line' id='line_1_33' title="bbox 182 3933 3415 4007; baseline 0.002 -24"><span class='ocrx_word' id='word_1_245' title='bbox 182 3936 435 4000; x_wconf 86' lang='lat' dir='ltr'><strong>quisitione</strong></span> <span class='ocrx_word' id='word_1_246' title='bbox 457 3953 595 4007; x_wconf 85' lang='lat' dir='ltr'><strong>opus</strong></span> <span class='ocrx_word' id='word_1_247' title='bbox 621 3937 738 3992; x_wconf 80' lang='lat' dir='ltr'><strong>fore</strong></span> <span class='ocrx_word' id='word_1_248' title='bbox 771 3937 1114 4005; x_wconf 84' lang='lat' dir='ltr'><strong>putabamus.</strong></span> <span class='ocrx_word' id='word_1_249' title='bbox 1144 3933 1346 3990; x_wconf 75' lang='lat' dir='ltr'><strong>Verum</strong></span> <span class='ocrx_word' id='word_1_250' title='bbox 1381 3935 1471 3989; x_wconf 87' lang='lat' dir='ltr'><strong>ubi</strong></span> <span class='ocrx_word' id='word_1_251' title='bbox 1505 3933 1571 3987; x_wconf 88' lang='lat' dir='ltr'><strong>ad</strong></span> <span class='ocrx_word' id='word_1_252' title='bbox 1597 3949 1729 4004; x_wconf 88' lang='lat' dir='ltr'><strong>ope-</strong></span> <span class='ocrx_word' id='word_1_253' title='bbox 1831 3935 1992 4001; x_wconf 62' lang='lat'><strong>2457,</strong></span> <span class='ocrx_word' id='word_1_254' title='bbox 2028 3949 2254 4004; x_wconf 85' lang='lat' dir='ltr'><strong>quarum</strong></span> <span class='ocrx_word' id='word_1_255' title='bbox 2299 3935 2477 4004; x_wconf 90' lang='lat' dir='ltr'><strong>prima</strong></span> <span class='ocrx_word' id='word_1_256' title='bbox 2527 3941 2580 3988; x_wconf 91' lang='lat' dir='ltr'><strong>et</strong></span> <span class='ocrx_word' id='word_1_257' title='bbox 2615 3942 2909 4002; x_wconf 85' lang='lat' dir='ltr'><strong>postrema,</strong></span> <span class='ocrx_word' id='word_1_258' title='bbox 2962 3933 3415 4001; x_wconf 68' lang='lat' dir='ltr'><strong>membranaceat,</strong></span> 
     </span>
    </p>
   </div>
   <div class='ocr_carea' id='block_1_34' title="bbox 184 4023 3419 4098">
    <p class='ocr_par' dir='ltr' id='par_1_34' title="bbox 184 4023 3419 4098">
     <span class='ocr_line' id='line_1_34' title="bbox 184 4023 3419 4098; baseline 0.002 -22"><span class='ocrx_word' id='word_1_259' title='bbox 184 4028 244 4080; x_wconf 86' lang='lat' dir='ltr'><strong>ris</strong></span> <span class='ocrx_word' id='word_1_260' title='bbox 269 4029 709 4084; x_wconf 87' lang='lat' dir='ltr'><strong>restaurationem</strong></span> <span class='ocrx_word' id='word_1_261' title='bbox 749 4029 981 4098; x_wconf 90' lang='lat' dir='ltr'><strong>amplam</strong></span> <span class='ocrx_word' id='word_1_262' title='bbox 1023 4029 1074 4082; x_wconf 90' lang='lat' dir='ltr'><strong>in</strong></span> <span class='ocrx_word' id='word_1_263' title='bbox 1110 4028 1386 4082; x_wconf 83' lang='lat' dir='ltr'><strong>codicibus</strong></span> <span class='ocrx_word' id='word_1_264' title='bbox 1428 4027 1607 4096; x_wconf 79' lang='lat' dir='ltr'><strong>Regiis</strong></span> <span class='ocrx_word' id='word_1_265' title='bbox 1641 4042 1730 4082; x_wconf 89' lang='lat' dir='ltr'><strong>se-</strong></span> <span class='ocrx_word' id='word_1_266' title='bbox 1832 4027 2027 4080; x_wconf 86' lang='lat' dir='ltr'><strong>decimi</strong></span> <span class='ocrx_word' id='word_1_267' title='bbox 2062 4025 2245 4080; x_wconf 66' lang='lat' dir='ltr'><strong>saeculi</strong></span> <span class='ocrx_word' id='word_1_268' title='bbox 2271 4034 2417 4080; x_wconf 87' lang='lat' dir='ltr'><strong>sunt.</strong></span> <span class='ocrx_word' id='word_1_269' title='bbox 2438 4023 2514 4079; x_wconf 89' lang='lat' dir='ltr'><strong>Ea</strong></span> <span class='ocrx_word' id='word_1_270' title='bbox 2547 4038 2675 4078; x_wconf 91' lang='lat' dir='ltr'><strong>vero</strong></span> <span class='ocrx_word' id='word_1_271' title='bbox 2697 4039 2816 4094; x_wconf 57' lang='lat' dir='ltr'><strong>quae</strong></span> <span class='ocrx_word' id='word_1_272' title='bbox 2841 4023 2979 4078; x_wconf 77' lang='lat' dir='ltr'><strong>l892</strong></span> <span class='ocrx_word' id='word_1_273' title='bbox 3011 4034 3245 4092; x_wconf 88' lang='lat' dir='ltr'><strong>notatur,</strong></span> <span class='ocrx_word' id='word_1_274' title='bbox 3261 4025 3419 4082; x_wconf 88' lang='lat' dir='ltr'><strong>bom-</strong></span> 
     </span>
    </p>
   </div>
   <div class='ocr_carea' id='block_1_35' title="bbox 179 4117 3417 4190">
    <p class='ocr_par' dir='ltr' id='par_1_35' title="bbox 179 4117 3417 4190">
     <span class='ocr_line' id='line_1_35' title="bbox 179 4117 3417 4190; baseline 0.002 -21"><span class='ocrx_word' id='word_1_275' title='bbox 179 4130 324 4186; x_wconf 70' lang='lat' dir='ltr'><strong>getem</strong></span> <span class='ocrx_word' id='word_1_276' title='bbox 371 4120 549 4176; x_wconf 78' lang='lat' dir='ltr'><strong>oﬂ&#39;erri</strong></span> <span class='ocrx_word' id='word_1_277' title='bbox 615 4121 774 4176; x_wconf 89' lang='lat' dir='ltr'><strong>nobis</strong></span> <span class='ocrx_word' id='word_1_278' title='bbox 823 4120 1333 4184; x_wconf 87' lang='lat' dir='ltr'><strong>animadvertimus,</strong></span> <span class='ocrx_word' id='word_1_279' title='bbox 1367 4134 1462 4188; x_wconf 83' lang='lat' dir='ltr'><strong>spe</strong></span> <span class='ocrx_word' id='word_1_280' title='bbox 1494 4135 1556 4174; x_wconf 90' lang='lat' dir='ltr'><strong>ac</strong></span> <span class='ocrx_word' id='word_1_281' title='bbox 1582 4119 1732 4189; x_wconf 88' lang='lat' dir='ltr'><strong>cupi-</strong></span> <span class='ocrx_word' id='word_1_282' title='bbox 1831 4118 2047 4190; x_wconf 86' lang='lat' dir='ltr'><strong>bycina,</strong></span> <span class='ocrx_word' id='word_1_283' title='bbox 2087 4118 2395 4174; x_wconf 89' lang='lat' dir='ltr'><strong>duodecimi</strong></span> <span class='ocrx_word' id='word_1_284' title='bbox 2427 4118 2644 4184; x_wconf 75' lang='lat' dir='ltr'><strong>saeculi,</strong></span> <span class='ocrx_word' id='word_1_285' title='bbox 2676 4133 2739 4172; x_wconf 89' lang='lat' dir='ltr'><strong>ac</strong></span> <span class='ocrx_word' id='word_1_286' title='bbox 2795 4117 2952 4188; x_wconf 78' lang='lat' dir='ltr'><strong>longe</strong></span> <span class='ocrx_word' id='word_1_287' title='bbox 3008 4118 3248 4175; x_wconf 89' lang='lat' dir='ltr'><strong>melioris</strong></span> <span class='ocrx_word' id='word_1_288' title='bbox 3275 4129 3417 4176; x_wconf 67' lang='lat' dir='ltr'><strong>nota!</strong></span> 
     </span>
    </p>
   </div>
   <div class='ocr_carea' id='block_1_36' title="bbox 183 4207 3416 4283">
    <p class='ocr_par' dir='ltr' id='par_1_36' title="bbox 183 4207 3416 4283">
     <span class='ocr_line' id='line_1_36' title="bbox 183 4207 3416 4283; baseline 0.002 -24"><span class='ocrx_word' id='word_1_289' title='bbox 183 4209 286 4264; x_wconf 90' lang='lat' dir='ltr'><strong>dine</strong></span> <span class='ocrx_word' id='word_1_290' title='bbox 307 4215 424 4266; x_wconf 87' lang='lat' dir='ltr'><strong>moti</strong></span> <span class='ocrx_word' id='word_1_291' title='bbox 453 4215 592 4268; x_wconf 89' lang='lat' dir='ltr'><strong>bene</strong></span> <span class='ocrx_word' id='word_1_292' title='bbox 624 4213 874 4283; x_wconf 80' lang='lat' dir='ltr'><strong>gerendae</strong></span> <span class='ocrx_word' id='word_1_293' title='bbox 914 4213 1012 4275; x_wconf 89' lang='lat' dir='ltr'><strong>rei,</strong></span> <span class='ocrx_word' id='word_1_294' title='bbox 1053 4225 1153 4266; x_wconf 91' lang='lat' dir='ltr'><strong>nec</strong></span> <span class='ocrx_word' id='word_1_295' title='bbox 1186 4211 1425 4266; x_wconf 88' lang='lat' dir='ltr'><strong>deterriti</strong></span> <span class='ocrx_word' id='word_1_296' title='bbox 1471 4211 1730 4266; x_wconf 82' lang='lat' dir='ltr'><strong>horumce</strong></span> <span class='ocrx_word' id='word_1_297' title='bbox 1830 4221 1884 4265; x_wconf 90' lang='lat' dir='ltr'><strong>et</strong></span> <span class='ocrx_word' id='word_1_298' title='bbox 1913 4211 2040 4264; x_wconf 84' lang='lat' dir='ltr'><strong>ﬁdei</strong></span> <span class='ocrx_word' id='word_1_299' title='bbox 2077 4219 2160 4265; x_wconf 92' lang='lat' dir='ltr'><strong>est</strong></span> <span class='ocrx_word' id='word_1_300' title='bbox 2210 4225 2372 4280; x_wconf 88' lang='lat' dir='ltr'><strong>quam</strong></span> <span class='ocrx_word' id='word_1_301' title='bbox 2409 4209 2550 4263; x_wconf 65' lang='lat' dir='ltr'><strong>alias.</strong></span> <span class='ocrx_word' id='word_1_302' title='bbox 2594 4207 2662 4264; x_wconf 88' lang='lat' dir='ltr'><strong>Ut</strong></span> <span class='ocrx_word' id='word_1_303' title='bbox 2697 4219 2875 4263; x_wconf 89' lang='lat' dir='ltr'><strong>autem</strong></span> <span class='ocrx_word' id='word_1_304' title='bbox 2929 4224 2996 4264; x_wconf 81' lang='lat' dir='ltr'><strong>ex</strong></span> <span class='ocrx_word' id='word_1_305' title='bbox 3056 4225 3264 4276; x_wconf 91' lang='lat' dir='ltr'><strong>eorum,</strong></span> <span class='ocrx_word' id='word_1_306' title='bbox 3295 4226 3416 4281; x_wconf 65' lang='lat' dir='ltr'><strong>quae</strong></span> 
     </span>
    </p>
   </div>
   <div class='ocr_carea' id='block_1_37' title="bbox 180 4301 3415 4375">
    <p class='ocr_par' dir='ltr' id='par_1_37' title="bbox 180 4301 3415 4375">
     <span class='ocr_line' id='line_1_37' title="bbox 180 4301 3415 4375; baseline 0.002 -22"><span class='ocrx_word' id='word_1_307' title='bbox 180 4301 391 4356; x_wconf 86' lang='lat' dir='ltr'><strong>codicum</strong></span> <span class='ocrx_word' id='word_1_308' title='bbox 422 4303 775 4375; x_wconf 81' lang='lat' dir='ltr'><strong>legendorum</strong></span> <span class='ocrx_word' id='word_1_309' title='bbox 814 4303 1153 4368; x_wconf 80' lang='lat' dir='ltr'><strong>diﬂicultate,</strong></span> <span class='ocrx_word' id='word_1_310' title='bbox 1181 4303 1604 4356; x_wconf 89' lang='lat' dir='ltr'><strong>commentarios</strong></span> <span class='ocrx_word' id='word_1_311' title='bbox 1633 4302 1730 4355; x_wconf 84' lang='lat' dir='ltr'><strong>de-</strong></span> <span class='ocrx_word' id='word_1_312' title='bbox 1829 4302 2038 4372; x_wconf 80' lang='lat' dir='ltr'><strong>integra</strong></span> <span class='ocrx_word' id='word_1_313' title='bbox 2066 4310 2380 4371; x_wconf 87' lang='lat' dir='ltr'><strong>supersunt,</strong></span> <span class='ocrx_word' id='word_1_314' title='bbox 2406 4301 2816 4370; x_wconf 87' lang='lat' dir='ltr'><strong>comparatione</strong></span> <span class='ocrx_word' id='word_1_315' title='bbox 2865 4301 3127 4369; x_wconf 91' lang='lat' dir='ltr'><strong>liquidum</strong></span> <span class='ocrx_word' id='word_1_316' title='bbox 3167 4312 3270 4366; x_wconf 89' lang='lat' dir='ltr'><strong>est,</strong></span> <span class='ocrx_word' id='word_1_317' title='bbox 3298 4304 3415 4359; x_wconf 66' lang='lat' dir='ltr'><strong>hac</strong></span> 
     </span>
    </p>
   </div>
   <div class='ocr_carea' id='block_1_38' title="bbox 179 4388 3414 4463">
    <p class='ocr_par' dir='ltr' id='par_1_38' title="bbox 179 4388 3414 4463">
     <span class='ocr_line' id='line_1_38' title="bbox 179 4388 3414 4463; baseline 0.004 -27"><span class='ocrx_word' id='word_1_318' title='bbox 179 4399 323 4451; x_wconf 84' lang='lat' dir='ltr'><strong>mum,</strong></span> <span class='ocrx_word' id='word_1_319' title='bbox 349 4399 406 4442; x_wconf 89' lang='lat' dir='ltr'><strong>ut</strong></span> <span class='ocrx_word' id='word_1_320' title='bbox 431 4390 666 4444; x_wconf 80' lang='lat' dir='ltr'><strong>facultas</strong></span> <span class='ocrx_word' id='word_1_321' title='bbox 719 4390 861 4454; x_wconf 90' lang='lat' dir='ltr'><strong>tulit,</strong></span> <span class='ocrx_word' id='word_1_322' title='bbox 909 4391 1184 4454; x_wconf 89' lang='lat' dir='ltr'><strong>eruimus,</strong></span> <span class='ocrx_word' id='word_1_323' title='bbox 1230 4398 1284 4442; x_wconf 89' lang='lat' dir='ltr'><strong>et</strong></span> <span class='ocrx_word' id='word_1_324' title='bbox 1317 4388 1370 4442; x_wconf 88' lang='lat' dir='ltr'><strong>in</strong></span> <span class='ocrx_word' id='word_1_325' title='bbox 1399 4396 1727 4456; x_wconf 89' lang='lat' dir='ltr'><strong>postremam</strong></span> <span class='ocrx_word' id='word_1_326' title='bbox 1827 4401 2017 4447; x_wconf 84' lang='lat' dir='ltr'><strong>catena</strong></span> <span class='ocrx_word' id='word_1_327' title='bbox 2043 4393 2328 4447; x_wconf 89' lang='lat' dir='ltr'><strong>admodum</strong></span> <span class='ocrx_word' id='word_1_328' title='bbox 2358 4407 2532 4462; x_wconf 87' lang='lat' dir='ltr'><strong>pauca</strong></span> <span class='ocrx_word' id='word_1_329' title='bbox 2586 4393 2807 4460; x_wconf 90' lang='lat' dir='ltr'><strong>omittit,</strong></span> <span class='ocrx_word' id='word_1_330' title='bbox 2835 4393 3226 4463; x_wconf 83' lang='lat' dir='ltr'><strong>explicationes</strong></span> <span class='ocrx_word' id='word_1_331' title='bbox 3279 4395 3414 4451; x_wconf 86' lang='lat' dir='ltr'><strong>inte-</strong></span> 
     </span>
    </p>
   </div>
   <div class='ocr_carea' id='block_1_39' title="bbox 181 4474 3405 4552">
    <p class='ocr_par' dir='ltr' id='par_1_39' title="bbox 181 4474 3405 4552">
     <span class='ocr_line' id='line_1_39' title="bbox 181 4474 3405 4552; baseline 0.004 -25"><span class='ocrx_word' id='word_1_332' title='bbox 181 4474 372 4544; x_wconf 85' lang='lat' dir='ltr'><strong>hujusce</strong></span> <span class='ocrx_word' id='word_1_333' title='bbox 406 4483 535 4535; x_wconf 88' lang='lat' dir='ltr'><strong>tomi</strong></span> <span class='ocrx_word' id='word_1_334' title='bbox 584 4493 822 4552; x_wconf 88' lang='lat' dir='ltr'><strong>partem,</strong></span> <span class='ocrx_word' id='word_1_335' title='bbox 853 4483 998 4549; x_wconf 92' lang='lat' dir='ltr'><strong>quod</strong></span> <span class='ocrx_word' id='word_1_336' title='bbox 1048 4481 1154 4534; x_wconf 89' lang='lat' dir='ltr'><strong>alio</strong></span> <span class='ocrx_word' id='word_1_337' title='bbox 1197 4489 1326 4534; x_wconf 89' lang='lat' dir='ltr'><strong>tunc</strong></span> <span class='ocrx_word' id='word_1_338' title='bbox 1367 4495 1471 4533; x_wconf 93' lang='lat' dir='ltr'><strong>non</strong></span> <span class='ocrx_word' id='word_1_339' title='bbox 1503 4478 1724 4544; x_wconf 88' lang='lat' dir='ltr'><strong>liceret,</strong></span> <span class='ocrx_word' id='word_1_340' title='bbox 1827 4496 1949 4552; x_wconf 82' lang='lat' dir='ltr'><strong>gras</strong></span> <span class='ocrx_word' id='word_1_341' title='bbox 1978 4479 2156 4547; x_wconf 78' lang='lat' dir='ltr'><strong>aﬂert,</strong></span> <span class='ocrx_word' id='word_1_342' title='bbox 2187 4482 2514 4552; x_wconf 89' lang='lat' dir='ltr'><strong>Eusebiique</strong></span> <span class='ocrx_word' id='word_1_343' title='bbox 2552 4482 2856 4537; x_wconf 84' lang='lat' dir='ltr'><strong>orationem</strong></span> <span class='ocrx_word' id='word_1_344' title='bbox 2879 4523 2895 4549; x_wconf 93' lang='lat'><strong>,</strong></span> <span class='ocrx_word' id='word_1_345' title='bbox 2925 4499 3025 4538; x_wconf 87' lang='lat' dir='ltr'><strong>nec</strong></span> <span class='ocrx_word' id='word_1_346' title='bbox 3055 4483 3270 4538; x_wconf 88' lang='lat' dir='ltr'><strong>brevius</strong></span> <span class='ocrx_word' id='word_1_347' title='bbox 3302 4500 3405 4540; x_wconf 88' lang='lat' dir='ltr'><strong>nec</strong></span> 
     </span>
    </p>
   </div>
   <div class='ocr_carea' id='block_1_40' title="bbox 178 4570 3401 4644">
    <p class='ocr_par' dir='ltr' id='par_1_40' title="bbox 178 4570 3401 4644">
     <span class='ocr_line' id='line_1_40' title="bbox 178 4570 3401 4644; baseline 0.004 -25"><span class='ocrx_word' id='word_1_348' title='bbox 178 4570 508 4638; x_wconf 81' lang='lat' dir='ltr'><strong>oonjiciendos</strong></span> <span class='ocrx_word' id='word_1_349' title='bbox 539 4573 819 4627; x_wconf 92' lang='lat' dir='ltr'><strong>duximus.</strong></span> <span class='ocrx_word' id='word_1_350' title='bbox 869 4571 1066 4628; x_wconf 82' lang='lat' dir='ltr'><strong>Verum</strong></span> <span class='ocrx_word' id='word_1_351' title='bbox 1101 4581 1212 4626; x_wconf 92' lang='lat' dir='ltr'><strong>tum</strong></span> <span class='ocrx_word' id='word_1_352' title='bbox 1263 4571 1365 4625; x_wconf 85' lang='lat' dir='ltr'><strong>hac</strong></span> <span class='ocrx_word' id='word_1_353' title='bbox 1398 4570 1464 4624; x_wconf 91' lang='lat' dir='ltr'><strong>de</strong></span> <span class='ocrx_word' id='word_1_354' title='bbox 1500 4585 1582 4635; x_wconf 89' lang='lat' dir='ltr'><strong>re,</strong></span> <span class='ocrx_word' id='word_1_355' title='bbox 1613 4579 1724 4623; x_wconf 90' lang='lat' dir='ltr'><strong>tum</strong></span> <span class='ocrx_word' id='word_1_356' title='bbox 1826 4587 1981 4627; x_wconf 90' lang='lat' dir='ltr'><strong>secus</strong></span> <span class='ocrx_word' id='word_1_357' title='bbox 2007 4574 2283 4642; x_wconf 81' lang='lat' dir='ltr'><strong>exprimit.</strong></span> <span class='ocrx_word' id='word_1_358' title='bbox 2315 4573 2480 4642; x_wconf 83' lang='lat' dir='ltr'><strong>Hujus</strong></span> <span class='ocrx_word' id='word_1_359' title='bbox 2508 4573 2633 4627; x_wconf 91' lang='lat' dir='ltr'><strong>item</strong></span> <span class='ocrx_word' id='word_1_360' title='bbox 2666 4574 2740 4628; x_wconf 89' lang='lat' dir='ltr'><strong>rei</strong></span> <span class='ocrx_word' id='word_1_361' title='bbox 2781 4583 3152 4644; x_wconf 69' lang='lat' dir='ltr'><strong>argumentum</strong></span> <span class='ocrx_word' id='word_1_362' title='bbox 3180 4589 3247 4630; x_wconf 88' lang='lat' dir='ltr'><strong>ex</strong></span> <span class='ocrx_word' id='word_1_363' title='bbox 3276 4574 3401 4631; x_wconf 81' lang='lat' dir='ltr'><strong>Hie-</strong></span> 
     </span>
    </p>
   </div>
   <div class='ocr_carea' id='block_1_41' title="bbox 177 4659 3401 4738">
    <p class='ocr_par' dir='ltr' id='par_1_41' title="bbox 177 4659 3401 4738">
     <span class='ocr_line' id='line_1_41' title="bbox 177 4659 3401 4738; baseline 0.001 -21"><span class='ocrx_word' id='word_1_364' title='bbox 177 4659 235 4717; x_wconf 77' lang='lat' dir='ltr'><strong>de</strong></span> <span class='ocrx_word' id='word_1_365' title='bbox 257 4669 632 4720; x_wconf 83' lang='lat' dir='ltr'><strong>commentario</strong></span> <span class='ocrx_word' id='word_1_366' title='bbox 666 4667 806 4734; x_wconf 90' lang='lat' dir='ltr'><strong>ipso,</strong></span> <span class='ocrx_word' id='word_1_367' title='bbox 851 4681 948 4738; x_wconf 91' lang='lat' dir='ltr'><strong>pro</strong></span> <span class='ocrx_word' id='word_1_368' title='bbox 991 4679 1140 4720; x_wconf 88' lang='lat' dir='ltr'><strong>more</strong></span> <span class='ocrx_word' id='word_1_369' title='bbox 1183 4671 1367 4718; x_wconf 90' lang='lat' dir='ltr'><strong>nostro</strong></span> <span class='ocrx_word' id='word_1_370' title='bbox 1407 4661 1622 4732; x_wconf 59' lang='lat' dir='ltr'><strong>praefari</strong></span> <span class='ocrx_word' id='word_1_371' title='bbox 1657 4675 1724 4716; x_wconf 91' lang='lat' dir='ltr'><strong>ne</strong></span> <span class='ocrx_word' id='word_1_372' title='bbox 1770 4737 1777 4738; x_wconf 14' lang='grc' dir='ltr'>ί</span> <span class='ocrx_word' id='word_1_373' title='bbox 1828 4665 2036 4734; x_wconf 86' lang='lat' dir='ltr'><strong>ronymi</strong></span> <span class='ocrx_word' id='word_1_374' title='bbox 2069 4666 2122 4719; x_wconf 93' lang='lat' dir='ltr'><strong>in</strong></span> <span class='ocrx_word' id='word_1_375' title='bbox 2155 4664 2404 4720; x_wconf 89' lang='lat' dir='ltr'><strong>Hesaiam</strong></span> <span class='ocrx_word' id='word_1_376' title='bbox 2422 4664 2838 4721; x_wconf 82' lang='lat' dir='ltr'><strong>Commentariis</strong></span> <span class='ocrx_word' id='word_1_377' title='bbox 2861 4665 3091 4720; x_wconf 88' lang='lat' dir='ltr'><strong>eruitur.</strong></span> <span class='ocrx_word' id='word_1_378' title='bbox 3125 4664 3258 4720; x_wconf 89' lang='lat' dir='ltr'><strong>Nam</strong></span> <span class='ocrx_word' id='word_1_379' title='bbox 3277 4682 3401 4722; x_wconf 91' lang='lat' dir='ltr'><strong>cum</strong></span> 
     </span>
    </p>
   </div>
   <div class='ocr_carea' id='block_1_42' title="bbox 178 4737 3410 4828">
    <p class='ocr_par' dir='ltr' id='par_1_42' title="bbox 178 4737 3410 4828">
     <span class='ocr_line' id='line_1_42' title="bbox 178 4737 3410 4828; baseline 0.002 -22"><span class='ocrx_word' id='word_1_380' title='bbox 178 4768 452 4820; x_wconf 69' lang='lat' dir='ltr'><strong>graventur.</strong></span> <span class='ocrx_word' id='word_1_381' title='bbox 1751 4737 1794 4795; x_wconf 67' lang='grc' dir='ltr'>θ</span> <span class='ocrx_word' id='word_1_382' title='bbox 1834 4757 2193 4828; x_wconf 88' lang='lat' dir='ltr'><strong>Hieronymus</strong></span> <span class='ocrx_word' id='word_1_383' title='bbox 2223 4757 2437 4813; x_wconf 87' lang='lat' dir='ltr'><strong>Eusebii</strong></span> <span class='ocrx_word' id='word_1_384' title='bbox 2463 4757 2938 4826; x_wconf 85' lang='lat' dir='ltr'><strong>interpretationes</strong></span> <span class='ocrx_word' id='word_1_385' title='bbox 2961 4774 3065 4812; x_wconf 92' lang='lat' dir='ltr'><strong>non</strong></span> <span class='ocrx_word' id='word_1_386' title='bbox 3099 4758 3410 4828; x_wconf 81' lang='lat' dir='ltr'><strong>infrequen-</strong></span> 
     </span>
    </p>
   </div>
   <div class='ocr_carea' id='block_1_43' title="bbox 897 4847 3409 4942">
    <p class='ocr_par' dir='ltr' id='par_1_43' title="bbox 897 4847 3409 4942">
     <span class='ocr_line' id='line_1_43' title="bbox 897 4847 3409 4942; baseline 0.003 -44"><span class='ocrx_word' id='word_1_387' title='bbox 897 4873 924 4942; x_wconf 66' lang='lat'><strong>§</strong></span> <span class='ocrx_word' id='word_1_388' title='bbox 955 4873 993 4926; x_wconf 52' lang='grc' dir='ltr'><strong>ι.</strong></span> <span class='ocrx_word' id='word_1_389' title='bbox 1835 4855 1916 4900; x_wconf 89' lang='lat' dir='ltr'><strong>ter</strong></span> <span class='ocrx_word' id='word_1_390' title='bbox 1949 4847 2015 4899; x_wconf 92' lang='lat' dir='ltr'><strong>ad</strong></span> <span class='ocrx_word' id='word_1_391' title='bbox 2045 4849 2267 4901; x_wconf 82' lang='lat' dir='ltr'><strong>verbum</strong></span> <span class='ocrx_word' id='word_1_392' title='bbox 2303 4862 2439 4917; x_wconf 92' lang='lat' dir='ltr'><strong>pene</strong></span> <span class='ocrx_word' id='word_1_393' title='bbox 2469 4847 2780 4911; x_wconf 78' lang='lat' dir='ltr'><strong>transierat,</strong></span> <span class='ocrx_word' id='word_1_394' title='bbox 2806 4848 2934 4902; x_wconf 91' lang='lat' dir='ltr'><strong>hinc</strong></span> <span class='ocrx_word' id='word_1_395' title='bbox 2966 4847 3275 4916; x_wconf 88' lang='lat' dir='ltr'><strong>conjectura</strong></span> <span class='ocrx_word' id='word_1_396' title='bbox 3305 4862 3409 4913; x_wconf 81' lang='lat' dir='ltr'><strong>est.</strong></span> 
     </span>
    </p>
   </div>
   <div class='ocr_carea' id='block_1_44' title="bbox 178 4938 1698 5033">
    <p class='ocr_par' dir='ltr' id='par_1_44' title="bbox 178 4938 1698 5033">
     <span class='ocr_line' id='line_1_44' title="bbox 178 4938 1698 5033; baseline 0 -23"><span class='ocrx_word' id='word_1_397' title='bbox 178 4956 242 5012; x_wconf 81' lang='lat' dir='ltr'><strong>De</strong></span> <span class='ocrx_word' id='word_1_398' title='bbox 262 4965 509 5020; x_wconf 77' lang='lat' dir='ltr'><strong>codicibus</strong></span> <span class='ocrx_word' id='word_1_399' title='bbox 547 4965 691 5019; x_wconf 84' lang='lat' dir='ltr'><strong>unde</strong></span> <span class='ocrx_word' id='word_1_400' title='bbox 731 4938 986 5033; x_wconf 67' lang='lat' dir='ltr'><strong>prodeunt</strong></span> <span class='ocrx_word' id='word_1_401' title='bbox 1010 4961 1219 5017; x_wconf 76' lang='lat' dir='ltr'><strong>Eusebii</strong></span> <span class='ocrx_word' id='word_1_402' title='bbox 1251 4959 1640 5015; x_wconf 78' lang='lat' dir='ltr'><strong>Commentario</strong></span> <span class='ocrx_word' id='word_1_403' title='bbox 1671 4959 1698 5011; x_wconf 72' lang='lat' dir='ltr'><strong>ia</strong></span> 
     </span>
    </p>
   </div>
   <div class='ocr_carea' id='block_1_45' title="bbox 1928 4938 3448 5033">
    <p class='ocr_par' dir='ltr' id='par_1_45' title="bbox 1928 4938 3448 5011">
     <span class='ocr_line' id='line_1_45' title="bbox 1928 4938 3448 5011; baseline 0.004 -21"><span class='ocrx_word' id='word_1_404' title='bbox 1928 4953 2020 4992; x_wconf 89' lang='lat' dir='ltr'><strong>nas</strong></span> <span class='ocrx_word' id='word_1_405' title='bbox 2052 4939 2170 4994; x_wconf 88' lang='lat' dir='ltr'><strong>illas</strong></span> <span class='ocrx_word' id='word_1_406' title='bbox 2202 4939 2546 5011; x_wconf 72' lang='lat' dir='ltr'><strong>integrasque</strong></span> <span class='ocrx_word' id='word_1_407' title='bbox 2569 4941 2621 4993; x_wconf 91' lang='lat' dir='ltr'><strong>in</strong></span> <span class='ocrx_word' id='word_1_408' title='bbox 2649 4940 2852 4995; x_wconf 86' lang='lat' dir='ltr'><strong>Catena</strong></span> <span class='ocrx_word' id='word_1_409' title='bbox 2880 4938 3083 5006; x_wconf 80' lang='lat' dir='ltr'><strong>aﬂ‘erri,</strong></span> <span class='ocrx_word' id='word_1_410' title='bbox 3113 4941 3300 5010; x_wconf 83' lang='lat' dir='ltr'><strong>quales</strong></span> <span class='ocrx_word' id='word_1_411' title='bbox 3330 4944 3414 4996; x_wconf 89' lang='lat' dir='ltr'><strong>ni-</strong></span> <span class='ocrx_word' id='word_1_412' title='bbox 3447 4954 3448 4957; x_wconf 78' lang='lat'>‘</span> 
     </span>
    </p>
   </div>
   <div class='ocr_carea' id='block_1_46' title="bbox 801 5031 3265 5106">
    <p class='ocr_par' dir='ltr' id='par_1_46' title="bbox 801 5031 3265 5106">
     <span class='ocr_line' id='line_1_46' title="bbox 801 5031 3265 5106; baseline 0 -18"><span class='ocrx_word' id='word_1_413' title='bbox 801 5035 1068 5089; x_wconf 80' lang='lat' dir='ltr'><strong>Hesaiam.</strong></span> <span class='ocrx_word' id='word_1_414' title='bbox 1831 5033 2029 5084; x_wconf 89' lang='lat' dir='ltr'><strong>mirum</strong></span> <span class='ocrx_word' id='word_1_415' title='bbox 2058 5031 2419 5106; x_wconf 89' lang='lat' dir='ltr'><strong>Hieronymus</strong></span> <span class='ocrx_word' id='word_1_416' title='bbox 2456 5048 2523 5088; x_wconf 89' lang='lat' dir='ltr'><strong>ex</strong></span> <span class='ocrx_word' id='word_1_417' title='bbox 2554 5032 2975 5089; x_wconf 87' lang='lat' dir='ltr'><strong>Commentariis</strong></span> <span class='ocrx_word' id='word_1_418' title='bbox 3009 5043 3265 5088; x_wconf 88' lang='lat' dir='ltr'><strong>verterat.</strong></span> 
     </span>
    </p>
   </div>
   <div class='ocr_carea' id='block_1_47' title="bbox 235 5121 3413 5198">
    <p class='ocr_par' dir='ltr' id='par_1_47' title="bbox 235 5121 3413 5198">
     <span class='ocr_line' id='line_1_47' title="bbox 235 5121 3413 5198; baseline 0 -18"><span class='ocrx_word' id='word_1_419' title='bbox 235 5123 416 5195; x_wconf 88' lang='lat' dir='ltr'><strong>Utjam</strong></span> <span class='ocrx_word' id='word_1_420' title='bbox 444 5131 629 5184; x_wconf 85' lang='lat' dir='ltr'><strong>dicere</strong></span> <span class='ocrx_word' id='word_1_421' title='bbox 673 5129 1082 5198; x_wconf 88' lang='lat' dir='ltr'><strong>occupavimus,</strong></span> <span class='ocrx_word' id='word_1_422' title='bbox 1122 5127 1292 5181; x_wconf 80' lang='lat' dir='ltr'><strong>codex</strong></span> <span class='ocrx_word' id='word_1_423' title='bbox 1337 5121 1680 5180; x_wconf 88' lang='lat' dir='ltr'><strong>Ebroicensis</strong></span> <span class='ocrx_word' id='word_1_424' title='bbox 1707 5161 1723 5186; x_wconf 90' lang='lat'><strong>,</strong></span> <span class='ocrx_word' id='word_1_425' title='bbox 1903 5122 2120 5178; x_wconf 83' lang='lat' dir='ltr'><strong>Monere</strong></span> <span class='ocrx_word' id='word_1_426' title='bbox 2172 5140 2238 5178; x_wconf 90' lang='lat' dir='ltr'><strong>ne</strong></span> <span class='ocrx_word' id='word_1_427' title='bbox 2277 5126 2456 5194; x_wconf 80' lang='lat' dir='ltr'><strong>pigeat</strong></span> <span class='ocrx_word' id='word_1_428' title='bbox 2509 5125 2754 5180; x_wconf 91' lang='lat' dir='ltr'><strong>codicem</strong></span> <span class='ocrx_word' id='word_1_429' title='bbox 2791 5124 3163 5181; x_wconf 86' lang='lat' dir='ltr'><strong>Colbertinum</strong></span> <span class='ocrx_word' id='word_1_430' title='bbox 3220 5140 3413 5180; x_wconf 86' lang='lat' dir='ltr'><strong>nume-</strong></span> 
     </span>
    </p>
   </div>
   <div class='ocr_carea' id='block_1_48' title="bbox 177 5212 3411 5290">
    <p class='ocr_par' dir='ltr' id='par_1_48' title="bbox 177 5212 3411 5290">
     <span class='ocr_line' id='line_1_48' title="bbox 177 5212 3411 5290; baseline 0.002 -27"><span class='ocrx_word' id='word_1_431' title='bbox 177 5212 281 5268; x_wconf 85' lang='lat' dir='ltr'><strong>olim</strong></span> <span class='ocrx_word' id='word_1_432' title='bbox 316 5222 602 5276; x_wconf 87' lang='lat' dir='ltr'><strong>cardinalis</strong></span> <span class='ocrx_word' id='word_1_433' title='bbox 635 5221 898 5283; x_wconf 87' lang='lat' dir='ltr'><strong>Perronii,</strong></span> <span class='ocrx_word' id='word_1_434' title='bbox 923 5236 1083 5290; x_wconf 91' lang='lat' dir='ltr'><strong>quem</strong></span> <span class='ocrx_word' id='word_1_435' title='bbox 1126 5217 1213 5272; x_wconf 90' lang='lat' dir='ltr'><strong>ille</strong></span> <span class='ocrx_word' id='word_1_436' title='bbox 1243 5217 1294 5270; x_wconf 91' lang='lat' dir='ltr'><strong>in</strong></span> <span class='ocrx_word' id='word_1_437' title='bbox 1328 5215 1478 5270; x_wconf 90' lang='lat' dir='ltr'><strong>Italia</strong></span> <span class='ocrx_word' id='word_1_438' title='bbox 1516 5230 1581 5269; x_wconf 85' lang='lat' dir='ltr'><strong>ex</strong></span> <span class='ocrx_word' id='word_1_439' title='bbox 1628 5227 1724 5267; x_wconf 89' lang='lat' dir='ltr'><strong>ve-</strong></span> <span class='ocrx_word' id='word_1_440' title='bbox 1833 5231 1893 5269; x_wconf 89' lang='lat' dir='ltr'><strong>ro</strong></span> <span class='ocrx_word' id='word_1_441' title='bbox 1918 5214 2080 5280; x_wconf 74' lang='lat'><strong>2596,</strong></span> <span class='ocrx_word' id='word_1_442' title='bbox 2117 5216 2245 5271; x_wconf 91' lang='lat' dir='ltr'><strong>olim</strong></span> <span class='ocrx_word' id='word_1_443' title='bbox 2287 5215 2633 5271; x_wconf 64' lang='lat' dir='ltr'><strong>Bibliotheca:</strong></span> <span class='ocrx_word' id='word_1_444' title='bbox 2675 5215 2933 5279; x_wconf 75' lang='lat' dir='ltr'><strong>Thoante,</strong></span> <span class='ocrx_word' id='word_1_445' title='bbox 2970 5216 3184 5270; x_wconf 92' lang='lat' dir='ltr'><strong>initium</strong></span> <span class='ocrx_word' id='word_1_446' title='bbox 3243 5215 3411 5272; x_wconf 88' lang='lat' dir='ltr'><strong>Com-</strong></span> 
     </span>
    </p>
   </div>
   <div class='ocr_carea' id='block_1_49' title="bbox 178 5306 3412 5374">
    <p class='ocr_par' dir='ltr' id='par_1_49' title="bbox 178 5306 3412 5374">
     <span class='ocr_line' id='line_1_49' title="bbox 178 5306 3412 5374; baseline 0.001 -15"><span class='ocrx_word' id='word_1_447' title='bbox 178 5309 312 5364; x_wconf 72' lang='lat' dir='ltr'><strong>:uslis</strong></span> <span class='ocrx_word' id='word_1_448' title='bbox 356 5313 632 5369; x_wconf 87' lang='lat' dir='ltr'><strong>codicibus</strong></span> <span class='ocrx_word' id='word_1_449' title='bbox 665 5312 898 5367; x_wconf 89' lang='lat' dir='ltr'><strong>exscribi</strong></span> <span class='ocrx_word' id='word_1_450' title='bbox 951 5311 1200 5374; x_wconf 87' lang='lat' dir='ltr'><strong>curavit,</strong></span> <span class='ocrx_word' id='word_1_451' title='bbox 1242 5313 1382 5364; x_wconf 87' lang='lat' dir='ltr'><strong>inter</strong></span> <span class='ocrx_word' id='word_1_452' title='bbox 1429 5308 1532 5363; x_wconf 83' lang='lat' dir='ltr'><strong>alia</strong></span> <span class='ocrx_word' id='word_1_453' title='bbox 1587 5311 1725 5361; x_wconf 87' lang='lat' dir='ltr'><strong>bene</strong></span> <span class='ocrx_word' id='word_1_454' title='bbox 1833 5309 2227 5362; x_wconf 84' lang='lat' dir='ltr'><strong>mentariorum</strong></span> <span class='ocrx_word' id='word_1_455' title='bbox 2279 5309 2460 5364; x_wconf 87' lang='lat' dir='ltr'><strong>Basilii</strong></span> <span class='ocrx_word' id='word_1_456' title='bbox 2515 5309 2565 5362; x_wconf 91' lang='lat' dir='ltr'><strong>in</strong></span> <span class='ocrx_word' id='word_1_457' title='bbox 2618 5306 2892 5373; x_wconf 81' lang='lat' dir='ltr'><strong>Hesaiam,</strong></span> <span class='ocrx_word' id='word_1_458' title='bbox 2924 5308 3140 5364; x_wconf 88' lang='lat' dir='ltr'><strong>Eusebii</strong></span> <span class='ocrx_word' id='word_1_459' title='bbox 3188 5311 3412 5364; x_wconf 84' lang='lat' dir='ltr'><strong>nomine</strong></span> 
     </span>
    </p>
   </div>
   <div class='ocr_carea' id='block_1_50' title="bbox 180 5397 1700 5478">
    <p class='ocr_par' dir='ltr' id='par_1_50' title="bbox 180 5397 1698 5464">
     <span class='ocr_line' id='line_1_50' title="bbox 180 5397 1698 5464; baseline 0.003 -19"><span class='ocrx_word' id='word_1_460' title='bbox 180 5398 316 5452; x_wconf 88' lang='lat' dir='ltr'><strong>multa</strong></span> <span class='ocrx_word' id='word_1_461' title='bbox 343 5401 802 5457; x_wconf 89' lang='lat' dir='ltr'><strong>Commentarium</strong></span> <span class='ocrx_word' id='word_1_462' title='bbox 833 5401 1045 5457; x_wconf 82' lang='lat' dir='ltr'><strong>Eusebii</strong></span> <span class='ocrx_word' id='word_1_463' title='bbox 1080 5400 1133 5455; x_wconf 91' lang='lat' dir='ltr'><strong>in</strong></span> <span class='ocrx_word' id='word_1_464' title='bbox 1171 5401 1414 5454; x_wconf 88' lang='lat' dir='ltr'><strong>Psalmos</strong></span> <span class='ocrx_word' id='word_1_465' title='bbox 1437 5439 1451 5464; x_wconf 91' lang='lat'><strong>,</strong></span> <span class='ocrx_word' id='word_1_466' title='bbox 1476 5407 1529 5452; x_wconf 89' lang='lat' dir='ltr'><strong>et</strong></span> <span class='ocrx_word' id='word_1_467' title='bbox 1558 5397 1698 5451; x_wconf 87' lang='lat' dir='ltr'><strong>Euse</strong></span> 
     </span>
    </p>
   </div>
   <div class='ocr_carea' id='block_1_51' title="bbox 1889 5397 3409 5478">
    <p class='ocr_par' dir='ltr' id='par_1_51' title="bbox 1889 5401 3409 5478">
     <span class='ocr_line' id='line_1_51' title="bbox 1889 5401 3409 5478; baseline 0.003 -25"><span class='ocrx_word' id='word_1_468' title='bbox 1889 5401 2183 5456; x_wconf 81' lang='lat' dir='ltr'><strong>rcumferre</strong></span> <span class='ocrx_word' id='word_1_469' title='bbox 2221 5404 2322 5457; x_wconf 87' lang='lat' dir='ltr'><strong>hoc</strong></span> <span class='ocrx_word' id='word_1_470' title='bbox 2356 5404 2546 5469; x_wconf 90' lang='lat' dir='ltr'><strong>modo,</strong></span> <span class='ocrx_word' id='word_1_471' title='bbox 2574 5401 2835 5456; x_wconf 79' lang='grc' dir='ltr'>Εὐσεϐίου</span> <span class='ocrx_word' id='word_1_472' title='bbox 2867 5402 2960 5455; x_wconf 78' lang='grc' dir='ltr'>τοῦ</span> <span class='ocrx_word' id='word_1_473' title='bbox 2998 5403 3285 5478; x_wconf 79' lang='grc' dir='ltr'>ῌαμφίλου</span> <span class='ocrx_word' id='word_1_474' title='bbox 3316 5406 3409 5476; x_wconf 81' lang='grc' dir='ltr'><strong>ἑρ-</strong></span> 
     </span>
    </p>
   </div>
   <div class='ocr_carea' id='block_1_52' title="bbox 179 5485 1699 5568">
    <p class='ocr_par' dir='ltr' id='par_1_52' title="bbox 179 5485 1699 5562">
     <span class='ocr_line' id='line_1_52' title="bbox 179 5485 1699 5562; baseline 0.003 -24"><span class='ocrx_word' id='word_1_475' title='bbox 179 5485 235 5540; x_wconf 85' lang='lat' dir='ltr'><strong>hii</strong></span> <span class='ocrx_word' id='word_1_476' title='bbox 264 5491 486 5560; x_wconf 77' lang='lat' dir='ltr'><strong>ejusdem</strong></span> <span class='ocrx_word' id='word_1_477' title='bbox 517 5496 570 5549; x_wconf 92' lang='lat' dir='ltr'><strong>in</strong></span> <span class='ocrx_word' id='word_1_478' title='bbox 609 5494 859 5549; x_wconf 82' lang='lat' dir='ltr'><strong>Hesaiam</strong></span> <span class='ocrx_word' id='word_1_479' title='bbox 900 5495 1169 5548; x_wconf 82' lang='lat' dir='ltr'><strong>sexdecim</strong></span> <span class='ocrx_word' id='word_1_480' title='bbox 1204 5494 1380 5562; x_wconf 90' lang='lat' dir='ltr'><strong>capita</strong></span> <span class='ocrx_word' id='word_1_481' title='bbox 1417 5491 1699 5560; x_wconf 90' lang='lat' dir='ltr'><strong>complecti</strong></span> 
     </span>
    </p>
   </div>
   <div class='ocr_carea' id='block_1_53' title="bbox 1890 5485 3410 5568">
    <p class='ocr_par' dir='ltr' id='par_1_53' title="bbox 1890 5495 3410 5568">
     <span class='ocr_line' id='line_1_53' title="bbox 1890 5495 3410 5568; baseline 0.004 -21"><span class='ocrx_word' id='word_1_482' title='bbox 1890 5495 2030 5564; x_wconf 61' lang='grc' dir='ltr'>ςνεία</span> <span class='ocrx_word' id='word_1_483' title='bbox 2065 5497 2143 5557; x_wconf 77' lang='grc' dir='ltr'><strong>εἰς</strong></span> <span class='ocrx_word' id='word_1_484' title='bbox 2169 5495 2260 5548; x_wconf 83' lang='grc' dir='ltr'><strong>τὸν</strong></span> <span class='ocrx_word' id='word_1_485' title='bbox 2296 5497 2582 5568; x_wconf 84' lang='grc' dir='ltr'>προφήτην</span> <span class='ocrx_word' id='word_1_486' title='bbox 2622 5497 2850 5549; x_wconf 78' lang='grc' dir='ltr'>Ἡσαΐαν</span> <span class='ocrx_word' id='word_1_487' title='bbox 2871 5496 3029 5564; x_wconf 86' lang='grc' dir='ltr'>λόγος</span> <span class='ocrx_word' id='word_1_488' title='bbox 3050 5497 3119 5550; x_wconf 82' lang='grc' dir='ltr'><strong>α’.</strong></span> <span class='ocrx_word' id='word_1_489' title='bbox 3150 5497 3282 5553; x_wconf 83' lang='lat' dir='ltr'><strong>1nit.</strong></span> <span class='ocrx_word' id='word_1_490' title='bbox 3307 5498 3410 5552; x_wconf 79' lang='grc' dir='ltr'><strong>Εὖ-</strong></span> 
     </span>
    </p>
   </div>
   <div class='ocr_carea' id='block_1_54' title="bbox 180 5583 1700 5662">
    <p class='ocr_par' dir='ltr' id='par_1_54' title="bbox 180 5583 1700 5658">
     <span class='ocr_line' id='line_1_54' title="bbox 180 5583 1700 5658; baseline 0.007 -30"><span class='ocrx_word' id='word_1_491' title='bbox 180 5587 268 5632; x_wconf 87' lang='lat' dir='ltr'><strong>tur.</strong></span> <span class='ocrx_word' id='word_1_492' title='bbox 294 5585 366 5639; x_wconf 75' lang='lat' dir='ltr'><strong>Ad</strong></span> <span class='ocrx_word' id='word_1_493' title='bbox 395 5586 506 5643; x_wconf 65' lang='lat' dir='ltr'><strong>haec</strong></span> <span class='ocrx_word' id='word_1_494' title='bbox 531 5603 662 5642; x_wconf 90' lang='lat' dir='ltr'><strong>vero</strong></span> <span class='ocrx_word' id='word_1_495' title='bbox 691 5605 756 5644; x_wconf 88' lang='lat' dir='ltr'><strong>ex</strong></span> <span class='ocrx_word' id='word_1_496' title='bbox 786 5589 971 5644; x_wconf 86' lang='lat' dir='ltr'><strong>codice</strong></span> <span class='ocrx_word' id='word_1_497' title='bbox 997 5587 1167 5658; x_wconf 81' lang='lat' dir='ltr'><strong>Regio</strong></span> <span class='ocrx_word' id='word_1_498' title='bbox 1202 5602 1348 5640; x_wconf 91' lang='lat' dir='ltr'><strong>num.</strong></span> <span class='ocrx_word' id='word_1_499' title='bbox 1395 5583 1558 5649; x_wconf 70' lang='grc'><strong>2458,</strong></span> <span class='ocrx_word' id='word_1_500' title='bbox 1591 5585 1700 5639; x_wconf 88' lang='lat' dir='ltr'><strong>duo</strong></span> 
     </span>
    </p>
   </div>
   <div class='ocr_carea' id='block_1_55' title="bbox 1889 5583 3409 5662">
    <p class='ocr_par' dir='ltr' id='par_1_55' title="bbox 1889 5585 3409 5662">
     <span class='ocr_line' id='line_1_55' title="bbox 1889 5585 3409 5662; baseline 0.005 -25"><span class='ocrx_word' id='word_1_501' title='bbox 1889 5586 1990 5638; x_wconf 75' lang='grc' dir='ltr'>ισϐε</span> <span class='ocrx_word' id='word_1_502' title='bbox 2021 5585 2094 5658; x_wconf 77' lang='grc' dir='ltr'><strong>μὴ</strong></span> <span class='ocrx_word' id='word_1_503' title='bbox 2115 5587 2364 5656; x_wconf 82' lang='grc' dir='ltr'>γενέσθαι</span> <span class='ocrx_word' id='word_1_504' title='bbox 2384 5588 2482 5660; x_wconf 77' lang='grc' dir='ltr'><strong>τὴν</strong></span> <span class='ocrx_word' id='word_1_505' title='bbox 2515 5589 2689 5662; x_wconf 84' lang='grc' dir='ltr'>φυγὴν</span> <span class='ocrx_word' id='word_1_506' title='bbox 2710 5586 2882 5642; x_wconf 65' lang='grc' dir='ltr'>ὑμῶν.</span> <span class='ocrx_word' id='word_1_507' title='bbox 2907 5589 3107 5649; x_wconf 86' lang='lat' dir='ltr'><strong>Deinde</strong></span> <span class='ocrx_word' id='word_1_508' title='bbox 3127 5603 3253 5644; x_wconf 88' lang='lat' dir='ltr'><strong>vero</strong></span> <span class='ocrx_word' id='word_1_509' title='bbox 3274 5590 3409 5658; x_wconf 71' lang='lat' dir='ltr'><strong>haec,</strong></span> 
     </span>
    </p>
   </div>
   <div class='ocr_carea' id='block_1_56' title="bbox 180 5697 3412 5824">
    <p class='ocr_par' dir='ltr' id='par_1_56' title="bbox 180 5697 3412 5824">
     <span class='ocr_line' id='line_1_56' title="bbox 180 5697 3412 5824; baseline -0.001 -68"><span class='ocrx_word' id='word_1_510' title='bbox 180 5699 306 5824; x_wconf 57' lang='lat' dir='ltr'><strong>“rubi</strong></span> <span class='ocrx_word' id='word_1_511' title='bbox 333 5700 577 5824; x_wconf 69' lang='lat' dir='ltr'><strong>lﬂuuium</strong></span> <span class='ocrx_word' id='word_1_512' title='bbox 619 5721 726 5761; x_wconf 90' lang='lat' dir='ltr'><strong>non</strong></span> <span class='ocrx_word' id='word_1_513' title='bbox 775 5705 974 5762; x_wconf 85' lang='lat' dir='ltr'><strong>Isaiam</strong></span> <span class='ocrx_word' id='word_1_514' title='bbox 1018 5705 1326 5770; x_wconf 84' lang='lat' dir='ltr'><strong>scribimus,</strong></span> <span class='ocrx_word' id='word_1_515' title='bbox 1358 5717 1544 5760; x_wconf 90' lang='lat' dir='ltr'><strong>vocem</strong></span> <span class='ocrx_word' id='word_1_516' title='bbox 1571 5703 1814 5758; x_wconf 67' lang='lat' dir='ltr'><strong>Graecam</strong></span> <span class='ocrx_word' id='word_1_517' title='bbox 1884 5705 2110 5768; x_wconf 81' lang='grc' dir='ltr'>Ἡσαΐας</span> <span class='ocrx_word' id='word_1_518' title='bbox 2171 5704 2482 5776; x_wconf 72' lang='lat' dir='ltr'><strong>sequentes,</strong></span> <span class='ocrx_word' id='word_1_519' title='bbox 2550 5708 2650 5762; x_wconf 86' lang='lat' dir='ltr'><strong>etsi</strong></span> <span class='ocrx_word' id='word_1_520' title='bbox 2722 5704 2982 5762; x_wconf 88' lang='lat' dir='ltr'><strong>llebraice</strong></span> <span class='ocrx_word' id='word_1_521' title='bbox 3009 5697 3412 5784; x_wconf 64' lang='lat' dir='ltr'><strong>ntmtlesaiab</strong></span> 
     </span>
     <span class='ocr_line' id='line_1_57' title="bbox 255 5785 433 5824; baseline 0.011 -2"><span class='ocrx_word' id='word_1_522' title='bbox 255 5785 266 5822; x_wconf 89' lang='grc' dir='ltr'><strong>Ι</strong></span> <span class='ocrx_word' id='word_1_523' title='bbox 303 5787 328 5824; x_wconf 73' lang='lat'><strong>8</strong></span> <span class='ocrx_word' id='word_1_524' title='bbox 356 5789 433 5824; x_wconf 92' lang='lat' dir='ltr'><strong>ur.</strong></span> 
     </span>
    </p>
   </div>
   <div class='ocr_carea' id='block_1_57' title="bbox 231 5783 433 5827">
    <p class='ocr_par' dir='ltr' id='par_1_57' title="bbox 231 5783 433 5827">
     <span class='ocr_line' id='line_1_58' title="bbox 231 5783 433 5827; baseline 0.04 -8"><span class='ocrx_word' id='word_1_525' title='bbox 231 5783 433 5827; x_wconf 81' lang='lat' dir='ltr'><strong>rtnatur.</strong></span> 
     </span>
    </p>
   </div>
  </div>
