3850 6210
431 348 503 407 ’19
1101 343 1370 402 EUSEBII
1409 345 1886 406 C/ESARIENSIS
1923 347 2072 405 OPP.
2115 349 2302 406 PARS
2341 347 2430 405 ΙΙΙ.
2471 380 2540 390 -
2581 349 2994 408 EXECETICA.
3629 355 3702 410 80

431 481 554 540 quae
609 465 751 538 apud
782 463 1038 522 Basilium
1089 479 1196 519 una
1236 465 1379 521 serie
1425 466 1698 539 leguntur,
1735 484 1857 524 cum
1915 470 2015 526 hoc
2047 477 2090 533 Α
2122 485 2247 524 nros
2275 468 2537 540 legerem,
2566 469 2710 524 aliud
2739 479 2908 524 ηιιιιιο
2951 469 3152 540 reperi,
3181 483 3344 541 quam
3381 472 3562 529 indice
3587 489 3714 542 pro-

429 559 588 616 titule
619 566 854 627 exstant,
872 557 1128 622 ὑπόθεσις
1157 558 1442 618 Εὑσεὸίου.
1461 561 1584 616 lnit.
1630 563 1847 634 Ἐπειδὴ
1870 563 2012 618 κατὰ

430 651 658 727 χρόνους
689 651 912 723 γέγονεν
941 651 969 705 ὁ
1015 653 1322 724 προφήτης.
1354 652 1486 710 Post
1517 655 1633 710 haec
1666 654 2014 709 Commenta-

429 744 546 800 rius
578 743 864 798 inchoatur
887 743 973 798 his
1005 743 1185 798 verbis
1223 762 1235 797 :
1280 743 1514 818 Ὀρασις
1558 752 1629 801 α’.
1666 745 1900 818 ’Ὀρασις
1944 746 2012 818 ἣν

425 832 564 891 εἶδεν
599 835 858 902 Ἡσαΐας,
909 846 1016 890 etc.
1058 834 1180 890 lnit.
1229 838 1350 893 Τῶν
1391 839 1524 911 παρ’
1570 840 1704 910 ἡμῖν
1750 839 2012 912 αἰσθητη-

430 929 559 1002 ρίων
591 928 652 981 τὸ
679 929 1098 1000 ἐναργέστατον.
1132 929 1319 985 L'trum
1351 939 1530 986 autem
1573 931 1688 986 haec
1721 930 2012 986 Commen-

428 1023 565 1077 taria
601 1021 782 1077 Basilii
819 1021 927 1077 sint
965 1036 1170 1088 necne,
1209 1038 1316 1078 non
1374 1023 1510 1078 satis
1560 1023 1819 1079 convenit
1871 1023 2012 1078 inter

426 1116 737 1183 scriptores.
762 1114 832 1168 At
859 1112 895 1169 ii
930 1114 1091 1168 etiam
1119 1115 1210 1182 qui
1244 1114 1432 1171 Basilii
1476 1129 1599 1171 esse
1644 1126 2005 1187 propugnant,

427 1203 642 1260 initium
687 1201 816 1259 illud
872 1203 1206 1274 praelationis
1255 1220 1404 1260 more
1442 1207 1825 1276 praemissum,
1859 1221 2007 1260 assu-

425 1305 664 1353 mentum
712 1297 980 1368 quoddam
1012 1312 1132 1353 esse
1181 1297 1422 1354 fatentur
1457 1299 1640 1369 :quod
1693 1313 1793 1353 nec
1822 1297 2006 1352 Basilii

422 1387 634 1455 sit,nec
659 1387 1062 1446 Commentario
1087 1391 1140 1446 in
1174 1390 1423 1446 liesaiam
1455 1391 1763 1454 conveniat,
1786 1401 1840 1445 et
1859 1390 2004 1444 aliud

423 1497 646 1552 prorsus
669 1491 812 1553 agat.
845 1482 958 1553 Ego
981 1498 1111 1539 vero
1135 1483 1368 1538 Eusebio
1395 1483 1568 1538 multo
1589 1483 1770 1538 minus
1804 1483 2004 1538 ascribi

422 1588 581 1644 posse
605 1581 752 1644 puto,
777 1581 889 1628 tum
915 1574 984 1630 ob
1010 1575 1135 1646 styli
1156 1573 1578 1645 discrepantiam
1600 1573 1761 1645 plane
1786 1575 2006 1644 COBSpi-

422 1681 599 1732 cnam,
621 1675 732 1720 tum
757 1666 882 1736 quia
908 1665 1300 1736 subsequentes
1325 1666 1733 1731 Commentarii,
1765 1667 1857 1737 qui
1883 1681 2004 1736 per-

421 1757 549 1812 inde
581 1757 796 1813 Eusebii
821 1757 1038 1813 nomine
1061 1759 1250 1813 eodem
1284 1759 1336 1814 in
1364 1759 1551 1814 codice
1577 1757 2002 1828 subjunguntur,

2119 562 2388 617 mittebat.
2423 561 2740 632 Ubicunque
2773 563 2919 618 enim
2972 577 3096 618 eum
3151 563 3375 618 historia
3417 564 3705 630 defecerit,

2119 652 2314 706 transit
2354 652 2420 706 ad
2449 651 2784 722 allegoriam,
2819 661 2875 707 et
2905 652 2978 707 ita
3021 661 3272 724 separata
3306 654 3602 719 consociat,
3640 667 3707 710 ιιι

2117 741 2288 796 Ini-rer
2334 757 2455 796 eum
2503 758 2640 798 nova
2689 744 2957 799 sermonis
2985 743 3188 800 fabrica
3227 747 3280 800 in
3316 762 3479 801 unum
3506 763 3708 817 corpus

2114 831 2344 900 lapidem
2377 833 2690 905 ferrumque
2712 836 3065 906 conjungere.
3104 835 3217 891 Hoc
3265 839 3500 893 breviter
3521 841 3712 894 admo-

2113 927 2230 989 nui,
2261 941 2330 981 ne
2358 927 2479 996 quis
2506 941 2606 982 nos
2651 930 2799 998 pute’t
2841 945 2908 984 ex
2953 929 3096 984 illius
3143 931 3384 986 fontibus
3431 942 3711 988 mntuasse

2114 1030 2235 1084 qnze
2259 1016 2488 1072 dicimus
2512 1033 2526 1081 ;
2563 1032 2687 1071 nam
2711 1028 2765 1072 et
2791 1017 2842 1071 in
2866 1021 3117 1088 pra-senti
3153 1022 3391 1090 capitulo
3420 1023 3707 1078 adversum

2111 1105 2326 1162 Iudaeos
2360 1117 2415 1163 et
2458 1107 2886 1179 Hierosolymam
2931 1111 3062 1164 dicit
3104 1113 3442 1182 prOphetiam
3496 1115 3653 1184 dirigi
3691 1132 3708 1168 :

2111 1203 2253 1271 quod
2286 1203 2338 1256 in
2393 1204 2658 1273 principio
2717 1205 2836 1258 ﬁdei
2883 1203 3211 1260 Christianae
3241 1209 3309 1260 ad
3349 1216 3484 1262 totas
3516 1219 3710 1278 gentes

2110 1294 2366 1362 epistolas
2400 1297 2668 1364 miserint,
2699 1311 2765 1352 ne
2788 1297 3133 1366 susciperent
3155 1299 3454 1368 passionem
3474 1300 3703 1366 Christi,

2109 1395 2162 1441 ct
2209 1386 2455 1442 miserint
2490 1403 2660 1458 usque
2709 1391 2776 1445 ad
2837 1390 3174 1460 Ethiopiam
3208 1401 3260 1445 et
3301 1393 3702 1448 occidentalem

2111 1479 2346 1550 plagam,
2375 1488 2652 1549 totumque
2691 1481 2879 1535 orbem
2929 1482 3089 1551 hujus
3135 1482 3480 1551 blasphemiae
3530 1486 3708 1539 disse-

2109 1571 2407 1626 tninatione
2455 1571 2873 1640 compleverint.
2913 1592 2930 1624 ›
2964 1573 3133 1640 Quam
3190 1574 3699 1642 interpretationem

2107 1661 2172 1714 ad
2205 1663 2453 1716 eumdem
2502 1661 2681 1716 locum
2735 1664 2978 1732 pluribus
3022 1665 3366 1734 prosequitur
3398 1665 3701 1730 Eusebius,

2109 1762 2162 1805 ut
2191 1753 2386 1821 cuique
2423 1752 2606 1806 videre
2647 1751 2824 1807 liceat.
2862 1752 3014 1820 Quod
3045 1770 3204 1824 porro
3232 1755 3308 1808 ait
3339 1753 3703 1826 llieronymus

421 1849 618 1906 diversi
660 1865 881 1921 prorsus
912 1866 940 1904 a
979 1849 1400 1906 Commentariis
1440 1850 1658 1906 Eusebii
1705 1861 1850 1906 sunt.
1888 1849 1997 1907 Cu-
2029 1834 2072 1892 Β
2102 1844 2391 1900 Eusebium
2419 1845 2580 1900 modo
2605 1845 2887 1901 litteralem
2909 1858 2963 1902 et
3005 1847 3347 1911 historicum,
3381 1850 3536 1904 modo
3562 1851 3702 1906 alle-

415 1937 505 2007 jus
541 1953 705 2011 porro
734 1939 807 1994 sit
837 1949 1207 1994 assumentum
1242 1940 1551 2010 hujusmodi
1581 1954 1689 1996 non
1717 1941 1849 1997 satis
1873 1956 1998 2010 per-

417 2041 682 2100 spectum.
717 2030 986 2086 Caeterum
1039 2031 1296 2095 ὑπόθεσις
1321 2031 1432 2097 illa,
1469 2031 1626 2101 cujus
1653 2033 1866 2088 initium
1893 2041 1996 2098 est,

429 2123 647 2197 Ἐπειδὴ
679 2125 820 2178 κατὰ
853 2125 1108 2196 χρόνους,
1140 2134 1197 2180 ut
1237 2140 1399 2196 supra
1439 2125 1704 2190 diximus,
1735 2128 1800 2180 ad
1837 2126 1999 2181 Com-

417 2218 740 2274 mentarium
777 2207 924 2271 illum
952 2218 1041 2288 qui
1068 2216 1248 2272 Basilii
1279 2219 1501 2273 nomine
1531 2218 1839 2290 insignitur,
1858 2202 1996 2273 haud

416 2309 579 2368 dubie
624 2311 858 2380 pertinet
897 2327 910 2365 :
957 2326 1077 2365 nam
1122 2310 1176 2364 in
1231 2311 1416 2366 codice
1462 2309 1629 2382 Regio
1674 2312 1999 2384 bombycino

415 2403 720 2460 duodecimi
771 2402 977 2469 saeculi,
1013 2403 1067 2458 in
1115 2402 1294 2459 fronte
1337 2403 1753 2474 Expositionum
1799 2405 1852 2458 in
1889 2404 1996 2460 He-

413 2497 585 2552 saiam
614 2496 798 2552 Basilii
829 2495 1046 2551 nomine
1072 2495 1440 2566 praemittitur.
1462 2495 1592 2563 Qua:
1623 2505 1800 2551 autem
1829 2497 1995 2569 hypo-

415 2588 550 2646 thesi
582 2596 845 2660 praeeunt,
870 2574 1046 2643 aliena
1073 2597 1129 2644 et
1159 2587 1433 2657 adjectitia
1461 2602 1583 2644 esse
1615 2588 1890 2644 videntur.

1138 2679 1166 2752 ς
1200 2680 1261 2737 ιι.

419 2768 464 2829 Ι.
506 2769 825 2826 Testimonia
866 2781 1092 2826 veterum
1127 2773 1191 2825 de
1243 2771 1458 2826 Eusebii
1503 2771 1910 2827 Commentariis
1945 2776 1997 2826 in

497 2839 772 2896 Hesaiam.
810 2841 878 2894 ll.
920 2841 996 2895 De
1040 2857 1223 2911 genere
1265 2843 1668 2910 interpretandi.
1716 2843 1802 2898 lll.
1843 2843 1998 2898 Nihil

485 2912 632 2985 dubii
691 2911 1278 2985 nepiirrno‘tdt‘ntoc.
1320 2913 1411 2985 ιν.
1447 2913 1564 2979 Quo
1615 2923 1843 2985 tempore
1883 2916 1995 2968 hwc

485 2979 877 3036 Commentario
911 2982 1131 3035 ediderit
1168 2982 1446 3037 Eusebius.

473 3074 514 3126 l.
539 3075 843 3126 Testimonia
877 3077 1126 3187 veterumH
1142 3074 1442 3148 dediusebii
1483 3076 1860 3128 Commentariis
1881 3077 1932 3124 in

1131 3149 1330 3186 esatam.

1131 3149 1330 3186 esalam.

483 3219 844 3293 Hieronymus
866 3219 960 3276 lib.
988 3220 1063 3274 De
1084 3221 1426 3290 scriptoribus
1455 3221 1822 3276 ecclesiasticis
1859 3221 2000 3276 inter

412 3307 518 3364 alia
547 3293 1090 3379 Eusebiiopera,hoc
1111 3310 1233 3364 item
1259 3321 1524 3365 recenset.
1545 3310 1614 3364 Et
1639 3312 1694 3364 in
1724 3310 1995 3376 Hesaiam,

412 3401 618 3476 inquit,
649 3402 810 3456 libros
855 3403 1051 3455 decem.
1090 3401 1143 3456 In
1199 3403 1420 3471 prologo
1460 3411 1637 3457 autem
1677 3404 1728 3457 in
1768 3403 1994 3474 Exposi-

412 3491 612 3546 tionem
646 3488 872 3557 Hesaite,
897 3491 974 3546 sic
999 3491 1159 3545 habet
1186 3511 1198 3546 :
1223 3490 1479 3546 Eusebius
1502 3510 1706 3564 quoque
1733 3492 1997 3564 Pamphili

405 3582 564 3651 juxta
589 3581 890 3636 historicum
912 3583 1335 3653 explanationem
1371 3585 1668 3657 quindecim
1707 3585 1872 3640 edidit
1906 3602 1994 3640 vo-

410 3674 636 3732 lumina.
676 3675 746 3730 At
778 3675 1170 3749 Hieronymum
1221 3677 1334 3733 sive
1373 3677 1542 3735 libros
1573 3679 1688 3734 sive
1725 3679 1995 3735 volumina

410 3775 695 3832 memoret,
725 3767 960 3834 idipsum
986 3767 1295 3836 signiﬁcare
1328 3769 1534 3842 liquet;
1569 3785 1693 3824 nam
1721 3771 1774 3825 in
1803 3771 1991 3826 eodem

412 3856 638 3927 prologo
677 3857 743 3912 de
776 3855 1010 3929 Origene
1049 3861 1175 3914 talia
1212 3861 1358 3916 tatur
1404 3880 1418 3917 :
1470 3861 1728 3932 Origenes
1773 3864 1993 3933 triginta

408 3948 700 4018 volumina,
726 3966 754 4004 e
789 3952 976 4021 quibus
1013 3953 1290 4009 vicesimus
1319 3965 1500 4009 sextus
1540 3956 1670 4011 liber
1712 3972 1818 4011 non
1847 3958 1990 4011 int-e-

411 4041 558 4097 nitur
583 4056 602 4105 ;
629 4040 771 4097 unde
804 4041 973 4112 igitur
1003 4044 1162 4099 modo
1207 4042 1415 4112 decem,
1464 4045 1626 4101 modo
1653 4047 1988 4117 quindecim,

407 4131 628 4189 Eusebii
670 4135 858 4203 libros,
890 4152 984 4192 seu
1021 4137 1292 4192 volumina
1317 4145 1536 4192 exstare
1559 4138 1693 4193 dicit
1721 4139 1744 4193 ?
1773 4139 1830 4192 ld
1860 4155 1992 4194 sane

407 4222 495 4279 vel
533 4225 923 4296 exemplarium
955 4227 1236 4295 varietati;
1268 4242 1451 4297 parem
1484 4228 1684 4299 quippe
1710 4229 1764 4283 in
1800 4228 1988 4283 Ilisto-

409 4317 489 4370 ria
513 4319 864 4372 ecclesiastica
897 4318 1160 4389 ejusdem,
1181 4307 1599 4374 distinctionunf
1621 4321 1988 4375 diversitatem

407 4407 905 4479 deprehendimus;
953 4411 1036 4465 vel
1082 4411 1492 4467 amanuensium
1544 4413 1674 4469 vitio
1723 4416 1981 4470 ascribas.

2101 1939 2338 2009 goricam
2365 1939 2734 1994 narrationem
2763 1939 3068 2007 instituere,
3095 1940 3345 1994 omnibus
3365 1941 3535 2010 palam
3567 1943 3696 2008 erit,

2101 2031 2143 2085 si
2175 2029 2254 2085 vel
2288 2031 2619 2101 primoribus
2647 2031 2864 2100 quidem
2917 2031 3083 2085 labris
3129 2033 3226 2085 hos
3255 2031 3701 2087 Commentarios

2101 2122 2402 2192 attigerint.
2459 2120 2614 2188 Quod
2662 2131 2844 2174 autem
2899 2122 3034 2175 dicit
3069 2137 3127 2177 se
3187 2137 3293 2176 non
3353 2138 3418 2177 ex
3451 2123 3698 2177 'Eusebii

2102 2214 2339 2270 fontibus
2374 2215 2642 2279 hausisse,
2676 2213 2742 2268 de
2793 2223 2906 2268 toto
2953 2215 3354 2270 Commentario
3402 2215 3697 2283 intelligas.

2101 2307 2206 2364 Tot
2231 2309 2376 2364 enim
2403 2318 2660 2380 tantaque
2693 2310 2891 2364 ibidem
2922 2317 3139 2362 enarrat
3169 2308 3548 2380 Hieronymus,
3573 2325 3699 2378 qua:

2102 2399 2363 2456 Eusebius
2405 2416 2473 2456 ne
2502 2416 2660 2457 nosse
2687 2400 2904 2470 quidem
2927 2439 2942 2466 ,
2973 2401 3167 2455 nedum
3203 2414 3462 2455 enarrare
3496 2401 3696 2469 potuit,

2102 2500 2161 2544 ut
2217 2491 2563 2561 periniquum
2640 2501 2782 2546 esset
2838 2488 3242 2562 Hieronymiani
3293 2489 3693 2545 Commentarii

2100 2581 2327 2654 gloriam
2363 2583 2415 2637 in
2450 2581 2745 2637 Eusebium
2795 2582 3071 2636 conferre.
3123 2581 3377 2636 Attamen
3417 2581 3507 2637 ille
3552 2583 3698 2636 bene

2103 2676 2267 2731 multa
2304 2692 2370 2730 ex
2413 2677 2565 2732 hisce
2593 2677 3016 2732 Commentariis
3060 2678 3374 2748 expiscatus
3417 2688 3520 2744 est,
3553 2693 3698 2749 quo-

2102 2785 2220 2823 rum
2250 2770 2526 2825 minimam
2558 2782 2764 2842 partem
2797 2786 2898 2826 nos
2923 2771 3088 2826 variis
3112 2771 3163 2824 in
3195 2769 3328 2824 locis
3358 2765 3698 2834 notavimus.

2099 2863 2366 2920 Caeterum
2420 2865 2522 2921 hac
2572 2865 2828 2920 cautione
2882 2865 3008 2935 jure
3071 2863 3241 2917 utitur
3276 2863 3632 2932 Hieronymus
3673 2875 3692 2914 :

2101 2957 2226 3025 quia
2263 2973 2386 3011 cum
2425 2973 2685 3012 censores
2736 2957 2888 3012 multi
2929 2957 3110 3012 invido
3139 2957 3297 3012 oculo
3336 2957 3451 3026 ejus
3485 2957 3692 3027 scripta

2103 3048 2397 3104 lustrarent
2421 3091 2435 3114 ,
2463 3049 2768 3120 periculum
2802 3058 2926 3104 erat
2967 3063 3034 3104 ne
3073 3050 3243 3119 ipsum
3272 3051 3433 3120 plagii
3467 3051 3696 3106 nomine

2106 3139 2491 3206 incesserent;
2539 3140 2632 3195 sed
2690 3139 2822 3195 illud
2873 3140 3066 3208 injuria
3102 3139 3303 3195 factum
3353 3149 3693 3197 esset:natn

2103 3231 2347 3300 quantuli
2378 3229 2536 3301 pretii
2573 3240 2702 3286 sunt
2740 3246 2805 3286 ea
2844 3246 2965 3300 quae
3007 3246 3075 3286 ex
3126 3232 3358 3287 Eusebio
3403 3233 3690 3298 delibavit,

2100 3320 2145 3373 si
2183 3328 2565 3389 comparentur
2593 3335 2716 3374 cum
2748 3321 2846 3385 iis,
2878 3335 2998 3390 qua:
3033 3323 3095 3376 S.
3140 3321 3338 3376 Doctor
3369 3323 3581 3376 erudite
3617 3321 3698 3378 de

2099 3412 2367 3468 Hebraico
2403 3421 2550 3467 textu
2593 3427 2658 3468 ac
2695 3413 2761 3469 de
2802 3413 3037 3468 lectione
3082 3415 3311 3484 vulgata:
3343 3415 3540 3485 passim
3575 3413 3697 3468 dis-

2099 3505 2288 3559 seruit.
2320 3503 2432 3560 Nec
2471 3506 2568 3562 abs
2611 3521 2672 3561 re
2710 3506 2848 3561 forte
2883 3506 3033 3560 dic:ts
3084 3506 3372 3561 Eusebium
3405 3517 3460 3560 et
3495 3505 3698 3561 lliero-

2099 3614 2321 3670 nymum
2361 3600 2548 3656 eadem
2577 3600 2692 3673 ipsa
2717 3615 2784 3656 ex
2818 3599 3070 3672 Origenis
3100 3599 3520 3657 Commentariis
3545 3602 3695 3657 hau-

2099 3691 2252 3746 sisse.

2170 3783 2222 3836 In
2251 3783 2710 3840 Praeliminarihtts
2744 3785 2808 3838 ad
2841 3783 3090 3853 Proc0pii
3127 3783 3592 3839 Commentarium
3625 3785 3688 3840 in

2098 3875 2350 3932 llesaiam
2379 3889 2602 3932 curante
2627 3878 2787 3931 Petro
2809 3877 3062 3932 Curterio
3089 3877 3317 3941 editum,
3353 3877 3468 3932 haec
3491 3878 3691 3946 legun-

2097 3979 2184 4023 tnr
2209 3985 2273 4024 ex
2297 3971 2480 4024 codice
2504 3969 2695 4024 Reuati
2717 3968 2970 4022 Marchali
3003 3989 3014 4024 :
3042 3969 3368 4041 Μετελήφοη
3395 3971 3424 4021 ὁ
3452 3970 3690 4035 ’Πισαταις

2095 4057 2201 4110 ἀπὸ
2233 4058 2564 4128 ἀντιγράφου
2601 4057 2691 4111 τοῦ
2740 4058 2884 4112 ἁὸϐᾶ
2921 4058 3322 4123 Ἀπολλιναρίον
3364 4059 3458 4111 τοῦ
3503 4077 3687 4112 κοινο-

2095 4149 2343 4222 διάρχου,
2366 4152 2422 4202 ἐν
2447 4145 2490 4218 ᾧ
2546 4151 2934 4204 καθυπόκειται
2974 4151 3235 4206 ταῦτα....
3294 4150 3622 4224 Μετελήφθη
3655 4153 3689 4205 ὁ

2106 4249 2330 4312 Ἡσαΐας
2370 4249 2434 4300 ὲκ
2482 4247 2587 4300 τῶν
2637 4248 2777 4302 κατὰ
2800 4249 2897 4314 τὰς
2931 4249 3171 4312 ἐκδόσεις
3211 4247 3505 4313 Ἐξαπλῶν,
3549 4248 3689 4300 ἀντ-

2092 4340 2293 4412 εϐλήθη
2335 4340 2390 4392 δὲ
2417 4342 2510 4394 καὶ
2546 4341 2682 4412 πρὸς
2711 4341 2894 4412 ἕτερον
2911 4341 3227 4408 Ἐξαπλοῦν,
3245 4341 3366 4411 ἕχον
3390 4343 3487 4412 τὴν
3504 4356 3689 4411 παρα-

2093 4434 2390 4504 σημείωσιν
2432 4434 2727 4505 mbram...
2794 4435 3140 4508 Διώρῦωνται
3201 4427 3442 4506 ἀκριϐῶς
3508 4435 3687 4488 πᾶσαι

406 4497 674 4555 Caeterum
701 4500 814 4555 haec
843 4516 935 4555 seu
983 4501 1341 4569 voluminum,
1369 4517 1462 4558 seu
1493 4502 1755 4559 librorum
1786 4506 1985 4560 distin-

2103 4526 2147 4577 z':
2210 4524 2474 4588 ἐκδόσειςο
2518 4523 2928 4598 ἀντεϐλήθησαν
2985 4525 3092 4595 γὰρ
3146 4526 3280 4596 πρὸς
3341 4523 3688 4596 τετραπλοῦν

407 4593 644 4663 ctiojam
682 4595 769 4649 diu
802 4595 980 4663 periit,
1013 4595 1239 4666 ejusque
1266 4612 1333 4652 ne
1368 4598 1652 4669 vestigium
1683 4601 1898 4671 quidem
1932 4602 1982 4655 in

406 4686 688 4742 codicibus
721 4688 1003 4758 reperitur.

481 4778 622 4832 Idem
657 4779 1015 4851 llierooymus
1044 4781 1095 4834 in
1142 4782 1363 4853 prologo
1395 4783 1459 4837 ad
1491 4783 1685 4838 librum
1724 4800 1756 4837 v
1783 4785 1838 4838 in
1877 4783 1981 4838 He-

404 4871 713 4926 saiambmc
743 4872 941 4927 habet:
980 4892 998 4924 ι
1047 4873 1185 4940 Quid
1236 4874 1398 4946 igitur
1424 4875 1615 4929 faciant
1640 4877 1664 4929 ?
1693 4877 1986 4931 subeamne

405 4975 563 5033 Opus,
597 4963 650 5016 in
680 4979 787 5034 quo
813 4965 1163 5020 eruditissimi
1194 4967 1296 5020 viri
1325 4967 1676 5029 sudaverunt,
1699 4965 1985 5038 Origenem

406 5052 596 5123 loquor
623 5064 678 5132 et
708 5055 997 5110 Eusebium
1034 5056 1332 5128 Pamphili.
1361 5073 1593 5128 quorum
1627 5057 1767 5112 alter
1804 5060 1987 5114 liberis

407 5145 673 5217 allegoriae
711 5147 900 5216 spatiis
927 5159 1210 5220 evagatur,
1270 5159 1329 5207 et
1359 5151 1732 5219 interpretatis
1765 5152 1989 5206 nomini-

405 5236 508 5292 bus
536 5239 891 5308 singulorum,
921 5241 1197 5311 ingenium
1235 5258 1394 5298 suum
1428 5242 1553 5298 facit
1595 5243 1851 5298 Ecclesia:
1895 5261 1986 5299 sa-

407 5343 684 5386 cramenta
717 5353 727 5388 :
761 5333 900 5389 alter
929 5336 1242 5390 historicum
1272 5337 1662 5406 expositionem
1695 5338 1851 5391 titulo
1902 5354 1988 5392 re-

408 5423 758 5488 promittens,
792 5425 1059 5482 interdum
1111 5427 1446 5482 obliviscitur
1511 5430 1772 5497 propositi
1797 5468 1812 5493 ,
1848 5439 1900 5484 et
1929 5431 1980 5484 in

406 5505 654 5578 Origenis
687 5513 822 5565 scita
873 5515 1120 5570 concedit
1158 5517 1181 5570 ‘!
1221 5535 1238 5566 ι
1285 5516 1399 5572 Sub
1434 5517 1546 5572 haec
1597 5529 1778 5572 autem
1829 5519 1984 5574 initio

405 5601 601 5670 capitis
624 5601 1046 5674 decimiuctavi,
1095 5608 1165 5662 ita
1197 5608 1440 5678 loquitur
1470 5629 1483 5663 :
1523 5629 1542 5662 t
1573 5610 1833 5666 Eusebius
1866 5612 1980 5667 Cte-

409 5693 666 5749 s:triensis
710 5695 1020 5753 historicam
1064 5700 1558 5771 interpretationem
1599 5703 1753 5758 titulo
1799 5719 1983 5773 repro-

409 5784 650 5852 mittens,
681 5787 903 5845 diversis
935 5792 1180 5848 sensibus
1234 5802 1530 5864 evagatur;
1567 5794 1718 5864 cnjus
1763 5811 1884 5850 cum
1922 5797 1983 5852 li-

2102 4606 2345 4669 Ἦσαῗαν·
2366 4615 2445 4668 ἔτι
2469 4616 2524 4668 δὲ
2554 4616 2647 4670 καὶ
2671 4618 2807 4688 πρὸς
2823 4617 3135 4684 Ἐξαπλοῦν.
3155 4617 3296 4689 Πρὸς
3323 4617 3554 4679 τούτοις,
3587 4617 3691 4670 καὶ

2028 4716 2050 4730 ’λ
2090 4705 2198 4758 ἀπὸ
2240 4709 2341 4776 τῆς
2377 4707 2570 4778 ἀρχῆς,
2615 4707 2719 4772 ἕως
2772 4707 2866 4760 τοῦ
2919 4709 3196 4780 ὁράματος
3248 4709 3444 4780 Τύρου,
3494 4708 3688 4778 τὸμων

2091 4795 2431 4868 ἐξηγητικῶν
2483 4801 2562 4861 εἰς
2597 4798 2688 4850 τὸν
2730 4799 2957 4853 Ἡσαΐαν
2994 4801 3320 4871 Ὠριγένους,
3375 4799 3469 4852 καὶ
3521 4799 3690 4870 ἀκρι-

2091 4887 2201 4950 ϐῶς
2260 4890 2654 4960 ἐπιστήσαντες
2702 4894 2768 4962 τῇ
2833 4893 3040 4964 ἐννοίᾳ,
3096 4892 3216 4946 καθ’
3249 4891 3316 4962 ἣν
3373 4891 3689 4962 ἐξηγήσατο

2091 4981 2329 5053 ἑκάστην
2360 4982 2523 5049 λέξιν,
2560 4984 2680 5037 καθ’
2703 4985 2779 5048 ὡς
2807 4979 2919 5038 οἷόν
2959 5003 3015 5038 τε
3057 4982 3144 5057 ἦν,
3175 4986 3267 5038 καὶ
3302 4985 3408 5037 πᾶν
3442 4983 3688 5053 ἀμφίϐο-

2088 5073 2178 5125 λον
2221 5073 2358 5126 κατὰ
2401 5077 2500 5146 τὴν
2535 5077 2743 5130 ἐκείνου
2790 5076 2996 5130 ἔννοιαν
3041 5075 3488 5148 διωρθωσάμεοα.
3533 5075 3688 5146 Πρὸς

2090 5166 2298 5230 τούτοις
2344 5171 2633 5242 συνεκρίθη
2667 5173 2698 5242 ή
2746 5171 2853 5224 τῶν
2877 5171 3276 5242 Ἐϐδομήκοιτα
3316 5170 3545 5232 ἔκδοσις,
3583 5170 3684 5222 καὶ

2090 5259 2226 5330 πρὸς
2277 5259 2342 5312 τὰ
2391 5261 2494 5312 ὑπὸ
2536 5263 2792 5315 Εὐσεδίου
2836 5266 2914 5327 εἰς
2958 5264 3046 5316 τὴν
3090 5264 3314 5317 Ἡσαΐαν
3368 5263 3677 5332 εἰρημέναν

2093 5347 2185 5396 καὶ
2211 5347 2269 5398 ὲν
2305 5344 2384 5412 οἷς
2448 5349 2773 5418 διεφώνουν,
2808 5353 2907 5423 τῆς
2953 5352 3263 5425 ἐξηγήσεως
3317 5353 3415 5424 τὴν
3469 5354 3682 5407 ἔννοιαν

2092 5435 2597 5514 ζητήσαντεςνπρὺς
2615 5444 2784 5515 αὐτὴν
2815 5445 3250 5518 ἐδιωρθώσαμεν.
3281 5445 3336 5499 ld
3373 5455 3489 5500 est:
3521 5464 3540 5496 ι
3567 5447 3682 5498 Ex-

2093 5532 2324 5600 scriptus
2359 5547 2444 5588 est
2471 5535 2698 5590 Hesaias
2732 5539 2798 5591 ab
2823 5538 3117 5607 exemplari
3159 5538 3370 5594 abbatis
3397 5538 3683 5608 Apollina-

2093 5620 2155 5672 rii
2179 5622 2592 5686 cmuohiarchm,
2622 5625 2673 5679 in
2697 5642 2801 5695 quo
2823 5627 2935 5682 haec
2956 5627 3381 5698 subjiciuntur...
3406 5627 3678 5697 Desump-

2093 5724 2213 5782 ptus
2275 5723 2358 5768 est
2408 5714 2630 5771 Hesaias
2679 5719 2745 5771 ab
2781 5719 3030 5790 llexaplis
3081 5720 3401 5786 editiOnum,
3445 5719 3682 5780 collatus

2091 5809 2266 5855 autem
2289 5811 2380 5856 est
2403 5816 2522 5858 cum
2541 5801 2782 5877 ﬂexaplo
2798 5809 2922 5877 alio,
2940 5811 2991 5863 in
3016 5824 3122 5879 quo
3151 5811 3251 5866 ista
3272 5811 3677 5869 adnotantur...
