3850 6210
159 319 214 376 8i
1056 314 1564 372 COMMENTARIA
1604 315 1669 370 lN
1712 313 1969 372 ISAIAM.
2008 349 2075 358 —
2113 315 2500 373 PRJEFATIO.
3315 315 3385 372 82

155 441 397 492 Act-orate
449 433 717 489 editiones
758 448 946 488 omnes
995 443 1254 489 correcta:
1293 443 1456 499 sunt;
1497 434 1705 490 collata:

1818 433 2166 503 τυγχάνουσιν
2185 451 2196 462 ·
2220 433 2452 488 ἴστωσαν
2473 432 2578 505 γὰρ
2598 431 2672 496 ὡς
2696 432 2756 487 οὐ
2791 431 2948 503 μόνον
2979 431 3244 504 διαφόρως
3265 432 3390 502 ήνέ-

154 533 278 586 euim
303 529 662 584 fueruntcum
696 528 922 596 tetraplo
949 527 1178 595 llesaize,
1211 533 1412 582 etcum
1445 525 1704 596 llexaplo.

155 623 332 677 Prater
378 621 524 682 lure,
568 619 636 672 ab
683 618 839 673 initio
877 618 1086 686 etiam,
1131 634 1306 688 usque
1341 617 1408 672 ad
1443 618 1704 673 visionem

157 711 283 781 Tyri,
309 709 619 763 accuratius
652 712 996 762 emendatum
1045 717 1148 763 est.
1191 708 1325 762 Nam
1369 723 1490 762 cum
1535 716 1708 762 tomo-

154 819 252 858 rum
284 801 651 870 Expositionis
693 799 944 866 Origenis
994 800 1048 854 in
1091 799 1340 854 llesaiam
1369 801 1524 870 copia
1555 799 1708 855 nobis

151 904 295 959 esset,
325 892 514 947 sedulo
545 893 891 946 advertentes
918 906 1024 960 quo
1055 906 1220 946 sensu
1250 891 1492 962 singulas
1519 893 1709 948 dictio-

151 1002 230 1041 nes
256 985 572 1055 accepisset,
611 998 710 1054 pro
735 983 992 1038 facultate
1017 983 1283 1054 quidquid
1318 984 1537 1038 dubium
1569 995 1706 1051 erat,

149 1080 206 1134 ad
247 1078 382 1133 illius
429 1077 758 1132 sententiam
789 1075 1151 1131 correximus.
1195 1073 1467 1131 Praeterea
1515 1075 1708 1130 collata

147 1182 218 1228 est
248 1170 403 1225 etiam
439 1168 796 1240 Septuaginta
837 1165 1195 1239 lnterpretum
1233 1167 1420 1234 editio,
1457 1183 1581 1224 cum
1621 1171 1709 1238 iis,

147 1279 249 1333 qua:
279 1263 328 1316 in
351 1261 606 1316 Hesaiam
643 1261 861 1330 scripsit
886 1259 1152 1315 Eusebius
1180 1268 1268 1315 :et
1288 1259 1342 1314 in
1370 1262 1565 1332 quibus
1592 1275 1710 1332 erat

147 1355 380 1419 varietas,
402 1353 661 1424 indagato
687 1351 1065 1423 explicationis
1085 1366 1270 1418 sensu,
1295 1353 1363 1409 ad
1398 1355 1513 1424 ejus
1549 1355 1708 1412 [idem

145 1447 552 1502 emendavimus.
593 1463 614 1497 ι
661 1442 959 1515 Procopius
992 1456 1178 1513 certe,
1208 1449 1301 1518 qui
1355 1463 1421 1503 ex
1465 1456 1709 1522 veterum

146 1536 436 1591 collectione
471 1550 633 1589 suum
666 1535 719 1588 in
759 1534 1006 1590 Hesaiam
1046 1535 1511 1593 Commentariutu
1549 1540 1708 1593 adoro

147 1630 291 1696 navit,
323 1645 390 1683 ex
421 1627 666 1683 Eusebio
711 1628 914 1698 passim
943 1630 1110 1685 multa
1149 1630 1607 1708 decerpit,‘modo
1641 1631 1710 1687 ad

146 1721 355 1776 litteram
381 1731 437 1776 et
461 1722 690 1776 verbum
713 1721 780 1776 de
802 1722 968 1776 verbo
997 1737 1012 1788 ;
1053 1722 1234 1788 modo,
1269 1733 1324 1779 et
1353 1723 1568 1794 quidem
1598 1722 1710 1778 fre-

144 1811 386 1880 quentius,
423 1811 646 1866 Eusebii
687 1824 848 1867 sensa
904 1812 1258 1880 paucioribus
1303 1816 1584 1885 exprimit.
1612 1814 1718 1871 νε·
1748 1813 1790 1870 Β

147 1917 245 1956 rum
287 1902 375 1956 hic
427 1900 690 1972 Procopii
742 1901 1181 1960 Commentarius
1231 1905 1407 1960 media
1463 1905 1582 1961 fere
1633 1907 1716 1961 sui

143 2003 274 2062 parte
303 2001 595 2049 truncatus
634 1995 701 2049 ad
737 2010 833 2051 nos
885 1995 1142 2063 devenit,
1176 1995 1512 2054 lectionibus
1541 1998 1717 2054 Hexa-

143 2086 325 2154 plorum
359 2085 623 2154 refertus,
646 2102 875 2158 quarum
929 2098 989 2142 ut
1036 2089 1325 2146 nonnullas
1357 2091 1521 2147 habet
1557 2093 1718 2148 Euse-

144 2175 348 2242 bius,ita
381 2176 681 2249 plerasque
710 2176 887 2246 affert,
919 2178 1189 2252 Procopio
1214 2183 1444 2240 intactas
1474 2193 1529 2240 et
1563 2185 1718 2241 inob-

143 2277 376 2322 servatas.
398 2269 701 2336 Caeterum,
745 2269 965 2327 allatum
1015 2273 1154 2329 istuc
1201 2275 1268 2329 de
1315 2275 1522 2332 Hesaize
1575 2275 1716 2333 libro

147 2359 516 2424 testimonium,
551 2360 733 2431 palam
765 2371 849 2418 est
895 2364 1162 2434 scriptum
1203 2364 1376 2422 fuisse
1425 2376 1714 2438 antequam

145 2444 353 2517 Hexapla
397 2450 713 2504 interirent.
758 2449 912 2518 Quod
953 2454 1296 2522 quandonam
1339 2457 1626 2523 acciderit,
1661 2459 1713 2513 in

147 2541 432 2596 collectione
463 2539 838 2613 Hexaplorum
877 2545 1191 2615 propediem
1236 2545 1468 2614 edenda,
1495 2548 1715 2622 indaga-

151 2631 301 2687 bimus
330 2634 428 2703 (ε).

205 2723 287 2780 llis
309 2726 585 2794 subjicere
621 2727 796 2784 visum
823 2735 905 2784 est
933 2728 1217 2800 prologum
1253 2730 1305 2786 in
1331 2732 1517 2787 codice
1543 2731 1713 2803 Regio

149 2812 440 2886 bombycino
470 2817 698 2873 Catenae
726 2818 780 2872 in
809 2817 1058 2873 llesaiam
1083 2821 1385 2890 praeﬁxum,
1416 2823 1505 2890 qui
1526 2822 1713 2878 lectori

161 2923 242 2962 nec
270 2909 600 2979 iujucundus
633 2925 733 2965 nec
757 2911 1130 2968 infructdosus
1159 2914 1284 2968 erit.

150 3049 416 3116 Πρόλογος
439 3048 551 3119 τοῦ
586 3046 953 3119 λογιωζάτου
1005 3046 1106 3102 καὶ
1155 3049 1714 3119 πανευγενεστάτου

207 3119 369 3192 κιγκλιῖ
411 3118 704 3192 Ἰωᾲτνομ
747 3117 857 3187 τῆς
891 3119 1292 3190 Δρουγγαρίας
1334 3117 1450 3192 (sic)
1480 3123 1568 3187 εὶς
1610 3121 1715 3175 τὸν

205 3189 474 3259 μακάριον
513 3189 788 3245 Ἡσαΐαν.

206 3323 300 3395 Τῆς
332 3341 678 3398 προφητειας
702 3323 797 3378 τού
839 3323 1128 3379 θεσπεσίου
1167 3326 1390 3380 Ἡσαΐου
1417 3326 1511 3380 τοῦ
1546 3344 1714 3398 μεγα-

148 3413 481 3485 λοφωνοτάτου
506 3419 626 3472 τῶν
654 3417 950 3490 προφητῶν
988 3420 1088 3491 τὴν
1122 3418 1304 3490 βίΰλον
1345 3420 1484 3490 μετὰ
1525 3425 1714 3494 χεῖρας

149 3507 317 3576 λαεὼν,
336 3513 430 3566 καὶ
443 3512 662 3582 ταύτης
677 3511 779 3582 τὴν
795 3511 1099 3581 ἀνάγνωσιν
1123 3514 1512 3584 ποιησάμενος,
1531 3516 1624 3570 καὶ
1639 3515 1714 3587 μὴ

148 3602 378 3670 εὑρίσκων
413 3605 514 3675 τῆς
549 3589 667 3657 τῶν
697 3603 1097 3675 γεγραμμένων
1133 3604 1371 3669 διανοίας
1405 3607 1710 3676 ἐφικέσθαι,

149 3694 256 3764 πρὸς
285 3698 404 3760 τοὺς
449 3698 668 3768 ταύτην
708 3697 1142 3769 ήρμηνευκότας,
1188 3698 1356 3770 ήγουν
1385 3700 1714 3772 ὑπομνημα-

147 3784 366 3851 τὲσαντας
394 3788 712 3859 ἀνέδραμον
732 3827 748 3852 ,
775 3788 869 3841 καὶ
897 3788 998 3861 τὴν
1037 3787 1190 3842 λύσιν
1227 3788 1339 3842 τῶν
1367 3787 1713 3862 ζητουμένων

144 3874 399 3950 διφόρως,
433 3881 512 3944 ὠς
553 3874 668 3934 οἷόν
711 3897 793 3944 τε,
834 3879 1030 3952 εὑρὼν,
1068 3881 1366 3950 ἀναγκαῖον
1417 3881 1714 3953 ἡγησάμην

145 3968 247 4037 τῇδε
292 3974 354 4042 τῇ
398 3971 572 4043 βίϐλῳ
632 3971 1012 4042 παραθέσθαι,
1048 3972 1136 4027 ἵνα
1171 3976 1284 4037 τοῖς
1328 3973 1714 4044 ἐντυγχάνουσι

147 4061 411 4133 κατάδηλος
462 4067 498 4136 ή
544 4064 659 4118 τῶν
709 4065 1100 4137 ἀπορουμένων
1152 4069 1418 4138 σαφήνεια
1466 4065 1712 4137 γένηται.

147 4151 319 4223 Μηδεὶς
363 4156 420 4210 δὲ
481 4157 562 4222 ὡς
615 4157 941 4229 ἑτεροδόξων
993 4159 1290 4231 ἑρμηνείας
1354 4160 1715 4228 συναγαγόντι

147 4242 430 4310 ἑγκαλεέτω·
478 4249 634 4320 φημὶ
677 4247 743 4320 δὴ
798 4249 1124 4321 Ὠριγένους,
1161 4250 1255 4304 καὶ
1308 4249 1569 4304 Εὐσεὸίου
1619 4250 1714 4304 τοῦ

147 4335 470 4411 Καισαρείας,
499 4343 602 4395 καὶ
631 4339 908 4413 Θεοδώρου
962 4341 1310 4414 Ἡρακλείας,
1335 4343 1430 4396 καὶ
1450 4343 1712 4397 Εὑσεὸίου

155 4431 380 4505 Ἐμέσης,
405 4439 501 4491 καὶ
537 4436 950 4508 Ἀπολλιναρίόυ
969 4478 983 4503 ,
1007 4438 1104 4491 καὶ
1131 4436 1460 4510 Θεοδωρίτου
1488 4437 1674 4510 Κύρου
1697 4456 1710 4469 °

146 4522 278 4591 ὲνοῖς
298 4529 403 4601 γὰρ
436 4531 513 4602 μὴ
547 4529 683 4601 περὶ
715 4529 825 4584 τῶν
858 4529 1001 4584 ἰδίων
1031 4529 1320 4602 δογμάτων
1355 4530 1712 4600 διαλέγονται,

145 4613 267 4671 ἐστιν
283 4619 367 4673 ὅτε
384 4621 570 4685 καλῶς
593 4619 967 4678 ἐπιϐάλλουσι.
985 4621 1095 4675 Καὶ
1119 4621 1277 4676 τοῦτο
1301 4621 1356 4676 δὲ
1374 4623 1474 4676 οὐκ
1491 4621 1714 4677 αὐτονό-

149 4724 244 4776 pro;
270 4714 570 4784 πεποίηκαθ
597 4712 716 4766 ἁλλ’
732 4712 1106 4785 ἀκολουθήσας
1132 4713 1211 4784 τῷ
1237 4714 1522 4786 ἁγιωτάτῳ
1560 4715 1716 4787 ήμῶν

1812 524 2017 597 χθησαν
2042 527 2098 578 ὲν
2140 527 2251 588 τοῖς
2291 525 2524 596 νοήμασι
2563 523 2663 593 τῆς
2703 521 3056 577 θεοπνεύστου
3094 523 3314 596 Γραφῆς
3341 525 3391 578 οἰ

1811 616 2013 688 ταύτην
2051 616 2475 689 ήρμηνευκύτες,
2504 614 2641 670 ἀλλὰ
2675 613 2732 668 δὲ
2775 616 2870 668 καὶ
2903 615 3041 670 αὐτὰ
3067 615 3136 669 τὰ
3171 617 3394 688 ῥήματα

1812 709 1912 780 τῆς
1948 710 2116 780 αὐτῆς
2148 709 2295 773 θείας
2331 709 2556 781 Γραφῆς
2587 708 2688 762 ούκ
2723 706 2852 771 ἴσως
2891 706 3268 770 διεστείλαντο,
3299 707 3394 762 καὶ

1813 801 1953 855 οὕτω
1985 801 2081 873 τὴν
2120 801 2414 874 ἑρμηνείαν
2444 801 2738 872 ἐπέθηκαν.
2782 799 2840 853 '0
2887 799 2983 871 μὲν
3017 797 3126 870 γὰρ
3156 798 3394 865 πλείους,

1813 896 1840 948 ό
1859 894 1916 946 δὲ
1945 895 2138 964 ἥττους
2172 893 2383 964 στίχους
2411 891 2760 964 προθέμενος,
2783 891 2882 962 τὴν
2911 889 3166 962 ἐξήγησιν
3205 889 3396 962 ἐποιή-

1817 1002 1965 1040 σατο.
1989 985 2097 1039 Καὶ
2130 986 2194 1038 ἐκ
2227 984 2417 1039 τούτου
2444 985 2691 1039 δοκοῦσιν
2736 985 2786 1037 οί
2815 981 3039 1058 ἀριθμοὶ
3061 983 3173 1045 τοῖς
3223 998 3396 1052 κεφα-

1813 1075 1986 1140 λαίοις
2030 1076 2392 1148 ἐπικείμενοι,
2419 1075 2787 1148 ἀναχαιτίζειν
2826 1075 2886 1129 τὸ
2915 1073 3108 1144 ἔδαφος
3132 1071 3398 1142 ἀναγινώ-

1818 1186 2043 1234 σκοντας
2065 1171 2141 1234 είς
2163 1169 2225 1222 τὸ
2260 1170 2444 1242 πρόσω
2479 1168 2700 1240 βαίνειν.
2736 1166 2857 1241 Χρὴ
2893 1161 2985 1222 οὖν
3013 1166 3109 1220 καὶ
3147 1164 3397 1237 δεύτερον

1817 1261 1910 1315 καὶ
1933 1261 2112 1334 τρίτον
2157 1262 2450 1331 κεφάλαιον
2481 1259 2574 1315 τοῦ
2614 1260 2841 1330 ἐδάφους
2872 1259 2968 1330 τῆς
2997 1257 3159 1328 ἁγίας
3176 1257 3399 1328 Γραφῆς

1815 1352 2202 1423 ἀναγινώσκειν
2235 1371 2248 1384 ·
2278 1355 2371 1408 καὶ
2399 1353 2539 1408 οὕτω
2583 1352 2681 1416 τὰς
2723 1351 3048 1423 ὲγκειμένας
3079 1349 3394 1422 ἑρμηνείας,

1817 1443 1882 1496 ἵν’
1916 1444 2220 1498 εὐσύνοπτοι
2255 1443 2406 1498 ἔσται
2444 1445 2556 1508 τοῖς
2595 1441 2981 1514 ἐντυγχάνουσι
3015 1438 3085 1494 τὰ
3125 1440 3394 1511 νοήματα.

1817 1549 2078 1624 Prologus
2117 1550 2462 1624 eruditissimi
2501 1557 2557 1624 et
2595 1547 2903 1624 nobilissimi
2942 1546 3143 1624 domini
3167 1544 3395 1600 Joannis

2126 1621 2415 1692 Drungarii
2445 1622 2500 1675 in
2540 1619 2750 1674 beatum
2794 1615 3072 1672 Hesaiam.

1892 1757 1912 1792 ‹
1941 1739 2336 1810 Prophetarum
2373 1736 2797 1807 eloquentissimi
2832 1734 2998 1792 divini
3029 1733 3396 1792 Hesaiaelibl'o

1818 1833 2116 1903 prophetiae
2163 1846 2274 1902 prae
2310 1831 2561 1886 manibus
2611 1837 2858 1899 accepto,
2911 1841 3084 1898 eoque
3132 1825 3391 1895 perlecto,

1819 1940 1940 1980 cum
1976 1925 2300 1994 scriptorum
2331 1922 2682 1993 assequendae
2727 1919 2895 1975 menti
2921 1935 3021 1990 par
3061 1933 3170 1975 non
3192 1933 3392 1982 essent,

1819 2017 1888 2073 ad
1917 2017 2033 2088 ejus
2065 2017 2526 2085 interpretes,seu
2563 2020 3018 2070 commentatores
3036 2025 3122 2068 me
3155 2011 3392 2076 contuli;

1817 2126 1881 2166 ac
1907 2109 1997 2166 ubi
2030 2108 2322 2165 dubiorum
2347 2105 2670 2162 solutionem
2717 2104 2868 2160 varie
2899 2103 3117 2160 allatam
3145 2105 3393 2160 animado

1815 2202 1977 2266 verti,
1993 2199 2359 2256 necessarium
2380 2197 2504 2253 duxi
2527 2198 2651 2252 huic
2677 2195 2814 2252 libro
2835 2210 3055 2250 manum
3085 2196 3395 2264 admovere,

1815 2304 1876 2348 ut
1916 2307 2034 2362 quae
2074 2291 2272 2346 ibidem
2299 2287 2530 2345 obscura
2559 2295 2615 2343 et
2645 2286 2823 2343 dabin
2845 2287 3126 2344 sententiae
3153 2295 3394 2352 exstant,

1815 2381 1973 2452 plana
2003 2379 2310 2451 legentibus
2352 2378 2668 2434 evaderent.
2706 2374 2787 2432 Ne
2815 2377 2937 2447 quis
2965 2390 3094 2431 vero
3123 2376 3252 2430 mihi
3288 2377 3397 2431 cri-

1816 2473 1947 2527 ntini
2001 2480 2194 2536 vertat,
2231 2470 2376 2542 quod
2418 2471 2873 2528 heterodoxorum
2918 2471 3396 2540 interpretationes
3438 2547 3442 2550 ἢ

1814 2562 2408 2636 εοιιεεεινίιη,ζοτίεεηίε
2426 2565 2571 2629 dico,
2590 2564 2805 2619 Eusebii
2830 2561 3200 2631 Caesariensis,
3218 2562 3396 2619 Theo-

1815 2658 1932 2711 dori
1981 2656 2352 2724 Heracleotae,
2392 2655 2614 2712 Eusebii
2655 2655 2902 2711 Emeseni
2927 2696 2942 2723 ,
2980 2655 3302 2726 Apollinarii
3341 2664 3398 2712 et

1816 2749 2138 2805 Theodoreti
2166 2749 2289 2820 Cyri
2323 2766 2336 2804 :
2362 2762 2484 2803 nam
2515 2749 2571 2814 ii,
2607 2763 2728 2803 cum
2754 2763 2857 2803 non
2882 2749 2949 2804 de
2987 2748 3101 2803 suis
3130 2748 3398 2818 dogmati-

1815 2841 1916 2897 bus
1946 2841 2111 2897 verba
2147 2839 2378 2909 faciunt,
2419 2839 2690 2895 interdum
2718 2839 2946 2910 pulchre
2981 2839 3390 2896 ratiocinantur.

1816 2931 1870 2986 Id
1898 2947 2060 3003 porro
2089 2947 2196 2988 non
2223 2941 2355 2988 nutu
2382 2941 2438 2988 et
2469 2932 2739 2988 arbitratu
2781 2947 2904 2988 meo
2930 2931 3072 2998 feci;
3106 2931 3202 2988 sed
3235 2931 3398 2987 obse-

1817 3035 1973 3081 cutus
1998 3025 2344 3081 sanctissimo
2373 3023 2519 3079 Patri
2552 3035 2743 3081 nostro
2787 3022 3021 3094 Cyrillo,
3044 3022 3264 3080 Christo
3296 3023 3396 3079 ad-

1818 3121 1974 3174 dicta:
2004 3128 2057 3175 et
2083 3134 2290 3192 magnae
2307 3119 2681 3176 Alexandrinae
2705 3117 2941 3175 civitatis
2964 3117 3395 3190 archiepiscopo,

1813 3213 1904 3282 qui
1935 3213 1987 3266 in
2017 3227 2112 3266 sua
2147 3213 2214 3268 ad
2249 3211 2531 3282 Eulogium
2561 3209 2785 3280 epistola
2816 3210 2894 3264 ait
2937 3223 2954 3264 :
2993 3228 3012 3263 ι
3060 3209 3180 3267 Non
3215 3212 3398 3268 omnia

1816 3304 2196 3361 haereticorum
2251 3303 2397 3359 dicta
2457 3301 2710 3373 fugienda
2767 3309 2823 3358 et
2862 3303 3165 3373 respuenda
3224 3313 3394 3371 sunt;

1815 3396 1984 3452 multa
2019 3396 2163 3451 enim
2191 3396 2538 3460 conﬁtentur,
2564 3408 2684 3464 quae
2715 3409 2813 3450 nos
2852 3395 2981 3450 item
3007 3397 3348 3454 confitemur.
3373 3415 3394 3450 ι

1815 3485 1928 3541 lloc
1969 3486 2099 3540 item
2152 3485 2416 3540 monitum
2459 3485 2715 3540 lectorem
2751 3486 2932 3553 volui,
2967 3502 3219 3558 magnum
3253 3488 3399 3545 scili-

1814 3586 1901 3633 cet
1927 3575 2184 3632 Basilium
2219 3574 2381 3644 hujus
2415 3577 2711 3646 prophetiae
2734 3587 2944 3649 partem
2982 3577 3396 3648 interpretatum

1815 3685 1936 3726 esse
1967 3686 1980 3722 :
2009 3685 2128 3740 quae
2153 3678 2327 3724 tamen
2356 3669 2753 3738 interpretatio,
2784 3685 2851 3725 an
2877 3670 2995 3740 ejus
3030 3671 3125 3737 sit,
3155 3685 3186 3725 a
3215 3671 3399 3726 multis

1815 3763 1868 3816 in
1921 3761 2140 3816 dubium
2198 3769 2437 3817 vocatur.
2477 3758 2666 3831 Opera:
2719 3762 2952 3831 pretium
3004 3777 3218 3834 quoque
3269 3763 3400 3820 duxi

1816 3855 1917 3908 hoc
1947 3852 2247 3924 legentibus
2275 3852 2514 3907 indicare
2550 3861 2822 3909 et-notum
2854 3853 3055 3920 facere,
3079 3855 3400 3927 interpretes

1814 3956 1870 4000 et
1902 3952 2376 4010 commentatores,
2421 3960 2530 4000 non
2569 3945 2747 4014 modo,
2781 3947 2956 4015 quoad
2999 3948 3194 4005 divinae
3245 3947 3400 4003 Scri-

1815 4048 1987 4109 ptura:
2015 4053 2233 4094 sensum
2264 4047 2320 4092 et
2351 4037 2786 4106 intelligentiam,
2824 4049 3010 4096 mutuo
3043 4039 3353 4111 discrepare
3380 4078 3400 4108 ,

1816 4132 1910 4188 sed
1938 4131 2102 4186 etiam
2160 4130 2277 4199 ipsa
2331 4130 2527 4186 divinae
2577 4131 2868 4200 Scriptura:
2926 4132 3089 4188 verba
3141 4147 3247 4189 non
3283 4133 3399 4202 pari

1817 4223 1976 4279 modo
2023 4223 2333 4278 distinxisse
2383 4223 2436 4276 in
2482 4223 2598 4278 suis
2651 4224 3234 4295 interpretationibus;
3274 4239 3398 4280 nam

1824 4318 1917 4373 alii
1968 4317 2246 4388 pluribus,
2284 4317 2376 4373 alii
2425 4317 2770 4388 paucioribus
2807 4319 3073 4389 appositis
3112 4319 3402 4384 versibus,

1816 4411 2186 4480 expositiones
2235 4425 2360 4466 suas
2411 4411 2744 4464 adornarunt
2790 4425 2806 4463 :
2848 4411 3080 4481 indeque
3127 4420 3214 4468 est
3257 4412 3402 4481 quod

1747 4517 1792 4574 ι)
1821 4505 2031 4561 numeri
2057 4504 2325 4576 capitibus
2363 4505 2569 4574 praeﬁxi
2600 4519 2718 4570 eos,
2754 4504 2846 4574 qui
2880 4512 3081 4559 textum
3111 4503 3283 4574 ipsum
3318 4501 3400 4558 le-

1822 4609 1974 4672 gunt,
2006 4599 2073 4654 ad
2104 4599 2361 4654 ulteriora
2392 4601 2668 4655 remittere
2715 4601 3025 4654 videantur.
3062 4597 3210 4667 Opus
3237 4597 3400 4668 igitur

1764 4733 1776 4743 .
1823 4702 1907 4747 est
1929 4693 2156 4747 alterum
2177 4692 2463 4748 tertiumve
2484 4702 2644 4761 caput
2669 4701 2846 4748 textus
2871 4701 3074 4747 sanctae
3105 4690 3404 4760 Scriptura!

1823 4783 2024 4854 legere,
2045 4793 2107 4838 et
2137 4794 2323 4852 postea
2357 4784 2630 4855 appositas
2671 4784 3178 4853 interpretationes,
3208 4792 3269 4838 ut
3307 4795 3400 4836 ea-

148 4797 295 4872 Πατρὶ
329 4804 404 4875 τῷ
442 4804 548 4874 τῆς
605 4803 986 4875 Ἀλεξάνδρου,
1021 4803 1369 4876 φιλοχρίστου
1390 4846 1404 4870 ,
1433 4805 1716 4874 Μεγαλου-

1825 4890 1945 4930 rum
1976 4889 2168 4931 sensus
2199 4874 2386 4931 lectori
2415 4875 2590 4932 facilis
2618 4875 2919 4946 obviusque
2952 4875 3043 4931 sit.
3079 4893 3099 4926 ι

149 4892 323 4958 πόλεως
346 4896 772 4967 ἀρχιεπισκόπῳ
801 4895 1089 4968 Κυρίλλῳ,
1117 4897 1348 4970 φήσαντι
1378 4898 1436 4951 ὲν
1479 4900 1544 4969 τῇ
1583 4897 1718 4967 πρὸς

150 4980 370 5053 Εὺλὸγιον
413 4988 684 5059 ἐπιστολῇ
703 5004 717 5018 ο
751 4989 833 5043 Οὐ
854 4988 1051 5043 πάντα
1084 4989 1204 5042 ὅσα
1231 4987 1524 5059 ,λέγουσιν
1545 4992 1600 5044 οὶ
1630 4993 1712 5044 al-

1899 4966 1966 5023 lli
2005 4982 2216 5036 omnes,
2268 4969 2342 5023 uti
2387 4969 2592 5034 videas,
2625 4969 2940 5038 scriptores,
2968 4966 3224 5022 videlicet
3271 4963 3398 5022 Ori-

148 5079 334 5138 ίετικοὶ
387 5057 793 5150 φεύγεινηκαὶ
837 5081 1252 5150 παραιτεῖσθαι
1306 5057 1422 5151 χρή
1469 5098 1482 5110 ·
1517 5081 1712 5137 πολλὰ

1818 5075 2003 5132 genes,
2048 5059 2317 5116 Eusebius
2354 5061 2728 5127 Caesariensis,
2760 5060 3078 5116 Theodorus
3107 5057 3398 5115 Heracleo-

154 5168 240 5236 γὰρ
271 5174 678 5244 ὁμολογοῦσιν
696 5168 784 5228 ὧν
811 5173 909 5227 καὶ
931 5174 1104 5244 ἡμεῖς
1152 5150 1580 5244 ὁμολογοῦμεν.
1605 5175 1712 5229 Καὶ

1819 5163 1921 5218 tes,
1962 5152 2230 5208 Eusebius
2268 5153 2597 5220 Emesenus,
2645 5153 3011 5224 Apollinarius
3043 5161 3099 5208 et
3139 5150 3393 5206 Theodo-

155 5260 282 5314 τοῦτο
311 5264 363 5316 δὲ
390 5265 701 5336 κατάδηλον
728 5265 868 5319 ποιῶ
895 5268 1005 5330 τοῖς
1037 5266 1478 5336 ἐντυγχάνουσιν,
1498 5265 1574 5329 ὡς
1600 5266 1630 5318 ὁ
1659 5265 1712 5319 ἐν

1825 5255 1998 5312 retus,
2026 5247 2170 5302 inter
2201 5247 2489 5302 barreticos
2530 5245 2955 5300 numerabantur
2983 5261 2998 5298 :
3036 5258 3142 5313 qua
3177 5244 3244 5299 de
3278 5257 3336 5297 re
3365 5257 3398 5298 a

156 5351 301 5417 ἁγίοις
344 5333 649 5420 Βασίλειος,
699 5359 864 5432 μέρος
892 5377 942 5412 τι
963 5359 1059 5430 τῆς
1099 5361 1157 5412 ὲν
1195 5333 1352 5429 χερσὶ
1385 5356 1712 5430 προφητείας

1822 5339 2054 5409 septimo
2097 5338 2296 5393 saeculo
2329 5353 2436 5392 una
2467 5337 2569 5392 l‘uit
2599 5336 2839 5392 omnium
2873 5334 3045 5390 ferme
3084 5333 3400 5390 Graecorum

1826 5431 2116 5489 sententia.
2162 5429 2346 5485 Basilii
2388 5445 2518 5486 vero
2550 5428 2988 5485 Commentarius
3057 5426 3148 5482 ille
3197 5426 3399 5496 imper-

1826 5520 2022 5587 fectus,
2069 5521 2122 5576 in
2170 5521 2382 5587 νοθείας
2426 5521 2786 5591 suspicionem
2825 5529 3070 5587 vocatus,
3113 5529 3172 5576 ut
3206 5517 3402 5575 testiﬁ-

1833 5624 1988 5672 catur
2013 5611 2251 5672 Joannes
2281 5613 2386 5672 iste
2419 5612 2775 5686 Druugarius,
2803 5628 2833 5672 a
2860 5612 3047 5672 multis
3073 5610 3234 5670 hodie
3261 5609 3406 5670 inter

157 5444 631 5523 ἡρμήνευσενοῆτις
670 5451 933 5522 ἑρμηνεία
965 5451 1116 5523 παρὰ
1141 5449 1356 5515 πολλοῖς
1387 5450 1721 5522 ἀμφιϐάλλε-

159 5552 243 5590 ται.
269 5542 586 5611 Ἀναγκαῖον
619 5543 678 5596 δὲ
705 5543 891 5614 ᾠήθην
924 5545 1018 5597 καὶ
1044 5543 1203 5597 τοῦτο
1239 5542 1562 5616 παραθεῖναι
1581 5541 1721 5614 τῷδε

161 5627 222 5695 τῷ
245 5636 500 5706 προοιμίῳ
524 5635 671 5708 πρὸς
699 5635 1002 5706 φανέρωσιν
1033 5637 1128 5690 καὶ
1167 5637 1466 5709 σαφήνειαν
1492 5638 1604 5701 τοῖς
1631 5637 1718 5692 ἐν-

221 5805 285 5875 (Ξ)
310 5806 436 5867 Vide
475 5810 709 5883 hujusce
738 5809 1055 5884 Pntroiogite
1085 5822 1124 5872 t.
1166 5812 1280 5873 XV.
