3850 6210
439 333 510 391 83
1106 331 1379 388 EUSEBH
1411 331 1886 388 CJESABIENSIS
1923 332 2072 389 OPP.
2111 331 2288 387 PARS
2324 332 2413 387 Ill.
2451 361 2522 375 ο-
2559 329 2965 387 EXEGETICA.
3607 334 3670 389 81

432 451 595 508 dubia
624 465 784 520 opera
823 457 1094 506 censetur.
1128 448 1412 506 Hodieruis
1443 465 1603 520 porro
1633 451 1992 520 scriptoribus
2021 455 2066 512 Α
2094 449 2290 514 cuum‘,
2335 448 2428 518 qui
2478 447 2604 502 hinc
2637 445 3033 518 quamplurima
3083 445 3418 514 expiscatur,
3446 459 3500 500 et
3541 462 3673 500 non-

429 525 556 597 baec'
593 541 869 597 dubitandi
909 555 1069 597 causa
1097 549 1200 607 est,
1248 541 1522 597 silentium
1573 557 1764 612 nempe
1797 542 1989 598 Hiero-

428 631 598 703 nymi,
626 631 719 702 qui
753 647 873 688 cum
904 633 958 688 in
989 633 1212 703 prologo
1245 647 1343 688 suo
1373 633 1439 687 ad
1470 632 1682 688 Hesaite
1713 635 1993 688 Commen-

426 725 565 777 taria
613 739 831 789 omnes,
881 734 1146 794 quotquot
1197 735 1352 780 antea
1410 725 1615 780 Hesaiae
1671 729 1990 796 interpretes

423 823 678 883 egerant,
729 826 980 870 accurate
1040 826 1345 878 recenseat.
1401 833 1466 872 ne
1512 818 1617 888 γρὺ
1665 817 1880 885 quidem
1926 817 1991 871 de

423 902 605 958 Basilii
661 907 1054 960 commentario
1109 907 1312 971 habet;
1365 904 1569 962 Graecis
1620 915 1798 960 autem
1865 907 1989 960 hinc

423 994 567 1048 haud
599 996 761 1050 dubie
792 997 1036 1064 suspicio
1076 999 1413 1062 nascebatur,
1443 1000 1583 1068 quod
1628 1001 1797 1071 stylus
1827 999 1990 1054 Com-

423 1088 811 1144 mentariorum
877 1090 1148 1147 Basiliano
1195 1093 1347 1162 longe
1402 1092 1666 1147 absimilis
1720 1093 1982 1147 videatur.

422 1178 558 1234 Rem
601 1180 865 1236 mittimus
903 1185 1122 1249 nostris,
1166 1185 1258 1254 qui
1292 1184 1472 1238 Basilii
1517 1198 1741 1253 operum
1791 1183 1986 1238 editio-

422 1280 546 1326 nem
575 1285 770 1326 novam
803 1273 1088 1328 adornant.

491 1361 617 1416 Haec
656 1370 844 1417 catena
889 1378 918 1417 a
958 1363 1166 1420 Joanne
1214 1365 1514 1435 Drungario
1557 1366 1781 1420 collecta
1833 1382 1987 1438 repe-

421 1452 561 1508 ritur
595 1454 722 1508 item
770 1454 822 1507 in
863 1455 1047 1510 codice
1097 1455 1266 1526 Regio
1324 1472 1473 1510 num.
1504 1456 1664 1522 I891,
1700 1457 1878 1512 saeculi
1929 1474 1982 1526 χ,

421 1545 869 1612 membranaceo,
913 1555 1102 1615 estque
1144 1547 1214 1601 ibi
1248 1563 1438 1618 magna
1481 1548 1564 1601 sui
1611 1558 1762 1618 parte
1799 1549 1984 1602 mutila

421 1636 490 1689 ab
527 1637 699 1692 initio.
727 1637 926 1692 Catena
959 1647 1141 1692 autem
1178 1638 1288 1692 alia
1331 1640 1384 1692 in
1419 1639 1587 1708 Regio
1621 1640 1810 1694 codice
1844 1638 1983 1693 2457

422 1729 491 1784 ab
528 1729 632 1783 hac
677 1727 837 1798 longe
884 1729 1100 1784 diversa
1148 1735 1262 1795 est,
1304 1744 1366 1783 ac
1392 1745 1654 1799 perquam
1709 1730 1981 1784 minimam

420 1819 664 1887 locorum
703 1828 912 1888 partem
947 1817 1122 1885 aﬁ‘ert,
1172 1819 1574 1889 innumerisque
1625 1821 1833 1876 mendis
1878 1820 1982 1876 foe-

2102 1815 2530 1886 γυγνηράμμασι.
2575 1816 2631 1874 Id
2677 1829 2793 1885 est,
2838 1839 2856 1870 ι
2886 1820 3022 1875 Huic
3061 1831 3235 1876 autem
3271 1823 3416 1876 dicto
3467 1841 3479 1876 :

423 1913 606 1976 datur,
658 1911 760 1970 etsi
811 1909 1131 1980 perantiqua
1177 1927 1190 1963 :
1235 1926 1357 1965 nam
1396 1911 1589 1966 decimi
1643 1912 1769 1966 item
1810 1912 1989 1969 sazculi

421 2011 525 2058 est.

420 2111 486 2165 Η.
510 2113 587 2165 De
608 2127 797 2178 genere
830 2115 1190 2176 interpretandi
1219 2118 1272 2163 et
1292 2115 1356 2163 de
1400 2119 1622 2164 veterum
1663 2091 1990 2177 interpretum

1155 2189 1264 2225 DSU.

492 2279 645 2348 Quod
688 2281 756 2335 ad
801 2279 1190 2350 interpretandi
1241 2278 1530 2342 rationem,
1579 2294 1692 2350 qua.
1731 2280 1991 2336 Eusebius

419 2373 524 2427 hoc
568 2373 624 2426 in
659 2370 1056 2427 Commentario
1104 2373 1295 2436 utitur,
1347 2370 1611 2424 adeantur
1666 2386 1729 2425 ea
1781 2387 1900 2440 quae
1935 2373 1988 2427 in

420 2461 877 2518 Prmliminaribus
925 2462 992 2516 ad
1046 2462 1422 2532 Expositiones
1493 2463 1546 2516 in
1601 2462 1841 2518 Psalmos
1887 2465 1990 2519 hac

421 2555 488 2608 de
522 2567 581 2626 re
616 2553 851 2607 diximus
891 2553 971 2623 (3)
1007 2571 1019 2606 :
1058 2554 1243 2608 eodem
1297 2553 1440 2607 enim
1493 2553 1775 2622 utrobique
1817 2555 1987 2624 expli-

419 2644 577 2700 candi
621 2657 820 2711 genere
863 2645 1106 2714 procedit
1147 2662 1160 2699 :
1197 2659 1261 2698 ac
1311 2645 1598 2700 litteralem
1641 2647 1819 2712 modo,
1865 2662 1988 2701 mox

418 2735 843 2807 mystagogicum
885 2743 939 2791 et
988 2736 1336 2806 allegoricum
1387 2750 1604 2791 sensum
1655 2738 1889 2807 exquirit
1936 2747 1990 2792 et

421 2825 600 2883 aIl’ert.
633 2811 896 2881 Nimirum
931 2841 995 2884 ea
1027 2826 1351 2895 explanandi
1383 2826 1466 2879 via
1500 2828 1550 2880 in
1581 2827 1814 2882 Psalmis
1848 2838 1902 2883 et
1935 2829 1988 2882 in

420 2917 710 2989 prophetia
745 2917 975 2981 Hesaire,
1007 2917 1102 2974 ubi
1132 2916 1389 2986 frequens
1419 2918 1620 2973 Christi
1650 2927 1704 2974 et
1738 2920 1992 2976 Ecclesiae

419 3011 644 3074 mentio,
685 3009 982 3077 praesertim
1029 3009 1260 3064 ineunda
1291 3018 1412 3064 est:
1444 3025 1607 3078 quam
1653 3011 1986 3081 disciplinam

422 3101 874 3168 evangelistarum
938 3099 1412 3170 apostolorumque
1472 3102 1717 3171 exemplo
1771 3111 1989 3158 tenuere

424 3189 526 3247 SS.
563 3189 772 3254 Patres.
828 3188 1185 3262 Quamobrem
1245 3189 1608 3262 Hieronymus,
1639 3208 1743 3247 non
1788 3209 1853 3249 eo
1887 3195 1993 3250 Eu-

422 3282 635 3338 sebium
683 3283 899 3349 carpit,
945 3283 1086 3350 quod
1139 3280 1388 3344 Hesaiam
1439 3283 1728 3353 allegorico
1767 3284 1992 3341 subinde

421 3389 578 3434 more
613 3375 1032 3444 interpretetur;
1088 3376 1181 3429 sed
1235 3374 1377 3443 quod
1435 3378 1823 3444 promissorum
1890 3378 1992 3432 im-

420 3482 650 3532 memor,
678 3468 769 3537 qui
800 3483 857 3522 se
888 3466 1176 3522 Iitteralem
1204 3465 1628 3536 historicamque
1670 3465 1989 3523 sententiam

419 3559 709 3620 allaturum
746 3558 1026 3629 professus
1065 3567 1212 3624 erat,
1259 3559 1530 3613 interdum
1563 3561 1628 3614 ad
1679 3559 1988 3630 allegoriam

419 3652 670 3708 declinet.
718 3651 852 3706 Nam
907 3651 1022 3720 ipse
1072 3649 1432 3718 Hieronymus
1464 3651 1516 3705 in
1562 3651 1836 3721 allegoriis
1886 3651 1991 3707 fre-

419 3757 618 3812 quens.
669 3742 811 3796 hanc
864 3742 1026 3797 tradit
1069 3737 1122 3794 in
1174 3755 1396 3811 prorqgo
1447 3741 1732 3810 regulam:
1789 3761 1806 3793 ι
1839 3741 1992 3799 Unde

417 3841 541 3902 post
596 3831 839 3886 historiae
887 3831 1206 3894 veritatem,
1259 3830 1610 3899 spiritualiter
1680 3831 1989 3900 accipienda

423 3927 884 3982 suntomniazet
930 3923 1010 3977 sic
1045 3921 1225 3978 Iudaea
1271 3931 1326 3975 et
1373 3919 1696 3988 Jerusalem,
1741 3922 1986 3993 Babylon

421 4014 882 4080 etPlIilisthiim,
932 4013 1086 4068 Moab
1133 4021 1188 4068 et
1244 4011 1569 4080 Damascus,
1617 4013 1883 4083 [Egyptus
1935 4024 1990 4069 et

421 4105 700 4172 desertum
751 4118 920 4168 mare,
970 4103 1199 4158 Idumaea
1229 4112 1282 4156 et
1329 4103 1546 4164 Arabia,
1591 4117 1655 4156 ac
1701 4102 1867 4157 Vallis
1912 4104 1992 4158 vi-

422 4196 645 4266 sionis,
677 4205 732 4250 et
783 4195 851 4248 ad
899 4203 1199 4248 extremum
1245 4192 1423 4263 Tyrus
1466 4201 1520 4246 et
1559 4193 1697 4246 visio
1743 4194 1987 4262 quadru-

421 4287 639 4358 pedum,
689 4286 1038 4355 intelligenda
1077 4290 1229 4349 sunt;
1263 4293 1320 4338 ut
1351 4292 1544 4339 cuncta
1579 4298 1888 4352 quaeramus
1935 4286 1989 4339 in

421 4393 622 4433 sensu:
651 4387 705 4433 et
740 4378 793 4431 in
821 4379 1071 4432 omnibus
1098 4376 1204 4440 his,
1237 4375 1389 4445 quasi
1423 4375 1634 4444 sapiens
1662 4377 1990 4433 architectus

424 4468 623 4536 Paulus
674 4467 946 4538 apostolus
974 4464 1145 4537 jaciat
1195 4466 1645 4529 fundamentum,
1691 4466 1833 4535 quod
1882 4481 1985 4521 non

419 4570 503 4623 est
538 4560 679 4615 aliud
710 4569 905 4628 praeter
931 4559 1111 4614 Iesum
1141 4558 1433 4613 Christum.
1467 4575 1486 4607 ι

496 4651 856 4722 Hexaplorum
913 4665 975 4705 ac
1027 4659 1268 4706 veterum
1318 4649 1674 4717 interpretum
1724 4647 1989 4703 lectiones

421 4744 626 4821 passim
682 4742 841 4798 aﬁ‘ert
883 4741 1183 4811 Eusebius,
1236 4749 1291 4793 et
1332 4740 1548 4818 quidem
1589 4739 1785 4795 multas
1833 4731 1988 4810 queis

423 4835 786 4905 Hieronymus
837 4850 968 4888 usus
1023 4849 1129 4886 non
1179 4840 1280 4886 est.
1331 4831 1513 4886 Sicubi
1569 4845 1696 4886 vero
1741 4834 1986 4885 eamdem

423 4935 656 4996 uterque
701 4925 985 4980 lectionem
1047 4925 1330 4990 exscribit,
1358 4925 1621 4980 Eusebius
1667 4924 1987 4993 prolixiores

421 5018 691 5072 exhibet:
738 5033 862 5070 nam
919 5015 1281 5089 Hieranymus
1339 5031 1442 5070 una
1505 5001 1745 5073 alterave
1806 5015 1991 5069 vocula

425 5119 733 5172 contentus,
767 5110 1049 5164 lectionem
1088 5110 1217 5164 item
1259 5106 1580 5164 Hebraicam
1610 5107 1820 5176 adjicit,
1848 5107 1989 5176 quod

424 5201 605 5281 rarius
642 5212 866 5272 prastat
899 5203 1178 5258 Eusebius.
1705 5189 1707 5191 1

820 5307 903 5369 Ill.
929 5307 1059 5357 Nihil
1080 5306 1214 5356 dubii
1234 5320 1313 5374 περι
1335 5319 1587 5369 mam“.

496 5389 606 5451 Res
648 5405 715 5448 ex
749 5406 807 5446 se
835 5393 983 5447 clara
1020 5401 1075 5447 et
1106 5403 1289 5461 aperta
1323 5403 1424 5456 est,
1464 5393 1649 5458 hosce,
1677 5408 1813 5463 quos
1845 5409 1988 5456 nunc

423 5483 652 5548 edimus,
684 5498 970 5552 germanos
994 5495 1047 5539 et
1077 5500 1235 5552 veros
1259 5501 1378 5543 esse
1405 5486 1622 5542 Eusebii
1656 5475 1718 5540 in
1739 5486 1989 5540 Hesaiam

426 5575 883 5637 Commentarios.
930 5577 985 5632 Id
1038 5575 1351 5648 Hieronymi
1423 5579 1725 5646 testimonio
1778 5579 1989 5655 conspi-

498 5738 575 5814 (3)
605 5736 736 5792 Vide
763 5745 964 5796 tomum
997 5740 1348 5812 superiorem.

2018 4511 2065 4568 D

2097 556 2372 609 nunquam
2424 539 2641 593 Eusebii
2692 537 3192 606 interpretationes,
3231 544 3290 590 ut
3338 537 3429 591 hic
3465 537 3676 592 haben-

2094 642 2200 696 tur,
2251 633 2405 700 quasi
2462 631 2558 686 abs
2607 645 2665 684 re
2704 631 2865 684 datas
2904 630 3122 699 depellit
3151 638 3206 683 et
3239 627 3506 686 confutat.
3549 629 3673 684 Imo

2093 725 2208 792 ipse
2245 723 2510 778 Eusebius
2552 737 2674 777 sese
2718 722 2894 792 prodit
2947 721 3107 788 hujus
3140 721 3532 776 Commentarii
3569 737 3677 776 au-

2091 825 2326 881 ctorem,
2375 830 2493 870 cum
2549 826 2723 871 motas
2779 817 2845 870 ab
2900 816 3146 870 Ethnicis
3198 817 3252 869 in
3301 815 3674 871 Christianum

2090 921 2284 960 nomen
2335 909 2649 962 vexationes
2699 918 2754 964 et
2791 909 3155 972 carniﬁcinas,
3186 909 3422 977 itemque
3470 910 3676 976 princi-

2089 1012 2214 1066 pum
2259 997 2387 1051 olim
2439 999 2732 1053 inﬁdelium
2771 1000 2837 1052 ad
2895 999 3053 1053 ﬁdem
3105 1001 3552 1062 conversionem,
3612 1007 3678 1053 ut

2087 1090 2332 1143 oculatus
2388 1091 2538 1145 testis
2579 1100 2883 1144 memorat:
2924 1093 3019 1146 sed
3075 1093 3311 1145 maxime
3365 1093 3454 1146 ubi
3491 1093 3674 1147 Chro-

2087 1181 2208 1235 nica
2256 1183 2324 1236 ab
2375 1197 2434 1237 se
2489 1183 2632 1237 edita
2689 1185 2876 1238 laudat
2927 1183 3013 1239 his
3065 1185 3244 1238 verbis
3294 1186 3359 1237 ad
3414 1198 3533 1254 cap.
3564 1197 3672 1240 ιιιι

2087 1269 2312 1337 Ηθεθίαδ,
2349 1273 2437 1344 Τῷ
2475 1275 2531 1328 δὲ
2561 1276 2822 1345 φάσκοντι
2853 1277 3016 1347 λόγῳ·
3064 1277 3208 1331 Ἰδοὺ
3241 1275 3495 1346 ἐπεγερῶ
3527 1275 3676 1346 ὑμῖν

2085 1362 2227 1429 τοὺς
2269 1364 2533 1433 Μήδους,
2587 1371 2856 1440 μαρτυρεῖ
2902 1371 2935 1440 ἡ
2984 1369 3085 1438 τῆς
3132 1369 3368 1439 ἱστορίας
3405 1367 3670 1430 ἔκϐασιςο

2085 1452 2432 1525 ἀνάγραπτος
2463 1453 2598 1510 οὖσα
2633 1460 2782 1529 παρὰ
2814 1460 2928 1522 τοῖς
2984 1458 3252 1529 Ἑλλήνων
3282 1457 3350 1511 τὰ
3392 1456 3674 1521 Χαλδαϊκὰ

2086 1540 2179 1593 καὶ
2211 1542 2278 1595 τὰ
2315 1544 2648 1616 Ἀσσυριακὰ
2681 1546 3180 1620 συγγραψαμένοις,
3211 1549 3323 1610 τοῖς
3355 1564 3413 1598 τε
3446 1546 3513 1599 τὰ
3555 1548 3674 1617 Μη-

2083 1630 2206 1684 δικὰ
2253 1635 2628 1706 ἱστορηκόσιν·
2662 1631 2735 1690 ὧν
2772 1639 2867 1691 καὶ
2912 1640 3072 1709 ἡμεῖς
3115 1638 3373 1702 πλείστας
3415 1639 3670 1704 ἀνελεξά-

2091 1721 2226 1790 μεΘα
2276 1728 2584 1797 μαρτυρίας
2627 1728 2685 1781 ὲν
2719 1731 2830 1791 τοῖς
2847 1729 3153 1801 πονηθεῖσιν
3193 1731 3324 1800 ἡμῖν
3361 1730 3674 1798 Χρονικοῖς

3527 1819 3669 1874 Ecce

2097 1909 2357 1962 suscitabo
2409 1912 2555 1964 vobis
2617 1911 2836 1978 Medos,
2913 1914 3030 1982 ipse
3095 1915 3337 1968 historias
3410 1925 3670 1980 eventus,

2099 1990 2486 2056 ιοδιὶιηοιιὶυιιι⁸
2509 2015 2562 2059 et
2623 2006 2778 2061 ﬁdem
2830 2006 2976 2060 addit
3025 2023 3039 2060 :
3079 2022 3197 2075 quae
3246 2007 3469 2060 historia
3525 2008 3688 2076 apud-

2096 2092 2336 2161 Graecos,
2368 2095 2458 2162 qui
2498 2095 2820 2158 Chaldaica,
2853 2097 3138 2166 Assyriaca
3181 2106 3235 2151 et
3288 2097 3488 2152 Medica
3527 2098 3675 2152 scri-

2095 2194 2338 2253 pserunt,
2372 2188 2642 2254 reperitur
2673 2205 2686 2241 :
2714 2203 2946 2257 quorum
2998 2203 3096 2243 nos
3148 2189 3456 2243 testimonia
3494 2188 3674 2242 multa

2096 2275 2407 2346 collegimus
2434 2278 2483 2330 in
2516 2277 2784 2333 Chronicis
2815 2279 3037 2334 nostris.
3077 2299 3096 2331 ι

2094 2380 2176 2430 IV.
2209 2383 2315 2441 Quo
2353 2386 2578 2446 tempore
2619 2384 2725 2433 haec
2747 2385 3104 2434 Commentaria
3146 2382 3391 2434 Eusebius
3431 2383 3669 2432 ediderit.

2167 2465 2292 2520 Ilaec
2328 2481 2492 2534 porro
2545 2483 2650 2521 una
2703 2467 2757 2520 in
2817 2469 2900 2524 his
2939 2467 3358 2522 Commentariis
3409 2467 3678 2534 temporis

2098 2565 2224 2610 nota
2257 2568 2555 2626 comparet.
2590 2561 2715 2613 Post
2744 2558 2889 2613 edita
2925 2574 3118 2628 nempe
3150 2559 3430 2623 Chronica,
3467 2557 3520 2610 id
3555 2569 3670 2633 est,

2095 2656 2216 2716 post
2261 2663 2460 2702 annum
2505 2648 2631 2712 524,
2658 2648 3031 2718 Expositiones
3075 2652 3128 2701 in
3164 2647 3412 2702 Hesaiam
3465 2647 3674 2711 edidis,

2094 2753 2199 2806 quo
2261 2750 2440 2793 autem
2510 2754 2688 2802 anno.
2749 2755 2818 2795 ne
2879 2740 3186 2811 conjectare
3261 2739 3476 2810 quidem
3531 2751 3669 2806 pos-

2097 2845 2302 2885 sumus.

2810 2902 2839 2973 §
2877 2903 2962 2956 ιιι.

2096 3014 2134 3068 I.
2176 3014 2434 3086 Eusebius
2464 3033 2619 3086 parce
2650 3025 2700 3070 et
2730 3017 2900 3071 sobrie
2937 3016 3001 3070 de
3047 3015 3188 3070 Filio
3216 3016 3312 3070 Dei
3341 3015 3569 3086 loquitur
3613 3014 3680 3067 in

2165 3084 2246 3137 his
2304 3084 2723 3140 Commentariis.
2797 3087 2859 3140 ll.
2932 3086 3128 3140 Contra
3186 3088 3364 3138 atheos
3403 3084 3454 3140 et
3503 3101 3664 3151 gene—

2167 3155 2388 3209 thliacos
2419 3157 2676 3226 interdum
2705 3157 2830 3226 agit.
2855 3155 2942 3210 Ill.
2968 3156 3242 3225 Apostolos
3277 3156 3671 3226 quatuordecim

2175 3235 2447 3309 utInter-at.
2478 3225 2567 3278 IV.
2615 3225 2915 3309 Singularis
2946 3226 3008 3279 de
3043 3226 3357 3309 martyribus
3406 3225 3667 3309 narratio.

2169 3290 2232 3346 ν.
2265 3293 2572 3363 Principum
2620 3290 2949 3348 sa'cularium
2993 3310 3114 3364 erga
3156 3290 3443 3348 Ecclesium
3479 3294 3673 3362 pietas.

2098 3405 2135 3458 Ii.
2160 3404 2405 3455 Eusebius
2442 3418 2590 3468 parce
2616 3410 2669 3463 et
2689 3404 2850 3468 sobrie
2879 3406 2941 3453 de
2978 3404 3106 3453 Filio
3127 3404 3222 3454 Dei
3268 3405 3486 3467 loquitur
3511 3405 3562 3452 in
3593 3403 3682 3452 his

2685 3467 3077 3517 Commentariis.

2164 3546 2263 3612 Qui
2321 3547 2374 3600 in
2425 3547 2839 3602 Commentariis
2891 3548 2944 3601 in
2999 3546 3242 3601 Psalmos
3315 3559 3552 3601 errorem
3598 3545 3672 3598 de

2098 3637 2233 3692 Filio
2270 3637 2362 3693 Dei
2403 3653 2560 3692 suum
2615 3639 2817 3707 passim
2873 3639 3203 3707 insperserat
3249 3637 3529 3702 Eusebius,
3576 3635 3671 3688 hic

2095 3747 2260 3800 parce
2305 3743 2359 3788 et
2401 3733 2580 3788 sobrie
2622 3747 2686 3787 ea
2737 3733 2803 3786 de
2855 3745 2914 3793 re
2943 3739 3002 3784 ut
3051 3730 3341 3800 plurimum
3385 3728 3669 3798 loquitur:

2099 3824 2449 3891 quamobrem
2492 3825 2851 3894 Hieronymus
2880 3823 2970 3891 qui
2999 3820 3335 3875 Psalmorum
3367 3817 3675 3887 Expositio-

2101 3929 2223 3967 nem
2251 3915 2519 3969 Arianicis
2549 3901 2828 3969 erroribus
2859 3927 3132 3982 aspersam
3170 3924 3290 3966 esse
3326 3909 3673 3974 testiﬁcatur,

2100 4009 2231 4060 nihil
2267 4009 2570 4077 linjusmodi
2608 4009 2861 4063 observat
2886 4010 2938 4063 in
2977 4009 3082 4063 hoc
3112 4006 3524 4062 commentario.
3556 4003 3670 4059 Sed

2097 4100 2221 4166 quia
2251 4101 2479 4154 arduum
2521 4109 2606 4155 est
2645 4101 2733 4155 diu
2770 4101 3105 4169 multumque
3135 4099 3392 4160 scribere,
3435 4097 3565 4166 quin
3601 4112 3673 4152 ex

2096 4199 2277 4246 mente
2322 4192 2601 4262 scriptoris
2646 4191 2848 4261 aliquid
2899 4191 2982 4245 vel
3032 4191 3401 4261 imprudenter
3446 4187 3666 4248 ellluat.

2098 4299 2201 4338 non
2251 4285 2480 4338 obscure
2521 4286 2847 4339 sententiam
2883 4299 3034 4337 suam
3075 4285 3254 4350 prodit
3287 4281 3549 4336 Eusebius
3595 4283 3669 4335 ad

2097 4390 2216 4444 cap.
2246 4391 2402 4438 XLIII,
2433 4377 2523 4431 ubi
2558 4375 2611 4429 in
2643 4377 2756 4429 haec
2789 4373 2952 4430 verba
2987 4393 3000 4426 :
3039 4372 3180 4441 Ἐγὼ
3209 4375 3236 4426 ὁ
3268 4373 3420 4438 Θεὸς,
3452 4373 3546 4426 καὶ
3564 4374 3674 4427 οὐκ

2097 4469 2210 4525 ἔστι
2241 4469 2415 4541 παρὲξ
2444 4469 2577 4541 ἐμοῦ
2623 4467 2831 4534 σώζων,
2859 4470 2910 4523 id
2945 4478 3027 4523 est
3053 4487 3067 4523 :
3105 4486 3124 4519 ι
3153 4467 3262 4535 Ego
3284 4467 3447 4531 Deus,
3475 4475 3529 4519 et
3557 4480 3670 4519 non

2095 4573 2386 4630 estpraeter
2411 4579 2495 4617 me
2519 4563 2612 4631 qni
2640 4563 2845 4617 salvum
2866 4562 3046 4628 faciat,
3063 4581 3081 4612 ι
3101 4560 3455 4615 sicillebabet
3479 4575 3493 4611 :
3518 4559 3671 4621 Μιᾶς

2093 4653 2200 4723 γὰρ
2237 4653 2403 4724 οὔσης
2440 4655 2634 4726 ἀρχῆς,
2667 4654 2764 4724 μία
2793 4654 2877 4723 εἴη
2909 4653 3031 4723 ἂνή
3070 4653 3278 4722 θεότης,
3377 4666 3674 4720 συμπαρα-

2092 4744 2422 4815 λαμϐάνεται
2467 4747 2559 4796 καὶ
2606 4745 2639 4813 ἡ
2670 4743 2763 4795 τοῦ
2813 4742 3150 4812 Μονογενοῦς
3178 4743 3341 4795 αὐτοῦ
3395 4740 3668 4808 θεολογία.

2094 4836 2206 4907 Hoc
2255 4847 2338 4889 est
2373 4855 2385 4890 :
2428 4855 2447 4886 ‹
2477 4835 2610 4889 Nam
2644 4851 2763 4889 cum
2799 4852 2965 4890 unum
3016 4847 3085 4890 su
3148 4835 3508 4905 principium,
3559 4848 3674 4887 una

2094 4930 2255 4984 fuerit
2299 4938 2354 4983 et
2385 4930 2580 4997 deitas,
2627 4941 2859 4996 quacum
2893 4929 3188 4983 assumitur
3239 4926 3508 4995 Unigeniti
3541 4924 3669 4993 ejus

2095 5022 2451 5091 theologiam
2507 5021 2598 5074 ubi
2653 5037 2757 5074 non
2811 5021 2932 5076 ideo
2978 5020 3099 5074 Filii
3155 5019 3480 5089 theologiam
3537 5032 3670 5072 cum

2093 5123 2314 5182 paterna
2349 5113 2551 5167 deitate
2595 5115 2797 5168 assumi
2831 5113 2967 5177 vult,
3001 5113 3140 5182 quod
3193 5112 3363 5165 deitas
3405 5110 3523 5164 Filii
3556 5125 3666 5164 una

2093 5209 2393 5274 eademque
2423 5208 2495 5261 sit
2523 5214 2688 5274 atque
2719 5214 2947 5274 paterna
2973 5225 2986 5259 :
3019 5221 3140 5259 nam
3172 5217 3290 5259 eam
3327 5203 3416 5258 ille
3445 5212 3666 5258 senten—

2093 5301 2220 5366 tiain
2252 5309 2311 5352 ut
2361 5299 2722 5353 Sabellianam
2765 5299 2995 5366 respuit;
3033 5299 3131 5351 sed'
3175 5296 3331 5366 quod.
3363 5297 3432 5351 ob
3467 5296 3667 5350 simili-

2095 5391 2332 5444 tudinem
2384 5390 2806 5458 quamdam,ab
2837 5400 2960 5444 ortu
3013 5389 3151 5444 Deus
3201 5389 3502 5460 appellatus
3555 5390 3669 5453 sit,

2094 5485 2356 5554 siquidem
2387 5483 2632 5553 principii
2657 5492 2711 5537 et
2739 5484 2956 5539 deitatis
2988 5485 3249 5539 unitatem
3283 5483 3334 5536 in
3363 5481 3476 5536 solo
3499 5481 3666 5538 Patre

2095 5577 2298 5646 servari
2334 5577 2409 5630 ait
2439 5576 2544 5642 hic,
2575 5585 2629 5632 et
2661 5577 2859 5645 passim
2891 5576 3238 5646 apertiusque
3285 5576 3338 5630 in
3372 5576 3493 5632 aliis
3530 5590 3669 5654 opev
