3850 6210
193 233 270 290 85
1121 233 1637 290 COMMENTARIA
1675 232 1743 288 IN
1781 231 2040 290 ISAIAM.
2081 263 2146 273 —
2184 229 2579 288 PREFATIO.
2735 224 2740 228 ’
3404 239 3476 290 80

196 347 394 409 ribus,
465 350 528 397 ut
593 351 1057 398 commonstratur
1117 361 1171 399 ιη
1235 346 1691 418 prmliminaribus
1741 349 1807 402 ad
1837 352 2256 411 Aacceaentes,
2294 351 2638 413 usurparent.
2667 341 2869 398 Locum
2921 342 3119 400 afferre
3165 360 3235 402 ne
3275 347 3475 417 pigeat.

195 435 675 491 Commentarium
708 436 760 489 in
796 433 1063 500 Psalmos,
1097 437 1187 492 ubi
1219 438 1434 493 videsis.

336 543 406 594 ll.
420 541 606 595 Contra
629 542 806 591 atheos
827 547 878 591 et
900 542 1242 606 genethliacos
1263 544 1511 593 interdum
1533 547 1650 608 agit.

159 632 174 683 ἓ
269 625 413 694 Quia
485 626 707 682 Eusebii
763 641 909 692 aevo,
958 628 1100 682 athei
1158 627 1348 692 multi,
1399 637 1456 684 et
1512 631 1788 701 religionis

196 718 407 774 nullius
459 718 714 773 homines
786 728 982 784 erant,
1033 720 1125 789 qui
1183 720 1295 777 fato
1353 737 1543 778 omnes
1606 739 1788 780 rerum

193 819 428 865 eventus
465 811 841 875 ascriberent;
876 811 1115 879 ejusdem
1161 809 1349 866 furium
1393 812 1641 867 homines
1674 829 1790 882 pas-

192 902 296 955 sim
330 903 639 956 insectatur
667 902 932 958 Eusebius
967 902 1078 968 hic,
1112 912 1171 958 ut
1203 904 1254 958 in
1284 902 1707 961 Commentariis
1733 907 1786 961 in

192 991 482 1047 Psalmos:
510 993 602 1047 ubi
631 1003 742 1047 tum
772 993 1000 1059 ratione,
1019 1004 1129 1048 tum
1159 996 1422 1064 exemplis
1444 999 1783 1068 comprobat,

191 1083 440 1138 numinis
484 1083 828 1152 providentia
868 1084 1125 1138 mundum
1162 1085 1555 1141 administrari.
1599 1104 1618 1138 ι
1649 1086 1784 1144 Nam

191 1187 317 1227 cum
353 1174 634 1241 sapientes
669 1173 828 1243 hujus
877 1173 1076 1240 saeculi,
1105 1191 1126 1227 ι
1161 1175 1241 1229 sic
1289 1173 1379 1230 ille
1410 1176 1477 1230 ad
1523 1190 1645 1246 cap.
1678 1191 1782 1244 ιι,

197 1284 215 1316 ι
244 1264 433 1318 omnia
483 1272 783 1334 spontaneo
832 1265 1048 1320 cuidam
1085 1281 1266 1320 rerum
1313 1268 1517 1331 motui,
1563 1282 1628 1323 ac
1677 1268 1784 1322 for-

193 1356 332 1411 tuito
381 1357 622 1411 naturali
680 1357 829 1413 casui
878 1367 933 1412 et
977 1357 1090 1413 fato
1121 1360 1430 1425 ascribant;
1474 1364 1784 1419 necessario

188 1463 437 1517 praesens
487 1465 691 1516 sermo,
748 1449 949 1504 nullam
992 1465 1177 1506 rerum
1231 1450 1460 1508 fortuito
1511 1469 1640 1510 casu
1685 1472 1783 1510 ex-

190 1537 410 1603 sistere,
439 1538 539 1592 sed
574 1538 757 1592 omnia
797 1555 918 1594 cum
967 1554 1221 1594 mensura
1265 1549 1320 1596 et
1354 1557 1584 1598 numero
1615 1559 1643 1598 a
1681 1544 1785 1598 Dn-

190 1631 362 1696 mino,
405 1631 504 1701 qui
539 1630 680 1686 Deus
719 1634 1066 1701 praedicatur,
1113 1634 1412 1689 constituta
1463 1635 1648 1702 fuisse,
1683 1638 1780 1692 de-

1891 438 1971 491 Ad
2001 437 2146 492 illum
2178 437 2382 492 llesaite
2408 450 2620 489 versum
2645 447 2764 502 cap.
2790 450 2912 489 mv
2939 456 2951 489 :
2977 431 3166 503 οὗτος
3187 436 3339 506 ἐρεῖ·
3365 437 3477 494 Τοῦ

1894 529 2042 584 Θεοῦ
2073 533 2222 600 ειμι,
2259 529 2356 584 καὶ
2399 524 2578 593 οὗτος
2620 526 2916 594 βοήσεται
2964 527 3063 582 ἐπὶ
3108 527 3189 595 τῷ
3233 530 3476 599 ὀνόματι

1904 621 2136 686 Ἰακὼϐ,
2183 621 2280 675 καὶ
2329 620 2528 688 ἕτερος
2574 617 2888 688 ἐπιγράψει
2943 617 3018 687 τῇ
3069 619 3217 690 χειρὶ
3263 619 3472 676 αὐτοῦ’

1896 713 2006 767 Τοῦ
2040 712 2188 766 Θεοῦ
2217 715 2353 782 εἰμι,
2390 712 2486 766 καὶ
2517 711 2614 764 ἐπὶ
2649 709 2730 776 τῷ
2761 711 3004 781 ὀνόματι
3038 713 3283 782 Ἰσραὴλ
3318 713 3474 781 ,βοή-

1889 820 2090 859 σεταιο
2127 805 2179 858 id
2228 813 2311 859 est
2354 823 2366 857 :
2402 822 2420 855 ι
2451 801 2550 857 Hic
2594 802 2735 858 dicet
2767 822 2779 856 :
2823 803 2916 858 Dei
2954 818 3104 868 sum,
3132 815 3188 859 et
3235 805 3324 860 hic
3363 804 3474 860 cla-

1890 898 2059 951 mabit
2107 897 2158 950 in
2207 897 2426 950 nomine
2469 894 2666 961 Iacob;
2717 905 2774 950 et
2820 896 2959 950 alius
3003 895 3274 952 describet
3309 913 3472 952 manu

1889 1002 1985 1042 sua
2015 1004 2026 1039 :
2054 986 2145 1040 Dei
2187 1001 2329 1051 sum,
2363 996 2417 1040 et
2467 985 2518 1038 in
2557 985 2777 1039 nomine
2808 985 2976 1040 lsrael
3017 985 3306 1053 clamabit;
3340 1007 3359 1040 ι
3394 989 3474 1045 sic

1889 1079 2052 1133 habet
2087 1078 2176 1132 ille
2217 1097 2230 1132 :
2277 1077 2565 1148 Θαυμάσαι
2596 1075 2654 1128 δὲ
2707 1075 2856 1142 ἐστι,
2905 1078 3000 1130 καὶ
3054 1078 3472 1150 καταπλαγῆναι

1888 1169 2100 1240 ἀληθῶς
2151 1169 2251 1240 τὴν
2303 1168 2410 1221 τῶν
2461 1168 2813 1240 προφητικῶν
2875 1167 3048 1237 λόγων
3101 1168 3348 1241 δύναμιν,
3397 1170 3474 1235 ὡς

1887 1265 2068 1326 αὐτοῖς
2101 1262 2284 1334 ἔργοις
2326 1261 2394 1314 τὰ
2444 1261 2856 1332 ἀποτελέσματα
2907 1261 3343 1333 παρειλήφαμεν.
3382 1264 3471 1318 Ἑν

1887 1355 2016 1425 γοῦν
2052 1358 2163 1418 τοῖς
2206 1354 2326 1407 καθ’
2374 1355 2522 1425 ἡμᾶς
2574 1354 2773 1418 αὐτοὺς
2828 1354 3141 1425 γενομένοις
3187 1355 3468 1427 διωγμοῖς,

1888 1449 2114 1512 πολλοὺς
2148 1448 2256 1501 τῶν
2296 1447 2606 1516 ἀλλοφύλων
2654 1448 2824 1502 ὲθνῶν
2855 1448 3217 1520 ἐθεασάμεθα,
3261 1463 3470 1520 προαρ-

1889 1540 2157 1606 πάζοντας
2201 1542 2411 1603 ἑαυτοῖς
2444 1540 2540 1602 τὰς
2581 1540 2686 1594 τῶν
2735 1529 2905 1608 ἀίίίων
2943 1540 3151 1613 ἀνδρῶν
3195 1556 3470 1613 προσηγοσ-

1891 1634 2038 1703 ρίας·
2085 1628 2159 1686 ὧν
2199 1635 2226 1686 ὁ
2276 1633 2371 1703 μὲν
2407 1632 2595 1686 ἑαυτὸν
2635 1630 2827 1685 Ἰακὼϐ
2877 1632 3092 1696 ἐκάλει,
3147 1633 3241 1686 καὶ⁹
3285 1631 3471 1703 ἕτερος

187 1722 434 1777 claret.»
489 1721 615 1776 Pari
666 1725 825 1779 modo
881 1724 1154 1779 invehitur
1201 1725 1254 1779 in
1301 1739 1395 1781 eos
1436 1727 1560 1796 qui,
1610 1729 1773 1805 motui

1899 1724 2134 1796 Ἰσραὴλ,
2193 1723 2350 1787 ἄλλος
2383 1724 2439 1777 δὲ
2495 1723 2782 1796 Ἱερεμίαν,
2838 1724 2931 1777 καὶ
2975 1723 3200 1776 Ἡσαΐαν
3243 1722 3468 1793 ἔτερος,

189 1824 471 1869 astrorum
534 1814 719 1870 omnia
793 1817 1166 1882 ascribentes,
1217 1818 1459 1887 genesim
1521 1819 1785 1890 cujusque

188 1907 552 1975 explorabant
579 1927 593 1962 :
625 1909 718 1978 qui
753 1908 1068 1978 frequentes
1119 1909 1213 1963 illa
1245 1917 1564 1978 tempestate
1596 1920 1778 1965 erant.

189 1995 451 2067 Legimus
497 2015 630 2055 sane
668 2001 957 2055 Eusebium
994 2001 1356 2066 Emesenum,
1399 2004 1544 2072 quod
1587 2004 1784 2057 ἀποτε-

186 2089 534 2162 λεσματικὴν
609 2101 926 2158 exerceret,
983 2107 1012 2147 a
1067 2091 1228 2162 plebe
1294 2092 1511 2162 pulsum
1585 2095 1782 2152 throno

187 2180 358 2236 fuisse

313 2271 405 2322 ΙΙΙ.
448 2275 718 2336 Apostolos
739 2278 1112 2338 quatuordecim
1138 2285 1364 2330 numerat
1389 2280 1648 2331 Eusebius.

256 2358 558 2428 Apostolus
599 2362 1012 2429 quatuordecim
1064 2375 1316 2420 recenset
1361 2365 1650 2430 Eusebius,
1697 2365 1780 2419 ni-

190 2451 388 2505 mirum
441 2452 731 2507 duodecim
772 2454 892 2510 illos
924 2456 1208 2527 pristinos,
1238 2457 1464 2513 Matthia
1499 2459 1552 2514 in
1597 2459 1779 2513 locum

187 2541 336 2599 Iuda:
405 2546 708 2613 proditoris
757 2547 1140 2603 duodecimum
1205 2549 1387 2605 locum
1449 2557 1776 2619 occupante,

190 2632 415 2688 Paulum
444 2647 501 2690 et
528 2635 792 2692 Jacohum
826 2637 1047 2694 fratrem
1082 2639 1328 2707 Domini;
1359 2655 1483 2696 nam
1515 2639 1776 2697 Iacobum

187 2725 334 2780 illum
368 2727 598 2782 fratrem
632 2727 867 2793 Domini,
896 2730 1057 2784 alium
1091 2747 1120 2784 a
1148 2729 1349 2788 Jacobo
1378 2732 1583 2803 Alphaai
1616 2742 1772 2804 putat

186 2834 328 2874 esse.
381 2820 523 2874 Tres
582 2821 767 2889 itaque
814 2821 1139 2893 ὁμωνύμους
1198 2825 1472 2895 apostolos
1524 2838 1776 2884 numerat

189 2911 481 2976 Eusebius,
521 2912 781 2968 Jacobum
833 2914 1060 2970 fratrem
1105 2914 1352 2982 Joannis,
1389 2917 1649 2975 Iacobum
1678 2922 1776 2977 Al-

187 3005 458 3104 pliaei:_et
507 3002 772 3060 Jacobum
822 3005 1336 3104 fratrem'Domini,
1381 3025 1540 3081 quem
1585 3013 1661 3068 ait
1705 3014 1773 3070 ab
1804 3046 1846 3104 ο

186 3094 300 3162 ipso
319 3094 542 3150 Christo
563 3097 869 3166 episcopum
889 3095 1397 3168 Jerosolymitanum
1419 3105 1772 3161 constitutum

187 3186 369 3242 fuisse.
423 3185 584 3242 Hunc
613 3204 776 3258 porro
815 3190 989 3245 locum
1027 3191 1392 3264 Hieronymus
1432 3211 1499 3252 ex
1537 3196 1774 3255 Eusebio

188 3281 249 3334 ad
285 3282 514 3337 verbum
562 3298 724 3352 pene,
773 3293 834 3338 ut
866 3287 1068 3354 passim
1115 3287 1288 3352 solet,
1336 3289 1644 3352 transtulit.
1681 3292 1773 3361 qui

187 3381 362 3427 tamen
398 3389 524 3428 eam
570 3375 742 3445 ipsam
783 3377 1093 3446 Opinionem
1127 3379 1180 3433 in
1219 3379 1362 3436 libro
1403 3379 1602 3436 Contra
1643 3380 1774 3438 Hel-

184 3465 382 3518 vidium
427 3477 744 3537 oppugnat,
795 3469 1038 3540 duosque
1103 3481 1312 3527 tantum
1359 3471 1592 3530 Jacobos
1652 3489 1773 3531 esse

185 3555 448 3613 defendit.
475 3558 664 3614 Trium
699 3577 864 3632 porro
905 3562 1232 3620 Jacoborum
1260 3566 1569 3636 opinionem
1601 3567 1773 3625 Euse-

183 3650 303 3706 bius
345 3666 417 3706 ex
463 3651 703 3722 Origene
737 3664 1018 3710 mutuatus
1047 3656 1305 3712 videtur:
1339 3672 1462 3712 nam
1515 3659 1561 3714 is
1609 3675 1770 3730 quem

184 3743 282 3798 sibi
314 3743 554 3798 alterum
599 3743 720 3812 ejus
757 3747 1032 3816 opinionis
1071 3759 1355 3804 auctorem
1386 3750 1613 3806 ascribit
1665 3753 1770 3807 Eu-

183 3836 387 3903 sebius,
429 3836 529 3890 lib.
557 3851 594 3890 ll
637 3836 784 3892 Hist.
807 3839 959 3907 eccl.,
991 3855 1112 3911 cap.
1142 3841 1196 3909 i,
1233 3841 1490 3898 Clemens
1523 3845 1771 3900 videlicet

183 3927 610 3993 Alexandrinus,
640 3929 859 3986 Eusebii
898 3933 1187 3988 sententiae
1213 3933 1558 3998 adversatur,
1587 3936 1680 3990 δύο
1709 3937 1767 3991 δὲ

183 4018 439 4086 γεγόνασι
474 4018 745 4084 Ἰἀκωόοι,
777 4021 856 4076 sic
902 4021 1012 4088 ille,
1042 4020 1124 4088 εἷς
1153 4025 1182 4078 ὁ
1222 4023 1460 4088 δίκαιος’
1495 4025 1680 4098 ἕτερος
1711 4029 1768 4082 δὲ

183 4111 211 4163 ὁ
237 4111 650 4182 καρατομηθείς
688 4129 703 4166 :
747 4131 766 4164 ι
796 4113 913 4168 Duo
941 4121 1120 4168 autem
1177 4113 1363 4171 Jacobi
1404 4115 1590 4183 fuere;
1631 4118 1770 4174 alius

180 4199 374 4269 justus,
399 4217 426 4255 ι
476 4202 592 4257 sive
621 4202 830 4270 Minor;
883 4223 902 4256 ι
934 4205 1074 4261 alius
1108 4207 1201 4275 qui
1253 4207 1433 4277 capite
1486 4218 1766 4264 truncatus

183 4300 282 4356 est,
306 4310 328 4343 ι
359 4305 459 4346 seu
498 4291 692 4362 Major.
720 4292 831 4348 Nec
865 4293 1077 4350 felicius
1101 4299 1290 4351 eodem
1325 4296 1485 4363 libro,
1523 4313 1644 4369 cap.
1669 4299 1762 4365 25,

1886 1817 1977 1871 καὶ
2035 1817 2228 1888 Δανιὴλ
2271 1817 2432 1871 πάλιν
2477 1816 2653 1881 ἄλλος.
2701 1815 2938 1870 Τοιαῦτα
2985 1816 3114 1885 γοῦν
3165 1813 3466 1886 ἐπιγραφό-

1888 1925 2037 1978 μενοι
2108 1910 2346 1979 ὀνόματα
2406 1907 2498 1960 ἐπὶ
2550 1907 2609 1960 τὸ
2679 1907 2974 1979 μαρτύριον
3029 1905 3123 1960 τοῦ
3181 1906 3314 1959 Θεοῦ
3371 1907 3470 1961 σὺν

1885 2000 2064 2072 πολλῷ
2094 2001 2282 2073 θάρσει
2313 2001 2406 2054 καὶ
2441 2000 2722 2073 παρρησίᾳ
2756 1999 3037 2072 παρῄεσαν
3057 2016 3070 2029 ·
3107 1998 3143 2052 ἃ
3169 1998 3233 2070 δὴ
3266 1999 3468 2070 σημαί-

1881 2107 2046 2144 νουσα
2088 2092 2120 2161 ἡ
2155 2091 2460 2162 προφητεία
2505 2091 2701 2161 φησίν·
2742 2086 2930 2156 Οὗτος
2973 2089 3110 2158 ἐρεῖ·
3162 2089 3273 2144 Τοῦ
3319 2087 3468 2144 Θεοῦ

1881 2185 2018 2251 ειμι,
2043 2200 2096 2236 κ.
2124 2201 2173 2235 τ.
2201 2181 2251 2236 λ.
2279 2182 2391 2237 Hoc
2414 2192 2499 2236 est
2521 2203 2532 2237 :
2567 2203 2584 2234 ‹
2610 2182 2970 2253 Μὶτπίξριειιε
3000 2183 3146 2237 subit
3172 2180 3468 2252 prophetia:

1880 2277 1989 2330 vim
2026 2286 2080 2330 et
2106 2275 2426 2340 elIicaciam,
2456 2286 2513 2330 et
2545 2290 2707 2345 quam
2745 2289 2874 2329 vere
2899 2275 2978 2330 rei
3009 2284 3264 2329 eventum
3293 2274 3467 2329 oculis

1881 2365 2307 2436 perceperimus.
2355 2363 2490 2417 Nam
2521 2363 2572 2416 in
2609 2361 3078 2433 persecutionihus
3105 2371 3294 2428 nostro
3329 2371 3464 2416 tem-

1881 2471 2014 2526 pore
2040 2455 2351 2520 concitatis,
2377 2454 2576 2510 multos
2618 2469 2685 2509 ex
2721 2451 3043 2523 alienigenis
3088 2451 3338 2521 gentibus
3385 2451 3468 2506 vi-

1881 2550 2080 2613 dimus,
2129 2549 2219 2618 qui
2277 2557 2590 2604 sanctorum
2652 2546 2894 2600 virorum
2951 2547 3172 2600 nomina
3229 2557 3465 2613 usurpa-

1879 2639 2037 2705 bant;
2075 2639 2214 2694 alius
2247 2641 2446 2710 quippe
2474 2653 2595 2694 sese
2639 2637 2901 2694 Jacobum
2948 2636 3283 2706 appellabat;
3323 2638 3464 2693 alius

1879 2734 2157 2798 lsraelem,
2191 2733 2330 2788 alius
2377 2731 2705 2798 Jeremiam;
2752 2731 2840 2786 hic
2876 2729 3155 2795 liesaiam,
3205 2730 3310 2784 iste
3347 2727 3459 2785 Da-

1879 2825 2099 2882 nielem.
2153 2824 2366 2880 Etenim
2419 2825 2503 2879 his
2557 2824 2662 2879 sibi
2715 2823 2968 2894 ascriptis
3021 2821 3352 2887 nominibus,
3387 2821 3458 2876 ad

1880 2917 2200 2988 martyrium
2263 2931 2362 2986 pro
2413 2916 2524 2970 Deo
2580 2914 2921 2970 subeundum
2985 2927 3109 2968 cum
3160 2910 3358 2968 ﬁducia
3406 2919 3463 2967 et

1879 3009 2185 3066 constantia
2219 3008 2570 3063 accedebant.
2597 3006 2726 3074 Quae
2763 3005 3041 3077 prophetia
3067 3004 3295 3073 indicat,
3328 3004 3455 3060 dum

1880 3103 1958 3158 ait
2005 3122 2018 3156 :
2068 3102 2169 3156 Hic
2197 3102 2330 3154 dicet
2364 3117 2381 3153 :
2411 3101 2506 3154 Dei
2539 3115 2686 3166 sum,
2720 3109 2824 3154 etc.
2875 3118 2894 3152 ι
2967 3141 2972 3144 .

1986 3193 2045 3247 ν.
2073 3192 2362 3256 Principum
2383 3192 2688 3242 saecularium
2712 3203 2831 3254 erga
2857 3191 3132 3241 Ecclesiam
3163 3191 3340 3253 pietas.

1948 3273 2010 3332 In
2067 3277 2210 3332 hunc
2265 3292 2478 3332 versum
2537 3290 2659 3346 cap.
2710 3289 2837 3330 thx
2873 3293 2885 3330 :
2919 3293 2938 3326 ι
2974 3275 3039 3329 Ει
3091 3285 3254 3330 erunt
3303 3289 3460 3346 reges

1875 3370 2091 3426 nutritii
2124 3370 2230 3436 tui,
2266 3378 2321 3424 ct
2368 3368 2568 3438 reginae
2606 3367 2851 3423 nutrices
2897 3376 3041 3434 tute,
3067 3385 3087 3419 ι
3133 3366 3249 3422 haec
3291 3366 3458 3423 habet

1875 3463 2145 3518 Eusebius
2180 3469 2483 3517 memoratu
2537 3461 2700 3530 plane
2747 3459 2952 3530 digna:
2993 3477 3012 3510 ι
3043 3459 3197 3527 Quod
3241 3461 3310 3516 ad
3357 3461 3454 3516 lit-

1879 3564 2050 3611 teram
2085 3555 2368 3625 impletum
2420 3553 2552 3624 ipsis
2588 3551 2766 3608 oculis
2791 3552 3089 3620 cernimus,
3125 3555 3252 3608 dum
3292 3553 3330 3608 ii
3361 3553 3456 3622 qui

1874 3661 2188 3719 supremqu
2242 3645 2531 3718 imperium
2569 3644 2841 3711 obtinent,
2888 3644 3224 3711 Ecclesiam,
3274 3646 3453 3701 nutri-

1875 3741 2071 3794 tiorum
2107 3739 2302 3802 instar.
2348 3744 2563 3808 gestant
2589 3746 2646 3792 et
2682 3737 2912 3794 fovent:
2948 3753 3013 3793 ac
3064 3739 3266 3809 reginae
3313 3753 3452 3808 gen-

1873 3829 2026 3893 tium,
2059 3829 2111 3882 id
2146 3835 2250 3892 est,
2291 3826 2628 3897 singularum
2675 3827 2914 3897 gentium
2960 3835 3015 3883 et
3046 3828 3452 3897 provinciarum

1871 3925 2248 3994 magistratus,
2292 3936 2528 3992 superno
2569 3921 2682 3991 regi
2733 3922 3144 3989 ministrantes,
3192 3931 3452 3996 tanquam

1870 4015 2134 4079 nutrices,
2191 4013 2520 4084 pauperibus
2579 4012 2838 4069 Ecclesiae
2892 4014 3247 4085 imperatorio
3313 4023 3452 4072 nutu

1867 4121 2134 4162 annonam
2185 4104 2574 4175 suppeditant:
2607 4119 2778 4175 quare
2819 4105 3060 4162 nutrices
3084 4106 3212 4177 ,ejus
3251 4121 3454 4164 vocan-

1869 4206 1988 4262 tur;
2019 4197 2132 4252 sive
2158 4195 2453 4251 secundum
2473 4195 2880 4266 Symmachum,
2905 4215 2924 4249 ι
2950 4196 3034 4253 lac
3061 4199 3400 4268 praebentes;
3423 4217 3448 4254 ι

1867 4290 1946 4344 sic
1988 4290 2132 4344 enim
2167 4287 2332 4343 habet
2387 4306 2400 4342 :
2445 4287 2513 4341 Et
2557 4287 2750 4358 reginis
2789 4305 2970 4360 eorum
3004 4291 3087 4346 lac
3121 4293 3447 4350 vrwbebutrt.

183 4380 546 4452 Hegesippum
572 4393 632 4436 ut
658 4383 760 4438 sibi
792 4384 1177 4455 astipulantem
1202 4385 1378 4442 aﬂ'ert.
1410 4386 1501 4443 Ille
1531 4405 1765 4461 namque
1799 4390 1842 4444 D
1871 4382 2004 4448 QUiS
2033 4391 2213 4437 amem
2264 4389 2590 4436 memor-“05
2635 4379 2919 4451 meecws
2968 4398 3200 4442 cernens
3254 4387 3310 4442 in
3358 4401 3452 4444 εθ-

178 4469 442 4528 Jacobum
489 4475 707 4544 quidem
754 4491 876 4532 cum
923 4476 1182 4548 apostolis
1218 4477 1517 4536 Ecclesiam
1549 4480 1768 4538 Jernsoo

181 4567 498 4639 lymitanam
534 4571 742 4626 rexisse
785 4571 895 4637 ait,
939 4587 1042 4628 nec
1076 4574 1198 4629 ideo
1246 4583 1425 4630 tamen
1474 4576 1647 4645 ipsum
1697 4593 1765 4634 ex

181 4661 247 4714 12
280 4663 657 4732 apostolorum
702 4679 930 4720 numero
971 4679 1080 4720 non
1127 4665 1317 4734 fuisse,
1358 4668 1447 4725 vel
1500 4671 1762 4738 declarat,

179 4753 258 4807 vel
291 4755 497 4808 innuit.
529 4752 682 4820 Quod
723 4771 853 4811 vero
885 4757 938 4811 in
967 4755 1401 4817 Commentariis
1435 4761 1488 4816 in
1515 4761 1764 4820 Psalmos

178 4844 254 4897 ait
302 4844 598 4910 Eusebius,
628 4847 772 4900 haud
805 4847 1025 4904 diﬂicile
1059 4865 1180 4906 esse
1223 4851 1490 4921 cujusque
1542 4863 1763 4923 aposto-

180 4931 354 4987 lorum
407 4935 608 4988 tribum
657 4939 971 5007 assignare,
1013 4940 1102 4994 hic
1150 4940 1478 4996 confirmare
1527 4943 1760 5011 videtur,

182 5025 306 5077 dum
347 5025 429 5078 ait
479 5023 676 5080 Judam
743 5030 1044 5098 apostolum
1096 5031 1433 5101 proditorem
1491 5047 1560 5089 ex
1619 5035 1762 5090 tribu

185 5114 442 5183 Ephraim
472 5117 664 5174 fuisse.

323 5231 408 5280 iV.
437 5233 712 5295 Singularis
735 5235 935 5286 Eusebii
956 5237 1018 5286 de
1045 5238 1341 5300 martyribus
1362 5243 1594 5291 narratio.

253 5315 546 5384 Singulare
598 5332 822 5386 prorsus
864 5330 949 5374 est
991 5321 1134 5389 quod
1172 5322 1338 5378 habet
1382 5324 1652 5381 Eusebius
1697 5325 1764 5382 de

187 5406 250 5462 iis
294 5409 423 5478 qui,
468 5424 534 5463 ex
567 5411 859 5477 gentilibus
891 5413 958 5467 ad
996 5414 1153 5470 ﬁdem
1203 5417 1484 5483 conversi,
1516 5420 1581 5472 ad
1615 5433 1762 5472 mar-

190 5501 379 5568 tyrium
427 5503 791 5568 accedebant;
842 5507 985 5574 quod
1016 5509 1246 5576 scilicet,
1280 5510 1516 5580 propriis
1568 5512 1762 5582 positis

192 5591 512 5657 nominibus,
541 5594 842 5664 priscorum
879 5600 1316 5668 patriarcharum
1362 5611 1418 5656 et
1462 5603 1758 5672 propheta-

195 5694 302 5735 rum
339 5686 630 5749 vocabula,
678 5689 744 5745 ad
789 5705 978 5748 necem
1014 5707 1112 5750 pro
1157 5691 1376 5752 Christo
1426 5695 1760 5754 subeundam

1869 4474 2032 4528 clesia
2067 4473 2160 4527 Dei
2193 4487 2368 4542 genua
2409 4471 2650 4538 flectere,
2680 4489 2745 4528 ac
2779 4475 2836 4528 in
2866 4473 3106 4531 frontem
3137 4475 3289 4532 humi
3327 4486 3448 4550 pro-

1868 4564 2158 4628 cumbere,
2201 4577 2307 4618 non
2369 4564 2604 4619 fateatur
2654 4563 2796 4622 hanc
2847 4567 3188 4636 prophetiam
3243 4569 3313 4625 ad
3355 4569 3444 4626 lit-

1869 4664 2039 4710 teram
2083 4655 2408 4724 completam
2461 4673 2618 4724 esse,
2666 4675 2772 4730 qua
2818 4660 3021 4716 diserte
3068 4661 3180 4716 ait:
3210 4680 3230 4716 ι
3269 4662 3449 4735 Super

1868 4749 2061 4805 faciem
2085 4757 2242 4804 terra:
2269 4749 2571 4806 adorabunt
2594 4761 2669 4816 te,
2695 4762 2752 4808 et
2787 4753 3062 4822 pulverem
3113 4754 3447 4824 pedumtuoc

1874 4858 1996 4897 rum
2023 4842 2281 4913 lingent.»
2319 4842 2416 4898 Ubi
2442 4843 2592 4899 vides
2622 4845 2750 4900 item
2782 4861 2991 4902 morem
3011 4845 3444 4916 genuﬂectendi,

1867 4950 1932 4990 ac
1960 4934 2014 4989 in
2049 4945 2249 4990 terram
2285 4937 2698 5004 procumbendi,
2735 4939 2823 4995 hic
2854 4951 2915 4995 ut
2944 4940 2998 4995 in
3025 4939 3445 4998 Commentariis

1866 5024 1920 5079 in
1967 5024 2214 5081 Psalmos
2245 5025 2550 5096 pmdicari.

2577 5115 2607 5188 θ
2647 5117 2736 5173 tv.

1865 5206 1909 5262 Ι.
1946 5206 2276 5283 ΠειιιιενοεεεΔ
2299 5206 2724 5283 ,Ιιιιιςεοιοιηηι-ῌ.
2763 5208 2840 5283 ρο
2873 5210 3194 5283 patriarghis
3221 5220 3273 5264 et
3316 5228 3448 5283 apo-

1935 5277 2084 5335 stolis
2136 5279 2276 5346 apud
2319 5277 2556 5331 Iudaeos.
2619 5277 2705 5332 Ill.
2754 5279 3012 5334 Eusebius
3067 5279 3292 5337 Hel:er
3344 5277 3446 5337 i10-

1935 5358 2076 5487 ptore
2115 5358 2190 5400 est
2224 5365 2370 5401 usus.
2404 5347 2490 5402 1V.
2518 5348 2604 5400 Ait
2646 5358 2840 5403 terram
2874 5367 2976 5404 nou
3022 5367 3132 5406 esse
3185 5354 3448 5424 sphwrica

1961 5434 2126 5471 arma.

2293 5509 2332 5559 Ι.
2368 5509 2676 5560 Deuteroses
2707 5512 3006 5564 Iudaeorum.

1936 5594 2152 5653 Judaaos
2187 5610 2506 5668 plerumque
2541 5599 2856 5668 insectatur,
2886 5603 3000 5673 qui,
3027 5605 3253 5660 dimisso
3289 5602 3441 5659 Scri-

1865 5700 2151 5762 pturarum
2186 5707 2318 5752 vero
2368 5693 2606 5764 tramite,
2643 5713 2663 5748 ι
2693 5694 2964 5756 fabulosas
3015 5699 3328 5757 deuteroses
3370 5697 3438 5753 ad
