  <div class='ocr_page' id='page_1' title='image "/cluster/home/n/w/nwhite01/storage/ocr_20150623/24/nnc1.0046978259/053.png"; bbox 0 0 3850 6210; ppageno 0'>
   <div class='ocr_carea' id='block_1_1' title="bbox 401 248 3655 311">
    <p class='ocr_par' dir='ltr' id='par_1_1' title="bbox 401 248 3655 311">
     <span class='ocr_line' id='line_1_1' title="bbox 401 248 3655 311; baseline 0 -1"><span class='ocrx_word' id='word_1_1' title='bbox 401 256 469 310; x_wconf 76' lang='grc'><strong>87</strong></span> <span class='ocrx_word' id='word_1_2' title='bbox 1082 252 1352 310; x_wconf 73' lang='lat' dir='ltr'><strong>EUSEBI‘I</strong></span> <span class='ocrx_word' id='word_1_3' title='bbox 1388 252 1868 311; x_wconf 69' lang='lat' dir='ltr'><strong>CESARIE’NSIS</strong></span> <span class='ocrx_word' id='word_1_4' title='bbox 1906 250 2057 307; x_wconf 79' lang='lat' dir='ltr'><strong>OPP.</strong></span> <span class='ocrx_word' id='word_1_5' title='bbox 2103 250 2280 306; x_wconf 81' lang='lat' dir='ltr'><strong>PARS</strong></span> <span class='ocrx_word' id='word_1_6' title='bbox 2317 248 2406 304; x_wconf 85' lang='lat' dir='ltr'><strong>Ill.</strong></span> <span class='ocrx_word' id='word_1_7' title='bbox 2448 281 2517 290; x_wconf 89' lang='lat'><strong>—</strong></span> <span class='ocrx_word' id='word_1_8' title='bbox 2554 249 2965 308; x_wconf 75' lang='lat' dir='ltr'><strong>EXEGETICA.</strong></span> <span class='ocrx_word' id='word_1_9' title='bbox 3578 256 3655 311; x_wconf 78' lang='lat'><strong>88</strong></span> 
     </span>
    </p>
   </div>
   <div class='ocr_carea' id='block_1_2' title="bbox 403 366 3649 445">
    <p class='ocr_par' dir='ltr' id='par_1_2' title="bbox 403 366 3649 445">
     <span class='ocr_line' id='line_1_2' title="bbox 403 366 3649 445; baseline -0.001 -19"><span class='ocrx_word' id='word_1_10' title='bbox 403 372 650 428; x_wconf 78' lang='lat' dir='ltr'><strong>lectionis</strong></span> <span class='ocrx_word' id='word_1_11' title='bbox 681 371 1099 441; x_wconf 74' lang='lat' dir='ltr'><strong>explicationem</strong></span> <span class='ocrx_word' id='word_1_12' title='bbox 1130 372 1470 426; x_wconf 73' lang='lat' dir='ltr'><strong>adhiberent.</strong></span> <span class='ocrx_word' id='word_1_13' title='bbox 1504 370 1766 425; x_wconf 87' lang='lat' dir='ltr'><strong>Doctores</strong></span> <span class='ocrx_word' id='word_1_14' title='bbox 1798 382 1975 422; x_wconf 85' lang='lat' dir='ltr'><strong>autem</strong></span> <span class='ocrx_word' id='word_1_15' title='bbox 2006 373 2051 429; x_wconf 80' lang='grc' dir='ltr'><strong>Α</strong></span> <span class='ocrx_word' id='word_1_16' title='bbox 2080 366 2289 419; x_wconf 86' lang='lat' dir='ltr'><strong>videtur</strong></span> <span class='ocrx_word' id='word_1_17' title='bbox 2324 366 2651 435; x_wconf 75' lang='lat' dir='ltr'><strong>Epiphanius</strong></span> <span class='ocrx_word' id='word_1_18' title='bbox 2684 367 2815 421; x_wconf 75' lang='lat' dir='ltr'><strong>hzer.</strong></span> <span class='ocrx_word' id='word_1_19' title='bbox 2845 384 3040 432; x_wconf 79' lang='lat' dir='ltr'><strong>xxxm,</strong></span> <span class='ocrx_word' id='word_1_20' title='bbox 3072 386 3221 423; x_wconf 91' lang='lat' dir='ltr'><strong>num.</strong></span> <span class='ocrx_word' id='word_1_21' title='bbox 3250 372 3317 425; x_wconf 77' lang='lat'><strong>4:</strong></span> <span class='ocrx_word' id='word_1_22' title='bbox 3352 374 3518 435; x_wconf 56' lang='lat' dir='ltr'><strong>Gil-ro;</strong></span> <span class='ocrx_word' id='word_1_23' title='bbox 3539 374 3649 445; x_wconf 82' lang='grc' dir='ltr'><strong>γὰρ</strong></span> 
     </span>
    </p>
   </div>
   <div class='ocr_carea' id='block_1_3' title="bbox 398 454 1949 534">
    <p class='ocr_par' dir='ltr' id='par_1_3' title="bbox 398 463 1949 534">
     <span class='ocr_line' id='line_1_3' title="bbox 398 463 1949 534; baseline -0.001 -17"><span class='ocrx_word' id='word_1_24' title='bbox 398 468 659 534; x_wconf 87' lang='lat' dir='ltr'><strong>ipsorum,</strong></span> <span class='ocrx_word' id='word_1_25' title='bbox 684 465 775 534; x_wconf 89' lang='lat' dir='ltr'><strong>qui</strong></span> <span class='ocrx_word' id='word_1_26' title='bbox 818 463 1120 518; x_wconf 86' lang='lat' dir='ltr'><strong>doctrinam</strong></span> <span class='ocrx_word' id='word_1_27' title='bbox 1175 464 1638 532; x_wconf 83' lang='lat' dir='ltr'><strong>cauponabantnr,</strong></span> <span class='ocrx_word' id='word_1_28' title='bbox 1679 476 1709 516; x_wconf 91' lang='lat' dir='ltr'><strong>e</strong></span> <span class='ocrx_word' id='word_1_29' title='bbox 1743 476 1800 516; x_wconf 85' lang='lat' dir='ltr'><strong>re</strong></span> <span class='ocrx_word' id='word_1_30' title='bbox 1842 477 1949 516; x_wconf 21' lang='lat' dir='ltr'><strong>caua</strong></span> 
     </span>
    </p>
   </div>
   <div class='ocr_carea' id='block_1_4' title="bbox 2055 454 3651 534">
    <p class='ocr_par' dir='ltr' id='par_1_4' title="bbox 2072 454 3651 530">
     <span class='ocr_line' id='line_1_4' title="bbox 2072 454 3651 530; baseline 0.003 -22"><span class='ocrx_word' id='word_1_31' title='bbox 2072 458 2101 508; x_wconf 86' lang='grc' dir='ltr'>ὁ</span> <span class='ocrx_word' id='word_1_32' title='bbox 2141 454 2399 526; x_wconf 76' lang='grc' dir='ltr'>Ἰώσηπος</span> <span class='ocrx_word' id='word_1_33' title='bbox 2449 456 2554 507; x_wconf 83' lang='grc' dir='ltr'><strong>τῶν</strong></span> <span class='ocrx_word' id='word_1_34' title='bbox 2606 457 2736 527; x_wconf 88' lang='grc' dir='ltr'>παρ’</span> <span class='ocrx_word' id='word_1_35' title='bbox 2768 457 2949 519; x_wconf 78' lang='grc' dir='ltr'>αὐτοῖς</span> <span class='ocrx_word' id='word_1_36' title='bbox 2998 454 3381 527; x_wconf 82' lang='grc' dir='ltr'><strong>ἀξιωματικῶν</strong></span> <span class='ocrx_word' id='word_1_37' title='bbox 3437 460 3651 530; x_wconf 80' lang='grc' dir='ltr'>ἀνδρῶν</span> 
     </span>
    </p>
   </div>
   <div class='ocr_carea' id='block_1_5' title="bbox 396 552 1969 624">
    <p class='ocr_par' dir='ltr' id='par_1_5' title="bbox 396 552 1969 624">
     <span class='ocr_line' id='line_1_5' title="bbox 396 552 1969 624; baseline -0.003 -15"><span class='ocrx_word' id='word_1_38' title='bbox 396 571 563 623; x_wconf 91' lang='lat' dir='ltr'><strong>pones</strong></span> <span class='ocrx_word' id='word_1_39' title='bbox 591 555 721 610; x_wconf 92' lang='lat' dir='ltr'><strong>dicti</strong></span> <span class='ocrx_word' id='word_1_40' title='bbox 754 563 919 609; x_wconf 88' lang='lat' dir='ltr'><strong>sunt:</strong></span> <span class='ocrx_word' id='word_1_41' title='bbox 954 554 1046 624; x_wconf 86' lang='lat' dir='ltr'><strong>qui</strong></span> <span class='ocrx_word' id='word_1_42' title='bbox 1078 554 1261 607; x_wconf 89' lang='lat' dir='ltr'><strong>vinum</strong></span> <span class='ocrx_word' id='word_1_43' title='bbox 1296 569 1435 623; x_wconf 87' lang='lat' dir='ltr'><strong>aqua</strong></span> <span class='ocrx_word' id='word_1_44' title='bbox 1478 553 1802 616; x_wconf 80' lang='lat' dir='ltr'><strong>miscebant,</strong></span> <span class='ocrx_word' id='word_1_45' title='bbox 1842 552 1969 606; x_wconf 93' lang='lat' dir='ltr'><strong>dum</strong></span> 
     </span>
    </p>
   </div>
   <div class='ocr_carea' id='block_1_6' title="bbox 393 644 1968 715">
    <p class='ocr_par' dir='ltr' id='par_1_6' title="bbox 393 644 1968 715">
     <span class='ocr_line' id='line_1_6' title="bbox 393 644 1968 715; baseline -0.003 -14"><span class='ocrx_word' id='word_1_46' title='bbox 393 661 647 701; x_wconf 85' lang='lat' dir='ltr'><strong>sermone</strong></span> <span class='ocrx_word' id='word_1_47' title='bbox 692 646 747 701; x_wconf 81' lang='lat' dir='ltr'><strong>in</strong></span> <span class='ocrx_word' id='word_1_48' title='bbox 783 660 978 715; x_wconf 90' lang='lat' dir='ltr'><strong>aquam</strong></span> <span class='ocrx_word' id='word_1_49' title='bbox 1031 644 1287 710; x_wconf 87' lang='lat' dir='ltr'><strong>resoluto,</strong></span> <span class='ocrx_word' id='word_1_50' title='bbox 1329 659 1533 699; x_wconf 91' lang='lat' dir='ltr'><strong>meram</strong></span> <span class='ocrx_word' id='word_1_51' title='bbox 1575 654 1629 699; x_wconf 92' lang='lat' dir='ltr'><strong>et</strong></span> <span class='ocrx_word' id='word_1_52' title='bbox 1659 644 1968 699; x_wconf 85' lang='lat' dir='ltr'><strong>restrictam</strong></span> 
     </span>
    </p>
   </div>
   <div class='ocr_carea' id='block_1_7' title="bbox 391 736 1968 806">
    <p class='ocr_par' dir='ltr' id='par_1_7' title="bbox 391 736 1968 806">
     <span class='ocr_line' id='line_1_7' title="bbox 391 736 1968 806; baseline -0.003 -14"><span class='ocrx_word' id='word_1_53' title='bbox 391 739 701 793; x_wconf 89' lang='lat' dir='ltr'><strong>divinarum</strong></span> <span class='ocrx_word' id='word_1_54' title='bbox 756 736 1160 806; x_wconf 87' lang='lat' dir='ltr'><strong>Scripturarum</strong></span> <span class='ocrx_word' id='word_1_55' title='bbox 1224 748 1503 801; x_wconf 79' lang='lat' dir='ltr'><strong>mentem,</strong></span> <span class='ocrx_word' id='word_1_56' title='bbox 1553 751 1650 805; x_wconf 92' lang='lat' dir='ltr'><strong>per</strong></span> <span class='ocrx_word' id='word_1_57' title='bbox 1689 749 1968 791; x_wconf 89' lang='lat' dir='ltr'><strong>commen-</strong></span> 
     </span>
    </p>
   </div>
   <div class='ocr_carea' id='block_1_8' title="bbox 393 826 1968 895">
    <p class='ocr_par' dir='ltr' id='par_1_8' title="bbox 393 826 1968 895">
     <span class='ocr_line' id='line_1_8' title="bbox 393 826 1968 895; baseline -0.003 -12"><span class='ocrx_word' id='word_1_58' title='bbox 393 830 541 884; x_wconf 88' lang='lat' dir='ltr'><strong>titias</strong></span> <span class='ocrx_word' id='word_1_59' title='bbox 597 844 726 885; x_wconf 87' lang='lat' dir='ltr'><strong>suas</strong></span> <span class='ocrx_word' id='word_1_60' title='bbox 794 830 1113 887; x_wconf 89' lang='lat' dir='ltr'><strong>deuteroses</strong></span> <span class='ocrx_word' id='word_1_61' title='bbox 1177 828 1466 884; x_wconf 67' lang='lat' dir='ltr'><strong>foedarent.</strong></span> <span class='ocrx_word' id='word_1_62' title='bbox 1499 845 1518 879; x_wconf 71' lang='grc' dir='ltr'>ι</span> <span class='ocrx_word' id='word_1_63' title='bbox 1577 826 1745 882; x_wconf 82' lang='lat' dir='ltr'><strong>Erant</strong></span> <span class='ocrx_word' id='word_1_64' title='bbox 1805 840 1968 895; x_wconf 85' lang='lat' dir='ltr'><strong>porro</strong></span> 
     </span>
    </p>
   </div>
   <div class='ocr_carea' id='block_1_9' title="bbox 390 918 1967 989">
    <p class='ocr_par' dir='ltr' id='par_1_9' title="bbox 390 918 1967 989">
     <span class='ocr_line' id='line_1_9' title="bbox 390 918 1967 989; baseline -0.001 -15"><span class='ocrx_word' id='word_1_65' title='bbox 390 922 737 987; x_wconf 85' lang='lat' dir='ltr'><strong>deuteroses,</strong></span> <span class='ocrx_word' id='word_1_66' title='bbox 787 922 903 977; x_wconf 83' lang='lat' dir='ltr'><strong>sive</strong></span> <span class='ocrx_word' id='word_1_67' title='bbox 949 920 1203 976; x_wconf 78' lang='lat' dir='ltr'><strong>secundae</strong></span> <span class='ocrx_word' id='word_1_68' title='bbox 1256 921 1612 987; x_wconf 81' lang='lat' dir='ltr'><strong>traditiones,</strong></span> <span class='ocrx_word' id='word_1_69' title='bbox 1670 918 1967 989; x_wconf 88' lang='lat' dir='ltr'><strong>Epiphanio</strong></span> 
     </span>
    </p>
   </div>
   <div class='ocr_carea' id='block_1_10' title="bbox 393 1008 1967 1080">
    <p class='ocr_par' dir='ltr' id='par_1_10' title="bbox 393 1008 1967 1080">
     <span class='ocr_line' id='line_1_10' title="bbox 393 1008 1967 1080; baseline 0.001 -18"><span class='ocrx_word' id='word_1_70' title='bbox 393 1018 529 1066; x_wconf 85' lang='lat' dir='ltr'><strong>teste</strong></span> <span class='ocrx_word' id='word_1_71' title='bbox 559 1012 691 1066; x_wconf 75' lang='lat' dir='ltr'><strong>haer.</strong></span> <span class='ocrx_word' id='word_1_72' title='bbox 722 1026 917 1075; x_wconf 82' lang='lat' dir='ltr'><strong>xxxm,</strong></span> <span class='ocrx_word' id='word_1_73' title='bbox 952 1028 1005 1065; x_wconf 85' lang='grc' dir='ltr'><strong>ιι.</strong></span> <span class='ocrx_word' id='word_1_74' title='bbox 1031 1011 1088 1077; x_wconf 84' lang='lat'><strong>9,</strong></span> <span class='ocrx_word' id='word_1_75' title='bbox 1116 1010 1481 1080; x_wconf 80' lang='lat' dir='ltr'><strong>quadruplicis</strong></span> <span class='ocrx_word' id='word_1_76' title='bbox 1504 1008 1745 1078; x_wconf 80' lang='lat' dir='ltr'><strong>generis;</strong></span> <span class='ocrx_word' id='word_1_77' title='bbox 1779 1010 1967 1079; x_wconf 78' lang='lat' dir='ltr'><strong>primae</strong></span> 
     </span>
    </p>
   </div>
   <div class='ocr_carea' id='block_1_11' title="bbox 312 1097 1963 1170">
    <p class='ocr_par' dir='ltr' id='par_1_11' title="bbox 312 1097 1963 1170">
     <span class='ocr_line' id='line_1_11' title="bbox 312 1097 1963 1170; baseline -0.001 -17"><span class='ocrx_word' id='word_1_78' title='bbox 312 1124 321 1133; x_wconf 87' lang='lat'><strong>-</strong></span> <span class='ocrx_word' id='word_1_79' title='bbox 392 1099 593 1170; x_wconf 68' lang='lat' dir='ltr'><strong>l-loysis</strong></span> <span class='ocrx_word' id='word_1_80' title='bbox 628 1100 849 1156; x_wconf 90' lang='lat' dir='ltr'><strong>nomine</strong></span> <span class='ocrx_word' id='word_1_81' title='bbox 884 1100 1446 1165; x_wconf 85' lang='lat' dir='ltr'><strong>circumferebantur;</strong></span> <span class='ocrx_word' id='word_1_82' title='bbox 1491 1101 1743 1153; x_wconf 65' lang='lat' dir='ltr'><strong>secunda:</strong></span> <span class='ocrx_word' id='word_1_83' title='bbox 1793 1097 1963 1153; x_wconf 79' lang='lat' dir='ltr'><strong>Rabbi</strong></span> 
     </span>
    </p>
   </div>
   <div class='ocr_carea' id='block_1_12' title="bbox 392 1182 1964 1253">
    <p class='ocr_par' dir='ltr' id='par_1_12' title="bbox 392 1182 1964 1253">
     <span class='ocr_line' id='line_1_12' title="bbox 392 1182 1964 1253; baseline 0.001 -17"><span class='ocrx_word' id='word_1_84' title='bbox 392 1184 628 1250; x_wconf 79' lang='grc' dir='ltr'>’Λκιϐας</span> <span class='ocrx_word' id='word_1_85' title='bbox 662 1185 833 1239; x_wconf 56' lang='lat' dir='ltr'><strong>tertia;</strong></span> <span class='ocrx_word' id='word_1_86' title='bbox 861 1184 1049 1252; x_wconf 64' lang='lat' dir='ltr'><strong>Addas,</strong></span> <span class='ocrx_word' id='word_1_87' title='bbox 1114 1185 1231 1239; x_wconf 80' lang='lat' dir='ltr'><strong>sive</strong></span> <span class='ocrx_word' id='word_1_88' title='bbox 1264 1183 1448 1249; x_wconf 70' lang='lat' dir='ltr'><strong>Judae;</strong></span> <span class='ocrx_word' id='word_1_89' title='bbox 1485 1192 1690 1253; x_wconf 67' lang='lat' dir='ltr'><strong>quartae</strong></span> <span class='ocrx_word' id='word_1_90' title='bbox 1729 1182 1964 1237; x_wconf 80' lang='lat' dir='ltr'><strong>filiorum</strong></span> 
     </span>
    </p>
   </div>
   <div class='ocr_carea' id='block_1_13' title="bbox 384 1274 1965 1332">
    <p class='ocr_par' dir='ltr' id='par_1_13' title="bbox 384 1274 1965 1332">
     <span class='ocr_line' id='line_1_13' title="bbox 384 1274 1965 1332; baseline -0.001 -2"><span class='ocrx_word' id='word_1_91' title='bbox 384 1278 716 1331; x_wconf 77' lang='lat' dir='ltr'><strong>Assamonzei</strong></span> <span class='ocrx_word' id='word_1_92' title='bbox 760 1286 936 1332; x_wconf 87' lang='lat' dir='ltr'><strong>erant.</strong></span> <span class='ocrx_word' id='word_1_93' title='bbox 967 1276 1309 1331; x_wconf 88' lang='lat' dir='ltr'><strong>Traditiones</strong></span> <span class='ocrx_word' id='word_1_94' title='bbox 1350 1274 1467 1330; x_wconf 88' lang='lat' dir='ltr'><strong>illas</strong></span> <span class='ocrx_word' id='word_1_95' title='bbox 1505 1275 1717 1331; x_wconf 69' lang='lat' dir='ltr'><strong>Hebraai</strong></span> <span class='ocrx_word' id='word_1_96' title='bbox 1767 1284 1965 1331; x_wconf 88' lang='lat' dir='ltr'><strong>vocant</strong></span> 
     </span>
    </p>
   </div>
   <div class='ocr_carea' id='block_1_14' title="bbox 383 1369 1965 1439">
    <p class='ocr_par' dir='ltr' id='par_1_14' title="bbox 383 1369 1965 1439">
     <span class='ocr_line' id='line_1_14' title="bbox 383 1369 1965 1439; baseline -0.004 -10"><span class='ocrx_word' id='word_1_97' title='bbox 383 1376 572 1437; x_wconf 70' lang='lat' dir='ltr'><strong>rem,</strong></span> <span class='ocrx_word' id='word_1_98' title='bbox 606 1369 804 1436; x_wconf 78' lang='lat' dir='ltr'><strong>Misna,</strong></span> <span class='ocrx_word' id='word_1_99' title='bbox 834 1370 978 1439; x_wconf 88' lang='lat' dir='ltr'><strong>quod</strong></span> <span class='ocrx_word' id='word_1_100' title='bbox 1029 1369 1171 1425; x_wconf 91' lang='lat' dir='ltr'><strong>idem</strong></span> <span class='ocrx_word' id='word_1_101' title='bbox 1210 1378 1367 1423; x_wconf 86' lang='lat' dir='ltr'><strong>sonat</strong></span> <span class='ocrx_word' id='word_1_102' title='bbox 1399 1376 1562 1439; x_wconf 90' lang='lat' dir='ltr'><strong>atque</strong></span> <span class='ocrx_word' id='word_1_103' title='bbox 1592 1369 1822 1423; x_wconf 81' lang='lat' dir='ltr'><strong>secunda</strong></span> <span class='ocrx_word' id='word_1_104' title='bbox 1860 1378 1965 1423; x_wconf 83' lang='lat' dir='ltr'><strong>tra-</strong></span> 
     </span>
    </p>
   </div>
   <div class='ocr_carea' id='block_1_15' title="bbox 384 1461 1961 1533">
    <p class='ocr_par' dir='ltr' id='par_1_15' title="bbox 384 1461 1961 1533">
     <span class='ocr_line' id='line_1_15' title="bbox 384 1461 1961 1533; baseline 0.002 -19"><span class='ocrx_word' id='word_1_105' title='bbox 384 1463 536 1515; x_wconf 79' lang='lat' dir='ltr'><strong>ditio.</strong></span> <span class='ocrx_word' id='word_1_106' title='bbox 568 1462 649 1517; x_wconf 88' lang='lat' dir='ltr'><strong>An</strong></span> <span class='ocrx_word' id='word_1_107' title='bbox 681 1478 843 1533; x_wconf 89' lang='lat' dir='ltr'><strong>porro</strong></span> <span class='ocrx_word' id='word_1_108' title='bbox 870 1462 973 1517; x_wconf 68' lang='lat' dir='ltr'><strong>illae</strong></span> <span class='ocrx_word' id='word_1_109' title='bbox 1002 1464 1070 1517; x_wconf 91' lang='lat' dir='ltr'><strong>ab</strong></span> <span class='ocrx_word' id='word_1_110' title='bbox 1103 1462 1342 1532; x_wconf 83' lang='lat' dir='ltr'><strong>antiquis</strong></span> <span class='ocrx_word' id='word_1_111' title='bbox 1379 1462 1610 1515; x_wconf 73' lang='lat' dir='ltr'><strong>laudata:</strong></span> <span class='ocrx_word' id='word_1_112' title='bbox 1647 1461 1961 1517; x_wconf 81' lang='lat' dir='ltr'><strong>traditiones</strong></span> 
     </span>
    </p>
   </div>
   <div class='ocr_carea' id='block_1_16' title="bbox 384 1555 1959 1624">
    <p class='ocr_par' dir='ltr' id='par_1_16' title="bbox 384 1555 1959 1624">
     <span class='ocr_line' id='line_1_16' title="bbox 384 1555 1959 1624; baseline 0.001 -15"><span class='ocrx_word' id='word_1_113' title='bbox 384 1555 585 1609; x_wconf 57' lang='lat' dir='ltr'><strong>eadem</strong></span> <span class='ocrx_word' id='word_1_114' title='bbox 640 1564 805 1624; x_wconf 89' lang='lat' dir='ltr'><strong>atque</strong></span> <span class='ocrx_word' id='word_1_115' title='bbox 858 1556 1135 1611; x_wconf 68' lang='lat' dir='ltr'><strong>hodiernae</strong></span> <span class='ocrx_word' id='word_1_116' title='bbox 1190 1556 1330 1621; x_wconf 89' lang='lat' dir='ltr'><strong>sint,</strong></span> <span class='ocrx_word' id='word_1_117' title='bbox 1389 1556 1692 1611; x_wconf 91' lang='lat' dir='ltr'><strong>edisserere</strong></span> <span class='ocrx_word' id='word_1_118' title='bbox 1736 1571 1841 1610; x_wconf 89' lang='lat' dir='ltr'><strong>non</strong></span> <span class='ocrx_word' id='word_1_119' title='bbox 1874 1564 1959 1613; x_wconf 90' lang='lat' dir='ltr'><strong>est</strong></span> 
     </span>
    </p>
   </div>
   <div class='ocr_carea' id='block_1_17' title="bbox 383 1647 852 1703">
    <p class='ocr_par' dir='ltr' id='par_1_17' title="bbox 383 1647 852 1703">
     <span class='ocr_line' id='line_1_17' title="bbox 383 1647 852 1703; baseline 0.002 -2"><span class='ocrx_word' id='word_1_120' title='bbox 383 1647 617 1702; x_wconf 85' lang='lat' dir='ltr'><strong>instituti</strong></span> <span class='ocrx_word' id='word_1_121' title='bbox 658 1648 852 1703; x_wconf 88' lang='lat' dir='ltr'><strong>nostri.</strong></span> 
     </span>
    </p>
   </div>
   <div class='ocr_carea' id='block_1_18' title="bbox 567 1760 1770 1826">
    <p class='ocr_par' dir='ltr' id='par_1_18' title="bbox 567 1760 1770 1826">
     <span class='ocr_line' id='line_1_18' title="bbox 567 1760 1770 1826; baseline 0.002 -17"><span class='ocrx_word' id='word_1_122' title='bbox 567 1760 630 1811; x_wconf 88' lang='lat' dir='ltr'><strong>ll.</strong></span> <span class='ocrx_word' id='word_1_123' title='bbox 654 1761 729 1811; x_wconf 90' lang='lat' dir='ltr'><strong>De</strong></span> <span class='ocrx_word' id='word_1_124' title='bbox 756 1763 1046 1824; x_wconf 86' lang='lat' dir='ltr'><strong>patriarchis</strong></span> <span class='ocrx_word' id='word_1_125' title='bbox 1072 1768 1125 1813; x_wconf 91' lang='lat' dir='ltr'><strong>et</strong></span> <span class='ocrx_word' id='word_1_126' title='bbox 1152 1763 1386 1825; x_wconf 85' lang='lat' dir='ltr'><strong>apostolis</strong></span> <span class='ocrx_word' id='word_1_127' title='bbox 1409 1764 1537 1826; x_wconf 91' lang='lat' dir='ltr'><strong>apud</strong></span> <span class='ocrx_word' id='word_1_128' title='bbox 1558 1764 1770 1813; x_wconf 69' lang='lat' dir='ltr'><strong>Judaaos.</strong></span> 
     </span>
    </p>
   </div>
   <div class='ocr_carea' id='block_1_19' title="bbox 449 1844 1957 1918">
    <p class='ocr_par' dir='ltr' id='par_1_19' title="bbox 449 1844 1957 1918">
     <span class='ocr_line' id='line_1_19' title="bbox 449 1844 1957 1918; baseline 0.002 -18"><span class='ocrx_word' id='word_1_129' title='bbox 449 1844 604 1912; x_wconf 83' lang='lat' dir='ltr'><strong>Quod</strong></span> <span class='ocrx_word' id='word_1_130' title='bbox 652 1846 718 1900; x_wconf 92' lang='lat' dir='ltr'><strong>ad</strong></span> <span class='ocrx_word' id='word_1_131' title='bbox 768 1847 1112 1916; x_wconf 79' lang='lat' dir='ltr'><strong>patriarchas</strong></span> <span class='ocrx_word' id='word_1_132' title='bbox 1150 1845 1499 1911; x_wconf 75' lang='lat' dir='ltr'><strong>Iudaeorum,</strong></span> <span class='ocrx_word' id='word_1_133' title='bbox 1549 1862 1671 1918; x_wconf 69' lang='lat' dir='ltr'><strong>qua:</strong></span> <span class='ocrx_word' id='word_1_134' title='bbox 1720 1846 1957 1918; x_wconf 77' lang='lat' dir='ltr'><strong>dignitas</strong></span> 
     </span>
    </p>
   </div>
   <div class='ocr_carea' id='block_1_20' title="bbox 380 1938 1957 2008">
    <p class='ocr_par' dir='ltr' id='par_1_20' title="bbox 380 1938 1957 2008">
     <span class='ocr_line' id='line_1_20' title="bbox 380 1938 1957 2008; baseline 0.001 -18"><span class='ocrx_word' id='word_1_135' title='bbox 380 1938 598 1992; x_wconf 82' lang='lat' dir='ltr'><strong>nonnisi</strong></span> <span class='ocrx_word' id='word_1_136' title='bbox 640 1945 763 2008; x_wconf 85' lang='lat' dir='ltr'><strong>post</strong></span> <span class='ocrx_word' id='word_1_137' title='bbox 800 1939 950 1994; x_wconf 83' lang='lat' dir='ltr'><strong>urbis</strong></span> <span class='ocrx_word' id='word_1_138' title='bbox 987 1938 1260 1993; x_wconf 78' lang='lat' dir='ltr'><strong>excidium</strong></span> <span class='ocrx_word' id='word_1_139' title='bbox 1292 1947 1549 2008; x_wconf 86' lang='lat' dir='ltr'><strong>usurpata</strong></span> <span class='ocrx_word' id='word_1_140' title='bbox 1595 1947 1835 2008; x_wconf 89' lang='lat' dir='ltr'><strong>putatur,</strong></span> <span class='ocrx_word' id='word_1_141' title='bbox 1867 1954 1957 1992; x_wconf 86' lang='lat' dir='ltr'><strong>eo-</strong></span> 
     </span>
    </p>
   </div>
   <div class='ocr_carea' id='block_1_21' title="bbox 376 2034 1957 2104">
    <p class='ocr_par' dir='ltr' id='par_1_21' title="bbox 376 2034 1957 2104">
     <span class='ocr_line' id='line_1_21' title="bbox 376 2034 1957 2104; baseline 0.003 -19"><span class='ocrx_word' id='word_1_142' title='bbox 376 2045 497 2085; x_wconf 80' lang='lat' dir='ltr'><strong>rum</strong></span> <span class='ocrx_word' id='word_1_143' title='bbox 547 2035 884 2090; x_wconf 85' lang='lat' dir='ltr'><strong>mentionem</strong></span> <span class='ocrx_word' id='word_1_144' title='bbox 937 2034 1069 2090; x_wconf 84' lang='lat' dir='ltr'><strong>facit</strong></span> <span class='ocrx_word' id='word_1_145' title='bbox 1123 2035 1389 2090; x_wconf 84' lang='lat' dir='ltr'><strong>Eusebius</strong></span> <span class='ocrx_word' id='word_1_146' title='bbox 1434 2034 1499 2089; x_wconf 89' lang='lat' dir='ltr'><strong>ad</strong></span> <span class='ocrx_word' id='word_1_147' title='bbox 1539 2043 1699 2104; x_wconf 89' lang='lat' dir='ltr'><strong>caput</strong></span> <span class='ocrx_word' id='word_1_148' title='bbox 1746 2034 1957 2089; x_wconf 76' lang='lat' dir='ltr'><strong>Hesaia:</strong></span> 
     </span>
    </p>
   </div>
   <div class='ocr_carea' id='block_1_22' title="bbox 376 2112 1956 2199">
    <p class='ocr_par' dir='ltr' id='par_1_22' title="bbox 376 2112 1956 2199">
     <span class='ocr_line' id='line_1_22' title="bbox 376 2112 1956 2199; baseline 0.003 -24"><span class='ocrx_word' id='word_1_149' title='bbox 376 2135 457 2187; x_wconf 75' lang='grc' dir='ltr'>ιιι,</span> <span class='ocrx_word' id='word_1_150' title='bbox 485 2138 538 2177; x_wconf 87' lang='lat' dir='ltr'><strong>v.</strong></span> <span class='ocrx_word' id='word_1_151' title='bbox 564 2126 618 2189; x_wconf 71' lang='lat'><strong>4,</strong></span> <span class='ocrx_word' id='word_1_152' title='bbox 654 2126 740 2181; x_wconf 88' lang='lat' dir='ltr'><strong>his</strong></span> <span class='ocrx_word' id='word_1_153' title='bbox 781 2112 1000 2182; x_wconf 79' lang='lat' dir='ltr'><strong>verbis:</strong></span> <span class='ocrx_word' id='word_1_154' title='bbox 1028 2127 1124 2189; x_wconf 85' lang='grc' dir='ltr'>Τίς</span> <span class='ocrx_word' id='word_1_155' title='bbox 1166 2122 1257 2181; x_wconf 74' lang='grc' dir='ltr'><strong>οὖν</strong></span> <span class='ocrx_word' id='word_1_156' title='bbox 1286 2127 1427 2199; x_wconf 87' lang='grc' dir='ltr'>ὀρῶν</span> <span class='ocrx_word' id='word_1_157' title='bbox 1468 2128 1596 2191; x_wconf 82' lang='grc' dir='ltr'>τοὺς</span> <span class='ocrx_word' id='word_1_158' title='bbox 1639 2127 1789 2199; x_wconf 78' lang='grc' dir='ltr'>παρὰ</span> <span class='ocrx_word' id='word_1_159' title='bbox 1826 2129 1956 2181; x_wconf 85' lang='grc' dir='ltr'>Ἰου-</span> 
     </span>
    </p>
   </div>
   <div class='ocr_carea' id='block_1_23' title="bbox 376 2213 1955 2291">
    <p class='ocr_par' dir='ltr' id='par_1_23' title="bbox 376 2213 1955 2291">
     <span class='ocr_line' id='line_1_23' title="bbox 376 2213 1955 2291; baseline 0.005 -25"><span class='ocrx_word' id='word_1_160' title='bbox 376 2213 544 2279; x_wconf 83' lang='grc' dir='ltr'>δαίοις</span> <span class='ocrx_word' id='word_1_161' title='bbox 584 2216 1020 2288; x_wconf 78' lang='grc' dir='ltr'><strong>ὀνομαζομένους</strong></span> <span class='ocrx_word' id='word_1_162' title='bbox 1058 2220 1432 2291; x_wconf 80' lang='grc' dir='ltr'><strong>πατριάρχας,</strong></span> <span class='ocrx_word' id='word_1_163' title='bbox 1469 2219 1785 2283; x_wconf 80' lang='grc' dir='ltr'>νεανίσκους</span> <span class='ocrx_word' id='word_1_164' title='bbox 1824 2219 1955 2291; x_wconf 80' lang='grc' dir='ltr'>άλη-</span> 
     </span>
    </p>
   </div>
   <div class='ocr_carea' id='block_1_24' title="bbox 374 2304 1954 2385">
    <p class='ocr_par' dir='ltr' id='par_1_24' title="bbox 374 2304 1954 2385">
     <span class='ocr_line' id='line_1_24' title="bbox 374 2304 1954 2385; baseline 0.006 -27"><span class='ocrx_word' id='word_1_165' title='bbox 374 2304 501 2370; x_wconf 78' lang='grc' dir='ltr'>οῶς,</span> <span class='ocrx_word' id='word_1_166' title='bbox 532 2306 593 2359; x_wconf 87' lang='grc' dir='ltr'><strong>οὐ</strong></span> <span class='ocrx_word' id='word_1_167' title='bbox 620 2307 718 2379; x_wconf 83' lang='grc' dir='ltr'>τὴν</span> <span class='ocrx_word' id='word_1_168' title='bbox 750 2309 859 2362; x_wconf 88' lang='grc' dir='ltr'><strong>τῶν</strong></span> <span class='ocrx_word' id='word_1_169' title='bbox 894 2311 1163 2381; x_wconf 87' lang='grc' dir='ltr'>σωμάτων</span> <span class='ocrx_word' id='word_1_170' title='bbox 1190 2310 1427 2382; x_wconf 75' lang='grc' dir='ltr'>ἡλικίαν,</span> <span class='ocrx_word' id='word_1_171' title='bbox 1466 2311 1602 2365; x_wconf 84' lang='grc' dir='ltr'>ἀλλὰ</span> <span class='ocrx_word' id='word_1_172' title='bbox 1634 2312 1733 2376; x_wconf 83' lang='grc' dir='ltr'>τὰς</span> <span class='ocrx_word' id='word_1_173' title='bbox 1776 2312 1954 2385; x_wconf 78' lang='grc' dir='ltr'>ψυχὰς</span> 
     </span>
    </p>
   </div>
   <div class='ocr_carea' id='block_1_25' title="bbox 372 2396 1953 2472">
    <p class='ocr_par' dir='ltr' id='par_1_25' title="bbox 372 2396 1953 2472">
     <span class='ocr_line' id='line_1_25' title="bbox 372 2396 1953 2472; baseline 0.005 -24"><span class='ocrx_word' id='word_1_174' title='bbox 372 2396 601 2462; x_wconf 68' lang='grc' dir='ltr'>ἀτελεῖς,</span> <span class='ocrx_word' id='word_1_175' title='bbox 639 2400 734 2453; x_wconf 77' lang='grc' dir='ltr'>καὶ</span> <span class='ocrx_word' id='word_1_176' title='bbox 762 2401 959 2464; x_wconf 76' lang='grc' dir='ltr'>ἐνδεεῖς</span> <span class='ocrx_word' id='word_1_177' title='bbox 996 2402 1240 2472; x_wconf 74' lang='grc' dir='ltr'>φρενῶν;</span> <span class='ocrx_word' id='word_1_178' title='bbox 1275 2402 1403 2467; x_wconf 84' lang='grc' dir='ltr'>τούς</span> <span class='ocrx_word' id='word_1_179' title='bbox 1440 2420 1497 2457; x_wconf 88' lang='grc' dir='ltr'><strong>τε</strong></span> <span class='ocrx_word' id='word_1_180' title='bbox 1528 2402 1746 2466; x_wconf 82' lang='grc' dir='ltr'>λοιποὺς</span> <span class='ocrx_word' id='word_1_181' title='bbox 1775 2403 1953 2456; x_wconf 74' lang='grc' dir='ltr'>αὐτῶν</span> 
     </span>
    </p>
   </div>
   <div class='ocr_carea' id='block_1_26' title="bbox 372 2487 1953 2567">
    <p class='ocr_par' dir='ltr' id='par_1_26' title="bbox 372 2487 1953 2567">
     <span class='ocr_line' id='line_1_26' title="bbox 372 2487 1953 2567; baseline 0.006 -28"><span class='ocrx_word' id='word_1_182' title='bbox 372 2487 745 2555; x_wconf 76' lang='grc' dir='ltr'><strong>διδασκάλους,</strong></span> <span class='ocrx_word' id='word_1_183' title='bbox 781 2493 883 2546; x_wconf 84' lang='grc' dir='ltr'><strong>οὐκ</strong></span> <span class='ocrx_word' id='word_1_184' title='bbox 914 2492 980 2547; x_wconf 78' lang='grc' dir='ltr'>ἂν</span> <span class='ocrx_word' id='word_1_185' title='bbox 1008 2493 1151 2553; x_wconf 75' lang='grc' dir='ltr'>εἴποι</span> <span class='ocrx_word' id='word_1_186' title='bbox 1185 2496 1494 2567; x_wconf 82' lang='grc' dir='ltr'>ἐμπαίκτας</span> <span class='ocrx_word' id='word_1_187' title='bbox 1525 2494 1693 2561; x_wconf 84' lang='grc' dir='ltr'>εἶναι,</span> <span class='ocrx_word' id='word_1_188' title='bbox 1739 2497 1833 2550; x_wconf 57' lang='grc' dir='ltr'><strong>καὶ⁸</strong></span> <span class='ocrx_word' id='word_1_189' title='bbox 1859 2495 1953 2559; x_wconf 85' lang='grc' dir='ltr'><strong>οὓς</strong></span> 
     </span>
    </p>
   </div>
   <div class='ocr_carea' id='block_1_27' title="bbox 372 2578 1953 2656">
    <p class='ocr_par' dir='ltr' id='par_1_27' title="bbox 372 2578 1953 2656">
     <span class='ocr_line' id='line_1_27' title="bbox 372 2578 1953 2656; baseline 0.007 -26"><span class='ocrx_word' id='word_1_190' title='bbox 372 2578 404 2645; x_wconf 73' lang='grc' dir='ltr'><strong>ἡ</strong></span> <span class='ocrx_word' id='word_1_191' title='bbox 435 2579 743 2649; x_wconf 78' lang='grc' dir='ltr'>προφητεία</span> <span class='ocrx_word' id='word_1_192' title='bbox 767 2581 991 2653; x_wconf 77' lang='grc' dir='ltr'>ἑδήλου;</span> <span class='ocrx_word' id='word_1_193' title='bbox 1024 2582 1079 2637; x_wconf 92' lang='lat' dir='ltr'><strong>ld</strong></span> <span class='ocrx_word' id='word_1_194' title='bbox 1107 2592 1188 2637; x_wconf 84' lang='lat' dir='ltr'><strong>est</strong></span> <span class='ocrx_word' id='word_1_195' title='bbox 1222 2606 1233 2639; x_wconf 87' lang='lat'><strong>:</strong></span> <span class='ocrx_word' id='word_1_196' title='bbox 1269 2602 1287 2635; x_wconf 72' lang='grc' dir='ltr'>ι</span> <span class='ocrx_word' id='word_1_197' title='bbox 1316 2584 1448 2650; x_wconf 89' lang='lat' dir='ltr'><strong>Quis</strong></span> <span class='ocrx_word' id='word_1_198' title='bbox 1487 2599 1618 2656; x_wconf 83' lang='lat' dir='ltr'><strong>ergo</strong></span> <span class='ocrx_word' id='word_1_199' title='bbox 1644 2586 1953 2656; x_wconf 88' lang='lat' dir='ltr'><strong>conspectis</strong></span> 
     </span>
    </p>
   </div>
   <div class='ocr_carea' id='block_1_28' title="bbox 372 2668 1952 2746">
    <p class='ocr_par' dir='ltr' id='par_1_28' title="bbox 372 2668 1952 2746">
     <span class='ocr_line' id='line_1_28' title="bbox 372 2668 1952 2746; baseline 0.009 -25"><span class='ocrx_word' id='word_1_200' title='bbox 372 2668 516 2733; x_wconf 82' lang='lat' dir='ltr'><strong>illis,</strong></span> <span class='ocrx_word' id='word_1_201' title='bbox 568 2671 658 2739; x_wconf 90' lang='lat' dir='ltr'><strong>qui</strong></span> <span class='ocrx_word' id='word_1_202' title='bbox 708 2673 849 2741; x_wconf 86' lang='lat' dir='ltr'><strong>apud</strong></span> <span class='ocrx_word' id='word_1_203' title='bbox 892 2672 1107 2730; x_wconf 71' lang='lat' dir='ltr'><strong>Judaeos</strong></span> <span class='ocrx_word' id='word_1_204' title='bbox 1160 2677 1483 2746; x_wconf 70' lang='lat' dir='ltr'><strong>patriarchae</strong></span> <span class='ocrx_word' id='word_1_205' title='bbox 1529 2688 1814 2744; x_wconf 73' lang='lat' dir='ltr'><strong>vocantur,</strong></span> <span class='ocrx_word' id='word_1_206' title='bbox 1858 2694 1952 2735; x_wconf 91' lang='lat' dir='ltr'><strong>eos</strong></span> 
     </span>
    </p>
   </div>
   <div class='ocr_carea' id='block_1_29' title="bbox 371 2766 1952 2836">
    <p class='ocr_par' dir='ltr' id='par_1_29' title="bbox 371 2766 1952 2836">
     <span class='ocr_line' id='line_1_29' title="bbox 371 2766 1952 2836; baseline 0.009 -22"><span class='ocrx_word' id='word_1_207' title='bbox 371 2775 478 2816; x_wconf 93' lang='lat' dir='ltr'><strong>non</strong></span> <span class='ocrx_word' id='word_1_208' title='bbox 508 2777 771 2831; x_wconf 89' lang='lat' dir='ltr'><strong>corporea</strong></span> <span class='ocrx_word' id='word_1_209' title='bbox 812 2773 1042 2831; x_wconf 88' lang='lat' dir='ltr'><strong>statura,</strong></span> <span class='ocrx_word' id='word_1_210' title='bbox 1070 2766 1166 2821; x_wconf 90' lang='lat' dir='ltr'><strong>sed</strong></span> <span class='ocrx_word' id='word_1_211' title='bbox 1201 2768 1367 2822; x_wconf 90' lang='lat' dir='ltr'><strong>animi</strong></span> <span class='ocrx_word' id='word_1_212' title='bbox 1409 2768 1850 2836; x_wconf 88' lang='lat' dir='ltr'><strong>imperfectione,</strong></span> <span class='ocrx_word' id='word_1_213' title='bbox 1885 2788 1952 2828; x_wconf 90' lang='lat' dir='ltr'><strong>ac</strong></span> 
     </span>
    </p>
   </div>
   <div class='ocr_carea' id='block_1_30' title="bbox 370 2840 1949 2929">
    <p class='ocr_par' dir='ltr' id='par_1_30' title="bbox 370 2840 1949 2929">
     <span class='ocr_line' id='line_1_30' title="bbox 370 2840 1949 2929; baseline 0.008 -23"><span class='ocrx_word' id='word_1_214' title='bbox 370 2840 568 2907; x_wconf 78' lang='lat' dir='ltr'><strong>mentis</strong></span> <span class='ocrx_word' id='word_1_215' title='bbox 618 2854 949 2925; x_wconf 82' lang='lat' dir='ltr'><strong>indigentia,</strong></span> <span class='ocrx_word' id='word_1_216' title='bbox 996 2872 1124 2913; x_wconf 91' lang='lat' dir='ltr'><strong>vere</strong></span> <span class='ocrx_word' id='word_1_217' title='bbox 1169 2874 1368 2929; x_wconf 88' lang='lat' dir='ltr'><strong>pueros</strong></span> <span class='ocrx_word' id='word_1_218' title='bbox 1414 2874 1519 2915; x_wconf 92' lang='lat' dir='ltr'><strong>non</strong></span> <span class='ocrx_word' id='word_1_219' title='bbox 1572 2871 1766 2928; x_wconf 84' lang='lat' dir='ltr'><strong>vocet;</strong></span> <span class='ocrx_word' id='word_1_220' title='bbox 1815 2862 1949 2918; x_wconf 90' lang='lat' dir='ltr'><strong>reli-</strong></span> 
     </span>
    </p>
   </div>
   <div class='ocr_carea' id='block_1_31' title="bbox 369 2948 1946 3020">
    <p class='ocr_par' dir='ltr' id='par_1_31' title="bbox 369 2948 1946 3020">
     <span class='ocr_line' id='line_1_31' title="bbox 369 2948 1946 3020; baseline 0.009 -23"><span class='ocrx_word' id='word_1_221' title='bbox 369 2959 615 3013; x_wconf 72' lang='lat' dir='ltr'><strong>quosque</strong></span> <span class='ocrx_word' id='word_1_222' title='bbox 638 2959 825 3001; x_wconf 89' lang='lat' dir='ltr'><strong>eorum</strong></span> <span class='ocrx_word' id='word_1_223' title='bbox 856 2948 1128 3018; x_wconf 84' lang='lat' dir='ltr'><strong>doctores,</strong></span> <span class='ocrx_word' id='word_1_224' title='bbox 1176 2966 1283 3005; x_wconf 91' lang='lat' dir='ltr'><strong>non</strong></span> <span class='ocrx_word' id='word_1_225' title='bbox 1318 2951 1467 3007; x_wconf 89' lang='lat' dir='ltr'><strong>dicat</strong></span> <span class='ocrx_word' id='word_1_226' title='bbox 1496 2967 1619 3010; x_wconf 90' lang='lat' dir='ltr'><strong>esse</strong></span> <span class='ocrx_word' id='word_1_227' title='bbox 1648 2954 1946 3020; x_wconf 90' lang='lat' dir='ltr'><strong>derisores,</strong></span> 
     </span>
    </p>
   </div>
   <div class='ocr_carea' id='block_1_32' title="bbox 369 3033 1949 3115">
    <p class='ocr_par' dir='ltr' id='par_1_32' title="bbox 369 3033 1949 3115">
     <span class='ocr_line' id='line_1_32' title="bbox 369 3033 1949 3115; baseline 0.015 -33"><span class='ocrx_word' id='word_1_228' title='bbox 369 3033 554 3102; x_wconf 78' lang='lat' dir='ltr'><strong>quales</strong></span> <span class='ocrx_word' id='word_1_229' title='bbox 583 3037 867 3106; x_wconf 86' lang='lat' dir='ltr'><strong>prophetia</strong></span> <span class='ocrx_word' id='word_1_230' title='bbox 909 3038 1142 3095; x_wconf 82' lang='lat' dir='ltr'><strong>indicat?</strong></span> <span class='ocrx_word' id='word_1_231' title='bbox 1168 3060 1186 3093; x_wconf 75' lang='grc' dir='ltr'>ι</span> <span class='ocrx_word' id='word_1_232' title='bbox 1223 3041 1393 3096; x_wconf 88' lang='lat' dir='ltr'><strong>Erant</strong></span> <span class='ocrx_word' id='word_1_233' title='bbox 1422 3058 1584 3113; x_wconf 91' lang='lat' dir='ltr'><strong>porro</strong></span> <span class='ocrx_word' id='word_1_234' title='bbox 1623 3046 1949 3115; x_wconf 65' lang='lat' dir='ltr'><strong>patriarchae</strong></span> 
     </span>
    </p>
   </div>
   <div class='ocr_carea' id='block_1_33' title="bbox 369 3125 1946 3206">
    <p class='ocr_par' dir='ltr' id='par_1_33' title="bbox 369 3125 1946 3206">
     <span class='ocr_line' id='line_1_33' title="bbox 369 3125 1946 3206; baseline 0.011 -27"><span class='ocrx_word' id='word_1_235' title='bbox 369 3125 645 3196; x_wconf 86' lang='lat' dir='ltr'><strong>principes</strong></span> <span class='ocrx_word' id='word_1_236' title='bbox 669 3127 910 3184; x_wconf 70' lang='lat' dir='ltr'><strong>Iudaicae</strong></span> <span class='ocrx_word' id='word_1_237' title='bbox 937 3132 1132 3201; x_wconf 85' lang='lat' dir='ltr'><strong>gentis,</strong></span> <span class='ocrx_word' id='word_1_238' title='bbox 1168 3141 1302 3190; x_wconf 89' lang='lat' dir='ltr'><strong>teste</strong></span> <span class='ocrx_word' id='word_1_239' title='bbox 1329 3134 1629 3205; x_wconf 90' lang='lat' dir='ltr'><strong>Epiphanio</strong></span> <span class='ocrx_word' id='word_1_240' title='bbox 1654 3139 1786 3194; x_wconf 65' lang='lat' dir='ltr'><strong>liter.</strong></span> <span class='ocrx_word' id='word_1_241' title='bbox 1815 3156 1946 3206; x_wconf 88' lang='lat' dir='ltr'><strong>xxx,</strong></span> 
     </span>
    </p>
   </div>
   <div class='ocr_carea' id='block_1_34' title="bbox 371 3221 1950 3295">
    <p class='ocr_par' dir='ltr' id='par_1_34' title="bbox 371 3221 1950 3295">
     <span class='ocr_line' id='line_1_34' title="bbox 371 3221 1950 3295; baseline 0.011 -23"><span class='ocrx_word' id='word_1_242' title='bbox 371 3235 522 3274; x_wconf 83' lang='lat' dir='ltr'><strong>num.</strong></span> <span class='ocrx_word' id='word_1_243' title='bbox 546 3221 604 3285; x_wconf 73' lang='grc'>4,</span> <span class='ocrx_word' id='word_1_244' title='bbox 634 3231 683 3276; x_wconf 90' lang='lat' dir='ltr'><strong>et</strong></span> <span class='ocrx_word' id='word_1_245' title='bbox 718 3221 920 3279; x_wconf 90' lang='lat' dir='ltr'><strong>Codice</strong></span> <span class='ocrx_word' id='word_1_246' title='bbox 964 3224 1341 3283; x_wconf 87' lang='lat' dir='ltr'><strong>Tbeodosiano</strong></span> <span class='ocrx_word' id='word_1_247' title='bbox 1372 3228 1409 3282; x_wconf 91' lang='grc' dir='ltr'><strong>Ι.</strong></span> <span class='ocrx_word' id='word_1_248' title='bbox 1440 3244 1554 3295; x_wconf 79' lang='lat' dir='ltr'><strong>xvr,</strong></span> <span class='ocrx_word' id='word_1_249' title='bbox 1592 3230 1675 3286; x_wconf 86' lang='lat' dir='ltr'><strong>tit.</strong></span> <span class='ocrx_word' id='word_1_250' title='bbox 1704 3232 1758 3287; x_wconf 90' lang='lat'><strong>8.</strong></span> <span class='ocrx_word' id='word_1_251' title='bbox 1793 3231 1950 3290; x_wconf 83' lang='lat' dir='ltr'><strong>Hune</strong></span> 
     </span>
    </p>
   </div>
   <div class='ocr_carea' id='block_1_35' title="bbox 370 3312 1949 3394">
    <p class='ocr_par' dir='ltr' id='par_1_35' title="bbox 370 3312 1949 3394">
     <span class='ocr_line' id='line_1_35' title="bbox 370 3312 1949 3394; baseline 0.01 -29"><span class='ocrx_word' id='word_1_252' title='bbox 370 3324 501 3366; x_wconf 88' lang='lat' dir='ltr'><strong>vero</strong></span> <span class='ocrx_word' id='word_1_253' title='bbox 553 3312 772 3369; x_wconf 86' lang='lat' dir='ltr'><strong>Eusebii</strong></span> <span class='ocrx_word' id='word_1_254' title='bbox 828 3315 1005 3370; x_wconf 89' lang='lat' dir='ltr'><strong>locum</strong></span> <span class='ocrx_word' id='word_1_255' title='bbox 1052 3316 1133 3372; x_wconf 87' lang='lat' dir='ltr'><strong>sic</strong></span> <span class='ocrx_word' id='word_1_256' title='bbox 1179 3319 1437 3389; x_wconf 90' lang='lat' dir='ltr'><strong>exprimit</strong></span> <span class='ocrx_word' id='word_1_257' title='bbox 1482 3319 1846 3394; x_wconf 83' lang='lat' dir='ltr'><strong>Hieronymus</strong></span> <span class='ocrx_word' id='word_1_258' title='bbox 1893 3326 1949 3381; x_wconf 92' lang='lat' dir='ltr'><strong>in</strong></span> 
     </span>
    </p>
   </div>
   <div class='ocr_carea' id='block_1_36' title="bbox 369 3404 1950 3485">
    <p class='ocr_par' dir='ltr' id='par_1_36' title="bbox 369 3404 1950 3485">
     <span class='ocr_line' id='line_1_36' title="bbox 369 3404 1950 3485; baseline 0.013 -30"><span class='ocrx_word' id='word_1_259' title='bbox 369 3404 619 3460; x_wconf 86' lang='lat' dir='ltr'><strong>eumdem</strong></span> <span class='ocrx_word' id='word_1_260' title='bbox 671 3407 995 3462; x_wconf 82' lang='lat' dir='ltr'><strong>versiculum</strong></span> <span class='ocrx_word' id='word_1_261' title='bbox 1035 3425 1049 3463; x_wconf 88' lang='lat'><strong>:</strong></span> <span class='ocrx_word' id='word_1_262' title='bbox 1084 3426 1103 3461; x_wconf 73' lang='grc' dir='ltr'>ι</span> <span class='ocrx_word' id='word_1_263' title='bbox 1134 3409 1553 3469; x_wconf 88' lang='lat' dir='ltr'><strong>Consideremus</strong></span> <span class='ocrx_word' id='word_1_264' title='bbox 1604 3416 1950 3485; x_wconf 88' lang='lat' dir='ltr'><strong>patriarchas</strong></span> 
     </span>
    </p>
   </div>
   <div class='ocr_carea' id='block_1_37' title="bbox 368 3495 1948 3583">
    <p class='ocr_par' dir='ltr' id='par_1_37' title="bbox 368 3495 1948 3583">
     <span class='ocr_line' id='line_1_37' title="bbox 368 3495 1948 3583; baseline 0.011 -30"><span class='ocrx_word' id='word_1_265' title='bbox 368 3495 701 3563; x_wconf 70' lang='lat' dir='ltr'><strong>Iudaeorum,</strong></span> <span class='ocrx_word' id='word_1_266' title='bbox 729 3510 784 3555; x_wconf 78' lang='lat' dir='ltr'><strong>et</strong></span> <span class='ocrx_word' id='word_1_267' title='bbox 809 3501 1057 3570; x_wconf 85' lang='lat' dir='ltr'><strong>juvenes.</strong></span> <span class='ocrx_word' id='word_1_268' title='bbox 1094 3505 1210 3559; x_wconf 83' lang='lat' dir='ltr'><strong>sive</strong></span> <span class='ocrx_word' id='word_1_269' title='bbox 1242 3520 1462 3576; x_wconf 88' lang='lat' dir='ltr'><strong>pueros,</strong></span> <span class='ocrx_word' id='word_1_270' title='bbox 1493 3507 1948 3583; x_wconf 79' lang='lat' dir='ltr'><strong>ell’eminatosque</strong></span> 
     </span>
    </p>
   </div>
   <div class='ocr_carea' id='block_1_38' title="bbox 367 3590 1949 3674">
    <p class='ocr_par' dir='ltr' id='par_1_38' title="bbox 367 3590 1949 3674">
     <span class='ocr_line' id='line_1_38' title="bbox 367 3590 1949 3674; baseline 0.014 -32"><span class='ocrx_word' id='word_1_271' title='bbox 367 3604 431 3645; x_wconf 87' lang='lat' dir='ltr'><strong>ac</strong></span> <span class='ocrx_word' id='word_1_272' title='bbox 460 3590 672 3648; x_wconf 89' lang='lat' dir='ltr'><strong>deliciis</strong></span> <span class='ocrx_word' id='word_1_273' title='bbox 707 3593 1007 3661; x_wconf 84' lang='lat' dir='ltr'><strong>amuentes.</strong></span> <span class='ocrx_word' id='word_1_274' title='bbox 1036 3606 1092 3653; x_wconf 88' lang='lat' dir='ltr'><strong>et</strong></span> <span class='ocrx_word' id='word_1_275' title='bbox 1132 3598 1408 3670; x_wconf 88' lang='lat' dir='ltr'><strong>impletam</strong></span> <span class='ocrx_word' id='word_1_276' title='bbox 1456 3604 1795 3674; x_wconf 83' lang='lat' dir='ltr'><strong>prephetiam</strong></span> <span class='ocrx_word' id='word_1_277' title='bbox 1826 3621 1949 3663; x_wconf 88' lang='lat' dir='ltr'><strong>esse</strong></span> 
     </span>
    </p>
   </div>
   <div class='ocr_carea' id='block_1_39' title="bbox 366 3688 1946 3768">
    <p class='ocr_par' dir='ltr' id='par_1_39' title="bbox 366 3688 1946 3768">
     <span class='ocr_line' id='line_1_39' title="bbox 366 3688 1946 3768; baseline 0.012 -33"><span class='ocrx_word' id='word_1_278' title='bbox 366 3695 691 3752; x_wconf 88' lang='lat' dir='ltr'><strong>cernemus;</strong></span> <span class='ocrx_word' id='word_1_279' title='bbox 726 3707 744 3740; x_wconf 75' lang='grc' dir='ltr'>ι</span> <span class='ocrx_word' id='word_1_280' title='bbox 786 3688 839 3742; x_wconf 86' lang='lat' dir='ltr'><strong>id</strong></span> <span class='ocrx_word' id='word_1_281' title='bbox 888 3704 955 3743; x_wconf 89' lang='lat' dir='ltr'><strong>ex</strong></span> <span class='ocrx_word' id='word_1_282' title='bbox 991 3690 1249 3756; x_wconf 85' lang='lat' dir='ltr'><strong>Eusebio,</strong></span> <span class='ocrx_word' id='word_1_283' title='bbox 1301 3702 1362 3747; x_wconf 90' lang='lat' dir='ltr'><strong>ut</strong></span> <span class='ocrx_word' id='word_1_284' title='bbox 1409 3704 1465 3750; x_wconf 91' lang='lat' dir='ltr'><strong>et</strong></span> <span class='ocrx_word' id='word_1_285' title='bbox 1511 3695 1770 3767; x_wconf 86' lang='lat' dir='ltr'><strong>pleraque</strong></span> <span class='ocrx_word' id='word_1_286' title='bbox 1816 3699 1946 3768; x_wconf 89' lang='lat' dir='ltr'><strong>alia,</strong></span> 
     </span>
    </p>
   </div>
   <div class='ocr_carea' id='block_1_40' title="bbox 367 3779 1949 3849">
    <p class='ocr_par' dir='ltr' id='par_1_40' title="bbox 367 3779 1949 3849">
     <span class='ocr_line' id='line_1_40' title="bbox 367 3779 1949 3849; baseline 0.011 -23"><span class='ocrx_word' id='word_1_287' title='bbox 367 3784 671 3833; x_wconf 89' lang='lat' dir='ltr'><strong>mutuatus.</strong></span> <span class='ocrx_word' id='word_1_288' title='bbox 701 3779 777 3833; x_wconf 89' lang='lat' dir='ltr'><strong>De</strong></span> <span class='ocrx_word' id='word_1_289' title='bbox 808 3780 1070 3849; x_wconf 89' lang='lat' dir='ltr'><strong>apostolis</strong></span> <span class='ocrx_word' id='word_1_290' title='bbox 1097 3782 1225 3835; x_wconf 90' lang='lat' dir='ltr'><strong>item</strong></span> <span class='ocrx_word' id='word_1_291' title='bbox 1258 3781 1569 3841; x_wconf 65' lang='lat' dir='ltr'><strong>Iudaeorum</strong></span> <span class='ocrx_word' id='word_1_292' title='bbox 1609 3788 1775 3843; x_wconf 90' lang='lat' dir='ltr'><strong>verba</strong></span> <span class='ocrx_word' id='word_1_293' title='bbox 1816 3790 1949 3846; x_wconf 80' lang='lat' dir='ltr'><strong>facit</strong></span> 
     </span>
    </p>
   </div>
   <div class='ocr_carea' id='block_1_41' title="bbox 363 3862 1948 3941">
    <p class='ocr_par' dir='ltr' id='par_1_41' title="bbox 363 3862 1948 3941">
     <span class='ocr_line' id='line_1_41' title="bbox 363 3862 1948 3941; baseline 0.011 -24"><span class='ocrx_word' id='word_1_294' title='bbox 363 3862 630 3921; x_wconf 84' lang='lat' dir='ltr'><strong>Eusebius</strong></span> <span class='ocrx_word' id='word_1_295' title='bbox 670 3870 735 3922; x_wconf 92' lang='lat' dir='ltr'><strong>ad</strong></span> <span class='ocrx_word' id='word_1_296' title='bbox 777 3880 1135 3938; x_wconf 87' lang='lat' dir='ltr'><strong>caput.xvm,</strong></span> <span class='ocrx_word' id='word_1_297' title='bbox 1165 3874 1298 3941; x_wconf 70' lang='lat' dir='ltr'><strong>v.1,</strong></span> <span class='ocrx_word' id='word_1_298' title='bbox 1338 3874 1392 3927; x_wconf 92' lang='lat'><strong>&#39;0</strong></span> <span class='ocrx_word' id='word_1_299' title='bbox 1439 3876 1840 3933; x_wconf 74' lang='grc' dir='ltr'><strong>ἀποστέλλων</strong></span> <span class='ocrx_word' id='word_1_300' title='bbox 1878 3881 1948 3935; x_wconf 84' lang='grc' dir='ltr'><strong>ἐν</strong></span> 
     </span>
    </p>
   </div>
   <div class='ocr_carea' id='block_1_42' title="bbox 365 3956 1948 4034">
    <p class='ocr_par' dir='ltr' id='par_1_42' title="bbox 365 3956 1948 4034">
     <span class='ocr_line' id='line_1_42' title="bbox 365 3956 1948 4034; baseline 0.013 -25"><span class='ocrx_word' id='word_1_301' title='bbox 365 3956 649 4027; x_wconf 76' lang='grc' dir='ltr'>θαλάσσῃ</span> <span class='ocrx_word' id='word_1_302' title='bbox 683 3958 906 4028; x_wconf 79' lang='grc' dir='ltr'>ὅμηρα·</span> <span class='ocrx_word' id='word_1_303' title='bbox 945 3963 997 4018; x_wconf 90' lang='lat' dir='ltr'><strong>id</strong></span> <span class='ocrx_word' id='word_1_304' title='bbox 1030 3976 1115 4021; x_wconf 89' lang='lat' dir='ltr'><strong>est</strong></span> <span class='ocrx_word' id='word_1_305' title='bbox 1147 3985 1161 4022; x_wconf 90' lang='lat'><strong>:</strong></span> <span class='ocrx_word' id='word_1_306' title='bbox 1197 3986 1215 4018; x_wconf 73' lang='grc' dir='ltr'>ι</span> <span class='ocrx_word' id='word_1_307' title='bbox 1245 3967 1345 4034; x_wconf 85' lang='lat' dir='ltr'><strong>Qui</strong></span> <span class='ocrx_word' id='word_1_308' title='bbox 1377 3968 1544 4024; x_wconf 89' lang='lat' dir='ltr'><strong>mittit</strong></span> <span class='ocrx_word' id='word_1_309' title='bbox 1589 3969 1644 4025; x_wconf 92' lang='lat' dir='ltr'><strong>in</strong></span> <span class='ocrx_word' id='word_1_310' title='bbox 1668 3986 1819 4028; x_wconf 91' lang='lat' dir='ltr'><strong>mare</strong></span> <span class='ocrx_word' id='word_1_311' title='bbox 1849 3974 1948 4028; x_wconf 89' lang='lat' dir='ltr'><strong>ob-</strong></span> 
     </span>
    </p>
   </div>
   <div class='ocr_carea' id='block_1_43' title="bbox 363 4047 1945 4123">
    <p class='ocr_par' dir='ltr' id='par_1_43' title="bbox 363 4047 1945 4123">
     <span class='ocr_line' id='line_1_43' title="bbox 363 4047 1945 4123; baseline 0.013 -26"><span class='ocrx_word' id='word_1_312' title='bbox 363 4047 551 4101; x_wconf 86' lang='lat' dir='ltr'><strong>sides:</strong></span> <span class='ocrx_word' id='word_1_313' title='bbox 584 4065 603 4098; x_wconf 72' lang='grc' dir='ltr'>ι</span> <span class='ocrx_word' id='word_1_314' title='bbox 653 4050 744 4103; x_wconf 91' lang='lat' dir='ltr'><strong>ubi</strong></span> <span class='ocrx_word' id='word_1_315' title='bbox 792 4052 1153 4123; x_wconf 82' lang='lat' dir='ltr'><strong>Symmachus</strong></span> <span class='ocrx_word' id='word_1_316' title='bbox 1198 4057 1383 4123; x_wconf 83' lang='lat' dir='ltr'><strong>vertit,</strong></span> <span class='ocrx_word' id='word_1_317' title='bbox 1428 4059 1778 4115; x_wconf 83' lang='grc' dir='ltr'>ἀποστέλλων</span> <span class='ocrx_word' id='word_1_318' title='bbox 1812 4062 1945 4116; x_wconf 85' lang='grc' dir='ltr'>ἁπο-</span> 
     </span>
    </p>
   </div>
   <div class='ocr_carea' id='block_1_44' title="bbox 363 4136 1941 4220">
    <p class='ocr_par' dir='ltr' id='par_1_44' title="bbox 363 4136 1941 4220">
     <span class='ocr_line' id='line_1_44' title="bbox 363 4136 1941 4220; baseline 0.011 -32"><span class='ocrx_word' id='word_1_319' title='bbox 363 4136 582 4200; x_wconf 85' lang='grc' dir='ltr'>στόλους</span> <span class='ocrx_word' id='word_1_320' title='bbox 604 4140 667 4193; x_wconf 79' lang='grc' dir='ltr'>ὲν</span> <span class='ocrx_word' id='word_1_321' title='bbox 684 4138 948 4215; x_wconf 77' lang='grc' dir='ltr'>θαλάσσῃο</span> <span class='ocrx_word' id='word_1_322' title='bbox 978 4164 997 4197; x_wconf 75' lang='grc' dir='ltr'>ι</span> <span class='ocrx_word' id='word_1_323' title='bbox 1020 4145 1123 4214; x_wconf 86' lang='lat' dir='ltr'><strong>Qui</strong></span> <span class='ocrx_word' id='word_1_324' title='bbox 1152 4148 1317 4203; x_wconf 90' lang='lat' dir='ltr'><strong>mittit</strong></span> <span class='ocrx_word' id='word_1_325' title='bbox 1340 4149 1613 4219; x_wconf 86' lang='lat' dir='ltr'><strong>apostolos</strong></span> <span class='ocrx_word' id='word_1_326' title='bbox 1633 4151 1686 4205; x_wconf 92' lang='lat' dir='ltr'><strong>in</strong></span> <span class='ocrx_word' id='word_1_327' title='bbox 1714 4168 1894 4220; x_wconf 81' lang='lat' dir='ltr'><strong>mare;</strong></span> <span class='ocrx_word' id='word_1_328' title='bbox 1922 4172 1941 4205; x_wconf 75' lang='grc' dir='ltr'>ι</span> 
     </span>
    </p>
   </div>
   <div class='ocr_carea' id='block_1_45' title="bbox 363 4229 1947 4307">
    <p class='ocr_par' dir='ltr' id='par_1_45' title="bbox 363 4229 1947 4307">
     <span class='ocr_line' id='line_1_45' title="bbox 363 4229 1947 4307; baseline 0.011 -27"><span class='ocrx_word' id='word_1_329' title='bbox 363 4229 479 4283; x_wconf 73' lang='lat' dir='ltr'><strong>lucc</strong></span> <span class='ocrx_word' id='word_1_330' title='bbox 504 4230 650 4284; x_wconf 85' lang='lat' dir='ltr'><strong>enim</strong></span> <span class='ocrx_word' id='word_1_331' title='bbox 676 4231 861 4299; x_wconf 84' lang='lat' dir='ltr'><strong>adjicit</strong></span> <span class='ocrx_word' id='word_1_332' title='bbox 890 4253 907 4289; x_wconf 87' lang='lat'><strong>:</strong></span> <span class='ocrx_word' id='word_1_333' title='bbox 929 4236 997 4288; x_wconf 82' lang='grc' dir='ltr'><strong>Οἵ</strong></span> <span class='ocrx_word' id='word_1_334' title='bbox 1033 4254 1094 4290; x_wconf 90' lang='grc' dir='ltr'><strong>τε</strong></span> <span class='ocrx_word' id='word_1_335' title='bbox 1121 4239 1406 4294; x_wconf 80' lang='grc' dir='ltr'>ἀπόστολοι</span> <span class='ocrx_word' id='word_1_336' title='bbox 1434 4239 1636 4307; x_wconf 80' lang='grc' dir='ltr'>αὐτῶν,</span> <span class='ocrx_word' id='word_1_337' title='bbox 1661 4242 1947 4307; x_wconf 77' lang='grc' dir='ltr'>ἐπιστολὰς</span> 
     </span>
    </p>
   </div>
   <div class='ocr_carea' id='block_1_46' title="bbox 363 4319 1945 4401">
    <p class='ocr_par' dir='ltr' id='par_1_46' title="bbox 363 4319 1945 4401">
     <span class='ocr_line' id='line_1_46' title="bbox 363 4319 1945 4401; baseline 0.01 -29"><span class='ocrx_word' id='word_1_338' title='bbox 363 4319 607 4391; x_wconf 75' lang='grc' dir='ltr'>βιϐλίνας</span> <span class='ocrx_word' id='word_1_339' title='bbox 638 4324 1007 4398; x_wconf 76' lang='grc' dir='ltr'>κομιζόμενοι,</span> <span class='ocrx_word' id='word_1_340' title='bbox 1039 4328 1294 4401; x_wconf 79' lang='grc' dir='ltr'>ὑπεράνω</span> <span class='ocrx_word' id='word_1_341' title='bbox 1326 4348 1389 4384; x_wconf 90' lang='grc' dir='ltr'><strong>τε</strong></span> <span class='ocrx_word' id='word_1_342' title='bbox 1421 4330 1531 4387; x_wconf 86' lang='grc' dir='ltr'>τῶν</span> <span class='ocrx_word' id='word_1_343' title='bbox 1564 4333 1770 4388; x_wconf 80' lang='grc' dir='ltr'>ὑδάτων</span> <span class='ocrx_word' id='word_1_344' title='bbox 1817 4350 1945 4388; x_wconf 91' lang='grc' dir='ltr'>ναυ-</span> 
     </span>
    </p>
   </div>
   <div class='ocr_carea' id='block_1_47' title="bbox 360 4410 1942 4493">
    <p class='ocr_par' dir='ltr' id='par_1_47' title="bbox 360 4410 1942 4493">
     <span class='ocr_line' id='line_1_47' title="bbox 360 4410 1942 4493; baseline 0.011 -31"><span class='ocrx_word' id='word_1_345' title='bbox 360 4410 694 4483; x_wconf 84' lang='grc' dir='ltr'>τιλλόμενοι,</span> <span class='ocrx_word' id='word_1_346' title='bbox 733 4417 828 4470; x_wconf 78' lang='grc' dir='ltr'><strong>καὶ</strong></span> <span class='ocrx_word' id='word_1_347' title='bbox 892 4418 991 4490; x_wconf 83' lang='grc' dir='ltr'>τὴν</span> <span class='ocrx_word' id='word_1_348' title='bbox 1044 4419 1317 4475; x_wconf 87' lang='grc' dir='ltr'>θάλασσαν</span> <span class='ocrx_word' id='word_1_349' title='bbox 1362 4422 1721 4493; x_wconf 77' lang='grc' dir='ltr'>ἐμπλέοντες,</span> <span class='ocrx_word' id='word_1_350' title='bbox 1766 4427 1942 4480; x_wconf 84' lang='grc' dir='ltr'>ἀπαν-</span> 
     </span>
    </p>
   </div>
   <div class='ocr_carea' id='block_1_48' title="bbox 360 4503 1941 4588">
    <p class='ocr_par' dir='ltr' id='par_1_48' title="bbox 360 4503 1941 4588">
     <span class='ocr_line' id='line_1_48' title="bbox 360 4503 1941 4588; baseline 0.009 -32"><span class='ocrx_word' id='word_1_351' title='bbox 360 4503 531 4574; x_wconf 77' lang='grc' dir='ltr'><strong>ταχοῦ</strong></span> <span class='ocrx_word' id='word_1_352' title='bbox 574 4506 676 4578; x_wconf 82' lang='grc' dir='ltr'><strong>γῆς</strong></span> <span class='ocrx_word' id='word_1_353' title='bbox 725 4507 1019 4581; x_wconf 80' lang='grc' dir='ltr'>διέτρεχον,</span> <span class='ocrx_word' id='word_1_354' title='bbox 1064 4511 1156 4566; x_wconf 82' lang='grc' dir='ltr'><strong>τὸν</strong></span> <span class='ocrx_word' id='word_1_355' title='bbox 1201 4514 1331 4584; x_wconf 75' lang='grc' dir='ltr'>περὶ</span> <span class='ocrx_word' id='word_1_356' title='bbox 1359 4512 1455 4567; x_wconf 79' lang='grc' dir='ltr'>τοῦ</span> <span class='ocrx_word' id='word_1_357' title='bbox 1496 4515 1746 4588; x_wconf 82' lang='grc' dir='ltr'>Σωτῆρος</span> <span class='ocrx_word' id='word_1_358' title='bbox 1784 4516 1941 4588; x_wconf 85' lang='grc' dir='ltr'>ἡμῶν</span> 
     </span>
    </p>
   </div>
   <div class='ocr_carea' id='block_1_49' title="bbox 361 4597 1940 4673">
    <p class='ocr_par' dir='ltr' id='par_1_49' title="bbox 361 4597 1940 4673">
     <span class='ocr_line' id='line_1_49' title="bbox 361 4597 1940 4673; baseline 0.011 -24"><span class='ocrx_word' id='word_1_359' title='bbox 361 4597 797 4666; x_wconf 69' lang='grc' dir='ltr'>ἑνδιαὸάλλοντες</span> <span class='ocrx_word' id='word_1_360' title='bbox 840 4602 1017 4673; x_wconf 75' lang='grc' dir='ltr'>λόγον.</span> <span class='ocrx_word' id='word_1_361' title='bbox 1060 4607 1413 4673; x_wconf 85' lang='grc' dir='ltr'>Ἀποστόλους</span> <span class='ocrx_word' id='word_1_362' title='bbox 1438 4610 1495 4663; x_wconf 88' lang='grc' dir='ltr'>δὲ</span> <span class='ocrx_word' id='word_1_363' title='bbox 1524 4610 1689 4665; x_wconf 76' lang='grc' dir='ltr'>εἰσέτι</span> <span class='ocrx_word' id='word_1_364' title='bbox 1724 4613 1819 4665; x_wconf 73' lang='grc' dir='ltr'><strong>καὶ</strong></span> <span class='ocrx_word' id='word_1_365' title='bbox 1845 4613 1940 4667; x_wconf 81' lang='grc' dir='ltr'>νῦν</span> 
     </span>
    </p>
   </div>
   <div class='ocr_carea' id='block_1_50' title="bbox 361 4685 1941 4771">
    <p class='ocr_par' dir='ltr' id='par_1_50' title="bbox 361 4685 1941 4771">
     <span class='ocr_line' id='line_1_50' title="bbox 361 4685 1941 4771; baseline 0.013 -33"><span class='ocrx_word' id='word_1_366' title='bbox 361 4685 481 4752; x_wconf 78' lang='grc' dir='ltr'>εθος</span> <span class='ocrx_word' id='word_1_367' title='bbox 521 4690 671 4745; x_wconf 71' lang='grc' dir='ltr'>ἐστὶν</span> <span class='ocrx_word' id='word_1_368' title='bbox 721 4694 997 4761; x_wconf 80' lang='grc' dir='ltr'>Ἰουδαίοις</span> <span class='ocrx_word' id='word_1_369' title='bbox 1043 4697 1327 4770; x_wconf 80' lang='grc' dir='ltr'>ὀνομάζειν</span> <span class='ocrx_word' id='word_1_370' title='bbox 1390 4700 1518 4763; x_wconf 86' lang='grc' dir='ltr'>τοὺς</span> <span class='ocrx_word' id='word_1_371' title='bbox 1553 4701 1623 4754; x_wconf 82' lang='grc' dir='ltr'>τὰ</span> <span class='ocrx_word' id='word_1_372' title='bbox 1675 4701 1941 4771; x_wconf 79' lang='grc' dir='ltr'>ἐγκύκλια</span> 
     </span>
    </p>
   </div>
   <div class='ocr_carea' id='block_1_51' title="bbox 359 4782 1939 4868">
    <p class='ocr_par' dir='ltr' id='par_1_51' title="bbox 359 4782 1939 4868">
     <span class='ocr_line' id='line_1_51' title="bbox 359 4782 1939 4868; baseline 0.012 -34"><span class='ocrx_word' id='word_1_373' title='bbox 359 4782 665 4854; x_wconf 82' lang='grc' dir='ltr'>γράμματα</span> <span class='ocrx_word' id='word_1_374' title='bbox 712 4789 865 4861; x_wconf 74' lang='grc' dir='ltr'>παρὰ</span> <span class='ocrx_word' id='word_1_375' title='bbox 914 4790 1022 4845; x_wconf 86' lang='grc' dir='ltr'><strong>τῶν</strong></span> <span class='ocrx_word' id='word_1_376' title='bbox 1064 4793 1342 4863; x_wconf 86' lang='grc' dir='ltr'>ἀρχόντων</span> <span class='ocrx_word' id='word_1_377' title='bbox 1397 4794 1576 4851; x_wconf 80' lang='grc' dir='ltr'>αὐτῶν</span> <span class='ocrx_word' id='word_1_378' title='bbox 1624 4796 1939 4868; x_wconf 80' lang='grc' dir='ltr'>ἐπικομιζο-</span> 
     </span>
    </p>
   </div>
   <div class='ocr_carea' id='block_1_52' title="bbox 372 4870 1939 4959">
    <p class='ocr_par' dir='ltr' id='par_1_52' title="bbox 372 4870 1939 4959">
     <span class='ocr_line' id='line_1_52' title="bbox 372 4870 1939 4959; baseline 0.014 -34"><span class='ocrx_word' id='word_1_379' title='bbox 372 4870 582 4941; x_wconf 82' lang='grc' dir='ltr'>μένους.</span> <span class='ocrx_word' id='word_1_380' title='bbox 626 4874 742 4935; x_wconf 80' lang='lat' dir='ltr'><strong>Hoc</strong></span> <span class='ocrx_word' id='word_1_381' title='bbox 788 4891 875 4935; x_wconf 90' lang='lat' dir='ltr'><strong>est</strong></span> <span class='ocrx_word' id='word_1_382' title='bbox 928 4900 942 4937; x_wconf 89' lang='lat'><strong>:</strong></span> <span class='ocrx_word' id='word_1_383' title='bbox 996 4901 1015 4934; x_wconf 74' lang='grc' dir='ltr'>ι</span> <span class='ocrx_word' id='word_1_384' title='bbox 1043 4882 1395 4955; x_wconf 87' lang='lat' dir='ltr'><strong>Apostolique</strong></span> <span class='ocrx_word' id='word_1_385' title='bbox 1417 4901 1633 4954; x_wconf 89' lang='lat' dir='ltr'><strong>eorum,</strong></span> <span class='ocrx_word' id='word_1_386' title='bbox 1682 4888 1939 4959; x_wconf 87' lang='lat' dir='ltr'><strong>epistolas</strong></span> 
     </span>
    </p>
   </div>
   <div class='ocr_carea' id='block_1_53' title="bbox 362 4961 1941 5050">
    <p class='ocr_par' dir='ltr' id='par_1_53' title="bbox 362 4961 1941 5050">
     <span class='ocr_line' id='line_1_53' title="bbox 362 4961 1941 5050; baseline 0.015 -35"><span class='ocrx_word' id='word_1_387' title='bbox 362 4961 596 5024; x_wconf 89' lang='lat' dir='ltr'><strong>biblinas</strong></span> <span class='ocrx_word' id='word_1_388' title='bbox 630 4969 965 5039; x_wconf 87' lang='lat' dir='ltr'><strong>deferentes,</strong></span> <span class='ocrx_word' id='word_1_389' title='bbox 1005 4989 1072 5029; x_wconf 91' lang='lat' dir='ltr'><strong>ac</strong></span> <span class='ocrx_word' id='word_1_390' title='bbox 1101 4990 1262 5046; x_wconf 89' lang='lat' dir='ltr'><strong>supra</strong></span> <span class='ocrx_word' id='word_1_391' title='bbox 1292 4980 1511 5035; x_wconf 85' lang='lat' dir='ltr'><strong>dorsum</strong></span> <span class='ocrx_word' id='word_1_392' title='bbox 1558 4995 1841 5050; x_wconf 85' lang='lat' dir='ltr'><strong>aquarum,</strong></span> <span class='ocrx_word' id='word_1_393' title='bbox 1883 4990 1941 5038; x_wconf 92' lang='lat' dir='ltr'><strong>et</strong></span> 
     </span>
    </p>
   </div>
   <div class='ocr_carea' id='block_1_54' title="bbox 362 5058 1939 5143">
    <p class='ocr_par' dir='ltr' id='par_1_54' title="bbox 362 5058 1939 5143">
     <span class='ocr_line' id='line_1_54' title="bbox 362 5058 1939 5143; baseline 0.011 -32"><span class='ocrx_word' id='word_1_394' title='bbox 362 5058 415 5111; x_wconf 90' lang='lat' dir='ltr'><strong>in</strong></span> <span class='ocrx_word' id='word_1_395' title='bbox 454 5060 590 5116; x_wconf 90' lang='lat' dir='ltr'><strong>mari</strong></span> <span class='ocrx_word' id='word_1_396' title='bbox 618 5061 959 5134; x_wconf 77' lang='lat' dir='ltr'><strong>navigantes,</strong></span> <span class='ocrx_word' id='word_1_397' title='bbox 1009 5067 1208 5138; x_wconf 91' lang='lat' dir='ltr'><strong>ubique</strong></span> <span class='ocrx_word' id='word_1_398' title='bbox 1243 5078 1508 5125; x_wconf 91' lang='lat' dir='ltr'><strong>terrarum</strong></span> <span class='ocrx_word' id='word_1_399' title='bbox 1540 5072 1939 5143; x_wconf 77' lang='lat' dir='ltr'><strong>discurrebant,</strong></span> 
     </span>
    </p>
   </div>
   <div class='ocr_carea' id='block_1_55' title="bbox 359 5154 1938 5221">
    <p class='ocr_par' dir='ltr' id='par_1_55' title="bbox 359 5154 1938 5221">
     <span class='ocr_line' id='line_1_55' title="bbox 359 5154 1938 5221; baseline 0.011 -17"><span class='ocrx_word' id='word_1_400' title='bbox 359 5164 666 5208; x_wconf 82' lang='lat' dir='ltr'><strong>sermonem</strong></span> <span class='ocrx_word' id='word_1_401' title='bbox 718 5155 788 5210; x_wconf 92' lang='lat' dir='ltr'><strong>de</strong></span> <span class='ocrx_word' id='word_1_402' title='bbox 843 5154 1137 5216; x_wconf 89' lang='lat' dir='ltr'><strong>Servatore</strong></span> <span class='ocrx_word' id='word_1_403' title='bbox 1203 5170 1391 5217; x_wconf 88' lang='lat' dir='ltr'><strong>nostro</strong></span> <span class='ocrx_word' id='word_1_404' title='bbox 1442 5164 1731 5220; x_wconf 87' lang='lat' dir='ltr'><strong>calumniis</strong></span> <span class='ocrx_word' id='word_1_405' title='bbox 1783 5165 1938 5221; x_wconf 87' lang='lat' dir='ltr'><strong>velli-</strong></span> 
     </span>
    </p>
   </div>
   <div class='ocr_carea' id='block_1_56' title="bbox 358 5245 1938 5327">
    <p class='ocr_par' dir='ltr' id='par_1_56' title="bbox 358 5245 1938 5327">
     <span class='ocr_line' id='line_1_56' title="bbox 358 5245 1938 5327; baseline 0.011 -33"><span class='ocrx_word' id='word_1_406' title='bbox 358 5253 562 5299; x_wconf 89' lang='lat' dir='ltr'><strong>cantes.</strong></span> <span class='ocrx_word' id='word_1_407' title='bbox 589 5245 873 5315; x_wconf 86' lang='lat' dir='ltr'><strong>Apostolos</strong></span> <span class='ocrx_word' id='word_1_408' title='bbox 898 5265 1028 5306; x_wconf 88' lang='lat' dir='ltr'><strong>vero</strong></span> <span class='ocrx_word' id='word_1_409' title='bbox 1057 5254 1221 5308; x_wconf 89' lang='lat' dir='ltr'><strong>etiam</strong></span> <span class='ocrx_word' id='word_1_410' title='bbox 1252 5269 1393 5310; x_wconf 92' lang='lat' dir='ltr'><strong>nunc</strong></span> <span class='ocrx_word' id='word_1_411' title='bbox 1426 5255 1592 5311; x_wconf 67' lang='lat' dir='ltr'><strong>Judaei</strong></span> <span class='ocrx_word' id='word_1_412' title='bbox 1626 5271 1938 5327; x_wconf 85' lang='lat' dir='ltr'><strong>nuncupare</strong></span> 
     </span>
    </p>
   </div>
   <div class='ocr_carea' id='block_1_57' title="bbox 360 5332 1937 5416">
    <p class='ocr_par' dir='ltr' id='par_1_57' title="bbox 360 5332 1937 5416">
     <span class='ocr_line' id='line_1_57' title="bbox 360 5332 1937 5416; baseline 0.013 -33"><span class='ocrx_word' id='word_1_413' title='bbox 360 5332 540 5388; x_wconf 87' lang='lat' dir='ltr'><strong>solent</strong></span> <span class='ocrx_word' id='word_1_414' title='bbox 572 5350 689 5404; x_wconf 91' lang='lat' dir='ltr'><strong>eos,</strong></span> <span class='ocrx_word' id='word_1_415' title='bbox 739 5338 832 5408; x_wconf 88' lang='lat' dir='ltr'><strong>qui</strong></span> <span class='ocrx_word' id='word_1_416' title='bbox 888 5342 1184 5399; x_wconf 89' lang='lat' dir='ltr'><strong>circulares</strong></span> <span class='ocrx_word' id='word_1_417' title='bbox 1233 5347 1535 5416; x_wconf 89' lang='lat' dir='ltr'><strong>principum</strong></span> <span class='ocrx_word' id='word_1_418' title='bbox 1578 5364 1796 5404; x_wconf 91' lang='lat' dir='ltr'><strong>suorum</strong></span> <span class='ocrx_word' id='word_1_419' title='bbox 1846 5350 1937 5404; x_wconf 92' lang='lat' dir='ltr'><strong>lit-</strong></span> 
     </span>
    </p>
   </div>
   <div class='ocr_carea' id='block_1_58' title="bbox 361 5426 1934 5510">
    <p class='ocr_par' dir='ltr' id='par_1_58' title="bbox 361 5426 1934 5510">
     <span class='ocr_line' id='line_1_58' title="bbox 361 5426 1934 5510; baseline 0.015 -35"><span class='ocrx_word' id='word_1_420' title='bbox 361 5432 504 5478; x_wconf 88' lang='lat' dir='ltr'><strong>teras</strong></span> <span class='ocrx_word' id='word_1_421' title='bbox 538 5426 963 5500; x_wconf 84' lang='lat' dir='ltr'><strong>circumquaque</strong></span> <span class='ocrx_word' id='word_1_422' title='bbox 989 5433 1291 5490; x_wconf 64' lang='lat' dir='ltr'><strong>deferunt.»</strong></span> <span class='ocrx_word' id='word_1_423' title='bbox 1319 5437 1442 5494; x_wconf 60' lang='lat' dir='ltr'><strong>Haec</strong></span> <span class='ocrx_word' id='word_1_424' title='bbox 1476 5455 1635 5509; x_wconf 90' lang='lat' dir='ltr'><strong>porro</strong></span> <span class='ocrx_word' id='word_1_425' title='bbox 1664 5451 1934 5510; x_wconf 88' lang='lat' dir='ltr'><strong>postrema</strong></span> 
     </span>
    </p>
   </div>
   <div class='ocr_carea' id='block_1_59' title="bbox 356 5516 1935 5604">
    <p class='ocr_par' dir='ltr' id='par_1_59' title="bbox 356 5516 1935 5604">
     <span class='ocr_line' id='line_1_59' title="bbox 356 5516 1935 5604; baseline 0.014 -37"><span class='ocrx_word' id='word_1_426' title='bbox 356 5516 545 5582; x_wconf 88' lang='lat' dir='ltr'><strong>verba,</strong></span> <span class='ocrx_word' id='word_1_427' title='bbox 575 5519 908 5589; x_wconf 84' lang='grc' dir='ltr'>ἀποστόλους</span> <span class='ocrx_word' id='word_1_428' title='bbox 951 5526 1008 5580; x_wconf 86' lang='grc' dir='ltr'>δὲ</span> <span class='ocrx_word' id='word_1_429' title='bbox 1051 5528 1215 5582; x_wconf 78' lang='grc' dir='ltr'>εἰσέτι</span> <span class='ocrx_word' id='word_1_430' title='bbox 1263 5530 1356 5585; x_wconf 77' lang='grc' dir='ltr'>καὶ</span> <span class='ocrx_word' id='word_1_431' title='bbox 1400 5531 1513 5599; x_wconf 85' lang='grc' dir='ltr'>νῦν,</span> <span class='ocrx_word' id='word_1_432' title='bbox 1544 5542 1672 5599; x_wconf 90' lang='lat' dir='ltr'><strong>etc.,</strong></span> <span class='ocrx_word' id='word_1_433' title='bbox 1703 5534 1935 5604; x_wconf 86' lang='lat' dir='ltr'><strong>ascripta</strong></span> 
     </span>
    </p>
   </div>
   <div class='ocr_carea' id='block_1_60' title="bbox 359 5606 1931 5689">
    <p class='ocr_par' dir='ltr' id='par_1_60' title="bbox 359 5606 1931 5689">
     <span class='ocr_line' id='line_1_60' title="bbox 359 5606 1931 5689; baseline 0.013 -28"><span class='ocrx_word' id='word_1_434' title='bbox 359 5606 526 5665; x_wconf 87' lang='lat' dir='ltr'><strong>habes</strong></span> <span class='ocrx_word' id='word_1_435' title='bbox 550 5613 687 5681; x_wconf 81' lang='lat' dir='ltr'><strong>apud</strong></span> <span class='ocrx_word' id='word_1_436' title='bbox 712 5612 1121 5683; x_wconf 75' lang='lat' dir='ltr'><strong>(Ecumenium,</strong></span> <span class='ocrx_word' id='word_1_437' title='bbox 1144 5620 1212 5674; x_wconf 86' lang='lat' dir='ltr'><strong>ad</strong></span> <span class='ocrx_word' id='word_1_438' title='bbox 1240 5619 1533 5689; x_wconf 80' lang='lat' dir='ltr'><strong>Epistolam</strong></span> <span class='ocrx_word' id='word_1_439' title='bbox 1556 5625 1623 5678; x_wconf 86' lang='lat' dir='ltr'><strong>ad</strong></span> <span class='ocrx_word' id='word_1_440' title='bbox 1646 5623 1931 5681; x_wconf 79' lang='lat' dir='ltr'><strong>Romanos.</strong></span> 
     </span>
    </p>
   </div>
   <div class='ocr_carea' id='block_1_61' title="bbox 356 5698 1933 5782">
    <p class='ocr_par' dir='ltr' id='par_1_61' title="bbox 356 5698 1933 5782">
     <span class='ocr_line' id='line_1_61' title="bbox 356 5698 1933 5782; baseline 0.015 -30"><span class='ocrx_word' id='word_1_441' title='bbox 356 5698 434 5754; x_wconf 84' lang='lat' dir='ltr'><strong>De</strong></span> <span class='ocrx_word' id='word_1_442' title='bbox 484 5704 743 5773; x_wconf 86' lang='lat' dir='ltr'><strong>apostolis</strong></span> <span class='ocrx_word' id='word_1_443' title='bbox 794 5705 1099 5766; x_wconf 65' lang='lat' dir='ltr'><strong>Iudaeorum</strong></span> <span class='ocrx_word' id='word_1_444' title='bbox 1170 5711 1389 5782; x_wconf 85' lang='lat' dir='ltr'><strong>paulum</strong></span> <span class='ocrx_word' id='word_1_445' title='bbox 1452 5715 1662 5773; x_wconf 78' lang='lat' dir='ltr'><strong>diversa</strong></span> <span class='ocrx_word' id='word_1_446' title='bbox 1718 5716 1933 5776; x_wconf 81' lang='lat' dir='ltr'><strong>tradere</strong></span> 
     </span>
    </p>
   </div>
   <div class='ocr_carea' id='block_1_62' title="bbox 1972 4475 2019 4531">
    <p class='ocr_par' dir='ltr' id='par_1_62' title="bbox 1972 4475 2019 4531">
     <span class='ocr_line' id='line_1_62' title="bbox 1972 4475 2019 4531; baseline 0 0"><span class='ocrx_word' id='word_1_447' title='bbox 1972 4475 2019 4531; x_wconf 92' lang='lat' dir='ltr'><strong>D</strong></span> 
     </span>
    </p>
   </div>
   <div class='ocr_carea' id='block_1_63' title="bbox 2070 542 3651 622">
    <p class='ocr_par' dir='ltr' id='par_1_63' title="bbox 2070 542 3651 622">
     <span class='ocr_line' id='line_1_63' title="bbox 2070 542 3651 622; baseline 0.004 -23"><span class='ocrx_word' id='word_1_448' title='bbox 2070 548 2381 618; x_wconf 82' lang='grc' dir='ltr'>ἐναρίθμιος</span> <span class='ocrx_word' id='word_1_449' title='bbox 2428 542 2513 617; x_wconf 79' lang='grc' dir='ltr'><strong>ἦν.</strong></span> <span class='ocrx_word' id='word_1_450' title='bbox 2545 548 2665 600; x_wconf 68' lang='grc' dir='ltr'>Εἰσὶ</span> <span class='ocrx_word' id='word_1_451' title='bbox 2709 548 2765 600; x_wconf 81' lang='grc' dir='ltr'>δὲ</span> <span class='ocrx_word' id='word_1_452' title='bbox 2798 542 2941 601; x_wconf 76' lang='grc' dir='ltr'>οὗτοι</span> <span class='ocrx_word' id='word_1_453' title='bbox 2984 548 3120 619; x_wconf 82' lang='grc' dir='ltr'>μετὰ</span> <span class='ocrx_word' id='word_1_454' title='bbox 3164 549 3254 602; x_wconf 80' lang='grc' dir='ltr'><strong>τὸν</strong></span> <span class='ocrx_word' id='word_1_455' title='bbox 3301 550 3651 622; x_wconf 82' lang='grc' dir='ltr'>πατριάρχην</span> 
     </span>
    </p>
   </div>
   <div class='ocr_carea' id='block_1_64' title="bbox 2071 636 3649 712">
    <p class='ocr_par' dir='ltr' id='par_1_64' title="bbox 2071 636 3649 712">
     <span class='ocr_line' id='line_1_64' title="bbox 2071 636 3649 712; baseline 0.003 -21"><span class='ocrx_word' id='word_1_456' title='bbox 2071 637 2353 691; x_wconf 75' lang='grc' dir='ltr'>ἀπόστολοι</span> <span class='ocrx_word' id='word_1_457' title='bbox 2417 636 2767 708; x_wconf 79' lang='grc' dir='ltr'>καλούμενοι·</span> <span class='ocrx_word' id='word_1_458' title='bbox 2820 639 3239 712; x_wconf 76' lang='grc' dir='ltr'>προσεδρεύουσι</span> <span class='ocrx_word' id='word_1_459' title='bbox 3291 640 3347 694; x_wconf 83' lang='grc' dir='ltr'>δὲ</span> <span class='ocrx_word' id='word_1_460' title='bbox 3404 642 3481 712; x_wconf 88' lang='grc' dir='ltr'>τῷ</span> <span class='ocrx_word' id='word_1_461' title='bbox 3537 661 3649 696; x_wconf 83' lang='grc' dir='ltr'>πα-</span> 
     </span>
    </p>
   </div>
   <div class='ocr_carea' id='block_1_65' title="bbox 2070 729 3651 803">
    <p class='ocr_par' dir='ltr' id='par_1_65' title="bbox 2070 729 3651 803">
     <span class='ocr_line' id='line_1_65' title="bbox 2070 729 3651 803; baseline 0.004 -22"><span class='ocrx_word' id='word_1_462' title='bbox 2070 730 2325 803; x_wconf 76' lang='grc' dir='ltr'>τριάρχῃ,</span> <span class='ocrx_word' id='word_1_463' title='bbox 2357 729 2451 782; x_wconf 72' lang='grc' dir='ltr'><strong>καὶ</strong></span> <span class='ocrx_word' id='word_1_464' title='bbox 2484 731 2579 783; x_wconf 85' lang='grc' dir='ltr'><strong>σὺν</strong></span> <span class='ocrx_word' id='word_1_465' title='bbox 2621 729 2768 800; x_wconf 80' lang='grc' dir='ltr'>αὐτῷ</span> <span class='ocrx_word' id='word_1_466' title='bbox 2812 730 3089 794; x_wconf 82' lang='grc' dir='ltr'>πολλάκις,</span> <span class='ocrx_word' id='word_1_467' title='bbox 3122 732 3215 785; x_wconf 71' lang='grc' dir='ltr'><strong>καὶ</strong></span> <span class='ocrx_word' id='word_1_468' title='bbox 3260 735 3316 786; x_wconf 84' lang='grc' dir='ltr'><strong>ἐν</strong></span> <span class='ocrx_word' id='word_1_469' title='bbox 3355 736 3507 788; x_wconf 75' lang='grc' dir='ltr'>νυκτὶ</span> <span class='ocrx_word' id='word_1_470' title='bbox 3549 732 3651 788; x_wconf 75' lang='grc' dir='ltr'>καὶ</span> 
     </span>
    </p>
   </div>
   <div class='ocr_carea' id='block_1_66' title="bbox 2067 822 3651 896">
    <p class='ocr_par' dir='ltr' id='par_1_66' title="bbox 2067 822 3651 896">
     <span class='ocr_line' id='line_1_66' title="bbox 2067 822 3651 896; baseline 0.003 -21"><span class='ocrx_word' id='word_1_471' title='bbox 2067 824 2125 876; x_wconf 73' lang='grc' dir='ltr'>ἐν</span> <span class='ocrx_word' id='word_1_472' title='bbox 2166 823 2365 895; x_wconf 80' lang='grc' dir='ltr'>ἡμέρᾳ,</span> <span class='ocrx_word' id='word_1_473' title='bbox 2416 822 2651 893; x_wconf 81' lang='grc' dir='ltr'>συνεχῶς</span> <span class='ocrx_word' id='word_1_474' title='bbox 2697 823 2974 891; x_wconf 83' lang='grc' dir='ltr'>διάγουσι,</span> <span class='ocrx_word' id='word_1_475' title='bbox 3022 823 3110 877; x_wconf 81' lang='grc' dir='ltr'>διὰ</span> <span class='ocrx_word' id='word_1_476' title='bbox 3145 823 3206 877; x_wconf 83' lang='grc' dir='ltr'><strong>τὸ</strong></span> <span class='ocrx_word' id='word_1_477' title='bbox 3252 825 3651 896; x_wconf 77' lang='grc' dir='ltr'>συμϐουλεύειν</span> 
     </span>
    </p>
   </div>
   <div class='ocr_carea' id='block_1_67' title="bbox 2068 913 3646 986">
    <p class='ocr_par' dir='ltr' id='par_1_67' title="bbox 2068 913 3646 986">
     <span class='ocr_line' id='line_1_67' title="bbox 2068 913 3646 986; baseline 0.003 -19"><span class='ocrx_word' id='word_1_478' title='bbox 2068 916 2162 968; x_wconf 74' lang='grc' dir='ltr'><strong>καὶ</strong></span> <span class='ocrx_word' id='word_1_479' title='bbox 2212 915 2501 986; x_wconf 78' lang='grc' dir='ltr'>ἀναφέρειν</span> <span class='ocrx_word' id='word_1_480' title='bbox 2563 913 2711 984; x_wconf 80' lang='grc' dir='ltr'>αὐτῷ</span> <span class='ocrx_word' id='word_1_481' title='bbox 2758 913 2826 967; x_wconf 86' lang='grc' dir='ltr'>τὰ</span> <span class='ocrx_word' id='word_1_482' title='bbox 2871 913 3011 967; x_wconf 82' lang='grc' dir='ltr'>κατὰ</span> <span class='ocrx_word' id='word_1_483' title='bbox 3056 915 3146 968; x_wconf 74' lang='grc' dir='ltr'>τὸν</span> <span class='ocrx_word' id='word_1_484' title='bbox 3202 915 3382 986; x_wconf 85' lang='grc' dir='ltr'>νόμον.</span> <span class='ocrx_word' id='word_1_485' title='bbox 3422 915 3477 970; x_wconf 87' lang='lat' dir='ltr'><strong>Id</strong></span> <span class='ocrx_word' id='word_1_486' title='bbox 3523 927 3646 972; x_wconf 79' lang='lat' dir='ltr'><strong>est:</strong></span> 
     </span>
    </p>
   </div>
   <div class='ocr_carea' id='block_1_68' title="bbox 2073 1004 3647 1079">
    <p class='ocr_par' dir='ltr' id='par_1_68' title="bbox 2073 1004 3647 1079">
     <span class='ocr_line' id='line_1_68' title="bbox 2073 1004 3647 1079; baseline 0.002 -19"><span class='ocrx_word' id='word_1_487' title='bbox 2073 1026 2092 1060; x_wconf 72' lang='grc' dir='ltr'>ε</span> <span class='ocrx_word' id='word_1_488' title='bbox 2124 1009 2334 1063; x_wconf 88' lang='lat' dir='ltr'><strong>Etenim</strong></span> <span class='ocrx_word' id='word_1_489' title='bbox 2384 1008 2473 1062; x_wconf 89' lang='lat' dir='ltr'><strong>hic</strong></span> <span class='ocrx_word' id='word_1_490' title='bbox 2532 1007 2644 1075; x_wconf 90' lang='lat' dir='ltr'><strong>ipse</strong></span> <span class='ocrx_word' id='word_1_491' title='bbox 2692 1004 2958 1076; x_wconf 74' lang='lat' dir='ltr'><strong>Josepltus</strong></span> <span class='ocrx_word' id='word_1_492' title='bbox 3006 1006 3147 1061; x_wconf 88' lang='lat' dir='ltr'><strong>inter</strong></span> <span class='ocrx_word' id='word_1_493' title='bbox 3188 1008 3446 1077; x_wconf 83' lang='lat' dir='ltr'><strong>dignitate</strong></span> <span class='ocrx_word' id='word_1_494' title='bbox 3506 1026 3647 1079; x_wconf 66' lang='lat' dir='ltr'><strong>prae-</strong></span> 
     </span>
    </p>
   </div>
   <div class='ocr_carea' id='block_1_69' title="bbox 2066 1096 3647 1168">
    <p class='ocr_par' dir='ltr' id='par_1_69' title="bbox 2066 1096 3647 1168">
     <span class='ocr_line' id='line_1_69' title="bbox 2066 1096 3647 1168; baseline -0.001 -15"><span class='ocrx_word' id='word_1_495' title='bbox 2066 1107 2274 1153; x_wconf 86' lang='lat' dir='ltr'><strong>stantes</strong></span> <span class='ocrx_word' id='word_1_496' title='bbox 2320 1098 2467 1151; x_wconf 91' lang='lat' dir='ltr'><strong>viros</strong></span> <span class='ocrx_word' id='word_1_497' title='bbox 2531 1112 2697 1168; x_wconf 88' lang='lat' dir='ltr'><strong>penes</strong></span> <span class='ocrx_word' id='word_1_498' title='bbox 2752 1096 2958 1153; x_wconf 68' lang='lat' dir='ltr'><strong>ludreos</strong></span> <span class='ocrx_word' id='word_1_499' title='bbox 3015 1098 3455 1151; x_wconf 86' lang='lat' dir='ltr'><strong>numerabatur:</strong></span> <span class='ocrx_word' id='word_1_500' title='bbox 3505 1113 3647 1167; x_wconf 87' lang='lat' dir='ltr'><strong>quos</strong></span> 
     </span>
    </p>
   </div>
   <div class='ocr_carea' id='block_1_70' title="bbox 2065 1190 3643 1261">
    <p class='ocr_par' dir='ltr' id='par_1_70' title="bbox 2065 1190 3643 1261">
     <span class='ocr_line' id='line_1_70' title="bbox 2065 1190 3643 1261; baseline 0.001 -15"><span class='ocrx_word' id='word_1_501' title='bbox 2065 1200 2188 1261; x_wconf 91' lang='lat' dir='ltr'><strong>post</strong></span> <span class='ocrx_word' id='word_1_502' title='bbox 2226 1190 2588 1261; x_wconf 85' lang='lat' dir='ltr'><strong>patriarcham</strong></span> <span class='ocrx_word' id='word_1_503' title='bbox 2632 1190 2903 1259; x_wconf 90' lang='lat' dir='ltr'><strong>apostolos</strong></span> <span class='ocrx_word' id='word_1_504' title='bbox 2940 1190 3237 1245; x_wconf 90' lang='lat' dir='ltr'><strong>nominant.</strong></span> <span class='ocrx_word' id='word_1_505' title='bbox 3281 1190 3534 1246; x_wconf 79' lang='lat' dir='ltr'><strong>Assideut</strong></span> <span class='ocrx_word' id='word_1_506' title='bbox 3585 1192 3643 1247; x_wconf 90' lang='lat' dir='ltr'><strong>hi</strong></span> 
     </span>
    </p>
   </div>
   <div class='ocr_carea' id='block_1_71' title="bbox 2065 1277 3647 1350">
    <p class='ocr_par' dir='ltr' id='par_1_71' title="bbox 2065 1277 3647 1350">
     <span class='ocr_line' id='line_1_71' title="bbox 2065 1277 3647 1350; baseline 0.003 -19"><span class='ocrx_word' id='word_1_507' title='bbox 2065 1277 2409 1348; x_wconf 59' lang='lat' dir='ltr'><strong>patriarchae,</strong></span> <span class='ocrx_word' id='word_1_508' title='bbox 2440 1286 2492 1331; x_wconf 89' lang='lat' dir='ltr'><strong>et</strong></span> <span class='ocrx_word' id='word_1_509' title='bbox 2542 1290 2665 1330; x_wconf 90' lang='lat' dir='ltr'><strong>cum</strong></span> <span class='ocrx_word' id='word_1_510' title='bbox 2713 1292 2779 1331; x_wconf 92' lang='lat' dir='ltr'><strong>eo</strong></span> <span class='ocrx_word' id='word_1_511' title='bbox 2829 1277 3024 1346; x_wconf 79' lang='lat' dir='ltr'><strong>szepius</strong></span> <span class='ocrx_word' id='word_1_512' title='bbox 3070 1279 3161 1332; x_wconf 92' lang='lat' dir='ltr'><strong>diu</strong></span> <span class='ocrx_word' id='word_1_513' title='bbox 3201 1288 3470 1350; x_wconf 90' lang='lat' dir='ltr'><strong>noctuque</strong></span> <span class='ocrx_word' id='word_1_514' title='bbox 3515 1297 3647 1335; x_wconf 85' lang='lat' dir='ltr'><strong>ver—</strong></span> 
     </span>
    </p>
   </div>
   <div class='ocr_carea' id='block_1_72' title="bbox 2063 1368 3648 1440">
    <p class='ocr_par' dir='ltr' id='par_1_72' title="bbox 2063 1368 3648 1440">
     <span class='ocr_line' id='line_1_72' title="bbox 2063 1368 3648 1440; baseline 0.003 -17"><span class='ocrx_word' id='word_1_515' title='bbox 2063 1376 2253 1423; x_wconf 88' lang='lat' dir='ltr'><strong>santur</strong></span> <span class='ocrx_word' id='word_1_516' title='bbox 2280 1386 2292 1421; x_wconf 93' lang='lat'><strong>:</strong></span> <span class='ocrx_word' id='word_1_517' title='bbox 2322 1368 2464 1440; x_wconf 92' lang='lat' dir='ltr'><strong>quod</strong></span> <span class='ocrx_word' id='word_1_518' title='bbox 2512 1369 2684 1423; x_wconf 90' lang='lat' dir='ltr'><strong>eidem</strong></span> <span class='ocrx_word' id='word_1_519' title='bbox 2721 1384 2750 1423; x_wconf 91' lang='lat' dir='ltr'><strong>a</strong></span> <span class='ocrx_word' id='word_1_520' title='bbox 2786 1368 3030 1424; x_wconf 91' lang='lat' dir='ltr'><strong>consiliis</strong></span> <span class='ocrx_word' id='word_1_521' title='bbox 3063 1370 3199 1435; x_wconf 92' lang='lat' dir='ltr'><strong>sint,</strong></span> <span class='ocrx_word' id='word_1_522' title='bbox 3240 1378 3296 1424; x_wconf 90' lang='lat' dir='ltr'><strong>et</strong></span> <span class='ocrx_word' id='word_1_523' title='bbox 3340 1371 3407 1425; x_wconf 93' lang='lat' dir='ltr'><strong>de</strong></span> <span class='ocrx_word' id='word_1_524' title='bbox 3454 1372 3516 1426; x_wconf 92' lang='lat' dir='ltr'><strong>iis</strong></span> <span class='ocrx_word' id='word_1_525' title='bbox 3553 1387 3648 1427; x_wconf 87' lang='lat' dir='ltr'><strong>re-</strong></span> 
     </span>
    </p>
   </div>
   <div class='ocr_carea' id='block_1_73' title="bbox 2063 1458 3641 1531">
    <p class='ocr_par' dir='ltr' id='par_1_73' title="bbox 2063 1458 3641 1531">
     <span class='ocr_line' id='line_1_73' title="bbox 2063 1458 3641 1531; baseline 0.001 -18"><span class='ocrx_word' id='word_1_526' title='bbox 2063 1458 2272 1523; x_wconf 79' lang='lat' dir='ltr'><strong>ferant,</strong></span> <span class='ocrx_word' id='word_1_527' title='bbox 2320 1475 2439 1529; x_wconf 72' lang='lat' dir='ltr'><strong>quze</strong></span> <span class='ocrx_word' id='word_1_528' title='bbox 2488 1460 2553 1513; x_wconf 89' lang='lat' dir='ltr'><strong>ad</strong></span> <span class='ocrx_word' id='word_1_529' title='bbox 2592 1460 2759 1531; x_wconf 81' lang='lat' dir='ltr'><strong>legem</strong></span> <span class='ocrx_word' id='word_1_530' title='bbox 2814 1459 3087 1530; x_wconf 84' lang='lat' dir='ltr'><strong>pertinere</strong></span> <span class='ocrx_word' id='word_1_531' title='bbox 3126 1461 3437 1515; x_wconf 66' lang='lat' dir='ltr'><strong>videntur.»</strong></span> <span class='ocrx_word' id='word_1_532' title='bbox 3486 1460 3641 1529; x_wconf 90' lang='lat' dir='ltr'><strong>Quos</strong></span> 
     </span>
    </p>
   </div>
   <div class='ocr_carea' id='block_1_74' title="bbox 2063 1553 3648 1625">
    <p class='ocr_par' dir='ltr' id='par_1_74' title="bbox 2063 1553 3648 1625">
     <span class='ocr_line' id='line_1_74' title="bbox 2063 1553 3648 1625; baseline -0.001 -18"><span class='ocrx_word' id='word_1_533' title='bbox 2063 1554 2226 1625; x_wconf 83' lang='lat' dir='ltr'><strong>igitur</strong></span> <span class='ocrx_word' id='word_1_534' title='bbox 2273 1554 2338 1607; x_wconf 91' lang='lat' dir='ltr'><strong>ad</strong></span> <span class='ocrx_word' id='word_1_535' title='bbox 2393 1553 2605 1609; x_wconf 89' lang='lat' dir='ltr'><strong>litteras</strong></span> <span class='ocrx_word' id='word_1_536' title='bbox 2648 1553 2790 1608; x_wconf 91' lang='lat' dir='ltr'><strong>ultro</strong></span> <span class='ocrx_word' id='word_1_537' title='bbox 2838 1554 3090 1624; x_wconf 88' lang='lat' dir='ltr'><strong>citroque</strong></span> <span class='ocrx_word' id='word_1_538' title='bbox 3138 1555 3387 1609; x_wconf 88' lang='lat' dir='ltr'><strong>ferendas</strong></span> <span class='ocrx_word' id='word_1_539' title='bbox 3435 1555 3648 1609; x_wconf 90' lang='lat' dir='ltr'><strong>consti-</strong></span> 
     </span>
    </p>
   </div>
   <div class='ocr_carea' id='block_1_75' title="bbox 2062 1644 3642 1715">
    <p class='ocr_par' dir='ltr' id='par_1_75' title="bbox 2062 1644 3642 1715">
     <span class='ocr_line' id='line_1_75' title="bbox 2062 1644 3642 1715; baseline 0.001 -16"><span class='ocrx_word' id='word_1_540' title='bbox 2062 1656 2206 1699; x_wconf 88' lang='lat' dir='ltr'><strong>tutos</strong></span> <span class='ocrx_word' id='word_1_541' title='bbox 2240 1648 2315 1699; x_wconf 84' lang='lat' dir='ltr'><strong>ait</strong></span> <span class='ocrx_word' id='word_1_542' title='bbox 2364 1644 2661 1709; x_wconf 85' lang='lat' dir='ltr'><strong>Eusebius,</strong></span> <span class='ocrx_word' id='word_1_543' title='bbox 2711 1645 2929 1699; x_wconf 89' lang='lat' dir='ltr'><strong>eosdem</strong></span> <span class='ocrx_word' id='word_1_544' title='bbox 2977 1654 3187 1711; x_wconf 91' lang='lat' dir='ltr'><strong>contra,</strong></span> <span class='ocrx_word' id='word_1_545' title='bbox 3242 1655 3399 1701; x_wconf 91' lang='lat' dir='ltr'><strong>noctu</strong></span> <span class='ocrx_word' id='word_1_546' title='bbox 3440 1646 3642 1715; x_wconf 88' lang='lat' dir='ltr'><strong>diuque</strong></span> 
     </span>
    </p>
   </div>
   <div class='ocr_carea' id='block_1_76' title="bbox 1986 1730 3645 1807">
    <p class='ocr_par' dir='ltr' id='par_1_76' title="bbox 1986 1730 3645 1807">
     <span class='ocr_line' id='line_1_76' title="bbox 1986 1730 3645 1807; baseline 0.002 -18"><span class='ocrx_word' id='word_1_547' title='bbox 1986 1730 2034 1789; x_wconf 89' lang='lat' dir='ltr'><strong>B</strong></span> <span class='ocrx_word' id='word_1_548' title='bbox 2065 1748 2245 1792; x_wconf 90' lang='lat' dir='ltr'><strong>astare</strong></span> <span class='ocrx_word' id='word_1_549' title='bbox 2294 1738 2639 1807; x_wconf 65' lang='lat' dir='ltr'><strong>patriarchae,</strong></span> <span class='ocrx_word' id='word_1_550' title='bbox 2688 1736 2899 1807; x_wconf 84' lang='lat' dir='ltr'><strong>ipsique</strong></span> <span class='ocrx_word' id='word_1_551' title='bbox 2937 1751 2965 1790; x_wconf 91' lang='lat' dir='ltr'><strong>a</strong></span> <span class='ocrx_word' id='word_1_552' title='bbox 3007 1737 3251 1792; x_wconf 90' lang='lat' dir='ltr'><strong>consiliis</strong></span> <span class='ocrx_word' id='word_1_553' title='bbox 3283 1753 3405 1794; x_wconf 89' lang='lat' dir='ltr'><strong>esse</strong></span> <span class='ocrx_word' id='word_1_554' title='bbox 3456 1749 3645 1792; x_wconf 78' lang='lat' dir='ltr'><strong>narrat</strong></span> 
     </span>
    </p>
   </div>
   <div class='ocr_carea' id='block_1_77' title="bbox 2059 1829 3648 1900">
    <p class='ocr_par' dir='ltr' id='par_1_77' title="bbox 2059 1829 3648 1900">
     <span class='ocr_line' id='line_1_77' title="bbox 2059 1829 3648 1900; baseline 0.002 -16"><span class='ocrx_word' id='word_1_555' title='bbox 2059 1830 2415 1900; x_wconf 84' lang='lat' dir='ltr'><strong>Epiphanius.</strong></span> <span class='ocrx_word' id='word_1_556' title='bbox 2472 1829 2669 1884; x_wconf 78' lang='lat' dir='ltr'><strong>Verum</strong></span> <span class='ocrx_word' id='word_1_557' title='bbox 2724 1829 2939 1885; x_wconf 88' lang='lat' dir='ltr'><strong>Eusebii</strong></span> <span class='ocrx_word' id='word_1_558' title='bbox 2989 1831 3278 1900; x_wconf 86' lang='lat' dir='ltr'><strong>explicatio</strong></span> <span class='ocrx_word' id='word_1_559' title='bbox 3331 1847 3452 1886; x_wconf 91' lang='lat' dir='ltr'><strong>cum</strong></span> <span class='ocrx_word' id='word_1_560' title='bbox 3507 1848 3648 1887; x_wconf 72' lang='lat' dir='ltr'><strong>voce</strong></span> 
     </span>
    </p>
   </div>
   <div class='ocr_carea' id='block_1_78' title="bbox 2061 1920 3638 1991">
    <p class='ocr_par' dir='ltr' id='par_1_78' title="bbox 2061 1920 3638 1991">
     <span class='ocr_line' id='line_1_78' title="bbox 2061 1920 3638 1991; baseline 0.003 -16"><span class='ocrx_word' id='word_1_561' title='bbox 2061 1920 2386 1985; x_wconf 80' lang='grc' dir='ltr'>ἀπόστολος,</span> <span class='ocrx_word' id='word_1_562' title='bbox 2434 1920 2485 1974; x_wconf 92' lang='lat' dir='ltr'><strong>id</strong></span> <span class='ocrx_word' id='word_1_563' title='bbox 2541 1929 2624 1975; x_wconf 87' lang='lat' dir='ltr'><strong>est</strong></span> <span class='ocrx_word' id='word_1_564' title='bbox 2672 1922 2883 1988; x_wconf 74' lang='lat' dir='ltr'><strong>missus,</strong></span> <span class='ocrx_word' id='word_1_565' title='bbox 2935 1924 3106 1991; x_wconf 86' lang='lat' dir='ltr'><strong>magis</strong></span> <span class='ocrx_word' id='word_1_566' title='bbox 3157 1924 3428 1978; x_wconf 87' lang='lat' dir='ltr'><strong>consentit</strong></span> <span class='ocrx_word' id='word_1_567' title='bbox 3476 1943 3488 1977; x_wconf 95' lang='lat'>:</span> <span class='ocrx_word' id='word_1_568' title='bbox 3545 1926 3638 1979; x_wconf 92' lang='lat' dir='ltr'><strong>cui</strong></span> 
     </span>
    </p>
   </div>
   <div class='ocr_carea' id='block_1_79' title="bbox 2057 2012 3645 2085">
    <p class='ocr_par' dir='ltr' id='par_1_79' title="bbox 2057 2012 3645 2085">
     <span class='ocr_line' id='line_1_79' title="bbox 2057 2012 3645 2085; baseline 0.004 -20"><span class='ocrx_word' id='word_1_569' title='bbox 2057 2012 2455 2068; x_wconf 85' lang='lat' dir='ltr'><strong>accinitCodex</strong></span> <span class='ocrx_word' id='word_1_570' title='bbox 2481 2013 2885 2068; x_wconf 87' lang='lat' dir='ltr'><strong>Theodosianus</strong></span> <span class='ocrx_word' id='word_1_571' title='bbox 2905 2014 2977 2067; x_wconf 88' lang='lat' dir='ltr'><strong>De</strong></span> <span class='ocrx_word' id='word_1_572' title='bbox 3009 2012 3237 2080; x_wconf 70' lang='lat' dir='ltr'><strong>Judazis,</strong></span> <span class='ocrx_word' id='word_1_573' title='bbox 3276 2015 3368 2072; x_wconf 91' lang='lat' dir='ltr'><strong>lib.</strong></span> <span class='ocrx_word' id='word_1_574' title='bbox 3397 2032 3507 2080; x_wconf 82' lang='lat' dir='ltr'><strong>xlv,</strong></span> <span class='ocrx_word' id='word_1_575' title='bbox 3543 2017 3645 2085; x_wconf 76' lang='lat' dir='ltr'><strong>qui</strong></span> 
     </span>
    </p>
   </div>
   <div class='ocr_carea' id='block_1_80' title="bbox 2057 2102 3646 2174">
    <p class='ocr_par' dir='ltr' id='par_1_80' title="bbox 2057 2102 3646 2174">
     <span class='ocr_line' id='line_1_80' title="bbox 2057 2102 3646 2174; baseline 0.003 -17"><span class='ocrx_word' id='word_1_576' title='bbox 2057 2102 2136 2157; x_wconf 90' lang='lat' dir='ltr'><strong>sic</strong></span> <span class='ocrx_word' id='word_1_577' title='bbox 2169 2103 2331 2159; x_wconf 86' lang='lat' dir='ltr'><strong>habet</strong></span> <span class='ocrx_word' id='word_1_578' title='bbox 2359 2123 2371 2158; x_wconf 88' lang='lat'><strong>:</strong></span> <span class='ocrx_word' id='word_1_579' title='bbox 2415 2123 2433 2156; x_wconf 71' lang='grc' dir='ltr'><strong>ε</strong></span> <span class='ocrx_word' id='word_1_580' title='bbox 2466 2103 2899 2172; x_wconf 87' lang='lat' dir='ltr'><strong>Superstitionis,</strong></span> <span class='ocrx_word' id='word_1_581' title='bbox 2934 2104 3139 2173; x_wconf 90' lang='lat' dir='ltr'><strong>inquit,</strong></span> <span class='ocrx_word' id='word_1_582' title='bbox 3168 2104 3395 2174; x_wconf 71' lang='lat' dir='ltr'><strong>indigna:</strong></span> <span class='ocrx_word' id='word_1_583' title='bbox 3427 2116 3507 2161; x_wconf 90' lang='lat' dir='ltr'><strong>est</strong></span> <span class='ocrx_word' id='word_1_584' title='bbox 3528 2146 3543 2170; x_wconf 94' lang='lat'><strong>,</strong></span> <span class='ocrx_word' id='word_1_585' title='bbox 3581 2115 3646 2161; x_wconf 79' lang='lat' dir='ltr'><strong>ut</strong></span> 
     </span>
    </p>
   </div>
   <div class='ocr_carea' id='block_1_81' title="bbox 2057 2194 3647 2266">
    <p class='ocr_par' dir='ltr' id='par_1_81' title="bbox 2057 2194 3647 2266">
     <span class='ocr_line' id='line_1_81' title="bbox 2057 2194 3647 2266; baseline 0.004 -20"><span class='ocrx_word' id='word_1_586' title='bbox 2057 2194 2486 2266; x_wconf 85' lang='lat' dir='ltr'><strong>archisynagogi,</strong></span> <span class='ocrx_word' id='word_1_587' title='bbox 2517 2196 2630 2251; x_wconf 88' lang='lat' dir='ltr'><strong>sive</strong></span> <span class='ocrx_word' id='word_1_588' title='bbox 2676 2197 2974 2266; x_wconf 86' lang='lat' dir='ltr'><strong>presbyteri</strong></span> <span class='ocrx_word' id='word_1_589' title='bbox 3023 2194 3348 2260; x_wconf 70' lang='lat' dir='ltr'><strong>Iudaeorum,</strong></span> <span class='ocrx_word' id='word_1_590' title='bbox 3374 2197 3463 2250; x_wconf 89' lang='lat' dir='ltr'><strong>vel&#39;</strong></span> <span class='ocrx_word' id='word_1_591' title='bbox 3499 2212 3647 2265; x_wconf 78' lang='lat' dir='ltr'><strong>quos</strong></span> 
     </span>
    </p>
   </div>
   <div class='ocr_carea' id='block_1_82' title="bbox 2056 2283 3635 2359">
    <p class='ocr_par' dir='ltr' id='par_1_82' title="bbox 2056 2283 3635 2359">
     <span class='ocr_line' id='line_1_82' title="bbox 2056 2283 3635 2359; baseline 0.004 -22"><span class='ocrx_word' id='word_1_592' title='bbox 2056 2283 2159 2355; x_wconf 88' lang='lat' dir='ltr'><strong>ipsi</strong></span> <span class='ocrx_word' id='word_1_593' title='bbox 2210 2286 2483 2356; x_wconf 90' lang='lat' dir='ltr'><strong>apostolos</strong></span> <span class='ocrx_word' id='word_1_594' title='bbox 2537 2296 2760 2353; x_wconf 90' lang='lat' dir='ltr'><strong>vocant,</strong></span> <span class='ocrx_word' id='word_1_595' title='bbox 2804 2288 2894 2357; x_wconf 88' lang='lat' dir='ltr'><strong>qui</strong></span> <span class='ocrx_word' id='word_1_596' title='bbox 2951 2287 3016 2342; x_wconf 89' lang='lat' dir='ltr'><strong>ad</strong></span> <span class='ocrx_word' id='word_1_597' title='bbox 3065 2288 3385 2359; x_wconf 88' lang='lat' dir='ltr'><strong>exigendum</strong></span> <span class='ocrx_word' id='word_1_598' title='bbox 3438 2303 3635 2343; x_wconf 83' lang='lat' dir='ltr'><strong>aurum</strong></span> 
     </span>
    </p>
   </div>
   <div class='ocr_carea' id='block_1_83' title="bbox 2054 2376 3641 2448">
    <p class='ocr_par' dir='ltr' id='par_1_83' title="bbox 2054 2376 3641 2448">
     <span class='ocr_line' id='line_1_83' title="bbox 2054 2376 3641 2448; baseline 0.003 -21"><span class='ocrx_word' id='word_1_599' title='bbox 2054 2385 2216 2445; x_wconf 87' lang='lat' dir='ltr'><strong>atque</strong></span> <span class='ocrx_word' id='word_1_600' title='bbox 2262 2385 2563 2445; x_wconf 85' lang='lat' dir='ltr'><strong>argentum,</strong></span> <span class='ocrx_word' id='word_1_601' title='bbox 2591 2392 2620 2430; x_wconf 89' lang='lat' dir='ltr'><strong>a</strong></span> <span class='ocrx_word' id='word_1_602' title='bbox 2661 2376 2966 2446; x_wconf 89' lang='lat' dir='ltr'><strong>patriarcha</strong></span> <span class='ocrx_word' id='word_1_603' title='bbox 3013 2386 3161 2433; x_wconf 91' lang='lat' dir='ltr'><strong>certo</strong></span> <span class='ocrx_word' id='word_1_604' title='bbox 3207 2385 3449 2448; x_wconf 90' lang='lat' dir='ltr'><strong>tempore</strong></span> <span class='ocrx_word' id='word_1_605' title='bbox 3494 2378 3641 2433; x_wconf 79' lang='lat' dir='ltr'><strong>diri-</strong></span> 
     </span>
    </p>
   </div>
   <div class='ocr_carea' id='block_1_84' title="bbox 2054 2469 3641 2541">
    <p class='ocr_par' dir='ltr' id='par_1_84' title="bbox 2054 2469 3641 2541">
     <span class='ocr_line' id='line_1_84' title="bbox 2054 2469 3641 2541; baseline 0.004 -22"><span class='ocrx_word' id='word_1_606' title='bbox 2054 2476 2269 2537; x_wconf 88' lang='lat' dir='ltr'><strong>guntur,</strong></span> <span class='ocrx_word' id='word_1_607' title='bbox 2312 2484 2340 2522; x_wconf 92' lang='lat' dir='ltr'><strong>a</strong></span> <span class='ocrx_word' id='word_1_608' title='bbox 2379 2469 2605 2540; x_wconf 87' lang='lat' dir='ltr'><strong>singulis</strong></span> <span class='ocrx_word' id='word_1_609' title='bbox 2639 2478 2884 2525; x_wconf 87' lang='lat' dir='ltr'><strong>exactam</strong></span> <span class='ocrx_word' id='word_1_610' title='bbox 2929 2485 3195 2524; x_wconf 90' lang='lat' dir='ltr'><strong>summam</strong></span> <span class='ocrx_word' id='word_1_611' title='bbox 3240 2480 3405 2541; x_wconf 89' lang='lat' dir='ltr'><strong>atque</strong></span> <span class='ocrx_word' id='word_1_612' title='bbox 3444 2485 3641 2526; x_wconf 81' lang='lat' dir='ltr'><strong>susce-</strong></span> 
     </span>
    </p>
   </div>
   <div class='ocr_carea' id='block_1_85' title="bbox 2053 2560 3647 2632">
    <p class='ocr_par' dir='ltr' id='par_1_85' title="bbox 2053 2560 3647 2632">
     <span class='ocr_line' id='line_1_85' title="bbox 2053 2560 3647 2632; baseline 0.004 -20"><span class='ocrx_word' id='word_1_613' title='bbox 2053 2568 2221 2628; x_wconf 90' lang='lat' dir='ltr'><strong>ptam,</strong></span> <span class='ocrx_word' id='word_1_614' title='bbox 2268 2561 2334 2615; x_wconf 90' lang='lat' dir='ltr'><strong>ad</strong></span> <span class='ocrx_word' id='word_1_615' title='bbox 2369 2560 2617 2617; x_wconf 92' lang='lat' dir='ltr'><strong>eumdem</strong></span> <span class='ocrx_word' id='word_1_616' title='bbox 2650 2570 2947 2632; x_wconf 90' lang='lat' dir='ltr'><strong>reportent.</strong></span> <span class='ocrx_word' id='word_1_617' title='bbox 2984 2580 3008 2614; x_wconf 84' lang='grc'><strong>›</strong></span> <span class='ocrx_word' id='word_1_618' title='bbox 3050 2560 3156 2617; x_wconf 88' lang='lat' dir='ltr'><strong>Sed</strong></span> <span class='ocrx_word' id='word_1_619' title='bbox 3190 2563 3419 2619; x_wconf 88' lang='lat' dir='ltr'><strong>fortasse</strong></span> <span class='ocrx_word' id='word_1_620' title='bbox 3455 2565 3647 2619; x_wconf 86' lang='lat' dir='ltr'><strong>conci—</strong></span> 
     </span>
    </p>
   </div>
   <div class='ocr_carea' id='block_1_86' title="bbox 2053 2649 3642 2722">
    <p class='ocr_par' dir='ltr' id='par_1_86' title="bbox 2053 2649 3642 2722">
     <span class='ocr_line' id='line_1_86' title="bbox 2053 2649 3642 2722; baseline 0.003 -18"><span class='ocrx_word' id='word_1_621' title='bbox 2053 2649 2244 2705; x_wconf 84' lang='lat' dir='ltr'><strong>lientur</strong></span> <span class='ocrx_word' id='word_1_622' title='bbox 2290 2652 2592 2720; x_wconf 82' lang='lat' dir='ltr'><strong>Opiniones,</strong></span> <span class='ocrx_word' id='word_1_623' title='bbox 2636 2653 2680 2707; x_wconf 90' lang='lat' dir='ltr'><strong>si</strong></span> <span class='ocrx_word' id='word_1_624' title='bbox 2722 2652 2983 2717; x_wconf 90' lang='lat' dir='ltr'><strong>dicamus,</strong></span> <span class='ocrx_word' id='word_1_625' title='bbox 3027 2653 3300 2722; x_wconf 90' lang='lat' dir='ltr'><strong>apostolos</strong></span> <span class='ocrx_word' id='word_1_626' title='bbox 3328 2653 3642 2710; x_wconf 67' lang='lat' dir='ltr'><strong>Iudaeorum</strong></span> 
     </span>
    </p>
   </div>
   <div class='ocr_carea' id='block_1_87' title="bbox 2055 2741 3638 2815">
    <p class='ocr_par' dir='ltr' id='par_1_87' title="bbox 2055 2741 3638 2815">
     <span class='ocr_line' id='line_1_87' title="bbox 2055 2741 3638 2815; baseline 0.005 -23"><span class='ocrx_word' id='word_1_627' title='bbox 2055 2748 2341 2807; x_wconf 66' lang='lat' dir='ltr'><strong>atrumque</strong></span> <span class='ocrx_word' id='word_1_628' title='bbox 2370 2741 2690 2809; x_wconf 73' lang='lat' dir='ltr'><strong>praestitisse</strong></span> <span class='ocrx_word' id='word_1_629' title='bbox 2716 2758 2942 2811; x_wconf 88' lang='lat' dir='ltr'><strong>munus;</strong></span> <span class='ocrx_word' id='word_1_630' title='bbox 2979 2751 3039 2797; x_wconf 94' lang='lat' dir='ltr'><strong>ut</strong></span> <span class='ocrx_word' id='word_1_631' title='bbox 3071 2743 3279 2800; x_wconf 87' lang='lat' dir='ltr'><strong>scilicet</strong></span> <span class='ocrx_word' id='word_1_632' title='bbox 3307 2746 3638 2815; x_wconf 74' lang='lat' dir='ltr'><strong>patriarcha:</strong></span> 
     </span>
    </p>
   </div>
   <div class='ocr_carea' id='block_1_88' title="bbox 2053 2831 3640 2909">
    <p class='ocr_par' dir='ltr' id='par_1_88' title="bbox 2053 2831 3640 2909">
     <span class='ocr_line' id='line_1_88' title="bbox 2053 2831 3640 2909; baseline 0.007 -26"><span class='ocrx_word' id='word_1_633' title='bbox 2053 2831 2373 2900; x_wconf 85' lang='lat' dir='ltr'><strong>assiderent,</strong></span> <span class='ocrx_word' id='word_1_634' title='bbox 2401 2847 2467 2888; x_wconf 90' lang='lat' dir='ltr'><strong>ac</strong></span> <span class='ocrx_word' id='word_1_635' title='bbox 2494 2833 2612 2905; x_wconf 85' lang='lat' dir='ltr'><strong>ejus</strong></span> <span class='ocrx_word' id='word_1_636' title='bbox 2646 2831 2799 2904; x_wconf 73' lang='lat' dir='ltr'><strong>iussa</strong></span> <span class='ocrx_word' id='word_1_637' title='bbox 2831 2842 2885 2889; x_wconf 90' lang='lat' dir='ltr'><strong>et</strong></span> <span class='ocrx_word' id='word_1_638' title='bbox 2917 2834 3176 2905; x_wconf 89' lang='lat' dir='ltr'><strong>epistolas</strong></span> <span class='ocrx_word' id='word_1_639' title='bbox 3204 2836 3349 2893; x_wconf 91' lang='lat' dir='ltr'><strong>ultro</strong></span> <span class='ocrx_word' id='word_1_640' title='bbox 3383 2838 3640 2909; x_wconf 85' lang='lat' dir='ltr'><strong>citroque</strong></span> 
     </span>
    </p>
   </div>
   <div class='ocr_carea' id='block_1_89' title="bbox 2057 2919 2352 2977">
    <p class='ocr_par' dir='ltr' id='par_1_89' title="bbox 2057 2919 2352 2977">
     <span class='ocr_line' id='line_1_89' title="bbox 2057 2919 2352 2977; baseline 0 0"><span class='ocrx_word' id='word_1_641' title='bbox 2057 2919 2352 2977; x_wconf 88' lang='lat' dir='ltr'><strong>deferrent.</strong></span> 
     </span>
    </p>
   </div>
   <div class='ocr_carea' id='block_1_90' title="bbox 2308 3072 3381 3128">
    <p class='ocr_par' dir='ltr' id='par_1_90' title="bbox 2308 3072 3381 3128">
     <span class='ocr_line' id='line_1_90' title="bbox 2308 3072 3381 3128; baseline 0.006 -6"><span class='ocrx_word' id='word_1_642' title='bbox 2308 3073 2395 3123; x_wconf 81' lang='lat' dir='ltr'><strong>III.</strong></span> <span class='ocrx_word' id='word_1_643' title='bbox 2423 3072 2670 3124; x_wconf 82' lang='lat' dir='ltr'><strong>Eusebius</strong></span> <span class='ocrx_word' id='word_1_644' title='bbox 2691 3073 2905 3125; x_wconf 71' lang='lat' dir='ltr'><strong>Hebraio</strong></span> <span class='ocrx_word' id='word_1_645' title='bbox 2925 3075 3127 3127; x_wconf 86' lang='lat' dir='ltr'><strong>doctore</strong></span> <span class='ocrx_word' id='word_1_646' title='bbox 3149 3083 3226 3127; x_wconf 90' lang='lat' dir='ltr'><strong>est</strong></span> <span class='ocrx_word' id='word_1_647' title='bbox 3248 3092 3381 3128; x_wconf 88' lang='lat' dir='ltr'><strong>usus.</strong></span> 
     </span>
    </p>
   </div>
   <div class='ocr_carea' id='block_1_91' title="bbox 2121 3221 3719 3296">
    <p class='ocr_par' dir='ltr' id='par_1_91' title="bbox 2121 3221 3719 3296">
     <span class='ocr_line' id='line_1_91' title="bbox 2121 3221 3719 3296; baseline 0.004 -20"><span class='ocrx_word' id='word_1_648' title='bbox 2121 3221 2201 3277; x_wconf 83' lang='lat' dir='ltr'><strong>Ad</strong></span> <span class='ocrx_word' id='word_1_649' title='bbox 2231 3230 2392 3292; x_wconf 85' lang='lat' dir='ltr'><strong>caput</strong></span> <span class='ocrx_word' id='word_1_650' title='bbox 2424 3237 2554 3281; x_wconf 92' lang='lat' dir='ltr'><strong>vero</strong></span> <span class='ocrx_word' id='word_1_651' title='bbox 2581 3238 2614 3275; x_wconf 90' lang='lat' dir='ltr'><strong>v</strong></span> <span class='ocrx_word' id='word_1_652' title='bbox 2642 3223 2720 3278; x_wconf 90' lang='lat' dir='ltr'><strong>ait</strong></span> <span class='ocrx_word' id='word_1_653' title='bbox 2749 3221 2988 3291; x_wconf 68' lang='lat' dir='ltr'><strong>Iudaeos,</strong></span> <span class='ocrx_word' id='word_1_654' title='bbox 3014 3225 3106 3296; x_wconf 90' lang='lat' dir='ltr'><strong>qui</strong></span> <span class='ocrx_word' id='word_1_655' title='bbox 3138 3226 3208 3281; x_wconf 88' lang='lat' dir='ltr'><strong>ab</strong></span> <span class='ocrx_word' id='word_1_656' title='bbox 3247 3227 3532 3281; x_wconf 86' lang='lat' dir='ltr'><strong>atheorum</strong></span> <span class='ocrx_word' id='word_1_657' title='bbox 3576 3236 3642 3282; x_wconf 77' lang='lat' dir='ltr'><strong>et</strong></span> <span class='ocrx_word' id='word_1_658' title='bbox 3704 3257 3719 3269; x_wconf 88' lang='lat'><strong><em>-</em></strong></span> 
     </span>
    </p>
   </div>
   <div class='ocr_carea' id='block_1_92' title="bbox 2052 3313 3639 3380">
    <p class='ocr_par' dir='ltr' id='par_1_92' title="bbox 2052 3313 3639 3380">
     <span class='ocr_line' id='line_1_92' title="bbox 2052 3313 3639 3380; baseline 0.003 -13"><span class='ocrx_word' id='word_1_659' title='bbox 2052 3313 2455 3369; x_wconf 86' lang='lat' dir='ltr'><strong>idololatrarum</strong></span> <span class='ocrx_word' id='word_1_660' title='bbox 2484 3314 2761 3370; x_wconf 90' lang='lat' dir='ltr'><strong>consortio</strong></span> <span class='ocrx_word' id='word_1_661' title='bbox 2784 3314 3006 3371; x_wconf 79' lang='lat' dir='ltr'><strong>mini-ne</strong></span> <span class='ocrx_word' id='word_1_662' title='bbox 3036 3316 3422 3380; x_wconf 89' lang='lat' dir='ltr'><strong>abhorrebant,</strong></span> <span class='ocrx_word' id='word_1_663' title='bbox 3455 3316 3639 3372; x_wconf 87' lang='lat' dir='ltr'><strong>solum</strong></span> 
     </span>
    </p>
   </div>
   <div class='ocr_carea' id='block_1_93' title="bbox 2051 3404 3643 3477">
    <p class='ocr_par' dir='ltr' id='par_1_93' title="bbox 2051 3404 3643 3477">
     <span class='ocr_line' id='line_1_93' title="bbox 2051 3404 3643 3477; baseline 0.003 -18"><span class='ocrx_word' id='word_1_664' title='bbox 2051 3404 2486 3461; x_wconf 90' lang='lat' dir='ltr'><strong>Christianorum</strong></span> <span class='ocrx_word' id='word_1_665' title='bbox 2519 3404 2933 3461; x_wconf 89' lang='lat' dir='ltr'><strong>contubernium</strong></span> <span class='ocrx_word' id='word_1_666' title='bbox 2963 3409 3251 3474; x_wconf 89' lang='lat' dir='ltr'><strong>aversari,</strong></span> <span class='ocrx_word' id='word_1_667' title='bbox 3291 3408 3501 3477; x_wconf 83' lang='lat' dir='ltr'><strong>piaeque</strong></span> <span class='ocrx_word' id='word_1_668' title='bbox 3546 3424 3643 3463; x_wconf 86' lang='lat' dir='ltr'><strong>re-</strong></span> 
     </span>
    </p>
   </div>
   <div class='ocr_carea' id='block_1_94' title="bbox 2049 3495 3645 3568">
    <p class='ocr_par' dir='ltr' id='par_1_94' title="bbox 2049 3495 3645 3568">
     <span class='ocr_line' id='line_1_94' title="bbox 2049 3495 3645 3568; baseline 0.003 -18"><span class='ocrx_word' id='word_1_669' title='bbox 2049 3496 2271 3568; x_wconf 90' lang='lat' dir='ltr'><strong>ligionis</strong></span> <span class='ocrx_word' id='word_1_670' title='bbox 2318 3496 2554 3554; x_wconf 88' lang='lat' dir='ltr'><strong>cultores</strong></span> <span class='ocrx_word' id='word_1_671' title='bbox 2591 3496 2793 3567; x_wconf 90' lang='lat' dir='ltr'><strong>ubique</strong></span> <span class='ocrx_word' id='word_1_672' title='bbox 2825 3495 3026 3567; x_wconf 91' lang='lat' dir='ltr'><strong>pellere</strong></span> <span class='ocrx_word' id='word_1_673' title='bbox 3054 3505 3110 3553; x_wconf 91' lang='lat' dir='ltr'><strong>et</strong></span> <span class='ocrx_word' id='word_1_674' title='bbox 3156 3513 3374 3554; x_wconf 87' lang='lat' dir='ltr'><strong>vexare.</strong></span> <span class='ocrx_word' id='word_1_675' title='bbox 3417 3498 3525 3554; x_wconf 85' lang='lat' dir='ltr'><strong>Nec</strong></span> <span class='ocrx_word' id='word_1_676' title='bbox 3552 3510 3645 3555; x_wconf 83' lang='lat' dir='ltr'><strong>ta-</strong></span> 
     </span>
    </p>
   </div>
   <div class='ocr_carea' id='block_1_95' title="bbox 2051 3587 3636 3645">
    <p class='ocr_par' dir='ltr' id='par_1_95' title="bbox 2051 3587 3636 3645">
     <span class='ocr_line' id='line_1_95' title="bbox 2051 3587 3636 3645; baseline 0.002 -3"><span class='ocrx_word' id='word_1_677' title='bbox 2051 3604 2171 3644; x_wconf 87' lang='lat' dir='ltr'><strong>men</strong></span> <span class='ocrx_word' id='word_1_678' title='bbox 2202 3589 2421 3643; x_wconf 92' lang='lat' dir='ltr'><strong>insitum</strong></span> <span class='ocrx_word' id='word_1_679' title='bbox 2451 3589 2581 3644; x_wconf 91' lang='lat' dir='ltr'><strong>illud</strong></span> <span class='ocrx_word' id='word_1_680' title='bbox 2607 3587 2918 3644; x_wconf 77' lang='lat' dir='ltr'><strong>Judaeorum</strong></span> <span class='ocrx_word' id='word_1_681' title='bbox 2951 3588 3149 3643; x_wconf 88' lang='lat' dir='ltr'><strong>animis</strong></span> <span class='ocrx_word' id='word_1_682' title='bbox 3179 3589 3232 3644; x_wconf 91' lang='lat' dir='ltr'><strong>in</strong></span> <span class='ocrx_word' id='word_1_683' title='bbox 3261 3590 3636 3645; x_wconf 87' lang='lat' dir='ltr'><strong>Christianum</strong></span> 
     </span>
    </p>
   </div>
   <div class='ocr_carea' id='block_1_96' title="bbox 2050 3679 3636 3754">
    <p class='ocr_par' dir='ltr' id='par_1_96' title="bbox 2050 3679 3636 3754">
     <span class='ocr_line' id='line_1_96' title="bbox 2050 3679 3636 3754; baseline 0.003 -20"><span class='ocrx_word' id='word_1_684' title='bbox 2050 3695 2245 3735; x_wconf 90' lang='lat' dir='ltr'><strong>nomen</strong></span> <span class='ocrx_word' id='word_1_685' title='bbox 2296 3681 2477 3735; x_wconf 90' lang='lat' dir='ltr'><strong>odium</strong></span> <span class='ocrx_word' id='word_1_686' title='bbox 2534 3679 2826 3737; x_wconf 89' lang='lat' dir='ltr'><strong>Eusebium</strong></span> <span class='ocrx_word' id='word_1_687' title='bbox 2878 3682 3181 3749; x_wconf 88' lang='lat' dir='ltr'><strong>deterruit,</strong></span> <span class='ocrx_word' id='word_1_688' title='bbox 3232 3683 3519 3754; x_wconf 86' lang='lat' dir='ltr'><strong>quominus</strong></span> <span class='ocrx_word' id='word_1_689' title='bbox 3572 3683 3636 3739; x_wconf 84' lang='lat' dir='ltr'><strong>in</strong></span> 
     </span>
    </p>
   </div>
   <div class='ocr_carea' id='block_1_97' title="bbox 2049 3770 3641 3843">
    <p class='ocr_par' dir='ltr' id='par_1_97' title="bbox 2049 3770 3641 3843">
     <span class='ocr_line' id='line_1_97' title="bbox 2049 3770 3641 3843; baseline 0.002 -16"><span class='ocrx_word' id='word_1_690' title='bbox 2049 3770 2465 3827; x_wconf 87' lang='lat' dir='ltr'><strong>Commentariis</strong></span> <span class='ocrx_word' id='word_1_691' title='bbox 2513 3772 2625 3827; x_wconf 91' lang='lat' dir='ltr'><strong>suis</strong></span> <span class='ocrx_word' id='word_1_692' title='bbox 2658 3772 2887 3829; x_wconf 81' lang='lat' dir='ltr'><strong>Hebraeo</strong></span> <span class='ocrx_word' id='word_1_693' title='bbox 2930 3777 3153 3831; x_wconf 91' lang='lat' dir='ltr'><strong>doctore</strong></span> <span class='ocrx_word' id='word_1_694' title='bbox 3185 3775 3256 3830; x_wconf 90' lang='lat' dir='ltr'><strong>sit</strong></span> <span class='ocrx_word' id='word_1_695' title='bbox 3285 3790 3435 3841; x_wconf 90' lang='lat' dir='ltr'><strong>usus,</strong></span> <span class='ocrx_word' id='word_1_696' title='bbox 3463 3790 3493 3828; x_wconf 90' lang='lat' dir='ltr'><strong>a</strong></span> <span class='ocrx_word' id='word_1_697' title='bbox 3524 3789 3641 3843; x_wconf 90' lang='lat' dir='ltr'><strong>quo</strong></span> 
     </span>
    </p>
   </div>
   <div class='ocr_carea' id='block_1_98' title="bbox 2049 3864 3638 3935">
    <p class='ocr_par' dir='ltr' id='par_1_98' title="bbox 2049 3864 3638 3935">
     <span class='ocr_line' id='line_1_98' title="bbox 2049 3864 3638 3935; baseline 0.001 -17"><span class='ocrx_word' id='word_1_698' title='bbox 2049 3878 2155 3918; x_wconf 92' lang='lat' dir='ltr'><strong>non</strong></span> <span class='ocrx_word' id='word_1_699' title='bbox 2196 3864 2363 3919; x_wconf 85' lang='lat' dir='ltr'><strong>semel</strong></span> <span class='ocrx_word' id='word_1_700' title='bbox 2393 3878 2452 3920; x_wconf 91' lang='lat' dir='ltr'><strong>se</strong></span> <span class='ocrx_word' id='word_1_701' title='bbox 2499 3865 2977 3935; x_wconf 90' lang='lat' dir='ltr'><strong>interpretationes</strong></span> <span class='ocrx_word' id='word_1_702' title='bbox 3020 3866 3255 3921; x_wconf 90' lang='lat' dir='ltr'><strong>mutuari</strong></span> <span class='ocrx_word' id='word_1_703' title='bbox 3290 3881 3418 3921; x_wconf 90' lang='lat' dir='ltr'><strong>suas</strong></span> <span class='ocrx_word' id='word_1_704' title='bbox 3457 3866 3638 3935; x_wconf 85' lang='lat' dir='ltr'><strong>proti-</strong></span> 
     </span>
    </p>
   </div>
   <div class='ocr_carea' id='block_1_99' title="bbox 2048 3953 3640 4041">
    <p class='ocr_par' dir='ltr' id='par_1_99' title="bbox 2048 3953 3640 4041">
     <span class='ocr_line' id='line_1_99' title="bbox 2048 3953 3640 4041; baseline 0.003 -33"><span class='ocrx_word' id='word_1_705' title='bbox 2048 3962 2209 4009; x_wconf 89' lang='lat' dir='ltr'><strong>tetur.</strong></span> <span class='ocrx_word' id='word_1_706' title='bbox 2239 3953 2327 4021; x_wconf 92' lang='lat' dir='ltr'><strong>Et,</strong></span> <span class='ocrx_word' id='word_1_707' title='bbox 2356 3956 2499 4025; x_wconf 90' lang='lat' dir='ltr'><strong>quod</strong></span> <span class='ocrx_word' id='word_1_708' title='bbox 2529 3955 2788 4013; x_wconf 89' lang='lat' dir='ltr'><strong>observes</strong></span> <span class='ocrx_word' id='word_1_709' title='bbox 2815 3958 3001 4023; x_wconf 89' lang='lat' dir='ltr'><strong>velim,</strong></span> <span class='ocrx_word' id='word_1_710' title='bbox 3031 3958 3338 4027; x_wconf 89' lang='lat' dir='ltr'><strong>ubicunque</strong></span> <span class='ocrx_word' id='word_1_711' title='bbox 3366 3958 3640 4041; x_wconf 67' lang='lat' dir='ltr'><strong>Eusebius-</strong></span> 
     </span>
    </p>
   </div>
   <div class='ocr_carea' id='block_1_100' title="bbox 2048 4045 3639 4118">
    <p class='ocr_par' dir='ltr' id='par_1_100' title="bbox 2048 4045 3639 4118">
     <span class='ocr_line' id='line_1_100' title="bbox 2048 4045 3639 4118; baseline 0.002 -18"><span class='ocrx_word' id='word_1_712' title='bbox 2048 4060 2109 4101; x_wconf 90' lang='lat' dir='ltr'><strong>se</strong></span> <span class='ocrx_word' id='word_1_713' title='bbox 2152 4046 2217 4101; x_wconf 91' lang='lat' dir='ltr'><strong>ab</strong></span> <span class='ocrx_word' id='word_1_714' title='bbox 2246 4045 2472 4102; x_wconf 81' lang='lat' dir='ltr'><strong>Hebraeo</strong></span> <span class='ocrx_word' id='word_1_715' title='bbox 2503 4046 2747 4113; x_wconf 87' lang='lat' dir='ltr'><strong>doctore,</strong></span> <span class='ocrx_word' id='word_1_716' title='bbox 2778 4047 2863 4102; x_wconf 91' lang='lat' dir='ltr'><strong>vel</strong></span> <span class='ocrx_word' id='word_1_717' title='bbox 2907 4049 2976 4103; x_wconf 91' lang='lat' dir='ltr'><strong>ab</strong></span> <span class='ocrx_word' id='word_1_718' title='bbox 3009 4048 3250 4103; x_wconf 78' lang='lat' dir='ltr'><strong>Hebraeis</strong></span> <span class='ocrx_word' id='word_1_719' title='bbox 3282 4048 3484 4118; x_wconf 90' lang='lat' dir='ltr'><strong>aliquid</strong></span> <span class='ocrx_word' id='word_1_720' title='bbox 3516 4050 3639 4103; x_wconf 91' lang='lat' dir='ltr'><strong>edi-</strong></span> 
     </span>
    </p>
   </div>
   <div class='ocr_carea' id='block_1_101' title="bbox 2048 4137 3640 4211">
    <p class='ocr_par' dir='ltr' id='par_1_101' title="bbox 2048 4137 3640 4211">
     <span class='ocr_line' id='line_1_101' title="bbox 2048 4137 3640 4211; baseline 0.003 -19"><span class='ocrx_word' id='word_1_721' title='bbox 2048 4137 2246 4193; x_wconf 88' lang='lat' dir='ltr'><strong>dicisse</strong></span> <span class='ocrx_word' id='word_1_722' title='bbox 2276 4138 2383 4204; x_wconf 89' lang='lat' dir='ltr'><strong>ait,</strong></span> <span class='ocrx_word' id='word_1_723' title='bbox 2432 4137 2631 4194; x_wconf 88' lang='lat' dir='ltr'><strong>ibidem</strong></span> <span class='ocrx_word' id='word_1_724' title='bbox 2671 4138 3031 4211; x_wconf 83' lang='lat' dir='ltr'><strong>Hieronymus</strong></span> <span class='ocrx_word' id='word_1_725' title='bbox 3061 4155 3120 4197; x_wconf 91' lang='lat' dir='ltr'><strong>se</strong></span> <span class='ocrx_word' id='word_1_726' title='bbox 3162 4140 3392 4211; x_wconf 89' lang='lat' dir='ltr'><strong>idipsum</strong></span> <span class='ocrx_word' id='word_1_727' title='bbox 3425 4142 3492 4197; x_wconf 91' lang='lat' dir='ltr'><strong>ab</strong></span> <span class='ocrx_word' id='word_1_728' title='bbox 3523 4139 3640 4197; x_wconf 83' lang='lat' dir='ltr'><strong>Hc-</strong></span> 
     </span>
    </p>
   </div>
   <div class='ocr_carea' id='block_1_102' title="bbox 2053 4229 3132 4301">
    <p class='ocr_par' dir='ltr' id='par_1_102' title="bbox 2053 4229 3132 4301">
     <span class='ocr_line' id='line_1_102' title="bbox 2053 4229 3132 4301; baseline 0.001 -17"><span class='ocrx_word' id='word_1_729' title='bbox 2053 4229 2207 4285; x_wconf 65' lang='grc' dir='ltr'>ιιι-τεο</span> <span class='ocrx_word' id='word_1_730' title='bbox 2239 4231 2461 4285; x_wconf 89' lang='lat' dir='ltr'><strong>doctore</strong></span> <span class='ocrx_word' id='word_1_731' title='bbox 2489 4231 2763 4301; x_wconf 86' lang='lat' dir='ltr'><strong>accepisse</strong></span> <span class='ocrx_word' id='word_1_732' title='bbox 2792 4232 3132 4287; x_wconf 86' lang='lat' dir='ltr'><strong>testiﬁcatur.</strong></span> 
     </span>
    </p>
   </div>
   <div class='ocr_carea' id='block_1_103' title="bbox 2148 4340 3517 4407">
    <p class='ocr_par' dir='ltr' id='par_1_103' title="bbox 2148 4340 3517 4407">
     <span class='ocr_line' id='line_1_103' title="bbox 2148 4340 3517 4407; baseline 0.003 -16"><span class='ocrx_word' id='word_1_733' title='bbox 2148 4340 2234 4391; x_wconf 86' lang='lat' dir='ltr'><strong>IV.</strong></span> <span class='ocrx_word' id='word_1_734' title='bbox 2262 4340 2514 4392; x_wconf 81' lang='lat' dir='ltr'><strong>Eusebius</strong></span> <span class='ocrx_word' id='word_1_735' title='bbox 2537 4344 2608 4393; x_wconf 88' lang='lat' dir='ltr'><strong>ait</strong></span> <span class='ocrx_word' id='word_1_736' title='bbox 2626 4346 2811 4393; x_wconf 88' lang='lat' dir='ltr'><strong>terram</strong></span> <span class='ocrx_word' id='word_1_737' title='bbox 2835 4356 2934 4394; x_wconf 89' lang='lat' dir='ltr'><strong>non</strong></span> <span class='ocrx_word' id='word_1_738' title='bbox 2961 4356 3072 4394; x_wconf 89' lang='lat' dir='ltr'><strong>esse</strong></span> <span class='ocrx_word' id='word_1_739' title='bbox 3088 4344 3328 4407; x_wconf 70' lang='lat' dir='ltr'><strong>sphaerica</strong></span> <span class='ocrx_word' id='word_1_740' title='bbox 3350 4346 3517 4397; x_wconf 88' lang='lat' dir='ltr'><strong>forma.</strong></span> 
     </span>
    </p>
   </div>
   <div class='ocr_carea' id='block_1_104' title="bbox 2120 4426 3637 4498">
    <p class='ocr_par' dir='ltr' id='par_1_104' title="bbox 2120 4426 3637 4498">
     <span class='ocr_line' id='line_1_104' title="bbox 2120 4426 3637 4498; baseline 0.003 -16"><span class='ocrx_word' id='word_1_741' title='bbox 2120 4426 2387 4483; x_wconf 89' lang='lat' dir='ltr'><strong>Eusebius</strong></span> <span class='ocrx_word' id='word_1_742' title='bbox 2410 4427 2733 4498; x_wconf 90' lang='lat' dir='ltr'><strong>plerumque</strong></span> <span class='ocrx_word' id='word_1_743' title='bbox 2764 4428 2819 4482; x_wconf 92' lang='lat' dir='ltr'><strong>in</strong></span> <span class='ocrx_word' id='word_1_744' title='bbox 2848 4427 3273 4484; x_wconf 90' lang='lat' dir='ltr'><strong>Commentariis</strong></span> <span class='ocrx_word' id='word_1_745' title='bbox 3303 4429 3356 4483; x_wconf 92' lang='lat' dir='ltr'><strong>in</strong></span> <span class='ocrx_word' id='word_1_746' title='bbox 3383 4429 3637 4487; x_wconf 86' lang='lat' dir='ltr'><strong>Psalmos</strong></span> 
     </span>
    </p>
   </div>
   <div class='ocr_carea' id='block_1_105' title="bbox 2047 4518 3639 4589">
    <p class='ocr_par' dir='ltr' id='par_1_105' title="bbox 2047 4518 3639 4589">
     <span class='ocr_line' id='line_1_105' title="bbox 2047 4518 3639 4589; baseline 0.001 -13"><span class='ocrx_word' id='word_1_747' title='bbox 2047 4518 2177 4576; x_wconf 90' lang='lat' dir='ltr'><strong>dicit</strong></span> <span class='ocrx_word' id='word_1_748' title='bbox 2200 4518 2459 4575; x_wconf 90' lang='lat' dir='ltr'><strong>mundum</strong></span> <span class='ocrx_word' id='word_1_749' title='bbox 2489 4518 2753 4589; x_wconf 84' lang='lat' dir='ltr'><strong>sphaerica</strong></span> <span class='ocrx_word' id='word_1_750' title='bbox 2783 4518 2955 4575; x_wconf 87' lang='lat' dir='ltr'><strong>forma</strong></span> <span class='ocrx_word' id='word_1_751' title='bbox 2977 4533 3126 4585; x_wconf 90' lang='lat' dir='ltr'><strong>esse;</strong></span> <span class='ocrx_word' id='word_1_752' title='bbox 3161 4521 3255 4575; x_wconf 89' lang='lat' dir='ltr'><strong>sed</strong></span> <span class='ocrx_word' id='word_1_753' title='bbox 3285 4522 3461 4575; x_wconf 87' lang='lat' dir='ltr'><strong>addita</strong></span> <span class='ocrx_word' id='word_1_754' title='bbox 3494 4538 3639 4577; x_wconf 91' lang='lat' dir='ltr'><strong>cau-</strong></span> 
     </span>
    </p>
   </div>
   <div class='ocr_carea' id='block_1_106' title="bbox 2049 4612 3632 4682">
    <p class='ocr_par' dir='ltr' id='par_1_106' title="bbox 2049 4612 3632 4682">
     <span class='ocr_line' id='line_1_106' title="bbox 2049 4612 3632 4682; baseline 0.003 -14"><span class='ocrx_word' id='word_1_755' title='bbox 2049 4613 2215 4679; x_wconf 88' lang='lat' dir='ltr'><strong>tione,</strong></span> <span class='ocrx_word' id='word_1_756' title='bbox 2262 4625 2383 4667; x_wconf 88' lang='lat' dir='ltr'><strong>eam</strong></span> <span class='ocrx_word' id='word_1_757' title='bbox 2432 4626 2555 4669; x_wconf 86' lang='lat' dir='ltr'><strong>esse</strong></span> <span class='ocrx_word' id='word_1_758' title='bbox 2605 4612 2961 4681; x_wconf 89' lang='lat' dir='ltr'><strong>quorumdam</strong></span> <span class='ocrx_word' id='word_1_759' title='bbox 3010 4613 3316 4682; x_wconf 88' lang='lat' dir='ltr'><strong>opinionem</strong></span> <span class='ocrx_word' id='word_1_760' title='bbox 3364 4617 3473 4680; x_wconf 87' lang='lat' dir='ltr'><strong>ait,</strong></span> <span class='ocrx_word' id='word_1_761' title='bbox 3524 4632 3632 4673; x_wconf 89' lang='lat' dir='ltr'><strong>nec</strong></span> 
     </span>
    </p>
   </div>
   <div class='ocr_carea' id='block_1_107' title="bbox 2047 4704 3627 4766">
    <p class='ocr_par' dir='ltr' id='par_1_107' title="bbox 2047 4704 3627 4766">
     <span class='ocr_line' id='line_1_107' title="bbox 2047 4704 3627 4766; baseline 0.001 -2"><span class='ocrx_word' id='word_1_762' title='bbox 2047 4708 2281 4765; x_wconf 86' lang='lat' dir='ltr'><strong>obscure</strong></span> <span class='ocrx_word' id='word_1_763' title='bbox 2320 4706 2629 4762; x_wconf 89' lang='lat' dir='ltr'><strong>subindicat</strong></span> <span class='ocrx_word' id='word_1_764' title='bbox 2660 4720 2721 4761; x_wconf 89' lang='lat' dir='ltr'><strong>se</strong></span> <span class='ocrx_word' id='word_1_765' title='bbox 2753 4704 2885 4759; x_wconf 90' lang='lat' dir='ltr'><strong>item</strong></span> <span class='ocrx_word' id='word_1_766' title='bbox 2916 4707 3106 4762; x_wconf 90' lang='lat' dir='ltr'><strong>eadem</strong></span> <span class='ocrx_word' id='word_1_767' title='bbox 3146 4709 3414 4763; x_wconf 89' lang='lat' dir='ltr'><strong>sententia</strong></span> <span class='ocrx_word' id='word_1_768' title='bbox 3448 4725 3576 4765; x_wconf 90' lang='lat' dir='ltr'><strong>esse</strong></span> <span class='ocrx_word' id='word_1_769' title='bbox 3608 4730 3627 4766; x_wconf 87' lang='lat'><strong>:</strong></span> 
     </span>
    </p>
   </div>
   <div class='ocr_carea' id='block_1_108' title="bbox 2044 4796 3632 4867">
    <p class='ocr_par' dir='ltr' id='par_1_108' title="bbox 2044 4796 3632 4867">
     <span class='ocr_line' id='line_1_108' title="bbox 2044 4796 3632 4867; baseline 0.004 -16"><span class='ocrx_word' id='word_1_770' title='bbox 2044 4812 2146 4852; x_wconf 92' lang='lat' dir='ltr'><strong>nec</strong></span> <span class='ocrx_word' id='word_1_771' title='bbox 2178 4807 2358 4853; x_wconf 89' lang='lat' dir='ltr'><strong>tamen</strong></span> <span class='ocrx_word' id='word_1_772' title='bbox 2390 4796 2443 4852; x_wconf 94' lang='lat' dir='ltr'><strong>id</strong></span> <span class='ocrx_word' id='word_1_773' title='bbox 2473 4804 2661 4867; x_wconf 87' lang='lat' dir='ltr'><strong>aperte</strong></span> <span class='ocrx_word' id='word_1_774' title='bbox 2708 4796 2949 4867; x_wconf 86' lang='lat' dir='ltr'><strong>profiteri</strong></span> <span class='ocrx_word' id='word_1_775' title='bbox 2982 4797 3173 4864; x_wconf 90' lang='lat' dir='ltr'><strong>audet,</strong></span> <span class='ocrx_word' id='word_1_776' title='bbox 3214 4800 3339 4866; x_wconf 88' lang='lat' dir='ltr'><strong>quia</strong></span> <span class='ocrx_word' id='word_1_777' title='bbox 3374 4798 3632 4857; x_wconf 88' lang='lat' dir='ltr'><strong>fortassis</strong></span> 
     </span>
    </p>
   </div>
   <div class='ocr_carea' id='block_1_109' title="bbox 2045 4888 3631 4962">
    <p class='ocr_par' dir='ltr' id='par_1_109' title="bbox 2045 4888 3631 4962">
     <span class='ocr_line' id='line_1_109' title="bbox 2045 4888 3631 4962; baseline 0 -17"><span class='ocrx_word' id='word_1_778' title='bbox 2045 4891 2203 4962; x_wconf 90' lang='lat' dir='ltr'><strong>longe</strong></span> <span class='ocrx_word' id='word_1_779' title='bbox 2233 4889 2379 4945; x_wconf 89' lang='lat' dir='ltr'><strong>aliud</strong></span> <span class='ocrx_word' id='word_1_780' title='bbox 2420 4890 2765 4945; x_wconf 68' lang='lat' dir='ltr'><strong>aastimabant</strong></span> <span class='ocrx_word' id='word_1_781' title='bbox 2800 4888 2947 4944; x_wconf 89' lang='lat' dir='ltr'><strong>illius</strong></span> <span class='ocrx_word' id='word_1_782' title='bbox 2992 4888 3174 4945; x_wconf 78' lang='lat' dir='ltr'><strong>saeCuli</strong></span> <span class='ocrx_word' id='word_1_783' title='bbox 3205 4890 3518 4944; x_wconf 87' lang='lat' dir='ltr'><strong>Christiani.</strong></span> <span class='ocrx_word' id='word_1_784' title='bbox 3553 4892 3631 4945; x_wconf 84' lang='lat' dir='ltr'><strong>At</strong></span> 
     </span>
    </p>
   </div>
   <div class='ocr_carea' id='block_1_110' title="bbox 2045 4980 3631 5051">
    <p class='ocr_par' dir='ltr' id='par_1_110' title="bbox 2045 4980 3631 5051">
     <span class='ocr_line' id='line_1_110' title="bbox 2045 4980 3631 5051; baseline 0.001 -14"><span class='ocrx_word' id='word_1_785' title='bbox 2045 4982 2133 5037; x_wconf 87' lang='lat' dir='ltr'><strong>hic</strong></span> <span class='ocrx_word' id='word_1_786' title='bbox 2195 4990 2420 5038; x_wconf 88' lang='lat' dir='ltr'><strong>coactus</strong></span> <span class='ocrx_word' id='word_1_787' title='bbox 2488 4980 2784 5041; x_wconf 76' lang='lat' dir='ltr'><strong>secundum</strong></span> <span class='ocrx_word' id='word_1_788' title='bbox 2841 4981 3115 5051; x_wconf 85' lang='lat' dir='ltr'><strong>vulgarem</strong></span> <span class='ocrx_word' id='word_1_789' title='bbox 3188 4980 3631 5039; x_wconf 83' lang='lat' dir='ltr'><strong>Christianorum</strong></span> 
     </span>
    </p>
   </div>
   <div class='ocr_carea' id='block_1_111' title="bbox 2043 5072 3627 5143">
    <p class='ocr_par' dir='ltr' id='par_1_111' title="bbox 2043 5072 3627 5143">
     <span class='ocr_line' id='line_1_111' title="bbox 2043 5072 3627 5143; baseline 0.001 -15"><span class='ocrx_word' id='word_1_790' title='bbox 2043 5082 2280 5129; x_wconf 90' lang='lat' dir='ltr'><strong>mentem</strong></span> <span class='ocrx_word' id='word_1_791' title='bbox 2334 5074 2485 5129; x_wconf 92' lang='lat' dir='ltr'><strong>illum</strong></span> <span class='ocrx_word' id='word_1_792' title='bbox 2538 5072 2751 5130; x_wconf 74' lang='lat' dir='ltr'><strong>Hesaite</strong></span> <span class='ocrx_word' id='word_1_793' title='bbox 2804 5072 2979 5128; x_wconf 87' lang='lat' dir='ltr'><strong>locum</strong></span> <span class='ocrx_word' id='word_1_794' title='bbox 3024 5089 3145 5143; x_wconf 91' lang='lat' dir='ltr'><strong>cap.</strong></span> <span class='ocrx_word' id='word_1_795' title='bbox 3194 5090 3262 5128; x_wconf 73' lang='lat' dir='ltr'><strong>xx.</strong></span> <span class='ocrx_word' id='word_1_796' title='bbox 3305 5075 3627 5143; x_wconf 75' lang='lat' dir='ltr'><strong>explanare,</strong></span> 
     </span>
    </p>
   </div>
   <div class='ocr_carea' id='block_1_112' title="bbox 2051 5164 3631 5234">
    <p class='ocr_par' dir='ltr' id='par_1_112' title="bbox 2051 5164 3631 5234">
     <span class='ocr_line' id='line_1_112' title="bbox 2051 5164 3631 5234; baseline 0.003 -18"><span class='ocrx_word' id='word_1_797' title='bbox 2051 5184 2070 5216; x_wconf 75' lang='grc' dir='ltr'>σ</span> <span class='ocrx_word' id='word_1_798' title='bbox 2102 5164 2202 5231; x_wconf 90' lang='lat' dir='ltr'><strong>Qui</strong></span> <span class='ocrx_word' id='word_1_799' title='bbox 2235 5166 2427 5221; x_wconf 92' lang='lat' dir='ltr'><strong>statuit</strong></span> <span class='ocrx_word' id='word_1_800' title='bbox 2453 5165 2653 5222; x_wconf 63' lang='lat' dir='ltr'><strong>caelum</strong></span> <span class='ocrx_word' id='word_1_801' title='bbox 2696 5166 2850 5234; x_wconf 89' lang='lat' dir='ltr'><strong>quasi</strong></span> <span class='ocrx_word' id='word_1_802' title='bbox 2886 5164 3171 5231; x_wconf 88' lang='lat' dir='ltr'><strong>fornicem,</strong></span> <span class='ocrx_word' id='word_1_803' title='bbox 3203 5178 3257 5221; x_wconf 91' lang='lat' dir='ltr'><strong>et</strong></span> <span class='ocrx_word' id='word_1_804' title='bbox 3285 5166 3531 5221; x_wconf 81' lang='lat' dir='ltr'><strong>extendit</strong></span> <span class='ocrx_word' id='word_1_805' title='bbox 3567 5176 3631 5221; x_wconf 78' lang='lat' dir='ltr'><strong>ut</strong></span> 
     </span>
    </p>
   </div>
   <div class='ocr_carea' id='block_1_113' title="bbox 2044 5257 3624 5328">
    <p class='ocr_par' dir='ltr' id='par_1_113' title="bbox 2044 5257 3624 5328">
     <span class='ocr_line' id='line_1_113' title="bbox 2044 5257 3624 5328; baseline 0.001 -17"><span class='ocrx_word' id='word_1_806' title='bbox 2044 5257 2448 5312; x_wconf 84' lang='lat' dir='ltr'><strong>tabernaculum</strong></span> <span class='ocrx_word' id='word_1_807' title='bbox 2493 5258 2559 5313; x_wconf 91' lang='lat' dir='ltr'><strong>ad</strong></span> <span class='ocrx_word' id='word_1_808' title='bbox 2592 5257 2972 5324; x_wconf 90' lang='lat' dir='ltr'><strong>habitandum,</strong></span> <span class='ocrx_word' id='word_1_809' title='bbox 3001 5275 3021 5309; x_wconf 74' lang='grc' dir='ltr'>ι</span> <span class='ocrx_word' id='word_1_810' title='bbox 3070 5258 3135 5311; x_wconf 90' lang='lat' dir='ltr'><strong>ad</strong></span> <span class='ocrx_word' id='word_1_811' title='bbox 3168 5258 3374 5313; x_wconf 71' lang='lat' dir='ltr'><strong>Cosmaa</strong></span> <span class='ocrx_word' id='word_1_812' title='bbox 3404 5260 3624 5328; x_wconf 89' lang='lat' dir='ltr'><strong>opinio-</strong></span> 
     </span>
    </p>
   </div>
   <div class='ocr_carea' id='block_1_114' title="bbox 2041 5349 3627 5420">
    <p class='ocr_par' dir='ltr' id='par_1_114' title="bbox 2041 5349 3627 5420">
     <span class='ocr_line' id='line_1_114' title="bbox 2041 5349 3627 5420; baseline 0.004 -17"><span class='ocrx_word' id='word_1_813' title='bbox 2041 5365 2165 5404; x_wconf 91' lang='lat' dir='ltr'><strong>nem</strong></span> <span class='ocrx_word' id='word_1_814' title='bbox 2200 5363 2425 5420; x_wconf 87' lang='lat' dir='ltr'><strong>prorsus</strong></span> <span class='ocrx_word' id='word_1_815' title='bbox 2452 5350 2661 5405; x_wconf 90' lang='lat' dir='ltr'><strong>accedit</strong></span> <span class='ocrx_word' id='word_1_816' title='bbox 2687 5367 2703 5406; x_wconf 88' lang='lat'><strong>:</strong></span> <span class='ocrx_word' id='word_1_817' title='bbox 2736 5367 2755 5401; x_wconf 76' lang='grc' dir='ltr'>ι</span> <span class='ocrx_word' id='word_1_818' title='bbox 2784 5349 3005 5413; x_wconf 89' lang='lat' dir='ltr'><strong>Deinde,</strong></span> <span class='ocrx_word' id='word_1_819' title='bbox 3028 5352 3221 5420; x_wconf 86' lang='lat' dir='ltr'><strong>inquit,</strong></span> <span class='ocrx_word' id='word_1_820' title='bbox 3256 5368 3561 5407; x_wconf 87' lang='lat' dir='ltr'><strong>sermonem</strong></span> <span class='ocrx_word' id='word_1_821' title='bbox 3591 5370 3627 5410; x_wconf 89' lang='lat' dir='ltr'><strong>e</strong></span> 
     </span>
    </p>
   </div>
   <div class='ocr_carea' id='block_1_115' title="bbox 2045 5442 3625 5513">
    <p class='ocr_par' dir='ltr' id='par_1_115' title="bbox 2045 5442 3625 5513">
     <span class='ocr_line' id='line_1_115' title="bbox 2045 5442 3625 5513; baseline 0.004 -19"><span class='ocrx_word' id='word_1_822' title='bbox 2045 5450 2186 5496; x_wconf 88' lang='lat' dir='ltr'><strong>terra</strong></span> <span class='ocrx_word' id='word_1_823' title='bbox 2213 5442 2452 5513; x_wconf 89' lang='lat' dir='ltr'><strong>erigens,</strong></span> <span class='ocrx_word' id='word_1_824' title='bbox 2482 5442 2767 5496; x_wconf 88' lang='lat' dir='ltr'><strong>universos</strong></span> <span class='ocrx_word' id='word_1_825' title='bbox 2795 5443 3015 5509; x_wconf 88' lang='lat' dir='ltr'><strong>excitat,</strong></span> <span class='ocrx_word' id='word_1_826' title='bbox 3054 5452 3113 5496; x_wconf 93' lang='lat' dir='ltr'><strong>ut</strong></span> <span class='ocrx_word' id='word_1_827' title='bbox 3139 5444 3413 5499; x_wconf 69' lang='lat' dir='ltr'><strong>caelestem</strong></span> <span class='ocrx_word' id='word_1_828' title='bbox 3447 5444 3625 5501; x_wconf 85' lang='lat' dir='ltr'><strong>forni-</strong></span> 
     </span>
    </p>
   </div>
   <div class='ocr_carea' id='block_1_116' title="bbox 2040 5533 3623 5604">
    <p class='ocr_par' dir='ltr' id='par_1_116' title="bbox 2040 5533 3623 5604">
     <span class='ocr_line' id='line_1_116' title="bbox 2040 5533 3623 5604; baseline 0.003 -17"><span class='ocrx_word' id='word_1_829' title='bbox 2040 5548 2180 5597; x_wconf 90' lang='lat' dir='ltr'><strong>cem,</strong></span> <span class='ocrx_word' id='word_1_830' title='bbox 2205 5543 2260 5588; x_wconf 90' lang='lat' dir='ltr'><strong>et</strong></span> <span class='ocrx_word' id='word_1_831' title='bbox 2290 5534 2728 5604; x_wconf 68' lang='lat' dir='ltr'><strong>hemisphaerium</strong></span> <span class='ocrx_word' id='word_1_832' title='bbox 2755 5533 2881 5588; x_wconf 83' lang='lat' dir='ltr'><strong>illud</strong></span> <span class='ocrx_word' id='word_1_833' title='bbox 2902 5549 3062 5603; x_wconf 88' lang='lat' dir='ltr'><strong>supra</strong></span> <span class='ocrx_word' id='word_1_834' title='bbox 3093 5544 3289 5589; x_wconf 88' lang='lat' dir='ltr'><strong>terram</strong></span> <span class='ocrx_word' id='word_1_835' title='bbox 3315 5535 3537 5603; x_wconf 90' lang='lat' dir='ltr'><strong>elatum,</strong></span> <span class='ocrx_word' id='word_1_836' title='bbox 3563 5548 3623 5592; x_wconf 86' lang='lat' dir='ltr'><strong>ct</strong></span> 
     </span>
    </p>
   </div>
   <div class='ocr_carea' id='block_1_117' title="bbox 2042 5626 3620 5692">
    <p class='ocr_par' dir='ltr' id='par_1_117' title="bbox 2042 5626 3620 5692">
     <span class='ocr_line' id='line_1_117' title="bbox 2042 5626 3620 5692; baseline 0.003 -14"><span class='ocrx_word' id='word_1_837' title='bbox 2042 5639 2269 5679; x_wconf 75' lang='lat' dir='ltr'><strong>camera:</strong></span> <span class='ocrx_word' id='word_1_838' title='bbox 2306 5627 2480 5681; x_wconf 90' lang='lat' dir='ltr'><strong>instar</strong></span> <span class='ocrx_word' id='word_1_839' title='bbox 2504 5626 2756 5681; x_wconf 89' lang='lat' dir='ltr'><strong>omnibus</strong></span> <span class='ocrx_word' id='word_1_840' title='bbox 2799 5626 3103 5691; x_wconf 87' lang='lat' dir='ltr'><strong>imminens,</strong></span> <span class='ocrx_word' id='word_1_841' title='bbox 3144 5627 3515 5692; x_wconf 85' lang='lat' dir='ltr'><strong>admirentur;</strong></span> <span class='ocrx_word' id='word_1_842' title='bbox 3552 5646 3620 5684; x_wconf 87' lang='lat' dir='ltr'><strong>ac</strong></span> 
     </span>
    </p>
   </div>
   <div class='ocr_carea' id='block_1_118' title="bbox 2042 5716 3619 5790">
    <p class='ocr_par' dir='ltr' id='par_1_118' title="bbox 2042 5716 3619 5790">
     <span class='ocr_line' id='line_1_118' title="bbox 2042 5716 3619 5790; baseline 0.001 -17"><span class='ocrx_word' id='word_1_843' title='bbox 2042 5717 2277 5789; x_wconf 85' lang='lat' dir='ltr'><strong>cogitent</strong></span> <span class='ocrx_word' id='word_1_844' title='bbox 2305 5728 2503 5789; x_wconf 84' lang='lat' dir='ltr'><strong>quanta</strong></span> <span class='ocrx_word' id='word_1_845' title='bbox 2531 5719 2599 5777; x_wconf 90' lang='lat' dir='ltr'><strong>sit</strong></span> <span class='ocrx_word' id='word_1_846' title='bbox 2624 5719 2797 5777; x_wconf 83' lang='lat' dir='ltr'><strong>virtus</strong></span> <span class='ocrx_word' id='word_1_847' title='bbox 2825 5716 2966 5789; x_wconf 84' lang='lat' dir='ltr'><strong>ejus,</strong></span> <span class='ocrx_word' id='word_1_848' title='bbox 2994 5720 3084 5790; x_wconf 87' lang='lat' dir='ltr'><strong>qui</strong></span> <span class='ocrx_word' id='word_1_849' title='bbox 3109 5720 3303 5776; x_wconf 70' lang='lat' dir='ltr'><strong>coelum</strong></span> <span class='ocrx_word' id='word_1_850' title='bbox 3336 5720 3619 5788; x_wconf 77' lang='lat' dir='ltr'><strong>condidit;</strong></span> 
     </span>
    </p>
   </div>
  </div>
