3850 6210
177 294 230 353 89

1118 281 1626 339 COMMENTARIA
1668 282 1736 337 IN
1776 281 2038 336 lSAlAM.
2071 310 2141 322 —
2177 281 2332 338 CAP.
2372 282 2415 336 l.

3337 286 3399 342 9t

175 409 608 478 considerentque,
660 418 769 460 non
813 403 929 460 sine
966 417 1129 458 causa
1166 407 1234 456 ab
1280 417 1346 457 eo
1380 401 1579 456 omium
1628 407 1710 455 ta-
1738 404 1786 464 Α
1815 399 1971 465 vidit,
2015 412 2122 453 non
2159 413 2345 468 parem
2393 398 2498 454 iilis
2531 399 2586 453 in
2635 400 3024 471 philosophicis
3073 407 3399 458 astronomi-

175 499 406 558 beruaculi
454 499 625 554 instar
660 496 1018 552 constitutum
1071 495 1266 560 luisse,
1313 508 1546 562 superne
1581 495 1702 562 qui-

175 595 270 648 dem
298 605 578 662 expansum
609 604 772 660 supra
806 589 1011 653 omnia,
1040 603 1162 658 quae
1194 587 1336 642 intra
1373 587 1545 656 ipsum
1577 600 1707 640 con-

175 686 405 748 tinentur;
437 681 505 736 iis
552 695 682 736 vero
708 680 799 750 qui
840 694 1007 749 supra
1047 677 1245 734 cmlum
1278 685 1426 740 sunt,
1464 676 1707 730 substra-

173 785 257 828 tum
299 773 357 827 ad
404 771 754 828 domicilium.
784 790 804 825 ι
854 770 987 838 Qua:
1053 767 1322 840 ipsissima
1365 776 1447 822 est
1496 765 1707 821 Cusum

169 865 390 937 Egyptii,
432 881 494 919 ac
525 879 663 935 pene
692 865 934 920 omnium
979 872 1223 917 veterum
1266 861 1522 924 Patrum,
1573 873 1700 914 sen-

170 957 321 1018 tentia,
361 954 732 1026 Chrysostomi
773 954 1001 1018 scilicet,
1033 951 1310 1008 Severiani
1349 949 1698 1014 Gabalorum,

168 1046 404 1115 Augustini
432 1056 487 1100 et
518 1047 772 1111 aliorum,
801 1046 892 1116 qui
921 1045 1118 1102 caelum
1151 1047 1203 1098 in
1236 1043 1460 1098 fornicis
1491 1057 1695 1098 morem

166 1149 292 1193 terra
330 1138 622 1202 imminere,
667 1153 732 1193 ac
764 1142 1122 1209 undequaque
1157 1136 1328 1190 muris
1368 1134 1696 1189 lirmissimis

164 1241 292 1284 terra:
318 1230 482 1298 inniti,
503 1231 753 1286 arbitrati
782 1242 929 1295 sunt,
959 1231 1352 1300 antipodasque
1388 1235 1653 1296 negarunt
1677 1240 1693 1279 :

165 1321 243 1375 rati
271 1337 360 1376 non
389 1337 544 1391 posse
575 1321 823 1377 homines
853 1323 907 1375 in
945 1320 1210 1389 oppositis
1249 1331 1404 1374 terra:
1449 1319 1694 1388 partibus

162 1415 360 1470 adversis
385 1416 627 1486 vestigiis
672 1425 841 1484 stare,
871 1415 1206 1484 sphaerazque
1228 1414 1536 1484 Opinionem
1568 1427 1692 1466 cum

162 1509 391 1576 Scriptura
418 1509 596 1563 divina
629 1523 890 1577 pugnare.
919 1506 1186 1561 Nimirum
1217 1506 1390 1569 Deus,
1419 1506 1508 1574 qui
1543 1505 1694 1559 nobis

1805 490 1992 560 eisque
2025 489 2276 559 peritiam
2310 490 2527 545 indidit.
2567 490 2708 558 Quid
2743 492 2888 547 enim
2935 494 3001 548 ad
3054 496 3401 550 sanctitatem

1807 597 2134 652 morumque
2165 582 2538 638 sinceritatem
2586 584 2840 640 conferat
2874 585 3100 653 hujusce
3137 588 3214 642 rei
3266 589 3397 643 ηοιί-

1807 673 1879 726 tia
1898 673 2130 728 ?Verum
2148 674 2245 726 hac
2260 673 2328 728 de
2347 689 2406 728 re
2437 674 2684 743 pluribus
2706 685 2884 731 actum
2905 677 3060 730 estin
3085 677 3398 748 przel'atione

1805 767 1874 820 ad
1913 765 2121 821 Cosmze
2151 764 2396 837 [Egyplii
2442 767 2867 839 Topographiam
2914 769 3299 826 Christianam.
3351 772 3400 827 ls

1803 858 1949 912 enim
1986 873 2094 912 non
2130 859 2291 916 modo
2339 859 2562 914 Patrum
2609 861 2920 930 opinionem
2969 879 3068 933 pro
3089 865 3253 926 ’νὴ-ἱ,Ιί
3301 866 3398 920 de-

1802 950 1992 1019 fendit,
2023 961 2078 1004 et
2125 953 2192 1007 ab
2227 963 2541 1007 exterorum
2591 966 2790 1009 conatu
2829 956 3113 1011 vindicare
3160 959 3392 1028 satagit;

1798 1042 1894 1097 sed
1938 1043 2126 1107 etiam,
2172 1051 2431 1113 quantum
2484 1045 2716 1102 facultas
2765 1048 2996 1102 humana
3053 1058 3258 1117 potest,
3301 1065 3398 1103 ex-

1800 1135 1963 1202 plicat
2011 1143 2064 1190 et
2095 1136 2292 1204 aperit,
2339 1138 2433 1206 qui
2481 1137 2693 1206 possint
2743 1140 3038 1194 secundum
3074 1151 3392 1197 sanctorum

1799 1227 2019 1282 Patrum
2069 1229 2429 1294 sententiam,
2477 1245 2670 1285 cursus
2741 1231 2893 1299 solis,
2947 1232 3180 1302 eclipses
3234 1233 3394 1301 lunae,

1802 1330 2074 1374 astrorqu
2143 1332 2352 1384 motus,
2407 1330 2713 1391 emteraque
2764 1324 2946 1378 omnia
3014 1325 3264 1392 intelligi.
3318 1325 3393 1380 lbi

1805 1413 2026 1466 videsis.
2077 1411 2201 1467 llaec
2257 1413 2308 1466 in
2355 1416 2696 1470 eruditorum
2750 1418 3096 1472 commodum
3155 1419 3396 1488 praemit-

1805 1506 1962 1558 tcmla
2013 1503 2285 1559 duximus.
2330 1505 2407 1560 Tu
2445 1521 2592 1572 vero,
2645 1508 2874 1564 candide
2935 1507 3127 1575 lector,
3175 1507 3297 1564 vale
3340 1517 3398 1563 et

162 1611 333 1656 sanctus
362 1603 472 1655 illo:
506 1603 557 1656 in
593 1601 852 1656 doctrina:
901 1603 1222 1668 morumque
1260 1600 1546 1666 magistros
1579 1612 1704 1667 pro—
1737 1585 1778 1642 η
1810 1595 1892 1649 his
1920 1594 2121 1649 fruere.

162 1762 478 1778 ,σ--ι-

692 1921 1492 2056 ΕΥΣΕΒΙΟΥ
1574 1913 2803 2056 ΥΠΟΜΝΗΜΑΤΑ

1403 2165 1574 2251 ΕΙΣ
1633 2167 2030 2253 ΗΣΑΙΑΝ
2047 2230 2066 2250 .

360 2488 912 2606 EUSEBII
994 2489 2052 2612 COMMENTARIA
2132 2497 2281 2612 IN
2371 2491 3056 2612 HESAIAM.

631 2874 1029 2929 ΚΕΦΑΛΑΙυΝ
1067 2872 1146 2929 A'.

203 2982 217 3014 ι
257 2963 470 3036 ὐρασις
513 2966 585 3036 ἥν
623 2965 731 3019 ῐδεν
775 2967 1004 3032 Ἡσαΐας
1052 2967 1168 3032 υἱὸς
1208 2967 1420 3038 Ἀμὼς,
1468 2969 1533 3039 ἥν
1576 2967 1683 3020 ἴδεν
1711 2951 1753 3008 C

149 3055 256 3108 κατὰ
277 3057 363 3126 τῆς
399 3057 664 3120 Ἰουδαίας
702 3059 796 3112 καὶ
829 3058 971 3113 κατὰ
1024 3059 1381 3131 Ἰερουσαλὴμ
1431 3060 1492 3113 ἐν
1528 3059 1680 3130 βασι-

149 3147 236 3218 ὶεία
265 3147 454 3214 Ὀζίου,
495 3152 597 3204 καὶ
640 3151 1013 3223 Ἱωαθὰμ,καὶ
1049 3151 1237 3223 Ἀχὰζ,
1275 3153 1370 3207 καὶ
1412 3151 1678 3218 Ἐζεκίου,

148 3237 184 3289 τάξ
215 3239 535 3297 ἐϐασίλευσαν
577 3243 683 3313 τῆς
737 3245 1013 3308 Ἰουδαίας.
1055 3247 1276 3310 Ἀκουε,
1308 3246 1540 3319 οὐρανὲ,
1585 3248 1684 3301 καὶ

147 3331 366 3396 ἑνωτέζου.
398 3335 490 3406 γῆ,
530 3337 617 3389 ὅτι
648 3337 852 3409 Κύριος
880 3338 1161 3411 ἐλάλησεν.
1200 3340 1365 3404 Υῐοὺς
1413 3340 1682 3410 ἐγέννησα

148 3422 216 3473 nl.
237 3423 433 3492 ἴνζιωσα·
463 3429 622 3482 αὐτοὶ
651 3429 709 3482 δέ
747 3447 813 3501 με
841 3431 1138 3503 ἠθέτησαν.
1175 3451 1194 3485 ι
1223 3433 1485 3497 Σύνθετος
1523 3435 1552 3488 ὁ
1588 3434 1682 3488 ἄν·

148 3515 313 3583 θρωπος
341 3521 399 3573 ἐκ
428 3521 609 3594 ψυχῆς
639 3523 734 3576 καὶ
759 3522 1029 3594 σώματος’
1055 3526 1088 3590 ἡ
1123 3526 1259 3598 σὰρξ
1286 3527 1394 3580 ἀπὸ
1424 3527 1525 3597 τῆς
1553 3530 1677 3598 γῆς,

147 3607 302 3681 ἡψυχὴ
339 3613 578 3684 οὐρανία.
629 3615 783 3670 Ἐπεὶ
821 3613 915 3670 οὖν
959 3617 1094 3690 πρὸς
1133 3619 1421 3692 ἀμφότερα
1443 3619 1678 3692 αὐτῶνή

146 3703 378 3767 συγγένειά
399 3707 565 3773 ἐστιν,
592 3707 816 3761 ἐπὶτῶν
842 3710 1188 3765 οἰκειοτάτων
1217 3712 1382 3766 αὐτοῦ
1417 3713 1514 3784 τὴν
1545 3731 1682 3786 μαρ-

144 3792 286 3863 τυρίαν
332 3797 534 3870 ἐλέγχει
571 3817 584 3830 ·
640 3819 661 3850 ι
713 3800 878 3864 Υἱοὺς
924 3801 1190 3873 ἐγέννησα
1254 3805 1349 3858 καὶ
1398 3805 1610 3875 ὓψωσα.
1653 3827 1672 3860 ι

144 3881 170 3931 Γ
173 3887 396 3956 ειινήσεως
452 3891 567 3963 εἴδη
632 3890 756 3944 δύο·
789 3895 822 3964 ἡ
851 3893 948 3963 μὲν
979 3896 1012 3964 ή
1038 3896 1175 3949 κατὰ
1200 3896 1332 3951 θεὸν
1375 3898 1674 3970 μόρφωσις,

143 3973 186 4038 ἐξ
210 3976 356 4048 ἔργων
410 3984 505 4037 καὶ
541 3984 860 4057 παραδοχῆς
906 3986 1194 4058 δογμάτων
1236 3989 1630 4062 ἐπιτελουμένη
1658 4009 1672 4022 ·

142 4065 197 4130 ὡς
215 4075 356 4145 γεννᾷ
381 4075 591 4140 Παῦλος
607 4077 678 4130 δι’
701 4078 1033 4147 Εὑαγγελιου
1055 4081 1182 4145 τοὺς
1207 4082 1456 4154 μαθητὰς
1486 4084 1671 4140 αὐτοῦ.

195 4358 210 4387 ι
237 4341 396 4411 Ἔγνω
425 4344 551 4415 βοῦς
571 4347 669 4400 τὸν
689 4349 1052 4420 κτησάμενον,
1066 4350 1170 4404 ’καὶ
1197 4349 1317 4414 ὄνος
1340 4350 1438 4422 τὴν
1467 4353 1672 4425 φάτνην

139 4428 208 4480 τοῦ
247 4435 413 4506 κυρίου
451 4439 621 4492 αὐτοῦ
649 4458 662 4472 ο
713 4441 930 4514 Ἰσραὴλ
957 4442 1014 4498 δέ
1058 4461 1125 4514 με
1169 4444 1270 4497 οὐκ
1310 4443 1470 4513 ἔγνω,
1515 4447 1610 4499 καὶ
1643 4449 1672 4500 ὁ
1705 4451 1747 4505 D

139 4517 233 4583 λαός
253 4541 311 4592 με
339 4528 395 4580 οὑ
422 4530 712 4600 συνῆκεν.»
740 4530 877 4596 Βοῦς
905 4532 1002 4603 μὲν
1023 4533 1116 4586 καὶ
1137 4532 1278 4598 ὄνος,
1309 4537 1512 4606 φυσικῇ
1537 4553 1674 4604 φαν-

139 4613 264 4685 τασξᾳ
284 4619 398 4683 τοὺς
408 4622 709 4692 τρέφοντας
730 4623 1187 4692 ἐπιγινώσκουσιν
1204 4642 1218 4657 ⁸
1247 4628 1296 4679 οἱ
1319 4627 1376 4681 δὲ
1401 4627 1674 4698 τοσαύτης

138 4702 406 4773 ἀξιωθέντες
436 4714 590 4784 παρὰ
617 4713 714 4769 τοῦ
739 4715 875 4768 Θεοῦ
899 4716 1175 4788 προνοίας,
1196 4717 1272 4780 ὡς
1303 4718 1376 4790 μὴ
1408 4718 1566 4790 μόνον
1585 4719 1674 4772 λο-

137 4801 284 4863 nimia;
310 4805 667 4876 καταστῆναι,
700 4805 837 4860 ἀλλὰ
870 4806 966 4861 καὶ
1006 4807 1134 4860 λαὸν
1165 4809 1300 4863 Θεοῦ
1333 4813 1671 4882 χρηματίσαι

138 4888 503 4966 καταξιωθῆναι,
534 4900 670 4953 υἱῶν
727 4916 786 4952 τε
825 4901 1167 4972 προσηγορίᾳ
1191 4901 1514 4973 τιμηθῆναι,
1561 4905 1670 4959 οὐδ’

136 4977 296 5048 ﬁstula)»:
340 4991 449 5054 τοῖς
498 4991 718 5061 ἀλόγοις
751 4992 1032 5063 θρέμμασι
1070 4993 1162 5046 τὸν
1210 4997 1548 5066 γεννήσαντα
1576 4997 1674 5052 καὶ

138 5069 382 5146 θρέψαντα,
418 5086 728 5158 τιμήσαντά
756 5103 817 5138 τε
857 5087 954 5138 καὶ
997 5085 1291 5156 ὑψώσαντα
1331 5091 1530 5154 αὐτοὺς
1559 5090 1674 5145 Κύ-

140 5181 224 5231 ριον
245 5171 486 5239 ἔγνωσαν.
518 5175 688 5250 Οἶμαι
707 5179 764 5233 δὲ
787 5179 873 5233 διὰ
896 5179 1104 5234 τούτων
1129 5182 1485 5252 προφητικῶς
1505 5182 1674 5236 αἰνίτ-

137 5260 300 5360 τεξθαις
313 5267 384 5330 ὡς
396 5269 482 5322 τὸν
493 5271 537 5323 Χ
548 5271 731 5340 ριστὸν
742 5271 834 5325 τοῦ
846 5271 982 5326 Θεοῦ
997 5273 1159 5327 αὐτὸν
1185 5273 1314 5327 ὄντα
1325 5274 1416 5328 τὸν
1444 5276 1528 5329 Κύ
1538 5294 1670 5348 ριον,

142 5357 283 5416 prima;
309 5357 478 5423 αὐτοῖς
503 5361 563 5428 ἐξ
596 5362 851 5416 ἁπάντων
888 5361 998 5416 τῶν
1041 5363 1214 5418 ἐθνῶν
1257 5366 1673 5440 ἐπιδημήσαντα

139 5442 245 5538 iuta
279 5448 368 5518 τὴν
434 5453 881 5526 ἐνανθρὼτιησιν,
966 5456 1026 5508 οὐ
1083 5457 1504 5528 παραδέξονται,
1553 5462 1674 5516 οὐδὲ

140 5539 474 5670 ξτᾰγνὼσονται
505 5547 691 5613 αὐτὸν,
739 5547 860 5602 οὐδὲ
890 5549 1204 5620 νοήσωσιν,
1239 5550 1354 5604 ἀλλ’
1388 5552 1505 5605 οὐδὲ
1541 5570 1668 5608 συν-

171 5641 281 5670 tcum

153 5641 304 5690 ιπυπι.

195 5735 210 5766 ⁶
240 5722 356 5778 0δαῖ
397 5728 544 5796 ἔθνος
589 5733 929 5807 ἁμαρτωλὸν,
957 5739 1083 5804 λαὸς
1108 5737 1320 5812 πλήρης
1356 5739 1629 5811 ἁμαρτίας
1654 5779 1669 5807 ,

2421 2870 2654 2928 CAPUT
2705 2870 2748 2926 l.

1866 2967 2028 3022 Vsus.
2073 2968 2126 3032 1,
2176 2967 2230 3022 2.
2295 2987 2314 3018 ι
2349 2965 2498 3021 Visio
2531 2979 2697 3034 quam
2755 2963 2890 3020 vidit
2954 2962 3183 3018 Hesaias
3234 2963 3381 3020 Illius

1789 3058 1978 3123 Amos,
2011 3072 2176 3127 quam
2212 3056 2348 3112 vidit
2376 3065 2572 3112 contra
2611 3053 2874 3121 Judaeam,
2907 3062 2963 3109 et
3001 3063 3190 3111 contra
3212 3051 3376 3110 Jeru-

1786 3151 1978 3218 salem,
2007 3150 2364 3221 regnantibus
2395 3149 2550 3214 Ozia,
2595 3149 2871 3214 Joatham,
2925 3148 3110 3202 Achaz
3144 3155 3198 3201 et
3239 3147 3378 3202 Eze-

1785 3243 1932 3311 chia,
1963 3244 2056 3312 qui
2101 3251 2469 3313 regnaverunt
2521 3243 2574 3296 in
2621 3241 2831 3300 Judaaa.
2878 3240 3018 3295 Audi
3052 3239 3274 3305 malum,
3319 3249 3378 3294 et

1787 3335 2014 3390 auribus
2039 3335 2256 3405 percipe
2304 3344 2473 3399 terra,
2521 3335 2651 3404 quia
2694 3334 2958 3389 Dominus
2989 3333 3206 3388 locutus
3265 3342 3371 3388 est.

1785 3427 1950 3483 Filios
1977 3429 2138 3499 genui
2167 3436 2223 3482 et
2245 3427 2480 3482 exaltavi
2511 3444 2526 3481 :
2558 3427 2632 3482 illi
2669 3436 2850 3482 autem
2880 3433 3208 3497 spreverunt
3227 3439 3370 3479 me.»

1786 3520 1960 3577 Homo
1988 3536 2054 3577 ex
2084 3523 2265 3576 anima
2298 3530 2352 3576 et
2378 3535 2612 3589 corpore
2633 3519 2965 3576 constitutus
2994 3527 3116 3574 est:
3144 3533 3272 3574 caro
3304 3531 3372 3572 ex

1785 3624 1953 3678 terra,
2009 3615 2191 3670 anima
2245 3613 2492 3670 caelestis
2545 3611 2784 3667 exsistit.
2850 3612 2987 3679 Quia
3041 3626 3174 3668 vero
3244 3625 3369 3666 cum

1783 3716 2015 3775 utroque
2043 3722 2234 3766 eorum
2264 3707 2650 3778 cognationem
2679 3706 2843 3761 habet
2872 3707 3035 3762 homo
3054 3747 3069 3773 ,
3109 3707 3257 3760 circa
3297 3719 3364 3759 ea

1781 3816 1902 3870 qua:
1958 3801 2057 3870 ipsi
2125 3802 2365 3856 maxime
2411 3799 2632 3869 propria
2709 3807 2838 3853 sunt
2905 3798 3215 3852 lesﬁmonio
3269 3812 3373 3853 suo

1783 3895 1956 3963 ipsum
1989 3895 2238 3964 coarguit
2270 3911 2284 3948 :
2315 3913 2334 3946 ι
2357 3893 2527 3951 Filios
2559 3893 2720 3961 genui
2746 3899 2802 3946 et
2833 3891 3094 3950 exaltavi.
3125 3910 3144 3943 ι
3191 3887 3372 3946 Gene-

1779 3985 2014 4040 rationis
2066 3985 2186 4040 dua:
2235 3985 2448 4054 species
2493 3993 2641 4050 sunt,
2692 3999 2922 4054 quarum
2971 3984 3073 4038 alia
3128 3991 3229 4042 est.
3277 3981 3369 4037 illa

1780 4075 2080 4130 secundum
2140 4074 2314 4130 Deum
2369 4073 2566 4140 forma,
2611 4089 2732 4142 quae
2771 4088 2838 4128 ex
2880 4073 3135 4143 operibus
3190 4077 3245 4126 et
3299 4083 3367 4124 ex

1780 4169 2162 4222 mandatorum
2218 4168 2568 4237 perceptione
2614 4165 2951 4242 perficitur;
2992 4179 3097 4234 qua
3154 4163 3372 4219 ratione

1779 4259 1981 4314 Paulus
2011 4259 2306 4329 discipulos
2337 4273 2466 4314 suos
2497 4273 2596 4329 per
2625 4259 2978 4330 Evangelium
3010 4259 3204 4329 gignit.

1849 4350 2015 4406 Vens.
2055 4352 2110 4408 5.
2151 4370 2170 4404 ι
2206 4351 2471 4423 Cognovit
2499 4353 2596 4408 bos
2639 4366 3036 4422 possessorem,
3075 4361 3132 4406 et
3179 4350 3370 4404 asinus

1777 4458 2017 4514 praesepe
2045 4443 2251 4499 domini
2289 4445 2393 4510 sui,
2427 4442 2596 4499 lsrael
2619 4454 2798 4500 autem
2827 4459 2913 4499 me
2942 4458 3050 4498 non
3082 4443 3359 4513 cognovit,

1773 4545 1830 4591 et
1863 4535 2099 4606 populus
2133 4551 2221 4590 me
2259 4552 2366 4593 non
2406 4534 2700 4591 intellexit.
2729 4552 2752 4588 ν
2789 4535 2893 4589 Bos
2920 4534 3138 4604 quidem
3169 4542 3225 4588 et
3255 4534 3366 4588 asi-

1774 4643 1878 4682 nus
1914 4643 1980 4682 ex
2026 4625 2260 4682 naturali
2316 4626 2579 4682 instinctu
2616 4639 2732 4691 eos,
2780 4625 2875 4694 qui
2908 4623 3227 4678 alimentum
3257 4622 3362 4678 sibi

1775 4719 2162 4790 suppeditant,
2215 4718 2723 4788 cognoscuntzqui
2779 4732 2910 4773 vero
2957 4726 3111 4771 tanta
3169 4731 3200 4771 a
3254 4716 3366 4772 Deo

1775 4811 2121 4880 providentia
2147 4811 2350 4881 dignati
2378 4819 2537 4875 sunt,
2570 4819 2628 4865 ut
2669 4825 2778 4864 non
2819 4809 2980 4864 modo
3010 4809 3364 4864 rationabiles

1775 4911 1980 4968 essent,
2010 4903 2105 4960 sed
2132 4903 2296 4960 etiam
2337 4903 2570 4974 populus
2607 4903 2700 4959 Dei
2731 4911 3077 4967 vocarentur,
3102 4901 3366 4955 ﬁliorum-

1773 5007 1880 5062 que
1911 4995 2130 5049 nomine
2155 5005 2510 5058 ornarentur,
2547 5009 2654 5049 non
2705 4994 2822 5063 pari
2859 5004 3023 5063 atque
3060 4993 3220 5048 bruta
3270 4991 3363 5060 ju-

1775 5092 1960 5140 menta
1995 5086 2156 5141 modo
2184 5101 2309 5141 eum
2341 5087 2434 5156 qui
2467 5101 2526 5142 se
2555 5087 2763 5156 genuit,
2799 5086 3078 5151 enutrivit,
3119 5085 3362 5140 honora-

1773 5177 1860 5232 vitv
1908 5186 1965 5232 et
2019 5179 2302 5244 exaltavit,
2359 5179 2646 5234 Dominum
2695 5194 2990 5250 agnovere.
3049 5179 3146 5233 His
3199 5194 3364 5247 porro

1775 5270 2011 5328 arbitror
2033 5273 2354 5343 prophetica
2386 5273 2742 5339 subindicari,
2769 5275 2884 5328 fore
2909 5283 2965 5327 ut
2994 5271 3164 5327 Judaei
3188 5273 3361 5340 illum,

1775 5371 1866 5440 qui
1915 5368 2164 5425 Christus
2214 5368 2310 5424 Dei
2359 5375 2416 5423 et
2453 5367 2573 5437 ipse
2617 5353 2931 5434 Dominus,
2963 5370 3168 5440 quique
3219 5373 3362 5440 apud

1775 5465 1920 5529 illos,
1959 5478 2073 5532 prae
2101 5462 2224 5517 aliis
2253 5463 2512 5518 omnibus
2537 5463 2812 5532 gentibus,
2859 5463 3021 5518 homo
3047 5465 3364 5535 peregrina-

1778 5566 1867 5613 tus
1900 5563 2012 5620 est,
2047 5569 2154 5610 non
2184 5555 2553 5625 susciperent,
2588 5571 2765 5627 neque
2797 5567 3212 5625 cognoscerent,
3261 5570 3362 5613 nec

1777 5657 1958 5704 mente
1989 5647 2371 5718 intelligerent.

1856 5739 2022 5798 Vnus.
2067 5740 2118 5796 4.
2182 5741 2318 5797 εγω
2380 5742 2524 5814 genti
2579 5741 2901 5815 pcccatrici,
2953 5744 3148 5817 populo
3195 5743 3360 5814 pleno
