3850 6210
416 298 479 354 91
941 278 959 296 ’
1098 297 1369 355 EUSEBII
1407 297 1893 357 CAESARIENSIS
1930 301 2079 359 OPP.
2121 303 2301 359 PARS
2338 302 2425 359 Ill.
2467 333 2539 347 -—
2574 300 2991 362 EXEGETICA.
3615 303 3692 360 92

415 412 723 483 iniquitate,
751 413 945 468 semini
987 413 1152 481 malo,
1184 414 1310 470 filiis
1347 416 1573 486 iniquis.
1626 416 2000 487 Dereliquistis

2112 420 2333 492 σπέρμα
2352 419 2610 492 πονηρὸν,
2629 418 2737 471 υἱοὶ
2762 417 2973 490 ἄνομοι.
3010 415 3427 485 Ἐγκατελίπετε
3457 415 3549 470 τὺν
3572 417 3692 470 Κύ-

387 504 724 599 iDomInum,
759 515 814 560 et
851 507 1109 562 irritastis
1156 515 1409 563 sanctum
1459 508 1625 564 lsrael
1656 528 1670 564 :
1701 510 1996 565 abalienati

413 606 537 652 sunt
600 607 928 653 retrorsum.
960 616 979 650 ι
1045 596 1173 653 ldeo
1231 614 1362 669 ergo
1415 598 1729 656 Iudaeorum
1781 612 1997 673 gentem

413 691 660 761 coarguit
716 691 1085 761 miseramque
1138 693 1402 762 praedicat
1455 693 1695 763 Spiritus
1752 706 1998 761 sanctus,

412 782 537 849 quia
572 781 813 835 omnium
844 782 1003 850 plane
1036 784 1281 852 gentium
1326 785 1566 840 deterior
1615 794 1721 852 est,
1771 795 1828 841 et
1872 787 1999 856 quia

414 871 489 926 illi
523 887 700 939 neque
724 887 791 927 ex
816 874 1129 941 adoptione,
1174 890 1353 946 neque
1383 891 1451 931 ex
1491 879 1703 934 honore
1737 877 2001 935 divinitus

414 963 519 1019 sibi
570 964 789 1031 collato,
842 965 1070 1020 exaltati
1119 967 1402 1035 videlicet,
1455 985 1519 1026 ac
1565 970 2001 1039 praecellentibus

415 1058 735 1112 muneribus
771 1058 839 1111 ab
865 1073 931 1111 eo
959 1061 1168 1126 donati,
1202 1063 1477 1131 quidpiam
1524 1064 1775 1119 utilitatis
1812 1080 2000 1135 perce-

415 1158 612 1216 perunt
641 1167 656 1203 :
690 1151 797 1203 imo
837 1167 966 1207 vero
994 1167 1061 1207 ne
1089 1169 1155 1207 ex
1189 1153 1362 1224 plagis
1410 1155 1628 1225 quidem
1663 1165 1718 1212 et
1760 1158 2001 1229 castiga-

418 1239 677 1306 tionibus,
732 1243 886 1309 queis
928 1260 957 1297 a
1005 1244 1115 1298 Deo
1155 1244 1472 1314 frequenter
1524 1248 1575 1302 vi
1622 1248 1828 1305 amoris
1880 1265 2005 1319 per-

424 1341 600 1396 moto,
637 1333 936 1401 impietatis
964 1351 1076 1391 suae
1128 1352 1293 1392 causa
1330 1337 1512 1394 allecti
1560 1350 1707 1408 sunt,
1758 1342 2004 1412 resipue-

419 1433 547 1478 runt
575 1440 590 1479 :
623 1441 771 1491 nam,
816 1443 835 1476 ι
862 1442 1021 1491 quem
1053 1429 1231 1499 diligit
1267 1430 1548 1496 Dominus,
1598 1432 1855 1502 castigat,
1903 1433 2001 1488 ﬂa-

432 1515 596 1585 gellat
623 1524 801 1569 autem
834 1531 1048 1570 omnem
1084 1518 1274 1583 filium,
1307 1535 1465 1590 quem
1494 1521 1691 1591 accipit
1715 1524 1781 1577 ¹⁶.
1810 1541 1829 1575 ι
1872 1523 2005 1590 Quis

419 1616 598 1660 autem
636 1607 725 1662 ille
759 1607 881 1674 fuit,
926 1624 1084 1674 quem
1117 1609 1523 1679 dereliquerunt
1547 1651 1563 1676 ,
1596 1613 1704 1667 nisi
1731 1612 2003 1684 Christus,

418 1712 578 1765 quem
624 1698 747 1765 quia
796 1698 1151 1754 irritaverunt
1200 1708 1256 1754 et
1295 1700 1730 1773 dereliquerunt,
1771 1720 1835 1762 ea
1883 1722 2007 1776 quae

417 1790 822 1859 subsequuntur
853 1794 1093 1861 perpessi
1126 1793 1294 1847 sunt?

491 1880 651 1935 Vens.
691 1882 746 1945 5,
779 1884 831 1938 6.
879 1900 898 1933 ι
930 1881 1071 1949 Quid
1104 1883 1284 1938 adhuc
1311 1887 1701 1954 percutiamini
1732 1889 1995 1957 adjicien-

418 1984 501 2030 tes
533 1973 1114 2043 iniquitatem?omne
1161 1985 1327 2046 caput
1372 1978 1425 2032 in
1476 1979 1681 2047 labore,
1736 1990 1791 2036 et
1841 1997 2005 2039 omne

415 2082 512 2123 cor
551 2067 604 2121 in
656 2067 921 2130 tristitia;
960 2083 988 2121 a
1030 2067 1259 2136 pedibus
1291 2084 1465 2140 usque
1487 2073 1554 2126 ad
1586 2084 1750 2143 caput
1782 2090 1893 2129 non
1919 2083 2005 2130 est

416 2158 473 2214 in
505 2171 570 2212 et)
598 2158 831 2213 sanitas.
882 2157 1112 2223 Vulnus,
1163 2158 1327 2225 livor,
1378 2161 1538 2232 plaga
1594 2174 1832 2220 tumens.
1886 2165 2001 2220 Non

416 2250 546 2306 licet
569 2249 835 2319 malagma
871 2251 1154 2321 imponere
1176 2292 1193 2318 ,
1226 2268 1401 2323 neque
1426 2256 1630 2323 oleum,
1665 2273 1841 2326 neque
1869 2258 2003 2330 liga-

416 2354 619 2397 menta.
644 2361 668 2390 ›
709 2344 811 2408 Qui
846 2342 960 2397 fieri
996 2352 1231 2412 poterat,
1265 2354 1324 2398 ut
1353 2345 1500 2401 aliud
1535 2349 1601 2401 ad
1633 2349 1926 2405 sanitatem
1949 2360 2006 2407 et

418 2434 648 2489 salutem
690 2435 1088 2490 restituendam
1119 2435 1475 2505 pharmacum
1510 2442 1855 2510 reperirent,
1907 2444 2002 2513 qui

417 2525 705 2580 Dominum
767 2526 1103 2605 abnegarant
1145 2542 1159 2579 :
1205 2542 1365 2597 quem
1424 2545 1530 2585 non
1581 2543 1852 2588 noverunt
1900 2551 2004 2591 nec

419 2617 805 2673 intellexerunt
851 2619 1140 2674 advenisse
1184 2620 1290 2676 sibi
1346 2623 1653 2678 animarum
1705 2627 1999 2693 medicum,

418 2711 508 2780 qui
544 2712 693 2768 solus
743 2728 960 2767 omnem
1011 2717 1261 2770 morbum
1306 2723 1362 2770 et
1424 2730 1645 2773 omnem
1693 2719 2000 2776 animarum

418 2800 791 2856 infirmitatem
820 2819 1015 2857 curare
1046 2805 1294 2873 poterat?

492 2890 660 2945 Vens.
697 2891 749 2953 7,
798 2891 850 2945 8.
915 2909 934 2942 ι
974 2891 1142 2947 Terra
1203 2900 1382 2948 vestra
1444 2895 1697 2964 deserta,
1747 2897 2001 2957 civitates

418 2991 614 3036 vestrae
660 2997 936 3038 succensa:
979 2984 1091 3053 igni
1127 3002 1140 3037 :
1181 2985 1462 3054 regionem
1521 2997 1763 3043 vestram
1813 3004 1999 3046 coram

422 3072 581 3127 vobis
610 3074 773 3127 alieni
823 3074 1134 3130 devorant:
1176 3085 1231 3130 et
1274 3076 1521 3132 desolata
1571 3087 1675 3145 est,
1728 3094 1922 3137 eversa
1970 3097 1999 3137 a

418 3164 631 3235 populis
663 3164 877 3231 alienis.
903 3168 1047 3222 sicut
1070 3168 1482 3224 tabernaculum
1501 3169 1555 3224 in
1577 3171 1761 3239 vinea,
1788 3182 1841 3230 et
1863 3174 2005 3230 sicut

419 3257 693 3328 tugurium
725 3260 779 3313 in
826 3262 1229 3328 cucumerario,
1283 3262 1429 3318 sicut
1476 3263 1672 3320 civitas
1706 3266 1953 3323 obsessa.
1979 3287 1999 3322 ι

418 3347 501 3404 Ad
523 3351 825 3406 custodiam
856 3338 1127 3408 fructuum
1166 3354 1219 3408 in
1251 3354 1425 3412 vineis
1456 3358 1798 3413 nascentium
1832 3359 2009 3430 lignu-

422 3450 512 3496 tur
550 3443 807 3499 tentoria.
867 3444 1001 3500 Cum
1054 3461 1185 3517 ergo
1237 3448 1401 3504 vinea
1440 3432 1686 3520 ‘prOpriis
1734 3448 2006 3513 fsuctibus

418 3535 590 3603 probe
645 3535 912 3592 instructa
971 3545 1092 3605 est,
1140 3539 1289 3594 omni
1335 3555 1467 3596 cura
1535 3551 1590 3597 et
1637 3542 2009 3601 sollicitudine

427 3624 725 3679 tentorium
760 3635 1040 3693 servatur,
1077 3628 1235 3683 itaut
1261 3638 1448 3686 custos
1475 3632 1766 3704 diligenter
1798 3633 2011 3704 prospi-

421 3709 550 3778 ciat,
582 3727 670 3775 ne,
699 3711 793 3781 qui
820 3713 874 3767 in
909 3714 994 3769 via
1021 3725 1373 3784 praetereunt,
1411 3720 1622 3776 fructus
1667 3721 1787 3792 ejus
1819 3723 2008 3778 decer-

421 3810 572 3868 pant.
614 3801 750 3857 Cum
802 3815 982 3861 autem
1026 3807 1188 3863 vinea
1242 3809 1585 3867 infructuosa
1638 3823 1744 3880 est,
1798 3813 1930 3869 illud
1975 3829 2005 3868 a

344 3956 351 3962 _
419 3895 669 3962 custode,
695 3903 754 3949 ut
781 3906 1209 3954 consentaneum
1239 3911 1343 3969 est,
1383 3904 1692 3975 negligitur.
1718 3906 2003 3972 Quamob-

421 3997 536 4037 rem
572 3982 930 4041 lsraeliticum
964 3989 1218 4058 populum
1250 3993 1572 4049 derelictum
1639 3996 1706 4051 iri
1760 3997 2009 4054 intermi-

421 4085 607 4142 natur,
689 4087 880 4147 utpote
938 4079 1030 4150 qui
1091 4092 1520 4140 consentaneum
1587 4087 1827 4144 fructum
1894 4105 2005 4147 non

420 4168 659 4223 emittat.
689 4169 1013 4226 Timendum
1048 4174 1233 4244 itaque
1264 4177 1425 4239 nobis
1455 4188 1561 4244 est,
1585 4195 1654 4234 ne
1684 4181 2006 4241 infructuosi

422 4257 614 4327 simus,
650 4270 708 4315 ut
732 4277 799 4317 ne
820 4280 884 4318 ex
910 4264 993 4319 ira
1021 4264 1118 4320 Dei
1146 4268 1486 4325 deseramur.
1523 4270 1762 4342 Spiritus
1782 4284 2007 4332 sanctus

422 4360 508 4404 est
535 4353 628 4420 qui
678 4369 776 4410 nos
812 4358 1073 4413 custodit.
1138 4358 1271 4414 Cum
1330 4361 1496 4431 igitur
1553 4363 1736 4420 anima
1786 4366 2003 4423 fructus

2108 528 2238 581 ριον,
2264 512 2357 565 καὶ
2373 510 2761 583 παρωργίσατε
2786 509 2875 563 τὸν
2894 510 3045 577 ἆγιον
3076 506 3171 561 τοῦ
3196 506 3427 579 ’Ῑσραήλε
3445 506 3689 579 ἀπηλλο-

2102 601 2413 674 τριώθησαν
2442 604 2522 666 είς
2541 601 2611 655 τά
2631 600 2824 655 ὀπίσω.
2853 620 2872 654 ι
2904 600 3003 654 Διὰ
3023 598 3196 654 ταῦτα
3229 599 3358 668 γοῦν
3391 597 3690 669 ἀπελέγχει

2101 695 2164 747 τὸ
2208 694 2476 748 Ἰουδαίων
2527 693 2699 757 ἔθνος,
2736 693 2831 746 καὶ
2855 691 3130 757 ταλανίζει
3158 691 3353 755 αὑτοὺς
3372 690 3432 743 τὸ
3462 689 3693 760 Πνεῦμα

2101 786 2163 839 τὸ
2190 786 2375 855 ἀγιον,
2425 786 2502 850 ὡς
2546 786 2765 840 πάντων
2796 785 2906 839 τῶν
2934 783 3103 837 ἐθνῶν
3126 782 3364 855 χείρους,
3390 782 3483 835 καὶ
3509 781 3586 844 ὡς
3624 782 3692 834 τὸ

2107 881 2271 952 μηδὲν
2308 879 2710 950 ὠφεληθέντας,
2750 880 2886 950 μήτε
2916 880 2980 931 ἐκ
3006 878 3103 949 τῆς
3138 875 3425 940 υἱοθεσίας,
3452 876 3587 948 μήτε
3627 874 3693 939 ἐξ

2100 968 2170 1044 ἦς
2199 970 2352 1042 παρά
2373 969 2512 1024 Θεοῦ
2536 971 2702 1042 τιμῆς
2729 969 3036 1040 ἠξιώθησαν
3054 986 3069 999 ο
3094 967 3404 1038 ὑψωθέντες
3417 968 3511 1021 καὶ
3537 966 3693 1019 πλεί-

2105 1079 2245 1115 στων
2290 1063 2430 1115 ὅσων
2464 1060 2758 1132 ἐξαιρέτων
2789 1058 2940 1130 παρά
2958 1056 3122 1111 αὑτοῦ
3151 1056 3536 1127 τετυχηκότεςο
3570 1054 3692 1109 ἀλλ’

2102 1154 2225 1208 οὐδὲ
2249 1154 2307 1221 ἐξ
2330 1147 2405 1207 ὧν
2428 1152 2690 1217 πολλάκις
2714 1151 3031 1223 ἐπλήγησαν
3061 1150 3129 1204 δι’
3144 1148 3446 1220 ὑπερϐολὴν
3466 1147 3695 1219 ἀγάπης

2103 1246 2239 1301 Θεοῦ
2266 1248 2598 1318 τυπτόμενοι
2628 1245 2721 1300 καὶ
2790 1242 3161 1313 κολαζόμενοι,
3186 1241 3295 1294 τῶν
3324 1239 3693 1311 ἀσεϐημάτων

2104 1338 2284 1393 αὐτῶν
2322 1339 2508 1393 ἕνεκεν
2532 1356 2544 1369 ·
2586 1357 2605 1390 ι
2655 1339 2752 1391 Ὃν
2799 1336 2907 1409 γὰρ
2948 1336 3138 1406 ἀγαπᾷ
3182 1333 3384 1403 Κύριος
3416 1329 3690 1407 παιδεύει,

2109 1432 2363 1502 μαστιγοί
2386 1430 2444 1483 δὲ
2476 1430 2653 1483 πάντα
2669 1429 2804 1493 υἱὸν,
2821 1427 2880 1481 ὃν
2901 1426 3278 1498 παραδέχεται.
3296 1444 3313 1474 ι
3330 1423 3424 1486 Τίς
3454 1422 3511 1475 δὲ
3530 1417 3600 1492 ἦν
3627 1420 3696 1475 ὅν

2105 1521 2483 1591 ἐγκατέλιπον,
2508 1522 2587 1593 ἢὸ
2603 1521 2855 1593 Χριστός*
2874 1518 2932 1572 ὃν
2954 1518 3044 1571 διὰ
3069 1516 3130 1570 τὸ
3158 1514 3568 1588 παρωργικέναι
3592 1513 3697 1567 καὶ

2107 1613 2646 1684 ἐγκαταλελοιπὲναι,
2690 1612 2761 1666 τά
2780 1611 2909 1683 ἑξῆς
2939 1609 3300 1680 ἐπιλεγόμενα
3323 1606 3652 1661 πεπόνθασιν
3673 1622 3693 1671 ;

2184 1898 2202 1931 ι
2245 1878 2310 1932 Τί
2358 1878 2437 1932 ἔτι
2487 1877 2733 1950 πληγῆτε
2788 1874 3172 1949 προστιθέντες
3220 1870 3482 1944 ἀνομίαν;
3536 1870 3698 1924 πᾶσα

2108 1971 2316 2042 κεφαλὴ
2343 1971 2421 2034 εἰς
2461 1970 2643 2034 πόνον,
2668 1968 2764 2022 καὶ
2805 1969 2956 2022 πᾶσα
3002 1964 3199 2038 καρδία
3230 1965 3312 2027 είς
3337 1963 3512 2029 λύπην
3532 1978 3545 1991 '
3580 1960 3701 2014 ἀπὺ

2106 2062 2286 2116 ποδῶν
2332 2062 2436 2125 ἕως
2476 2059 2721 2130 κεφαλὴν
2765 2059 2866 2112 οὑκ
2898 2058 3044 2111 ἐστιν
3081 2058 3139 2110 ἐν
3183 2054 3331 2126 αὑτῷ
3377 2052 3698 2124 ὁλοκληρία.

2106 2158 2150 2209 Τ
2156 2155 2362 2227 ραῦμα,
2398 2153 2635 2225 μώλωψ,
2690 2152 2873 2224 πληγὴ
2924 2150 3351 2221 φλεγμαίνουσα.
3407 2147 3520 2201 Οὐκ
3570 2145 3702 2200 ἐστι

2110 2243 2375 2315 μάλαγμα
2397 2241 2685 2307 ἐπιθεῖναι,
2711 2239 2837 2294 οὔτε
2861 2240 3060 2305 ἔλαιον,
3095 2238 3219 2293 οὕτε
3246 2236 3635 2308 καταδεσμούς.
3666 2255 3695 2289 ι

2105 2336 2230 2401 Πῶς
2269 2337 2325 2390 δὲ
2363 2337 2457 2389 καὶ
2495 2330 2604 2389 οἷόν
2654 2353 2713 2388 τε
2766 2330 2835 2406 ἦν
2874 2333 3062 2404 ἕτερον
3111 2331 3308 2395 αὐτοὺς
3369 2330 3558 2400 ὑγείας
3596 2330 3703 2384 καὶ

2107 2426 2383 2500 σωτηρίας
2426 2425 2708 2497 ποιητικὸν
2740 2423 2995 2497 εὑρέσθαι
3039 2423 3332 2495 φάρμακον
3372 2420 3703 2493 ἀρνησαμέ-

2105 2537 2228 2584 νους
2271 2519 2362 2572 τὸν
2406 2516 2643 2589 Κύριονσ
2692 2515 2827 2588 μηδὲ
2872 2513 3253 2585 ἐπεγνωκότας
3310 2513 3492 2578 αὑτὸν,
3551 2509 3703 2582 μηδὲ

2107 2615 2383 2679 συνιέντας
2415 2613 2824 2686 ἐπιδημήσαντα
2839 2613 3020 2674 αὐτοῖς
3042 2610 3133 2663 τὸν
3158 2609 3264 2664 τῶν
3278 2607 3464 2680 ψυχῶν
3482 2606 3701 2679 ἰατρὸν,

2103 2709 2197 2762 τὸν
2229 2709 2387 2780 μόνον
2419 2709 2601 2760 πᾶσαν
2630 2706 2782 2759 νόσον
2816 2704 2910 2757 καὶ
2954 2704 3137 2756 πᾶσαν
3183 2699 3452 2772 μαλακίαν
3493 2694 3698 2767 ψυχῶν

2101 2799 2240 2874 ὁμοῦ
2268 2801 2363 2854 καὶ
2383 2798 2651 2870 σωμάτων
2681 2795 2934 2850 ἰάσασθαι
2962 2793 3260 2864 δυνάμενον
3280 2833 3295 2858 ,

2179 2912 2198 2944 ι
2242 2893 2308 2947 Ἠ
2337 2892 2409 2963 γῆ
2441 2889 2595 2962 ὑμῶν
2634 2888 2859 2961 ἔρημος,
2896 2886 2954 2939 αί
2998 2885 3181 2948 πόλεις
3224 2882 3379 2954 ὑμῶν
3420 2881 3705 2953 πυρίκαυ-

2106 3003 2220 3040 στοι
2248 2985 2349 3055 τὴν
2388 2981 2572 3053 χώραν
2600 2980 2753 3053 ὑμῶν
2790 2978 3022 3032 ἐνώπιον
3051 2975 3206 3047 ὑμῶν
3260 2975 3530 3047 ἀλλότριοι
3558 2992 3706 3029 κατ-

2105 3078 2375 3133 εσθίουσιν
2407 3076 2611 3147 αὑτήν
2653 3074 2748 3127 καὶ
2785 3071 3069 3142 ὴρέμωται
3101 3068 3559 3139 κατεστραμμένη
3586 3066 3708 3122 ὑπδ

2107 3171 2250 3227 λαῶν
2303 3169 2618 3240 ἀλλοτρίων,
2673 3167 2750 3230 ὡς
2801 3163 2975 3236 σκηνὴ
3024 3166 3082 3217 ἐν
3135 3161 3438 3234 ἀμπελῶνι,
3488 3160 3587 3214 καὶ
3617 3161 3706 3225 ὡς

2107 3263 2552 3337 ὀπωροφυλάκιον
2600 3265 2657 3317 ἐν
2692 3261 3026 3334 σικυηλάτῳ,
3059 3262 3136 3325 ὡς
3189 3261 3346 3324 πόλις
3375 3258 3710 3330 πολιορκου-

2111 3356 2245 3427 μένη
2261 3354 2356 3425 (4).
2371 3373 2389 3406 ι
2413 3356 2508 3419 Είς
2523 3352 2765 3426 φρουρὰν
2776 3352 2883 3406 τῶν
2903 3355 2961 3406 ἐν
2976 3353 3096 3414 ταῖς
3110 3349 3375 3421 ἀμπέλοις
3397 3345 3627 3421 καρπῶν
3641 3348 3707 3402 αἱ

2111 3447 2308 3518 σκηναὶ
2339 3448 2663 3519 πήγνυνται.
2695 3446 2865 3499 Ὅταν
2888 3444 2987 3516 μὲν
3001 3438 3109 3497 ηοῦν
3130 3442 3328 3515 εὑθηνῇ
3348 3444 3458 3504 τοῖς
3476 3439 3711 3505 οἰκείοις

2110 3543 2347 3613 καρποῖς
2377 3543 2410 3612 ἡ
2436 3540 2709 3613 ἄμπελος,
2750 3536 3163 3608 σπουδάζεταιή
3192 3534 3364 3608 σκηνὴ
3396 3533 3490 3588 καὶ
3514 3533 3711 3603 πάσης

2108 3633 2354 3699 ἀξιοῦται
2407 3631 2760 3704 ἐπιμελείας·
2806 3629 2948 3684 ὥστε
2992 3628 3085 3683 ἀπ’
3131 3628 3302 3698 αὐτῆς
3342 3623 3711 3680 κατοπτεύειν

2108 3726 2201 3780 τὸν
2227 3725 2464 3796 φύλακα,
2498 3725 2709 3796 μήποτε
2736 3721 3012 3795 τρυγῶσιν
3033 3721 3205 3791 αὑτὴν
3236 3719 3287 3771 οἱ
3308 3716 3707 3789 παραπορευό-

2120 3834 2270 3891 μενοι
2315 3817 2415 3887 τὴν
2464 3816 2606 3870 ὁδόν.
2656 3815 2822 3869 Ὅταν
2873 3813 2932 3867 δὲ
2983 3811 3234 3883 ἄκαρπος
3278 3805 3353 3884 ᾖ,
3412 3807 3711 3879 ἀμελεῖται

2110 3908 2427 3978 ἀναγκαίως
2466 3908 2567 3978 τῆς
2601 3904 2849 3976 ἀμπέλου
2891 3902 2961 3957 τά
3003 3901 3369 3973 φυλακτήρια.
3409 3897 3506 3952 Διά
3536 3896 3711 3952 τοῦτο

2108 3999 2205 4053 τοῦ
2248 3995 2644 4071 Ἰσραηλιτικοῦ
2674 3996 2803 4051 λαοῦ
2832 3996 2932 4066 τὴν
2959 3992 3343 4064 ἐγκατάλειψιν
3359 3990 3594 4056 ἀπειλεῖ,
3622 3991 3711 4055 ὡς

2115 4094 2189 4166 μὴ
2216 4088 2694 4164 καρποφοροῦντος
2717 4089 2789 4143 τά
2826 4087 3205 4144 ἐπιϐάλλοντα.
3241 4085 3572 4156 Φοϐηθῶμεν
3604 4079 3709 4137 οὖν

2110 4180 2250 4238 εἶναι
2298 4184 2557 4254 ἄκαρποι,
2611 4181 2685 4252 μὴ
2713 4178 3234 4250 ἐγκαταλειφθῶμεν
3260 4176 3485 4248 ὑπὸτῆς
3525 4175 3708 4247 ὀργῆς

2107 4274 2205 4329 τοῦ
2233 4273 2388 4329 Θεοῦ.
2424 4274 2498 4327 Τὸ
2546 4272 2817 4343 φυλάσσον
2863 4273 3033 4343 ἡμᾶς,
3064 4272 3127 4325 τὸ
3171 4270 3399 4340 Πνεῦμα
3440 4269 3503 4322 τὸ
3540 4270 3709 4338 ἀγιόν

2110 4366 2278 4419 ἐστιν.
2318 4366 2488 4419 Ὅταν
2533 4364 2632 4435 μὲν
2673 4360 2765 4418 οῦν
2808 4364 3134 4435 καρποφορῇ
3182 4362 3216 4433 ἡ
3260 4359 3408 4432 ψυχὴ
3431 4358 3558 4424 ἀξια
3589 4360 3709 4414 τῶν

422 4451 753 4497 aeternorum
783 4448 1165 4515 penuariorum
1204 4450 1397 4517 dignos
1441 4451 1671 4521 profert,
1721 4463 1838 4510 tum
1864 4461 2003 4527 'per-

2112 4457 2346 4511 αίωνίων
2395 4455 2713 4528 ἀποθηκῶν,
2761 4455 3070 4528 παραμένει
3117 4454 3213 4508 καὶ
3257 4453 3551 4523 φυλάσσει,
3605 4456 3710 4507 καὶ

424 4542 612 4589 manet
639 4535 729 4590 ille
769 4546 976 4605 custos,
1018 4548 1074 4595 et
1103 4539 1395 4611 singularis
1416 4543 1517 4598 feri
1554 4544 1781 4602 insidias
1814 4549 2004 4618 procul

424 4626 631 4697 abigit;
665 4643 792 4682 cum
822 4638 1004 4684 autem
1040 4646 1201 4685 uvam
1223 4631 1369 4688 fellis
1395 4642 1451 4689 et
1474 4636 1697 4693 botrum
1731 4641 2003 4696 amaritu-

423 4715 567 4771 dinis
597 4718 834 4788 profert,
889 4720 1286 4779 infructuosam
1339 4727 1580 4781 animam
1621 4727 1715 4785 ille
1757 4731 2001 4788 deserit:

423 4815 477 4860 et
500 4815 627 4863 tunc
651 4810 704 4864 in
727 4813 977 4881 quemvis
1006 4814 1226 4871 brutum
1254 4817 1574 4887 cogitatum,
1598 4830 1653 4875 et
1676 4820 1730 4874 in
1755 4825 2005 4892 quamvis

424 4899 857 4958 irrationabilem
905 4908 1404 4978 concupiscentiam
1453 4910 1655 4967 decidit
1715 4913 1831 4969 illa.
1887 4912 2003 4969 Ριο·

423 5004 653 5061 rumque
702 5009 867 5063 porro
899 4996 1184 5066 Scriptura
1221 4999 1477 5057 lsraelem
1525 5004 1743 5058 vineam
1802 5004 2008 5075 tropice

423 5093 732 5152 nuncupat;
769 5090 911 5161 utﬁt
937 5086 1163 5143 Vineam
1196 5104 1261 5146 ex
1307 5092 1544 5163 Egypto
1587 5096 1951 5164 transtulisti;
1984 5116 2004 5150 ι

423 5180 499 5241 et,
564 5193 584 5227 ι
610 5175 781 5232 Vinea
815 5177 957 5234 facta
991 5190 1076 5236 est
1108 5183 1308 5239 dilecto
1337 5181 1386 5217 ¹⁶
1407 5200 1447 5250 ς»
1498 5193 1573 5250 et,
1633 5203 1652 5237 ι
1677 5186 1791 5257 Ego
1824 5197 2008 5244 autem

426 5265 662 5335 plantavi
697 5279 748 5325 te
788 5271 1001 5326 vineam
1048 5272 1409 5343 fructuosam,
1456 5284 1627 5333 totam
1676 5293 1861 5334 veram
1909 5281 1951 5338 ⁸.
1983 5299 2002 5334 ι

2108 4548 2392 4621 πόρρωθεν
2430 4548 2685 4621 ἀπείργει
2715 4548 2815 4613 τάς
2852 4548 2948 4602 τοῦ
2992 4546 3177 4619 μονιοῦ
3208 4544 3304 4599 τοῦ
3348 4545 3544 4618 ἀγρίου
3578 4547 3710 4600 ἐπι-

2108 4640 2335 4704 δουλάςο
2373 4641 2500 4694 ὅταν
2536 4640 2593 4694 δὲ
2623 4639 2895 4712 σταφυλὴν
2932 4639 3096 4711 χολῆς
3128 4638 3348 4709 γεωργῇ
3375 4636 3470 4690 καὶ
3502 4634 3710 4707 βότρυν

2109 4731 2336 4803 πικρίας
2365 4733 2595 4805 ἐκφέρῃ,
2619 4731 3201 4803 ἐγκαταλιμπάνειτὴν
3228 4731 3474 4801 ἄκαρπον
3493 4728 3707 4799 ψυχήν·

2111 4825 2207 4877 καὶ
2232 4824 2350 4877 τότε
2382 4824 2488 4877 ὑπὸ
2516 4824 2723 4886 παντὸς
2752 4823 3015 4893 λογισμοῦ
3044 4821 3344 4894 θηριώδους
3377 4821 3474 4874 καὶ
3517 4820 3711 4893 πάσης

2107 4917 2303 4987 ἀλόγου
2334 4917 2636 4989 ἐπιθυμίας
2660 4919 3073 4972 καταπεσεῖται.
3108 4914 3384 4986 Πολλαχοῦ
3417 4914 3475 4967 δὲ
3502 4931 3675 4985 τροπι
3692 4944 3712 4957 ο

2108 5009 2221 5073 κῶς
2235 5009 2529 5079 ἀμπελῶνα
2546 5008 2637 5063 τὸν
2670 5008 2885 5081 Ἰσραὴλ
2907 5011 2936 5062 ὁ
2966 5007 3124 5073 λόγος
3146 5004 3578 5077 προσαγορεύει·
3625 5005 3713 5069 ὡς

2106 5098 2188 5165 τὸ,
2215 5115 2234 5149 ι
2266 5100 2545 5170 Ἀμπελον
2573 5099 2633 5166 ἐξ
2668 5099 2946 5167 Αἰγύπτου
2982 5100 3118 5169 μετῆ
3129 5113 3245 5168 ρας’
3270 5116 3288 5148 ι
3307 5098 3421 5158 καὶ,
3443 5116 3461 5148 ι
3493 5097 3715 5167 Ἀμπε-

2108 5187 2214 5242 λὼν
2247 5188 2477 5261 ἐγενήθη
2496 5188 2574 5260 τῷ
2600 5192 2785 5259 ἠγαπη
2795 5188 2957 5259 μένῳ*
2973 5207 2991 5240 ι
3008 5188 3124 5254 καὶ,
3150 5206 3168 5239 ι
3191 5187 3332 5256 Ἐγὼ
3352 5187 3408 5239 δὲ
3424 5185 3714 5256 ἐφύτευσὰ

2113 5299 2173 5335 σε
2197 5281 2443 5353 ἄμπελον
2494 5281 2866 5354 καρποφόρον,
2918 5281 3101 5335 πᾶσαν
3124 5279 3405 5351 ἀληθινήν.
3439 5296 3458 5330 ι
3491 5279 3555 5332 Et
3580 5278 3640 5331 δὲ
3677 5281 3711 5332 ὁ

504 5384 549 5416 ⁸·
576 5385 738 5440 Prov.
769 5403 852 5452 ιιι,
875 5388 961 5443 19..
1039 5392 1060 5422 ³
1082 5389 1224 5444 Psal.
1254 5407 1442 5457 LXXIX,
1474 5393 1529 5449 9.
1582 5403 1604 5434 ι
1628 5402 1647 5424 θ
1671 5400 1784 5459 Jsa.
1812 5418 1868 5469 ν,
1903 5401 1955 5455 1.
1978 5399 2000 5432 ⁸

2112 5419 2134 5458 ’.
2170 5417 2230 5466 tt,
2259 5401 2351 5460 21.

498 5481 575 5548 (4)
609 5479 703 5559 liis
727 5482 923 5559 similia
954 5480 1118 5559 habet
1146 5484 1585 5559 Hieronymusin
1624 5491 1769 5546 hunc
1801 5493 2002 5559 locum,

430 5558 594 5673 atgue
629 5550 700 5603 ita
730 5551 1011 5621 loquitur:
1047 5573 1066 5607 ι
1097 5556 1155 5610 ln
1186 5550 1563 5616 cucumerario
1594 5577 1832 5631 quoque,
1860 5550 2005 5632 quod

432 5617 474 5671 L
534 5618 576 5672 Χ
619 5636 895 5673 nemorum
952 5629 1246 5673 custodiam
1292 5639 1503 5673 vacant,
1575 5632 1816 5673 nanItlm
1869 5636 2002 5673 linnl

432 5617 580 5702 LXX_
619 5617 895 5702 pomorum
952 5629 1246 5702 custodiam
1291 5639 1510 5702 vocant,
1575 5617 1832 5702 parvulae,
1869 5617 2006 5688 fiunt

434 5690 631 5745 casula:
676 5701 895 5761 propter
932 5697 1183 5753 ardorem
1226 5699 1356 5753 solis
1404 5715 1466 5754 ac
1495 5690 1689 5758 'rat'lios
1733 5704 2001 5758 declinau-

436 5762 533 5817 dos
555 5781 565 5816 :
587 5772 642 5818 ct
671 5762 797 5817 inde
821 5764 902 5820 vel
936 5766 1294 5839 bomines,vel
1315 5770 1589 5840 bestiolas,
1610 5788 1727 5844 quae
1754 5774 1999 5832 insidiari

2119 5491 2295 5548 solent
2339 5487 2480 5543 nalis
2505 5486 2770 5558 frugibus,
2793 5488 3037 5558 abigunt.
3091 5487 3229 5542 Cum
3283 5497 3461 5542 autem
3511 5487 3702 5543 ablata

2111 5559 2961 5630 fuerintistiusmodigenimina,
3002 5568 3286 5630 remanent
3322 5559 3532 5613 arentia
3586 5558 3706 5612 fru-

2113 5634 2278 5688 ticum
2331 5629 2687 5694 umbracula,
2743 5629 3049 5697 casulazque
3096 5629 3382 5684 recedente
3430 5631 3705 5684 custode:

2109 5704 2235 5772 quia
2262 5715 2367 5772 non
2400 5700 2562 5755 habet
2590 5700 2731 5772 ultra
2759 5700 2903 5769 quod
2933 5708 3152 5772 servet,_
3170 5718 3189 5752 ι
3216 5710 3273 5756 et
3303 5709 3498 5757 extera
3522 5742 3537 5770 ,
3574 5714 3706 5771 qua

2111 5768 2237 5830 item
2277 5771 2363 5828 ille
2401 5770 2699 5842 transtulit,
2729 5768 3212 5849 εειιησυνοπτικῶς.
