3850 6210
162 330 222 388 93
1128 323 1633 381 COMMENTABIA
1673 324 1741 380 IN
1777 323 2032 380 ISAIAM.
2073 356 2141 366 —
2178 322 2331 379 CAP.
2370 323 2412 377 Ι.
3309 323 3381 379 Μ

172 443 361 515 Ἰσραὴλ
379 442 655 510 ἀμπελὼν,
693 443 863 514 σκηνὴ
887 444 983 514 τῆς
1004 442 1249 513 ἀμπέλου
1273 443 1478 512 ταύτης
1507 445 1537 496 6
1560 437 1706 506 οἶκος

1820 441 1962 508 Quod
1987 441 2033 497 si
2062 441 2223 496 Israel
2245 443 2399 496 vinea
2437 439 2620 506 fuerit,
2652 440 3059 496 tabernaculum
3101 454 3233 496 sane
3261 441 3381 511 ejus

163 536 282 604 τάχα
316 536 345 587 6
368 532 462 587 τοῦ
498 534 631 589 ναοῦ
657 551 671 565 ο
704 536 968 606 σκήνωμα
998 533 1108 604 γὰρ
1145 532 1302 604 δόξης
1336 533 1575 602 ἐλέγετο,
1593 535 1707 598 καὶ,

170 626 474 695 ισκήνωμα,
516 620 577 680 οὗ
617 626 1032 696 κατεσκήνωσεν
1066 625 1124 677 ἐν
1143 624 1473 696 ἀνθρώποις.
1516 643 1536 676 ι
1566 625 1713 688 Ἕως

166 714 248 769 Li"
277 711 362 768 ὤν
403 716 491 769 ὅτε
540 717 713 769 ἐποίει
748 716 957 788 καρπὸν
989 716 1176 780 πολὺν,
1216 717 1311 770 καὶ
1345 718 1379 787 ή
1425 715 1600 788 σκηνή
1628 715 1715 770 διὰ

165 814 245 876 τήν
275 804 376 858 τῶν
421 805 653 877 καρπῶν
695 805 939 875 φυλακὴν
985 805 1360 875 συνειστήκει·
1408 804 1533 857 ἐπεὶ
1582 803 1639 856 δὲ
1686 805 1715 857 6

162 898 407 965 φυτεύσας
422 898 595 970 αὐτὴν
622 898 805 970 ἔμεινε
823 897 917 950 τοῦ
942 896 1167 966 ποιῆσαι
1183 895 1477 967 σταφυλὴν,
1492 894 1713 967 ἐποίησε

162 988 209 1042 δὲ
234 990 484 1052 ἀκάνθας,
499 984 586 1051 αἷς
608 988 696 1040 τὸν
713 987 914 1057 Κύριον
936 986 1335 1055 ἐστεφάνωσαν,
1361 986 1455 1038 καί
1470 986 1712 1057 ἐστράφη

160 1081 290 1134 πᾶσα
315 1082 394 1143 είς
421 1081 650 1151 πικρίαν
670 1097 684 1110 ⁸
721 1080 945 1151 ἐποίησε
976 1080 1084 1150 γάρ
1124 1078 1396 1149 σταφυλὴν
1428 1078 1589 1150 χολῆς
1621 1079 1716 1131 καὶ

162 1170 332 1242 βότρυν
372 1171 633 1243 πικρίας·
666 1171 747 1224 διὸ
782 1172 876 1225 καὶ
922 1172 1002 1236 είς
1044 1170 1106 1223 τὸ
1150 1169 1346 1241 βρῶμα
1388 1170 1595 1223 ἐδωκαν
1637 1170 1716 1241 τῷ

162 1263 330 1333 Κυρίῳ
372 1263 536 1334 χολήν
559 1280 571 1294 ο
614 1264 703 1316 διὰ
730 1263 887 1316 τοῦτο
933 1261 1330 1332 ἐγκατελείφθη
1353 1264 1386 1328 ἡ
1418 1264 1591 1334 σκηνὴ
1623 1261 1714 1315 τοῦ

161 1353 472 1422 ἀμπελῶνος.
504 1373 526 1403 ι
569 1353 699 1406 Ἰδοὺ
732 1353 862 1425 γὰρ,
894 1353 1084 1423 φησὶν,
1116 1355 1337 1423 ἀφίεται
1366 1354 1493 1424 ὑμῖν
1518 1354 1547 1405 6
1571 1350 1717 1418 οἶκος

163 1442 295 1511 ὑμῶν
338 1442 574 1514 ἐρημος’
620 1462 641 1495 ›
686 1444 811 1496 τότε
856 1444 1148 1516 ἐπληρώθη
1201 1447 1233 1515 ἡ
1283 1444 1483 1515 ἀπειλὴ
1533 1443 1671 1515 αὕτη
1699 1462 1712 1475 ο

167 1552 183 1584 ι
209 1534 620 1605 ’Βγκατελείφθη
659 1535 771 1606 γάρ
808 1536 885 1600 ὡς
915 1537 1087 1609 σκηνή
1123 1538 1181 1590 ἐν
1221 1536 1528 1609 ἀμπελῶνι.
1566 1555 1586 1587 ι
1627 1535 1717 1603 Ἐξ

163 1626 345 1680 ἐκείνου
374 1626 565 1680 λοιπὸν
598 1629 694 1680 καὶ
731 1630 851 1691 ταῖς
882 1628 1133 1697 νεφέλαις
1176 1629 1479 1682 ἐνετείλατο
1509 1627 1605 1681 τοῦ
1642 1627 1716 1699 μὴ

164 1717 324 1788 βρέξαι
350 1719 442 1771 ἐπὶ
481 1720 578 1773 τὸν
609 1718 929 1791 ἀμπελῶνα.
962 1720 1062 1773 Διά
1100 1719 1258 1774 τοῦτο
1285 1721 1469 1775 οὐκέτι
1500 1721 1717 1792 προφῆ-

1814 536 2008 590 domus
2043 533 2223 603 templi
2251 535 2355 589 erit
2382 552 2395 588 :
2419 548 2545 588 nam
2576 531 2989 588 tabernaculum
3021 534 3219 603 gloriae
3246 534 3380 589 dici-

1816 636 1921 692 tur,
1968 633 2044 691 et,
2101 623 2591 690 «tabernaculum,
2642 623 2731 677 ubi
2777 624 3040 678 habitavit
3093 624 3147 678 in
3204 625 3380 679 homi-

1814 719 1972 772 nibus
2006 716 2049 772 ⁸.
2080 736 2099 770 ι
2160 716 2345 772 Donec
2378 718 2562 786 itaque
2607 718 2834 772 multum
2869 716 3101 771 fructum
3132 715 3381 785 protulit,

1816 803 2227 860 tabernaculum
2281 805 2349 859 ad
2402 807 2676 860 fructuum
2728 807 3030 861 custodiam
3086 806 3379 862 substitit:

1815 898 1943 967 quia
1983 913 2114 953 vero
2149 899 2240 969 qui
2281 899 2547 969 plantavit
2586 915 2741 965 eam,
2789 900 3121 969 exspectavit
3148 910 3205 954 ut
3236 902 3381 956 face-

1816 997 1894 1042 ret
1945 1003 2131 1054 uvam,
2183 989 2316 1044 fecit
2355 999 2534 1045 autem
2587 991 2792 1062 spinas,
2856 989 3051 1058 quibus
3101 991 3380 1046 Dominum

1814 1091 2167 1148 coronarunt,
2230 1091 2339 1137 tota
2373 1097 2639 1138 conversa
2680 1092 2765 1138 est
2815 1084 2867 1138 in
2924 1083 3381 1139 amaritudinem:

1816 1170 1945 1226 fecit
1988 1173 2132 1227 enim
2185 1189 2342 1227 uvam
2391 1172 2534 1229 fellis
2580 1186 2636 1229 et
2693 1174 2904 1227 botrum
2958 1175 3382 1230 amaritudinis:

1816 1261 2043 1330 ideoque
2073 1262 2128 1317 in
2161 1271 2346 1333 potum
2391 1264 2618 1318 Domino
2668 1263 2737 1319 l'el
2782 1264 3093 1332 dederunt;
3136 1280 3200 1321 ua
3254 1280 3384 1320 sane

1816 1355 1883 1410 de
1910 1368 2073 1410 causa
2101 1355 2513 1410 tabernaculum
2543 1356 2716 1411 vinea:
2755 1356 3068 1411 derelictum
3097 1367 3179 1413 est
3212 1375 3227 1413 :
3260 1374 3381 1413 nam

1822 1459 2036 1509 «ecce,
2100 1445 2316 1513 inquit,
2379 1444 2719 1516 relinquetur
2770 1447 2924 1501 vobis
2971 1448 3161 1505 domus
3204 1460 3384 1506 vestra

1817 1536 2031 1591 deserta
2089 1536 2129 1589 '.
2157 1554 2176 1588 ι
2222 1535 2372 1590 Tunc
2411 1551 2540 1591 vere
2574 1536 2792 1607 impleta
2836 1547 2921 1593 est
2962 1539 3050 1593 illa
3087 1541 3387 1596 commina-

1818 1627 1917 1688 tio.
1973 1626 2175 1681 etenim
2213 1642 2233 1676 ι
2261 1625 2523 1680 derelicta
2570 1634 2656 1680 est
2690 1627 2832 1683 sicut
2881 1629 3290 1685 tabernaculum
3328 1633 3382 1687 in

1816 1722 2016 1776 vinea:
2053 1740 2073 1775 ι
2100 1721 2300 1777 exinde
2349 1736 2480 1776 vero
2526 1721 2758 1778 nubibus
2804 1723 3081 1780 mandavit
3127 1741 3195 1781 ne
3236 1727 3386 1794 plue-

163 1824 236 1862 ται
258 1811 376 1880 παρ’
402 1811 613 1874 αὐτοῖς,
645 1810 830 1863 οὐκέτι
861 1811 1087 1883 οὐρανία
1119 1812 1311 1883 χάρις’
1344 1811 1480 1865 ἀλλά
1497 1813 1716 1881 γέγονεν

1821 1823 1942 1869 rent
1993 1828 2158 1883 super
2206 1813 2440 1868 vineam.
2496 1812 2705 1869 Idcirco
2742 1829 2870 1875 non
2922 1815 3063 1869 ultra
3107 1818 3385 1887 propheta:

163 1904 229 1964 εἰς
251 1901 432 1972 χέρσον
460 1902 557 1955 καὶ
579 1903 975 1973 καταπάτημα,
1003 1903 1058 1956 οἴ
1079 1919 1141 1956 τε
1192 1904 1436 1974 φραγμοὶ
1461 1902 1556 1956 τοῦ
1585 1902 1713 1957 ναοῦ

163 1993 343 2046 ἐκείνου
392 1993 815 2066 καθῃρέθησαν,
863 1996 891 2048 6
926 1994 1342 2065 ὑπερασπισμὸς
1393 1993 1500 2047 τῶν
1548 1994 1716 2062 ἀγίων

162 2084 431 2153 δυνάμεων,
477 2086 588 2157 κᾷν
636 2103 688 2139 τι
726 2086 1066 2157 ἐργάσωνται
1108 2085 1249 2139 κατὰ
1282 2086 1373 2139 τὸν
1404 2086 1588 2157 νόμον,
1636 2086 1715 2148 είς

164 2176 410 2231 ἀπώλειάν
444 2181 584 2231 ἐστι.
626 2197 644 2229 ‹
678 2179 790 2231 Καὶ
827 2179 901 2242 ὡς
928 2177 1398 2250 ὀπωροφυλάκιον,
1437 2177 1623 2248 φησὶν,
1659 2178 1715 2230 ἐν

164 2265 462 2335 σικυηλάτῳ.
511 2285 531 2317 ι
567 2266 833 2337 Σημαίνει
864 2268 1045 2321 τοίνυν
1078 2266 1167 2321 διὰ
1198 2266 1391 2320 τούτου
1430 2266 1527 2338 τὴν
1582 2283 1718 2320 παν-

168 2354 275 2425 τελῆ
295 2357 466 2411 αὐτῶν
494 2356 808 2428 ἀκαρπίανο
836 2357 940 2422 ἕως
974 2358 1072 2429 μέν
1100 2357 1211 2430 γὰρ
1244 2357 1472 2429 καρπῶν
1496 2355 1716 2422 ἀγαθῶν

165 2448 513 2521 πεπλήρωται,
568 2452 663 2504 τὸν
694 2450 1035 2523 φρουροῦντα
1079 2453 1174 2506 καὶ
1220 2451 1561 2521 φυλάσσοντα
1592 2450 1717 2504 ἐκέ-

167 2554 331 2613 κζτιζ
340 2542 626 2615 ῥεσκηνὴν
645 2543 975 2615 πηξάμενος,
993 2542 1198 2598 ἀνωθεν
1213 2544 1306 2612 ἀφ’
1321 2542 1525 2614 ὑψηλοῦ
1540 2544 1718 2613 ἀφορᾷ

169 2634 245 2685 καὶ
270 2638 612 2707 περισκοπεῖ,
647 2634 743 2688 καὶ
782 2635 1038 2704 φυλάττει
1061 2634 1151 2687 τὸν
1190 2634 1506 2704 ἀμπελῶνα.
1531 2635 1657 2689 Είδ’
1687 2638 1717 2690 6

167 2725 327 2779 τούτου
356 2726 572 2798 καρπὸς
599 2724 896 2797 ἀφαιρεθῇ,
926 2725 1231 2796 τηνικαῦτα
1254 2728 1283 2779 6
1312 2725 1506 2794 φύλαξ,
1534 2726 1612 2790 ὡς
1641 2727 1715 2798 μὴ

90 2886 101 2891 _
168 2817 235 2881 είς
262 2817 477 2887 μάταιον
507 2818 731 2888 κάμνῃ,
780 2816 877 2888 τὴν
911 2818 1116 2891 σκηνήν
1161 2816 1366 2890 ἔρημον
1403 2817 1713 2888 ἀπολιπὼν,

165 2912 408 2983 ἀναχωρεῖ
431 2912 532 2983 τῆς
553 2910 822 2981 φυλακῆς.

1816 1917 1982 1975 penes
2008 1904 2125 1958 illos
2150 1910 2293 1969 sunt,
2327 1919 2431 1959 non
2471 1905 2715 1960 celestis
2749 1907 2957 1976 gratia;
2986 1908 3079 1963 sed
3120 1923 3385 1964 conversa

1814 2004 1899 2051 est
1931 1995 1984 2049 in
2029 1995 2234 2049 aridam
2266 2005 2321 2050 et
2362 1995 2415 2048 in
2449 1996 2921 2051 conculcationem
2944 2037 2959 2063 ,
3002 2013 3157 2068 sepes
3204 2002 3385 2070 templi

1816 2086 1959 2141 illius
1986 2086 2281 2143 destructa
2309 2095 2458 2153 sunt,
2505 2101 2721 2142 necnon
2769 2097 3081 2143 sanctarum
3121 2091 3387 2147 virtutum

1816 2179 2282 2251 propugnaculum
2326 2198 2342 2235 :
2381 2194 2448 2235 ac
2498 2180 2716 2235 etiamsi
2761 2182 3035 2252 quidpiam
3092 2185 3387 2239 secundum

1818 2271 1991 2341 legem
2024 2279 2210 2341 agant,
2235 2271 2289 2325 id
2321 2270 2427 2326 illis
2454 2272 2507 2325 in
2537 2272 2833 2342 perniciem
2877 2274 3064 2328 vertit.
3099 2292 3119 2326 ι
3148 2274 3215 2329 Ει
3248 2275 3390 2330 sicut

1819 2361 2114 2432 tugurium,
2140 2362 2239 2429 ait,
2277 2362 2330 2416 in
2359 2363 2762 2417 cucumerario.
2790 2382 2809 2415 ›
2858 2362 2949 2420 His
3000 2364 3183 2435 itaque
3214 2367 3387 2437 signi-

1816 2451 1944 2508 ﬁcat
1979 2454 2348 2509 omnimodam
2378 2455 2519 2523 apud
2559 2455 2681 2510 illos
2713 2454 2994 2512 fructuum
3021 2459 3388 2518 vacuitatem:

1818 2545 1987 2599 donec
2016 2546 2160 2599 enim
2210 2544 2371 2600 bonis
2419 2543 2685 2600 fructibus
2710 2546 3061 2615 implebatur,
3105 2550 3387 2605 custodem

1819 2635 1885 2689 ad
1912 2633 2221 2704 praesidium
2245 2634 2527 2689 obtinebat
2556 2649 2704 2702 eum,
2746 2637 2838 2705 qui
2883 2646 3093 2693 structo
3143 2641 3390 2695 taberna-

1816 2725 1965 2791 eulo,
1999 2741 2031 2780 e
2058 2725 2277 2780 sublimi
2313 2726 2565 2780 observat
2593 2735 2649 2781 et
2692 2727 2917 2798 respicit
2945 2729 3183 2784 vineam.
3235 2729 3389 2798 Quod

1817 2817 1861 2870 si
1887 2817 2097 2871 fructus
2128 2815 2252 2886 ejus
2284 2815 2582 2883 auferatur,
2617 2825 2746 2873 tunc
2774 2828 2978 2883 custos,
3004 2834 3072 2874 ne
3099 2820 3154 2874 in
3187 2835 3387 2876 vanum

1816 2905 2046 2973 laboret,
2079 2906 2490 2963 tabernaculum
2524 2908 2807 2965 desertum
2834 2910 3168 2981 relinquens,
3204 2914 3391 2970 absce-

1816 3000 1896 3056 dit
1924 3015 1955 3056 a
1979 2999 2246 3057 custodia.

243 3179 388 3242 dial.
431 3181 481 3233 εί
536 3180 618 3253 μὴ
667 3178 871 3253 Κύριος
924 3160 1150 3235 Σαϐαὼθ
1202 3179 1557 3250 ἐγκατέλιπεν
1583 3180 1716 3253 ἡμῖν

1893 3172 2056 3230 Vnus.
2097 3173 2151 3243 9,
2198 3172 2285 3229 10.
2350 3193 2370 3227 ι
2401 3173 2470 3231 Et
2509 3175 2616 3231 nisi
2656 3175 2915 3233 Dominus
2963 3175 3209 3232 Sabaoth
3262 3175 3391 3233 reli~

173 3266 381 3341 σπιρμα,
407 3271 484 3334 ὡς
511 3270 725 3341 Σόδομα
754 3270 820 3325 ἂν
846 3272 1205 3345 ἐγενήθημεν,
1230 3272 1328 3326 καὶ
1357 3272 1434 3337 ὡς
1464 3274 1719 3346 Γόμορρα

171 3361 226 3413 ἀν
244 3361 619 3435 ὡμοιώθημεν.
658 3363 948 3417 Ἀκούσατε
979 3363 1138 3433 λόγον
1180 3364 1389 3438 Κυρίου
1409 3404 1425 3430 ,
1458 3363 1720 3436 ἄρχοντες

171 3455 413 3527 Σοδόμων
460 3459 766 3530 προσέχετε
794 3457 956 3528 νόμον
996 3455 1154 3525 Θεοῦ,
1186 3454 1314 3520 λαὸς
1345 3455 1647 3526 Γομόρρας.
1693 3473 1713 3508 ι

181 3546 471 3622 Ἐπειδήπερ
493 3549 597 3603 ἐπὶ
619 3551 686 3620 τῇ
723 3548 833 3602 τῶν
864 3548 1117 3622 πατέριον
1163 3549 1333 3620 ἀρετῇ
1385 3546 1720 3619 σεμνυνόμε-

170 3653 258 3702 νοι,
296 3640 429 3710 μέγα
472 3639 763 3712 ἐφρόνουν,
791 3638 868 3703 ὡς
890 3638 984 3693 τοῦ
1026 3637 1277 3711 ’Δϐραάμ
1318 3638 1471 3702 ὄντες
1494 3637 1719 3711 σπέρμα

171 3729 246 3781 καὶ
277 3730 364 3784 τοῦ
410 3731 633 3804 Ἰσραὴλ
664 3731 919 3799 ἀπόγονοι
937 3748 953 3761 ·
1000 3731 1224 3795 εἰκότως
1268 3730 1330 3783 τὸ
1375 3728 1720 3801 μεγάλαυχον

169 3820 319 3875 αὐτῶν
340 3825 368 3877 6
397 3824 557 3892 λόγος
590 3826 856 3891 ταπεινοῖ,
883 3823 977 3877 καὶ
1000 3822 1063 3876 τὸ
1088 3822 1315 3895 μάταιον
1343 3822 1513 3895 οἴημα
1534 3821 1721 3877 καθαι-

172 3916 241 3982 ρεῖ
255 3932 269 3947 ·
296 3918 413 3978 τοὺς
444 3915 547 3987 μὲν
583 3914 851 3985 ἄρχοντας
882 3913 975 3969 τοῦ
1004 3914 1289 3986 διαϐοήτου
1333 3913 1577 3986 Ἰσραὴλ,
1620 3914 1719 3967 Σο-

169 4001 317 4073 δόμων
335 4007 601 4078 ἄρχοντας
620 4006 926 4077 ὀνομάζων,
949 4005 1111 4060 αὐτὸν
1132 4005 1191 4058 δέ
1206 4005 1299 4059 τὸν
1313 4003 1720 4077 χρηματίζοντα

170 4089 275 4145 λαὸν
298 4095 385 4149 τοῦ
413 4096 579 4161 Θεοῦ,
606 4095 739 4149 λαὸν
770 4095 1052 4170 Ιξομόρῥας
1077 4095 1387 4160 ἀποκαλῶν,
1411 4096 1485 4160 ὡς
1504 4096 1592 4149 διὰ
1610 4095 1721 4149 τῶν

172 4181 280 4238 ἴσων
310 4187 762 4258 ἐπιτηδευμάτων
802 4189 914 4252 τοῖς
954 4187 1122 4242 πάλαι
1161 4187 1496 4260 ἀσεϐήσασιν
1523 4189 1721 4259 ὁμοιω-

170 4270 330 4327 θέντα·
369 4276 621 4349 Σοδόμων
669 4276 894 4349 ἄρχουσι
940 4277 1037 4331 καὶ⁵
1079 4278 1362 4350 Γόμόρρας
1395 4276 1511 4349 λαῷ
1539 4294 1719 4349 παρα-

169 4361 325 4420 ϐάλλει
340 4369 560 4433 αὐτοὺς,
581 4367 674 4422 διά
691 4368 791 4439 τὴν
810 4367 1107 4439 μέλλουσαν
1126 4370 1310 4433 αὐτοῖς
1332 4369 1719 4423 ἐπελεύσεσθαι

1818 3265 2027 3336 quisset
2064 3264 2222 3320 nobis
2266 3280 2452 3321 semen
2477 3306 2493 3332 ,
2528 3268 2685 3337 quasi
2728 3265 2963 3322 Sodoma
2996 3267 3308 3334 fuissemus,
3333 3279 3391 3326 et

1818 3357 2137 3415 Gomorrhat
2164 3356 2370 3413 similes
2392 3370 2656 3413 essemus.
2684 3358 2883 3413 Audite
2907 3360 3127 3412 verbum
3148 3360 3389 3428 Domini,

1819 3449 2091 3521 principes
2117 3446 2506 3512 Sodomorum,
2539 3448 2800 3502 attendite
2834 3447 2938 3517 legi
2985 3449 3101 3512 Dei,
3146 3450 3380 3519 p0pulus

1819 3537 2154 3596 Gomorrhaa.
2182 3555 2202 3588 ι
2263 3538 2398 3604 Quia
2433 3538 2501 3592 de
2546 3545 2762 3607 patrum
2814 3538 3017 3607 virtute
3070 3538 3389 3609 gloriantes,

1822 3643 2082 3701 magnum
2128 3626 2432 3698 sapiebant,
2480 3634 2667 3697 utpote
2698 3628 2789 3698 qui
2827 3628 3060 3683 Abrahae
3105 3644 3288 3683 semen
3333 3637 3391 3684 et

1821 3721 2041 3777 lsraelis
2083 3728 2312 3790 nepotes
2358 3727 2546 3775 essent
2571 3759 2588 3787 ,
2624 3719 2839 3774 illorum
2875 3720 3236 3790 arrogantiam
3266 3719 3390 3790 jurc

1821 3812 2096 3882 deprimit,
2150 3825 2456 3880 vanamque
2499 3824 2689 3864 eorum
2744 3810 3054 3879 opinionem
3103 3812 3170 3865 de
3213 3812 3392 3866 medio

1822 3904 1984 3970 tollit,
2016 3903 2143 3959 dum
2169 3902 2416 3973 praeclari
2444 3902 2594 3957 illius
2627 3901 2844 3957 lsraelis
2889 3903 3175 3973 principes,
3220 3902 3393 3960 Sodo~

1821 4008 2032 4049 morum
2074 3994 2352 4063 principes
2380 4000 2679 4060 nuncupat,
2720 4001 2775 4047 et
2804 3992 3060 4062 pupulum
3087 3991 3235 4045 illum
3274 3992 3391 4062 Dei,

1819 4085 2079 4158 populum
2128 4083 2445 4139 Gomorrhaz
2501 4093 2700 4151 vocat;
2754 4092 2943 4154 utpote
2996 4083 3085 4152 qui
3126 4084 3195 4138 ob
3239 4084 3392 4154 paria

1821 4177 2003 4234 studia
2036 4176 2143 4231 illis
2173 4175 2301 4231 olim
2333 4175 2514 4244 impiis
2558 4175 2754 4230 similis
2783 4174 3022 4229 evaserit
3055 4192 3069 4230 :
3104 4176 3222 4230 sive
3271 4174 3394 4230 illos

1818 4269 2168 4340 principibus
2216 4268 2579 4324 Sodomorum
2627 4275 2682 4321 et
2719 4264 3042 4321 Gomorrhae
3089 4258 3392 4337 comparat,

1820 4362 1888 4417 ob
1912 4371 2198 4415 venturum
2231 4357 2337 4412 illis
2367 4357 2676 4423 excidium;
2722 4365 2786 4411 ut
2818 4356 3013 4411 accidit
3045 4357 3257 4426 populis
3287 4354 3392 4411 So-

170 4462 522 4532 καταστροφήν
542 4478 558 4492 ·
595 4460 675 4526 ὡς
702 4464 817 4525 τοῖς
837 4462 906 4515 τὰ
926 4462 1136 4534 Σόδομα
1158 4445 1253 4516 καὶ
1280 4462 1534 4535 Γόμορρα
1565 4463 1686 4533 οίκή
1701 4492 1716 4503 -

1823 4453 1984 4508 doma
2030 4460 2086 4506 et
2143 4448 2508 4505 Gomorrham
2551 4446 2957 4511 incolentibus,
2999 4448 3094 4518 qui
3142 4447 3387 4501 omnium

172 4562 305 4602 eam
353 4552 580 4623 ἀνδράσι
608 4553 828 4607 πάντων
860 4553 1162 4625 ἀνθρώπων
1195 4552 1578 4618 ἀσεϐεστάτοις
1623 4571 1720 4624 γε-

172 4638 328 4693 νέσθαι
351 4644 868 4715 μνημονευομένας.

231 4749 248 4780 ι
274 4734 333 4785 Τί
365 4751 453 4805 μοι
488 4735 696 4806 πλῆθος
714 4736 823 4789 τῶν
845 4736 1043 4791 θυσιῶν
1086 4736 1261 4809 ὑμῶν,
1294 4736 1441 4806 λέγει
1468 4735 1712 4806 Κύριος;

172 4816 363 4894 Πλήρης
418 4827 538 4897 είμὶ
606 4827 1068 4899 ὁλοκαυτωμάτων
1124 4828 1294 4898 κριῶν
1328 4846 1341 4859 ⁸
1398 4830 1494 4882 καὶ
1550 4826 1716 4900 στέαρ

168 4910 341 4981 ἀρνῶν,
372 4919 466 4971 καὶ
509 4914 654 4989 αἷμα
697 4919 912 4991 ταύρων
956 4921 1051 4974 καὶ
1089 4920 1310 4990 τράγων
1338 4921 1400 4974 οὐ
1436 4919 1715 4990 βούλομαι,

170 5002 259 5055 ουδ’
285 5007 343 5059 ἂν
392 5010 635 5081 ἔρχησθε
686 5011 913 5082 ὀφθῆναί
957 5028 1067 5083 μοι.
1127 5012 1226 5076 Τίς
1263 5011 1372 5084 γὰρ
1426 5010 1719 5082 ἐξεζήτησε

170 5093 314 5149 ταῦτα
334 5099 396 5150 ἐκ
408 5101 518 5153 τῶν
543 5102 744 5173 χειρῶν
761 5103 943 5174 ὑμῶν;
974 5122 995 5155 ι
1024 5103 1170 5176 Πρὸς
1200 5098 1292 5157 οὖν
1312 5103 1438 5166 τοὺς
1464 5102 1533 5156 τά
1551 5102 1720 5156 δεινό-

172 5202 286 5240 τατα
311 5191 445 5244 κατά
479 5192 576 5246 τοῦ
620 5194 821 5266 Κυρίου
853 5194 1248 5266 τολμήσαντας,
1292 5193 1502 5256 θυσίαις
1538 5193 1595 5247 δὲ
1628 5194 1722 5246 καὶ

173 5277 412 5347 σπνδαῖς,
433 5283 529 5334 καὶ
550 5284 674 5345 ταῖς
702 5282 890 5347 ἄλλαις
913 5282 1053 5336 κατὰ
1069 5283 1161 5336 τὸν
1187 5283 1350 5354 νόμον
1381 5286 1720 5355 σωματικαῖς

173 5360 414 5435 λατρείαις
466 5370 784 5425 ἱλάσκεσθαι
818 5372 910 5425 τὸν
948 5371 1079 5425 Θεὸν
1120 5371 1459 5443 νομίζοντας,
1494 5375 1522 5427 6
1562 5372 1718 5442 λόγος

172 5454 480 5516 ἀποτείνεται
537 5463 785 5532 φάσκων,
829 5484 848 5517 ι
896 5466 963 5519 Τί
1019 5484 1112 5539 μοι
1138 5466 1340 5538 πλῆθος
1374 5467 1482 5521 τῶν
1517 5465 1715 5521 θυσιῶν

173 5545 320 5615 ὐμῶν,
345 5551 487 5621 λέγει
512 5556 751 5625 Κύριος
784 5576 803 5609 t
840 5559 934 5611 καὶ
959 5559 1028 5613 τὰ
1052 5558 1199 5628 ἑξῆς.

229 5748 248 5777 δ
274 5748 403 5808 Psal.
430 5770 641 5821 uxvn.
670 5747 777 5815 60..
837 5760 857 5791 '
902 5759 1091 5818 Matth.
1119 5775 1277 5828 nul,
1308 5760 1401 5816 58.

1825 4548 2104 4603 hominum
2135 4544 2441 4615 impiissimi
2468 4542 2599 4598 olim
2627 4540 2797 4598 fuisse
2837 4550 3232 4597 memorantur.

1898 4730 2040 4786 Vsus
2078 4730 2185 4796 11,
2226 4728 2314 4785 12.
2361 4746 2380 4781 ι
2409 4726 2546 4793 Quid
2593 4725 2726 4780 mihi
2766 4723 3049 4780 multitudo
3086 4724 3390 4781 sacriﬁcio-

1822 4839 1941 4880 rum
1966 4830 2293 4887 vestrorum,
2340 4821 2473 4877 dicit
2500 4818 2804 4875 Dominus?
2843 4819 3052 4875 Plenus
3090 4834 3207 4874 sum
3242 4818 3398 4874 holo-

1819 4916 2023 4972 caustis
2044 4915 2277 4969 arietum
2303 4930 2318 4967 :
2346 4924 2403 4971 et
2436 4916 2649 4987 adipem
2674 4929 2956 4985 agnorum,
2983 4921 3039 4966 et
3068 4912 3386 4981 sanguinem

1822 5018 2102 5064 taurorum
2146 5017 2202 5063 et
2231 5009 2517 5063 hircorum
2549 5006 2694 5074 nolo,
2733 5021 2837 5061 nec
2892 5004 3122 5059 veniatis
3164 5004 3216 5057 in
3260 5018 3395 5059 con-

1821 5111 2067 5171 spectum
2119 5115 2319 5154 meum.
2354 5100 2488 5166 Quis
2521 5101 2663 5156 enim
2701 5098 2984 5167 requisivit
3031 5095 3146 5151 haec
3189 5096 3253 5150 de
3283 5104 3417 5149 ma-'

1831 5190 1992 5245 nibus
2038 5189 2280 5244 vestris?
2320 5209 2339 5241 ι
2369 5188 2676 5257 Eositaque
2729 5200 2912 5241 sermo
2976 5184 3237 5254 respicit,
3305 5185 3396 5252 qui

1824 5281 2029 5335 atrocia
2072 5289 2262 5334 contra
2294 5279 2579 5334 Dominum
2602 5277 2824 5348 aggredi
2878 5275 3020 5341 ausi,
3066 5274 3399 5341 sacriﬁciis,

1822 5371 2178 5426 libaminibus
2249 5370 2480 5440 aliisque
2531 5369 2830 5424 secundum
2896 5367 3067 5436 legem
3124 5370 3399 5437 corporeis

1820 5462 2143 5517 ministeriis
2175 5461 2343 5516 Deum
2370 5477 2429 5516 se
2461 5460 2680 5531 placare
2710 5474 2869 5530 posse
2896 5469 3088 5529 putant
3119 5475 3135 5513 :
3164 5460 3355 5529 aitque
3380 5476 3396 5514 ;

1826 5552 2011 5619 «Quid
2078 5552 2208 5607 mihi
2265 5552 2555 5607 multitudo
2605 5552 3000 5609 sacriﬁciorum
3054 5560 3399 5615 vestrorum,

1820 5643 1952 5698 dicit
1984 5644 2279 5699 Dominus?
2306 5662 2326 5697 ο
2363 5653 2416 5699 et
2442 5653 2661 5721 caetera.
