3850 6210
441 296 512 352 95
1129 288 1397 346 EUSEBII
1435 285 1908 344 CASSARIE‘NSIS
1943 285 2096 344 OPP.
2137 285 2317 342 PARS
2353 287 2443 343 ΙΙΙ.
2494 317 2539 325 -
2591 283 3000 342 EXEGETICA.
3637 291 3716 348 96

521 415 682 470 Vsus.
730 413 912 469 l5-l5.
957 431 977 465 ι
1005 410 1234 467 Calcare
1285 411 1483 467 atrium
1524 426 1702 466 meum
1740 426 1849 467 non
1889 409 2014 480 adji-

2205 428 2224 460 ι
2262 411 2462 464 Πατεῖν
2515 409 2602 480 τὴν
2651 409 2822 480 αὐλήν
2872 426 2975 480 μου
3014 409 3075 462 ού
3120 409 3512 481 προσθήσεσθε.
3579 411 3715 464 Ἐἀν

442 505 625 560 cietis.
663 502 721 557 Si
761 501 990 558 tuleritis
1025 501 1283 568 similam,
1311 516 1511 556 vanum
1542 502 1866 573 thymiama,
1895 502 2026 557 abo-

445 597 673 651 minatio
697 596 960 650 mlhiest.
1007 593 1336 650 Neomenias
1374 603 1610 659 vestras,
1660 602 1718 648 et
1762 593 2025 661 Sabbata,

442 698 499 744 et
528 690 669 743 diem
705 703 958 758 magnam
998 701 1106 741 non
1131 686 1251 742 fero
1287 703 1304 741 :
1332 684 1603 757 jejunium
1654 694 1711 740 et
1758 686 2023 741 cessatio-

444 797 567 836 nem
599 789 654 836 et
687 780 1006 835 ueomenias
1037 789 1255 836 vestras
1287 790 1343 834 οι
1395 778 1769 834 solemnitates
1814 789 2026 834 vestras

441 874 556 929 odit
595 873 776 926 anima
815 887 954 927 mea.
993 871 1150 927 Facti
1191 873 1328 928 estis
1378 872 1512 927 mihi
1562 874 1616 926 in
1666 872 2023 927 satietatem:

443 981 548 1021 non
582 966 723 1019 ultra
763 965 1008 1020 tolerabo
1032 973 1258 1036 peccata
1288 974 1494 1021 vestra.
1527 964 1595 1020 Et
1618 981 1744 1020 cum
1762 964 2027 1020 extende-

441 1059 565 1114 ritis
594 1073 787 1112 manus
828 1067 1039 1114 vestras
1081 1058 1148 1113 ad
1191 1073 1300 1126 me,
1343 1067 1588 1114 avertam
1648 1058 1835 1114 oculos
1875 1073 2026 1114 meos

440 1164 471 1204 a
498 1149 656 1204 vobis
692 1169 706 1203 :
735 1158 792 1203 et
824 1149 868 1202 si
894 1148 1386 1219 multiplicaveritis
1413 1149 1892 1219 supplicationem,
1915 1163 2021 1204 non

439 1243 728 1298 exaudiam
765 1257 887 1299 vos:
915 1258 1042 1297 nam
1066 1258 1260 1298 manus
1278 1252 1473 1298 vestrae
1496 1243 1761 1314 sanguine
1793 1243 2018 1313 plenas.»

440 1333 546 1390 Sed
571 1336 697 1404 quia
729 1350 834 1390 non
867 1345 1242 1406 cognoverunt
1273 1335 1588 1402 Dominum,
1636 1346 1692 1392 et
1735 1337 1862 1408 qlia
1916 1350 2023 1392 non

439 1426 830 1481 intellexerunt
894 1443 1041 1494 eum,
1093 1428 1223 1497 quia
1281 1428 1691 1498 dereliquerunt
1748 1443 1910 1493 eum,
1972 1437 2026 1483 et

440 1519 798 1574 irritaverunt
843 1530 1092 1574 sanctum
1142 1519 1309 1576 Israet
1340 1539 1354 1575 :
1389 1529 1446 1575 et
1502 1522 1568 1574 ad
1624 1522 1739 1576 haec
1804 1521 2022 1586 omnia,

441 1611 570 1680 quia
609 1625 800 1666 manus
825 1626 1017 1666 eorum
1055 1613 1318 1682 sanguine
1345 1611 1518 1681 plenae
1552 1611 1795 1680 fuerunt,
1820 1613 1890 1668 ob
1919 1628 2026 1668 cae-

438 1703 560 1757 dem
593 1702 818 1769 Christi,
843 1719 1006 1773 quam
1031 1713 1152 1774 post
1181 1713 1476 1759 sexcentos
1507 1703 1863 1773 interemptos
1898 1720 2023 1775 pro-

435 1796 652 1864 phetas,
678 1804 1084 1864 perpetrarunt,
1120 1804 1176 1850 et
1208 1796 1477 1865 sanguine
1521 1796 1712 1866 repleti
1740 1806 1900 1863 sunt;
1937 1797 2022 1852 bis

435 1889 686 1944 omnibus
722 1889 1032 1951 recensitis,
1071 1903 1283 1944 necnon
1321 1889 1458 1958 legis
1490 1889 1761 1945 solutione
1783 1929 1800 1956 ,
1833 1890 2020 1960 templi

435 1979 675 2043 excidio,
707 1995 772 2034 ac
810 1981 1139 2035 omnimodis
1190 1980 1506 2050 suppliciis;
1559 1981 1803 2050 peccati,
1867 1982 2022 2052 cujus

434 2086 597 2126 causa
631 2074 748 2127 lucc
777 2073 1022 2142 perpessi
1055 2080 1204 2137 sunt,
1236 2071 1474 2140 speciem
1499 2072 1694 2128 edocet
1723 2089 1736 2126 :
1768 2072 2023 2142 ipsosque

434 2170 683 2226 accusat,
713 2178 819 2216 non
852 2161 920 2217 de
954 2162 1230 2218 idolorum
1261 2161 1434 2226 cultu,
1473 2176 1582 2217 non
1624 2163 1690 2218 de
1728 2161 2019 2230 adulterio,

434 2267 536 2306 nec
573 2253 642 2305 de
665 2253 931 2320 avaritia;
967 2253 1064 2308 sed
1100 2253 1167 2308 de
1194 2255 1362 2308 caede.
1395 2252 1530 2308 Nam
1564 2239 1713 2309 omni
1744 2254 2021 2324 impietate

431 2354 486 2399 et
517 2345 808 2415 iniquitate
857 2347 1099 2402 deterior
1145 2354 1232 2402 est
1269 2361 1460 2402 eorum
1497 2357 1689 2403 contra
1732 2348 2019 2402 Dominum

434 2437 694 2504 insania;
730 2439 843 2494 haec
886 2440 1087 2509 quippe
1134 2453 1238 2493 vox
1284 2439 1500 2494 illorum
1548 2451 1681 2494 est:
1736 2458 1756 2492 ‹
1784 2437 2020 2509 Sanguis

431 2525 552 2593 ejus
585 2543 750 2596 super
780 2544 880 2584 nos
915 2539 969 2584 et
1000 2543 1163 2600 super
1197 2528 1339 2583 ﬁlios
1369 2538 1588 2583 nostros
1611 2529 1653 2582 ⁸.
1685 2547 1705 2580 ι
1748 2528 1846 2583 llic
1887 2543 2017 2584 san-

430 2620 550 2687 guis
577 2619 698 2673 illos
729 2622 978 2690 pristinis
1026 2621 1366 2692 optimisque
1419 2621 1864 2690 possessionibus
1899 2621 2016 2690 pri-

431 2714 578 2766 vavit
609 2731 622 2767 :
654 2714 740 2768 hic
770 2715 998 2785 sanguis
1021 2714 1142 2770 illos
1165 2730 1263 2784 per
1296 2719 1469 2770 totum
1501 2713 1692 2768 orbem
1721 2711 2017 2784 inquilinos

430 2803 634 2859 eﬂ'ecit.

506 2897 670 2952 Vens.
716 2897 916 2964 16,17.
961 2917 979 2949 ι
1004 2897 1319 2964 Lavamini,
1354 2897 1542 2953 mundi
1577 2905 1773 2966 estote,
1803 2895 2017 2952 auferte

429 2989 668 3044 malitias
712 2988 782 3044 de
822 2989 1110 3044 animabus
1157 2991 1356 3044 vestris
1403 2990 1473 3044 ab
1532 2988 1708 3044 oculis
1757 2988 2008 3044 vestris:

2132 503 2334 575 φέρητε
2366 503 2675 573 σεμίδαλιν,
2723 503 2948 574 μάταιον
2983 501 3251 573 θυμίαμα,
3290 502 3563 573 βδέλυγμα
3618 503 3714 574 μοί

2128 597 2264 649 ἐστι.
2310 597 2420 658 Τὰς
2467 595 2762 666 νουμηνίας
2803 596 2992 666 ὑμῶν,
3049 595 3143 649 καὶ
3179 595 3248 648 τὰ
3291 595 3560 657 Σάϐϐατα,
3614 596 3714 648 καὶ

2128 689 2344 760 ἡμέραν
2375 688 2617 759 μεγάλην
2646 689 2745 741 οὐκ
2780 689 3063 758 ἀνέχομαι,
3094 688 3348 758 νηστείαν
3381 689 3474 742 καί
3508 689 3714 760 ἀργίαν

2127 782 2222 834 καὶ
2251 780 2350 844 τὰς
2380 779 2676 851 νουμηνίας
2705 778 2858 849 ὑμῶν
2894 781 2988 834 καὶ
3013 779 3114 844 τὰς
3146 780 3337 852 ἑορτὰς
3371 780 3522 851 ὑμῶν
3557 782 3714 850 μισεῖ

2124 873 2157 942 ἡ
2194 872 2338 944 ψυχή
2385 889 2506 943 μου.
2545 871 2872 944 Ἐγενήθητέ
2908 889 2997 942 μοι
3025 875 3105 933 εἰς
3137 873 3455 944 πλησμονήν
3477 890 3489 902 ·
3520 873 3712 926 οὐκέτι

2125 966 2310 1037 ἀνήσω
2368 965 2459 1029 τὰς
2493 966 2765 1036 ἁμαρτίας
2797 964 2970 1036 ὑμῶν.
3025 967 3196 1017 Ὅταν
3244 965 3341 1028 τὰς
3390 967 3581 1036 χεῖρας
3611 967 3713 1018 ὲκ-

2123 1059 2336 1129 τείνητε
2367 1060 2496 1131 πρὸς
2527 1058 2616 1130 μὲ,
2645 1058 2972 1130 ἀποστρέψω
2998 1059 3120 1122 τοὺς
3146 1057 3452 1130 ὀφθαλμούς
3479 1076 3579 1129 μου
3611 1060 3714 1128 ἀφ’

2127 1147 2282 1220 ὑμῶν
2299 1167 2312 1179 ·
2349 1150 2444 1202 καὶ⁸
2468 1148 2563 1202 ἐὰν
2593 1147 2900 1220 πληθύνητε
2920 1149 3016 1220 τὴν
3038 1147 3240 1218 δέησιν,
3268 1148 3368 1200 οὐκ
3391 1147 3714 1200 εἰσακούσο-

2130 1258 2226 1311 μαι
2255 1242 2408 1311 ὑμῶν
2429 1257 2444 1273 ·
2481 1242 2536 1295 αἱ
2566 1240 2674 1314 γάρ
2709 1244 2891 1310 χεῖρες
2931 1239 3084 1310 ὑμῶν
3119 1241 3349 1311 αἵματος
3384 1240 3635 1312 πλήρεις.
3686 1259 3707 1292 s

2137 1332 2274 1386 Ἀλλ’
2289 1334 2370 1386 ὅτι
2390 1331 2464 1404 μὴ
2491 1331 2734 1401 ἔγνωσαν
2753 1332 2843 1386 τὸν
2875 1331 3100 1404 Κύριον,
3126 1332 3220 1384 καὶ
3241 1332 3322 1384 ὅτι
3355 1333 3428 1404 μὴ
3463 1331 3716 1402 συνῆκαν

2124 1426 2316 1489 αὐτὸν,
2363 1427 2446 1479 ὅτι
2483 1426 2842 1496 ἐγκατέλιπον
2889 1426 3073 1489 αὐτὸν,
3110 1427 3206 1480 καὶ
3256 1425 3583 1497 παρώξυναν
3613 1427 3715 1480 τὸν

2125 1519 2280 1588 ἅγιον
2315 1518 2408 1572 τοῦ
2454 1520 2702 1592 Ἰσραὴλ,
2744 1521 2839 1574 καὶ
2881 1520 3018 1589 πρὸς
3052 1519 3224 1574 ἆπασι
3259 1519 3487 1585 τούτοις,
3533 1521 3618 1574 ὅτι
3649 1522 3716 1576 αἱ

2124 1615 2307 1685 χεῖρες
2356 1612 2536 1666 αὐτῶν
2588 1613 2876 1682 γεγόνασιν
2927 1613 3158 1682 αἵματος
3197 1613 3422 1684 πλήρεις
3461 1612 3553 1666 διὰ
3603 1612 3715 1684 τῆς

2126 1705 2268 1759 κατὰ
2299 1704 2394 1758 τοῦ
2422 1707 2660 1777 Χριστοῦ
2691 1707 3026 1777 μιαιφονίας,
3059 1706 3126 1776 ἣν
3152 1705 3288 1776 μετά
3325 1706 3523 1778 μυρίας
3554 1723 3716 1776 προ-

2127 1795 2484 1867 φητοκτονίας
2511 1796 2856 1868 εἰργάσαντο,
2883 1797 2976 1850 καὶ
3000 1797 3287 1867 γεγόνασιν
3313 1798 3544 1867 αἵματος
3566 1797 3716 1869 πλή-

2126 1905 2260 1960 ρεις,
2284 1888 2460 1941 πάντα
2490 1887 2621 1957 γοῦν
2648 1887 2954 1952 διεξελθὼν,
2976 1888 3071 1942 καὶ
3099 1888 3196 1960 τὴν
3222 1888 3317 1942 τοῦ
3341 1890 3504 1960 νόμου
3526 1889 3715 1957 λύσιν,

2123 1981 2219 2034 καὶ
2247 1979 2344 2032 τοῦ
2379 1979 2510 2033 ναοῦ
2533 1981 2632 2051 τὴν
2658 1981 2975 2044 κατάλυσιν,
3009 1981 3102 2035 καὶ
3134 1981 3232 2045 τάς
3254 1981 3599 2046 παντοδαπὰς
3619 1999 3680 2035 τι
3701 2011 3715 2022 -

2126 2073 2358 2146 μωρίας,
2408 2074 2470 2128 τὸ
2517 2069 2657 2138 εἶδος
2687 2075 2784 2146 τῆς
2827 2075 3106 2148 ἁμαρτίας
3150 2073 3410 2140 ἐδίδαξεν,
3457 2066 3518 2128 οὗ
3541 2074 3716 2145 χάριν

2122 2165 2461 2220 πεπόνθασι·
2504 2167 2596 2220 καὶ
2635 2170 2932 2239 κατηγορεῖ
2970 2164 3170 2229 αὐτῶν,
3207 2167 3308 2219 οὐκ
3343 2165 3577 2220 εἰδώλων
3617 2167 3718 2220 θεσ-

2125 2257 2381 2328 ραπείαν,
2407 2259 2528 2312 οὐδὲ
2553 2260 2799 2330 μοιχείαν
2830 2259 2924 2312 καὶ
2954 2258 3287 2325 πλεονεξίαν,
3321 2257 3455 2312 ἀλλά
3486 2276 3718 2330 μιαιφο-

2121 2352 2258 2405 νίαν.
2291 2352 2482 2422 Πάσης
2515 2352 2624 2424 γὰρ
2663 2352 2982 2416 δυσσεϐείας
3025 2354 3117 2406 καὶ
3148 2351 3513 2423 παρανομίας,
3544 2351 3719 2422 χαλε-

2121 2445 2346 2517 πωτέρα
2372 2447 2406 2516 ἡ
2429 2445 2570 2498 κατά
2603 2443 2698 2497 τοῦ
2726 2445 2937 2516 Κυρίου
2970 2444 3135 2516 μανία
3159 2463 3173 2477 ο
3204 2443 3387 2498 αὐτῶν
3419 2442 3528 2515 γάρ
3555 2444 3718 2498 ἐστιν

2120 2538 2153 2609 ἡ
2178 2537 2349 2608 φωνὴ,
2390 2557 2408 2590 ι
2455 2537 2529 2589 Τὸ
2551 2530 2690 2606 αἷμα
2720 2534 2884 2589 αὐτοῦ
2901 2537 2988 2606 ἐφ’
3013 2537 3162 2607 ἡμᾶς
3186 2535 3283 2589 καὶ
3321 2534 3416 2587 ἐπὶ
3440 2534 3510 2588 τά
3536 2533 3722 2589 τέκνα.

2118 2628 2298 2699 ἡμῶν.
2345 2647 2362 2680 ι
2391 2627 2562 2681 Τοῦτο
2589 2629 2651 2681 τὸ
2675 2621 2833 2698 αἷμα,
2860 2628 2960 2700 τῆς
2987 2626 3219 2691 παλαιᾶς
3253 2626 3449 2689 αὐτοὺς
3478 2625 3722 2697 ἐστέρη-

2121 2737 2214 2774 σεν
2243 2719 2538 2792 εὐκληρίας
2558 2737 2571 2751 ·
2605 2719 2766 2774 τοῦτο
2795 2720 2856 2774 τὸ
2895 2713 3036 2791 αἷμα
3064 2718 3349 2792 μετοίκους
3394 2717 3494 2787 τῆς
3524 2715 3721 2770 οίκου-

2121 2813 2290 2886 μένης
2315 2814 2582 2885 ἀπέφηνε.

2194 2925 2214 2958 ι
2248 2904 2530 2959 Δούσασθε
2549 2947 2563 2972 ,
2597 2905 2830 2977 καθαροὶ
2867 2901 3115 2973 γένεσθε,
3141 2902 3371 2975 ἀφέλετε
3402 2902 3503 2967 τὰς
3535 2917 3721 2976 novae

2123 3001 2246 3072 ρίας
2277 3001 2387 3054 ἀπὸ
2425 2999 2535 3054 τῶν
2565 2999 2755 3071 ψυχῶν
2788 2999 2942 3072 ὑμῶν
2977 2999 3244 3054 ἀπέναντι
3270 3000 3378 3054 τῶν
3409 2997 3724 3070 ὀφθαλμῶν

430 3080 696 3150 quiescite
747 3097 778 3136 a
819 3080 1045 3137 malitiis
1079 3083 1281 3137 vestris
1306 3119 1322 3147 ,
1358 3083 1551 3137 discite
1577 3081 1716 3137 bene
1745 3080 1950 3139 facere.
1989 3100 2009 3135 ι

2128 3092 2297 3166 ὑμῶν’
2333 3091 2616 3147 παύσασθε
2665 3091 2774 3146 ἀπὸ
2816 3092 2924 3146 τῶν
2973 3093 3248 3165 πονηριῶν
3297 3091 3471 3165 ὑμῶν,
3502 3092 3720 3163 μάθετε

430 3173 735 3229 Admodum
792 3182 1196 3244 consequenter
1244 3185 1538 3246 postquam
1576 3176 1756 3246 prima
1803 3175 2016 3232 dixerat

427 3263 594 3329 Deus,
625 3265 713 3319 bis
759 3265 890 3319 item
929 3275 1260 3321 memoratos
1305 3267 1668 3321 Sodomorum
1711 3266 2013 3338 principes,

425 3368 492 3409 ac
524 3355 778 3424 populum
805 3355 1125 3411 Gomorrhae
1148 3357 1202 3410 in
1235 3371 1386 3428 spem
1420 3357 1620 3412 bonam
1658 3357 1922 3414 transfert
1958 3365 2016 3415 et

425 3457 654 3514 evocat;
708 3448 754 3502 si
803 3449 1068 3504 malitiam
1101 3449 1461 3522 deponentes,
1514 3459 1570 3506 et
1625 3465 1657 3506 a
1709 3450 2014 3508 voluntario

426 3540 520 3594 illo
555 3543 855 3596 secundum
885 3558 1210 3615 corpoream
1245 3544 1418 3615 legem
1446 3544 1598 3600 cultu
1630 3546 2011 3613 abscedentes,

427 3633 577 3688 Novo
604 3632 978 3704 Testamento,
997 3650 1262 3708 novaeque
1288 3638 1392 3708 legi
1421 3649 1476 3693 et
1505 3639 1672 3694 verbo
1696 3637 2011 3708 obsequen-

428 3736 510 3782 tes
539 3726 760 3783 fuerint.
797 3728 1162 3796 Quamobrem
1195 3743 1485 3802 postquam
1521 3747 1585 3786 ea
1629 3747 1748 3803 quae
1791 3731 2013 3789 Veteris

425 3814 759 3872 Testamenti
787 3830 968 3886 erant,
996 3823 1228 3890 carptim
1259 3823 1472 3892 tetigit,
1506 3821 1641 3877 Novi
1674 3822 2026 3879 Testamenti-

426 3913 688 3980 mysteria
724 3912 955 3968 inducit.
1011 3914 1142 3981 Quae
1171 3916 1286 3985 ipse
1331 3915 1385 3968 in
1417 3915 1728 3984 Evangeliis
1763 3915 2009 3981 tradidit,

423 3996 631 4064 dicens,
668 4017 686 4049 (
717 3997 829 4053 Nisi
881 4002 1005 4071 quis
1061 4013 1284 4058 renatus
1317 4002 1482 4058 fuerit
1507 4019 1574 4058 ex
1616 4020 1758 4074 aqua
1785 4014 1840 4062 et
1887 4005 2012 4076 Spi-

425 4089 554 4155 ritu,
593 4105 697 4144 non
730 4093 956 4147 intrabit
994 4093 1048 4147 in
1083 4108 1312 4164 regnum
1345 4094 1606 4150 caelorum
1632 4097 1675 4149 ".
1705 4114 1832 4148 ι-ι
1854 4096 2010 4164 Quae-

424 4182 530 4236 rite
554 4182 845 4251 judicium,
880 4185 1110 4241 liberate
1141 4187 1757 4266 oppressumnjudicate
1779 4189 2006 4258 pupillo,

421 4274 696 4330 defendite
718 4277 956 4332 viduam.
987 4297 1004 4330 ι
1048 4279 1103 4333 ld
1135 4288 1220 4334 est
1244 4295 1272 4332 a
1315 4280 1524 4334 malitia
1548 4281 1819 4347 translati,
1863 4282 2006 4336 nein

423 4379 492 4422 eo
518 4367 825 4436 steteritis;
859 4369 954 4424 sed
985 4371 1151 4424 vitam
1197 4369 1401 4426 virtute
1429 4379 1681 4426 ornatam
1717 4371 2005 4443 suscipite.

495 4627 663 4686 Vsus.
697 4630 786 4687 l8.
833 4649 852 4683 ι
884 4631 950 4686 Ει
990 4631 1190 4700 venite,
1227 4641 1284 4689 et
1314 4633 1858 4704 disceptemus,'dicit
1899 4638 2007 4694 Do-

424 4723 605 4777 minus
642 4742 654 4776 :
688 4733 744 4778 et
797 4725 842 4780 si
895 4725 1101 4781 fuerint
1153 4738 1378 4796 peccata
1407 4737 1591 4783 vestra
1635 4738 1698 4784 ut
1742 4745 2008 4801 purpura,

421 4814 788 4882 quasinivem
830 4815 1129 4885 dealbabo;
1169 4827 1226 4873 et
1256 4819 1300 4874 si
1333 4819 1540 4875 fuerint
1587 4829 1648 4876 ut
1695 4823 2004 4889 coccinum,

421 4905 576 4976 quasi
613 4905 791 4961 lanam
827 4908 1111 4964 dealbabo.
1149 4928 1168 4962 ι
1204 4910 1409 4967 Deinde
1438 4914 1594 4984 quasi
1641 4913 1696 4967 in
1745 4913 2004 4967 tribunali

419 5013 522 5069 ego
565 5009 621 5054 et
653 5015 749 5055 vos
788 5000 1156 5070 disceptemus
1193 5021 1208 5058 :
1239 5018 1340 5075 ego
1396 5007 1616 5076 quidem
1672 5020 2004 5062 enumerans

421 5099 623 5157 quanta
655 5090 756 5144 sim
785 5106 813 5144 a
835 5091 987 5146 vobis
1019 5106 1332 5163 perpessus,
1360 5106 1416 5150 et
1451 5103 1656 5166 quanta
1691 5096 1849 5151 vobis
1879 5112 2002 5150 mu-

422 5198 552 5235 nera
584 5183 910 5238 contulerim
941 5202 954 5238 :
982 5199 1045 5241 ac
1081 5187 1355 5255 quomodo
1385 5197 1509 5258 post
1553 5197 1701 5243 tanta
1735 5188 2000 5256 facinora,

422 5275 664 5330 omnium
701 5275 970 5330 malorum
1014 5287 1326 5334 vestrorum
1357 5279 1590 5346 oblitus,
1623 5292 1839 5337 vestras
1865 5296 2003 5351 pra:-

427 5367 572 5421 dicto
597 5370 860 5437 sanguine
887 5384 1190 5440 purpureas
1223 5373 1437 5428 animas
1462 5374 1901 5438 emundaverim,
1935 5389 2000 5431 ac

422 5474 518 5526 per
581 5458 860 5514 lavacrum
923 5463 1358 5533 regenerationis
1408 5464 1533 5521 nive
1601 5466 2006 5536 splendidiores

477 5602 497 5632 '
527 5599 898 5672 Matth.xxvn,
920 5605 1012 5660 ‘25.
1091 5606 1111 5637 ⁷
1142 5605 1302 5664 Joan.
1334 5621 1418 5673 ιιι,
1451 5607 1505 5664 5.

493 5721 569 5793 (5)
637 5719 760 5778 llaec
793 5721 919 5781 item
953 5723 1208 5796 exprimit
1239 5723 1599 5795 Hieronymus
1624 5725 1692 5785 ad
1721 5725 1865 5786 hunc
1893 5723 1996 5784 loc.

2122 3183 2286 3238 καλὸν
2320 3185 2515 3238 ποιεῖν.
2557 3201 2577 3236 ›
2608 3182 2823 3255 Σφόδρα
2861 3181 2995 3252 γοῦν
3035 3181 3346 3246 ἀκολούθως
3389 3181 3458 3236 τὰ
3509 3181 3723 3250 πρῶτα,

2121 3276 2360 3349 εἰρηκὼς
2383 3279 2412 3331 ό
2437 3276 2591 3342 Θεὸς,
2626 3276 2707 3330 ἔτι
2733 3276 3022 3332 καὶταῦτα
3043 3277 3180 3348 πρὸς
3205 3278 3332 3340 τοὺς
3363 3274 3723 3347 δηλωθέντας

2119 3368 2387 3442 ἄρχοντας
2417 3369 2685 3440 Σοδόμων,
2711 3367 2805 3422 καὶ
2837 3368 2928 3422 τὸν
2961 3367 3088 3423 λαὸν
3119 3367 3404 3440 Γομόρρας
3430 3365 3720 3439 διεξέρχε-

2119 3478 2210 3516 ται
2238 3459 2339 3533 (5),
2389 3460 2483 3513 ἐπὶ
2516 3459 2728 3530 ἀγαθὰς
2754 3459 2976 3523 ἐλπίδας
3017 3458 3213 3522 αὐτοὺς
3239 3455 3717 3530 προκαλούμενος,

2119 3551 2168 3604 εί
2204 3549 2564 3622 μεταθέμενοι
2610 3550 2709 3621 τῆς
2755 3549 2954 3614 κακίας
2983 3550 3077 3603 καὶ
3109 3549 3207 3621 τῆς
3250 3547 3720 3620 ὲθελοθρησκείας

2119 3639 2219 3711 τῆς
2272 3638 2415 3693 κατά
2465 3639 2558 3692 τὸν
2617 3638 2929 3710 σωματικὸν
2985 3638 3150 3710 νόμον
3201 3639 3669 3711 ἀναχωρήσαντες
3697 3679 3716 3704 ,

2121 3731 2354 3803 ὑπήκοοι
2379 3730 2623 3800 γένοιντο
2652 3731 2754 3800 τῆς
2781 3730 2991 3800 Καινῆς
3029 3729 3306 3802 Διαθήκης
3332 3731 3425 3783 καὶ
3453 3728 3547 3783 τοῦ
3578 3748 3717 3784 και-

2117 3823 2209 3878 νοῦ
2240 3824 2406 3895 νόμου
2441 3824 2536 3876 καὶ
2567 3821 2747 3890 λόγου.
2778 3821 2869 3874 Διὸ
2901 3821 3036 3892 μετά
3055 3821 3153 3893 τὴν
3179 3821 3483 3894 παρόρασιν
3513 3821 3622 3875 τῶν
3650 3825 3716 3877 ἐν

2117 3919 2183 3987 τῇ
2209 3915 2422 3987 Παλαιᾷ
2443 3913 2709 3986 Διαθήκῃ,
2735 3913 2806 3966 τά
2832 3913 2930 3982 τῆς
2957 3913 3165 3983 Καινῆς
3196 3912 3472 3985 Διαθήκης
3491 3913 3717 3982 εἰσάγει

2121 4007 2423 4078 μυστήρια.
2450 4005 2516 4058 "A
2542 4003 2607 4076 δὴ
2639 4005 2735 4056 καὶ
2759 4005 2815 4056 ὲν
2841 4006 2956 4066 τοῖς
2975 4003 3330 4072 Εύαγγελίοις
3359 4003 3522 4067 αὐτὸς
3562 4021 3719 4076 παρ-

2117 4094 2291 4148 εδίδου
2324 4095 2527 4163 λέγων·
2571 4112 2590 4144 t
2643 4092 2768 4145 Ἐὰν
2800 4093 2872 4163 μή
2928 4109 3014 4156 τις
3047 4093 3382 4164 ἀναγεννηθῇ
3411 4092 3468 4159 ἐξ
3501 4092 3709 4158 ὕδατος

2117 4187 2212 4240 καὶ
2234 4186 2564 4256 πνεύματος,
2599 4184 2660 4238 οὐ
2696 4183 2770 4254 μὴ
2803 4183 3023 4258 εἰσέλθῃ
3050 4187 3130 4248 εἰς
3154 4184 3254 4256 τὴν
3287 4183 3565 4255 βασιλείαν
3594 4186 3715 4240 τῶν

2114 4280 2413 4353 οὐρανῶν.)
2431 4311 2501 4319 -
2529 4299 2549 4333 ι
2591 4279 2962 4352 Ἐκζητήσατε
2988 4281 3193 4352 κρίσιν,
3221 4280 3458 4353 ῥύσασθε
3483 4281 3716 4336 ἀδικού-

2119 4391 2300 4446 μενον,
2350 4373 2576 4447 κρίνατε
2621 4372 2892 4445 ,ὀρφανῷ,
2941 4373 3034 4426 καὶ
3090 4373 3414 4427 δικαιώσατε
3465 4375 3640 4446 χήρᾳ.
3685 4395 3706 4427 ι

2036 4479 2091 4542 ι)
2120 4465 2325 4533 Ἥγουν
2357 4463 2754 4533 μεταϐαλόντες
2795 4464 2894 4535 τῆς
2927 4463 3147 4528 κακίας,
3184 4465 3258 4534 μὴ
3293 4464 3454 4537 μέχρι
3506 4465 3712 4520 τούτου

2118 4555 2298 4626 στῆτε,
2330 4554 2420 4608 τὸν
2441 4555 2497 4608 δὲ
2517 4557 2636 4608 κατ’
2662 4556 2865 4627 ἀρετὴν
2891 4555 3189 4610 ἀναλάϐετε
3220 4555 3354 4626 βίον.

2189 4665 2208 4699 ι
2244 4649 2356 4701 Καὶ
2389 4647 2563 4712 δεῦτε,
2599 4649 2692 4702 καὶ
2724 4647 3100 4720 διαλεχθῶμεν
3143 4649 3246 4720 (6),
3277 4649 3425 4718 λέγει
3465 4650 3707 4722 Κύριος·

2111 4740 2208 4792 καὶ
2247 4739 2341 4793 ὲάν
2385 4732 2518 4791 ὦσιν
2548 4741 2603 4792 αἱ
2657 4738 2925 4810 ἁμαρτίαι
2962 4738 3120 4810 ὑμῶν
3167 4739 3244 4802 ὡς
3273 4740 3574 4809 φοινικοῦν,
3622 4741 3714 4805 ὡς

2111 4832 2266 4903 χιόνα
2314 4829 2591 4884 λευκανῶ·
2625 4829 2720 4883 ἐὰν
2746 4830 2804 4883 δὲ
2836 4823 2970 4883 ὦσιν
3002 4829 3079 4894 ὡς
3103 4830 3377 4894 κόκκινον,
3418 4831 3494 4896 ὡς
3551 4831 3712 4903 ἔριον

2111 4921 2378 4977 λευκανῶ.
2419 4943 2437 4975 ι
2469 4918 2583 4976 Εἶθ’
2615 4922 2691 4986 ὡς
2719 4923 2777 4974 ὲν
2808 4922 3141 4994 δικαστηρίῳ
3156 4923 3555 4995 διελεγχθῶμεν
3587 4926 3712 4995 ἐγὼ

2110 5033 2170 5069 τε
2194 5017 2288 5069 καὶ
2320 5017 2477 5087 ὑμεῖς
2497 5034 2510 5045 ·
2546 5014 2656 5084 ἐγὼ
2685 5014 2781 5086 μὲν
2807 5015 2908 5068 ὅσα
2934 5014 3180 5069 πέπονθα
3203 5016 3481 5087 ὑφ’ύμῶν,
3512 5017 3616 5070 ὅσα
3641 5037 3710 5073 τε

2113 5103 2258 5174 ὑμᾶς
2287 5101 2474 5175 ἔτυχον
2507 5103 2880 5174 εὐεργετήσας
2917 5105 3450 5177 καταριθμούμενος,
3494 5108 3592 5160 καὶ
3622 5109 3711 5173 ὡς

2113 5196 2254 5266 μετὰ
2279 5197 2518 5251 τοσαῦτα
2549 5197 3004 5268 πλημμελήματα
3036 5199 3256 5252 πάντων
3288 5197 3474 5252 κακῶν
3513 5199 3707 5272 ἀμνή-

2112 5303 2294 5340 στειαν
2328 5287 2670 5356 ποιούμενος,
2701 5288 3128 5359 πεφοινιγμένας
3142 5288 3294 5360 ὑμῶν
3315 5287 3412 5352 τὰς
3430 5287 3609 5359 ψυχὰς
3634 5291 3708 5345 ὲκ

2107 5372 2200 5426 τοῦ
2241 5373 2631 5444 προλεχθέντος
2684 5375 2918 5445 αἵματος
2965 5377 3247 5450 ἐκάθηρα,
3303 5378 3705 5452 λαμπροτέρας

2105 5466 2284 5536 χιόνος
2321 5467 2492 5532 αὑτὰς
2515 5468 2605 5525 διὰ
2634 5473 2732 5545 τῆς
2755 5472 2850 5527 τοῦ
2883 5473 3109 5544 λουτροῦ
3145 5473 3567 5544 παλιγγενεσίας
3597 5492 3704 5530 κα-

2181 5721 2259 5796 (6)
2297 5722 2428 5797 Reg.
2460 5723 2700 5784 secunda
2731 5739 2916 5795 manu,
2953 5721 3372 5796 διελεγχθῶμιν.
