3850 6210
150 343 204 399 97
1085 339 1588 398 COMMENTABIA
1625 340 1696 399 IN
1734 337 1994 398 lSAlAM.
2034 367 2106 382 --·
2139 339 2294 400 CAP.
2333 338 2377 394 1.
3299 343 3367 396 93

146 458 413 532 τιπὴσας·
449 458 608 532 ὑμεῖς
634 459 693 515 δέ
723 461 779 514 εῐ
802 479 899 527 ιτις
933 459 1064 534 ύμῖν
1111 463 1248 536 πρὸς
1284 463 1382 536 τὴν
1416 464 1673 537 τοσαύτηκ

1790 461 1912 518 illas
1961 460 2372 524 constituerim,
2427 471 2526 514 vos
2580 464 2782 525 autem,
2837 457 2882 514 si
2935 457 3119 529 aliqua
3172 469 3365 516 contra

146 554 275 624 χάριν
296 552 496 604 ἓνεσται
524 551 702 621 λόγος,
738 555 818 617 εἰς
847 554 1080 625 φανερδν
1112 553 1302 608 τοῦτον
1335 555 1519 623 ἄγετε.

208 662 223 695 ι
253 645 346 696 Καὶ
373 643 467 696 ἐὰν
491 643 684 714 θέλητε
716 646 811 700 καὶ
843 645 1205 718 εἰσακούσητέ
1236 662 1360 716 μου,
1390 646 1460 700 τὰ
1501 647 1681 717 ἀγαθὰ

142 735 222 806 τῆς
249 735 340 804 γῆς
368 735 605 804 φάγεσθε
629 753 644 767 ·
681 736 776 791 ἐὰν
799 737 873 809 μὴ
893 737 1106 810 θέλητε,
1157 738 1292 810 μηδέ
1315 739 1681 810 εἰσακούσητέ

144 845 239 899 μου.
273 829 508 899 μάχαιρα
536 829 683 901 ὑμᾶς
704 829 1020 884 κατέδεται·
1053 832 1114 885 τὸ
1143 831 1252 902 γὰρ
1277 833 1451 904 στόμα
1473 835 1680 906 Κυρίου

142 920 329 991 ἐλάλησε
379 919 572 974 ταῦτα.
629 939 648 974 ι
715 921 981 975 Ἐνταῦθα
1031 922 1089 976 δέ
1131 924 1160 975 ὁ
1205 923 1364 992 λόγος
1409 924 1485 988 ὡς
1539 924 1679 997 πρὸς

151 1012 396 1076 Ἰουδαίους
415 1012 817 1084 διαλεγόμενος,
849 1009 938 1067 οἶα
967 1015 1198 1084 νηπίους
1231 1015 1429 1080 αὐτοὺς
1466 1015 1554 1070 διὰ
1581 1016 1682 1087 τῆς

144 1102 419 1172 σωματικῆς
449 1104 782 1172 ἐπαγγελίας
797 1104 1077 1159 πείθεσθαι
1091 1109 1206 1170 τοῖς
1220 1106 1529 1178 εἰρημένοις
1550 1125 1681 1179 προ-

137 1192 322 1261 τρέπει·
353 1193 488 1265 πρὸς
533 1195 590 1248 δὲ
636 1194 729 1249 τὸν
759 1195 934 1268 ἀληθῆ
980 1196 1162 1265 λόγον,
1209 1197 1312 1268 γῆς
1357 1197 1456 1269 τῆς
1497 1197 1676 1269 ψυχῆς

134 1285 385 1355 νοουμένης
431 1285 576 1340 κατὰ
622 1288 723 1358 τὴν
769 1289 1036 1359 σωτήριον
1089 1287 1442 1360 παραϐολήν·
1499 1289 1534 1360 ἥ
1585 1288 1677 1342 τὸν

134 1376 410 1446 ἐπουράνιον
437 1376 656 1445 λέγεται
681 1377 1085 1450 παραδέχεσθαι
1121 1378 1343 1449 σπόρον,
1382 1379 1676 1433 ἀκόλουθόν

136 1471 253 1521 ἐστιν
277 1467 446 1537 ἀγαθὰ
464 1469 645 1540 ψυχῆς
671 1472 808 1524 νοεῖν
830 1470 1062 1541 ἦτοιτὰς
1093 1473 1212 1524 κατ’
1237 1471 1438 1542 ἀρετὴν
1471 1488 1675 1543 προκο-
1691 1495 1704 1508 ο

133 1560 218 1622 πᾶς
249 1562 332 1613 καὶ
361 1559 691 1624 τελειώσεις,
724 1562 756 1632 ἢ
799 1561 869 1614 τὰ
902 1560 1292 1632 ἐπηγγελμένα
1329 1564 1471 1633 αὐτῇ
1507 1563 1564 1614 ἓν
1604 1565 1672 1634 τῇ

130 1649 218 1702 τῶν
257 1651 490 1723 οὐρανῶν
531 1652 800 1723 βασιλείᾳ.
841 1653 1006 1706 Ὅθεν
1035 1654 1174 1726 πρὸς
1223 1654 1323 1724 μὲν
1363 1653 1462 1725 τὴν
1493 1652 1672 1721 λέξιν,

130 1743 286 1796 αὐτίκα
314 1748 422 1808 τοῖς
449 1744 631 1813 λόγοις
657 1745 1012 1817 ἐπηκολούθει
1043 1747 1076 1818 ὴ
1110 1746 1198 1798 διὰ
1225 1746 1334 1800 τῶν
1363 1745 1541 1818 ἔργων
1579 1745 1673 1798 ἐκ-

1784 566 1989 614 tantam
2037 556 2269 629 gratiam
2305 555 2462 610 adest
2494 553 2658 620 ratio,
2687 567 2806 609 eam
2844 554 3056 625 publice
3103 557 3362 625 proferte.

1854 651 2022 707 Vens.
2049 649 2137 716 l9,
2163 647 2258 704 20.
2303 667 2322 700 ι
2372 647 2438 702 Ει
2464 646 2510 703 si
2541 645 2824 703 volueritis
2851 657 2907 702 et
2938 649 3216 704 audieritis
3245 665 3354 714 me,

1781 742 1920 798 bona
1983 750 2146 796 terra:
2194 737 2528 804 comedetis;
2581 738 2723 808 quod
2787 738 2834 792 si
2886 738 3206 805 nolueritis,
3263 755 3365 796 nec

1782 831 2064 886 audieritis
2115 845 2202 884 me
2233 869 2248 896 ,
2319 827 2531 899 gladius
2581 842 2678 885 vos
2736 827 3018 884 devorabit
3059 848 3072 884 :
3128 845 3249 884 nam
3301 846 3364 886 os

1781 923 1993 978 Domini
2029 922 2145 978 hac
2190 922 2431 978 locutum
2485 929 2591 978 est.
2623 939 2643 974 ι
2675 920 2775 977 Hic
2801 923 2958 991 quasi
2989 921 3202 979 Judacos
3231 925 3363 980 allo-

1781 1031 1978 1088 quens,
2033 1016 2180 1085 ipsos
2223 1029 2326 1070 ceu
2378 1012 2616 1069 infantes
2645 1027 2744 1082 per
2775 1027 3094 1082 corpoream
3130 1016 3363 1084 promis-

1779 1109 1992 1163 sionem
2032 1107 2304 1168 hortatur,
2333 1115 2390 1159 ut
2422 1104 2586 1160 dictis
2616 1105 3039 1172 obtemperent;
3078 1115 3136 1158 at
3163 1121 3365 1161 secuno

1779 1199 1907 1255 dum
1941 1212 2127 1252 veram
2163 1193 2501 1266 intelligendi
2547 1195 2834 1257 rationem,
2887 1210 3010 1250 cum
3060 1205 3202 1250 terra
3261 1211 3362 1266 pro

1778 1289 1957 1342 anima
1991 1288 2289 1358 reputanda
2329 1287 2422 1352 sit,
2454 1286 2752 1341 secundum
2784 1285 3087 1341 Salvatoris
3121 1287 3361 1356 parab‘o-

1776 1379 1886 1434 lam
1921 1391 1934 1437 :
1969 1393 2093 1449 quae
2123 1387 2267 1432 terra
2297 1378 2522 1431 caeleste
2567 1390 2748 1430 semen
2797 1377 3076 1446 suscipere
3127 1378 3359 1444 dicitur;

1777 1471 1904 1526 hinc
1934 1469 2288 1540 consequitur
2310 1468 2505 1522 animae
2543 1469 2682 1522 bona
2719 1469 2808 1523 hic
2839 1483 2960 1524 esse
2991 1469 3360 1539 intelligenda,

1776 1557 1987 1612 scilicet
2014 1556 2316 1627 profectum
2349 1566 2405 1613 et
2438 1556 2829 1628 perfectionem
2862 1559 3154 1612 secundum
3191 1559 3365 1612 virtu-

1777 1657 1884 1704 tem
1913 1660 2225 1718 acceptam,
2278 1649 2366 1704 vel
2419 1650 2563 1704 bona
2614 1649 2717 1718 ipsi
2767 1649 2822 1703 in
2877 1665 3043 1720 regno
3091 1650 3361 1705 caelorum

1775 1743 2068 1812 promissa.
2111 1743 2458 1812 Quapropter
2498 1742 2800 1797 secundum
2851 1740 3090 1795 litteram
3119 1741 3362 1810 quidem,

129 1834 282 1900 ϐασις·
306 1839 652 1910 παραχρῆμα
685 1839 793 1911 γὰρ
825 1840 919 1892 καὶ
941 1840 1041 1893 ούκ
1071 1842 1152 1903 είς
1181 1839 1399 1912 μακρὰν
1426 1841 1474 1892 οἱ
1506 1841 1667 1893 ἀπει-

1781 1835 1940 1891 verba
1980 1849 2163 1888 rerum
2210 1843 2438 1889 eventus
2495 1849 2618 1888 mox
2669 1842 2996 1887 consecutus
3055 1842 3176 1898 est;
3230 1850 3358 1889 nam

127 1927 362 1997 ϐήσαντες,
388 1934 454 2003 τῇ
487 1931 599 1985 τῶν
638 1932 914 2002 πολεμίων
957 1933 1204 2004 μαχαίρᾳ
1246 1932 1627 2005 παρεδόθησαν
1651 1949 1665 1964 ·

125 2021 416 2078 ἐπελθόντων
445 2005 655 2088 ἀὐτοῖς
700 2025 988 2096 Ῥωμαίων
1015 2065 1029 2088 ,
1085 2027 1180 2079 καὶ
1235 2026 1475 2098 πολέμου
1521 2026 1671 2099 νόμῳ

125 2113 296 2177 πάντας
323 2116 780 2186 χειρωσαμένων·
816 2118 865 2171 εἰ
897 2118 954 2172 δὲ
994 2117 1090 2171 καὶ
1121 2116 1401 2188 διαϐολική
1433 2119 1519 2182 τίς
1552 2120 1670 2172 ἐστι

127 2204 346 2276 μάχαιρα,
374 2207 667 2282 καὶταύτῃ
690 2207 894 2262 ἔκδοτοι
918 2209 1198 2280 γεγόνασι,
1229 2206 1318 2263 διὰ
1351 2208 1412 2262 τὸ
1437 2209 1672 2280 ἀπειθῆ--

126 2311 193 2349 σαι
216 2300 270 2370 τῇ
301 2297 490 2371 κλήσει
515 2300 617 2371 τῆς
641 2299 736 2353 τοῦ
760 2300 895 2355 Θεοῦ
924 2303 1170 2374 χάριτος.

177 2474 318 2539 «Πῶς
348 2475 570 2545 ἐγένετο
613 2476 786 2549 πόρνη
835 2477 992 2542 πόλις
1036 2478 1204 2550 πιστὴ
1245 2477 1404 2541 Σιὼν,
1459 2480 1674 2552 πλήρης

122 2566 342 2636 irpicem;
377 2569 435 2620 ὲν
540 2568 856 2641 δικαιοσύνη
893 2569 1163 2641 ἐκοιμήθη
1198 2570 1256 2622 ἐν
1303 2569 1463 2642 αὐτῇ,
1503 2570 1596 2623 νῦν
1617 2571 1674 2624 δέ

120 2659 351 2726 φονευταί.
376 2677 502 2711 ι-ι
534 2660 672 2712 Τίνα
697 2660 805 2714 τῶν
837 2659 1133 2732 προφητῶν
1155 2661 1253 2714 οὐκ
1271 2661 1600 2716 ἀπέκτειναν
1625 2663 1674 2714 οἱ

123 2750 314 2820 πατέρες
331 2751 481 2822 ὑμῶν
501 2751 602 2805 καὶ
622 2752 810 2822 ύμεῐς;
837 2771 856 2804 ι
878 2752 1135 2806 Διδάσκει
1150 2753 1331 2806 τοίνυν
1353 2753 1382 2804 ό
1399 2752 1554 2822 λόγος
1571 2752 1673 2823 (7),

121 2839 179 2904 ὑς
223 2841 375 2897 πάλαι
407 2843 509 2914 μὲν
543 2843 647 2913 τὴν
679 2843 833 2897 πόλιν
882 2843 1106 2915 ᾤκησαν
1153 2843 1345 2916 ἄνδρες
1362 2845 1562 2909 πιστοὶ,
1607 2844 1675 2897 δι’

121 2923 178 2981 ὧν
204 2933 348 3003 πιστὴ
380 2934 537 2998 πόλις
560 2933 962 3004 ἐχρημάτιζεν·
995 2932 1186 3006 ὥσπερ
1220 2933 1287 2987 ἂν
1319 2934 1374 2987 εί
1393 2951 1477 2998 τις
1509 2937 1673 2998 εἴποι,

122 3021 291 3073 πιττῶν
323 3023 471 3086 πόλις
492 3040 506 3053 ·
557 3022 697 3075 ἀλλὰ
731 3022 825 3076 καὶ
862 3021 1076 3094 πλήρης
1103 3023 1339 3096 κρίσεως
1369 3019 1438 3096 ἦν
1468 3025 1564 3078 καὶ
1595 3023 1676 3078 δι-

123 3115 385 3185 καιοσύνης,
419 3115 498 3180 ὡς
540 3116 612 3170 ἂν
650 3115 922 3187 ὲναρέτων
963 3115 1151 3187 ψυχῶν
1187 3116 1501 3188 οίκητήριόν
1543 3133 1673 3170 ποτε

119 3209 360 3280 γενομένη·
385 3209 466 3262 διὸ
483 3209 852 3280 κεκοιμᾶσθαι
873 3211 931 3263 ἐν
955 3211 1092 3281 αὐτῇ
1119 3209 1484 3280 δικαιοσύνην,
1509 3227 1670 3264 τουτ-

119 3298 248 3364 έστιν,
290 3303 568 3373 ἐνοικῆσαι
620 3303 715 3356 καὶ
767 3301 1183 3356 ἀναπεπαῦσθαι
1223 3301 1459 3374 εἴρηται.
1494 3303 1671 3356 Πάλαι

120 3390 203 3461 rip
221 3393 413 3465 πλήρης
445 3394 657 3448 τούτων
685 3394 980 3465 ἐτύγχανε·
1025 3393 1166 3466 τάχα
1213 3411 1316 3447 που
1360 3394 1504 3448 κατὰ
1545 3397 1672 3459 τοὺς

119 3484 302 3550 χρόνους
337 3487 518 3552 Δαυῒδ,
552 3487 615 3551 ὃς
648 3487 863 3559 πρῶτος
909 3486 1044 3540 ἐλὼν
1076 3487 1174 3559 τὴν
1208 3487 1361 3540 πόλιν
1394 3489 1458 3541 ἐκ
1492 3489 1674 3560 χειρὸς

119 3574 402 3645 ἀλλοφύλων,
433 3582 535 3652 τὴν
569 3579 798 3633 κιϐωτὸν
827 3579 921 3633 τοῦ
975 3579 1112 3633 Θεοῦ
1139 3581 1231 3634 καί
1253 3579 1352 3651 τὴν
1382 3580 1586 3652 σκηνὴν
1613 3581 1672 3636 ἐν

120 3669 223 3740 αὐτῇ
253 3674 642 3744 κατεστήσατο,
673 3671 834 3735 αὑτός
886 3688 946 3725 τε
975 3670 1144 3744 αὐτὴν
1171 3669 1355 3742 ᾤκησε
1404 3670 1671 3742 βασίλειον

118 3761 358 3832 ἀποδείξας
387 3764 614 3831 ἐαυτοῦ,
638 3765 714 3830 ὼς
737 3765 1073 3838 χρηματίσαι
1100 3765 1254 3819 πόλιν
1284 3764 1464 3819 Δαυτδ.

176 3943 553 4016 «Τδάργύριον
583 3944 740 4015 ὑμῶν
775 3943 1062 4015 ἀδόκιμον·
1105 3944 1155 3996 οἱ
1196 3941 1432 4014 κάπηλοί
1470 3959 1564 3996 σου
1589 3940 1671 4012 μί-

119 4047 270 4099 στονσι
299 4037 388 4090 τὸν
417 4033 565 4090 οἶνον
590 4035 764 4090 ὕδατι.
788 4055 807 4087 ι
839 4031 948 4089 Ἦν
971 4036 1082 4106 γὰρ
1111 4035 1172 4088 τὸ
1203 4035 1466 4108 ἀργύριον
1488 4033 1668 4088 αὐτῶν

118 4125 350 4200 ἀδόκιμον,
389 4129 583 4200 ἐπειδὴ
627 4129 766 4200 μετὰ
796 4127 858 4181 τὸ
887 4125 1269 4198 ἐκπορνεῦσαι,
1320 4127 1413 4180 καὶ
1476 4142 1668 4196 φονευ-

117 4219 192 4280 ti;
207 4220 462 4288 γενέσθαι,
510 4217 936 4291 προσεποιοῦντο
965 4217 1276 4280 θεοσεϐείας
1307 4217 1462 4285 λόγον
1485 4219 1668 4285 ἀπαγ-

117 4308 288 4374 γέλλειν
317 4315 407 4367 καὶ
435 4313 539 4376 τὰς
569 4310 722 4375 θείας
751 4309 974 4383 Γραφάς
1001 4309 1380 4382 διερμηνεύειν
1409 4309 1504 4363 καὶ
1540 4309 1666 4362 δευ-

116 4403 335 4472 τερώσεις
369 4404 612 4476 μυθικὰς
641 4403 908 4459 ποιεῖσθαι
937 4401 1047 4457 τῶν
1065 4401 1528 4473 ἀναγνωσμάτων.
1559 4402 1667 4454 Καὶ

1770 1926 2080 1993 confestim,
2133 1941 2235 1982 nec
2277 1927 2447 1983 multo
2487 1937 2610 1997 post
2641 1927 2824 1995 elapso
2860 1935 3122 1995 tempore,
3151 1927 3359 1987 immo-

1771 2019 1938 2090 rigeri
1965 2019 2039 2074 illi
2071 2019 2258 2090 gladio
2286 2019 2633 2074 inimicorum
2661 2020 2846 2074 traditi
2871 2029 3018 2085 sunt,
3043 2020 3358 2090 irrumpen-

1774 2111 1918 2166 tibus
1953 2110 2222 2166 Romanis
2251 2126 2316 2166 ac
2355 2111 2482 2166 belli
2508 2111 2623 2179 lege
2645 2112 2860 2166 cunctis
2900 2111 2952 2166 in
2985 2112 3358 2182 captivitatem

1771 2202 2208 2273 redactis;qnod
2258 2203 2305 2258 si
2360 2201 2667 2257 diabolicus
2719 2202 2938 2273 gladius
2995 2202 3185 2268 fuerit,
3233 2203 3360 2258 huic

1772 2309 1991 2366 quoque
2032 2295 2198 2352 dediti
2237 2306 2390 2364 sunt,
2435 2296 2579 2368 quod
2627 2295 2846 2350 vocanti
2887 2297 3074 2367 gratiae
3113 2295 3209 2350 Dei
3250 2311 3358 2352 non

1773 2386 2236 2455 obtemperarent.

1851 2477 2013 2535 Vsus.
2053 2479 2145 2535 21.
2191 2498 2213 2533 ι
2259 2481 2540 2548 Quomodo
2574 2483 2715 2540 facta
2757 2493 2839 2540 est
2868 2483 3131 2539 meretrix
3158 2483 3358 2540 civitas

1777 2571 1952 2628 fidelis
1983 2571 2137 2637 Sion,
2168 2572 2325 2643 plena
2349 2573 2580 2642 judicii?
2610 2576 2663 2630 in
2696 2590 2800 2645 qna
2823 2575 3038 2643 justitia
3076 2577 3359 2640 dormivit,

1776 2677 1922 2718 nunc
1959 2670 2142 2718 autem
2175 2664 2484 2719 homicidae.
2524 2683 2544 2718 ι
2587 2695 2658 2706 -—
2697 2682 2717 2715 ι
2763 2664 2932 2732 Quem
2965 2667 3358 2735 prophetarum

1776 2765 1886 2806 non
1924 2749 2318 2807 interfecerunt
2357 2762 2537 2823 patres
2593 2754 2758 2810 vestri
2807 2763 2862 2808 et
2890 2771 2985 2809 vos
3013 2755 3080 2808 8?
3127 2773 3146 2808 ›
3191 2755 3356 2811 Docet

1778 2843 1943 2913 igitur
1965 2843 2096 2898 olim
2128 2843 2346 2914 quidem
2395 2845 2674 2901 civitatem
2725 2845 3020 2901 incoluisse
3070 2846 3254 2901 ﬁdeles
3279 2849 3357 2900 vi-

1779 2948 1890 3001 ros,
1922 2949 2155 3005 quorum
2197 2949 2361 2990 causa
2390 2935 2586 2991 civitas
2637 2936 2812 2991 fidelis
2856 2937 3182 3004 vocabatur;
3224 2952 3288 2992 ac
3310 2939 3356 2992 si

1779 3024 1904 3094 quis
1932 3026 2158 3092 diceret,
2189 3027 2384 3082 civitas
2428 3026 2708 3092 ﬁdelium;
2747 3027 2855 3082 imo
2891 3028 3058 3082 etiam
3086 3028 3245 3099 plena
3270 3027 3361 3097 ju-

1739 3117 1909 3196 Pdicii
1941 3127 2136 3174 eratet
2177 3118 2434 3188 justitize,
2472 3129 2657 3190 utpote
2703 3134 2822 3189 qua:
2871 3120 3168 3204 probarum
3225 3119 3356 3174 olim

1777 3199 2086 3263 animarum
2115 3209 2451 3265 domicilium
2500 3210 2664 3266 fuerit
2699 3229 2713 3266 :
2766 3199 3170 3281 quarejustitia
3211 3211 3264 3266 in
3293 3227 3357 3266 ea

1776 3300 2130 3367 dormivisse,
2161 3303 2214 3357 id
2245 3312 2350 3368 est,
2387 3303 2726 3359 inhabitasse
2749 3313 2804 3358 et
2826 3304 3098 3373 quievisse
3135 3303 3357 3359 dicitur.

1775 3391 1918 3449 Olim
1957 3394 2160 3466 quippe
2192 3395 2392 3452 talibus
2445 3395 2604 3466 plena
2654 3397 2786 3452 viris
2835 3406 2988 3463 erat;
3030 3406 3089 3450 ut
3127 3394 3360 3451 fortasse

1777 3494 2021 3555 tempore
2082 3487 2321 3552 Davidis,
2378 3489 2470 3558 qui
2525 3488 2737 3558 primus
2789 3489 2978 3542 urbem
3031 3488 3232 3556 eripuit
3288 3503 3356 3541 ex

1776 3578 2029 3632 manibus
2109 3576 2544 3648 allophylorum,
2595 3593 2781 3632 arcam
2843 3561 2938 3634 Dei
2988 3587 3043 3632 et
3106 3577 3359 3631 taberna-

1776 3666 1959 3722 culum
2001 3665 2075 3722 ibi
2121 3669 2350 3748 .posuit,
2409 3667 2464 3723 in
2519 3682 2692 3738 eaque
2743 3668 2858 3738 ipse
2913 3667 3196 3734 habitavit,
3264 3681 3355 3720 re-

1773 3759 2029 3829 giamque
2067 3759 2400 3824 constituit,
2441 3758 2514 3814 ita
2551 3769 2610 3814 ut
2656 3758 2850 3815 civitas
2901 3759 3070 3814 David
3111 3759 3356 3830 appella-

1775 3861 1945 3906 retur.

1841 3943 2008 3999 Vsus.
2045 3943 2137 4000 22.
2172 3962 2190 3996 ι
2231 3944 2528 4014 Argentum
2578 3953 2818 3999 vestrum
2872 3959 2978 4000 non
3016 3943 3300 4014 probatum
3336 3959 3353 3999 :

1772 4050 2046 4106 caupones
2086 4038 2162 4091 tui
2203 4037 2390 4091 vinum
2446 4049 2586 4104 aqua
2627 4036 2880 4092 miscent.
2924 4054 2944 4088 ι
2990 4035 3230 4104 Eratque
3263 4051 3352 4090 ar-

1772 4135 1992 4194 gentum
2014 4140 2202 4180 eorum
2239 4141 2345 4180 non
2369 4127 2683 4196 probatum,
2717 4127 2842 4196 quia
2869 4135 3154 4196 postquam
3179 4125 3355 4181 forni-

1771 4217 1905 4272 carii
1932 4227 1988 4273 et
2010 4218 2296 4274 homicidae
2319 4229 2445 4274 sunt
2467 4217 2668 4285 effecti,
2693 4233 2751 4273 se
2771 4233 2911 4273 verae
2935 4220 3207 4290 religionis
3235 4234 3354 4274 ver-

1771 4309 1897 4364 bum
1923 4313 2248 4366 annuntiare
2281 4322 2337 4367 et
2379 4312 2592 4367 divinas
2643 4311 2956 4382 Scripturas
3005 4313 3352 4382 interpretari

1771 4402 2132 4468 simulabant,
2165 4403 2294 4458 dum
2329 4402 2598 4459 fabulosas
2643 4403 2961 4459 deuteroses
2995 4404 3061 4458 ad
3102 4403 3354 4458 lectionis

117 4494 240 4548 αὒτοὶ
265 4497 316 4550 δὲ
342 4499 390 4550 oi.
405 4495 735 4552 ’διδάσκαλοι
763 4494 938 4548 αὐτῶν
963 4493 1368 4564 καπηλεύοντες
1395 4493 1492 4564 τὴν
1525 4491 1666 4545 διδα-

1781 4497 2192 4566 cxplicationem
2221 4496 2560 4552 adhiberent.
2611 4497 2870 4551 Doctores
2909 4511 3038 4551 vero
3084 4496 3350 4564 ipsorum,

119 4589 326 4653 σκαλίαν,
355 4591 592 4662 κάπηλοι
629 4589 922 4660 προσφυῶς
950 4587 1346 4659 ὠνομάσθησαν
1384 4585 1669 4657 μιγνύντες

115 4679 187 4730 τὸν
212 4675 337 4735 οἶνον
371 4683 544 4746 ὕδατι,
599 4681 744 4753 λόγῳ
787 4681 1131 4753 ἐξυδαροῦντι
1173 4680 1262 4734 τὸν
1301 4679 1538 4752 ἄκρατον
1573 4678 1668 4732 καὶ

116 4771 460 4830 ἐπιστνπτικὺν
483 4777 598 4829 τῶν
635 4774 1004 4828 θεοπνεύστων
1037 4772 1270 4844 Γραφῶν
1300 4772 1424 4826 νοῦν
1449 4771 1536 4824 διὰ
1567 4775 1666 4842 τῆς

119 4865 315 4937 μνθικῆς
335 4869 514 4926 αὐτῶν
549 4870 646 4922 καὶ
678 4866 950 4942 ληρώδους
970 4865 1363 4936 δευτερὼσεως.

1776 4591 1868 4660 qui
1901 4589 2202 4645 doctrinam
2241 4589 2718 4657 cauponahantur,
2773 4601 2804 4642 e
2829 4602 2887 4642 re
2917 4601 3194 4656 caupones
3219 4587 3351 4643 dicti

1775 4691 1922 4748 sunt,
1959 4681 2047 4751 qui
2077 4681 2258 4733 vinum
2294 4693 2435 4748 aqua
2482 4679 2802 4742 miscebant,
2843 4678 2970 4731 dum
3017 4692 3268 4731 sermone
3297 4677 3350 4731 in

1775 4787 1967 4842 aquam
2024 4771 2294 4836 resoluto,
2325 4785 2532 4825 meram
2580 4779 2636 4826 et
2688 4772 2996 4826 restrictam
3045 4769 3346 4824 divinarum

1775 4863 2179 4932 Scripturarum
2218 4872 2448 4917 mentem
2495 4877 2591 4932 per
2628 4863 3030 4917 commentitias
3060 4875 3186 4916 suas
3216 4861 3348 4916 deu-

1671 4972 1684 4996 ο
1776 4963 1982 5006 teroses
2009 4950 2302 5006 fmdarent.

177 5052 262 5105 «Οἱ
309 5055 562 5126 ἄρχοντές
596 5069 689 5106 σου
720 5051 1021 5114 ἀπειθοῦσι,
1063 5048 1308 5103 κοινωνοὶ
1343 5045 1608 5101 κλεπτῶν.
1639 5063 1658 5095 ι

122 5139 244 5195 θῦτω
277 5147 598 5217 καλούμενοι
647 5145 752 5198 ὑπὸ
790 5143 882 5197 τοῦ
917 5144 1172 5214 Σωτῆρος
1218 5140 1317 5210 οὐχ
1343 5139 1620 5209 ὑπήκουον
1648 5152 1660 5166 ·

123 5231 270 5298 ἁπλῶς
295 5237 348 5290 δὲ
376 5241 572 5301 εἰπεῖν,
593 5237 712 5308 Θεῷ
741 5234 1074 5298 ἀπειθοῦσιν,
1101 5231 1439 5294 ἐκκλίνοντες
1462 5231 1553 5282 ἀπ’
1578 5228 1672 5281 αύ-

119 5324 193 5377 τοῦ
217 5329 301 5381 καὶ
342 5333 449 5393 τοῖς
479 5329 926 5400 διατεταγμένοις
958 5327 1049 5380 ὑπ’
1083 5325 1248 5379 αὑτοῦ
1285 5323 1359 5394 μὴ
1403 5321 1673 5393 ἐμμένον-

120 5429 206 5480 τες,
247 5438 262 5468 ι
290 5421 611 5488 ἀγαπῶντες
642 5420 810 5493 δῶρα,
847 5419 1134 5482 διώκοντες
1173 5415 1539 5486 ἀνταπόδομα,
1585 5415 1676 5484 ὀρ-

123 5511 274 5572 φανοῖς
303 5512 360 5563 οὐ
389 5513 689 5584 κρίνοντες,
719 5511 812 5564 καὶ
861 5508 1043 5582 κρίσιν
1071 5506 1256 5579 χηρῶν
1285 5507 1347 5559 οὐ
1379 5504 1674 5577 προσέχον-

177 5617 194 5647 ⁸
227 5623 315 5675 ,λιι
365 5639 463 5689 vlt,
500 5625 595 5678 52.

1852 5042 2014 5097 Vens.
2043 5041 2138 5096 25.
2179 5061 2197 5094 ι
2232 5041 2513 5111 Principes
2535 5041 2610 5095 tui
2639 5055 2744 5096 non
2779 5041 3184 5111 obtemperant,
3215 5039 3334 5098 soci

1775 5133 1974 5188 furum.
2005 5151 2027 5186 ι
2069 5134 2161 5188 Sic
2209 5133 2387 5188 vocati
2421 5149 2451 5187 ο
2502 5130 2799 5186 Servatore
2849 5147 2954 5185 non
3003 5132 3346 5199 obtempera-

1771 5224 2027 5279 bantzin
2065 5240 2297 5289 summa,
2355 5225 2463 5278 Deo
2515 5232 2839 5292 repugnant,
2895 5221 3232 5276 declinantes
3283 5219 3352 5272 ab

1772 5332 1858 5380 eo,
1890 5325 1946 5371 et
1973 5318 2025 5371 in
2054 5317 2344 5388 praeceptis
2370 5317 2488 5384 ejus
2517 5331 2619 5368 non
2657 5325 2964 5378 manentes,
3002 5332 3020 5364 ι
3059 5311 3345 5381 diligentes

1777 5423 2022 5470 munera,
2063 5407 2473 5462 retributionem
2523 5414 2933 5474 persequentes,
2983 5402 3190 5473 pupillo
3242 5416 3350 5456 non

1769 5499 2098 5569 judicantes,
2133 5507 2187 5551 et
2227 5511 2449 5550 causam
2499 5495 2670 5547 vidua:
2723 5507 2828 5548 non
2885 5495 3232 5548 attendentes
3270 5509 3283 5544 :
3328 5511 3346 5541 ν

180 5715 245 5778 (7)
283 5716 400 5774 Hm:
443 5715 718 5774 nonnullis
762 5717 984 5783 adjectis
1035 5712 1326 5773 manifeste
1372 5709 1652 5770 transtulit
1713 5705 2097 5779 Hieronymus,
2133 5705 2224 5778 qui
2276 5705 2349 5758 ait
2387 5723 2399 5760 :
2434 5702 2542 5759 Nec
2585 5703 2788 5774 ambigo
2828 5703 2994 5774 fuisse
3027 5705 3077 5759 in
3121 5721 3179 5758 ea
3220 5720 3344 5758 san-

126 5793 210 5839 ctos
239 5788 379 5856 ritas,
407 5800 459 5845 et
497 5801 721 5856 cwtera,
752 5802 870 5857 qua:
905 5786 978 5841 ibi
1007 5786 1230 5841 videsis.
