3850 6210
431 306 502 363 99
1109 303 1373 361 EUSEBII
1413 303 1898 361 CESARIENSIS
1939 304 2089 361 OPP.
2134 300 2310 359 PARS
2348 302 2437 360 Ill.
2491 303 2988 362 —EXEGETICA.

3595 315 3697 370 £00

430 433 553 473 cum
573 416 845 488 proditore
865 416 1000 490 Juda
1018 416 1231 473 iurante
1247 424 1654 484 concurrentes,
1674 415 1815 486 juris
1836 416 2003 488 atqui.

2118 432 2216 479 τες.
2243 434 2261 467 ι
2295 415 2390 487 ΖΓῷ
2412 410 2505 470 οὖν
2536 416 2768 490 προδότῃ
2783 418 2952 490 Ἰούδᾳ
2979 418 3260 475 κλέπτοντι
3281 424 3572 492 συνιόντες,
3596 430 3699 500 τὴν

432 519 597 564 tatem
630 508 787 564 donis
830 510 1250 565 venumdabant.

504 601 666 658 Vens.
697 603 768 658 24
798 603 930 659 -26,
986 623 1006 656 ι
1041 603 1331 675 Propterea
1398 605 1516 660 haec
1568 604 1701 661 dicit
1750 602 2009 658 Dominus
2081 655 2094 667 ,

432 693 694 773 Dominus
723 695 964 750 Sabaoth
997 715 1010 750 :
1040 695 1130 751 Vae
1159 697 1471 766 potentibus
1492 696 1657 751 Israel
1689 714 1705 752 :
1741 711 1854 750 non
1885 710 2005 749 ces-

433 787 580 841 sahit
621 787 763 841 enim
795 785 947 841 furor
980 801 1131 842 meus
1182 788 1236 842 in
1267 789 1622 854 adversariis,
1663 797 1717 842 et
1745 787 2006 857 judicium

434 876 500 931 de
528 878 773 931 hostibus
818 878 951 932 meis
980 876 1194 932 faciam.
1234 877 1301 931 Et
1328 877 1556 932 inferam
1588 891 1805 931 manum
1835 890 2010 929 meam

435 976 621 1022 contra
663 976 734 1033 te,
781 977 834 1023 et
866 967 1210 1024 inﬂammabu
1256 978 1307 1023 te
1355 969 1421 1022 ad
1479 984 1674 1038 purum
1707 984 1723 1022 :
1755 968 2008 1022 immori-

434 1074 594 1129 geros
640 1068 821 1112 autem
866 1061 1091 1127 perdam
1143 1069 1199 1115 et
1254 1060 1600 1115 consiliarios
1652 1068 1775 1115 tuos
1818 1057 2010 1114 sicuta

433 1152 722 1221 principio.
788 1170 807 1204 ι
844 1150 1204 1207 lnﬂammabo
1256 1160 1310 1206 te
1364 1152 1533 1222 igitur
1574 1150 1639 1205 ad
1686 1165 1904 1220 purum,
1956 1149 2010 1205 id

433 1251 538 1307 est,
589 1243 655 1297 ad
701 1243 1041 1312 purgandum
1081 1250 1136 1297 et
1181 1242 1602 1298 discernendum
1646 1242 1920 1312 improbos
1942 1242 2009 1296 ab

431 1333 675 1390 urbanis.
729 1334 911 1400 Quare
969 1333 1269 1388 secundum
1323 1332 1715 1404 Symmachum
1769 1332 2006 1388 dicitur:

437 1443 459 1480 ι
495 1426 563 1480 Et
593 1424 941 1480 inﬂammabo
971 1425 1037 1479 ad
1064 1440 1258 1495 purum
1287 1425 1517 1478 scoriam
1545 1433 1720 1490 tuam;
1762 1441 1780 1475 ι
1816 1438 2010 1478 secun-

432 1520 559 1575 dum
610 1518 860 1589 Aquilam
915 1533 1081 1573 vero:
1130 1535 1149 1568 ι
1199 1518 1266 1571 Et
1304 1514 1647 1571 inﬂammabo
1695 1514 1761 1570 ad
1818 1530 2010 1586 purum

438 1613 660 1665 acinum
709 1622 881 1663 tuum.
920 1628 939 1662 ι
991 1607 1455 1676 Quemadmodum
1504 1608 1648 1663 enim
1692 1607 1787 1678 qui
1839 1623 1911 1662 ars
1957 1616 2012 1662 et

437 1701 646 1757 ferrum
674 1702 796 1771 igne
827 1710 1082 1772 purgant,
1114 1700 1347 1754 scoriam
1375 1698 1669 1768 abjiciunt,
1698 1709 1756 1754 et
1787 1699 1878 1768 qui
1909 1701 2008 1753 bo-

2111 505 2377 578 ὀρθότητα
2402 508 2496 560 τοῦ
2520 507 2728 560 δικαίου
2754 508 2945 581 δώροις
2967 511 3326 583 ἐπίπρασκον.

2188 617 2206 649 ι
2236 598 2336 652 Διά
2355 598 2513 651 τοῦτο
2543 599 2665 653 τάδε
2688 600 2837 669 λέγει
2859 602 3065 673 Κύριος
3096 603 3125 656 6
3147 604 3424 677 Δεσπότης
3442 605 3697 674 Σαϐαὼθ,

2112 689 2247 742 Οὐαὶ
2278 691 2329 743 οἰ
2372 690 2644 760 ἰσχύοντες
2690 691 2934 765 Ἰσραήλ·
2978 694 3039 747 ού
3086 694 3349 749 παύσεται
3382 697 3490 770 γάρ
3539 715 3644 769 μου
3670 701 3699 752 6

2113 781 2281 854 θυμὸς
2309 786 2366 837 ἐν
2390 788 2502 848 τοῖς
2529 786 2890 851 ὑπεναντίοις,
2925 788 3021 840 καὶ
3052 789 3231 860 κρίσιν
3255 790 3320 843 ἐκ
3348 789 3455 844 τῶν
3484 791 3698 863 ἐχθρῶν

2116 892 2217 945 μου
2256 877 2495 948 ποιήσω·
2534 877 2629 930 καὶ
2659 878 2845 945 ἐπάξω
2880 879 2979 951 τὴν
3019 881 3179 952 χεῖρά
3225 900 3325 953 μου
3362 883 3453 936 ἐπὶ
3487 885 3572 951 σὲ,
3604 885 3701 939 καὶ
3724 912 3743 931 ι

2114 962 2351 1035 πυρώσω
2402 982 2460 1018 σε
2494 968 2574 1030 εἰς
2603 966 2862 1040 καθαρὸν,
2894 970 3019 1033 τοὺς
3068 970 3126 1023 δὲ
3173 972 3535 1040 ἀπειθοῦντας
3591 977 3703 1032 ἀπ-

2111 1057 2302 1122 ολέσω,
2331 1059 2423 1112 καὶ
2456 1060 2582 1122 τοὺς
2627 1060 2960 1130 συμϐούλους
3004 1078 3095 1115 σου
3126 1062 3201 1128 ώς
3246 1065 3307 1118 τὸ
3335 1065 3427 1119 ἀπ’
3451 1067 3649 1137 ἀρχῆς.
3673 1083 3699 1120 ι

2113 1145 2360 1219 Πυρώσω
2398 1164 2456 1199 σε
2476 1142 2567 1201 οῦν
2600 1149 2679 1212 εἰς
2700 1149 2956 1219 καθαρὸν,
2983 1152 3277 1217 τουτέστιν,
3302 1155 3396 1208 ἐπὶ
3422 1155 3499 1225 τῷ
3530 1156 3703 1212 καθᾶρ-

2116 1254 2202 1309 ραι
2238 1238 2331 1290 καὶ
2359 1236 2631 1309 διακρῖναι
2692 1242 2817 1303 τοὺς
2855 1241 3089 1310 φαύλους
3148 1243 3256 1297 ἀπὸ
3285 1244 3395 1298 τῶν
3432 1247 3698 1303 ἀστείων.

2114 1328 2207 1381 Διὸ
2243 1329 2385 1383 κατά
2418 1329 2508 1383 τὸν
2544 1330 2839 1402 Σύμμαχον
2880 1333 3117 1405 εἴρηται·
3157 1354 3174 1386 ι
3200 1336 3308 1390 Kal
3338 1336 3574 1407 πυρώσω
3619 1341 3703 1406 είς

2113 1420 2350 1492 καθαρὸν
2376 1422 2472 1493 τὴν
2504 1423 2743 1495 σκωρίαν
2767 1441 2860 1477 σου
2880 1442 2893 1455 ⁸
2918 1445 2938 1478 ι
2978 1428 3119 1482 κατά
3141 1428 3197 1482 δὲ
3225 1429 3301 1500 (8)
3327 1430 3418 1484 τὸν
3446 1432 3700 1487 Ἀκύλαν

2117 1528 2137 1561 ι
2168 1512 2278 1565 Καὶ
2302 1510 2537 1583 πυρώσω
2567 1514 2647 1575 εἰς
2678 1513 2915 1585 καθαρὸν
2934 1514 2995 1568 τὸ
3019 1518 3350 1589 γιγαρτῶδές
3370 1536 3483 1574 σου.
3517 1541 3536 1573 ι
3572 1523 3704 1575 Ὠσ-

2113 1619 2217 1673 περ
2244 1601 2352 1673 γάρ
2381 1604 2430 1655 οἱ
2462 1602 2814 1675 καθαίροντες
2848 1605 2936 1658 διὰ
2969 1606 3062 1660 τοῦ
3100 1609 3271 1680 πυρὸς
3314 1610 3514 1680 χαλκὸν
3545 1612 3581 1684 ἢ
3618 1613 3702 1666 σί-

2113 1692 2297 1765 δηρον,
2328 1693 2426 1764 τὴν
2452 1695 2694 1765 σκωρίαν
2721 1695 3109 1764 ἀποϐάλλουσι,
3158 1701 3252 1754 καὶ
3284 1704 3331 1754 οί
3358 1704 3481 1766 τοὺς
3505 1702 3704 1776 βότρυς

433 1803 551 1849 trus
594 1794 768 1849 vinea:
819 1794 872 1846 in
931 1792 1293 1846 torcularibus
1348 1798 1624 1857 premunt,
1682 1791 1897 1844 acinum
1950 1800 2008 1845 et

2118 1786 2213 1856 τῆς
2243 1785 2487 1856 ἀμπέλου
2515 1786 2572 1839 ἐν
2592 1789 2712 1849 ταῖς
2743 1786 2923 1857 ληνοῖς
2945 1789 3240 1855 πιέζοντες,
3262 1791 3321 1845 τὸ
3343 1794 3702 1866 γιγαρτῶδεςν

431 1882 701 1955 superﬂua
721 1882 1053 1937 calcatarum
1083 1896 1310 1935 uvarum
1337 1879 1648 1949 expellunt;
1681 1881 1895 1946 eodem,
1926 1881 2007 1935 in-

433 1976 572 2046 quit,
603 1975 761 2029 modo
796 1985 851 2029 et
880 1990 979 2044 ego
1012 1972 1367 2028 inflammabo
1415 1971 1482 2027 ad
1528 1986 1725 2042 purum
1786 1973 2006 2027 acinum

436 2077 609 2121 tuum.

505 2157 672 2224 Ysas.
695 2160 787 2216 27.
818 2177 835 2210 ι
871 2158 937 2213 Et
960 2157 1215 2227 posthaec
1241 2157 1520 2213 vocaberis
1542 2158 1737 2214 civitas
1755 2158 2009 2228 justitize,

442 2248 763 2317 metropolis
801 2247 978 2302 fidelis
1008 2246 1139 2303 Sion
1174 2266 1190 2302 :
1224 2263 1347 2302 nam
1387 2264 1512 2304 cum
1539 2249 1744 2320 judicio
1776 2249 2009 2305 salvabi-

436 2349 523 2395 tur
556 2340 845 2411 captivitas
873 2341 1012 2410 ejus.
1047 2359 1067 2392 ι
1112 2340 1469 2396 Communem
1513 2342 1794 2397 civitatem
1826 2352 2010 2413 postea

430 2433 863 2489 constituendam
895 2432 1209 2501 alloquitur,
1254 2448 1421 2502 quam
1459 2433 1688 2502 justitiaa
1732 2435 2010 2490 civitatem

432 2535 613 2591 vocat,
648 2534 704 2580 et
733 2525 1076 2593 metropolim
1121 2523 1334 2579 fidelem
1386 2524 1541 2591 Sion,
1585 2527 1686 2596 piae
1735 2526 2012 2597 religionis

433 2614 740 2674 lnstitulum
780 2625 835 2671 et
856 2625 1057 2671 enatum
1104 2616 1205 2671 hoc
1255 2617 1478 2672 nomine
1528 2632 1822 2674 exornans.
1867 2618 2013 2673 Sane

432 2721 566 2764 vero
596 2707 690 2762 ille
717 2708 848 2762 olim
873 2708 1014 2776 apud
1039 2705 1258 2761 Judaeos
1290 2708 1511 2776 sapiens
1534 2708 1841 2775 exciderat;
1871 2724 2015 2764 nunc

433 2809 614 2855 autem
644 2800 697 2854 in
717 2799 973 2854 universa
999 2806 1143 2853 terra
1176 2814 1273 2869 per
1296 2799 1498 2855 Christi
1528 2800 1819 2855 Ecclesiam
1853 2799 2012 2870 erigi-

433 2901 541 2957 tur,
573 2892 825 2948 fundalus
855 2906 1018 2961 supra
1065 2902 1294 2960 petram.
1333 2891 1398 2946 lli
1442 2908 1570 2948 vero
1612 2902 1739 2947 sunt
1779 2894 2016 2963 pulchra:

429 2983 673 3041 civitatis
719 2982 996 3051 praesules,
1041 2982 1256 3052 judices
1301 2990 1357 3034 et
1400 2981 1716 3044 consiliarii,
1765 2981 1855 3051 qui
1902 2981 2013 3035 ini-

432 3076 572 3130 tium
614 3076 683 3129 ab
734 3073 995 3143 apostolis
1040 3081 1099 3128 et
1149 3072 1427 3143 discipulis
1481 3072 1786 3130 Salvatoris
1840 3072 2010 3129 nostri

436 3173 799 3235 acceperunt:
838 3180 905 3218 ex
943 3178 1129 3219 eorum
1162 3178 1293 3218 vero
1325 3167 1671 3221 successione
1690 3165 2010 3231 etianmum,

435 3257 589 3326 quasi
606 3270 671 3311 ex
698 3257 839 3311 bono
854 3257 1062 3312 semine
1088 3256 1194 3311 orti
1220 3258 1590 3328 resplendent,
1625 3258 1720 3314 Dei
1753 3258 2011 3313 Ecclesia:

434 3346 692 3416 praesides
725 3347 1030 3401 constituti.
1069 3347 1284 3402 Etenim
1330 3348 1422 3418 qui
1457 3348 1599 3419 apud
1634 3350 1799 3404 Deum
1835 3349 2011 3405 salute

435 3439 579 3508 digni
609 3438 830 3506 judicati
859 3438 1078 3503 fuerint,
1114 3439 1173 3506 ii,
1211 3441 1412 3509 inquit,
1449 3441 1551 3495 soli
1591 3440 1860 3510 promissa
1883 3457 2010 3496 con-

434 3541 772 3599 sequentur:
811 3531 937 3585 dum
977 3530 1146 3585 Judaei
1174 3530 1380 3586 frustra
1424 3532 1797 3604 imaginantur
1842 3536 2008 3588 totius

434 3623 611 3691 gentis
639 3636 755 3676 sua:
776 3622 1195 3677 conversionem
1228 3620 1365 3677 fore.
1394 3621 1794 3679 Liberationem
1830 3633 2007 3677 autem

436 3726 467 3764 a
506 3713 819 3779 captivitate
870 3713 1276 3782 intelligendum
1329 3723 1408 3769 est
1474 3730 1591 3769 esse
1655 3715 2007 3769 mutationem

435 3805 740 3857 animarum
795 3805 863 3859 ab
904 3820 1087 3860 errore
1146 3806 1210 3861 ad
1243 3820 1427 3859 veram
1470 3805 1564 3860 Dei
1593 3806 1955 3876 cognitionem
1992 3826 2005 3860 :

436 3911 599 3964 quam
654 3894 903 3950 Salvator
952 3896 1274 3963 declaravit,
1310 3912 1452 3962 cum,
1498 3907 1721 3967 accepto
1757 3898 1810 3951 in
1849 3912 2009 3967 syna-

437 4000 570 4057 goga
619 3985 826 4040 llesaiae
866 3986 1027 4053 libro,
1081 3989 1329 4058 lectaque
1375 3986 1620 4043 clausula
1661 4003 1730 4043 ex
1777 4003 2006 4059 persona

436 4085 554 4155 ejus
587 4085 702 4139 haec
728 4082 1047 4147 dicente’.;¢
1096 4085 1334 4155 Spiritus
1364 4087 1577 4142 Domini
1606 4102 1773 4157 super
1805 4104 1908 4153 me,
1942 4102 2008 4143 eo

437 4174 582 4244 quod
633 4174 847 4229 unxerit
901 4189 1021 4241 me,
1063 4176 1441 4247 evangelizare
1491 4179 1815 4247 pauperibus
1858 4179 2007 4233 misit

439 4277 545 4329 me,
580 4283 597 4313 ι
635 4273 753 4319 etc.
786 4303 803 4329 ,
844 4263 1105 4333 replicato
1151 4265 1292 4321 libro
1347 4265 1531 4319 intulit
1563 4282 1579 4321 :
1608 4283 1629 4317 ι
1670 4265 1839 4321 Hodie
1893 4268 2008 4321 haec

440 4352 719 4423 Scriptura
753 4352 973 4423 impleta
1017 4362 1101 4411 est
1152 4356 1206 4409 in
1251 4357 1473 4411 auribus
1506 4356 1720 4423 vestris,
1754 4376 1773 4410 ι
1809 4358 2007 4414 docens

438 4457 498 4497 se
522 4445 920 4513 redemptorem
956 4447 1313 4501 humanarum
1351 4448 1658 4502 animarum
1683 4462 1822 4503 esse.

510 4707 673 4763 Vens.
707 4708 795 4763 28.
835 4728 853 4761 ι
890 4709 957 4765 Ει
985 4719 1339 4766 conterentur
1374 4713 1579 4783 iniqui,
1611 4724 1665 4769 et
1692 4724 2007 4783 peccatores

2116 1878 2211 1930 καὶ
2243 1876 2311 1930 τά
2340 1876 2575 1949 περισσά
2626 1876 2734 1931 τῶν
2755 1879 3169 1951 ἐκπατηθέντων
3205 1882 3444 1955 βοτρύων
3472 1883 3705 1958 ἀπορῤΓ

2110 1986 2327 2033 πτουσι,
2357 1968 2448 2021 τὸν
2510 1968 2670 2024 αὐτὸν
2702 1971 2902 2041 τρόπον
2931 1970 3104 2041 κάγὼ,
3145 1974 3298 2044 φησὶ,
3343 1974 3582 2046 πυρώσω
3620 1977 3705 2041 είς

2107 2058 2349 2131 καθαρὸν
2380 2060 2441 2113 τὸ
2472 2060 2807 2131 γιγαρτῶδές
2837 2078 2950 2118 σου.

2187 2169 2205 2201 ι
2229 2150 2339 2203 Kal.
2374 2150 2513 2220 μετά
2540 2149 2714 2204 ταῦτα
2739 2150 2989 2226 κληθήσῃ
3022 2153 3172 2218 πόλις
3197 2153 3560 2227 δικαιοσύνης,
3599 2174 3709 2228 μη-

2109 2241 2361 2314 τρόπολις
2394 2242 2558 2314 πιστὴ
2588 2242 2753 2297 Σιών·
2800 2245 2937 2315 μετὰ
2969 2245 3077 2318 γὰρ
3109 2247 3374 2319 κρίματος
3402 2247 3708 2321 σωθήσεται

2112 2336 2145 2405 ή
2177 2333 2520 2405 αἰχμαλωσία
2553 2336 2744 2406 αὐτῆς.
2769 2353 2788 2386 ι
2818 2335 2895 2406 Τῇ
2940 2337 3079 2408 μετά
3111 2336 3285 2393 ταῦτα
3324 2340 3709 2413 συστησομένῃ

2112 2429 2262 2499 κοινῇ
2298 2427 2471 2494 πόλει,
2503 2426 2570 2498 ἥν
2592 2444 2712 2481 τινα
2741 2427 2838 2480 καὶ
2870 2428 3024 2482 πόλιν
3049 2427 3393 2500 δικαιοσύνης
3426 2429 3703 2501 ὀνομάζει,

2114 2520 2205 2573 καὶ
2236 2520 2563 2591 μητρόπολιν
2598 2520 2793 2590 πιστὴν
2823 2518 2985 2585 Σιὼν,
3018 2521 3161 2575 οὕτω
3188 2521 3499 2595 προσειπὼν
3526 2523 3590 2575 τὸ
3610 2523 3709 2577 σύ-

2114 2627 2294 2682 στημα
2334 2609 2429 2663 τοῦ
2473 2608 2754 2681 θεοφιλοῦς
2810 2612 3224 2683 πολιτεύματος.
3273 2614 3330 2666 '0
3386 2612 3553 2667 πάλαι
3603 2613 3709 2684 μὲν

2114 2704 2330 2765 συνετὸς
2376 2700 2527 2773 παρὰ
2570 2702 2844 2767 Ἰουδαίοις
2920 2703 3313 2758 διεπεπτώκει’
3360 2705 3454 2759 νῦν
3488 2706 3546 2759 δὲ
3580 2706 3706 2759 καθ’

2113 2795 2238 2865 ὅλης
2260 2795 2358 2865 τῆς
2389 2794 2715 2865 οἰκουμένης
2737 2794 2824 2848 διὰ
2850 2795 2950 2867 τῆς
2972 2795 3063 2849 τοῦ
3096 2796 3331 2867 Χριστοῦ
3376 2796 3707 2868 Ἐκκλησίας

2114 2888 2408 2958 ἐγήγερται
2442 2884 2903 2958 τεθεμελιωμένος
2929 2887 3021 2939 ἐπὶ
3052 2888 3152 2960 τὴν
3187 2888 3413 2960 πέτραν.
3444 2888 3611 2941 Αὐτοὶ
3644 2888 3707 2943 δὲ

2113 2981 2213 3053 τῆς
2235 2979 2407 3050 καλῆς
2428 2979 2634 3043 πόλεως
2656 2981 2703 3033 οί
2727 2979 3089 3051 προεστῶτες,
3116 2982 3318 3053 κριταὶ,
3342 2982 3435 3034 καὶ
3463 2980 3525 3034 σύ
3534 2980 3710 3052 μϐου-

2114 3072 2217 3136 λοι,
2251 3071 2301 3125 οἳ
2333 3071 2506 3142 ἀρχὴν
2555 3070 2654 3141 μὲν
2688 3071 2794 3125 ἀπὸ
2823 3071 2930 3125 τῶν
2965 3072 3276 3128 ἀποστόλων
3313 3074 3406 3127 καὶ
3437 3072 3704 3143 μαθητῶν

2114 3165 2209 3219 τοῦ
2234 3165 2484 3236 Σωτῆρος
2509 3164 2668 3236 ἡμῶν
2692 3164 2974 3236 εἰλήφασιν
2994 3184 3007 3197 ·
3040 3168 3103 3220 ἐκ
3126 3168 3183 3221 δέ
3216 3168 3313 3238 τῆς
3337 3168 3557 3222 ἐκείνων
3586 3166 3710 3222 δια-

2114 3255 2276 3327 δοχῆς
2324 3256 2489 3309 εἰσέτι
2523 3256 2617 3309 καί
2649 3254 2763 3322 νῦν,
2794 3255 2981 3329 ὥσπερ
3031 3260 3095 3312 ἐκ
3148 3259 3461 3331 σπέρματος
3492 3259 3708 3330 ἀγαθοῦ

2115 3345 2309 3416 φύντες
2339 3346 2756 3419 διαλάμπουσιν,
2781 3349 3032 3421 πρόεδροι
3060 3350 3158 3421 τῆς
3187 3350 3281 3403 τοῦ
3313 3351 3447 3405 Θεοῦ
3476 3353 3710 3425 Ἐκκλη-

2117 3441 2238 3504 σίας
2271 3441 2632 3505 καθεστῶτες.
2681 3443 2743 3495 Οἱ
2771 3441 2880 3513 γάρ
2916 3444 3192 3515 σωτηρίας
3219 3443 3358 3509 ἄξιοι
3406 3444 3556 3515 παρὰ
3584 3443 3711 3515 Θεῷ

2114 3531 2410 3604 κριθέντες,
2429 3533 2579 3604 μόνοι
2595 3533 2895 3599 τεύξονται,
2917 3535 3071 3605 φησὶ,
3091 3539 3191 3606 τῆς
3220 3534 3573 3604 ἐπαγγελίας,
3593 3536 3710 3589 τῶν

2126 3622 2391 3677 Ἰουδαίων
2434 3626 2609 3695 μάτην
2652 3626 3069 3697 φανταζομὲνων
3104 3627 3434 3699 ἐπιστροφὴν
3485 3627 3710 3681 ἔσεσθαι

2112 3713 2205 3767 τοῦ
2232 3714 2431 3779 παντὸς
2453 3716 2633 3769 αὐτῶν
2657 3716 2861 3780 ἔθνους.
2890 3718 3281 3790 Αἰχμαλωσίας
3305 3719 3361 3772 δὲ
3390 3719 3709 3792 ἐλευθερίαν

2113 3804 2218 3876 χρὴ
2242 3809 2403 3871 νοεῖν,
2438 3807 2536 3879 τὴν
2568 3807 2676 3861 ἀπὸ
2701 3809 2802 3880 τῆς
2839 3810 3047 3881 πλάνης
3101 3812 3196 3864 ἐπὶ
3243 3811 3342 3882 τὴν
3395 3810 3571 3883 ἀληθῆ
3607 3813 3706 3867 τοῦ

2112 3896 2246 3949 Θεοῦ
2279 3898 2478 3965 γνῶσιν
2514 3901 2815 3972 μεταϐολὴν
2841 3902 2949 3957 τῶν
2973 3904 3158 3976 ψυχῶν
3183 3922 3196 3935 ·
3233 3906 3300 3976 ἢν
3327 3905 3419 3959 καὶ
3447 3906 3477 3958 6
3511 3906 3708 3980 Σωτὴρ

2112 3985 2371 4059 παρίστη,
2403 3990 2637 4060 ὁπηνίκα
2679 3995 2737 4047 ἐν
2765 3996 2828 4065 τῇ
2855 3999 3143 4068 συναγωγῇ
3178 3996 3356 4051 λαϐὼν
3382 4000 3480 4069 τὴν
3518 3996 3703 4069 βίϐλον

2110 4076 2204 4130 τοῦ
2244 4079 2487 4146 Ἡσαΐου,
2514 4083 2612 4154 τήν
2634 4100 2694 4136 τε
2717 4086 3020 4158 περικοπὴν
3043 4089 3305 4158 ἀναγνοὺς
3327 4088 3425 4161 τὴν
3448 4092 3514 4143 ἐκ
3537 4106 3705 4161 προσ-

2109 4170 2259 4226 ώπου
2302 4174 2466 4227 αὑτοῦ
2503 4176 2784 4245 φήσασαν·
2833 4198 2851 4230 ι
2877 4180 3100 4252 Πνεῦμα
3132 4184 3337 4255 Κυρίου
3375 4184 3463 4235 ἐπ’
3489 4182 3607 4255 ἐμὲ,
3640 4174 3705 4236 οὗ

2110 4264 2314 4318 εἵνεκεν
2340 4264 2524 4337 ἐχρισέ
2547 4284 2635 4338 με,
2661 4270 3112 4340 εὐαγγελίσασθαι
3139 4276 3375 4344 πτωχοῖς
3395 4275 3706 4328 ἀπέσταλκέ

2113 4373 2181 4426 με
2203 4373 2216 4386 ·
2250 4357 2485 4429 κηρύξαι
2515 4360 2886 4430 αἰχμαλώτοις
2919 4363 3113 4432 ἄφεσιν
3137 4382 3150 4395 ·
3180 4384 3199 4417 ι
3238 4366 3332 4420 καὶ
3362 4366 3571 4433 πτύξας
3601 4366 3706 4437 τὴν

2037 4481 2082 4535 D
2112 4449 2312 4520 βίϐλον,
2348 4448 2469 4506 εἷπε
2492 4470 2505 4483 ·
2544 4473 2565 4505 ι
2587 4456 2834 4528 Σήμερον
2874 4459 2908 4529 ἡ
2941 4459 3133 4531 Γραφὴ
3175 4459 3312 4532 αῦτη
3344 4460 3706 4533 πεπλήρωται

2110 4542 2168 4592 ἐν
2186 4545 2298 4605 τοῖς
2324 4542 2457 4597 ώσίν
2485 4543 2639 4615 ὑμῶν
2659 4562 2673 4575 ·
2704 4566 2722 4598 ι
2750 4547 3016 4602 διδάσκων
3044 4549 3127 4621 δὴ,
3154 4550 3228 4614 ὡς
3257 4551 3417 4615 αὐτὸς
3444 4552 3528 4622 εἴη
3556 4553 3584 4604 6
3605 4551 3704 4607 λυ-

2105 4635 2316 4704 τρωτὴς
2345 4637 2449 4689 τῶν
2481 4637 2839 4709 ἀνθρωπίνων
2860 4640 3069 4711 ψυχῶν.

2179 4745 2197 4779 ι
2226 4728 2335 4780 Καὶ
2370 4730 2814 4803 συντριϐήσονται
2845 4736 2893 4787 οἱ
2926 4735 3137 4804 ἄνομοι,
3169 4752 3262 4787 και
3290 4736 3338 4787 οἱ
3369 4735 3699 4806 ἁμαρτωλοὶ

438 4799 618 4868 simul,
642 4809 693 4855 et
714 4801 807 4870 qui
840 4802 1243 4873 dereliquerunt
1273 4804 1553 4859 Dominum
1579 4808 1954 4861 eonficientur.
1980 4827 1999 4860 ι

2118 4819 2237 4890 ἱμα,
2273 4822 2369 4875 καὶ
2400 4825 2446 4875 οἰ
2475 4799 2928 4892 ἐγκαταλιπόντες
2970 4799 3062 4879 τὸν
3091 4799 3296 4900 Κύριον
3345 4799 3703 4899 συντελεσθή-

440 4890 546 4946 Sed
580 4892 645 4948 de
680 4891 855 4947 medio
887 4894 1152 4949 tollendos
1180 4911 1301 4952 esse
1334 4898 1411 4951 ait
1440 4898 1692 4965 nequitia;
1727 4898 2001 4955 doctores.

438 4982 664 5049 Quinam
697 4999 826 5040 vero
854 4985 891 5040 ii
922 4996 1127 5052 essent,
1158 4986 1210 5041 in
1242 4987 1670 5057 pmcedentibus
1697 4989 2007 5044 declaratur

439 5075 523 5128 his
554 5076 768 5129 verbis:
807 5094 826 5130 ι
856 5076 947 5131 Vm
965 5078 1111 5149 genti
1145 5078 1434 5148 peccatrici
1491 5079 1686 5149 populo
1716 5078 1874 5150 pleno
1901 5081 2006 5134 ini-

436 5167 678 5233 quitatis.
718 5186 736 5218 ι
1936 5160 1939 5161 ν

511 5256 787 5313 νωλθ.
834 5277 853 5310 ι
896 5259 1030 5324 Quia
1084 5263 1484 5317 confundentur
1512 5279 1674 5333 super
1712 5264 1851 5319 idola
1880 5279 2002 5332 sua,

439 5362 558 5413 quae
605 5348 706 5419 ipsi
760 5351 1035 5418 volebant,
1075 5362 1130 5407 et
1163 5352 1567 5408 confundentur
1611 5370 1774 5424 super
1816 5355 2002 5410 hortos

439 5455 587 5505 suos,
621 5457 757 5510 quos
790 5445 1234 5512 concupiverunt.
1263 5467 1281 5499 ι
1315 5446 1581 5502 Caalerum
1610 5448 1830 5517 pudoris
1880 5463 2002 5502 sen-

508 5535 528 5564 ⁹
565 5535 696 5599 Luc,
733 5551 800 5603 tv,
843 5544 932 5605 18,
960 5538 1050 5593 2L

509 5653 590 5735 g8)
639 5649 767 5708 Haec
817 5648 1190 5722 interpretatio
1219 5694 1235 5724 ,
1302 5665 1438 5714 teste
1513 5656 1878 5730 Hieronymo,
1928 5670 2011 5719 est
2073 5662 2459 5735 Iheodotionis

436 5724 670 5779 videtur.

2109 4927 2312 4968 σονται.
2348 4931 2367 4964 ›
2416 4913 2554 4967 Ἀλλ’
2586 4916 2829 4969 ἐκποδὼν
2876 4915 3122 4985 γίνεσθαι
3148 4917 3274 4981 τοὺς
3302 4917 3401 4987 τῆς
3430 4917 3703 4989 πονηρίας

2106 5003 2480 5070 διδασκάλους.
2511 5006 2666 5072 Τίνες
2718 5008 2775 5061 δὲ
2808 5003 2948 5079 ἦσαν
2990 5003 3153 5070 οὗτοι,
3202 5007 3440 5074 ἐδίδαξεν
3481 5007 3511 5060 6
3541 5007 3701 5077 λόγος

2107 5093 2195 5147 διὰ
2220 5094 2329 5148 τῶν
2361 5096 2688 5168 ἔμπροσθεν,
2720 5098 2888 5153 εἰπών
2908 5116 2921 5129 ο
2961 5120 2979 5151 ι
3003 5100 3138 5153 Οὐαὶ
3168 5100 3318 5164 ἔθνος
3337 5100 3697 5171 ἀμαρτωλόν’

2106 5183 2233 5249 λαὸς
2262 5172 2474 5259 πλήρης
2502 5185 2748 5259 ἀνομίας.
2776 5207 2794 5239 ι

2182 5298 2202 5329 ι
2227 5280 2372 5333 Διότι
2399 5280 2948 5352 καταισχυνθήσονται
2982 5282 3075 5334 ἐπὶ
3096 5285 3208 5344 τοῖς
3235 5279 3474 5345 εἰδώλοις
3489 5279 3697 5344 αὐτῶν,

2106 5371 2144 5424 ἀ
2180 5372 2331 5424 αύτοί⁵
2361 5371 2674 5441 ἠϐούλοντο,
2732 5373 2826 5426 καὶ
2872 5373 3392 5444 ἐπαισχυνθήσονται
3442 5373 3537 5425 ἐπὶ⁵
3584 5375 3700 5436 τοῖς

2110 5461 2305 5531 κήποις
2357 5462 2556 5530 αὐτῶν,
2589 5461 2625 5515 ἃ
2650 5460 3026 5535 ἐπεθύμησαν.
3056 5484 3073 5514 ι
3130 5463 3274 5535 Πλὴν
3310 5465 3402 5516 ἐπὶ
3448 5466 3563 5526 τοῖς
3612 5463 3699 5516 αἰ-

2506 5687 2521 5740 ;
2575 5684 2743 5740 quare
2791 5670 3031 5759 {Aquilae
3102 5686 3297 5730 nomen
3382 5673 3682 5746 irrepsisse
