3850 6210
150 324 252 379 σοι

1143 328 1647 387 COMMENTARIA
1692 332 1759 387 IN
1798 332 2050 390 ISAIAM.
2090 364 2151 376 -
2193 335 2345 391 CAP.
2385 336 2451 393 11.

3339 348 3440 404 102

152 445 346 514 σχρσὶς
376 444 610 515 αἰσχύνη
640 446 704 498 ἐκ
739 447 1146 519 συναισθήσεως
1184 451 1368 513 αὐτοῖς
1398 451 1708 522 ἐγγενομένη

1863 467 1977 517 sus,
2012 467 2170 523 quem
2205 453 2272 510 de
2295 454 2453 511 {tedis
2482 455 2598 511 suis
2625 458 2793 525 gestis
2816 462 3128 532 percepturi
3161 474 3306 535 sunt,
3332 467 3438 523 im-

142 536 256 607 τῆς
297 537 664 609 ἀναισχύντου
693 540 789 594 καὶ
818 540 1067 605 ἀναιδοῦς
1120 544 1497 615 προαιρέσεως
1528 544 1708 616 μετα6‹

1855 545 2077 614 pudenti
2093 556 2150 602 et
2167 548 2537 605 inverecunda
2558 553 2749 606 eorum
2773 555 3055 623 proposito
3079 567 3437 615 mutationem

148 627 254 703 λὴν
276 630 467 694 αυτοῖς
494 630 723 702 ἔμελλεν
745 634 1087 705 ἐμποιήσειν.

225 740 246 773 ι
260 723 520 776 Ἔσονται
540 724 649 797 γὰρ
664 724 741 788 ὡς
765 724 1076 797 τερέϐινθος
1096 727 1505 801 ἀποϐεϐληκυῖα
1534 731 1603 786 τὰ
1628 732 1753 803 φύλ-

146 813 234 877 λα,
271 815 372 869 καὶ
406 816 486 880 ὡς
515 816 846 888 παράδεισος
890 816 1034 890 ὕδωρ
1068 819 1143 890 μὴ
1199 820 1369 891 ἔχων·
1396 842 1414 873 ι
1478 825 1526 877 οἱ
1581 825 1750 880 πάλαι

143 906 302 970 ὖντες
330 906 595 977 ἀμπελὼν
633 909 843 980 Κυρίου
881 909 1129 977 Σαϐαὼθ,
1176 913 1272 966 καὶ
1304 914 1459 967 ἐλαία
1510 914 1745 981 εύσκιος.

144 999 211 1052 El
242 999 380 1068 γοῦν
398 1017 487 1064 τις
517 1000 777 1054 θεάσαιτο
800 1001 899 1065 τὰς
920 1004 1049 1074 παρ’
1075 1003 1259 1069 αὐτοῖς
1279 1005 1388 1059 τῶν
1419 1006 1581 1061 θείων
1608 1010 1748 1082 Γρα-

142 1090 265 1161 φῶν
296 1093 654 1163 ἐπαγγελίας,
702 1094 945 1166 νομικῶν
977 1112 1036 1149 τε
1070 1097 1163 1150 καὶ
1195 1100 1552 1170 προφητικῶν
1600 1103 1744 1175 Γρα-

142 1183 265 1254 φῶν
300 1186 659 1255 ἀναγνώσεις,
693 1186 891 1257 βίϐλων
921 1205 980 1241 τε
1026 1189 1312 1262 ἱστορικῶν
1346 1193 1440 1246 καὶ
1471 1195 1745 1267 στιχηρῶν

140 1276 328 1346 λόγον,
359 1279 639 1351 ὑμνῳδίας
668 1297 728 1334 τε
753 1281 1009 1352 τρόπους,
1043 1284 1137 1336 καὶ
1168 1283 1520 1356 ψαλμῳδίας’
1557 1286 1743 1358 ὄψεται

138 1369 482 1438 παράδεισον
505 1369 744 1443 ἀληθῶς,
794 1373 888 1426 καὶ
917 1371 1160 1444 λειμῶνα
1188 1376 1460 1433 παντοίων
1499 1379 1738 1449 ἀγαθῶν.

136 1457 202 1511 Ei
228 1459 289 1512 δὲ
324 1459 581 1531 ζητήσειε
629 1463 762 1533 παρ’
793 1463 973 1528 αὐτοῖς
1000 1464 1093 1519 τὸν
1132 1464 1374 1538 ἔμψυχον
1400 1468 1495 1523 καὶ
1520 1470 1741 1542 γόνιμον

134 1552 233 1604 καὶ
262 1550 448 1615 ζῶντα
479 1553 674 1621 Λόγον,
703 1550 766 1607 οἶ)
790 1556 820 1608 ό
847 1554 1015 1610 πίνων
1043 1558 1225 1630 πηγὴν
1253 1559 1364 1626 ἐξει
1390 1558 1581 1623 ὕδατος
1606 1561 1740 1627 ζῶν-

130 1658 226 1707 τος
251 1644 554 1715 ἁλλομένου
587 1647 670 1709 εἰς
697 1644 841 1718 ζωὴν
867 1646 1083 1703 αἰώνιον
1106 1667 1119 1680 -
1145 1650 1244 1704 οὐκ
1274 1651 1341 1705 ἂν
1360 1652 1532 1723 ε’ύροι.

205 1926 227 1959 ι
254 1908 373 1962 Καὶ
402 1907 558 1963 ἔσται
589 1913 624 1982 ή
661 1912 1022 1985 ίσχὺςζαύτῶν
1048 1917 1128 1989 ᾡς
1161 1917 1383 1990 καλάμη
1407 1923 1729 1989 στυππείου,

127 1999 225 2053 καὶ
272 2001 334 2053 al
373 2001 634 2073 ἐργασίαι
669 2004 850 2060 αὐτῶν
874 2007 950 2071 ὡς
980 2009 1174 2067 σπινθί
1185 2027 1276 2082 ρες
1300 2028 1314 2042 ’
1339 2011 1434 2066 καὶ
1460 2030 1733 2068 κατακαυ-

123 2091 394 2161 θήσονται
416 2095 467 2147 oi
499 2095 713 2168 ἄνομοι,
745 2098 840 2152 καὶ
867 2100 916 2153 oi
938 2101 1257 2174 ἁμαρτωλοὶ
1306 2092 1424 2177 ἅμα
1448 2122 1461 2137 ’
1503 2108 1599 2162 καὶ
1631 2110 1731 2163 οὐκ

124 2177 284 2232 ἔσται
312 2182 345 2233 ὀ
372 2180 601 2235 σϐἐσων.
627 2202 646 2235 ι
683 2184 758 2237 Οὐ
790 2184 957 2249 σίτου,
982 2188 1103 2241 οὐδέ
1133 2206 1276 2253 τινος
1302 2192 1492 2264 ἐτέρου
1525 2193 1633 2248 τῶν
1663 2196 1729 2248 ἀ-

123 2272 411 2340 ναγκαίων
435 2272 681 2346 καλάμη,
708 2275 799 2329 διὰ
830 2277 888 2330 τὸ
906 2278 1219 2352 ἀφῃρῆσθαι
1240 2283 1337 2336 ἀπ’
1368 2282 1548 2337 αὐτῶν
1577 2286 1729 2357 ἰσχύ-

123 2379 255 2416 οντα
283 2364 382 2417 καὶ
420 2365 732 2435 ἰσχύουσαν,
790 2367 884 2422 καὶ
930 2372 1084 2441 ἰσχὺν
1110 2372 1299 2443 ἄρτου,
1354 2374 1448 2428 καὶ
1477 2375 1550 2429 τά
1577 2376 1724 2447 eam.

120 2454 217 2506 Διὸ
238 2454 367 2507 οὐδὲ
418 2455 674 2511 δύνανται
717 2457 898 2527 λέγειν
940 2465 1055 2525 τοῖς
1095 2463 1333 2534 Χριστοῦ
1378 2467 1647 2540 μαθηταῖς
1674 2471 1729 2523 ὀ-

125 2545 300 2613 μοίως
323 2562 338 2576 ³
389 2569 411 2597 ι
435 2547 624 2604 Πάντα
658 2550 916 2622 ίσχύομεν
941 2554 1000 2606 ἐν
1044 2553 1122 2625 τῷ
1152 2556 1541 2629 ἐνδυναμοῦντι
1581 2561 1728 2631 ἡμᾶς

121 2637 272 2709 Θεῷ·
299 2658 322 2691 ι
354 2642 475 2707 καὶ,
513 2660 532 2693 ι
551 2643 648 2706 Τίς
693 2646 843 2715 ἡμᾶς
864 2648 1087 2719 χωρίσει
1123 2650 1232 2703 ἀπὸ
1257 2652 1356 2723 τῆς
1383 2654 1606 2727 ἀγάπης
1629 2655 1725 2709 τοῦ

120 2731 405 2804 Χριστοῦς
438 2733 676 2807 θλίψιςῆ
712 2742 1077 2813 στενοχωρία;
1107 2762 1126 2793 ι
1160 2744 1255 2797 καὶ
1281 2744 1351 2799 τά
1384 2745 1533 2816 ἐξῆς.
1568 2749 1726 2802 υῦτω

117 2823 173 2877 δὲ
196 2825 429 2895 γέγονεν
458 2826 637 2882 αὐτῶν
686 2830 720 2901 ἡ
754 2833 905 2902 ἰσχὺς
937 2833 1013 2897 ὡς
1037 2834 1258 2907 καλάμη
1296 2840 1618 2907 στυππείου,
1649 2842 1726 2907 ὡς

123 2920 200 2991 μὴ
253 2922 423 2992 μόνον
453 2921 717 2977 ἀπολέσαι
749 2927 849 2995 τὴν
897 2926 1236 3000 ἐλευθερίαν,
1282 2924 1402 3004 ἐνῇ
1459 2933 1723 3006 πρότερον

120 3013 362 3083 ἐκόμων,
415 3014 711 3087 αὐτονομίᾳ
755 3017 850 3071 καὶ
907 3018 1152 3092 βασιλείᾳ
1203 3022 1378 3094 οἰκείᾳ
1426 3023 1721 3095 χρώμενοι,

1856 634 2066 690 afferet.

1924 727 2087 783 Vens.
2117 729 2207 787 50.
2243 747 2263 783 ι
2288 730 2458 786 Erunt
2486 733 2629 788 enim
2662 734 2803 790 sicut
2838 737 3173 794 terebinthus
3197 739 3435 798 deﬂuen-

1853 818 1998 875 tibus
2055 819 2217 890 foliis,
2275 832 2331 877 et
2394 826 2534 881 sicut
2574 828 2862 895 paradisus
2902 830 3020 884 sine
3052 846 3191 901 aqua
3226 852 3240 888 :
3280 854 3299 887 ι
3340 838 3432 906 qui

1850 909 1982 964 olim
2006 922 2165 966 erant
2190 914 2350 969 vinea
2375 915 2590 972 Domini
2620 918 2883 983 Sabaoth,
2906 930 2962 975 et
2989 922 3129 978 oliva
3155 927 3430 984 umbrosa.

1851 999 1911 1055 Si
1946 1002 2071 1071 quis
2101 1004 2247 1059 enim
2282 1009 2585 1075 respexerit
2606 1010 2672 1064 ad
2701 1013 2971 1081 promissa
2998 1030 3119 1084 quae
3157 1016 3210 1070 in
3236 1018 3433 1077 divinis

1850 1090 2150 1163 Scripturis
2174 1110 2340 1165 penes
2367 1098 2486 1155 illos
2508 1101 2805 1171 habentur,
2838 1106 2906 1159 ad
2948 1104 3196 1177 legalium
3226 1119 3282 1164 et
3301 1126 3430 1181 pro-

1845 1183 2188 1252 pheticarum
2239 1185 2657 1260 Scripturar'um
2705 1193 3005 1263 lectiones,
3052 1198 3117 1253 ad
3167 1200 3428 1259 librorum

1848 1285 1958 1330 tam
2008 1277 2414 1345 historicorum,
2455 1297 2618 1352 quam
2663 1288 3014 1343 metricorum
3066 1301 3415 1361 concentum,

1843 1365 2033 1421 modos
2056 1376 2110 1422 et
2132 1369 2491 1437 psalmodias,
2520 1374 2568 1429 is
2594 1390 2723 1432 vere
2752 1380 3085 1446 paradisum,
3118 1391 3173 1437 et
3199 1396 3417 1452 pratum

1842 1455 2000 1546 bonis
2025 1458 2280 1516 omnibus
2323 1462 2589 1531 repletum
2624 1467 2825 1523 videat.
2856 1471 3012 1536 Quod
3042 1473 3090 1527 si
3120 1477 3243 1542 quis
3271 1476 3414 1546 apud

1839 1543 1961 1600 illos
1980 1546 2303 1614 animatum,
2330 1550 2508 1608 fertile
2537 1568 2604 1609 ac
2633 1556 2827 1611 vivens
2853 1559 3091 1615 Verbum
3123 1543 3421 1633 quasierit,

1839 1650 1904 1693 ex
1960 1654 2069 1710 quo
2124 1642 2373 1712 quisquis
2425 1646 2670 1715 biberit,
2731 1650 2955 1707 habebit
3009 1652 3216 1711 fontem
3267 1672 3423 1727 aqua

1840 1730 2006 1796 vivae,
2039 1730 2289 1790 salientis
2340 1736 2394 1790 in
2441 1738 2611 1794 vitam
2651 1750 2946 1812 aeternam;
2984 1747 3301 1818 neutiquam
3332 1750 3420 1806 in-

1769 1803 1814 1859 Β
1841 1822 2044 1878 veniat.

1904 1912 2073 1971 Vens.
2096 1916 2189 1975 51.
2220 1936 2243 1973 ι
2275 1919 2342 1976 Et
2376 1920 2483 1977 erit
2523 1920 2787 1980 fortitudo
2811 1925 3029 1981 illorum
3068 1936 3130 1984 ut
3174 1929 3421 1988 calamus

1832 2015 2045 2079 stuppa:
2073 2021 2128 2066 et
2152 2025 2291 2081 opus
2315 2028 2505 2069 eorum
2535 2024 2593 2069 ut
2622 2017 2873 2073 scintilla;
2895 2035 2910 2073 :
2936 2028 2993 2073 et
3024 2021 3418 2078 comburentur

1832 2097 2006 2168 iniqui
2051 2110 2108 2156 et
2153 2114 2467 2173 peccatores
2504 2106 2687 2173 simul,
2728 2117 2783 2163 et
2810 2124 2920 2165 non
2951 2112 3057 2167 erit
3073 2113 3165 2183 qui
3205 2114 3415 2170 exstin-

1831 2200 1979 2261 guat.
2020 2210 2040 2244 ι
2068 2192 2185 2249 Νοη
2228 2193 2523 2264 frumenti,
2562 2206 2659 2253 aut
2706 2199 2933 2260 alterius
2982 2202 3283 2273 cujuspiam
3318 2220 3414 2261 ne-

1831 2284 2091 2340 cessaria:
2144 2286 2246 2352 rei,
2303 2286 2590 2353 calamus,
2631 2288 2760 2358 quia
2814 2291 3029 2348 ablatus
3075 2303 3162 2350 est
3199 2296 3267 2351 ab
3303 2295 3414 2352 illis

1830 2373 2092 2433 robustus
2114 2387 2170 2432 et
2209 2378 2457 2443 robusta,
2499 2380 2666 2434 robur
2718 2382 2894 2450 panis,
2925 2392 3028 2438 etc.
3069 2383 3196 2441 Ideo
3233 2387 3414 2442 dicere

1828 2470 2353 2539 nequeuntperinde
2386 2479 2551 2541 atque
2580 2471 2785 2528 Christi
2826 2474 3081 2546 discipuli
3110 2498 3122 2532 :
3156 2495 3175 2530 ι
3214 2476 3410 2533 Omnia

1826 2574 2116 2630 possumus
2166 2560 2220 2615 in
2256 2575 2341 2626 eo,
2396 2562 2490 2631 qui
2536 2577 2635 2618 nos
2672 2564 2943 2620 confortat
2994 2567 3104 2622 Deo
3140 2568 3223 2633 ‘°;
3260 2586 3279 2620 ι
3308 2566 3406 2623 et:

1833 2669 1853 2703 ο
1884 2651 2018 2718 Quis
2050 2666 2150 2707 nos
2182 2653 2457 2723 separabit
2478 2669 2508 2708 a
2545 2654 2814 2711 charitale
2834 2656 3084 2714 Christi?
3112 2660 3408 2729 tribulatio,

1827 2757 1894 2796 an
1931 2742 2181 2814 angustia
2228 2743 2326 2796 “7
2367 2765 2389 2796 ι
2437 2752 2492 2799 et
2539 2752 2758 2800 extera.
2808 2746 2883 2801 ita
2936 2762 3100 2817 porro
3148 2748 3412 2806 fortitudo

1826 2849 2013 2890 eorum
2049 2842 2110 2888 ut
2149 2834 2395 2890 calamus
2418 2845 2626 2905 stuppae
2664 2836 2805 2891 facta
2845 2847 2968 2903 est;
3018 2848 3076 2894 ut
3107 2854 3212 2895 non
3241 2841 3402 2897 modo

1826 2923 2163 2991 libertatem,
2192 2940 2296 2994 qua
2346 2925 2498 2995 prius
2521 2928 2880 2999 propriojure
2905 2945 2969 2986 ac
2999 2946 3171 3001 regno
3194 2943 3409 2989 utentes

1822 3015 2106 3080 ﬂorebant,
2134 3017 2489 3083 amitterent,
2522 3020 2617 3073 sed
2646 3019 2808 3074 etiam
2838 3021 3119 3091 quibusvis
3148 3022 3407 3081 Romanis

120 3105 260 3159 ἀλλά
285 3106 387 3159 καὶ
421 3108 536 3171 τοῖς
557 3105 784 3178 τυχοῦσι
826 3106 1111 3180 Ῥωμαίων
1142 3111 1501 3183 στρατιώταις
1526 3115 1708 3186 ἀνδρά·

1829 3105 2088 3161 militibus
2115 3108 2409 3164 servirent.
2433 3106 2634 3162 Eorum
2658 3110 2858 3180 quippe
2878 3125 3043 3181 opera
3069 3112 3209 3183 ignis
3236 3129 3403 3169 causa

120 3213 173 3249 σι
205 3197 502 3252 δουλεύειν.
536 3200 647 3253 Καὶ
670 3199 852 3254 αὐτῶν
878 3200 987 3271 γὰρ
1011 3203 1066 3255 al
1093 3204 1343 3272 ἐργασίαι
1373 3206 1504 3278 πυρὶ
1529 3208 1719 3272 αἴτιαι,

119 3288 217 3341 ita
254 3289 321 3342 ού
352 3291 558 3361 χρυσὸν
575 3291 697 3344 οὐδὲ
733 3291 972 3364 ἄργυρον
1005 3293 1127 3346 οὐδὲ
1159 3293 1339 3359 λίθους
1371 3297 1607 3367 τιμίους,
1635 3297 1725 3363 ξύ-

117 3379 207 3433 λον
250 3381 308 3434 δὲ
342 3383 506 3451 μόνον
547 3383 641 3437 καὶ
674 3382 929 3455 καλάμην
960 3385 1408 3457 οίκοδομούντων.
1462 3389 1627 3460 Ὁρᾷς
1668 3391 1724 3443 ὄ-

121 3489 236 3535 πως
280 3473 631 3545 πυρπόλησιν
678 3475 778 3528 καὶ
827 3477 1155 3548 ἐμπρησμὸν
1201 3478 1419 3533 ἀπειλεῖ
1468 3480 1651 3545 αὐτοῖς
1694 3483 1723 3534 ό

118 3563 319 3633 λόγος*
374 3565 470 3618 καὶ
506 3565 667 3619 τοῦτο
695 3565 849 3630 τέλος
905 3568 1004 3639 τῆς
1055 3569 1335 3639 παρούσης
1386 3571 1509 3624 κατ’
1540 3571 1720 3626 αὐτῶν

118 3657 492 3728 προφητείας
518 3658 547 3711 ὃ
582 3658 648 3731 δὴ
681 3659 777 3713 καὶ
800 3660 1143 3732 παραχρῆμα
1169 3661 1307 3733 πρὸς
1337 3662 1480 3727 λέξιν
1514 3663 1715 3734 ἀπέϐη,

118 3748 215 3800 καὶ
245 3749 351 3801 οὐκ
389 3750 473 3812 εἰς
511 3748 730 3821 μακρὰν
763 3750 903 3821 μετὰ
930 3751 1029 3822 τὴν
1058 3750 1199 3805 κατά
1245 3751 1340 3805 τοῦ
1374 3752 1627 3824 Σωτῆρος
1653 3755 1717 3824 ήο

120 3837 238 3908 μῶν
264 3838 474 3910 τόλμαν
497 3839 940 3913 πυρποληθείσης
966 3842 1150 3906 αὐτοῖς
1181 3842 1282 3912 τῆς
1306 3844 1711 3916 μητροπόλεως,

114 3931 227 3983 τῶν
258 3948 323 3984 τε
371 3932 432 3983 ἐν
467 3932 604 4004 αὐτῇ
648 3932 863 3987 ἀσεϐῶν
903 3936 969 3989 ἐκ
995 3934 1103 3990 τῶν
1136 3935 1349 3993 οἰκείων
1398 3937 1713 4011 σπινθήρων

114 4023 178 4075 τὺ
205 4023 475 4077 ἄσϐεστον
503 4024 615 4097 πῦρ
660 4026 724 4079 τὸ
755 4026 990 4090 αἰώνιον,
1028 4028 1124 4081 καὶ
1150 4027 1248 4097 τὴν
1274 4030 1340 4082 ἐκ
1377 4028 1513 4083 Θεοῦ
1545 4030 1712 4102 ὀργὴν

113 4117 175 4168 ἐν
193 4116 386 4188 ἡμέρα
405 4117 575 4187 ὀργῆς
606 4118 789 4183 αὐτοῖς
808 4122 1276 4193 ταμιευσαμένων.

669 4209 1064 4263 ΚΕΦΑΛΑΙΟΝ
1100 4211 1176 4266 Β’.

186 4317 208 4349 ί
231 4298 294 4351 '0
319 4297 480 4367 λόγος
505 4300 535 4351 ό
565 4299 856 4370 γενόμενος
889 4303 1039 4373 παρὰ
1071 4301 1277 4375 Κυρίου
1306 4304 1443 4376 πρὸς
1481 4304 1709 4361 Ἠσαίαν

111 4390 229 4443 υἱὸν
258 4389 444 4461 ’Δμὼς
468 4393 597 4462 περὶ
626 4392 723 4462 τῆς
753 4392 1010 4453 Ἰουδαίας
1032 4394 1125 4447 καὶ
1157 4394 1287 4466 περὶ
1318 4396 1705 4469 Ἰερουσαλήμο

1829 3191 2098 3251 fuerunt:
2140 3195 2341 3266 quippe
2378 3197 2471 3266 qui
2511 3212 2616 3251 non
2658 3214 2889 3268 aurum,
2937 3217 3043 3256 non
3098 3214 3404 3273 argentum,

1826 3302 1934 3342 non
1972 3286 2183 3357 lapides
2214 3288 2510 3357 pretiosos,
2540 3289 2637 3344 sed
2679 3290 2885 3362 lignum
2930 3302 3136 3347 tantum
3162 3302 3216 3349 et
3256 3295 3406 3352 cala-

1826 3395 1973 3434 mum
2022 3378 2381 3438 azdificarent.
2423 3381 2608 3437 Viden’
2636 3382 2906 3451 quomodo
2947 3383 3194 3442 ﬂammas
3229 3397 3283 3443 et
3316 3389 3404 3443 il-

1824 3470 2074 3524 cendium
2115 3472 2480 3526 comminetur
2502 3472 2677 3541 ipsis?
2700 3473 2766 3527 Et
2793 3474 2881 3528 hic
2902 3475 3025 3530 linis
3054 3484 3137 3531 est
3173 3493 3405 3547 prasen-

1824 3560 1893 3616 tis
1932 3569 2127 3616 contra
2168 3560 2290 3616 illos
2344 3562 2668 3632 prophetiae,
2716 3562 2871 3630 cujus
2918 3576 3142 3620 eventus
3192 3568 3401 3636 statim,

1821 3670 2000 3726 neque
2037 3655 2112 3710 ita
2144 3655 2315 3710 multo
2341 3664 2465 3725 post
2509 3664 2883 3726 perpetratum
2928 3668 3118 3714 contra
3150 3658 3403 3719 Salvato-

1818 3762 1935 3802 rem
1981 3756 2233 3803 nostrum
2289 3747 2520 3812 facinus,
2574 3748 2643 3802 ad
2692 3748 2930 3804 litteram
2978 3753 3223 3822 contigit,
3273 3766 3398 3809 cum

1818 3854 2008 3895 eorum
2040 3841 2357 3910 metropolis
2381 3843 2633 3898 incendio
2662 3846 2860 3900 tradita
2889 3855 2991 3909 est.
3032 3855 3086 3902 et
3124 3848 3272 3917 impii
3297 3850 3399 3905 lio~

1818 3931 1995 3985 mines
2030 3930 2085 3985 in
2113 3945 2176 3986 ea
2221 3942 2631 3988 commorautes
2675 3949 2744 3988 ex
2790 3936 3038 3990 scintillis
3077 3938 3188 3992 suis
3216 3939 3395 4008 ignem

1816 4026 2315 4097 inexstinguibilem
2346 4043 2410 4082 ac
2446 4037 2708 4084 aeternum
2735 4069 2750 4094 ,
2790 4029 3037 4101 iramque
3074 4030 3170 4088 Dei
3212 4032 3267 4087 in
3306 4033 3398 4089 die

1816 4120 1911 4175 ira:
1941 4118 2044 4175 sibi
2077 4118 2520 4174 recondiderunt.

2429 4209 2661 4267 CAPUT
2705 4210 2768 4267 11.

1888 4302 2051 4358 Vens.
2085 4302 2204 4356 1-4.
2247 4318 2266 4352 ι
2312 4299 2546 4353 Verbum
2577 4301 2719 4369 quod
2747 4301 2949 4356 factum
2982 4311 3064 4357 est
3094 4316 3125 4356 a
3162 4302 3393 4359 Domino

1812 4394 1880 4448 ad
1908 4393 2158 4449 Hesaiam
2182 4393 2352 4447 filium
2373 4393 2540 4447 Amos
2556 4394 2698 4447 circa
2727 4393 2964 4448 Iudaeam
2983 4403 3037 4448 et
3052 4391 3349 4449 Jerusalem
3370 4411 3387 4450 :

109 4486 194 4537 ὅτι
224 4484 384 4537 ἔσται
408 4486 466 4538 ἐν
497 4487 617 4547 ταῖς
653 4484 910 4553 ἐσχάταις
948 4486 1183 4556 ἡμέραις
1215 4487 1454 4557 ἐμφανὲς
1490 4486 1551 4541 τὸ
1582 4488 1708 4559 ὅρος

1829 4487 1940 4553 ιυία
1996 4486 2105 4540 erit
2159 4484 2213 4539 in
2270 4484 2589 4540 novissimis
2613 4485 2805 4541 diebus
2856 4486 3181 4553 conspicuus
3232 4500 3390 4541 mons

107 4577 205 4630 τοῦ
232 4575 469 4649 Κυρίου,
504 4576 598 4629 καὶ
626 4578 656 4629 ό
705 4572 852 4640 οἶκος
894 4576 986 4630 τοῦ
1014 4576 1148 4630 Θεοῦ
1178 4577 1263 4631 ἐπ’
1298 4577 1480 4649 ἄκρων
1508 4579 1616 4632 τῶν
1648 4580 1705 4632 ὀ-

114 4669 277 4737 ρέων,
313 4668 411 4721 καὶ
452 4666 799 4738 ὑψωθήσεται
827 4668 1079 4739 ὑπεράνω
1113 4667 1223 4721 τῶν
1259 4668 1482 4739 βουνῶν,
1515 4671 1609 4723 καὶ
1642 4671 1705 4742 ’ή-

111 4763 299 4828 ξουσιν
323 4761 412 4813 ἐπ’
438 4759 570 4812 αὐτὸ
597 4760 773 4813 πάντα
795 4758 863 4812 τὰ
884 4758 1033 4831 ἔθνη.
1059 4759 1169 4813 Καὶ
1197 4760 1549 4832 πορεύσονται
1576 4760 1701 4832 ἔθνη

112 4851 308 4916 πολλὰ,
337 4850 436 4902 καὶ
472 4849 688 4921 ἐροῦσι·
731 4849 917 4913 Δεῦτε,
951 4851 1043 4904 καὶ
1067 4849 1357 4921 ἀναδῶμεν
1378 4852 1458 4915 είς
1482 4852 1540 4905 τὸ
1574 4853 1697 4924 ὅρος

114 4942 346 5015 κυρίου,
368 4942 462 4994 καὶ
487 4943 566 5005 είς
591 4941 685 4994 τὸν
711 4936 857 4993 οἶκον
880 4940 972 4994 τοῦ
992 4940 1128 4995 Θεοῦ
1158 4940 1350 4996 Ἰακώϐ
1369 4958 1382 4970 ’
1419 4943 1513 4995 καὶ
1534 4943 1699 5011 ἀναγ-

114 5036 262 5101 γελεῖ
295 5036 431 5105 ήμῖν
457 5032 556 5105 τὴν
587 5033 706 5087 ὁδὸν
736 5033 921 5098 αὑτοῦ,
967 5036 1060 5088 καὶ
1094 5033 1472 5103 πορευσόμεθα
1514 5038 1571 5090 ἐν
1604 5036 1699 5089 αύ-

114 5130 198 5199 cf}.
231 5129 331 5181 Ἐκ
358 5125 471 5198 γὰρ
498 5126 637 5181 Σιὼν
682 5124 1019 5192 ἐξελεύσεται
1054 5128 1235 5198 νόμος,
1270 5129 1364 5183 καὶ
1400 5129 1557 5198 λόγος
1583 5132 1700 5183 Κυ-

121 5221 233 5288 ρίου
276 5218 339 5285 ἐξ
384 5218 756 5290 Ἰερουσαλήμ.
806 5218 914 5271 Καὶ
956 5222 1132 5289 κρινεί
1163 5218 1266 5272 ἀνὰ
1303 5222 1466 5291 μέσον
1516 5221 1622 5273 τῶν
1651 5224 1708 5274 ἐ-

119 5305 280 5373 θνῶν,
308 5307 407 5360 καὶ
425 5307 693 5376 ἐξελέγξει
718 5307 845 5361 λαὸν
875 5307 1040 5362 πολὺν
1070 5309 1250 5372 αὐτός.
1276 5328 1295 5361 ι
1326 5310 1497 5373 Αὐτὸς
1528 5310 1585 5363 δὲ
1613 5311 1707 5363 καὶ

118 5398 385 5471 διέκρινεν
404 5400 510 5454 ave
539 5401 702 5472 μέσον
723 5400 833 5454 τῶν
872 5399 1061 5463 ἐθνῶν,
1092 5401 1359 5471 ἀφορίσας
1383 5400 1561 5471 ἐαυτῷ
1581 5402 1706 5464 τοὺς

122 5489 322 5556 ἀξίως,
358 5493 453 5545 καὶ
502 5491 862 5561 ἐκλεξάμενος
904 5490 1029 5553 τοὺς
1059 5490 1290 5561 κλητοὺς
1336 5490 1443 5543 ἀπὸ
1470 5489 1578 5544 τῶν
1630 5491 1705 5562 μὴ

123 5583 389 5637 τοιούτων.
433 5584 620 5647 υῦτως
642 5579 735 5638 οὖν
768 5582 873 5635 ἀνὰ
906 5583 1065 5652 μέσον
1094 5581 1203 5635 τῶν
1232 5580 1399 5636 ἐθνῶν
1427 5582 1706 5653 διακρίνας

125 5670 151 5723 ό
177 5672 527 5740 εὐαγγελικὸς
577 5671 761 5742 νόμος,
791 5670 916 5725 λαὸν
950 5671 1116 5725 πολὺν
1154 5670 1402 5741 ἤλεγξεν,
1431 5671 1548 5743 ἦτοι
1578 5673 1705 5737 τοὺς

195 5785 237 5815 ¹⁹
255 5785 489 5843 Philisti.
524 5801 601 5852 tv,
648 5785 735 5842 13.
814 5787 853 5818 “
880 5785 1037 5843 liom.
1079 5802 1196 5856 vui,
1234 5787 1323 5844 55.

1814 4576 2029 4632 Domini
2079 4587 2135 4631 et
2183 4576 2375 4632 domus
2416 4576 2511 4631 Dei
2553 4592 2720 4646 supra
2764 4577 3021 4632 verticem
3073 4576 3386 4631 montium:

1810 4681 1866 4726 et
1934 4670 2242 4725 elevabitur
2295 4683 2459 4738 super
2510 4669 2724 4725 colles:
2778 4679 2833 4725 et
2880 4668 3098 4725 venient
3145 4668 3210 4722 ad
3261 4682 3388 4723 eum

1810 4776 2000 4817 omnes
2055 4768 2265 4831 gentes.
2318 4758 2386 4815 Et
2420 4760 2575 4815 ibunt
2625 4761 2806 4832 populi
2867 4759 3018 4814 multi
3051 4766 3106 4814 et
3154 4759 3383 4815 dicent:

1812 4854 2032 4920 Venite,
2095 4852 2455 4908 ascendamus
2507 4852 2576 4906 ad
2628 4863 2867 4906 montem
2933 4850 3149 4906 Domini
3205 4859 3262 4905 et
3319 4852 3386 4907 ad

1809 4946 2027 5001 domum
2057 4944 2149 4999 Dei
2177 4942 2344 5000 Jacob
2369 4960 2383 4997 :
2416 4952 2471 4997 et
2498 4944 2843 4998 annuntiabit
2863 4943 3016 4999 nobis
3036 4943 3181 4997 viam
3209 4958 3383 5007 suam,

1809 5048 1865 5092 et
1906 5038 2221 5092 incedemus
2257 5034 2313 5090 in
2355 5051 2441 5090 ea.
2494 5035 2630 5090 Nam
2678 5050 2745 5090 ex
2783 5035 2913 5091 Sion
2957 5036 3126 5091 exibit
3171 5035 3279 5099 lex,
3332 5045 3388 5089 et

1811 5131 2034 5183 verbum
2084 5128 2297 5183 Domini
2333 5143 2397 5182 ex
2445 5125 2768 5181 Jerusalem.
2820 5126 2887 5181 Et
2934 5126 3201 5197 iudicabit
3246 5125 3384 5180 inter

1807 5234 2016 5292 gentes,
2070 5230 2128 5291 et
2174 5232 2367 5290 arguet
2414 5220 2672 5291 papulum
2727 5220 2954 5274 multum
3014 5218 3151 5289 ipse.
3192 5238 3211 5269 ι
3267 5217 3384 5287 Ipse

1806 5321 1987 5366 autem
2006 5312 2439 5378 judicavitinter
2465 5319 2678 5381 gentes,
2710 5324 2805 5364 eos
2831 5311 2922 5379 qui
2962 5324 3022 5363 se
3049 5309 3194 5379 digni
3225 5316 3383 5363 erant

1804 5404 1908 5457 sibi
1947 5418 2264 5474 segregans,
2294 5412 2626 5471 vocatosque
2658 5417 2687 5455 a
2720 5416 2825 5456 non
2868 5402 3074 5455 vocatis
3124 5400 3378 5471 seligens.

1805 5491 1899 5546 Sic
1929 5491 2114 5562 itaque
2145 5491 2226 5547 lex
2268 5490 2605 5558 evangelica,
2650 5491 2705 5545 in
2749 5490 2928 5545 medio
2967 5491 3209 5560 gentium
3242 5490 3381 5557 diju~

1805 5584 2019 5651 dicans,
2056 5585 2288 5640 multum
2322 5583 2577 5655 populum
2606 5582 2883 5653 coarguit;
2932 5585 3045 5638 sire
3073 5583 3159 5646 iis,
3190 5583 3280 5651 qui
3323 5581 3375 5634 in

1805 5691 1865 5733 se
1882 5676 2233 5735 crediderunt
2258 5676 2324 5733 de
2351 5676 2581 5748 pristino
2605 5689 2794 5733 errore
2819 5691 2917 5731 suo
2938 5674 3238 5743 convictis;
3259 5672 3376 5730 sive
