3850 6210
429 317 532 375 163

1157 317 1429 376 EUSEBII
1468 318 1952 380 CASSARIENSIS
1989 321 2141 383 OPP.
2171 323 2353 381 PARS
2391 325 2478 382 Ill.
2520 354 2592 368 —-
2629 325 3042 385 EXEGETICA.

3616 338 3724 393 101-

429 435 518 499 iis,
552 434 642 504 qui
681 449 787 489 non
818 434 1193 500 crediderunt,
1229 442 1290 491 ut
1325 442 1520 507 suapte
1547 435 1709 507 culpa
1743 439 2014 507 pereunti-

2142 443 2205 504 εἰς
2234 440 2396 494 αὐτὸν
2430 441 2863 506 πεπιστευκότας
2910 440 3220 509 ἀπελέγξας
3271 442 3370 515 τὴν
3421 444 3480 498 ἐν
3533 447 3721 512 αὐτοῖς

429 527 552 592 bus,
585 525 909 583 confutatis.

503 745 527 781 ι
568 728 634 783 Ει
669 727 1020 800 confringent
1049 727 1265 797 gladios
1311 743 1444 786 suos
1475 729 1532 785 in
1575 738 1782 796 aratra,
1813 739 1870 787 et
1898 731 2018 787 lan-

429 839 557 878 ceas
597 838 727 878 suas
777 823 830 876 in
884 822 1092 878 falces:
1129 832 1186 879 et
1235 838 1345 878 non
1396 823 1598 879 levabit
1646 838 1779 895 gens
1825 833 2015 880 contra

426 924 649 986 gentem
702 917 965 988 gladium,
1015 925 1071 972 et
1126 932 1234 972 non
1285 918 1694 974 exercebuntur
1744 919 1890 974 ultra
1949 922 2016 975 ad

429 1012 697 1080 praelium.
734 1031 754 1064 ι
807 1009 924 1065 Non
982 1011 1122 1066 ultra
1163 1010 1416 1067 bellicam
1456 1021 1630 1067 artem
1658 1013 1927 1080 ediscunt,
1961 1013 2013 1068 in

429 1118 536 1172 qua
559 1118 618 1158 se
641 1103 788 1173 prius
825 1118 856 1157 a
883 1118 1070 1172 puero,
1113 1106 1273 1172 quasi
1320 1105 1654 1169 necessaria,
1704 1119 1804 1174 per
1855 1121 2016 1176 agros

428 1203 485 1250 et
513 1196 674 1251 urbes
703 1198 1052 1262 exercebant,
1093 1197 1400 1252 vicinorum
1438 1198 1679 1252 hostium
1723 1198 2017 1254 formidine

427 1288 707 1344 commoti.
746 1288 857 1342 lmo
881 1289 1044 1342 etiam
1073 1288 1164 1357 qui
1190 1289 1485 1343 Dominum
1543 1299 1792 1346 nostrum
1825 1289 2015 1346 Iesum

427 1381 706 1436 Christum
787 1391 1200 1450 susceperunt,
1265 1382 1415 1436 omni
1483 1382 1776 1452 pratliandi
1835 1383 2018 1438 studio

427 1472 683 1540 exempti,
719 1471 770 1526 in
804 1485 934 1539 pace
957 1472 1172 1526 demum
1207 1481 1526 1540 versantur;
1564 1473 1637 1527 ita
1665 1483 1724 1528 ut
1747 1487 1854 1528 non
1879 1473 2018 1528 ulte-

427 1563 544 1618 rius
610 1565 678 1617 ab
744 1564 1072 1618 adversariis
1144 1564 1511 1634 potestatibus
1578 1575 2014 1636 oppugnentur,

427 1670 604 1725 neque
659 1655 998 1710 daemonibus
1037 1655 1123 1728 _in
1187 1671 1247 1712 se
1309 1655 1439 1711 olim
1508 1657 1801 1726 imperium
1869 1657 2015 1712 obti-

426 1746 682 1801 nantibus
747 1746 950 1802 subditi
1000 1745 1129 1800 sint.
1177 1745 1386 1813 Quibus
1442 1746 1708 1802 Servator
1752 1747 1870 1818 ipse
1916 1762 2012 1817 pa-

2123 534 2395 606 προτέραν
2428 533 2657 604 πλάνην,
2702 534 2734 604 ἢ
2786 535 2913 598 τοὺς
2949 535 3024 607 μὴ
3054 536 3135 598 είς
3164 536 3326 590 αὐτὸν
3355 541 3723 592 πεπιστευκό-

2121 644 2221 690 τας
2258 625 2484 696 ἐλέγξας
2510 625 2662 696 παρά
2705 626 2805 696 τὴν
2857 626 3035 683 αὐτῶν
3073 629 3251 684 αἰτίαν
3285 630 3717 701 ἀπολλυμένους.

2199 745 2218 778 ι
2241 728 2352 781 Καὶ
2384 727 2713 796 συγκόψουσι
2735 724 2835 788 τὰς
2868 725 3142 797 μαχαίρας
3177 723 3356 777 αὐτῶν
3381 725 3462 787 εἰς
3485 724 3717 796 ἄροτρα,

2123 821 2218 874 καὶ
2246 820 2344 883 τὰς
2379 819 2601 883 ζιϐύνας
2639 818 2929 882 αὑτῶν.είς
2953 817 3194 889 δρέπανα
3215 833 3228 846 '
3266 817 3359 870 καὶ
3395 817 3455 870 ού
3489 818 3563 888 μὴ
3609 818 3718 890 ἄρῃ

2123 911 2275 974 ἔθνος
2301 910 2388 963 ἐπ’
2412 909 2563 973 ἔθνος
2595 909 2892 980 μάχαιραν,
2919 907 3014 962 καὶ
3036 908 3096 960 οὐ
3135 907 3208 978 μὴ
3242 906 3487 977 μάθωσιν
3509 906 3590 960 ἔτι
3623 926 3720 960 πο-

2122 1003 2331 1074 λεμεῖν.
2359 1022 2377 1052 ι
2416 1001 2614 1055 Οὐκέτι
2648 1001 2759 1072 γὰρ
2790 999 3130 1054 διδάσκονται
3159 999 3229 1052 τὰ
3257 999 3548 1070 πολεμικὰ,
3579 999 3616 1054 ἃ
3654 999 3718 1070 δὴ

2123 1096 2386 1167 πρότερον
2406 1095 2482 1158 ὡς
2506 1096 2778 1164 ἀναγκαῖα
2800 1096 2864 1148 ἐκ
2888 1093 3090 1148 παίδων
3118 1093 3238 1146 κατ’
3268 1093 3470 1163 ἀγροὺς
3493 1092 3590 1144 καὶ
3616 1109 3722 1144 κα-

2121 1189 2194 1242 τὰ
2245 1189 2428 1254 πόλεις
2468 1189 2736 1258 ἠσκοῦντο
2763 1187 2848 1242 διὰ
2882 1187 2972 1242 τὸν
3018 1187 3130 1242 ἀπὸ
3181 1186 3288 1240 τῶν
3323 1184 3718 1258 πλησιοχώρων

2125 1281 2398 1353 πολεμίων
2438 1281 2602 1352 φόϐον
2627 1298 2640 1312 ’
2677 1281 2814 1335 ἀλλὰ
2849 1280 2941 1334 καὶ
2967 1280 3016 1333 οΞ
3039 1277 3460 1348 καταδεξάμενοι
3481 1278 3572 1331 τὸν
3598 1279 3717 1330 Κύ-

2124 1391 2237 1446 ριον
2282 1375 2438 1446 ήμῶν
2478 1372 2681 1446 Ἰησοῦν
2710 1373 2966 1446 Χριστὸν,
3004 1373 3185 1442 πάσης
3237 1371 3538 1442 πολεμικῆς
3574 1387 3716 1441 προ-

2120 1468 2384 1536 αιρέσεως
2418 1467 2844 1536 ἀπαλλαγέντες,
2878 1467 2936 1519 ἐν
2965 1467 3158 1540 εἰρήνῃ
3181 1464 3366 1518 λοιπὸν
3394 1465 3678 1531 διάγουσιν
3701 1481 3712 1490 ·

2120 1560 2196 1623 ὡς
2235 1559 2433 1632 μηκέτι
2469 1561 2575 1613 ὑπὸ
2611 1559 2714 1614 τῶν
2739 1542 3128 1630 ἀντικειμένων
3151 1559 3433 1628 δυνάμεων
3459 1556 3717 1626 πολεμεῖ-

2122 1650 2268 1715 σθαι,
2308 1651 2441 1723 μηδέ
2473 1651 2816 1723 ὑποχειρίους
2845 1649 2984 1704 εἶναι
3016 1651 3124 1704 τῶν
3155 1649 3322 1705 πάλαι
3362 1649 3716 1719 κρατούντων

2121 1747 2299 1801 αὐτῶν
2346 1746 2638 1817 δαιμόνων.
2669 1741 2764 1810 Ui;
2792 1747 2886 1799 καὶ
2919 1748 2947 1799 ὁ
2975 1746 3166 1818 Σωτὴρ
3188 1745 3348 1808 αὐτὸς
3380 1747 3477 1818 τὴν
3511 1744 3718 1798 ἑαυτοῦ

426 1854 544 1893 cem
593 1852 895 1906 procurans
941 1852 1097 1894 suam
1135 1839 1253 1894 ait:
1307 1833 1335 1890 ἰ
1371 1837 1570 1894 Pacem
1603 1815 1789 1894 meam—
1814 1839 1886 1895 do
1916 1815 2014 1896 vo-

2142 1838 2394 1912 ιροξενῶν
2428 1815 2648 1911 εἰρήνην
2683 1838 2852 1910 φησί’
2902 1855 2920 1889 ‹
2947 1815 3184 1910 Είρήνῆν
3207 1838 3308 1909 τὴν
3339 1815 3477 1910 ἐμήν
3515 1838 3716 1910 δίδωμι

427 1933 512 1988 bis
541 1931 606 1986 “.
656 1949 675 1983 ι

497 2023 659 2078 Vens.
696 2023 750 2078 5.
794 2041 812 2074 ‹
853 2022 922 2077 Ει
966 2037 1137 2088 nunc,
1176 2023 1373 2080 domus
1416 2023 1606 2089 Iacob,
1643 2023 1851 2088 venite,
1898 2037 2012 2078 am-

422 2115 673 2171 bulemus
708 2114 763 2169 in
809 2113 1019 2169 lumine
1063 2115 1300 2174 Domini.
1333 2134 1353 2168 ι
1384 2115 1802 2187 Consequenter
1831 2118 2016 2187 itaque

421 2209 711 2278 propheta,
732 2215 1022 2278 postquam
1045 2209 1288 2276 gentium
1316 2209 1679 2272 vocationem,
1706 2215 1764 2263 et
1787 2206 2014 2262 effusam

423 2301 479 2357 in
520 2316 710 2356 omnes
761 2299 1011 2355 homines
1067 2313 1258 2368 pacem
1315 2300 1626 2368 recensuit,
1679 2314 1838 2355 suum
1885 2313 2014 2367 erga

423 2393 727 2448 familiares
774 2407 904 2448 suos
953 2391 1212 2446 affectum
1264 2402 1671 2448 commonstrat
1701 2409 1715 2446 :
1745 2391 2004 2462 populum

425 2501 584 2541 suum
615 2484 1138 2552 commonefaciens,
1174 2492 1236 2539 ut
1291 2483 1496 2538 Christi
1545 2483 1782 2554 gratiam
1832 2483 2014 2538 omni—

425 2579 525 2634 bus
551 2579 803 2647 gentibus
846 2578 1031 2632 datam
1076 2586 1130 2632 et
1180 2575 1361 2631 lumen
1407 2576 1784 2647 evangelicum
1838 2577 2016 2632 susci-

424 2671 588 2742 piat:
634 2685 906 2741 seseque,
963 2671 1032 2726 ad
1088 2670 1476 2726 concitandum
1532 2669 2016 2740 instigandumque

424 2763 728 2833 populum,
792 2762 985 2817 iisdem
1049 2760 1396 2826 adnumerat,
1451 2770 1755 2829 auctorque
1811 2771 1897 2816 est
1956 2771 2016 2816 ut

425 2857 599 2912 lucem
634 2856 849 2911 Domini
910 2855 1127 2909 adeant.
1166 2852 1364 2908 Lucem
1408 2869 1570 2924 porro
1595 2853 1810 2909 Domini
1858 2864 2016 2910 vocat

422 2949 598 3019 legem
652 2946 786 3002 Novi
841 2947 1178 3002 Testamenti
1229 2962 1295 3003 ex
1348 2945 1480 3001 Sion
1539 2945 1929 3016 prodeuntem,
1958 2956 2013 3002 et

423 3041 667 3097 salutare
688 3039 1176 3110 evangelicumque
1203 3037 1456 3092 verbum.

494 3129 662 3187 Vnus.
690 3129 745 3186 6.
779 3148 799 3182 ι
837 3129 1053 3185 Dimisit
1075 3127 1222 3183 enim
1265 3127 1523 3198 populum
1564 3141 1722 3183 suum
1744 3164 1761 3193 ,
1791 3127 2009 3183 domum
2039 3163 2081 3222 ο

424 3222 593 3278 Israel
641 3236 656 3277 :
709 3222 839 3292 quia
891 3220 1104 3291 repleta
1162 3228 1248 3274 est
1307 3229 1368 3275 ut
1422 3235 1462 3296 la
1523 3220 1794 3290 principio
1863 3229 2009 3275 terra

423 3330 613 3370 eorum
673 3315 948 3371 vaticiniis
987 3356 1002 3382 ,
1066 3323 1128 3371 ut
1191 3326 1338 3371 terra
1401 3313 1835 3384 alienigenarum
1884 3331 1900 3370 :
1957 3323 2013 3369 et

425 3409 580 3462 multi
652 3409 748 3464 ﬁlii
801 3409 1121 3480 alienigenae
1161 3407 1291 3463 facti
1343 3417 1472 3464 sunt
1513 3408 1617 3463 eis.
1657 3425 1677 3460 ι
1722 3406 1820 3463 llic
1857 3407 2010 3478 quasi

425 3500 537 3556 Deo
582 3499 954 3556 defensionem
1034 3515 1237 3570 parans
1271 3542 1288 3568 ,
1368 3514 1595 3556 causam
1673 3499 1833 3555 affert
1915 3516 2014 3554 cur

424 3607 519 3648 eos
552 3593 819 3648 dimiserit
854 3591 938 3648 his
986 3591 1171 3648 verbis
1202 3610 1216 3647 :
1249 3610 1269 3644 ‹
1299 3591 1440 3659 Quia
1492 3591 1699 3662 repleta
1750 3598 1856 3656 est,
1895 3602 2010 3646 uta

424 3685 711 3756 principio,
762 3691 909 3739 terra
965 3697 1156 3738 eorum
1205 3683 1504 3750 vaticiniis,
1562 3701 1580 3736 ι
1639 3691 1693 3739 et
1741 3693 1944 3740 caetera
1994 3702 2008 3737 :

421 3779 622 3848 quibus
665 3775 910 3832 declarat
953 3775 1130 3846 ipsum
1176 3791 1286 3831 non
1341 3775 1462 3831 sine
1507 3789 1678 3832 causa
1726 3790 1823 3831 eos
1855 3777 2013 3831 dimi-

425 3873 585 3927 sisse.

496 3964 661 4019 Vens.
698 3962 812 4018 7-9.
856 3979 873 4013 ι
914 3958 1140 4030 Repleta
1181 3967 1268 4016 est
1315 3960 1461 4014 enim
1504 3969 1653 4015 terra
1695 3975 1884 4016 eorum
1931 3977 2013 4017 ar-

427 4067 589 4126 gento
621 4064 677 4110 et
709 4069 878 4121 auro,
926 4062 982 4106 θῑ
1024 4068 1132 4107 11011
1177 4062 1295 4108 erat
1331 4067 1592 4108 numerus
1625 4054 2010 4108 thesaurorum

428 4150 678 4205 illorum:
715 4155 771 4202 et
803 4145 1007 4215 repleta
1041 4154 1128 4201 est
1154 4154 1298 4200 terra
1333 4147 1516 4215 equis,
1555 4153 1610 4200 et
1643 4146 2013 4202 innumerabi-

426 4242 506 4296 les
535 4253 726 4294 currus
761 4237 880 4307 ejus
908 4255 922 4291 :
955 4247 1012 4293 et
1045 4237 1252 4309 repleta
1283 4246 1369 4293 est
1401 4247 1548 4292 terra
1585 4239 2014 4293 abominationi-

427 4335 528 4388 bus
550 4347 774 4402 operum
799 4347 1056 4387 manuum
1079 4345 1269 4388 eorum
1289 4375 1304 4398 ,
1331 4339 1388 4387 et
1409 4331 1778 4386 adoraverunt
1797 4347 1861 4386 ea
1889 4347 2010 4403 quae

428 4425 676 4482 fecerunt
719 4426 870 4498 digiti
902 4439 1127 4481 eorum:
1169 4433 1226 4480 et
1262 4424 1572 4480 incurvavit
1617 4438 1678 4479 se
1724 4424 1920 4490 homo,
1957 4435 2012 4478 et

2117 1933 2265 2004 ὑμῖν.

2192 2043 2210 2076 ι
2242 2025 2353 2078 Καὶ
2382 2023 2497 2088 νῦν,
2527 2024 2555 2076 ὁ
2584 2020 2731 2088 οἶκος
2758 2023 2852 2077 τοῦ
2893 2022 3108 2087 Ἰακὼϐ,
3147 2023 3324 2088 δεῦτε,
3356 2023 3720 2096 πορευθῶμεν

2114 2119 2173 2171 ἐν
2202 2117 2280 2189 τῷ
2303 2118 2441 2186 φωτὶ
2467 2099 2694 2190 Κυρίου.
2721 2137 2742 2168 ι
2787 2116 3118 2180 Ἀκολούθως
3146 2117 3324 2170 τοίνυν
3349 2119 3376 2170 ὁ
3399 2118 3716 2188 προφήτης,

2115 2210 2404 2278 διεξελθὼν
2442 2209 2551 2265 τῶν
2591 2209 2761 2263 ἐθνῶν
2803 2209 2904 2280 τὴν
2942 2209 3156 2279 κλῆσιν,
3192 2209 3286 2264 καὶ
3319 2210 3418 2281 τὴν
3455 2209 3720 2280 χυθεῖσαν

2116 2305 2196 2366 είς
2229 2302 2437 2366 πάντας
2457 2301 2779 2375 ἀνθρώπους
2811 2303 3054 2374 εἰρήνην,
3089 2302 3186 2374 τὴν
3214 2305 3293 2366 εἰς
3313 2304 3438 2366 τοὺς
3476 2304 3721 2369 οἰκείους

2115 2393 2448 2448 ἐνδείκνυται
2470 2392 2870 2464 φιλοστοργίαν,
2901 2392 3234 2464 παρακαλῶν
3262 2393 3353 2446 τὸν
3369 2393 3494 2447 λαὸν
3517 2395 3717 2461 αὐτοῦ,

2117 2484 2479 2550 ὑποδέξασθαι
2500 2484 2598 2555 τὴν
2623 2486 2756 2538 πᾶσι
2781 2487 2894 2548 τοῖς
2913 2484 3090 2538 ἔθνεσι
3106 2484 3441 2556 δωρηθείσαν
3460 2484 3555 2538 τοῦ
3582 2486 3723 2558 Χρι-

2117 2575 2245 2630 στοῦ
2271 2577 2450 2647 χάριν,
2485 2576 2577 2629 καὶ
2608 2576 2670 2628 τὸ
2708 2575 2824 2645 φῶς
2854 2575 2916 2629 τὸ
2958 2575 3330 2644 εὐαγγελικόν.
3363 2577 3719 2646 Συγκαταλέ-

2115 2687 2201 2740 γει
2227 2670 2283 2724 δέ
2317 2671 2545 2733 ἐκείνοις
2573 2671 2667 2724 καὶ
2695 2669 2907 2735 ἑαυτὸν,
2937 2671 3016 2734 εἰς
3043 2669 3356 2742 προτροπὴν
3386 2672 3480 2724 καὶ
3501 2672 3723 2744 παρόρο

2120 2780 2286 2834 μησιν
2305 2761 2398 2816 τοῦ
2439 2763 2591 2827 λαοῦ,
2623 2761 3026 2833 παραινετικῶς
3054 2761 3383 2833 παρακαλῶν
3410 2761 3504 2816 τοῦ
3529 2764 3723 2832 φωτὸς

2116 2857 2323 2927 Κυρίου
2357 2855 2786 2927 μεταλαγχάνειν
2805 2873 2818 2886 ·
2845 2856 2961 2926 φῶς
2989 2856 3194 2929 Κυρίου
3224 2855 3507 2928 ὀνομάζων
3529 2856 3624 2909 τὸν
3650 2859 3726 2910 ἐκ

2117 2947 2254 3001 Σιὼν
2282 2948 2612 3020 προελθόντα
2632 2949 2796 3020 νόμον
2821 2949 2922 3020 τῆς
2939 2950 3146 3021 Καινῆς
3172 2949 3462 3021 Διαθήκης,
3489 2950 3587 3003 καὶ
3616 2949 3722 3002 τὸν

2115 3041 2385 3112 σωτήριον
2417 3042 2514 3094 καὶ⁹
2543 3042 2898 3111 εὐαγγελικὸν
2924 3043 3104 3112 λόγον.

2193 3152 2212 3184 ‹
2237 3133 2431 3205 Ἀνῆκε
2458 3133 2565 3207 γὰρ
2587 3135 2678 3188 τὸν
2699 3134 2824 3188 λαὸν
2847 3135 3032 3202 αὑτοῦ,
3060 3134 3151 3189 τὸν
3173 3130 3321 3189 οἷκον
3360 3135 3602 3207 Ἰσραὴλ,
3626 3136 3721 3190 ὅτι

2114 3223 2356 3297 ἐπλήσθη
2391 3225 2466 3288 ὡς
2489 3227 2550 3279 τὸ
2577 3228 2672 3280 ἀπ’
2691 3228 2915 3300 ἀρχῆςὴ
2939 3227 3090 3300 χώρα
3103 3228 3282 3282 αὐτῶν
3310 3229 3718 3301 κλῃδονισμῶν,

2113 3319 2188 3382 ὡς
2219 3320 2251 3389 ή
2282 3318 2392 3372 τῶν
2429 3318 2762 3387 ἀλλοφύλων,
2800 3322 2895 3374 καὶ
2931 3321 3098 3375 τέκνα
3133 3321 3302 3375 πολλά
3345 3321 3622 3392 ἀλλόφυλα
3664 3327 3725 3377 ὲ-

2113 3409 2313 3480 γενήθη
2343 3410 2545 3474 αὐτοῖς.
2576 3430 2593 3461 ι
2627 3410 2726 3464 Διά
2756 3413 2807 3465 τί
2834 3412 2891 3464 δὲ
2919 3411 3081 3466 αὐτὸν
3104 3414 3323 3483 ἀνῆκεν,
3357 3413 3549 3485 ὥσπερ
3571 3415 3722 3468 ἀει-ο⁴

2113 3501 2439 3572 λογούμενος
2475 3503 2615 3575 ὑπὲρ
2642 3503 2737 3556 τοῦ
2786 3503 2942 3568 Θεοῦ,
2977 3505 3078 3568 τὰς
3106 3505 3285 3569 αἰτίας
3326 3505 3540 3576 τίθησιν
3577 3508 3720 3578 ἑξῆς

2114 3594 2411 3666 ἐπιφέρων*
2451 3596 2604 3649 «Ὅτι
2626 3596 2932 3670 ἐνεπλήσθη
2965 3600 2997 3669 ή
3031 3598 3182 3669 χώρα
3209 3598 3386 3652 αὐτῶν
3419 3599 3496 3662 ὡς
3520 3599 3585 3652 τὸ
3611 3601 3721 3653 ἀπ’

2115 3686 2290 3758 ἀρχῆς
2319 3687 2714 3759 κλῃδονισμῶν,
2740 3713 2757 3741 ι
2816 3691 2911 3744 καὶ
2937 3691 3004 3744 τὰ
3030 3690 3155 3762 ἑξῆς
3179 3708 3192 3720 ·
3244 3691 3309 3744 δι’
3333 3684 3407 3744 ὧν
3435 3691 3724 3766 παρίστη-

2117 3795 2221 3844 σιν,
2245 3779 2326 3832 ὄτι
2352 3779 2424 3851 μὴ
2457 3779 2666 3850 ἀλόγως
2697 3782 2891 3845 αὐτοὺς
2915 3783 3135 3854 ἀνῆκεν.

2192 3978 2211 4010 ι
2266 3959 2600 4032 Ἐνεπλήσθη
2652 3961 2829 4032 γὰρή
2874 3961 3027 4034 χώρα
3070 3963 3252 4016 αὐτῶν
3300 3964 3571 4036 ἀργυρίου
3614 3969 3720 4022 καὶ

2115 4054 2360 4124 χρυσίου,
2396 4056 2488 4107 καὶ
2522 4054 2622 4108 οὐκ
2648 4050 2716 4126 ἦν
2755 4055 2987 4127 ἀριθμὸς
3019 4056 3127 4109 τῶν
3163 4057 3452 4129 θησαυρῶν
3487 4061 3714 4115 αὐτῶν·

2115 4147 2209 4198 καὶ
2241 4146 2544 4218 ἐνεπλήσθη
2582 4148 2614 4218 ή
2644 4147 2716 4218 γῆ
2747 4149 2950 4213 ἵππων,
2979 4151 3075 4202 καὶ
3095 4151 3196 4204 οὐκ
3227 4146 3294 4221 ἦν
3330 4152 3564 4222 ἀριθμὸς
3598 4155 3718 4206 τῶν

2117 4237 2378 4310 ἁρμάτων
2415 4239 2628 4294 αὐτῶνο
2665 4241 2760 4294 καὶ
2793 4241 3095 4314 ἐνεπλήσθη
3130 4246 3162 4316 ή
3199 4244 3272 4314 γῆ
3316 4244 3719 4314 βδελυγμάτων

2115 4328 2222 4381 τῶν
2280 4328 2455 4400 ἔργων
2497 4330 2606 4383 τῶν
2645 4332 2842 4404 χειρῶν
2892 4333 3103 4400 αὐτῶν,
3156 4337 3249 4389 καὶ
3283 4337 3720 4409 προσεκύνησαν

2115 4415 2197 4484 οἷς
2229 4420 2491 4494 ἐποίησαν
2523 4425 2570 4475 οἰ
2601 4423 2854 4477 δάκτυλοι
2889 4424 3070 4479 αὐτῶν
3089 4443 3103 4457 ο
3134 4428 3228 4480 καὶ
3261 4427 3457 4488 ἔκυψεν
3488 4429 3720 4501 ἄνθρω-

428 4519 750 4575 humiliatus
792 4528 880 4575 est
937 4519 1039 4572 vir.
1086 4536 1106 4570 ι
1163 4517 1404 4584 Eorum,
1457 4531 1852 4588 quarumnam,
1907 4517 2010 4571 nisi

2142 4529 2238 4576 τος,
2280 4513 2375 4566 καὶ
2408 4513 2743 4587 ἐταπεινώθη
2796 4517 2954 4588 ἀνήρ.
3011 4537 3028 4568 ι
3068 4519 3241 4572 Τίνων
3274 4519 3472 4584 αὐτῶν,
3508 4519 3540 4590 ἢ
3597 4521 3720 4574 τῶν

429 4613 856 4683 alienigenarum
881 4611 1247 4666 habitatorum
1272 4611 1365 4681 qui
1399 4611 1768 4665 adoraverunt
1795 4624 1858 4665 ea
1890 4625 2011 4680 qua:

429 4703 680 4760 fecerunt
702 4703 854 4773 digiti
885 4702 1110 4758 eorum?
1152 4701 1278 4757 Haec
1301 4718 1466 4772 porro
1494 4703 1678 4759 omnia
1713 4712 1908 4774 gentes
1938 4704 2013 4758 si-

427 4797 690 4868 gnificant
729 4796 1084 4868 alienigenas,
1120 4811 1243 4867 quae
1289 4797 1344 4852 in
1387 4794 1693 4852 Jerusalem
1739 4804 1795 4851 et
1828 4797 1881 4850 in
1911 4795 2010 4852 Ju-

431 4891 545 4944 daea
570 4888 897 4944 habitaturae
928 4897 1107 4945 erant.
1155 4888 1288 4956 Quae
1328 4896 1452 4959 post
1494 4887 1798 4942 Salvatoris
1837 4888 2008 4943 nostri

330 5021 332 5023 ›
429 4981 744 5046 adventum,
768 4988 824 5036 et
848 4988 969 5050 post
990 4979 1250 5034 emissam
1272 4978 1446 5034 lucem
1470 4976 1864 5048 evangelicam,
1887 4991 2009 5047 quae

432 5070 760 5125 illuminavit
813 5084 1004 5126 omnes
1065 5079 1302 5140 gentes,
1352 5068 1620 5137 completa
1669 5077 1834 5124 sunt:
1881 5069 2008 5138 quia

431 5163 756 5233 pr0phetam
808 5177 914 5217 non
957 5163 1268 5226 audierunt,
1320 5174 1381 5214 se
1435 5159 1509 5214 ita
1563 5159 2003 5229 compellantem,

435 5273 457 5305 ‹
498 5255 709 5323 Venite,
746 5255 1089 5311 ambulemus
1125 5255 1178 5310 in
1213 5254 1422 5310 lumine
1459 5253 1697 5309 Domini.
1739 5272 1759 5306 ι

503 5437 665 5496 Vsus.
703 5437 887 5493 10-12.
922 5457 941 5490 ‹
975 5439 1043 5493 Et
1070 5453 1175 5493 non
1203 5437 1472 5493 dimittam
1503 5451 1638 5493 eos:
1673 5446 1727 5493 et
1771 5436 2008 5508 ingredi-

431 5533 563 5587 mini
599 5533 650 5586 in
705 5542 911 5601 petras,
959 5542 1013 5588 et
1051 5533 1451 5588 abscondimini
1487 5532 1539 5585 in
1595 5543 1738 5586 terra
1787 5545 1817 5583 a
1870 5529 2010 5584 facie

434 5625 647 5679 timoris
679 5623 888 5678 Domini
921 5632 976 5678 et
1019 5639 1050 5679 a
1085 5623 1257 5704 gloria
1290 5622 1634 5701 fortitudinis
1665 5621 1786 5702 ejus
1820 5639 1833 5678 :
1886 5635 2008 5676 cum

509 5769 550 5800 ⁸³
573 5766 726 5825 Joan.
755 5783 866 5833 xuv,
893 5767 983 5823 27.

2117 4605 2430 4676 ἀλλοφύλων
2462 4608 2760 4680 οἰκητόρων
2792 4610 2840 4662 οἳ
2875 4611 2970 4663 καὶ
3007 4611 3419 4683 προσεκύνησαν
3445 4607 3526 4675 οἷς
3558 4614 3720 4666 ἐποί-

2118 4713 2258 4768 ησαν
2291 4699 2337 4751 οἰ
2372 4697 2626 4751 δάκτυλοι
2677 4699 2887 4765 αὐτῶν;
2937 4699 3125 4753 Ταῦτα
3165 4703 3340 4754 πάντα
3387 4702 3720 4772 σημαντικὰ

2117 4789 2374 4860 τυγχάνει
2416 4789 2727 4859 ἀλλοφύλων
2765 4791 2954 4851 ἐθνῶν,
2989 4793 3289 4863 μελλόντων
3327 4795 3493 4846 οἰκεῖν
3530 4796 3720 4868 αὐτήν

2120 4896 2177 4932 τε
2211 4879 2308 4951 τὴν
2345 4880 2701 4953 Ἰερουσαλὴμ
2746 4883 2840 4936 καὶ
2867 4882 2964 4954 τὴν
3009 4883 3266 4938 Ἰουδαίαν
3299 4884 3501 4956 χώραν.
3546 4888 3614 4938 Ἀ
3643 4887 3718 4960 δὴ

2119 4972 2421 5044 ἐπληροῦτο
2465 4973 2605 5044 μετὰ
2638 4974 2738 5044 τὴν
2772 4973 2864 5028 τοῦ
2898 4976 3150 5048 Σωτῆρος
3179 4978 3335 5049 ἡμῶν
3375 4982 3718 5050 παρουσίαν,

2119 5064 2214 5116 καὶ
2250 5063 2387 5135 μετά
2419 5065 2510 5117 τὸν
2551 5065 2708 5134 λόγον
2739 5067 2830 5120 τὸν
2877 5069 3187 5137 φωτίσαντα
3222 5069 3398 5123 πάντα
3428 5069 3499 5123 τά
3531 5070 3672 5142 ἔθνη
3699 5091 3716 5103 ο

2117 5157 2304 5229 ἐπειδὴ
2345 5160 2420 5230 μὴ
2464 5160 2782 5230 ὑπήκουσαν
2814 5162 2906 5214 τοῦ
2958 5162 3287 5234 κεκληκότος
3329 5163 3528 5225 αὐτοὺς
3563 5180 3720 5232 προ-

2117 5251 2316 5321 φήτου’
2352 5269 2371 5301 ι
2417 5251 2580 5306 Δεῦτε
2627 5253 2721 5305 καὶ
2768 5253 3124 5326 πορευθῶμεν
3167 5257 3224 5309 ἐν
3275 5254 3354 5325 τῷ
3396 5256 3538 5324 φωτὶ
3587 5257 3719 5310 Κυ-

2122 5344 2258 5413 ρίου.
2297 5363 2314 5396 ι

2200 5454 2218 5486 ‹
2255 5437 2364 5490 Καὶ
2396 5437 2458 5490 οὐ
2491 5437 2566 5510 μὴ
2605 5439 2790 5510 ἀνήσω
2832 5440 3063 5504 αὐτοὺς,
3094 5443 3189 5494 καὶ
3220 5441 3595 5495 συνεισέλθετε
3626 5445 3719 5508 εἰς

2118 5525 2216 5589 τὰς
2252 5528 2477 5600 πέτρας,
2509 5530 2605 5583 καὶ
2637 5529 2945 5602 κρύπτεσθε
2975 5534 3055 5595 είς
3085 5533 3184 5603 τὴν
3214 5534 3315 5604 γῆν
3343 5535 3449 5586 ἀπὸ
3481 5534 3683 5604 προσώ
3703 5566 3718 5577 -

2122 5637 2222 5672 που
2255 5619 2349 5674 τοῦ
2376 5622 2539 5690 φόϐου
2570 5624 2799 5695 Κυρίου,
2831 5625 2924 5679 καὶ⁵
2951 5626 3058 5680 ἀπὸ
3083 5627 3182 5697 τῆς
3209 5626 3366 5699 δόξης
3394 5628 3492 5699 τῆς
3519 5628 3719 5700 ἰσχύες
