3850 6210
171 271 258 331 105

1106 255 1608 322 COMMENTARIA
1651 257 1716 317 IN
1756 254 2016 317 lSAlAM.
2055 294 2122 303 —
2159 252 2316 318 cap.
2357 247 2429 316 ll.

3305 257 3410 318 tuo

171 368 331 433 αὑτοῦ,
359 368 480 421 ὅταν
507 367 711 436 ἀναστῇ
738 363 970 436 θραῦσαι
1004 363 1104 434 τὴν
1149 364 1272 433 γῆν.
1313 362 1374 414 Οἰ
1405 361 1514 431 γὰρ
1537 360 1731 429 ὀφθαλ-

1854 359 2141 414 ιιητεχοιίι
2176 360 2243 412 ad
2271 359 2654 413 conterendam
2689 367 2912 417 terram.
2946 357 3080 414 Nam
3115 359 3258 414 oculi
3302 362 3408 414 Do-

172 458 248 528 μοὶ
274 455 463 527 Κυρίου
490 454 705 524 ὑψηλοὶ,
735 456 764 506 ὁ
789 452 845 504 δὲ
877 451 1164 523 ἄνθρωπος
1191 451 1467 513 ταπεινός.
1501 451 1609 502 Καὶ
1633 467 1729 502 τα-

170 546 532 616 πεινωθήσεται
563 545 626 597 τὸ
659 543 791 612 ῦψος
821 542 930 595 τῶν
959 541 1284 614 ἀνθρώπων,
1311 541 1406 594 καὶ
1439 540 1728 612 ὑψωθήσε-

169 658 242 693 ται
272 640 464 710 Κύριος
511 637 671 707 μόνος
717 638 774 688 ὲν
802 638 868 706 τῇ
913 635 1100 707 ἡμέρᾳ
1127 635 1345 706 ἐκείνῃ⁸
1397 634 1580 706 ἡμέρα
1619 634 1729 705 γὰρ

170 733 344 804 Rapio)
371 730 598 786 Σαϐαὼθ
626 729 720 783 ἐπὶ
749 728 924 782 πάντα
947 728 1210 799 ὑϐριστὴν
1234 727 1329 780 καὶ
1352 728 1725 798 ὑπερήφανον,

170 825 246 878 καὶ
275 825 360 876 ἐπὶ
392 823 568 876 πάντα
601 821 802 892 ὑψηλὸν
851 821 947 873 καὶ
983 819 1289 891 μετέωρον,
1327 820 1422 873 καὶ
1460 835 1730 890 ταπεινωτ

169 921 422 989 θήσονται·
465 937 485 968 ι
520 918 658 988 ὅπερ
690 914 928 986 ἡγοῦμαι
958 916 1086 987 περὶ
1115 914 1216 985 τῆς
1247 911 1460 985 ἡμέρας
1484 913 1582 985 τῆς
1611 909 1730 985 κρί-

170 1025 285 1072 σεως
311 1007 559 1075 λέγεσθαι
580 1023 593 1036 ’
627 1006 708 1060 διὸ
736 1007 795 1059 ού
832 1005 961 1076 περὶ
994 1005 1171 1076 μόνων
1210 1003 1478 1058 Ἰουδαίων
1503 1005 1532 1057 ό
1572 1003 1730 1072 λόγος

168 1099 224 1152 τὰ
247 1100 477 1170 παρόντα
507 1097 773 1163 θεσπίζει,
804 1097 1109 1161 καθολικῶς
1136 1097 1193 1150 δὲ
1221 1097 1351 1168 περί⁸
1378 1096 1595 1150 πάντων
1621 1096 1730 1148 τῶν

170 1191 357 1244 τοιῶνδε
391 1191 716 1262 ἀνθρώπων.
753 1191 1146 1262 Προαναφωνεῖ
1181 1189 1362 1243 τοίνυν
1409 1187 1731 1260 καθαίρεσιν

170 1283 360 1338 ἔσεσθαι
389 1285 487 1355 τῆς
525 1287 583 1337 ὲν
626 1282 937 1354 ἀνθρώποις
968 1282 1411 1354 είδωλολατρείας
1431 1298 1445 1312 ·
1486 1283 1646 1352 μόνον
1675 1276 1732 1336 δὲ

172 1376 300 1447 παρὰ
335 1381 444 1441 τοῖς
492 1378 658 1430 πᾶσιν
701 1375 1010 1448 ἀνθρώποις
1055 1371 1320 1444 ὖψοῦσθαι
1368 1373 1462 1428 τόν
1506 1373 1730 1445 Κύριον,

171 1468 344 1532 παντὸς
382 1467 680 1540 ὑψώματος
725 1467 1090 1539 ἐπαιρομένου
1129 1464 1271 1519 κατὰ
1324 1466 1424 1536 τῆς
1479 1465 1734 1534 γνώσεως

169 1561 249 1615 τοῦ
276 1561 400 1615 Θεοῦ
420 1603 435 1627 ,
461 1561 916 1632 ταπεινουμένου.

235 1675 252 1708 ι
280 1657 382 1710 Καὶ
412 1653 505 1710 ἐπὶ
536 1657 721 1708 πᾶσαν
749 1653 939 1724 κέδρον
972 1652 1066 1706 τοῦ
1105 1649 1337 1705 Λιϐάνου
1363 1651 1472 1704 τῶν
1513 1649 1732 1721 ὑψηλῶν

1832 454 1968 508 mini
2004 453 2286 518 sublimes,
2321 453 2483 507 homo
2512 461 2692 506 autem
2722 455 2964 510 humilis.
2995 455 3063 509 Et
3093 456 3410 511 humiliabi-

1831 553 1922 599 tur
1960 544 2192 598 altitudo
2223 544 2526 609 hominum,
2564 553 2622 600 et
2648 545 2985 600 exaltabitur
3025 546 3287 602 Dominus
3323 564 3414 602 so-

1832 637 1914 691 lus
1953 637 2008 690 in
2047 636 2133 691 die
2167 636 2292 689 illa:
2337 637 2456 691 dies
2502 637 2648 692 enim
2700 637 2916 692 Domini
2952 637 3194 694 Sabaoth
3244 654 3411 708 super

1830 743 2046 785 omnem
2077 728 2535 784 contumeliosum
2568 736 2624 783 et
2652 729 2967 798 superbum,
3009 740 3064 784 et
3100 746 3264 800 super
3292 748 3412 787 unt-

1833 837 1958 878 nem
2002 822 2279 877 excelsum
2318 831 2376 875 et
2414 820 2740 886 sublimem,
2793 830 2848 876 et
2888 821 3342 878 humiliabuntur.‘
3386 841 3405 874 ι

1830 913 1963 982 Quae
1988 923 2122 983 puto
2149 913 2217 967 de
2243 913 2332 967 die
2357 914 2549 983 judicii
2574 913 2787 982 prolata
2821 913 3009 970 fuisse.
3043 915 3412 982 Quamobrem

1831 1022 1940 1062 non
1984 1009 2054 1064 de
2098 1005 2303 1062 Judaeis
2338 1015 2548 1061 tantum
2581 1007 2698 1063 hac
2753 1007 3108 1070 vaticinatur,
3154 1009 3248 1061 sed
3286 1009 3415 1061 uni-

1831 1100 2036 1155 versim
2068 1101 2135 1156 de
2158 1100 2417 1156 omnibus
2446 1099 2754 1169 huiusmodi
2789 1099 3122 1154 hominibus.
3154 1099 3416 1153 Prmnun-

1835 1191 1936 1244 tiat
1988 1191 2176 1260 itaque
2225 1193 2576 1246 evertendam
2613 1206 2736 1246 esse
2770 1192 2914 1262 apud
2946 1191 3197 1246 homines
3241 1191 3414 1245 idolo—

1837 1283 2073 1348 latriam,
2109 1283 2397 1354 solumque
2430 1285 2484 1338 in
2521 1285 2832 1338 hominibus
2859 1282 3210 1338 exaltandum
3243 1283 3417 1337 Domi.

1838 1389 1964 1427 num
1995 1389 2136 1438 esse,
2185 1375 2442 1444 depressa
2466 1376 2610 1428 omni
2661 1359 2854 1430 contra
2908 1374 3002 1430 Dei
3054 1375 3418 1446 cognitionem

1837 1467 2156 1536 insurgente
2187 1467 2532 1523 celsitudine.

1913 1652 2078 1709 Vrsas.
2110 1653 2302 1710 15-17.
2344 1671 2364 1704 ι
2393 1652 2460 1707 Ει
2481 1667 2643 1722 super
2659 1667 2851 1708 omnes
2877 1652 3071 1708 cedros
3098 1652 3293 1709 Libani
3325 1670 3423 1709 ex-

173 1747 251 1800 καὶ
280 1746 592 1818 μετεώρων,
628 1747 722 1799 καὶ
759 1745 851 1798 ὲπί
882 1746 991 1798 πᾶν
1022 1741 1238 1815 δένδρον
1271 1741 1495 1812 βαλάνου
1526 1742 1726 1804 Βασὰν,

1854 1749 2020 1804 celsas
2053 1757 2109 1802 et
2141 1746 2424 1811 sublimes,
2457 1756 2513 1801 et
2558 1761 2722 1816 super
2755 1760 2974 1801 omnem
3013 1761 3274 1816 quercum
3316 1745 3422 1800 Bae

173 1840 250 1892 καὶ
293 1841 378 1893 ἐπὶ
419 1842 527 1893 πᾶν
576 1837 776 1909 ὑψηλὸν
818 1835 965 1908 ὅρος,
1017 1835 1114 1890 καὶ
1165 1835 1261 1888 ἐπὶ
1311 1833 1489 1888 πάντα
1544 1833 1730 1904 βουνὸν

175 1931 367 2001 ὑψηλὸν,
394 1932 487 1984 καὶ
526 1932 622 1984 ἐπὶ
662 1928 838 1982 πάντα
873 1923 1084 2000 πύργον
1113 1925 1336 1997 ὑψηλὸν,
1367 1923 1462 1978 καὶ
1497 1924 1589 1977 ἐπὶ
1623 1926 1734 1977 πᾶν

173 2028 324 2095 τεῖχος
370 2025 598 2094 ὑψηλὸν,
646 2021 742 2077 καὶ
790 2021 883 2076 ἐπὶ
915 2023 1024 2076 πᾶν
1075 2021 1260 2074 πλοῖον
1305 2017 1601 2086 θαλάσσης,
1639 2013 1734 2070 καὶ

175 2118 252 2168 ἐπὶ
281 2118 448 2169 πᾶσαν
489 2114 622 2168 θέαν
659 2115 858 2167 πλοίων
890 2112 1120 2176 κάλλους
1141 2129 1154 2142 ·
1190 2109 1284 2164 καὶ
1325 2108 1733 2179 ταπεινωθήσε-

174 2227 249 2262 ται
279 2211 376 2272 πᾶς
404 2209 715 2280 ἄνθρωπος,
762 2208 857 2261 καὶ
894 2205 1144 2260 πεσεῖται
1189 2205 1348 2277 ὕϐρις
1382 2203 1492 2256 τῶν
1524 2201 1737 2273 ἀνθρὼ-

178 2311 291 2352 πων.
335 2319 352 2350 ι
399 2297 680 2351 Ἑπιϐαλῶ
707 2299 794 2350 ἐπ’
826 2297 1025 2360 αὐτοὺς
1057 2294 1118 2348 τὸ
1148 2293 1362 2348 δίκτυόν
1401 2310 1526 2363 μου,
1557 2290 1739 2354 καθὼς

175 2391 231 2442 τὰ
255 2389 465 2442 πετεινὰ
489 2388 588 2442 τοῦ
616 2386 848 2460 ούρανοῦ
877 2385 1098 2451 κατάξω
1129 2385 1345 2448 αὐτούς.
1376 2383 1530 2454 Τάχα
1557 2381 1614 2436 δὲ
1646 2382 1741 2435 καὶ

179 2482 297 2535 κατὰ
330 2481 423 2553 τὴν
471 2480 936 2553 προσδοκωμένην
981 2478 1076 2532 τοῦ
1125 2478 1334 2550 Κυρίου
1382 2477 1598 2549 ἡμέραν
1640 2476 1742 2545 τῆς

180 2570 403 2642 κρίσεως,
423 2570 524 2642 τὴν
551 2569 665 2622 τῶν
690 2568 948 2622 τοιούτων
973 2568 1194 2622 πάντων
1218 2567 1496 2621 ἀπώλειαν
1522 2565 1742 2620 ἔσεσθαι

182 2659 482 2731 προφητεύει
505 2671 520 2690 δ
551 2652 656 2713 ὧδέ
685 2675 800 2720 πως
842 2657 1187 2729 αἰνιξάμενος
1214 2655 1744 2727 ὲπικεκαλυμμένως

181 2754 285 2816 τοὺς
303 2752 635 2823 κρατοῦντας
654 2749 749 2804 τοῦ
771 2749 966 2814 αἰῶνος
979 2748 1192 2814 τούτου,
1207 2750 1304 2802 καὶ
1329 2749 1399 2802 τά
1419 2747 1551 2819 ὕψη,
1570 2748 1664 2800 καὶ
1677 2747 1746 2799 τὰ

182 2843 453 2914 ἀξιώματα,
467 2843 571 2909 τάς
587 2860 648 2896 τε
660 2842 834 2917 ἀρχάς
849 2842 1056 2904 καὶτὰς
1071 2840 1338 2906 ἐξουσίας,
1353 2841 1446 2894 καὶ
1461 2841 1587 2903 τοὺς
1597 2843 1655 2893 ὲν
1669 2838 1748 2909 τῷ

185 2935 268 3006 βίῳ
287 2936 735 3008 κοσμοκράτορας
759 2935 884 2997 τοὺς
912 2933 1004 2986 τὸν
1033 2931 1167 2986 Θεὸν
1200 2932 1275 3003 μὴ
1297 2931 1699 3002 ὲπεγνωκότας.

248 3045 264 3078 ι
317 3029 419 3080 Καὶ
466 3021 820 3097 ὑψωθήσεται
870 3024 1076 3095 Κύριος
1129 3023 1290 3094 μόνος
1335 3025 1395 3075 ὲν
1441 3021 1750 3126 τῇῌήμέρᾳ
1775 3067 1818 3126 c

187 3119 361 3192 ἐκείνῃ,
405 3120 496 3174 καὶ
540 3118 614 3172 τά
648 3117 1005 3189 χειροποίητα
1057 3116 1236 3170 πάντα
1280 3113 1744 3185 κατακρύψουσιν,

189 3213 568 3280 εἰσενέγκαντες
599 3212 681 3270 εἰς
728 3209 796 3262 τὰ
845 3209 1081 3280 σπήλαια
1125 3207 1220 3260 καὶ
1253 3209 1334 3270 εἰς
1374 3206 1472 3270 τὰς
1509 3204 1748 3276 σχισμὰς

190 3305 277 3357 τῶν
297 3306 522 3376 πετρῶν,
540 3305 641 3357 καὶ
661 3305 741 3366 εἰς
768 3303 867 3366 τὰς
883 3301 1134 3374 τρώγλας
1151 3300 1252 3370 τῆς
1276 3300 1402 3371 γῆς,
1435 3299 1545 3351 ἀπὸ
1574 3314 1746 3371 προσ-

188 3396 315 3450 ώπου
353 3398 443 3451 τοῦ
519 3397 693 3467 φόϐου
730 3396 959 3464 Κυρίου,
991 3394 1087 3448 καὶ
1135 3391 1244 3446 ἀπὸ
1285 3393 1385 3463 τῆς
1433 3391 1594 3462 δόξης
1649 3390 1750 3460 τῆς

195 3491 347 3560 ἰσχύος
376 3489 565 3554 αὑτοῦ,
603 3489 732 3542 ὅταν
758 3489 963 3558 ἀναστῇ
989 3483 1223 3555 θραῦσαι
1247 3482 1346 3554 τὴν
1373 3483 1496 3552 γῆν.
1529 3500 1548 3533 ι
1589 3479 1750 3533 Ἀλλὰ

193 3587 268 3637 καὶ
299 3587 343 3638 οἰ
377 3584 616 3648 ἀσεϐεῖς,
659 3583 758 3653 τῆς
788 3580 884 3636 τοῦ
913 3578 1122 3652 Κυρίου
1165 3576 1468 3646 ἐπιστάσης
1506 3574 1745 3645 ἡμέρας,

193 3678 270 3740 τὰς
293 3677 438 3743 δόξας
461 3676 669 3738 αὐτῶν,
697 3676 763 3739 ἃς
793 3673 935 3746 εἰχον
962 3673 1228 3744 πρότερον
1259 3673 1318 3722 ὲν
1343 3671 1410 3739 τῇ
1439 3667 1588 3739 ψυχῇ
1621 3665 1751 3737 περὶ

192 3771 272 3838 τῆς
314 3771 571 3826 πολυθέου
617 3769 848 3840 πλάνης,
887 3763 1334 3838 κατακρύψουσιν
1365 3763 1422 3814 ὲν
1454 3762 1576 3823 ταῖς
1605 3759 1753 3829 διερ-

197 3865 425 3932 ρωγυίαις
453 3862 638 3919 αὐτῶν
665 3861 946 3924 διανοίαις,
979 3856 1268 3912 ὲκϐαλοῦσί
1310 3869 1368 3908 τε
1400 3854 1494 3907 καὶ
1516 3851 1752 3922 ἀπορρί-

193 3955 329 4022 ψουσι
362 3955 453 4010 τοῦ
501 3955 720 4009 ἑαυτῶν
752 3953 1017 4024 λογισμοῦ
1067 3952 1244 4004 πᾶσαν
1285 3950 1382 4020 τὴν
1413 3947 1586 4018 ψευδῆ
1625 3944 1754 4017 περὶ

194 4047 282 4098 τῶν
308 4048 532 4102 εἰδώλων
577 4045 862 4118 ὑπόληψιν.

257 4155 273 4186 ι
305 4138 377 4210 Τῇ
404 4139 512 4211 γὰρ
539 4137 728 4209 ἡμέρᾳ
754 4133 940 4210 ἐκείνῃ
980 4134 1198 4189 ἐκϐαλεῖ
1222 4132 1510 4204 ἄνθρωπος
1542 4130 1613 4184 τά
1641 4129 1755 4200 βδεδ

196 4225 417 4299 λύγματα
447 4229 619 4284 αὑτοῦ
655 4228 724 4283 τὰ
751 4229 970 4301 ἀργυρᾶ
1007 4227 1102 4280 καὶ
1129 4226 1198 4279 τὰ
1242 4226 1438 4298 χρυσᾶ,
1466 4223 1503 4278 ἃ
1532 4222 1756 4293 ἐποίησε

200 4325 491 4389 προσκυνεῖν
544 4319 662 4384 τοῖς
715 4321 962 4391 ματαίοις
1004 4319 1098 4374 καὶ
1146 4320 1267 4380 ταῖς
1317 4315 1620 4387 νυκτερίσι,
1659 4313 1754 4366 τοῦ

1839 1854 1964 1905 san,
2003 1847 2058 1894 et
2087 1854 2257 1910 super
2284 1853 2500 1893 omnem
2539 1849 2782 1894 montem
2823 1837 3124 1907 excelsum,
3162 1848 3217 1893 et
3260 1854 3422 1910 super

1839 1947 2062 1988 omnem
2102 1933 2296 1988 collem
2326 1933 2626 2000 excelsum,
2664 1943 2719 1987 et
2752 1948 2920 2002 super
2963 1947 3182 1987 omnem
3228 1934 3424 1986 turrim

1840 2023 2151 2092 sublimem,
2180 2034 2238 2079 et
2284 2039 2450 2096 super
2489 2039 2715 2080 omnem
2757 2039 2971 2079 murum
3021 2025 3336 2088 excelsum,
3371 2037 3426 2080 et

1841 2131 2005 2185 super
2051 2131 2270 2172 omnem
2324 2131 2520 2171 navem
2575 2117 2790 2182 maris,
2864 2126 2921 2172 et
2979 2131 3148 2188 super
3207 2132 3425 2172 omnem

1843 2219 2122 2277 aspectum
2162 2209 2579 2280 pulchritudinis
2624 2209 2842 2264 navium
2884 2223 2902 2263 :
2950 2219 3007 2264 et
3052 2209 3428 2264 humiliabitur

1843 2299 2024 2354 omnis
2056 2300 2242 2363 homo,
2282 2311 2337 2353 et
2374 2301 2534 2354 cadet
2565 2298 2796 2354 altitudo
2826 2298 3088 2353 virorum.
3124 2316 3145 2350 ι
3180 2298 3427 2368 lnjiciam

1843 2391 1899 2446 in
1939 2405 2035 2446 eos
2077 2401 2194 2446 rete
2224 2405 2428 2455 meum,
2473 2392 2728 2460 ipsosque
2776 2391 2951 2445 instar
2987 2389 3265 2444 volucrum
3301 2391 3430 2443 caeli

1847 2484 2151 2538 detraham.
2185 2484 2442 2538 Fortasse
2471 2500 2603 2540 vero
2633 2485 2876 2538 omnium
2903 2484 3203 2555 perniciem
3238 2485 3293 2537 in
3335 2482 3430 2538 illa

1848 2585 2160 2646 exspectata
2224 2576 2440 2632 Domini
2490 2577 2578 2631 die
2640 2577 2757 2632 fore
2815 2579 3174 2642 vaticinatur,
3234 2577 3431 2647 hisque

1847 2668 2080 2724 obscure
2117 2669 2433 2725 subindicat
2474 2671 2750 2739 principes
2794 2667 2958 2739 hujus
3002 2670 3227 2736 saeculi,
3267 2671 3432 2725 celsi-

1850 2759 2087 2822 tudines,
2121 2759 2432 2827 dignitates,
2468 2759 2810 2829 principatus
2859 2769 2914 2814 et
2963 2769 3288 2831 potestates,
3324 2760 3433 2814 hu-

1845 2851 2042 2921 jusque
2083 2852 2268 2906 mundi
2305 2863 2586 2918 reetores,
2634 2853 2727 2923 qui
2763 2851 2934 2908 Deum
2979 2868 3086 2908 non
3137 2863 3429 2909 noverunt.

1926 3034 2090 3092 Vens.
2130 3035 2327 3102 18,19.
2365 3055 2386 3089 ‹
2421 3035 2489 3091 Et
2521 3035 2852 3091 exaltabitur
2883 3035 3148 3092 Dominus
3181 3035 3331 3090 solus
3377 3035 3434 3090 in

1851 3127 1942 3182 die
1975 3129 2085 3194 illa,
2130 3137 2184 3184 et
2210 3130 2392 3183 omnia
2421 3129 2734 3182 manufacta
2779 3127 3149 3191 abscondent,
3197 3127 3437 3182 inferen-

1853 3231 1935 3276 tes
1980 3221 2034 3275 in
2075 3222 2366 3291 speluncas
2416 3231 2473 3275 et
2513 3221 2566 3274 in
2607 3221 2882 3276 scissuras
2929 3231 3243 3289 petrarum,
3277 3229 3333 3274 et
3378 3220 3436 3274 in

1850 3313 2122 3368 foramina
2165 3323 2348 3378 terra),
2382 3330 2412 3367 a
2457 3297 2594 3369 facie
2636 3315 2847 3370 timoris
2883 3314 3129 3378 Domini,
3166 3324 3222 3368 et
3261 3329 3292 3368 a
3325 3312 3439 3383 glo-

1851 3405 1934 3459 ria
1966 3406 2190 3461 virtutis
2221 3405 2384 3475 ejus:
2420 3422 2546 3461 cum
2581 3407 2891 3460 surrexerit
2927 3407 2994 3461 ad
3027 3407 3436 3476 percutiendum

1854 3503 2078 3549 terram.
2121 3515 2140 3548 ι
2193 3495 2333 3562 Quin
2380 3498 2542 3551 etiam
2597 3497 2782 3566 impii,
2831 3496 3156 3553 adveniente
3221 3495 3439 3549 Domini

1854 3589 1963 3654 die,
1999 3591 2284 3662 opiniones
2317 3605 2468 3656 suas,
2501 3605 2640 3661 quas
2670 3592 2814 3646 circa
2855 3589 3180 3660 pluralitatis
3211 3590 3437 3642 deorum

1855 3698 2100 3739 errorem
2140 3693 2322 3737 mente
2349 3683 2500 3752 prius
2541 3683 2842 3746 tenebant,
2886 3681 2941 3735 in
2991 3679 3236 3734 discissis
3266 3687 3320 3732 et
3359 3679 3442 3733 di-

1855 3777 2034 3847 ruptis
2079 3775 2358 3830 mentibus
2403 3775 2514 3829 suis
2567 3773 2957 3839 occultabant,
3010 3781 3176 3840 atque
3219 3785 3439 3825 omnem

1857 3868 2170 3923 mendacem
2205 3867 2274 3922 de
2318 3865 2477 3922 idolis
2507 3866 2818 3936 opinionem
2861 3864 3228 3920 eliminabunt
3260 3873 3316 3916 et
3345 3863 3440 3918 ab-

1851 3959 2051 4028 jicient
2087 3974 2155 4015 ex
2187 3959 2522 4028 cogitatione
2550 3973 2670 4013 sua.

1915 4132 2080 4189 Vens.
2103 4132 2301 4188 20-22.
2324 4151 2344 4186 ι
2369 4131 2505 4188 Nam
2535 4134 2589 4188 in
2607 4133 2696 4189 die
2719 4133 2810 4188 illa
2838 4132 3021 4202 cjlciet
3045 4132 3212 4187 homo
3236 4131 3446 4187 abomi-

1860 4229 2110 4282 nationes
2161 4242 2289 4283 suas
2337 4237 2627 4298 argenteas
2667 4236 2722 4280 et
2760 4241 2978 4291 aureas,
3005 4239 3144 4295 quas
3193 4224 3344 4288 fecit,
3385 4231 3448 4275 ut

1860 4321 2121 4375 adoraret
2150 4334 2289 4374 vana
2321 4329 2378 4374 et
2417 4319 2865 4390 vespertiliones,
2899 4328 2961 4373 ut
3008 4317 3344 4389 ingrediatur
3391 4317 3445 4370 in

201 4412 430 4467 εἰσελθεῖν
461 4416 543 4478 εἰς
584 4412 687 4476 τὰς
723 4410 975 4484 τρώγλας
1006 4410 1105 4481 τῆς
1157 4409 1385 4481 στερεᾶς
1418 4406 1626 4478 πέτρας
1661 4405 1747 4459 καὶ

1865 4413 2131 4468 foramina
2173 4413 2322 4468 durae
2359 4422 2528 4480 petrae
2559 4421 2615 4466 et
2649 4413 2921 4467 scissuras
2953 4419 3258 4480 petrarum,
3289 4423 3318 4461 a
3362 4407 3445 4461 fa-

201 4503 282 4567 τὰς
308 4505 534 4576 σχισμὰς
572 4503 688 4558 τῶν
718 4503 932 4576 πετρῶν
967 4501 1077 4557 ἀπὸ
1113 4500 1407 4574 προσώπου
1447 4497 1543 4552 τοῦ
1594 4496 1747 4567 φόϐοι

1863 4507 1949 4561 cie
1995 4506 2210 4561 timoris
2253 4505 2470 4560 Domini
2524 4513 2580 4560 et
2625 4519 2654 4558 a
2705 4503 2875 4575 gloria
2922 4501 3260 4557 fortitudinis
3305 4499 3445 4570 ejus,

202 4594 380 4661 Κυρίου
416 4598 508 4649 καὶ
536 4593 650 4650 ἀπὸ
699 4595 798 4666 τῆς
837 4593 995 4666 δόξης
1040 4593 1140 4664 τῆς
1180 4592 1362 4664 ἰσχύος
1405 4590 1594 4653 αὑτοῦ,
1635 4589 1747 4642 ὄται

1865 4615 1989 4654 cum
2019 4599 2323 4653 surrexerit
2357 4598 2426 4651 ad
2454 4599 2844 4652 conterendam
2875 4603 3104 4650 terram.
3142 4613 3162 4645 ι
3195 4594 3329 4648 Dum
3357 4591 3450 4647 Je-

203 4689 381 4761 ἀναστῇ
431 4691 670 4764 θραῦσαι
722 4691 821 4760 τὴν
863 4690 987 4760 γῆν.
1038 4709 1054 4740 ι
1107 4683 1612 4757 Εἰδωλολατρούσης
1663 4683 1764 4753 τῆς

214 4781 561 4857 Ἰερουσαλὴμ,
615 4783 816 4854 μᾶλλον
859 4782 916 4835 δὲ
962 4782 1182 4850 ἁπάσης
1222 4777 1624 4850 πεπυρωμένης
1665 4775 1765 4845 τῆς

220 4880 461 4944 Ἰουδαίας,
493 4879 779 4949 κατεχεῖτο
815 4875 1013 4947 τρόπον
1038 4873 1160 4926 τινὰ
1185 4871 1286 4941 τῆς
1321 4869 1578 4932 Ἰουδαίας
1599 4871 1630 4922 ό
1657 4867 1766 4920 Βα-

207 4968 453 5025 ϐυλωνίων
493 4969 733 5040 πόλεμος
753 4987 764 4999 ο
798 4968 870 5033 οἳ,
902 4968 1083 5020 πᾶσαν
1123 4961 1602 5036 καταδῃώσαντες,
1633 4961 1769 5013 άπε-

208 5064 402 5118 ιιτόνασι
449 5065 546 5135 μὲν
591 5065 719 5126 τοὺς
759 5059 1263 5130 κατειλημμένους·
1318 5055 1516 5124 γύναια
1566 5053 1624 5106 δὲ
1673 5053 1769 5106 καὶ

210 5155 378 5218 παῖδας
421 5153 770 5224 άπεκόμισαν
808 5153 887 5216 εἰς
931 5151 1030 5222 τὴν
1065 5147 1276 5202 ἑαυτῶν
1316 5146 1440 5218 γῆν.
1483 5143 1630 5214 Πλὴν
1671 5143 1770 5212 τῆς

211 5244 375 5311 Ecl/iota
397 5245 929 5318 προαπηγγελμένης
957 5243 1053 5296 καὶ
1084 5239 1384 5312 μελλούσης
1416 5236 1659 5300 ἔσεσθαι,
1693 5251 1772 5288 το-

214 5337 377 5391 σοῦτον
406 5345 515 5404 τοῖς
545 5339 820 5400 Ἰουδαίοις
852 5335 1044 5404 γέγονε
1074 5333 1260 5403 δεῖμα,
1295 5332 1389 5384 καὶ
1419 5328 1661 5397 ἀγωνίας
1691 5327 1774 5388 εἰς

195 5415 349 5496 ίτηῦτο
381 5432 761 5494 πεπτώκασιν,
797 5430 872 5492 ὼς
923 5429 981 5480 ὲν
1027 5425 1315 5496 σπηλαίοις
1361 5423 1455 5476 καὶ
1498 5423 1620 5484 ταῖς
1665 5418 1774 5472 τῶν

195 5491 336 5590 ίὸρῶν
373 5526 618 5594 ῥωγμαῖς
650 5491 1156 5592 κατακρύπτεσθαι,
1186 5517 1278 5570 καὶ
1313 5513 1513 5576 τόπους
1540 5511 1776 5574 ἀϐάτους

218 5617 653 5687 καταλαμϐάνειν,
675 5617 893 5687 ἁπάσης
915 5615 1096 5669 αὐτῶν
1119 5611 1413 5681 ἀτονούσης
1434 5606 1615 5679 χειρός
1639 5605 1776 5675 πρὸς

220 5706 301 5775 τὴν
330 5708 432 5759 τῶν
471 5707 734 5760 ἐπιόντων
767 5703 1103 5759 ἀντίστασιν.

431 5800 704 5862 Pauor.
741 5797 860 5858 Gn.
897 5795 1125 5858 XXIV.

1867 4691 2105 4745 rusalem
2139 4690 2281 4744 idola
2311 4689 2549 4752 coleret,
2583 4687 2692 4741 imo
2724 4686 2908 4756 potius
2945 4700 3069 4739 cum
3115 4692 3226 4739 tota
3259 4682 3447 4738 Judata

1871 4787 2282 4850 incenderetur,
2324 4785 2375 4838 in
2403 4782 2589 4838 Iudaea
2630 4781 2885 4837 diﬂ‘usum
2927 4778 3332 4849 quodammodo
3365 4785 3452 4830 est

1869 4879 2290 4950 Babyloniorum
2322 4876 2521 4930 bellum
2550 4891 2562 4928 :
2595 4875 2712 4943 qui,
2743 4874 2832 4928 illa
2859 4872 3076 4941 penitus
3105 4878 3340 4932 vastata,
3366 4881 3453 4922 ca-

1869 4984 1994 5045 ptos
2033 4973 2178 5026 viros
2221 4970 2651 5030 interfecerunt;
2697 4966 2956 5020 mulieres
2986 4977 3117 5018 vero
3155 4972 3212 5016 et
3253 4974 3452 5029 pueros

1874 5068 1926 5120 in
1957 5075 2159 5120 terram
2196 5079 2350 5118 suam
2400 5059 2815 5115 transtulerunt.
2856 5057 3128 5112 Caeterum
3167 5067 3289 5107 cum
3328 5051 3454 5103 talis

1873 5157 2109 5228 irruptio
2155 5154 2522 5225 praenuntiata
2565 5150 2757 5204 fuisset
2789 5158 2845 5203 et
2883 5148 3064 5201 futura
3094 5151 3260 5204 esset,
3304 5151 3455 5195 tanto

1874 5247 2043 5303 Judaei
2077 5257 2224 5302 metu
2259 5242 2540 5316 perterriti
2579 5249 2726 5304 sunt,
2757 5249 2814 5294 et
2856 5240 2911 5293 in
2945 5245 3124 5291 tantas
3179 5231 3459 5302 angustias

1878 5341 2108 5405 redacti,
2162 5350 2218 5392 ut
2261 5339 2314 5392 in
2355 5334 2628 5407 speluncis
2683 5339 2740 5386 et
2793 5331 2850 5384 in
2893 5326 3155 5383 montium
3199 5323 3457 5379 scissuris

1878 5449 2000 5489 sese
2035 5430 2396 5496 occultarent,
2437 5438 2492 5482 et
2523 5425 2667 5480 invia
2701 5424 2820 5478 loca
2860 5428 3136 5491 peterent,
3183 5432 3308 5472 cum
3347 5428 3461 5468 ma-

1881 5541 1983 5582 nus
2032 5539 2220 5580 eorum
2265 5522 2331 5578 ad
2380 5519 2757 5577 obsistendum
2801 5513 3184 5571 invadentibus
3234 5521 3462 5580 prorsus

1881 5614 2087 5673 debiles
2108 5622 2308 5669 essent.

3119 5767 3161 5828 11-
