3850 6210
450 307 552 362 907

1058 441 1286 496 CAPUT
1321 441 1410 496 Ill.

523 535 684 590 Vnus.
731 529 851 588 1-2.
886 548 906 584 ι
942 530 1080 586 Ecce
1124 529 1386 585 Dominus
1439 528 1682 584 Sabaoth
1738 525 1950 582 auferet
1991 539 2021 578 a

445 627 629 680 ludam
658 632 713 680 et
747 639 778 679 a
812 621 1140 688 Jerusalem,
1185 623 1468 678 robustum
1498 630 1554 676 et
1593 620 1906 685 robustam,
1943 632 2023 672 ro-

445 719 548 772 bur
577 716 733 787 panis
759 724 816 770 et
849 714 1021 771 robur
1064 728 1241 784 aquae,
1285 713 1561 784 gigantem
1612 722 1666 767 et
1711 713 1905 767 fortem
1943 709 2024 765 vi-

443 822 592 870 rum,
661 805 981 861 bellatorem
1050 815 1105 862 et
1153 801 1415 872 iudicem,
1468 810 1524 858 ct
1567 801 1928 872 prophetam,
1967 811 2025 856 et

444 897 702 962 ariolum,
741 906 795 951 et
825 912 1034 953 senem.
1069 915 1088 948 ›
1126 895 1182 951 ld
1215 911 1380 966 porro
1410 895 1687 966 continget
1735 893 1871 958 illis,
1912 907 2022 947 non

443 987 515 1042 ob
544 988 932 1053 idololatriam,
957 1003 1058 1043 nec
1088 987 1158 1042 ob
1191 988 1298 1042 alia
1334 987 1582 1058 quaedam
1615 984 1892 1050 facinora;
1929 984 2024 1040 sed

443 1081 516 1135 ob
543 1079 717 1134 solum
759 1081 1044 1135 consilium
1077 1095 1204 1136 vere
1244 1081 1493 1151 impium,
1531 1079 1801 1136 nefarium
1829 1087 1886 1134 et
1929 1078 2025 1132 im-

447 1172 679 1241 probum
735 1182 925 1228 contra
990 1173 1281 1228 Dominum
1351 1173 1568 1228 initum.
1637 1173 2024 1229 Animadverte

447 1262 613 1331 igitur
658 1278 766 1332 quo
807 1272 967 1333 pacto
1019 1272 1143 1332 post
1198 1262 1318 1318 illas
1365 1278 1558 1318 omnes
1595 1265 1859 1320 adversus
1902 1262 2024 1318 illos

444 1355 742 1412 iutentatas
783 1355 981 1419 minas,
1014 1355 1099 1410 his
1142 1356 1322 1410 verbis
1349 1354 1549 1410 inferat
1581 1372 1594 1410 :

513 1462 535 1500 ι
558 1447 841 1502 Peccatum
869 1457 1049 1502 autem
1081 1462 1292 1511 eorum,
1325 1448 1479 1516 quasi
1513 1448 1894 1514 Sodomorum,
1919 1463 2021 1504 an-

436 1542 823 1597 nuntiaverunt
835 1551 889 1598 et
905 1543 1338 1602 declaraverunt.
1353 1544 1444 1600 Va:
1457 1544 1650 1599 animae
1665 1530 1874 1612 eorum,
1892 1544 2022 1616 quia

435 1635 677 1690 inierunt
708 1635 995 1690 consilium
1032 1635 1229 1689 malum
1249 1646 1436 1690 contra
1473 1637 1702 1706 seipsos,
1735 1637 2020 1693 dicentes:

435 1726 730 1796 Alligemus
783 1726 1012 1797 justum,
1055 1729 1181 1798 quia
1231 1726 1466 1784 diﬂicilis
1507 1729 1665 1824 nobis
1693 1739 1796 1784 est.
1837 1748 1858 1782 ι
1893 1727 2018 1784 Haec
2047 1767 2092 1824 Β

421 1819 633 1888 -quippe
653 1833 815 1874 causa
835 1819 1102 1873 minarum
1125 1820 1366 1873 omnium
1391 1828 1526 1873 erat.
1546 1818 1684 1874 Hinc
1708 1835 1870 1890 porro
1894 1819 2015 1876 sine

435 1908 808 1965 controversia
859 1909 1076 1980 probari
1131 1911 1342 1964 aestimo
1383 1911 1498 1966 haec
1544 1919 1669 1980 post
1717 1910 2016 1966 Salvatoris

434 2005 726 2058 adventum
765 2004 926 2058 finem
967 2005 1266 2074 accepisse.
1299 2002 1603 2059 Cunfertim
1646 2019 1776 2074 ergo
1819 2013 1876 2060 et
1907 2020 2016 2058 una

435 2095 733 2150 secundum
779 2096 1157 2164 prophetiam,
1199 2095 1382 2150 omnia
1433 2095 1503 2150 ab
1550 2093 1852 2150 Jerusalem
1885 2104 1941 2150 et
1983 2109 2013 2149 a

431 2187 614 2243 Iudaea
651 2187 971 2244 defecerunt
1007 2198 1062 2243 et
1107 2189 1286 2242 ablata
1337 2198 1496 2256 sunt,
1535 2203 1643 2242 non
1684 2188 1820 2254 alio,
1851 2203 2012 2258 quam

431 2289 767 2336 structarum
801 2290 991 2335 contra
1022 2280 1368 2334 Salvatorem
1409 2288 1658 2334 nostrum
1693 2279 2013 2334 insidiarum

432 2383 698 2442 tempore.
742 2373 818 2426 Ac
851 2373 1032 2442 primo
1062 2371 1224 2426 ablati
1287 2381 1418 2426 sunt
1470 2372 1727 2428 robustus
1756 2381 1812 2426 ct
1848 2371 2015 2427 robu-

428 2469 537 2528 sta,
576 2463 713 2528 sive,
749 2465 1046 2517 secundum
1101 2462 1373 2530 Aquilam,
1425 2481 1444 2514 ι
1495 2461 1726 2517 fulcmm
1758 2470 1815 2518 et
1859 2462 2016 2518 fulci-

429 2563 672 2608 mentum
694 2595 708 2618 ,
751 2574 768 2606 ι
805 2554 910 2619 vel,
935 2556 1227 2608 secundum
1259 2553 1670 2626 Symmachum,
1693 2571 1716 2605 ι
1750 2563 2014 2609 sustenta-

428 2645 608 2702 culum
627 2659 679 2703 et
702 2649 1041 2702 sustentatio.
1057 2665 1076 2699 ›
1097 2647 1250 2714 Quod
1277 2647 1542 2718 intelligas
1563 2647 1861 2703 secundum
1890 2662 2015 2717 apo-

426 2742 677 2798 stolicum
714 2755 1044 2802 sermonem,
1071 2741 1161 2809 qui
1196 2739 1443 2795 homines
1469 2749 1656 2795 sancta
1697 2739 1810 2794 vita
1853 2754 2013 2794 exor-

427 2840 611 2896 natos,
629 2830 912 2885 columnas
937 2837 992 2883 ct
1018 2828 1422 2882 firmamentum
1445 2826 1678 2882 vocavit.
1700 2824 1766 2878 Et
1789 2824 2010 2895 quidem

427 2923 594 2976 etiam
629 2921 769 2991 apud
797 2921 1042 2991 priscum
1075 2919 1222 2973 illum
1253 2918 1509 2988 populum
1568 2917 1792 2987 quidam
1827 2925 2008 2981 erant,

425 3007 518 3075 qui
555 3022 651 3076 pro
683 3007 846 3060 totius
873 3007 1048 3076 gentis
1071 3006 1442 3061 sustentaculo
1487 3005 1680 3061 haberi
1713 3015 1963 3077 poterant
1989 3025 2003 3062 :

1125 297 1392 357 EUSEBII
1429 284 1906 356 CESARlENSl‘S
1943 285 2092 351 ΟΡΡ.
2137 285 2316 352 PARS
2356 295 2442 353 ΙΙΙ.
2484 316 2554 337 ‘-—
2592 286 3006 352 EXEGETICA.

2050 421 2100 477 Α

3618 291 3720 348 108

2680 433 3073 489 ΚΕΦΑΛΑΙΟΝ
3111 433 3183 484 I".

2203 547 2222 578 ι
2267 527 2396 580 Ἰδοὺ
2427 527 2492 598 δὴ
2519 529 2548 580 6
2585 526 2853 596 δεσπότης
2881 525 3086 596 Κύριος
3125 515 3355 579 Σαϐαὼθ
3393 518 3586 593 ἀφελεῖ
3611 517 3721 577 ἀπὸ

2126 616 2228 687 τῆς
2284 617 2544 680 Ἰουδαίας
2597 617 2694 671 καὶ
2738 617 2845 670 ἀπὸ
2901 616 3280 689 Ἰερουσαλὴμ,
3325 615 3579 685 ἰσχύοντα
3623 615 3722 669 καὶ

2131 708 2418 778 ἰσχύουσαν
2442 748 2456 774 ,
2496 709 2649 780 ίσχὺν
2678 708 2845 780 ἄρτου
2884 708 2977 761 καὶ
3026 709 3179 778 ἰσχὺν
3210 706 3440 775 ὕδατος,
3483 707 3721 778 γίγαντα

2128 801 2223 855 καὶ
2251 800 2502 871 ἰσχύοντα
2523 800 2828 873 ἄνθρωπον,
2853 799 3184 872 πολεμιστὴν
3203 799 3299 854 καὶ
3314 799 3595 870 δικαστὴν,
3622 795 3721 854 καὶ

2130 895 2438 966 προφήτην,
2463 895 2556 948 καὶ
2581 894 2905 966 στοχαστὴν,
2938 894 3033 948 καὶ
3067 893 3460 966 πρεσϐύτερον.
3501 912 3520 945 ι
3543 892 3720 948 Τοῦτο

2125 987 2182 1040 δὲ
2215 987 2551 1058 συμϐήσεται
2575 987 2778 1051 αὐτοῖς,
2801 985 2924 1040 οὔτε
2945 986 3010 1040 δι’
3037 985 3495 1056 εἰδωλολατρείαν,
3513 984 3636 1039 οὔτε
3649 975 3720 1039 διδ

2128 1078 2320 1150 ἐτέρας
2362 1077 2591 1149 πράξεις
2631 1078 2811 1142 τινάς·
2860 1077 2949 1132 διὰ
2993 1078 3161 1150 μόνην
3205 1078 3264 1132 δὲ
3305 1077 3501 1150 βουλὴν
3555 1078 3718 1133 ἄθεον

2127 1167 2363 1240 ἀληθῶς,
2399 1168 2492 1222 καὶ
2534 1168 2728 1238 ἀσεϐῆ,
2765 1169 2860 1222 καὶ
2898 1169 3162 1240 πονηρὰν,
3188 1168 3286 1240 τὴν
3312 1167 3451 1221 κατά
3483 1167 3575 1222 τοῦ
3611 1171 3722 1223 Κυ-

2129 1262 2265 1330 ρίου.
2307 1261 2416 1315 Θέα
2455 1260 2586 1331 γοῦν
2625 1263 2774 1327 ὅπως
2812 1263 2950 1334 μετὰ
2998 1262 3179 1326 πάσας
3216 1261 3314 1324 τάς
3366 1263 3488 1315 κατ’
3535 1261 3720 1317 αὐτῶν

2125 1352 2354 1419 ἀπειλὰς
2384 1355 2580 1424 ἐπάγει
2607 1354 2780 1424 λέγων
2801 1373 2814 1386 ’

2201 1464 2220 1498 ί
2253 1446 2365 1517 Τὴν
2388 1446 2446 1498 δὲ
2473 1447 2746 1519 ἁμαρτίαν
2776 1447 2956 1500 αὐτῶν
2984 1447 3060 1511 ὡς
3091 1440 3338 1518 Σοδόμων
3371 1447 3720 1520 ἀπήγγειλαν

2125 1537 2220 1590 καὶ
2263 1537 2607 1606 ἐνεφάνισαν.
2659 1535 2796 1592 Οὐαὶ
2831 1540 2896 1609 τῇ
2942 1537 3088 1609 ψυχῇ
3136 1537 3338 1603 αὐτῶν,
3396 1539 3478 1592 ὅτι
3526 1539 3720 1610 βεϐού-

2125 1630 2338 1685 λευνται
2383 1633 2580 1704 βουλὴν
2632 1633 2871 1705 πονηρὰν
2907 1634 3028 1688 καθ’
3076 1634 3286 1688 ἑαυτῶν
3335 1635 3604 1702 εἰπόντες,
3631 1637 3717 1690 ὅτι

2125 1723 2388 1794 Δήσωμεν
2416 1723 2510 1778 τὸν
2535 1723 2765 1788 δίκαιον,
2793 1726 3226 1799 ὃτιδύσχρηστος
3255 1730 3386 1798 ήμῖν
3412 1731 3548 1782 ἐστι.
3588 1747 3606 1780 ι
3639 1730 3719 1782 Τὸ

2120 1814 2230 1887 γὰρ
2251 1815 2423 1870 αἴτιον
2453 1816 2561 1870 τῶν
2584 1818 2995 1888 ἀπειλουμένων
3019 1820 3275 1874 ἀπάντων
3302 1820 3460 1874 τοῦτο
3484 1817 3572 1892 ἦν.
3601 1823 3716 1877 Καὶ

2117 1909 2182 1960 έκ
2227 1907 2434 1962 τούτων
2500 1909 2559 1964 δὲ
2600 1911 3019 1982 ἀναμφιλέκτως
3063 1908 3215 1983 οἶμαι
3261 1913 3609 1968 συνίστασθαι
3649 1913 3716 1967 τὸ

2121 2000 2258 2071 μετὰ
2290 2001 2388 2072 τὴν
2425 2003 2694 2074 σωτήριον
2727 2003 3034 2074 παρουσίαν
3065 2003 3238 2058 ταῦτα
3268 2004 3454 2066 τέλους
3483 2021 3715 2075 τετυχη-

2118 2090 2290 2146 κέναι.
2335 2093 2570 2164 Ἀθρὸως
2613 2090 2707 2148 οὖν
2746 2094 2959 2161 ἐξέλιπε
2995 2096 3091 2149 καὶ
3135 2095 3385 2169 ἀφῃρέθη
3431 2094 3571 2149 κατὰ
3608 2095 3713 2166 τὴν

2117 2184 2474 2255 προφητείαν,
2525 2186 2634 2240 ἀπό
2681 2203 2740 2240 τε
2787 2186 2890 2257 τῆς
2946 2186 3299 2258 Ἰερουσαλὴμ
3326 2187 3421 2240 καὶ
3462 2187 3568 2240 ἀπὸ
3605 2185 3713 2256 τῆς

2129 2274 2406 2338 Ἰουδαίας,
2452 2275 2588 2345 ὁμοῦ
2624 2276 2692 2332 τὰ
2733 2276 2932 2341 πάντα,
2973 2275 3073 2329 οὒκ
3117 2271 3304 2330 ἄλλοτε
3423 2276 3566 2330 κατὰ
3606 2279 3712 2350 τὴν

2113 2365 2208 2420 τοῦ
2239 2367 2489 2439 Σωτῆρος
2515 2367 2670 2439 ήμῶν
2700 2367 3015 2439 ἐπιϐουλήν.
3040 2369 3150 2422 Καὶ
3184 2367 3398 2439 πρῶτον
3428 2369 3714 2443 ἀφῃρέθη-

2117 2474 2215 2512 σαν
2269 2459 2523 2529 ἰσχύοντα
2566 2461 2658 2514 καὶ
2705 2459 3031 2530 ἰσχύουσαν·
3069 2459 3104 2530 ἢ
3139 2459 3279 2513 κατά
3312 2461 3402 2514 τὸν
3451 2461 3708 2529 Ἀκύλαν,

2121 2567 2140 2602 ι
2197 2550 2432 2623 ἔρεισμα
2464 2553 2556 2606 καὶ
2603 2553 2889 2624 ὲρεισμόνο
2933 2571 2950 2604 ι
2998 2552 3031 2623 ἢ
3077 2551 3216 2605 κατὰ
3253 2553 3344 2606 τὸν
3387 2551 3707 2624 Σύμμαχον,

2121 2661 2139 2693 ι
2173 2643 2450 2714 στήριγμα
2475 2645 2568 2698 καὶ
2599 2645 2919 2715 στηριγμόν.
2957 2664 2975 2696 ι
3008 2646 3183 2716 Ὅπερ
3209 2647 3422 2714 νοήσεις
3453 2647 3591 2700 κατά
3614 2639 3711 2699 τδν

2112 2735 2468 2790 ἀποστολικὸν
2497 2735 2672 2805 λόγον,
2706 2736 2766 2799 ὃς
2793 2737 2922 2800 τοὺς
2952 2735 3053 2806 βίῳ
3075 2735 3149 2805 τῷ
3173 2735 3314 2788 κατά
3337 2736 3469 2790 Θεὸν
3492 2737 3709 2809 ἐμπρέ-

2115 2844 2316 2892 ποντας
2350 2827 2574 2892 στύλους
2609 2845 2667 2880 τε
2711 2829 2804 2882 καὶ
2847 2828 3127 2899 ἑδραίωμα
3160 2827 3428 2898 ὠνόμασε.
3476 2829 3710 2894 Πάντως

2112 2918 2170 2972 δέ
2199 2935 2300 2971 που
2332 2919 2426 2972 καὶ
2465 2917 2616 2990 παρὰ
2638 2917 2715 2988 τῷ
2747 2918 2999 2990 προτέρῳ
3027 2916 3141 2987 λαῷ
3170 2912 3308 2988 ἦσάν
3340 2933 3483 2980 τινες
3512 2916 3708 2989 ῶσπερ

2113 3009 2464 3082 ἑδραιώματα
2496 3010 2590 3064 τοῦ
2623 3012 2825 3074 παντὸς
2858 3010 3036 3064 αὐτῶν
3069 3009 3288 3075 ἔθνους,
3330 3008 3424 3074 οὒς
3462 3009 3704 3082 ἀρθήσε-

423 3111 564 3166 quos
608 3099 672 3152 de
714 3097 890 3152 medio
931 3113 1120 3152 eorum
1154 3097 1426 3154 tollendos
1457 3113 1580 3155 esse
1615 3100 2000 3154 comminatur.

2119 3102 2235 3156 σθαι
2265 3103 2359 3157 ἀπ’
2395 3102 2573 3156 αὐτῶν
2606 3103 2634 3154 6
2662 3103 2820 3171 λόγος
2845 3102 3076 3156 ἀπειλεῖ.

501 3212 521 3246 ι
572 3194 754 3248 Robur
787 3195 943 3264 panis
973 3202 1024 3248 et
1075 3195 1246 3249 robur
1285 3209 1459 3264 aquae.
1513 3214 1532 3249 ι
1583 3193 1710 3252 Haec
1738 3211 1869 3251 vero
1906 3195 2011 3267 spi-

423 3287 608 3342 rituali
639 3303 790 3343 more
819 3287 1118 3355 accipiens,
1149 3288 1404 3343 advertas
1431 3288 1613 3353 velim,
1647 3303 1750 3343 non
1787 3304 2006 3358 partem,

424 3393 532 3432 non
575 3393 772 3446 aquam
810 3376 1162 3432 auferendam
1211 3393 1332 3433 esse
1379 3379 1508 3447 dici,
1565 3381 1661 3434 sed
1706 3379 1873 3436 robur
1918 3397 2010 3452 pa-

424 3467 508 3522 nis
555 3476 610 3520 et
664 3467 830 3522 robur
890 3464 1078 3537 iiquae;
1130 3468 1277 3538 quod
1333 3481 1401 3522 ex
1449 3468 1674 3525 alterius
1722 3473 2007 3540 prophetae.

422 3557 606 3612 verbis
661 3557 966 3626 intelligas:
1035 3576 1054 3610 ί
1099 3556 1264 3623 Ecce,
1331 3559 1534 3628 inquit,
1589 3560 1705 3616 dies
1753 3563 2000 3631 veniunt,

419 3649 553 3704 dicit
588 3650 880 3715 Dominus,
929 3660 984 3704 et
1036 3651 1246 3704 mittam
1293 3650 1491 3706 famem
1543 3666 1710 3722 super
1767 3663 2000 3721 terram;

424 3759 533 3798 non
579 3741 775 3798 famem
826 3743 982 3814 panis
1011 3782 1026 3807 ,
1085 3757 1186 3797 nec
1227 3744 1373 3799 sitim
1421 3761 1610 3814 aquae;
1657 3747 1752 3802 sed
1803 3746 2002 3803 famem

404 3836 677 3889 audiendi
707 3835 930 3891 verbum
969 3835 1180 3890 Domini
1210 3836 1275 3891 ”.
1311 3856 1331 3890 ι
1364 3837 1458 3892 Est
1489 3839 1652 3908 igitur
1691 3840 1886 3893 animm
1915 3855 2007 3910 pa-

407 3926 526 3993 ~nis,
563 3941 740 3980 sermo
772 3927 1046 3996 quispiam
1091 3929 1275 3997 alendi
1326 3930 1375 3982 vi
1411 3929 1703 3999 praeditus;
1737 3931 2006 3985 similiter-

407 4030 525 4085 que
553 4025 713 4084 potus
755 4017 1130 4072 rationabilis:
1166 4034 1400 4088 quorum
1437 4020 1540 4074 etsi
1578 4015 1748 4076 Judaei
1789 4037 1846 4077 se
1885 4039 2004 4093 par-

403 4107 612 4176 ticipes
639 4121 760 4162 esse
797 4117 1015 4178 putent,
1063 4112 1193 4165 dum
1228 4110 1440 4166 divinas
1490 4111 1800 4182 Scripturas
1833 4124 2004 4170 trans-

399 4209 671 4263 ~currunt,
713 4209 768 4254 et
810 4201 955 4256 circa
999 4202 1344 4271 disciplinam
1382 4206 1889 4278 promissiouesque
1916 4223 2003 4263 ea-

404 4306 539 4344 rum
583 4291 824 4346 studiose
867 4304 1197 4348 versantur:
1242 4305 1300 4348 at
1336 4297 1504 4350 robur
1541 4298 1838 4354 nutrientis
1879 4313 2000 4354 ser-

2189 3214 2210 3247 (
2259 3195 2432 3266 ’ἰσχὺν
2477 3195 2642 3266 ἄρτου
2692 3194 2786 3248 καὶ
2834 3196 2987 3266 ἰσχὺν
3029 3194 3240 3258 ὓδατος.
3301 3212 3320 3246 ι
3370 3194 3594 3266 Νοητῶς
3642 3195 3704 3249 δὲ

2111 3288 2588 3359 ὲκλαμϐανόμενος
2613 3287 2806 3353 ταῦτα,
2832 3290 2955 3360 δρα,
2982 3288 3064 3340 ὅτι
3083 3288 3182 3340 ούκ
3203 3287 3387 3358 ἄρτον,
3403 3286 3702 3361 ούτε,ὖδωρ

2107 3375 2263 3434 εἶπεν
2297 3381 2549 3450 ἀφελεῖν,
2590 3380 2710 3434 ’ἀλλ’
2751 3381 2904 3451 ἰσχὺν
2943 3379 3109 3451 ἄρτου
3149 3380 3242 3432 καὶ
3279 3379 3430 3450 ίσχὺν
3469 3379 3700 3444 ὓδατος·

2109 3475 2245 3546 ὅπερ
2269 3475 2484 3545 νοήσεις
2507 3475 2599 3543 ἀφ’
2630 3473 2819 3544 ἑτέρου
2851 3473 3128 3546 προφήτου
3160 3474 3430 3543 φήσαντος
3449 3487 3462 3501 ο
3499 3490 3517 3522 ι
3566 3471 3705 3527 Ἰδοὺ

2106 3568 2312 3638 ἡμέραι
2347 3567 2614 3638 ἔρχονται,
2644 3566 2791 3634 λέγει
2823 3565 3026 3637 Κύριος
3047 3606 3061 3629 ,
3095 3565 3189 3618 καὶ
3218 3563 3501 3618 ἀποστελῶ
3538 3563 3706 3635 λιμὸν

2107 3661 2201 3713 ὲπὶ
2236 3659 2334 3729 τὴν
2376 3658 2512 3729 γῆνο
2558 3658 2619 3710 ού
2663 3656 2818 3728 λιμὸν
2855 3658 3038 3728 ἀρτου,
3098 3656 3215 3710 οὐδὲ
3269 3655 3426 3726 δίψαν
3467 3655 3702 3722 ὓδατος,

2111 3749 2248 3803 ἀλλά
2276 3749 2434 3819 λιμὸν
2465 3746 2557 3800 τοῦ
2594 3746 2824 3800 ἀκοῦσαι
2861 3745 3017 3815 λόγον
3047 3746 3274 3816 Κυρίου.
3315 3765 3332 3797 ι
3378 3747 3562 3799 Ἔστιν
3601 3743 3704 3800 οὖν

2106 3838 2287 3911 ψυχῆς
2317 3840 2479 3911 ἄρτος
2510 3838 2800 3911 θρεπτικὸς
2845 3855 2928 3900 τις
2955 3836 3110 3905 λόγος
3137 3874 3152 3898 ,
3197 3838 3290 3890 καὶ
3323 3837 3486 3892 ποτὸν
3516 3838 3701 3891 ὡσαύ-

2101 3950 2213 3996 τως
2253 3931 2502 3999 λογικόν
2554 3925 2629 3983 ὧν
2674 3931 2723 3982 εί
2777 3929 2873 3982 καὶ
2921 3926 3199 3998 νομίζουσι
3253 3927 3698 3999 μεταλαμϐάνειν

2121 4021 2390 4075 Ἰουδαίων
2422 4019 2628 4083 παῖδες,
2663 4021 2721 4072 ὲν
2752 4018 2829 4088 τῷ
2857 4017 2958 4081 τὰς
3002 4017 3153 4081 θείας
3193 4018 3502 4090 διέρχεσθαι
3552 4020 3698 4090 Γραι

2107 4113 2233 4182 φάς,
2252 4113 2359 4166 καὶ
2388 4112 2520 4184 περὶ
2548 4111 2650 4174 τὰς
2676 4108 3011 4181 ὲκμαθήσεις
3035 4109 3126 4162 καὶ
3153 4109 3482 4179 ἐπαγγελίας
3510 4110 3697 4164 αὐτῶν

2106 4205 2448 4276 φιλοκαλεῖν·
2477 4203 2614 4257 ἀλλά
2647 4201 2745 4274 τὴν
2781 4201 2858 4274 (6)
2896 4201 3048 4270 ἰσχὺν
3087 4201 3195 4254 τῶν
3241 4202 3550 4274 θρεπτικῶν
3604 4203 3697 4256 λόρ

2103 4315 2236 4367 γων,
2271 4296 2368 4350 καὶ
2398 4297 2460 4350 τὸ
2501 4295 2792 4368 θρεπτικὸν
2821 4294 2921 4364 τῆς
2954 4293 3218 4357 ζωοποιοῦ
3250 4297 3355 4367 γῆς
3384 4296 3484 4349 οὐκ
3510 4294 3577 4348 ἂν
3608 4297 3696 4350 εὖ.

421 4384 636 4449 monis,
671 4385 1009 4454 vivificaeque
1044 4397 1204 4442 terra:
1248 4389 1605 4460 alimentum,
1661 4408 1820 4447 nemo
1858 4396 1997 4464 apud

2119 4407 2220 4460 οοις
2253 4390 2383 4460 παρ’
2425 4389 2628 4452 αὐτοῖς.
2675 4389 2876 4459 ’Ἄρτου
2903 4386 3082 4441 τοίνυν
3116 4387 3275 4441 πάλιν
3300 4388 3400 4441 ούκ
3427 4387 3694 4458 αίσθητοῠ

399 4489 563 4544 -tpsos
617 4477 870 4546 reperiat.
918 4477 1118 4533 Panem
1181 4496 1310 4550 ergo
1363 4483 1617 4538 sensilem
1682 4488 1995 4557 neutiquam

420 4579 714 4636 memorat;
755 4585 852 4626 nec
895 4587 1066 4641 aquas
1110 4574 1300 4628 itidem
1342 4591 1462 4644 qtae
1498 4578 1607 4632 triti
1649 4594 1712 4632 ac
1755 4596 1999 4634 commu-

419 4662 502 4716 nis
529 4663 640 4717 sint
673 4679 832 4732 usus;
867 4667 961 4720 sed
998 4666 1146 4721 illum
1184 4671 1366 4735 potius
1397 4687 1627 4740 panem,
1666 4673 1733 4726 de
1772 4689 1880 4742 quo
1918 4675 1996 4729 ait

396 4754 584 4808 ~David
620 4770 636 4808 :
672 4773 690 4806 ‹
724 4755 926 4811 Panem
961 4758 1084 4811 caeli
1119 4759 1268 4812 dedit
1301 4761 1403 4824 eis,
1449 4779 1642 4832 panem
1677 4766 1996 4835 angelorum

416 4849 762 4904 manducavit
786 4851 950 4904 homo
975 4851 1071 4904 ⁸⁸.)
1107 4851 1288 4920 Aquas
1317 4854 1444 4906 item
1478 4855 1653 4922 ipsum
1685 4857 2009 4912 meminisse.

412 4939 645 4995 dicimus
694 4942 1040 5010 spirituales,
1097 4945 1166 4998 de
1230 4945 1427 5014 quibus
1487 4946 1654 5001 Isaias
1717 4949 1982 5016 propheta

410 5031 540 5086 alibi
574 5032 620 5065 "
652 5033 779 5088 talia
814 5035 986 5089 fatur:
1027 5055 1046 5087 ι
1077 5037 1158 5091 Et
1189 5037 1443 5092 haurient
1476 5053 1672 5106 aquam
1714 5056 1834 5094 cum
1862 5057 1994 5110 gau-

409 5125 492 5179 tlio
538 5125 608 5181 de
638 5125 885 5183 fontibus
915 5127 1222 5186 Salutaris:
1267 5149 1285 5182 ι
1321 5131 1449 5199 quin
1479 5140 1533 5184 et
1561 5131 1673 5200 ipse
1705 5129 1990 5188 Salvator:

405 5232 424 5264 ι
479 5213 671 5270 Omnis
699 5218 788 5286 qui
823 5219 959 5273 bibit
984 5235 1052 5275 ex
1091 5221 1193 5275 bac
1233 5234 1394 5287 aqua,
1443 5219 1591 5274 sitiet
1627 5221 1861 5288 iterum;
1902 5223 1994 5292 qui

405 5320 542 5362 vero
578 5306 776 5362 biberit
829 5324 896 5364 ex
948 5325 1125 5380 aqua,
1177 5326 1339 5381 quam
1379 5325 1478 5382 ego
1511 5312 1652 5368 dabo
1685 5314 1756 5380 ei,
1796 5314 1889 5369 ﬁet
1938 5317 1993 5370 in

405 5410 466 5450 eo
515 5397 636 5455 fons
673 5415 827 5471 aquae
857 5401 1111 5458 salientis
1141 5403 1196 5457 in
1239 5403 1407 5457 vitam
1433 5412 1694 5460 aeternam
1726 5405 1790 5458 “.
1822 5424 1840 5458 ι
1881 5405 1992 5460 llu-

2032 4476 2077 4511 ν
2109 4483 2471 4556 μνημονεύειο
2514 4482 2629 4536 ἀλλ’
2664 4482 2786 4536 οὐδὲ
2836 4476 3041 4535 ὑδάτων
3087 4481 3198 4535 τῶν
3239 4483 3296 4534 ὲν
3352 4483 3692 4551 καταχρήσει

2103 4570 2288 4648 κοινίῇο
2345 4576 2554 4629 ἐκείνου
2601 4575 2658 4628 δὲ
2714 4573 2912 4656 μᾶλλον
2963 4575 3090 4646 περὶ
3139 4567 3200 4627 οὗ
3253 4591 3414 4646 φησιν
3461 4577 3489 4628 6
3525 4574 3691 4630 Δαυῒδ

2109 4689 2127 4721 ι
2163 4671 2324 4740 ἄρτον
2345 4666 2576 4740 ούρανοῦ
2609 4666 2805 4720 ἔδωκεν
2838 4667 3042 4732 αὐτοῖς,
3081 4667 3242 4740 ἄρτον
3271 4666 3518 4734 ἀγγέλων
3548 4668 3688 4736 ἔφα-

2101 4779 2196 4830 γεν
2241 4761 2544 4831 ἄνθρωπος.
2607 4780 2626 4812 ι
2683 4759 2920 4812 Ὑδάτων
2959 4776 3018 4812 τε
3065 4758 3461 4830 διαμεμνῆσθαί
3501 4776 3689 4829 φαμεν

2099 4857 2262 4909 αὐτὸν
2293 4853 2521 4925 νοητῶν,
2558 4853 2684 4923 περὶ
2712 4847 2787 4905 ὧν
2825 4851 2986 4914 αὑτός
3019 4851 3120 4903 πού
3152 4867 3315 4921 φησιν
3342 4851 3370 4902 6
3397 4852 3688 4922 προφήτης

2118 4949 2343 5011 Ἡσαΐας
2363 4965 2376 4978 ·
2414 4965 2431 4996 ι
2454 4947 2564 5000 Καὶ
2580 4947 2934 5015 ἁντλήσουσιν
2951 4943 3094 5014 ὕδωρ
3126 4944 3240 5014 μετ’
3267 4942 3605 5014 εὐφροσύνης
3621 4946 3689 4998 ὲκ

2104 5040 2212 5092 τῶν
2247 5039 2438 5109 πηγῶν
2471 5038 2564 5090 τοῦ
2595 5035 2870 5106 Σωτηρίου
2894 5052 2906 5064 ·
2943 5053 2960 5085 ι
2984 5035 3076 5086 καὶ
3108 5034 3212 5104 μὴν
3241 5035 3334 5086 καὶ
3349 5032 3686 5097 αύτὸςόΣω-

2098 5133 2234 5202 τῆρ’
2286 5150 2303 5182 ι
2342 5131 2458 5194 Πᾶς
2500 5131 2528 5181 6
2557 5130 2727 5182 πίνων
2757 5131 2820 5180 ὲκ
2851 5124 2945 5178 τοῦ
2976 5124 3166 5188 ὓδατος
3193 5125 3380 5178 τούτου
3402 5165 3416 5188 ,
3464 5125 3684 5197 διψήσει

2097 5223 2286 5276 πάλιν⁸
2313 5222 2370 5285 ὃς
2396 5222 2440 5274 δ’
2467 5220 2533 5275 ἂν
2565 5223 2663 5292 πίῃ
2695 5223 2757 5272 ἐκ
2783 5220 2874 5272 τοῦ
2904 5217 3093 5281 ὓδατος
3117 5213 3175 5272 οὗ
3199 5217 3308 5285 ἐγὼ
3326 5217 3482 5270 δώσω
3509 5219 3681 5289 αύτῷ,

2095 5317 2383 5386 γενήσεται
2412 5317 2469 5369 ἐν
2501 5314 2649 5383 αὐτῷ
2679 5312 2828 5383 πηγὴ
2869 5312 3059 5374 ὓδατος
3101 5310 3392 5380 ἁλλομένου
3423 5311 3502 5373 εἰς
3534 5310 3687 5384 ζωὴν

2097 5405 2335 5464 αἰώνιον.
2391 5426 2410 5460 ι
2453 5407 2618 5469 Σύνες
2649 5406 2704 5459 δὲ
2745 5405 2988 5478 ἀκριϐῶς
3030 5404 3129 5468 τὰς
3177 5402 3300 5474 περὶ
3335 5401 3540 5456 τούτων
3583 5403 3682 5458 τοῦ

480 5575 526 5606 ⁸³
557 5576 723 5633 Amos
771 5592 894 5644 vin,
937 5577 1017 5635 ll.
1094 5578 1138 5611 “‘
1175 5577 1316 5634 Psal.
1348 5595 1553 5648 Lxxvn,
1581 5581 1673 5636 24.
1753 5582 1797 5613 ¹⁵
1824 5581 1960 5654 Cap.
1985 5600 2009 5641 ι

2119 5585 2161 5640 5.
2239 5586 2284 5622 ⁸⁸
2307 5583 2467 5640 Joan.
2493 5598 2566 5650 tv,
2597 5584 2678 5650 l5,
2708 5584 2792 5640 Η.

469 5758 616 5829 {9-6)
649 5761 806 5823 Hunc
836 5766 963 5824 item
998 5765 1174 5826 locum
1203 5769 1480 5842 expressit,
1507 5767 1888 5838 Hieronymus,
1917 5769 2072 5832 initio
2099 5771 2318 5832 secundi
2357 5770 2507 5828 libri.
