3850 6210
152 318 230 377 IL9

1045 312 1559 376 COMMENTABIA
1597 316 1664 373 ΙΝ
1704 318 1963 376 lSAIAM.
2005 342 2071 361 ι·-
2108 320 2261 376 CAP.
2301 318 2389 375 Ill.

3262 330 3366 383 110

149 441 381 513 προφήτου
407 439 611 509 φωνάς’
652 435 717 494 οὐ
751 440 861 513 γὰρ
894 442 1123 514 εἴρηκεν
1154 442 1341 506 ἁπλῶς
1374 442 1671 515 ἀφαιρεθή-

1779 443 1870 514 jus
1899 457 2063 514 porro
2091 444 2371 513 propheta:
2403 456 2466 497 ea
2512 442 2581 499 de
2611 458 2670 499 re
2700 455 2864 500 voces
2901 453 3155 500 accurate
3205 444 3370 501 intel-

150 533 299 587 σεσθαι
315 533 413 588 τῶν
455 534 722 588 Ἰουδαίων
740 535 902 607 ἄρτον
929 554 990 589 τε
1008 537 1102 590 καὶ
1128 536 1292 609 ὕδωρ,
1322 537 1437 591 ἀλλ’
1468 556 1486 588 ι
1525 540 1677 608 ἰσχὺν

146 627 276 700 ἄρτου
293 626 375 679 καὶ
400 626 549 697 ἰσχὺν
571 625 791 691 ὓδατοςο
834 646 854 679 ι
876 628 973 681 καὶ
987 628 1070 681 δεῖ
1093 629 1241 699 ἡμᾶς
1265 628 1471 682 οἴεσθαι
1499 627 1676 682 τοιοῦ-

144 716 213 771 τόν
231 735 273 772 τι
293 718 544 772 διδάσκειν
573 717 857 787 βούλεσθαι
886 719 1069 773 αὐτόν.
1108 720 1300 791 Ἡμεῖς
1323 720 1433 791 γὰρ
1454 721 1567 784 τοῖς
1594 722 1674 773 ίε-

145 809 232 879 ροῖς
254 810 719 879 περιτυγχάνοντες
758 806 958 879 λόγοις,
1012 812 1107 865 καὶ
1144 812 1243 876 τὰς
1287 812 1439 878 θείας
1486 814 1676 882 ἀναγιά

144 899 386 963 νὼσκοντες
442 900 685 972 Γραφὰς,
755 897 874 956 είτα
933 903 1208 968 συνιέντες
1259 906 1450 972 αὐτὰς,
1519 907 1674 976 ἰσχὺν

140 994 268 1063 ἄρτου
300 982 479 1064 νοητῶ
524 994 826 1065 δεχόμεθα·
871 1014 890 1047 ι
932 997 1007 1050 Οὐ
1035 997 1144 1069 γὰρ
1184 999 1270 1050 ἐπ’
1303 998 1452 1069 ἄρτῳ
1506 999 1670 1069 μόνῳ,

140 1084 257 1153 φησι,
304 1082 515 1155 ζήσεται
568 1086 854 1156 ἄνθρωπος
876 1103 889 1117 ·
950 1086 1065 1141 ἀλλ’
1115 1089 1208 1142 ἐπὶ
1252 1088 1417 1142 παντὶ
1467 1090 1672 1160 ῥήματι

138 1175 498 1245 ἐκπορευομένῳ
556 1175 643 1229 διὰ
702 1178 968 1247 στόματος
1022 1178 1180 1234 Θεοῦ.
1250 1198 1269 1231 ι
1332 1180 1565 1250 Ὁμοίως
1613 1180 1671 1233 δὲ

138 1270 307 1339 νοήσεις
336 1269 423 1321 καί¹
466 1268 551 1338 ἐφ’
602 1270 813 1324 ὑδάτων
862 1270 1091 1341 νοητῶν.
1153 1272 1398 1325 Ἰουδαῖοί
1454 1289 1519 1341 γε
1566 1271 1671 1343 μὴν

136 1360 280 1429 ἔχουσι
313 1362 401 1430 μὲν
424 1366 514 1414 τὸν
537 1361 703 1433 ἄρτον
744 1362 838 1415 καὶ
862 1363 925 1416 τὸ
962 1362 1107 1434 ὕδωρ
1131 1363 1208 1416 ἔτι
1228 1381 1242 1393 ·
1281 1364 1673 1436 πολυπραγμο-

136 1450 253 1504 νοῦσι
267 1453 363 1523 γὰρ
387 1452 452 1504 τὰ
473 1452 757 1516 Μωύσέως
774 1454 1099 1526 γράμματα,
1129 1456 1223 1508 καὶ
1240 1455 1669 1521 ἀναγινώσκουσι

135 1543 205 1595 τὸν
234 1544 402 1613 νόμον’
437 1545 628 1615 ἐπειδὴ
663 1544 720 1598 δὲ
753 1545 1117 1614 γινώσκουσιν
1146 1547 1321 1613 οὐδὲν,
1358 1549 1457 1600 οὐκ
1487 1547 1669 1618 ἔχουσι

138 1635 211 1706 τὴν
232 1637 361 1704 ίσγύν
390 1637 482 1691 τοῦ
512 1639 704 1709 ἄρτου,
745 1638 867 1693 οὔτε
903 1640 1008 1711 μὴν
1028 1640 1128 1711 τὴν
1157 1642 1310 1711 ἰσχὺν
1338 1641 1431 1694 τοῦ
1455 1642 1663 1705 ὓδατος.

136 1723 267 1779 1ῖιλον
303 1731 396 1795 γὰρ
446 1729 633 1791 αὐτοῖς
682 1729 776 1781 καὶ
820 1730 979 1800 μόνον
1028 1729 1089 1783 τὸ
1144 1732 1379 1802 γράμμα
1421 1730 1664 1796 δέδοται,

1784 534 1964 604 ligas:
2016 547 2123 588 non
2162 536 2309 587 enim
2354 532 2680 603 simpliciter
2720 535 2894 600 dixit,
2929 534 3285 591 auferendum
3332 552 3362 589 a

1783 625 1985 682 Judaeis
2019 640 2143 682 esse
2172 640 2368 697 panem
2414 637 2471 680 et
2508 641 2749 696 aquam;
2791 626 2885 683 sed
2922 645 2944 695 ι
2994 629 3162 685 robur
3207 629 3363 698 panis

1782 728 1837 773 et
1866 720 2035 774 robur
2060 733 2253 787 aquae:
2290 738 2310 773 ι
2344 734 2552 790 parque
2585 728 2671 775 est
2708 729 2770 774 ut
2796 735 2897 775 nos
2928 735 3050 775 eum
3085 722 3361 791 quidpiam

1782 810 1957 866 simile
1995 812 2225 867 edocere
2284 812 2633 867 arbitremur.
2684 811 2795 868 Nos
2837 814 3038 884 quippe
3086 815 3141 869 in
3189 817 3363 871 sacris

1781 901 2127 957 sermonibus
2168 912 2475 969 versantes,
2526 917 2591 957 ac
2631 903 2844 959 divinas
2886 902 3198 975 Scripturas
3238 921 3363 976 per-

1782 1006 1924 1060 saepe
1966 993 2225 1062 legentes,
2278 1008 2344 1049 ac
2392 994 2612 1049 demum
2651 995 2797 1063 ipsas
2839 994 3239 1064 intelligentes,
3271 997 3360 1052 hic

1781 1084 2082 1154 spiritualis
2122 1085 2279 1155 panis
2324 1085 2433 1139 vim
2468 1084 2863 1156 intelligimus:
2906 1103 2925 1137 ι
2966 1085 3081 1140 Non
3126 1088 3269 1143 enim
3304 1089 3358 1143 in

1779 1190 1922 1245 pane
1976 1175 2127 1241 solo,
2191 1177 2301 1240 ait,
2348 1176 2489 1231 vivet
2534 1176 2735 1240 homo;
2800 1177 2897 1230 sed
2954 1177 3007 1230 in
3046 1178 3193 1231 omni
3230 1193 3359 1233 ver-

1779 1267 1851 1321 bo
1898 1267 2363 1336 quodlegrcditur
2406 1281 2501 1336 per
2543 1281 2606 1320 os
2638 1266 2731 1321 Dei
2760 1266 2824 1319 "’.
2871 1284 2890 1317 ι
2933 1265 3119 1334 Aquas
3155 1267 3364 1334 pariter

1778 1359 2093 1430 spirituales
2138 1359 2413 1429 intelligas
2453 1367 2693 1428 oportet.
2722 1357 2893 1414 Judrei
2922 1374 3055 1414 sane
3085 1374 3280 1429 panem
3304 1369 3362 1416 et

1778 1466 1976 1520 aquam
2018 1449 2223 1504 habent
2252 1451 2564 1517 hactenus;
2600 1464 2724 1503 nam
2754 1431 2956 1521 Moysis
3007 1451 3214 1520 scripta
3262 1467 3361 1507 cu-

1778 1544 1986 1598 riosius
2028 1542 2319 1608 evolvunt,
2355 1542 2639 1612 legemque
2670 1543 3018 1615 sperlegunt;
3054 1546 3179 1613 quia
3230 1560 3361 1600 vero

1777 1632 1913 1686 nihil
1949 1630 2293 1702 intelligunt,
2342 1634 2511 1686 robur
2558 1635 2716 1702 panis
2764 1649 2869 1687 non
2911 1634 3136 1699 habent,
3184 1651 3361 1706 neque

1777 1724 1945 1779 robur
1978 1738 2134 1793 aqua:
2161 1725 2428 1780 obtinent.
2485 1722 2612 1778 Sola
2662 1724 2863 1795 quippe
2904 1733 2960 1780 et
3000 1729 3145 1781 nuda
3180 1728 3361 1781 littera

136 1816 267 1887 ἄρτου
296 1821 385 1890 μὲν
412 1821 507 1872 καὶ
535 1819 732 1883 ὓδατος
763 1820 1032 1891 ὑπόληψιν
1081 1820 1223 1891 ἕχον,
1256 1821 1454 1892 τρέφον
1486 1822 1542 1874 δὲ
1573 1824 1671 1875 αὐ-

1778 1829 2035 1871 concessa
2074 1815 2183 1871 illis
2221 1824 2338 1881 est,
2388 1831 2508 1885 quae
2560 1815 2777 1885 quidem
2827 1815 3066 1886 aliquam
3114 1818 3271 1887 panis
3306 1828 3364 1872 et

136 1913 233 1976 τοὺς
257 1917 362 1967 κατ’
385 1913 575 1967 οὐδένα
602 1914 804 1985 τρόπον
835 1916 913 1977 είς
947 1912 1161 1979 εὐεξίαν
1190 1913 1288 1984 τὴν
1310 1914 1527 1983 νοητήν.
1562 1914 1671 1965 Καὶ

138 2006 423 2076 μαρτυρήσει
460 2007 692 2076 γράφων
725 2008 754 2059 ό
784 2005 997 2069 Παῦλος
1019 2023 1032 2037 ’
1079 2026 1097 2057 ι
1149 2007 1314 2076 Ἀχρι
1349 2006 1459 2076 γὰρ
1502 2007 1672 2076 σήμε-

138 2111 222 2164 ρον,
260 2096 408 2166 ἡνίκα
444 2095 883 2164 ἀναγινώσκεται
927 2097 1199 2169 Μωῦσῆς,
1258 2095 1524 2166 κάλυμμα
1578 2095 1670 2147 ἐπὶ

136 2190 207 2258 τὴν
234 2189 433 2259 καρδίαν
462 2188 646 2243 αὐτῶν
692 2192 900 2254 κεῖται,
946 2209 967 2242 ι
1021 2189 1095 2261 μὴ
1133 2188 1668 2258 ἀνακαλυπτόμενον,

137 2276 197 2327 ἔτι
216 2277 265 2330 ὲν
290 2278 497 2349 Χριστῷ
530 2281 915 2350 καταργεῖται.
947 2280 1061 2332 Καὶ
1097 2278 1221 2333 καθ’
1242 2278 1429 2350 ἓτερον
1465 2277 1523 2330 δὲ
1549 2276 1673 2345 τρό-

138 2386 213 2420 πον
235 2371 525 2443 ἀφῃρῆσθαί
572 2389 756 2442 φαμεν
797 2374 861 2425 ἐκ
900 2371 1000 2442 τῆς
1040 2370 1309 2426 Ἰουδαίων
1349 2368 1672 2439 συναγωγῆς

138 2460 253 2529 ἰσχὺν
274 2463 425 2534 ἄρτου
453 2466 550 2517 καὶ
586 2464 739 2534 ίσχύν
769 2462 957 2526 ὓδατος
980 2481 994 2494 ·
1018 2464 1112 2517 καὶ
1140 2463 1299 2533 λόγος
1330 2464 1448 2516 ἐστὶ
1482 2479 1673 2534 μυστιο

134 2551 222 2614 κός.
256 2554 428 2624 Ἡμεῖς
464 2555 568 2625 μὲν
598 2555 707 2626 γὰρ
733 2556 784 2608 οἱ
802 2555 889 2607 διὰ
917 2554 1155 2618 πίστεως
1181 2554 1508 2627 κεκλημένοι
1536 2553 1673 2626 πρὸς

136 2645 377 2717 ἁγιασμὸν,
401 2648 493 2702 τὸν
518 2647 686 2720 ἄρτον
716 2647 914 2718 ἔχομεν
942 2649 1035 2702 τὸν
1052 2648 1112 2712 ἐξ
1140 2647 1394 2720 οὐρανοῦ,
1428 2646 1672 2701 τουτέστι

137 2734 342 2803 Χριστὸν,
387 2739 504 2809 ἢτοι
544 2739 609 2791 τδ
645 2738 805 2810 σῶμα
853 2738 1038 2792 αὐτοῦ.
1083 2736 1147 2791 Εἰ
1184 2738 1241 2791 δὲ
1271 2738 1334 2809 δή
1370 2754 1452 2801 τις
1474 2736 1669 2808 ἔροιτο,

135 2824 234 2878 ποία
255 2823 328 2889 τίς
361 2830 503 2881 ἐστιν
539 2830 578 2900 ἡ
608 2830 761 2899 ίσχύς
795 2828 981 2893 αὐτοῦ,
1030 2829 1210 2898 φαμὲν
1245 2829 1327 2881 ὅτι
1378 2824 1668 2891 ξωοποιός⁸

136 2917 278 2972 δίδωσι
315 2922 415 2994 γάρ
454 2923 533 2994 τῷ
579 2923 771 2993 κόσμῳ
822 2921 990 2993 ζωήν.
1030 2922 1338 2993 Προσίεμεν
1378 2920 1436 2972 δὲ
1473 2920 1675 2990 ὁμοίως

137 3009 278 3082 nisi;
304 3012 382 3065 διὰ
408 3013 501 3067 τοῦ
546 3014 707 3081 ἁγίου
738 3013 1115 3083 βαπτίσματος
1150 3012 1354 3082 χάριτι,
1390 3010 1484 3062 τοῦ
1516 3009 1675 3076 ἁγιά-

137 3101 279 3167 ζοντος
303 3107 437 3175 ἡμᾶς
467 3106 665 3171 ὓδατος
688 3107 789 3178 τὴν
823 3106 975 3174 ἰσχὺν
1004 3100 1144 3158 εἶναι
1183 3103 1452 3171 λέγοντες,
1492 3102 1670 3173 ἁμαρ-

136 3196 236 3249 τιιῖιν
266 3198 540 3263 ἀπόθεσιν,
588 3198 948 3269 ἀναγὲννησιν
996 3194 1373 3266 πνευματικὴν
1410 3193 1491 3255 είς
1536 3208 1672 3261 συμ-

139 3288 326 3358 μορφίαν
367 3290 460 3362 τὴν
491 3292 579 3354 εἰς
620 3289 784 3343 αὐτὸν
824 3289 914 3341 τὸν
954 3286 1225 3359 Χριστόνο
1269 3285 1362 3338 καὶ¹
1403 3283 1538 3355 πρὸς
1580 3283 1673 3336 ἐπὶ

135 3378 318 3447 τούτοις,
356 3382 672 3456 παρρησίαν
698 3381 906 3435 εἰσόδου
933 3381 1031 3451 τῆς
1060 3381 1139 3442 είς
1160 3376 1257 3448 τὴν
1289 3375 1396 3429 τῶν
1429 3375 1672 3447 οὐρανῶν

139 3471 381 3537 βασιλείαν.
448 3476 578 3529 Ἐὰν
651 3475 763 3545 γάρ
832 3490 938 3536 τις,
991 3472 1145 3542 φησι,
1187 3488 1206 3521 ι
1247 3468 1321 3540 μὴ
1348 3469 1580 3539 γεννηθῇ
1614 3468 1672 3535 ἐξ

136 3557 285 3625 ὕδατος
325 3566 412 3618 καὶ
471 3564 806 3636 πνεύματος,
855 3564 916 3616 οὐ
976 3561 1199 3615 δύναται
1259 3557 1520 3611 εἰσελθεῖν
1589 3559 1673 3620 είς

136 3650 211 3721 τὴν
255 3652 510 3723 βασιλείαν
568 3656 682 3709 τῶν
700 3655 995 3727 ὀύρανῶν.
1039 3673 1060 3707 ι
1107 3650 1461 3722 Ἐστὲρηνται
1507 3649 1565 3702 δὲ
1621 3651 1670 3702 oi

146 3741 341 3799 Ἰουδαῖοι
384 3748 490 3801 τῶν
518 3746 781 3801 τοιούτων
822 3745 1071 3815 ἀγαθῶν
1110 3745 1171 3797 οὐ
1219 3744 1329 3815 γάρ
1378 3745 1495 3796 ἐστι
1541 3741 1669 3811 παρ’

136 3817 279 3902 αὐτοῖς
311 3841 455 3911 ἰσχὺς
490 3842 683 3912 ἄρτου,
720 3838 993 3891 τουτέστιν
1026 3839 1060 3906 ἡ
1090 3838 1146 3889 ὲν
1171 3834 1394 3906 Χριστῷ
1440 3831 1671 3898 ζωοποί-

135 3942 245 3997 τίσις,
268 3933 362 3986 οὐδ’
390 3933 572 4004 έχουσι,
594 3932 696 4003 τὴν
725 3930 817 3983 τοῦ
843 3929 1032 3990 ὓδατος
1063 3926 1210 3997 ἰσχύν
1236 3944 1249 3956 ·
1279 3927 1672 3997 ἁπομεμένηκε

137 4021 217 4091 γὰρ
235 4024 282 4077 ὲν
306 4025 477 4089 αὐτοῖς
510 4022 941 4091 ἀναπόνιπτοςὴ
980 4018 1258 4090 ἁμαρτία·
1295 4018 1400 4070 οὐκ
1435 4013 1673 4069 εἰσελαύ-

138 4128 277 4169 νονσιν
302 4118 373 4180 εἰς
398 4118 495 4188 τὴν
525 4117 638 4170 τῶν
673 4112 917 4185 οὐρανῶν
960 4110 1256 4182 βασιλείαν,
1291 4108 1382 4163 τὸν
1425 4106 1672 4176 εἰσκομί-

136 4203 261 4268 ζοντα
293 4211 515 4283 Χριστὸν
559 4207 941 4279 ἀτιμάζοντες.
986 4205 1060 4257 Οὐ
1106 4202 1215 4274 γὰρ
1260 4202 1547 4255 ἐπίστευον
1586 4198 1673 4251 λέ-

135 4302 445 4371 τοντιῚἜγὼ
478 4304 595 4373 είμι
625 4302 660 4370 ἡ
690 4300 827 4363 ὁδὸς,
850 4319 868 4349 ι
894 4299 1009 4359 καὶ,
1031 4316 1049 4347 ι
1074 4294 1214 4364 Ἐγώ
1243 4296 1360 4365 εἰμι
1392 4295 1424 4363 ἡ
1452 4290 1613 4361 θύρα.
1645 4308 1664 4340 ι

236 4394 330 4447 Καὶ
356 4394 845 4465 πεντηκόνταρχον,
874 4390 968 4443 καὶ
994 4386 1311 4457 θαυμαστὸν
1344 4385 1407 4436 σύ
1416 4382 1669 4455 μδουλον,

1699 3162 1741 3220 C

138 4482 208 4536 καὶ
247 4486 390 4555 mox:
424 4485 786 4557 ἀρχιτέκτονα
806 4524 821 4547 ,
850 4482 945 4536 καὶ
979 4479 1197 4533 συνετὸν
1229 4477 1526 4548 ἀκροατήν.
1558 4473 1670 4525 Καὶ
1701 4508 1747 4565 D

136 4572 368 4645 ἐπιστήσω
389 4577 711 4637 νεανίσκους
735 4574 998 4643 ἄρχοντας
1025 4567 1223 4629 αὐτῶν,
1252 4566 1347 4619 καὶ
1366 4567 1669 4635 ἐμπαῖκται

136 4666 461 4735 κυμεύσουσιν
498 4666 700 4721 αὐτῶν.
749 4684 769 4716 ι
810 4664 886 4733 (7)
920 4662 1016 4726 Τίς
1054 4657 1148 4714 οὖν
1182 4656 1491 4730 ὁρῶνιτούς
1518 4653 1670 4724 παρὰ

146 4755 374 4824 Ἰουδαίοις
443 4756 881 4831 ὀνομαζομένους
946 4752 1312 4825 πατριάρχας,
1350 4748 1668 4811 νεανίσκους

138 4846 332 4917 ἀληθῶς,
357 4853 413 4905 οὐ
451 4854 552 4924 τὴν
578 4850 689 4904 τῶν
720 4851 987 4919 σωμάτων
1014 4845 1251 4919 ἠλικίαν,
1280 4840 1415 4896 ἀλλὰ
1439 4840 1538 4903 τὰς
1571 4838 1673 4908 ψυ-

138 4939 216 5007 κάς
242 4943 429 5009 ἀτελεῖς
462 4945 558 4998 καὶ
583 4943 784 5007 ἐνδεεῖς
822 4940 1055 5011 φρενῶν,
1088 4936 1212 4999 τούς
1242 4950 1303 4987 τε
1336 4932 1555 4992 λοιποὺς
1578 4928 1675 4982 αὐ-

139 5030 221 5083 τῶν
246 5034 599 5100 διδασκάλους,
639 5036 739 5089 οὐκ
770 5033 835 5086 ἂν
873 5032 1015 5085 εἴποι
1042 5027 1356 5100 ὲμπαίκτας
1386 5019 1545 5087 εἶναι,
1580 5021 1675 5075 καὶ

140 5118 261 5192 οὖςή
293 5127 589 5197 προφητεία
622 5124 843 5196 ἐδήλους

198 5325 214 5359 ι
240 5310 705 5384 Καὶσυμπεσεῖται
733 5314 762 5365 ό
794 5310 945 5373 λαὸς,
982 5308 1268 5378 ἄνθρωπος
1303 5304 1439 5375 πρὸς
1460 5302 1674 5374 ἄνθρω-

144 5412 238 5465 MV,
258 5406 341 5457 καὶ
370 5405 652 5475 ἄνθρωπος
685 5404 821 5475 πρὸς
848 5402 940 5455 τὸν
969 5399 1196 5470 πλησίον
1228 5394 1423 5451 αὐτοῦ·
1454 5414 1471 5446 ι
1501 5394 1669 5466 μηδε-

1778 1921 1932 1976 aquae
1959 1907 2224 1963 rationem
2258 1916 2315 1963 et
2345 1907 2657 1975 opinionem
2696 1909 2911 1973 habeat,
2958 1924 3136 1979 neque
3178 1917 3361 1963 tamen

1777 2000 1899 2055 illos
1934 2000 2207 2056 ullatenus
2238 2000 2352 2054 alat
2381 2001 2447 2055 ad
2474 1999 2676 2056 bonam
2706 2001 2934 2071 spiritus
2963 2001 3358 2056 valetudinem.

1775 2091 1949 2158 Quam
1990 2107 2107 2147 rem
2144 2091 2346 2147 Paulus
2399 2093 2761 2157 testiﬁcatur,
2809 2092 2896 2148 his
2920 2093 3143 2146 verbis:
3195 2112 3215 2145 ‹
3252 2089 3361 2147 Sed

1775 2199 1947 2253 usque
1975 2183 2028 2239 in
2056 2182 2382 2240 hodiernum
2418 2185 2586 2250 diem,
2619 2199 2743 2239 cum
2771 2184 2969 2257 legitur
2997 2184 3228 2256 Moyses,
3264 2198 3361 2239 ve-

1775 2274 1953 2330 lamen
1994 2275 2230 2344 positum
2272 2283 2359 2329 est
2393 2289 2557 2342 super
2600 2290 2697 2329 cor
2743 2289 2931 2330 eorum
2963 2274 3031 2340 ¹⁸,
3065 2292 3085 2325 ι
3127 2288 3232 2328 non
3270 2287 3359 2327 re-

1773 2367 2031 2433 velatum,
2062 2367 2191 2437 quia
2224 2368 2277 2422 in
2317 2367 2541 2423 Christo
2571 2366 2836 2422 aufertur.
2872 2367 2995 2422 Alio
3028 2366 3155 2421 item
3195 2365 3355 2420 mod:

1775 2454 2006 2510 dicimus
2036 2455 2276 2511 ablatum
2310 2456 2481 2511 fuisse
2520 2471 2550 2510 a
2589 2453 2904 2510 Judaaorum
2945 2469 3220 2526 synagoga
3267 2469 3358 2509 ro-

1773 2548 1879 2601 bur
1911 2547 2072 2617 panis
2101 2557 2156 2603 et
2208 2547 2376 2603 robur
2418 2562 2575 2618 aquae
2604 2565 2619 2602 :
2662 2561 2845 2601 sermo
2876 2556 3056 2601 autem
3097 2546 3358 2615 mysticus

1774 2646 1876 2693 est.
1926 2637 2038 2694 Nos
2089 2640 2289 2710 quippe
2342 2638 2434 2708 qui
2487 2653 2585 2710 per
2635 2638 2793 2693 ﬁdem
2840 2638 3016 2694 vocati
3071 2652 3259 2693 sumus
3287 2637 3356 2691 ad

1777 2729 2292 2797 sanctiﬁcationem,
2332 2742 2527 2797 panem
2578 2732 2840 2783 habemus
2881 2730 2947 2783 de
2996 2729 3160 2795 ClBlO,
3217 2726 3357 2782 scili-

1776 2835 1863 2878 cet
1890 2822 2189 2886 Christum,
2234 2822 2351 2877 sive
2379 2836 2583 2891 corpus
2613 2822 2751 2891 ejus.
2788 2821 2943 2887 Quod
2971 2821 3016 2876 si
3050 2820 3177 2891 quis
3210 2835 3356 2890 quae-

1777 2922 1884 2979 rat,
1925 2915 2201 2983 quodnam
2248 2913 2320 2969 sit
2371 2914 2539 2969 robur
2577 2913 2725 2983 ejus,
2783 2914 3032 2978 dicimus,
3080 2910 3356 2966 vivificum

1777 3018 1939 3059 esse:
1977 3019 2102 3059 nam
2135 3004 2230 3059 dat
2262 3004 2434 3059 vitam
2478 3005 2703 3059 mundo.
2740 3004 3066 3058 Accedimus
3108 3002 3356 3058 similiter

1782 3096 1849 3150 ad
1881 3098 2113 3167 gratiam
2157 3096 2304 3152 sacri
2343 3097 2637 3167 baptismi:
2683 3111 2748 3150 ac
2791 3096 3021 3151 dicimus
3063 3110 3216 3164 aqua:
3258 3109 3355 3149 nos

1775 3188 2170 3243 sanctiﬁcantis
2238 3187 2407 3245 robur
2476 3202 2601 3243 esse
2659 3198 3008 3257 peccatorum
3061 3186 3355 3255 depositio-

1774 3296 1921 3346 nem,
1959 3280 2429 3349 regenerationem
2466 3279 2807 3351 spiritualem
2856 3281 2925 3333 ad
2976 3277 3338 3333 conformatio
3454 3296 3461 3303 ·

1774 3385 1899 3426 nem
1940 3371 1995 3424 in
2029 3371 2206 3440 ipsum
2246 3369 2573 3435 Christum;
2617 3369 2685 3424 ad
2735 3370 2850 3424 hzec
2896 3382 3047 3433 vero,
3101 3367 3354 3422 fiduciam

1774 3463 2118 3535 ingrediendi
2168 3464 2221 3518 in
2251 3476 2477 3529 regnum
2522 3459 2788 3516 caelorum
2822 3475 2837 3526 ;
2875 3473 3000 3513 nam
3032 3458 3149 3514 ait:
3183 3477 3202 3511 ι
3240 3457 3354 3515 Nisi

1773 3556 1898 3625 quis
1935 3564 2157 3610 renatus
2202 3553 2371 3609 fuerit
2399 3568 2466 3608 ex
2516 3566 2656 3621 aqua
2700 3560 2758 3611 et
2806 3550 3035 3617 Spiritu,
3085 3565 3194 3604 non
3249 3564 3351 3619 po-

1774 3656 1882 3703 test
1920 3648 2126 3703 intrare
2161 3648 2214 3701 in
2254 3660 2482 3716 regnum
2512 3643 2775 3699 caelorum
2798 3643 2862 3697 ’9.
2913 3660 2933 3695 ι
2968 3640 3138 3696 Judaei
3173 3651 3352 3696 autem

1773 3740 1860 3795 his
1920 3739 2077 3795 bonis
2131 3739 2452 3808 privantur:
2516 3749 2622 3789 non
2667 3736 2814 3789 enim
2876 3748 3042 3804 penes
3101 3733 3221 3788 illos
3271 3744 3352 3787 est

1774 3830 1943 3883 robur
1975 3843 2155 3898 panis,
2206 3828 2261 3882 id
2295 3836 2398 3890 est,
2447 3824 2746 3880 viviﬁcatio
2792 3825 2844 3878 in
2879 3824 3138 3879 Christo:
3178 3836 3353 3892 neque

1772 3920 1901 3975 item
1954 3919 2120 3975 robur
2150 3932 2303 3987 aquae
2335 3916 2627 3972 obtinent:
2686 3930 2810 3969 nam
2856 3928 3024 3983 penes
3068 3913 3187 3968 illos
3222 3928 3353 3983 pec-

1773 4018 1951 4066 catum
1984 4011 2102 4066 sine
2128 4010 2406 4064 ablutione
2456 4016 2745 4074 remanet;
2794 4020 2970 4074 neque
3011 4007 3077 4061 ad
3124 4022 3351 4078 regnum

1773 4101 2039 4156 cmlorum
2082 4100 2329 4161 tendunt,
2375 4099 2468 4167 qui
2513 4096 2791 4152 Christum
2828 4110 2893 4150 eo
2943 4097 3227 4150 ducentem
3268 4098 3356 4152 de-

1774 4194 1967 4247 decore
2008 4188 2305 4243 alIecerint.
2364 4188 2549 4258 Neque
2587 4188 2731 4241 enim
2768 4187 3118 4243 crediderunt
3167 4189 3354 4243 dicen.

1776 4287 1850 4353 ti,
1890 4304 1910 4337 ι
1949 4286 2060 4354 Ego
2090 4299 2209 4338 sum
2239 4284 2324 4336 via
2356 4283 2424 4347 ὀ,
2466 4301 2485 4333 ι
2521 4290 2597 4349 et,
2635 4299 2652 4332 ι
2691 4282 2802 4352 Ego
2839 4298 2957 4336 sum
2989 4282 3188 4335 ostium
3219 4282 3283 4336 ²¹.
3326 4298 3350 4335 ι

1845 4379 2010 4434 Vens.
2048 4378 2166 4431 5-4.
2224 4395 2243 4429 ι
2280 4375 2347 4429 Ει
2384 4375 2686 4445 principem
2730 4388 2893 4444 super
2935 4374 3351 4444 quinquaginta,

1774 4478 1829 4525 et
1868 4466 2239 4525 admirabilem
2284 4464 2695 4531 consiliarium,
2732 4474 2785 4518 et
2826 4462 3127 4532 sapientem
3179 4461 3356 4515 archi.

1776 4569 1975 4616 tectum
2013 4566 2069 4611 et
2123 4557 2442 4627 prudentem
2512 4554 2839 4608 auditorem.
2901 4552 2969 4606 Et
3027 4552 3352 4605 constituam

1770 4667 1969 4724 pueros
1999 4650 2271 4721 principes
2312 4662 2525 4713 eorum,
2570 4655 2625 4701 et
2673 4646 2945 4700 derisores
2993 4643 3354 4697 dominabun-

1770 4756 1861 4802 tur
1896 4746 1996 4801 eis.
2034 4764 2053 4798 ι
2089 4744 2221 4809 Quis
2268 4756 2399 4813 ergo
2450 4739 2755 4809 conspectis
2802 4737 2894 4803 iis,
2933 4736 3024 4807 qui
3076 4736 3219 4807 apud
3255 4733 3351 4789 Ju-

1773 4841 1919 4895 daeos
1944 4838 2274 4908 patriarcha:
2312 4844 2613 4898 vocantur;
2649 4846 2755 4886 non
2794 4845 2921 4885 vere
2964 4844 3187 4901 pueros,
3242 4843 3352 4884 non

1775 4945 2035 5000 corporea
2060 4939 2292 4989 statura,
2322 4927 2415 4981 sed
2449 4926 2616 4979 animi
2653 4922 3079 4993 imperfectione.
3111 4938 3174 4976 ac
3202 4936 3355 4976 men-

1774 5024 1846 5079 tis
1894 5022 2228 5093 indigentia,
2292 5028 2586 5086 nuncupet,
2643 5017 2984 5085 reliquosque
3018 5028 3206 5069 eorum
3250 5012 3354 5067 do-

1772 5125 1990 5172 ctores.
2038 5126 2144 5167 non
2198 5111 2472 5165 derisores
2528 5109 2704 5174 dicat,
2752 5118 2807 5162 et
2845 5105 3035 5176 quales
3081 5105 3173 5160 hic
3219 5119 3352 5176 pro-

1772 5209 1935 5276 pheta
1977 5204 2283 5275 signiﬁcat?

1851 5296 2014 5351 Vsus.
2055 5296 2109 5350 5.
2151 5313 2169 5346 ι
2218 5294 2285 5348 Ει
2329 5294 2503 5347 irruet
2550 5291 2800 5361 populus,
2854 5291 3016 5345 homo
3061 5289 3127 5342 ad
3170 5288 3349 5344 homi-

1778 5404 1926 5457 nem,
1957 5398 2010 5443 et
2047 5392 2210 5443 homo
2240 5386 2306 5441 ad
2338 5385 2646 5457 proximum
2682 5399 2881 5440 suum:
2931 5402 2950 5435 ›
2987 5382 3128 5453 quod
3174 5381 3356 5438 nullus

200 5563 593 5632 "llatth.1v,4.
669 5563 714 5595 ¹⁸
736 5561 773 5617 ll
796 5562 924 5617 Cor.
955 5574 1037 5626 ιιι,
1073 5558 1162 5616 15.
1242 5558 1283 5591 ⁸⁸
1313 5554 1472 5611 Joan.
1500 5570 1581 5619 ιιι,
1610 5552 1664 5607 5.

1778 5550 1967 5608 ’Joan.
1997 5563 2111 5614 xrv,
2148 5548 2201 5603 6.
2278 5549 2323 5580 ²¹
2353 5547 2574 5613 Joan.x,
2601 5547 2650 5601 7.

200 5704 263 5781 (7)
288 5707 379 5763 Hic
405 5708 788 5781 Hieronymus,
817 5695 1291 5781 ¢_Consideremu§
1321 5699 1664 5781 patriarchas

148 5768 438 5836 Iudaeorum:
466 5790 519 5835 et
546 5768 793 5847 iuvenes,
826 5778 937 5833 sive
961 5790 1181 5847 pueros,
1221 5768 1664 5841 eﬂeininatosque

1762 5666 1838 5753 ac
1870 5696 2078 5751 deliciis
2110 5695 2418 5771 afﬂuentes}
2452 5705 2508 5754 et
2536 5696 2809 5766 impletam
2860 5694 3198 5767 prophetiam
3230 5705 3352 5749 esse

1773 5783 2080 5827 cernemus.
2114 5786 2133 5822 ι
