3850 6210
422 349 517 403 ιιι
1091 323 1360 396 EUSEBII
1398 311 1879 379 CESARIENSIS
1915 307 2069 367 OPP.
2111 306 2295 363 PARS
2333 302 2422 360 lll.
2464 334 2533 343 -
2570 290 2986 356 EXEGETICA.
3586 279 3687 337 ΗΞ

421 470 558 523 ordo
589 535 592 538 ἢ
625 472 801 527 esset,
850 471 1026 529 neque
1085 453 1307 509 verbum
1354 447 1443 502 Dei
1485 445 1537 497 in
1606 440 1714 497 illis
1761 447 2049 493 versare—1

2164 431 2241 492 ιᾶς
2271 427 2477 493 τάξεως
2503 421 2690 491 οὐσης,
2726 415 2859 487 μηδὲ
2884 410 3043 482 λόγου
3080 396 3217 461 Θεὸῦ
3246 404 3305 457 ὲν
3332 400 3513 463 αὐτοῖς
3542 398 3687 452 πολι-

2110 539 2233 575 τευο
2240 519 2424 591 μένου.

2184 630 2205 663 ι
2240 582 2366 663 ζὈτι
2408 604 2730 676 ἐπιλήψεται
2772 597 3059 666 ἅνθρωπος
3089 589 3185 644 τοῦ
3226 585 3456 657 ἀδελφοῦ
3504 582 3689 648 αὐτοῦ,

2109 702 2145 773 ἢ
2178 700 2272 754 τοῦ
2320 697 2523 775 οἰκείου
2568 691 2668 748 τοῦ
2724 689 2929 762 πατρὸς
2972 682 3162 747 αὐτοῦ,
3213 680 3387 749 λέγων
3412 696 3425 708 ·
3462 678 3692 749 Ἱμάτιον

423 574 663 710 mgnas.
710 646 833 703 6-8.
887 662 906 696 ι
955 640 1091 707 Quia
1148 630 1520 706 apprehendet
1574 628 1735 682 homo
1782 622 2007 678 fratrem

427 762 584 805 suum
612 782 631 811 ,
668 750 763 796 aut
800 733 1157 793 domesticum
1206 724 1377 797 patris
1425 722 1531 784 sui,
1576 720 1784 781 dicens,
1832 714 2010 770 Vesti-

433 769 631 811 51111111,
668 769 763 796 auo
800 769 1157 793 υυιιιῠδιιυυιι-
1207 769 1376 797 ιιι-...-
1426 769 1531 784 ....-,
1579 769 1783 781 _-____‘,
1892 769 1930 770 η

433 847 677 895 mentum
724 830 916 895 habes,
948 825 1204 896 princeps
1229 826 1349 873 esto
1381 814 1559 877 nobis,
1592 823 1649 865 et
1680 809 1833 865 cibus
1858 821 2012 862 meus

2164 809 2278 863 [εις,
2316 772 2559 862 ἀρχηγὸς
2592 782 2751 855 γενοῦ
2788 781 2965 853 ἡμῶν,
3010 775 3105 830 καὶ
3138 773 3198 828 τὸ
3240 771 3438 845 βρῶμα
3464 770 3527 823 τὸ
3565 769 3693 839 ἐμὸν

2194 884 2207 896 -
2294 883 2307 896 -
2361 882 2382 896 -
2559 880 2602 896 π
2648 878 2662 896 ι
2717 872 3031 896 2.----_-n-\-
3071 872 3129 896 ι..
3177 870 3240 896 ,α
3279 865 3459 896 sua-..
3516 859 3692 896 ξνειυςη

431 933 531 988 sub
573 938 624 982 te
673 925 764 979 sit.
810 920 876 975 Et
922 913 1259 985 respondens
1304 909 1359 963 in
1413 906 1501 961 die
1546 904 1637 959 illa
1687 903 1864 957 dicet:
1896 898 2010 952 Non

433 1039 530 1079 cro
558 1018 810 1091 princeps
845 1021 1001 1072 tuus;
1046 1021 1155 1062 non
1188 1002 1332 1059 enim
1366 1001 1419 1055 in
1454 999 1617 1054 domo
1646 1007 1765 1050 mea
1804 1001 1889 1048 est
1915 1006 2012 1061 pa-

435 1087 767 1177 nisineque
810 1100 1218 1157 vestimentum.
1251 1090 1372 1146 Non
1407 1101 1503 1143 ero
1532 1087 1787 1158 princeps
1829 1094 1970 1150 popu

435 1206 639 1276 hujus:
677 1174 810 1269 quia
838 1190 1171 1261 relinquitur
1210 1181 1535 1245 Jerusalem,
1578 1187 1634 1233 et
1671 1174 1857 1231 Iudaea
1895 1185 2017 1225 cor-

440 1264 572 1354 ruit.
622 1312 642 1347 ι
692 1264 873 1358 ῥύετο
923 1285 977 1339 in
1028 1288 1237 1337 tantam
1283 1274 1482 1331 mentis
1522 1268 1804 1340 penuriam
1844 1272 1900 1321 et
1935 1264 2018 1319 in-

2114 884 2221 938 ύπὸ
2259 883 2320 936 σὲ
2359 882 2520 935 ἔστω.

2116 979 2263 1051 ἐρεῖ·
2296 974 2411 1028 Οὐκ
2440 970 2634 1042 έσομαί
2683 986 2777 1022 σου
2809 964 3080 1039 ἀρχηγός·
3122 962 3183 1015 οὐ
3213 959 3321 1030 γὰρ
3367 959 3425 1010 ὲν
3460 953 3537 1026 τῷ
3567 954 3698 1023 οἴκῳ

1978 1077 2015 1131 li
2120 1044 2224 1143 μοῢ
2256 1070 2401 1121 ἐστιν
2448 1064 2640 1136 άρτος,
2670 1060 2789 1114 οὐδὲ
2822 1058 3055 1131 ἱμάτιον,
3087 1054 3202 1109 Οὐκ
3232 1052 3425 1121 ἔσομαι
3461 1044 3699 1119 ἀρχηγὸς

2115 1160 2211 1215 τοῦ
2268 1157 2398 1213 λαοῦ
2444 1155 2670 1220 τούτου,
2718 1154 2800 1207 ὅτι
2849 1152 3059 1204 ἀνεῖται
3120 1142 3503 1216 Ἰερουσαλὴμ,
3536 1138 3633 1191 καὶ
3665 1138 3699 1207 ἡ

2131 1251 2359 1307 Ἰουδαία
2392 1246 2786 1318 συμπέπτωκε.
2828 1262 2847 1295 δ
2888 1241 2980 1294 Διὸ
3017 1239 3112 1295 καὶ
3152 1239 3232 1301 εἰς
3266 1232 3531 1303 τοσαύτην
3562 1247 3703 1282 πτω-

2559 878 2672 932 Καὶ
2711 872 3031 946 ἀποκριθεὶς
3070 872 3129 923 ὲν
3176 870 3243 939 τῇ
3279 865 3464 937 ἡμέρᾳ
3515 859 3698 933 ἐκείνῃ

440 1321 572 1354 run.
622 1321 642 1347 ι
693 1321 873 1358 uuam
923 1321 977 1339 ιιι
1030 1321 1237 1337 ιιι-...μη
1284 1321 1480 1331 ...----.-
1522 1321 1680 1340 ..-μη

439 1386 743 1458 rligentiam
773 1386 1041 1434 venturos
1087 1371 1209 1426 illos
1252 1381 1374 1424 esse
1403 1364 1573 1429 dicit,
1622 1370 1683 1415 ut
1726 1371 1900 1427 neque
1930 1369 2020 1409 ve-

2164 1346 2268 1398 εἰαν
2310 1339 2523 1413 φρενῶν
2553 1339 2647 1392 καὶ
2682 1336 2886 1390 ἔνδειαν
2924 1332 3138 1387 ἐλάσειν
3183 1326 3379 1389 αὐτούς
3413 1340 3601 1395 φησιν,
3632 1321 3704 1382 ὡς

2169 1436 2257 1458 ηδλ
2306 1432 2520 1458 ²··-·-¹Α·ι
2582 1428 2713 1458 “ﬁt;
2769 1428 2934 1458 ΚΑΛ-ΑΗ
2981 1423 3266 1458 ειίιπιηηςῗυο
3318 1416 3532 1458 ἱηῃτίηυ
3590 1412 3704 1458 υὲν-

430 1445 755 1535 stiinentum
818 1480 995 1537 neque
1063 1475 1269 1535 panem
1328 1456 1589 1519 habeant,
1632 1453 1709 1506 ita
1759 1457 1819 1503 ut
1856 1445 2021 1500 vesti-

437 1578 686 1627 mentum
728 1556 1092 1631 spiritualiter
1129 1549 1304 1621 accipi
1339 1546 1533 1618 possit,
1568 1556 1666 1615 pro
1702 1541 1904 1596 decoro
1931 1551 2018 1592 or-

438 1672 686 1729 natoque
727 1664 1005 1717 sermone,
1035 1647 1130 1719 qui
1176 1644 1375 1698 anima:
1415 1652 1604 1695 eorum
1636 1631 2023 1705 turpitudinem

436 1718 701 1819 obtegat,
736 1741 894 1812 panis
928 1718 1111 1793 autem
1164 1729 1391 1803 intelligi
1429 1726 1600 1799 possit
1636 1725 1719 1790 is,
1768 1722 1863 1793 qui
1908 1718 2026 1774 ani-

442 1858 594 1900 mam
626 1835 887 1893 enutriat.
1296 1826 1307 1835 ‘

526 1952 546 1985 α
584 1934 648 1986 Et
687 1930 886 1998 lingua:
918 1936 1106 1979 eorum
1140 1931 1264 1974 cum
1295 1913 1615 1984 iniquitate,
1649 1906 1886 1963 Domino
1922 1917 2032 1958 non

2126 1412 2259 1508 μηδὲ
2305 1412 2549 1503 ἱματίου,
2581 1428 2716 1500 μηδὲ
2767 1428 2934 1497 ἄρτου
2980 1423 3266 1494 εὐπορεῖν·
3318 1416 3532 1488 ἱματίου
3589 1412 3704 1484 μὲν,

2123 1522 2559 1596 ὲκλαμϐἀνεσθαι
2597 1520 2895 1591 δυναμένου
2943 1515 3183 1587 νοητῶς,
3232 1508 3327 1564 τοῦ
3375 1508 3708 1576 εὐσχήμονος

2124 1620 2219 1672 καὶ
2245 1615 2469 1687 κοσμίου
2502 1612 2660 1681 λόγου
2690 1610 2783 1664 τοῦ
2813 1608 3179 1666 καλύπτοντος
3202 1600 3380 1656 αὐτῶν
3405 1597 3504 1667 τῆς
3533 1594 3708 1665 ψυχῆς

2060 1787 2104 1843 Β
2126 1709 2224 1779 τὴν
2254 1703 2669 1778 ἀσχημοσύνηνο
2702 1700 2870 1771 ἄρτου
2898 1698 2954 1751 δὲ
2982 1696 3076 1750 τοῦ
3106 1694 3203 1766 τῆς
3230 1689 3467 1751 διανοίας
3498 1686 3714 1757 θρεπτι-

2132 1819 2230 1854 κου
2239 1838 2252 1852 ο

2209 1910 2229 1942 ί
2272 1888 2381 1943 Καὶ
2425 1888 2483 1941 αἰ
2512 1883 2755 1956 γλῶσσαι
2796 1880 2976 1935 αὐτῶν
3015 1876 3153 1949 μετὰ
3198 1873 3447 1946 ἀνομίας,
3478 1870 3547 1923 τά
3582 1867 3715 1940 πρὸς

526 1960 545 1985 I
585 1960 648 1986 ut.
687 1960 886 1998 “usue;
918 1960 1106 1979 mnuu-
1140 1960 1264 1974 ιι...-
1296 1960 1576 1984 ...αι---.ην
1600 1960 1615 1976 ,
1656 1960 1679 1963 _
1706 1960 1719 1963 τ
1740 1960 1761 1961 η

450 2025 938 2091 obtemperantes:
980 2013 1241 2083 quoniam
1285 2022 1432 2061 nunc
1474 2000 1763 2057 humiliata
1805 2006 1891 2053 est
1921 1996 2036 2067 glo-

2164 1984 2337 2056 [ύριον
2374 1978 2757 2040 ἀπειθοῦντεςο
2802 1974 2935 2029 διότι
2978 1972 3074 2027 νῦν
3127 1964 3465 2035 ἐταπεινώθη
3516 1965 3548 2034 ὴ
3592 1960 3717 2024 δόξα

2183 2078 2194 2091 ι
2249 2075 2274 2087 α·
2435 2072 2505 2091 ὀι
2540 2072 2609 2091 φη
2656 2068 2768 2091 -.ιλ
2799 2068 2895 2091 -ι.,
2926 2063 3133 2091 ι...,-.·9...
3164 2060 3439 2091 AnAn-tamn
3469 2055 3717 2091 -νῖιῖιηκημ

450 2118 532 2171 ria
576 2127 789 2167 eorum.
824 2128 850 2161 τ
885 2109 1078 2162 Annon
1126 2102 1342 2170 linguas
1381 2111 1511 2151 suas
1538 2099 1875 2149 exacuernnt
1906 2103 2037 2141 con-

456 2217 543 2260 tra
587 2203 909 2263 Dominum,
949 2194 1168 2265 quando
1210 2194 1374 2246 hasce
1424 2187 1621 2254 impias
1670 2181 1904 2237 emisere
1942 2191 2039 2231 vo-

2135 2055 2336 2132 αὐτῶν.
2378 2093 2397 2125 ι
2432 2072 2508 2144 (8)
2540 2072 2612 2124 Ἦ
2650 2068 2773 2139 οὐχὶ
2797 2068 2895 2131 τὰς
2924 2063 3133 2119 ἑαυτῶν
3164 2060 3439 2131 ἠκόνησαν
3469 2055 3719 2125 γλώσσας

2138 2172 2279 2228 κατά
2309 2169 2402 2223 τοῦ
2437 2166 2666 2239 Κυρίου,
2701 2163 2938 2236 ὁπηνίκα
2966 2162 3064 2224 τάς
3103 2156 3318 2218 ἀσεϐεῖς
3344 2154 3575 2225 ἠφίεσαν
3616 2168 3722 2218 φω-

459 2238 543 2260 ιιιι
587 2238 909 2263 νυιιηηυι-ι,
950 2238 1166 2265 ιτα-...κν
1210 2238 1371 2246 ....---
1424 2238 1525 2254 ---τ
1607 2238 1613 2239 ,

456 2313 571 2361 ces,
608 2313 626 2347 ι
672 2292 858 2357 Tolle,
904 2287 1030 2344 tolle
1085 2300 1251 2348 eum;
1325 2291 1381 2335 et
1436 2276 1657 2347 sanguis
1703 2273 1822 2343 ejus
1878 2282 2041 2339 super

2164 2264 2237 2327 ιάς
2272 2238 2551 2329 λέγοντες·
2583 2274 2601 2306 ι
2634 2251 2785 2325 Αἶρε,
2821 2248 2943 2323 αἶρε
2972 2249 3152 2303 αὐτόν·
3184 2248 3246 2301 τὸ
3268 2239 3409 2317 αἷμα
3438 2240 3603 2295 αὐτοῦ
3643 2238 3722 2308 ἐφ’

2232 2356 2256 2361 “
2395 2350 2407 2361 “
2452 2351 2464 2361 “
2519 2349 2531 2361 “
2611 2347 2622 2361 ¹
2715 2346 2725 2361 ⁹
2886 2346 2898 2361 ⁸
2966 2342 2991 2353 ”’
3057 2359 3067 2361 -
3178 2339 3309 2361 η”Ι--
3341 2336 3447 2361 “LA
3477 2334 3548 2361 ι’.-
3599 2332 3722 2361 ὶ-Ἷιηη

456 2405 558 2445 nos
607 2396 665 2443 et
699 2398 862 2455 super
902 2381 1044 2435 ﬁlios
1082 2386 1300 2432 nostros
1327 2371 1419 2425 “i
1450 2389 1470 2423 ι
1507 2369 1659 2423 Tunc
1710 2377 1900 2419 revera
1942 2359 2043 2415 lin-

458 2496 565 2553 gua
600 2492 789 2534 eorum
840 2483 898 2529 et
936 2470 1117 2527 studia
1153 2479 1371 2530 eorum,
1409 2460 1707 2517 secundum
1746 2451 2040 2523 Aquilam,

459 2583 651 2627 contra
690 2567 981 2623 Dominum
1031 2560 1213 2624 fuere,
1265 2556 1335 2612 ad
1378 2547 1819 2611 exacerbandum
1863 2542 2041 2608 illum,

461 2664 762 2720 secundum
797 2654 1212 2729 Symmachum.

533 2759 699 2812 Vens.
736 2726 893 2808 9-19.
922 2767 941 2800 ι
970 2746 1036 2801 Et
1058 2745 1252 2814 linguae
1272 2752 1462 2795 eorum
1496 2734 1695 2802 iniquae
1729 2743 1745 2783 :
1785 2742 1908 2798 quae
1942 2726 2049 2779 Do-

464 2851 598 2906 mini
665 2854 791 2901 sunt
846 2854 953 2896 non
1010 2836 1264 2892 credunt.
1322 2828 1509 2896 Itaque
1566 2837 1710 2878 nunc
1763 2817 2048 2875 humiliata

466 2942 640 3014 gloria
669 2949 881 2999 eorum,
914 2940 970 2986 et
1005 2924 1252 2984 confusio
1281 2919 1461 2975 vultus
1496 2926 1686 2970 eorum
1714 2909 1917 2965 restitit
1945 2904 2045 2960 eis.

469 3039 759 3092 Peccatum
786 3034 967 3081 autem
1002 3032 1163 3076 suum
1206 3012 1365 3085 quasi
1394 3009 1755 3064 Sodomorum
1787 2998 2052 3065 praedica-

466 3136 599 3183 runt
640 3132 695 3179 et
742 3118 1109 3193 publicarunt.
1153 3105 1249 3161 Vae
1299 3104 1493 3159 anima:
1519 3109 1731 3157 eorum,
1767 3092 1894 3162 quia
1916 3088 2050 3144 inie-
2077 3124 2120 3181 ϐ

471 3227 601 3276 runt
634 3182 919 3271 consilium
942 3204 1142 3261 malum
1208 3207 1399 3255 contra
1430 3208 1510 3257 se,
1542 3190 1819 3245 dicentes:
1845 3182 2050 3249 Allige-

473 3327 594 3368 mus
619 3310 848 3381 justum,
885 3300 1014 3371 quia
1042 3292 1249 3351 inutilis
1278 3298 1362 3345 est
1384 3284 1559 3341 nobis.
1604 3280 1797 3349 Itaque
1848 3277 2055 3330 fructus

475 3417 703 3475 operum
754 3408 980 3453 suorum
1048 3384 1357 3444 comedent.
1404 3378 1498 3435 Va:
1524 3375 1733 3444 iniquo,
1774 3367 1920 3425 mala
1958 3380 2055 3435 pro

476 3496 734 3569 operibus
796 3498 1055 3545 manuum
1093 3480 1210 3550 ejus
1262 3474 1522 3533 evenient
1559 3469 1633 3524 ei.
1656 3462 1860 3535 Popule
1883 3473 2057 3523 meus,

480 3551 770 3643 elactores
798 3578 962 3634 vestri
996 3576 1280 3631 demetunt
1307 3581 1430 3632 vos,
1470 3570 1527 3618 et
1565 3559 1849 3628 exigentes
1884 3551 2061 3607 dolui-

480 3689 687 3736 nantur
716 3672 891 3727 vobis.
932 3663 1139 3736 Popule
1166 3672 1341 3721 meus,
1386 3654 1479 3727 qui
1523 3652 1715 3709 beatos
1740 3659 1841 3700 vos
1862 3640 2063 3714 praedi-

483 3778 641 3833 cunt,
675 3762 951 3831 decipiunt
978 3769 1095 3819 vos,
1126 3760 1181 3807 et
1219 3748 1473 3805 semitam
1517 3740 1717 3813 pedum
1757 3744 2063 3791 vestrorum

486 3825 729 3916 turbant.
769 3825 958 3908 {Cum
984 3843 1193 3903 Judaici
1224 3838 1408 3913 populi
1434 3825 2065 3906 principes,Jud:eorum

485 3954 626 4009 bona
661 3947 762 4003 sibi
797 3941 1055 4011 colligere
1091 3932 1290 3989 vellent
1320 3944 1415 4000 per
1432 3922 1701 3997 primitias
1723 3927 1778 3974 el
1803 3918 2064 3977 decimas,

488 4043 737 4109 aliasque
775 4048 863 4089 res
898 4008 1023 4093 sibi,
1054 4034 1238 4097 utpote
1266 4017 1606 4091 principibus
1638 4022 1693 4068 et
1725 4008 2066 4070 doctoribus,

476 4100 719 4193 oblatas,
760 4142 866 4181 non
908 4121 1158 4179 sinebant
1203 4129 1299 4170 eos
1349 4112 1417 4166 ad
1470 4105 1671 4162 Christi
1706 4100 2067 4171 cognitionem

493 4224 774 4281 accedere.
799 4218 935 4272 Cum
975 4227 1108 4283 ergo
1145 4220 1311 4276 supra
1363 4207 1665 4257 memorata
1704 4195 1855 4248 lucra
1891 4191 2072 4259 exige—

489 4326 655 4381 rent,
690 4314 811 4368 ideo
845 4312 1136 4379 peccantes
1161 4314 1268 4355 non
1298 4290 1710 4363 coarguebant,
1747 4286 1839 4341 sed
1890 4281 2073 4337 omnia

494 4411 562 4465 ad
590 4374 959 4463 adulationem
1008 4398 1065 4455 in
1117 4388 1405 4459 colloquiis
1452 4386 1840 4452 temperantes,
1884 4374 2075 4428 beatos

2139 2356 2288 2426 ἡμᾶς
2322 2350 2418 2404 καὶ
2448 2349 2543 2401 ἐπὶ
2568 2347 2636 2401 τὰ
2670 2346 2835 2399 τέκνα
2876 2342 3070 2415 ήμῶν;
3112 2361 3130 2392 ι
3178 2339 3313 2393 Τότε
3341 2336 3449 2408 γὰρ
3475 2334 3548 2396 ὡς
3598 2332 3726 2400 ἀλη-

2144 2423 2251 2509 θῶς
2281 2446 2314 2515 ἡ
2349 2442 2571 2512 γλῶσσα
2618 2437 2800 2492 αὐτῶν
2843 2437 2938 2490 καὶ
2977 2433 3047 2487 τά
3077 2427 3485 2502 ἐπιτηδεύματα
3524 2423 3726 2485 αὐτῶν,

2144 2536 2286 2593 κατά
2319 2536 2410 2589 τὸν
2453 2531 2706 2595 Ἀκύλαν,
2736 2527 2878 2583 κατά
2907 2526 3002 2580 τοῦ
3046 2523 3252 2596 Κυρίου
3283 2520 3528 2591 γέγονεν,
3557 2519 3640 2579 εἰς
3672 2515 3730 2569 τὸ

2145 2626 2559 2700 παρκπικρᾶναι
2582 2620 2764 2685 αὐτὸν,
2796 2617 2937 2673 κατὰ
2968 2616 3285 2687 Σύμμαχον.

2225 2699 2244 2769 ι
2286 2716 2401 2770 Καὶ
2434 2718 2487 2768 αἰ
2518 2713 2762 2783 γλῶσσαι
2795 2708 2974 2765 αὐτῶν
3018 2706 3155 2778 μετὰ
3198 2704 3446 2775 ἀνομίας,
3489 2701 3560 2755 τά
3598 2699 3733 2773 πρὸς

2147 2812 2351 2884 Κύριον
2397 2807 2769 2870 ἀπειθοῦντες.
2822 2802 2968 2857 Διότι
3000 2800 3097 2857 νῦν
3141 2796 3476 2867 ἐταπεινώθη
3523 2797 3559 2866 ἡ
3608 2794 3737 2859 δόξα

2151 2903 2349 2968 αὐτῶν,
2384 2902 2478 2954 καὶ
2507 2902 2540 2971 ἡ
2575 2896 2804 2969 αἰσχύνη
2839 2894 3019 2949 αὐτῶν
3050 2891 3144 2946 τοῦ
3178 2889 3470 2963 προσώπου
3499 2887 3738 2955 ἀντέστη

2151 2997 2353 3056 αὐτοῖς.
2390 2992 2500 3062 Τὴν
2543 2990 2598 3043 δὲ
2646 2987 2923 3058 ἁμαρτίαν
2953 2982 3132 3037 αὐτῶν
3164 2984 3239 3045 ὡς
3280 2979 3529 3049 Σοδόμων
3562 2977 3739 3047 ἀνήγ-

2153 3086 2337 3156 γειλάν
2394 3083 2489 3137 κα)⁸
2534 3079 2875 3151 ἐνεφάνισαν.
2909 3076 3045 3130 υύαὶ
3080 3077 3147 3146 τῇ
3188 3074 3333 3143 ψυχῇ
3374 3070 3574 3133 αὐτῶν,
3608 3067 3740 3121 διότι

2159 3176 2531 3249 βεϐούλευνται
2549 3171 2740 3244 βουλὴν
2758 3167 3000 3242 πονηρὰν
3030 3165 3152 3220 καθ’
3181 3163 3411 3228 ἑαυτῶν,
3447 3160 3702 3223 εἰπόντες
3726 3177 3735 3187 ·

2156 3274 2416 3343 Δήσωμεν
2444 3268 2535 3323 τὸν
2563 3267 2794 3329 δίκαιον,
2816 3266 2899 3317 ὅτι
2920 3262 3256 3333 δύσχρηστος
3281 3260 3410 3329 ἡμῖν
3439 3259 3611 3310 ἐστιν.
3632 3253 3744 3308 Τοί-

2158 3383 2253 3419 νυν
2289 3364 2359 3417 τὰ
2378 3361 2692 3432 γεννήματα
2727 3357 2836 3413 τῶν
2868 3354 3045 3426 ἔργων
3074 3351 3253 3406 αὐτῶν
3287 3349 3573 3419 φάγονται.
3609 3346 3743 3400 Οὐαὶ

2158 3457 2236 3528 τῷ
2267 3455 2474 3527 ἀνόμῳ,
2519 3450 2731 3522 πονηρά
2761 3447 2902 3503 κατά
2934 3446 3000 3500 τὰ
3031 3444 3170 3515 ἔργα
3198 3441 3307 3496 τῶν
3349 3438 3547 3512 χειρῶν
3580 3436 3744 3491 αὐτοῦ

2162 3547 2500 3620 συμϐήσεται
2522 3542 2689 3614 αὐτῷ.
2722 3541 2864 3606 Λαός
2900 3556 3024 3611 μου,
3055 3538 3105 3590 οἱ
3133 3536 3441 3609 πράκτορες
3468 3532 3629 3602 ὑμῶν
3658 3548 3748 3583 κα-

2162 3640 2443 3712 λαμῶνται
2500 3637 2666 3709 ὑμᾶς,
2725 3635 2820 3690 καὶ
2877 3633 2927 3686 οἰ
2984 3628 3345 3691 ἀπαιτοῦντες
3400 3625 3748 3697 κυριεύουσιν

2167 3731 2341 3805 ὑμῶν.
2393 3729 2536 3793 Λαός
2584 3746 2707 3799 μου,
2765 3727 2813 3779 οἰ
2863 3722 3264 3796 μακαρίζοντες
3297 3719 3440 3791 ὑμᾶς
3470 3716 3749 3771 πλανῶσιν

2167 3825 2334 3896 ὑμᾶς,
2368 3824 2463 3878 καὶ
2494 3822 2592 3894 τὴν
2617 3819 2802 3893 τρίϐον
2835 3819 2942 3870 τῶν
2969 3815 3145 3869 ποδῶν
3166 3812 3331 3885 ὑμῶν
3378 3811 3751 3882 ἐκταράσσου-

2171 3934 2224 3972 σι
2245 3918 2342 3987 (9).
2378 3936 2396 3968 ι
2426 3914 2746 3985 Βουλόμενοι
2786 3912 2855 3965 τά
2887 3909 3039 3982 παρὰ
3086 3908 3182 3961 τοῦ
3216 3905 3347 3973 λαοῦ
3393 3905 3652 3973 συνάγειν
3706 3903 3753 3955 οἱ

2170 4011 2429 4083 ἄρχοντες
2456 4006 2550 4061 τοῦ
2601 4003 2870 4060 Ἰουδαίων
2893 4003 3077 4065 ἔθνους
3104 4000 3171 4053 δι’
3192 3998 3455 4070 ἀπαρχῶν
3478 3997 3575 4050 καὶ
3593 3996 3753 4048 δεκα-

2171 4102 2301 4165 τῶν,
2323 4100 2417 4154 καί
2433 4098 2606 4153 ἄλλων
2624 4096 2733 4149 τῶν
2756 4095 2939 4157 αὐτοῖς
2960 4094 3034 4155 ὡς
3055 4091 3283 4163 ἄρχουσι
3305 4087 3398 4142 καί
3416 4085 3756 4146 διδασκάλοις

2174 4188 2654 4262 προσφερομένων,
2719 4186 2819 4238 οὐκ
2879 4183 3181 4253 ἐπέτρεπον
3235 4180 3333 4252 τὴν
3386 4180 3467 4243 εἰς
3518 4177 3758 4249 Χριστὸν

2174 4282 2376 4351 γνῶσιν
2416 4279 2615 4342 αὐτοὺς
2659 4275 2971 4332 ἀναλαϐεῖν.
3030 4272 3412 4336 Ἀπαιτοῢντες
3460 4270 3646 4325 τοίνυν
3695 4267 3761 4321 τὰ

2176 4370 2545 4449 προλεχθέντα
2587 4368 2778 4440 κέρδη,
2809 4364 3015 4419 τούτων
3059 4364 3223 4418 ἕνεκα
3251 4362 3375 4416 οὐδὲ
3417 4361 3543 4424 τούς
3582 4360 3763 4431 ἀμαρ-

494 4516 591 4558 eos
616 4494 1022 4570 praedicabant;
1055 4494 1115 4543 et
1138 4500 1169 4540 a
1193 4450 1343 4537 rec-ta
1370 4477 1459 4531 via
1487 4474 1553 4529 ad
1565 4450 1829 4527 salutare
1847 4465 2049 4520 verbun

2175 4450 2437 4570 τάνοντας
2484 4462 2713 4534 ἦλεγχον
2731 4476 2745 4492 ο
2800 4460 2979 4513 πάντα
3029 4456 3087 4510 δὲ
3132 4455 3269 4528 πρὸς
3315 4452 3609 4509 κολακείαν
3641 4452 3764 4523 ὁμι-

496 4596 734 4650 ducente
782 4589 1117 4645 avertentes,
1162 4587 1388 4648 gressus
1437 4568 1635 4623 anima:
1658 4578 1849 4619 eorum
1889 4557 2075 4613 devia-

494 4686 653 4743 bant.

567 4866 733 4921 Vens.
761 4858 947 4916 ‘13-“.
979 4874 1002 4908 ἰ
1036 4853 1143 4909 Sed
1167 4863 1312 4905 nunc
1339 4843 1698 4901 constituetur
1718 4839 1773 4893 in
1790 4834 2077 4905 judicium,

494 4962 659 5017 sistet
692 4958 745 5010 in
783 4950 1042 5021 judicium
1094 4940 1350 5013 populum
1396 4950 1598 4991 suum:
1654 4932 1771 5002 ipse
1820 4928 2080 4982 Dominus

501 5057 556 5110 in
583 5049 850 5123 judicium
880 5044 1062 5097 veniet
1104 5050 1228 5092 cum
1284 5027 1596 5087 senioribus
1638 5023 1819 5095 populi
1867 5032 2081 5076 etcum

422 5184 427 5187 ι
496 5120 842 5218 principibus
898 5136 1035 5206 ejus.
1073 5148 1092 5183 ι
1129 5126 1435 5183 Admodum
1481 5126 1891 5181 consentanea,
1932 5120 2085 5180 post-

498 5204 662 5310 quam
686 5204 1263 5306 primum—Salvatoris
1299 5217 1593 5271 adventum
1651 5224 1715 5265 ac
1775 5204 2083 5278 principum

502 5299 1055 5403 populi-eversionem
1070 5312 1398 5367 vaticinatus
1424 5314 1510 5360 est
1529 5346 1545 5372 τ
1578 5301 1801 5358 secundi
1822 5299 2085 5353 adventus

505 5388 620 5495 ejus
640 5419 887 5477 notitiam
911 5410 1076 5469 tradit
1091 5407 1178 5463 his
1203 5400 1415 5458 verbis:
1443 5416 1461 5449 ι
1485 5398 1605 5465 Ipse
1621 5393 1882 5449 Dominus
1903 5388 2086 5445 veniet

574 5543 622 5575 “
652 5540 811 5595 Joan.
843 5550 958 5601 xxx,
995 5530 1083 5585 45.
1114 5524 1307 5581 Matth.
1349 5535 1521 5585 xxvii,
1546 5518 1643 5581 25,

460 5634 491 5682 τέ
581 5657 657 5799 (8ζ
692 5655 826 5709 Hinc
848 5660 1062 5720 quoque
1105 5642 1468 5762 ilierungmus
1500 5638 1746 5706 quaedam
1774 5634 2071 5705 excerpsit.

583 5729 634 5796 (9
700 5725 825 5779 Haec
873 5724 945 5774 ita
991 5720 1273 5799 exprimit
1318 5724 1768 5799 r-I‘egronyronnsi-t

583 5706 657 5796 ἱεῖς
694 5706 825 5779 ᾗὼὲ
865 5706 945 5774 ῖιιι
976 5706 1248 5796 ὀκρτίιιιὶῑ
1293 5706 1696 5796 ῌίυτοιιςὲιυειε
1750 5725 1768 5758 ι
1810 5706 2078 5796 Loquitur

513 5777 903 5857 nuli-in}ch
936 5777 1282 5854 propheticus
1316 5777 1511 5835 contra
1534 5779 1755 5836 Scribas
1800 5788 1856 5835 et
1894 5777 2076 5831 Phari-

2181 4557 2420 4620 λοῦντες,
2455 4553 2790 4626 ἐμακάριζον
2822 4548 3021 4613 αὐτούς
3044 4565 3059 4580 ³
3107 4551 3204 4604 καὶ
3232 4547 3642 4619 ἀποτρέποντες
3670 4545 3767 4614 τῆς

2183 4648 2399 4712 εὐθείας
2434 4645 2579 4711 ὁδοῦ,
2609 4645 2710 4715 τῆς
2738 4645 2979 4716 ἀγούσης
3023 4643 3117 4695 ἐπὶ
3159 4641 3251 4696 τὸν
3285 4641 3550 4712 σωτήριον
3589 4639 3765 4707 λόγον,

2182 4743 2496 4816 διέστρεφον
2521 4740 2701 4795 αὐτῶν
2733 4740 2802 4794 τά
2838 4739 2938 4810 τῆς
2964 4736 3143 4808 ψυχῆς
3178 4734 3420 4807 βήματα.

2264 4856 2282 4887 ι
2336 4833 2498 4888 Ἀλλά
2534 4832 2630 4887 νῦν
2656 4831 3059 4902 καταστήσεται
3089 4830 3169 4891 εἰς
3216 4825 3419 4898 κρίσιν,
3453 4822 3551 4877 καὶ
3584 4823 3770 4894 στήσει

2195 4930 2278 4991 εἰς
2321 4926 2500 4997 κρίσιν
2531 4925 2622 4978 τὸν
2652 4923 2779 4977 λαὸν
2811 4919 3008 4976 αὐτοῦ·
3043 4918 3206 4980 αὐτὸς
3235 4919 3440 4991 Κύριος
3466 4917 3546 4979 εἰς
3592 4916 3772 4987 κρίσιν

2188 5018 2310 5089 ἥξει
2344 5016 2482 5089 μετά
2512 5015 2621 5071 τῶν
2671 5012 3057 5087 πρεσϐυτέρων
3084 5010 3177 5065 τοῦ
3209 5008 3342 5063 λαοῦ
3372 5008 3465 5072 καί
3496 5007 3640 5078 μετά
3671 5004 3775 5058 τῶν

2190 5111 2465 5184 ἀρχόντων
2491 5108 2682 5163 αὐτοῦ.
2715 5127 2733 5159 ι
2759 5104 2971 5177 Σφόδρα
2998 5104 3056 5158 δὲ
3082 5101 3392 5164 ἀκολούθως
3418 5100 3519 5172 τὴν
3553 5097 3775 5169 πρώτην

2188 5202 2285 5257 τοῦ
2318 5202 2568 5272 Σωτῆρος
2594 5198 2898 5269 παρουσίαν
2944 5195 3229 5258 θεσπίσας,
3259 5193 3358 5247 καὶ
3399 5191 3497 5262 τὴν
3525 5189 3638 5243 τῶν
3683 5191 3777 5258 ἀρ-

2191 5296 2393 5367 χόντων
2425 5294 2518 5347 τοῦ
2550 5291 2679 5347 λαοῦ
2721 5288 3071 5363 διαστροφὴν,
3096 5287 3210 5359 ,τῆς
3253 5283 3509 5355 δευτέρας
3541 5281 3779 5350 ἀφίξεως

2193 5387 2362 5441 αὐτοῦ
2390 5385 2727 5458 παραδίδωσι
2751 5384 2851 5457 τὴν
2878 5381 3104 5452 γνῶσιν,
3130 5378 3325 5448 λέγων·
3354 5374 3557 5438 «Αὐτὸς
3575 5375 3781 5444 Κύριος

2188 5648 2347 5697 εωοε,
2402 5631 2491 5701 qui
2548 5628 2727 5700 turpis
2774 5625 2911 5682 lucri
2944 5622 3140 5701 gratia,
3187 5628 3251 5674 ut
3295 5615 3608 5701 acciperent
3644 5609 3779 5664 deci-

2190 5685 2379 5770 5135;.
2412 5685 2543 5771 ὦκα,
2579 5685 2671 5759 ubi
2698 5701 2830 5757 item
2859 5685 2977 5769 qui:
3007 5685 3654 5760 subsequunturlegesis.
