3850 6210
171 304 254 360 113

1087 298 1604 356 COMMENTARIA
1645 299 1711 356 IN
1751 300 2004 359 ISAIAM.
2044 333 2113 346 -—
2149 303 2305 362 CAP.
2346 304 2437 364 IV.

3312 315 3411 373 IN

166 425 265 496 ἥξει
282 425 356 486 είς
379 419 581 495 κρίσιν,
609 439 625 473 ι
648 419 746 473 καὶ
774 419 841 472 τὰ
856 417 1002 490 ἑξῆς.
1035 439 1052 471 ι
1075 418 1264 490 Ὑμεῖς
1290 420 1347 474 δὲ
1369 419 1716 492 ἐνεπυρίσατε

1831 420 1887 476 in
1937 418 2228 492 judicium,
2267 443 2287 477 ι
2315 433 2422 478 etc.
2457 444 2475 474 ι
2511 423 2618 480 Vos
2643 436 2826 484 autem
2849 428 3171 490 incendistis
3197 434 3409 494 vineam

165 518 240 570 τὸν
259 512 547 583 ἀμπελῶνα
594 529 720 582 μου,
783 511 878 564 καὶ
917 509 1142 581 ἁρπαγὴ
1166 509 1259 562 τοῦ
1282 509 1499 580 πτωχοῦ
1523 513 1581 574 ἐν
1612 512 1724 573 τοῖς

165 609 308 668 οἴκοις
337 603 509 674 ὑμῶν,
539 622 558 656 ι
597 601 706 666 Οὓς
738 602 813 666 ὼς
845 603 1232 672 παραστάντας
1271 601 1352 672 τῷ
1379 601 1474 654 τοῦ
1516 602 1722 672 Κυρίου

166 696 344 766 βήματι
393 694 838 764 καταμέμφεται,
899 695 994 747 καὶ
1047 694 1128 756 εἰς
1177 693 1472 764 πρόσωπον
1525 693 1724 757 αὐτοὺς

166 787 456 858 ἀπελέγχειο
504 787 632 843 λαὸν
668 786 725 840 δὲ
765 787 928 841 αὐτοῦ
965 786 1250 852 ἀποκαλεῖ,
1295 787 1388 840 καὶ
1427 787 1725 857 ἀμπελῶνα

164 877 306 932 αὑτοῦ
333 878 834 949 ἐμπεπυρισμένον,
865 881 993 944 τοὺς
1033 879 1175 934 κατὰ
1224 880 1585 952 συναρπαγὴν
1627 880 1722 934 καὶ

161 970 464 1044 διαστροφὴν
494 973 606 1026 τῶν
637 972 974 1028 διδασκάλων
1013 973 1425 1046 ἠπατημένους,
1459 973 1554 1038 οὓς
1588 975 1721 1030 ἀνα-

163 1063 464 1136 καλούμενος
490 1066 588 1119 καὶ
627 1065 767 1137 πρὸς
791 1065 980 1120 ἑαυτὸν
1023 1065 1389 1138 ἐπιστρέφων,
1422 1066 1722 1140 ἀποτρέπει

161 1154 244 1224 τῆς
268 1155 370 1208 τῶν
395 1155 804 1226 πῳλεχθέντων
831 1155 1155 1226 διαστρόφου
1182 1154 1552 1220 διδασκαλίας.

225 1265 242 1298 ι
276 1245 336 1299 Τί
362 1246 523 1318 ὑμεῖς
568 1246 808 1302 ἀδικεῖτε
847 1247 939 1300 τὸν
985 1247 1116 1300 λαόν
1151 1265 1279 1319 μου,
1333 1248 1426 1301 καὶ
1463 1248 1524 1302 τὸ
1557 1247 1726 1322 πρόσ-

161 1353 288 1390 ωπον
318 1336 418 1391 τῶν
466 1338 704 1409 πτωχῶν
733 1339 1155 1409 καταισχύνετε;
1192 1359 1210 1391 ι
1250 1338 1411 1403 Ἐθος
1443 1342 1559 1404 τοῖς
1601 1338 1722 1396 ἀδι-

163 1427 296 1481 κοῦσι
342 1429 433 1482 καὶ
469 1430 892 1501 ἀποστεροῦσιν,
929 1431 1150 1486 ἐπειδὰν
1186 1428 1544 1500 ἐγκαλοῦνται
1573 1433 1724 1504 παρὰ

161 1517 251 1570 τῶν
278 1518 640 1590 ἠδικημένων,
675 1519 864 1590 ὕϐρεσι
895 1522 990 1574 καὶ
1023 1521 1315 1594 λοιδορίαις
1341 1522 1724 1592 καταισχύνειν

163 1610 348 1675 αὐτοὺς,
369 1611 801 1678 ἐξευτελίζοντες
818 1613 909 1666 καὶ
929 1613 1143 1684 πληγὰς
1160 1615 1265 1666 ἀπε
1275 1613 1531 1679 ιλοῢντες.
1553 1614 1724 1670 Τοῦτο

161 1699 239 1755 οὖν
269 1720 413 1775 φησι,
462 1704 580 1775 Τὴν
622 1705 754 1775 ὑμῖν
803 1707 1188 1777 προσήκουσαν
1237 1707 1303 1760 ἐκ
1352 1705 1452 1778 τῆς
1508 1707 1723 1772 ἀδικίας

1827 527 2032 580 meam,
2063 524 2122 569 et
2182 515 2376 584 rapina
2426 519 2683 587 pauperis
2733 519 2786 574 in
2837 521 3088 582 domibus
3134 528 3353 583 vestris.
3385 548 3408 584 ι

1834 603 1983 672 Quos
2038 615 2098 660 ut
2157 606 2415 663 tribunali
2473 609 2684 665 Domini
2736 621 2987 670 astantes
3033 614 3303 688 objurgat,
3355 629 3412 677 et

1829 698 1976 768 ipsos
2029 713 2213 754 coram
2278 702 2550 771 coarguit.
2601 702 2864 774 Populum
2921 717 3102 764 autem
3147 725 3304 766 suum
3355 725 3411 769 et

1827 790 2045 846 vineam
2081 807 2236 847 suam
2277 792 2566 850 incensam
2594 806 2754 852 vocat
2780 810 2895 862 eos,
2924 799 3016 869 qui
3044 815 3113 855 ex
3141 803 3326 872 rapina
3355 814 3412 860 et

1827 882 2190 952 perversitate
2225 884 2506 940 doctorum
2550 884 2761 956 decepti
2803 895 2932 943 sunt
2961 904 2976 942 :
3001 904 3138 961 quos
3174 907 3410 949 evocans

1825 983 1878 1030 et
1898 975 1967 1030 ad
1997 989 2060 1031 se
2095 979 2399 1043 reducens,
2433 992 2464 1032 a
2496 993 2756 1049 perversa
2780 992 3202 1039 memoratorum
3231 986 3408 1042 homi-

1827 1081 1959 1122 num
1990 1067 2237 1123 doctrina
2266 1067 2489 1124 avertit.

1905 1246 2196 1306 Vens.15.
2249 1268 2268 1302 ι
2307 1249 2445 1316 Quid
2490 1266 2588 1308 vos
2641 1251 2836 1320 injuria
2891 1254 3103 1312 adicitis
3155 1259 3410 1329 populum

1827 1354 2030 1406 meum,
2047 1351 2103 1396 et
2121 1341 2327 1396 vultum
2345 1359 2642 1412 pauperum
2656 1346 3034 1403 confunditis?
3057 1369 3076 1403 ι
3100 1349 3215 1406 Mos
3236 1361 3319 1407 est
3343 1354 3412 1410 iis

1829 1436 1922 1506 qui
1953 1435 2209 1504 injuriam
2250 1437 2490 1492 inferunt
2529 1449 2586 1496 et
2615 1440 2913 1512 abripiunt,
2945 1453 3004 1498 ut
3043 1459 3164 1501 cum
3196 1462 3226 1500 a
3267 1448 3412 1506 laesis

1827 1529 2262 1598 expostulantur,
2310 1532 2656 1587 contumeliis
2697 1541 2752 1587 et
2789 1536 3051 1590 conviciis
3101 1537 3246 1607 ipsos
3273 1554 3410 1593 con-

1825 1617 2108 1683 fundant,
2167 1619 2564 1689 vilipendentes
2627 1635 2692 1676 ac
2751 1623 2940 1693 plagas
2988 1629 3408 1684 comminantes.

1828 1709 1943 1765 Hoc
1972 1711 2144 1781 igitur
2179 1713 2285 1777 ait,
2329 1711 2728 1783 Congruentem
2761 1717 2914 1772 vobis
2940 1733 3006 1772 ex
3037 1718 3183 1773 illata
3213 1721 3408 1790 injuria

161 1796 390 1869 αιτχύνην
420 1798 656 1870 ταύτην,
690 1800 756 1852 ἐκ
779 1800 878 1871 τῆς
909 1799 1228 1872 τυραννίδος
1255 1801 1412 1872 ὑμῶν
1435 1803 1549 1867 τοῖς
1577 1820 1716 1858 πτω-

1826 1803 2114 1872 pudorem,
2146 1804 2433 1874 tyrannica
2480 1805 2530 1859 vi
2557 1814 2795 1874 utentes,
2837 1808 2893 1864 in
2922 1822 3192 1879 pauperes
3227 1811 3412 1868 refun-

160 1895 255 1962 χοῖς
289 1893 672 1965 περιτρέπετε.

223 2004 240 2036 ι
267 1985 398 2039 Τάδε
425 1985 578 2055 λέγει
616 1984 844 2058 Κύριοςο
884 1980 1114 2041 Ἀνθ’ὧν
1142 1983 1434 2058 ὑψώθησαν
1469 1985 1526 2043 αἱ
1556 1986 1722 2056 θυγα-

158 2073 291 2144 τέρες
323 2075 479 2140 Σιὼν,
525 2075 626 2130 καὶ
654 2073 1031 2147 ἐπορεύθησαν
1074 2074 1266 2146 ὑψηλῷ
1310 2077 1589 2149 τραχήλῳ,
1626 2077 1722 2132 καὶ

159 2169 208 2220 ἐν
241 2167 491 2239 νεύμασιν
532 2168 849 2240 ὀφθαλμῶν,
886 2169 981 2223 καὶ
1025 2171 1092 2241 τῇ
1135 2169 1335 2241 πορείᾳ
1377 2169 1486 2228 τῶν
1524 2169 1718 2237 ποδῶν,

159 2261 256 2331 ἅμα
298 2262 558 2334 σύρουσαι
608 2263 738 2327 τοὺς
784 2262 1041 2334 χιτῶνας,
1087 2262 1184 2317 καὶ
1224 2265 1337 2327 τοῖς
1389 2262 1549 2317 ποσὶν
1602 2263 1720 2334 ἅμα

159 2359 449 2424 παίζουσαν
484 2360 585 2413 καὶ
628 2359 956 2414 ταπεινώσει
987 2359 1195 2432 Κύριος
1225 2360 1255 2412 ὁ
1288 2358 1420 2424 Θεὸς
1445 2358 1720 2430 ἀρχούσας

159 2448 434 2523 θυγατέρας
472 2451 637 2515 Σιὼν,
668 2454 763 2506 καὶ
798 2452 1005 2524 Κύριος
1044 2450 1388 2522 ἀποκαλύψει
1429 2451 1491 2504 τὸ
1533 2451 1722 2523 σχῆμα

160 2543 328 2597 αὐτῶν.
361 2562 379 2596 ι
419 2543 659 2598 Δύναται
685 2545 743 2597 δὲ
774 2543 948 2598 ταῦτα
979 2545 1053 2618 μὴ
1083 2545 1213 2616 περὶ
1240 2543 1419 2615 μόνων
1440 2543 1720 2614 γυναικῶν

160 2634 400 2703 λέγεσθαι,
427 2636 572 2690 ἀλλὰ
617 2638 712 2690 καὶ
749 2639 878 2708 περὶ
905 2636 1092 2708 ψυχῶν
1124 2635 1341 2708 χαύνων
1369 2639 1466 2692 καὶ
1489 2637 1719 2710 τεθηλυ-

161 2727 329 2798 μένων.

676 2819 1073 2873 ΚΕΦΑΛΑΙΟΝ
1107 2823 1180 2875 Δ’.

218 2932 237 2965 ι
266 2915 368 2968 Καὶ
407 2913 775 2986 ἐπιλήψονται
808 2915 948 2968 ἑπτὰ
985 2917 1244 2982 γυναῖκες
1274 2914 1563 2986 ἀνθρώπου
1599 2913 1721 2980 ἑνὸς

158 3002 399 3076 λέγουσαν
425 3008 531 3062 Τὸν
572 3008 740 3080 ἄρτον
767 3007 924 3079 ἡμῶν
962 3007 1273 3080 φαγόμεθα,
1302 3007 1397 3062 καὶ⁸
1421 3007 1490 3062 τὰ
1525 3007 1719 3079 ἱμάτια

157 3098 288 3168 ἡμῶν
314 3099 781 3172 περιϐαλούμεθα·
821 3100 962 3172 πλὴν
985 3102 1048 3154 τὸ
1089 3102 1261 3174 ὄνομα
1291 3101 1354 3155 τὸ
1397 3101 1488 3156 σὺν
1515 3102 1718 3173 κεκλή-

159 3147 1359 3262 sag'..1'a;a".':';magas.ma;
1399 3147 1718 3262 ἷέιᾶᾇξῖἱὲδ
1741 3147 1786 3208 ο

158 3279 294 3334 αὐτοῦ
331 3282 522 3355 ὄνομα,
570 3282 666 3336 καὶ
699 3282 875 3339 δοκεῖν
913 3283 1059 3355 ἐχειν
1098 3285 1193 3339 τὸν
1240 3283 1580 3356 προεστῶτα.
1627 3285 1719 3339 Διὸ

157 3369 220 3431 ὡς
238 3373 360 3444 πρὸς
397 3373 632 3427 σπάνιόν
664 3389 789 3428 τινα
825 3374 1038 3440 τοῦτον,
1069 3375 1180 3430 τῶν
1212 3374 1425 3430 πολλῶν
1453 3375 1721 3430 ἀπολωλό-

159 3477 263 3529 sm,
284 3465 408 3534 φασὶ
441 3464 584 3538 πρὸς
612 3464 776 3518 αὐτόν
795 3483 808 3495 ·
843 3484 862 3518 ι
907 3465 1056 3538 Πλὴν
1101 3467 1162 3521 τὸ
1191 3467 1364 3540 ὔνομά
1405 3484 1500 3522 σου
1529 3467 1720 3542 κεκλή.

161 3551 252 3606 σθω
277 3556 357 3624 ἐφ’
385 3558 559 3628 ἡμᾶς,
599 3575 620 3610 ι
669 3555 766 3611 καὶ
802 3555 872 3611 τὰ
896 3556 1046 3648 ἑξῆς.

217 3755 234 3788 t
269 3739 339 3810 Τῇ
369 3739 426 3794 δὲ
455 3739 653 3814 ἡμέρᾳ
676 3741 860 3816 ἐκείνῃ
885 3741 1183 3814 ἐπιλάμψει
1227 3743 1256 3796 ὁ
1293 3742 1423 3808 Θεὸς
1462 3745 1520 3797 ἐν
1551 3743 1712 3815 βουλῇ

161 3826 277 3894 μετὰ
292 3829 442 3902 δόξης
475 3832 572 3885 ἐπὶ
600 3833 703 3903 τῆς
730 3831 852 3903 γῆς,
885 3830 981 3885 τοῦ
1018 3832 1236 3902 ὑψῶσαι
1262 3835 1356 3888 καὶ
1383 3833 1605 3901 δοξάσαι
1648 3834 1716 3888 τὸ

157 3919 484 3991 καταλειφθὲν
515 3921 614 3994 τοῦ
670 3922 909 3994 Ἰσραήλ.
968 3923 1081 3976 Καὶ
1114 3923 1269 3978 ἔσται
1303 3924 1364 3978 τὸ
1393 3923 1714 3993 ὑπολειφθὲν

157 4007 206 4059 ἓν
231 4009 374 4078 Σιὼν,
398 4013 496 4067 καὶ
516 3991 582 4066 έδ
609 3991 968 4082 ηταλειῲθέν
1001 4014 1060 4068 ἐν
1103 4013 1479 4087 Ἰερουσαλὴμ,
1509 4015 1558 4069 οἳ
1589 3991 1716 4087 κλη-

157 4097 378 4171 0‘ltthat
415 4107 644 4170 πάντες,
686 4107 736 4159 οἱ
765 4105 1067 4178 γραφέντες
1110 4109 1193 4172 είς
1229 4107 1373 4180 ζωὴν
1414 4109 1474 4162 ἐν
1525 4109 1714 4180 Ἰερου-

157 4194 331 4266 σαλήμ.
362 4216 382 4250 ι
414 4199 528 4253 Καὶ
553 4199 704 4253 ἐστιν
727 4197 872 4270 ἔργῳ
895 4199 1232 4272 παραλαϐεῖν
1253 4201 1400 4266 ὅπως
1433 4204 1481 4256 οἱ
1505 4201 1711 4274 πρῶτοι

155 4285 208 4339 ἐκ
225 4286 309 4341 τοῦ
342 4291 560 4364 Ἰσραὴλ
598 4294 682 4357 εἰς
713 4292 806 4346 τὸν
837 4293 1075 4366 Χριστὸν
1107 4294 1555 4360 πεπιστευκότες.
1583 4295 1713 4349 ἀπό-

155 4379 322 4445 στολοι,
349 4385 442 4437 καὶ
468 4383 738 4456 μαθηταὶ,
763 4385 859 4440 καὶ
897 4386 1284 4456 εύαγγελισταὶ
1311 4385 1407 4439 τοῦ
1432 4386 1708 4460 Σωτῆρος,

1827 1893 1980 1949 ditis.

1897 1986 2063 2042 Vens.
2111 1984 2295 2053 16,17.
2329 2006 2350 2040 ‹
2387 1986 2514 2044 Haec
2540 1987 2671 2045 dicit
2694 1989 2952 2047 Dominus
2994 2009 3014 2051 ε,
3037 1991 3146 2048 Pro
3174 2008 3240 2049 eo
3265 1997 3410 2064 quod

1823 2077 2053 2134 elevatae
2107 2089 2236 2134 sunt
2277 2079 2405 2137 ﬁliae
2447 2080 2610 2148 Sion,
2657 2093 2714 2138 et
2763 2083 3179 2141 ambulaverunt
3226 2098 3411 2144 erecto

1824 2169 1986 2235 collo,
2013 2179 2070 2226 et
2097 2170 2321 2228 nutibus
2352 2171 2662 2239 oculorum,
2695 2183 2752 2231 et
2787 2190 2976 2244 gressu
3019 2177 3216 2248 pedum
3246 2179 3409 2234 simul

1826 2263 2107 2317 trabentes
2149 2261 2386 2327 tunicas,
2430 2269 2488 2317 et
2537 2262 2769 2332 pedibus
2813 2265 2978 2321 simul
3019 2266 3268 2324 ludentes
3307 2277 3410 2325 :et

1828 2352 2142 2408 bumiliabit
2216 2353 2488 2410 Dominus
2545 2354 2692 2412 Deus
2754 2357 3120 2427 principatum
3183 2371 3406 2432 agentes

1824 2444 1966 2500 ﬁlias
2001 2445 2156 2512 Sion,
2195 2455 2252 2501 et
2291 2447 2550 2502 Dominus
2577 2447 2837 2504 revelabit
2866 2451 3110 2506 habitum
3140 2465 3350 2508 earum.
3378 2474 3399 2508 ι

1827 2537 2064 2593 Possunt
2114 2540 2230 2595 haec
2284 2554 2392 2597 non
2423 2540 2490 2596 de
2532 2541 2852 2597 mulieribus
2903 2553 3131 2609 tantum,
3191 2547 3283 2602 sed
3337 2548 3406 2602 de

1823 2630 2079 2687 mollibus
2131 2632 2296 2698 etiam
2353 2641 2413 2688 et
2501 2634 2831 2692 effeminatis
2895 2638 3182 2696 animabus
3257 2640 3402 2696 dicta

1821 2722 2011 2780 fuisse.

2426 2815 2658 2874 CAPUT
2705 2818 2796 2876 IV.

1895 2907 2063 2966 Vens.
2117 2909 2172 2964 1.
2227 2928 2248 2962 ι
2299 2909 2366 2966 Ει
2423 2911 2836 2982 apprehendent
2885 2923 3092 2984 septem
3143 2915 3403 2972 mulieres

1822 3000 2098 3058 hominem
2147 3018 2338 3071 unum,
2395 3004 2662 3071 dicentes,
2708 3004 2908 3060 Panem
2965 3017 3208 3063 nostrum
3249 3025 3405 3064 man-

1821 3096 2190 3163 ducabimus,
2258 3107 2315 3152 et
2369 3099 2716 3155 vestimentis
2788 3102 2990 3156 nostris
3045 3105 3400 3172 operiemur:

1821 3199 2078 3244 caeterum
2116 3205 2314 3244 nomen
2353 3199 2502 3244 tuum
2553 3201 2781 3246 vocetur
2829 3209 2994 3264 super
3048 3211 3167 3252 nos.
3207 3215 3227 3249 ι
3259 3198 3403 3254 Nilm
3503 3225 3510 3230 -

1819 3281 1964 3337 enim
2007 3281 2160 3336 aiunt
2198 3282 2386 3338 deesse
2435 3282 2564 3346 sibi,
2605 3282 2707 3338 nisi
2752 3299 2947 3340 nomen
2995 3285 3114 3356 ejus
3161 3297 3401 3345 tantum-

1819 3372 1998 3436 modo,
2035 3381 2097 3428 et
2143 3379 2207 3427 ut
2255 3381 2546 3441 patronum
2599 3373 2803 3430 habere
2842 3378 3155 3436 videantur.
3197 3383 3404 3449 Quam-

1816 3462 2006 3519 obrem
2045 3477 2191 3528 eum,
2229 3471 2420 3532 utpote
2454 3465 2574 3535 qui,
2609 3465 2792 3522 multis
2819 3468 2870 3522 in
2909 3471 3204 3538 perniciem
3237 3474 3400 3542 (latis,

1816 3568 2076 3625 perrarus
2107 3553 2181 3610 sit
2211 3553 2456 3620 relictus,
2513 3556 2596 3613 sic
2647 3556 3018 3629 alloquuntur,
3072 3581 3091 3616 ι
3132 3563 3398 3622 Caeterum

1816 3661 2018 3704 nomen
2047 3656 2197 3702 tuum
2227 3655 2452 3704 vocetur
2479 3661 2645 3717 super
2672 3662 2791 3714 IIOS,
2831 3668 2855 3704 ι
2880 3659 2936 3707 et
2965 3661 3184 3710 cratera.

1885 3741 2052 3798 Vens.
2081 3740 2140 3807 2,
2168 3741 2222 3796 5.
2261 3761 2279 3793 ι
2312 3741 2368 3796 In
2397 3741 2484 3796 die
2507 3740 2597 3797 illa
2637 3743 2878 3800 illucebit
2902 3747 3042 3802 Deus
3069 3747 3123 3802 in
3168 3749 3402 3806 consilio

1814 3848 1939 3888 cum
1969 3833 2142 3903 gloria
2177 3848 2344 3904 super
2373 3842 2600 3902 terram,
2627 3836 2694 3891 ad
2719 3837 3076 3894 exaltandum
3099 3849 3158 3896 et
3191 3841 3400 3912 gloriﬁ-

1812 3927 2047 3984 candum
2108 3927 2253 3998 quod
2315 3928 2636 3983 derelictum
2691 3936 2778 3984 est
2831 3943 2900 3986 ex
2960 3929 3147 3988 Israel.
3189 3932 3257 3988 Et
3293 3934 3400 3990 erit

1813 4021 1958 4092 quod
1990 4020 2242 4076 relictum
2266 4032 2350 4076 est
2380 4021 2436 4076 in
2466 4023 2620 4089 Sion,
2665 4033 2722 4078 et
2766 4027 2911 4094 quod
2950 4025 3198 4081 relictum
3227 4027 3280 4080 in
3307 4025 3398 4082 Je-

1813 4112 2074 4176 rusalem,
2105 4113 2198 4182 qui
2233 4115 2578 4169 vocabuntur
2598 4129 2813 4183 omnes,
2849 4117 2940 4186 qui
2967 4101 3160 4188 scripti
3189 4126 3315 4174 sunt
3340 4119 3393 4173 in

1811 4203 1922 4258 vita
1953 4202 2009 4257 in
2050 4202 2379 4259 Jerusalem.
2412 4223 2435 4260 ι
2479 4203 2634 4261 Licet
2663 4217 2842 4262 autem
2889 4207 3008 4277 ipso
3051 4223 3217 4278 opere
3270 4223 3397 4279 per-

1811 4295 2048 4366 spicere,
2107 4296 2380 4365 quomodo
2427 4297 2588 4366 primi
2632 4311 2698 4352 ex
2732 4297 2959 4364 lsraele,
2985 4300 3076 4368 qui
3131 4301 3184 4353 in
3239 4301 3398 4356 Chri-

1811 4399 1954 4444 stum
1984 4387 2355 4453 crediderunt,
2382 4389 2638 4458 apostoli,
2669 4390 2922 4460 discipuli
2956 4401 3012 4446 et
3040 4390 3396 4458 evangelista

155 4469 414 4544 ὕψῖιθησαν
459 4477 557 4531 καὶ
589 4475 980 4548 ἐδοξάσθησαν,
1031 4476 1108 4541 ὼς
1142 4476 1420 4548 πανταχοῦ
1465 4476 1570 4548 γῆς
1613 4478 1710 4530 καὶ

1826 4478 2142 4546 Servatoris,
2200 4479 2425 4536 exaltati
2463 4490 2520 4536 et
2556 4481 2731 4550 gloria
2769 4481 2950 4538 aﬂ‘ecti
3001 4483 3154 4550 sint,
3214 4483 3288 4536 ita
3335 4492 3396 4538 ut

155 4562 258 4615 καθ’
280 4565 400 4638 ὅλης
421 4567 520 4639 τῆς
545 4567 877 4640 οἰκουμένης
896 4570 1185 4638 ἐπιφανεῖς
1213 4567 1415 4632 αὐτοὺς
1433 4568 1705 4637 γενέσθαι*

155 4654 234 4706 καὶ
258 4657 412 4713 εἰσέτι
443 4660 541 4714 καὶ
572 4659 670 4714 νῦν
701 4660 856 4732 παρά
889 4663 1023 4715 πᾶσι
1053 4662 1167 4724 τοῖς
1196 4659 1432 4722 ἔθνεσιν,
1483 4659 1710 4731 Ἕλλησί

154 4761 203 4797 τε
228 4749 310 4801 καὶ
339 4749 658 4825 βαρϐάροις,
679 4751 999 4818 δοξάζεσθαι
1025 4752 1207 4806 αὐτῶν
1230 4754 1324 4808 καὶ
1345 4751 1584 4825 τοῦνομα
1615 4753 1710 4807 καὶ
1737 4763 1746 4771 ‘

153 4837 235 4909 τὴν
255 4841 613 4900 διδασκαλίαν.
648 4846 819 4901 Μόνοι
851 4841 946 4900 οὖν
986 4838 1134 4900 οὗτοι
1168 4845 1314 4916 ἀγιοι
1343 4845 1706 4918 κληθήσονται

150 4930 192 4980 οἱ
214 4934 630 5002 καταξιωθέντες
649 4918 1034 5010 γραφῆναιέίς
1059 4937 1162 5010 τὴν
1190 4935 1406 4992 αἰώνιον
1436 4935 1582 5008 ζωὴν
1602 4937 1702 5009 τῆς

152 5025 434 5098 ἐπουρανίου
489 5031 871 5104 Ἰερουσαλήμ.
920 5033 1032 5087 Καὶ
1062 5029 1276 5094 τούτοις
1324 5029 1572 5102 παράθες
1603 5028 1699 5083 τοῦ

152 5115 368 5194 Σωτῆρος
415 5123 574 5196 ἡμῶν
611 5123 710 5196 τὴν
759 5125 899 5197 πρὸς
941 5126 1070 5189 τοὺς
1124 5122 1456 5186 ἀποστόλους
1491 5121 1696 5194 φωνὴν,

152 5207 204 5261 δι’
230 5207 289 5282 ἧς
317 5217 551 5288 εἴρηται,
575 5237 596 5271 ι
623 5219 741 5274 Ὅτι
771 5219 844 5274 τὰ
890 5220 1134 5294 ὀνόματα
1178 5216 1332 5289 ὑμῶν
1373 5215 1589 5288 ἐγράφη
1639 5217 1698 5270 ἐν

151 5305 241 5369 τοῖς
267 5308 526 5380 οὐρανοῖς.
559 5329 579 5363 ι
1513 5341 1517 5346 τ

210 5413 227 5446 ι
261 5399 378 5453 Ὀτι
397 5402 655 5456 ἐκπλυνεῖ
674 5404 878 5476 Κύριος
898 5404 989 5458 τὸν
1011 5404 1184 5475 ῥύπον
1203 5418 1314 5456 των
1329 5400 1460 5455 υἱῶν
1480 5401 1574 5455 καὶ
1593 5403 1701 5454 των

155 5483 431 5563 θυγατέρων
453 5493 618 5559 Σιὼν,
646 5496 814 5563 καὶτὸ
832 5489 974 5568 αἷμα
1004 5493 1364 5567 Ἰερουσαλὴμ
1383 5492 1704 5565 ἐκκαθαριεῖ

154 5577 204 5632 ἐκ
229 5582 377 5652 μέσον
409 5585 593 5641 αὐτῶν
625 5590 683 5643 ἐν
729 5588 998 5661 πνεύματι
1032 5588 1266 5660 κρίσεως
1300 5587 1391 5643 καὶ
1431 5585 1697 5658 πνεύματι

220 5762 258 5793 ⁸⁸
277 5761 394 5820 Luc.
424 5783 478 5832 κ,
513 5768 608 5823 20.

1810 4572 2009 4642 ubique
2056 4582 2327 4626 terrarum
2356 4584 2421 4626 ac
2445 4584 2545 4642 per
2584 4571 2896 4628 universum
2937 4574 3125 4628 orbem
3179 4573 3395 4644 conspi-

1807 4665 1895 4720 cui
1929 4665 2271 4720 evaderent:
2306 4673 2363 4718 et
2396 4664 2464 4719 ad
2504 4665 2611 4720 hoc
2647 4680 2819 4735 usque
2863 4675 3078 4736 tempus
3107 4667 3250 4734 apud
3275 4680 3395 4720 om-

1806 4773 1904 4814 nes
1943 4768 2156 4828 gentes,
2190 4767 2302 4812 tam
2327 4757 2550 4814 Graecas
2585 4774 2748 4829 quam
2781 4758 3069 4823 barbaras,
3104 4772 3301 4813 nomen
3339 4769 3396 4814 et

1805 4847 2052 4904 doctrina
2082 4863 2276 4903 eorum
2316 4849 2654 4906 celebretur.
2690 4850 2754 4904 Hi
2785 4865 2919 4916 ergo
2949 4849 3055 4904 soli
3105 4853 3278 4904 sancti
3299 4863 3395 4904 vo-

1811 4937 2105 5000 cabuntur,
2133 4938 2227 5006 qui
2260 4937 2413 5005 digni
2438 4937 2611 4992 habiti
2644 4945 2773 4992 sunt
2825 4947 2886 4991 ut
2924 4937 3295 4992 scriberentur
3339 4935 3392 4990 in

1807 5037 2012 5083 aeterna
2065 5030 2176 5083 vita
2239 5029 2482 5086 caelestis
2531 5028 2851 5084 Jerusalem.
2900 5027 2995 5084 His
3050 5043 3216 5098 porro
3255 5027 3395 5084 adde

1808 5117 2110 5174 Salvatoris
2140 5120 2310 5175 nostri
2339 5133 2529 5174 vocem
2569 5120 2637 5174 ad
2669 5118 2951 5188 apostolos
2975 5119 3251 5184 emissam,
3286 5132 3390 5188 qua

1809 5211 2035 5279 dicitur,
2091 5229 2111 5263 ι
2144 5211 2280 5279 Quia
2302 5212 2520 5268 nomina
2564 5221 2743 5268 vestra
2784 5211 2986 5281 scripta
3025 5221 3154 5267 sunt
3193 5212 3246 5282 ip
3280 5226 3393 5268 cm-

1803 5303 1870 5359 lis
1897 5303 1962 5358 ⁸³.
1990 5322 2008 5356 ι

1885 5397 2056 5454 Vens.
2092 5397 2212 5454 3.6.
2259 5417 2280 5452 ι
2310 5397 2448 5466 Quia
2493 5397 2680 5454 abluet
2721 5398 2983 5454 Dominus
3029 5397 3221 5453 sordes
3253 5397 3390 5452 [ilio-

1811 5510 1932 5550 rum
1965 5505 2021 5551 et
2051 5493 2290 5549 ﬁliarum
2322 5493 2476 5563 Sion,
2501 5504 2554 5550 et
2578 5493 2902 5563 sanguinem
2934 5491 3238 5550 Jerusalem
3263 5505 3390 5564 pur-

1819 5585 1968 5657 gabit
2002 5601 2069 5643 ex
2098 5585 2278 5654 medio
2311 5599 2500 5644 eorum
2558 5584 2614 5642 in
2642 5586 2837 5659 spiritu
2875 5583 3066 5654 jndicii
3104 5595 3161 5641 et
3193 5583 3388 5656 spirits
