3850 6210
444 331 548 391 116

1107 316 1380 389 EUSEBII
1417 329 1899 391 CESARIENSIS
1936 329 2088 389 OPP.
2130 331 2313 388 PARS
2346 329 2438 387 III.
2478 361 2546 371 —
2584 328 2995 388 EXEGETICA.

3590 333 3695 385 H6

446 434 881 535 (κιιιιιῖιιειίοηῑε.⁸
896 450 964 506 Et
987 451 1186 519 veniet,
1215 463 1271 506 et
1297 452 1406 507 erit
1437 463 1582 508 totus
1621 453 1779 509 locus
1812 453 2016 508 montis

2138 452 2383 514 ιαύσεως.
2421 450 2531 504 Kal
2558 450 2697 520 ἥξει,
2753 449 2849 502 καὶ
2886 447 3036 500 ἔσται
3067 446 3173 509 πᾶς
3220 445 3382 507 τόπος
3411 442 3506 497 τοῦ
3539 444 3698 515 ὅρους

449 540 680 605 Sion,et
712 543 897 617 omnia
923 554 1043 609 quae
1076 539 1129 593 in
1176 540 1405 593 circuitu
1453 540 1571 610 ejus
1623 549 1770 608 sunt,
1818 542 2015 595 nebula

445 633 554 688 diei
583 633 954 699 obumbrabit,
998 642 1054 688 et
1076 633 1232 703 quasi
1278 632 1449 697 fumo,
1512 644 1567 688 et
1620 635 1771 705 quasi
1815 634 2019 689 lumine

448 735 611 779 noctu
641 726 886 788 ardente,
916 725 1065 780 omni
1110 725 1284 792 gloria
1334 725 1639 795 obtegetur.
1706 725 1768 781 Et
1819 728 1928 781 erit
1966 728 2020 780 in

444 817 697 871 umbram
732 817 799 871 ab
828 826 984 879 aestu,
1023 826 1077 871 et
1105 816 1157 870 in
1185 817 1575 885 protectionem
1627 826 1680 872 et
1705 816 2024 873 absconsio-

444 922 570 962 nem
614 922 644 961 a
671 907 870 962 duritie
903 918 958 962 et
981 908 1181 978 pluvia.
1214 925 1233 958 ι
1277 906 1578 961 Lavacrum
1637 908 2020 977 regeneratio-

451 998 559 1061 nis,
603 999 748 1066 quod
797 998 951 1066 prius
999 996 1311 1051 declarabat
1373 998 1458 1052 bis
1519 998 1724 1062 verbis,
1778 1015 1797 1049 ι
1849 996 2024 1053 Lava-

449 1086 609 1153 mini,
634 1088 821 1143 mundi
851 1096 1047 1151 estote,
1075 1104 1095 1138 ι
1127 1087 1293 1141 etiam
1325 1103 1468 1142 nunc
1495 1098 1680 1156 aperte
1710 1088 2020 1159 pollicetur.

453 1178 577 1233 Haec
604 1194 768 1249 porro
797 1180 929 1234 dicit
957 1181 1022 1235 de
1051 1181 1138 1245 iis,
1171 1181 1262 1248 qui
1302 1195 1426 1236 cum
1454 1182 1618 1238 credis
1649 1181 1851 1237 Christi
1895 1198 2021 1253 par-

452 1271 650 1339 ticipes
680 1270 933 1336 fuissent,
987 1286 1087 1325 nec
1124 1272 1355 1326 multum
1421 1282 1609 1343 postea
1660 1274 2021 1341 resipuerunt,

451 1372 510 1417 et
537 1362 887 1432 Evangelium
925 1364 1098 1433 ipsius
1131 1374 1489 1432 agnoverunt.
1535 1366 1670 1419 Hinc
1705 1367 1770 1421 de
1811 1365 2024 1420 filiabus

453 1455 582 1511 Sion
620 1457 747 1526 agit,
776 1471 895 1526 quae
941 1457 993 1511 in
1027 1457 1295 1525 superiori
1350 1458 1591 1513 clausula
1636 1459 2026 1513 incusabantur

452 1548 540 1602 bis
565 1548 745 1602 verbis
771 1569 783 1603 :
818 1566 837 1599 ι
871 1547 1006 1615 Quia
1033 1550 1281 1608 exaltata‘
1308 1550 1568 1605 suntfilia:
1581 1550 1734 1614 Sion,
1762 1559 1815 1604 et
1840 1559 2024 1604 erecta

451 1640 665 1694 cervice
713 1639 1101 1704 incedebant,»
1147 1653 1202 1696 et
1250 1651 1467 1697 caetera.
1505 1642 1839 1711 Sanguinem
1897 1656 2025 1696 vero

2127 541 2285 604 Σιὼν,
2310 542 2402 592 καὶ
2436 540 2612 593 πάντα
2641 540 2709 593 τὰ
2737 537 3048 609 περικύκλῳ
3074 536 3243 606 αὐτῆς
3270 535 3477 587 σκιάσει
3500 534 3699 603 νεφέλη

2126 633 2355 704 ἡμέρας,
2379 632 2473 685 καὶ
2503 632 2576 694 ὡς
2617 629 2846 693 καπνοῦ,
2872 628 2964 682 καὶ
2995 629 3072 691 ὼς
3092 628 3267 696 φωτὸς
3288 627 3577 696 καιομένου
3609 644 3700 678 νυ-

2124 728 2270 790 κτὸς,
2290 726 2437 796 πάσῃ
2451 728 2517 795 τῇ
2535 723 2661 795 δόξῃ
2678 722 3137 792 σκεπασθήσεται.
3157 721 3265 771 Kal
3284 718 3431 771 ἔσται
3447 720 3525 781 είς
3543 717 3702 771 σκιὰν

2123 819 2230 873 ἀπὸ
2250 816 2547 887 καύματος,
2582 816 2676 868 καὶ
2707 818 2765 869 ὲν
2802 814 2976 884 σκέπῃ
3020 814 3114 866 καὶ
3147 815 3205 864 ὲν
3244 810 3561 881 ἀποκρύφῳ,
3593 811 3704 863 ἀπὺ

2127 910 2492 981 σκληρότητος
2520 909 2613 961 xal
2644 906 2822 959 ὑετοῦ.
2859 925 2877 957 ι
2912 904 3105 973 Σαφῶς
3134 905 3242 975 γὰρ
3269 904 3328 955 τὸ
3358 903 3579 973 λουτρὸν
3602 902 3703 971 τῆς

2128 1001 2573 1070 παλιγγενεσίας,
2598 1001 2625 1051 ὃ
2641 1001 2735 1052 καὶ
2754 998 2841 1051 διὰ
2854 997 2964 1049 τῶν
2984 995 3289 1067 ἔμπροσθεν
3308 996 3491 1066 ἐδήλου
3504 995 3703 1062 λέγων·

2133 1112 2152 1146 r
2193 1093 2493 1155 Δούσασθε,
2520 1092 2613 1145 καὶ
2638 1091 2867 1162 καθαροὶ
2889 1090 3133 1158 γένεσθε,
3163 1109 3180 1141 ι
3213 1090 3304 1142 καὶ
3328 1089 3421 1142 νῦν
3442 1089 3706 1157 ἐπαγγέλ-

2126 1185 2295 1239 λεται.
2328 1185 2487 1250 Λέγει
2512 1184 2569 1237 δὲ
2603 1182 2777 1237 ταῦτα
2804 1183 2933 1253 περὶ
2956 1180 3065 1233 τῶν
3102 1182 3574 1251 κεκοινωνηκότων
3608 1181 3708 1251 μὲν

2124 1282 2191 1349 τῇ
2224 1278 2366 1331 κατά
2397 1277 2490 1330 τοῦ
2520 1277 2772 1347 Σωτῆρος
2809 1274 3110 1345 μιαιφονίᾳ,
3155 1274 3347 1344 μικρὸν
3388 1274 3445 1326 δὲ
3478 1272 3710 1344 ὕστερον

2130 1368 2542 1441 μεταϐαλόντων
2566 1368 2661 1419 καὶ
2684 1367 3068 1437 γνωρισάντων
3092 1365 3255 1419 αὑτοῦ
3275 1366 3334 1417 τὸ
3356 1364 3706 1434 Εὑαγγὲλιον.

2126 1462 2239 1514 Kal
2268 1460 2573 1531 θυγατέρας
2600 1458 2738 1511 Σιὼν
2768 1458 3037 1529 ἐπιφέρει,
3076 1457 3174 1521 τὰς
3203 1460 3260 1510 ἐν
3290 1461 3355 1528 τῇ
3399 1456 3711 1529 ἔμπροσθεν

2128 1556 2400 1625 περικοπῇ
2430 1550 2922 1622 κατηγορηθείσας,
2956 1553 3013 1604 ἐν
3055 1551 3132 1620 τῷ
3166 1550 3451 1619 λέγεσθαι·
3493 1568 3511 1601 ι
3567 1548 3713 1601 Ἀνθ’

2126 1641 2201 1699 ὧν
2234 1644 2526 1715 ύψώθησαν
2566 1645 2621 1696 αί
2663 1642 2962 1714 Θυγατέρες
3007 1641 3165 1706 Σιὼν,
3206 1643 3300 1696 καὶ
3338 1641 3714 1713 ἐπορεύθησαν

450 1729 755 1786 Jerusalem
804 1732 945 1785 miro
997 1745 1130 1786 sane
1178 1734 1338 1788 modo
1380 1742 1537 1787 vocat
1590 1734 1797 1788 caedem
1852 1734 1921 1787 ibi
1970 1734 2021 1787 in

2138 1738 2319 1809 ὑψηλῴ
2344 1737 2622 1809 τραχήλῳ,
2663 1756 2681 1787 ι
2729 1737 2824 1789 καὶ
2856 1737 2924 1790 τὰ
2954 1736 3163 1799 τούτοις
3192 1736 3449 1805 ἑπόμενα.
3479 1728 3627 1805 Αἷμα
3652 1734 3715 1786 δὲ

454 1820 744 1875 Servatore
764 1830 1129 1890 perpetratam
1157 1836 1172 1875 :
1204 1823 1332 1891 quia
1368 1823 1558 1877 isthmc
1603 1837 1765 1877 causa
1798 1821 1899 1875 fuit
1928 1837 2022 1876 ex-

2138 1800 2203 1880 Ἰε
2214 1800 2850 1897 ροῦσαλὴμθαυμαστῶς
2880 1828 3147 1881 ἀποκαλεῖ
3174 1828 3272 1899 τὴν
3297 1800 3445 1880 ⁷κατὰ
3469 1800 3563 1879 τοῦ
3598 1828 3716 1880 Σω-

462 1928 648 1972 tremte
674 1917 774 1971 loci
808 1917 952 1971 illius
1000 1917 1345 1972 vastationis.
1389 1917 1455 1971 Et
1489 1919 1804 1973 consideres
1849 1917 2009 1971 velim

453 2024 636 2063 annon
670 2010 759 2064 hic
789 2024 966 2065 sermo
997 2011 1241 2079 apprime
1286 2012 1579 2065 conveniat
1622 2026 1744 2065 eum
1792 2025 2027 2080 evange-

455 2102 565 2156 Iico
608 2101 697 2156 illo
743 2101 1053 2155 testimonio
1102 2101 1168 2155 de
1215 2100 1507 2156 Servatore
1547 2110 1756 2165 nostro,
1794 2100 1888 2156 ubi
1944 2100 2025 2155 sic

454 2195 703 2258 habetur,
737 2213 756 2246 ι
780 2193 899 2263 Ipse
933 2209 1031 2250 vos
1059 2194 1362 2264 baptizabit
1401 2196 1454 2249 in
1496 2194 1702 2264 Spiritu
1746 2206 1935 2251 sancto
1972 2205 2028 2251 et

408 2293 413 2299 '
454 2285 581 2355 igne
605 2285 672 2337 “.
704 2304 723 2337 ι
762 2284 892 2339 Illud
924 2284 1092 2349 enim,
1133 2303 1151 2336 ι
1180 2285 1233 2338 in
1276 2285 1471 2354 spiritu
1516 2285 1705 2354 judicii
1737 2296 1790 2340 et
1828 2287 1883 2340 in
1915 2287 2028 2355 spi-

454 2379 561 2434 ritu
586 2377 1005 2443 combustionis,
1041 2398 1059 2430 ι
1097 2378 1232 2433 nihil
1272 2376 1455 2433 dill‘ert
1495 2378 1561 2433 ab
1606 2378 1718 2445 illo,
1771 2397 1787 2431 ι
1820 2378 1875 2432 in
1908 2378 2029 2445 Spi-

454 2469 561 2523 ritu
592 2477 781 2525 sancto
801 2479 855 2523 et
877 2470 1021 2541 igne.
1060 2488 1081 2522 ι
1117 2469 1261 2540 lgnei
1294 2483 1423 2523 vero
1458 2482 1737 2523 sermones
1786 2469 1894 2522 illis
1935 2469 2030 2521 ad-

406 2586 409 2587 ν
456 2561 610 2627 moti,
643 2568 989 2629 peccatorum
1017 2560 1458 2615 emundationem
1482 2561 1834 2629 peragebant.
1870 2559 2029 2613 Item-

456 2667 562 2722 que
594 2650 845 2708 Salvator
875 2662 1062 2708 noster
1089 2652 1146 2707 in
1181 2652 1477 2722 Evangelio
1503 2652 1703 2707 dicitur
1751 2652 2031 2721 baptizare

454 2757 562 2797 non
599 2745 651 2798 in
693 2758 831 2813 aqua
858 2784 874 2808 ,
915 2745 1008 2799 sed
1058 2743 1113 2799 in
1173 2744 1379 2813 Spiritu
1446 2752 1501 2797 et
1548 2744 1687 2814 igne.
1743 2741 1854 2797 Hoc
1882 2742 2028 2798 enim

456 2838 647 2890 edocet
686 2834 946 2899 Joannes,
991 2828 1059 2890 de
1097 2850 1155 2890 se
1192 2836 1410 2904 quidem
1469 2834 1676 2899 dicens,
1724 2853 1743 2886 ι
1772 2834 1883 2904 Ego
1934 2848 2031 2889 vos

458 2926 673 2993 baptizo
704 2926 756 2978 in
787 2941 923 2994 aqua
945 2925 1028 2991 ²⁸;
1061 2944 1078 2976 ι
1106 2926 1171 2979 de
1188 2925 1469 2979 Salvatore
1498 2936 1700 2990 autem,
1732 2942 1751 2976 ι
1794 2923 1912 2994 Ipse
1934 2938 2032 2980 vos

459 3013 756 3083 haptizabit
786 3014 838 3069 in
873 3012 1077 3082 Spiritu
1107 3022 1297 3069 sancto
1330 3022 1386 3068 et
1424 3014 1547 3084 igne
1564 3015 1632 3071 ³⁵.
1662 3032 1681 3065 ι

752 3352 773 3375 _
1083 3289 1312 3347 CAPUT
1352 3290 1416 3343 v.

536 3380 697 3436 Vens.
733 3382 787 3435 I.
827 3400 846 3434 ι
876 3381 1119 3437 Cantaho
1142 3382 1342 3437 dilecto
1375 3384 1649 3438 canticum
1680 3384 1871 3441 Dilecti
1908 3386 2037 3450 mei,

460 3475 634 3529 vineae
659 3488 813 3528 meae.
843 3474 1014 3529 Vinea
1042 3473 1179 3529 facta
1205 3483 1288 3528 est
1312 3474 1508 3530 dilecto
1534 3476 1586 3529 in
1618 3490 1809 3543 cornu,
1831 3478 1883 3531 in
1920 3477 2039 3532 loco

461 3566 669 3635 pingui.
701 3584 720 3617 ι
756 3565 870 3622 Hoc
900 3566 1061 3635 igitur
1095 3566 1330 3632 cantico,
1362 3581 1483 3635 quae
1508 3567 1559 3621 in
1596 3568 1752 3623 vinea
1784 3584 1881 3624 sua
1910 3585 2039 3638 ope-

461 3670 614 3715 ratus
652 3669 736 3715 est
760 3669 1064 3725 enumerat,
1090 3660 1368 3728 vineaeque
1420 3660 1824 3730 improbitatem
1878 3678 2037 3717 coar-

460 3754 607 3821 guit:
643 3767 706 3806 ac
737 3766 800 3805 ea
830 3767 950 3821 quae
979 3752 1080 3821 ipsi
1114 3762 1373 3806 eventura
1399 3762 1525 3807 sunt
1548 3752 1897 3807 vaticinatur.
1953 3754 2042 3807 Di-

461 3846 605 3897 citur
629 3859 759 3913 ergo
792 3845 844 3899 in
875 3859 1041 3898 cornu
1070 3857 1212 3908 esse,
1256 3845 1380 3912 quia
1424 3845 1475 3898 in
1511 3860 1625 3913 Ipsa
1667 3844 2038 3915 Hierosolyma

463 3936 611 4004 regia
648 3936 960 4005 metropolis
1012 3936 1294 3991 consistit:
1347 3935 1484 3991 solet
1528 3947 1706 3991 autem
1758 3936 2040 4005 Scriptura

467 4043 671 4083 cornua
701 4028 855 4099 regni
884 4042 1208 4083 memorare.

536 4207 700 4263 Vens.
734 4208 788 4261 2.
838 4228 856 4260 ι
903 4209 969 4262 Ει
1015 4224 1196 4277 sepem
1243 4208 1605 4279 circumposui
1639 4218 1695 4264 et
1728 4210 1953 4275 vallavi,
1982 4221 2045 4267 et

464 4301 709 4373 plantavi
739 4302 950 4356 vineam
987 4300 1188 4355 Sorec:
1222 4310 1275 4372 et
1303 4302 1563 4355 ardillcavi
1597 4302 1786 4356 turrim
1841 4304 1892 4356 in
1940 4320 2046 4359 me-

464 4395 557 4449 dio
587 4392 725 4460 ejus,
774 4402 827 4445 et
872 4392 1215 4460 protorcular
1248 4391 1358 4446 fodi
1406 4394 1457 4445 in
1506 4408 1591 4447 ea.
1624 4411 1643 4443 ›
1683 4392 1875 4462 Sepem
1914 4408 2045 4449 vero

2125 1922 2289 1993 τῆρος
2326 1918 2692 1991 προαχθεῖσαν
2726 1921 2783 1971 ὲν
2817 1920 2952 1990 αὐτῇ
3001 1919 3331 1990 μιαιφονίαν,
3372 1917 3457 1970 διὰ
3487 1917 3547 1970 τὸ
3579 1917 3716 1971 ταύ-

2126 2033 2227 2088 την
2254 2016 2432 2069 αἰτίαν
2454 2013 2737 2081 γεγονέναι
2760 2014 2857 2083 τῆς
2884 2015 3115 2084 ἐσχάτης
3139 2012 3372 2083 ἐρημίας
3399 2011 3491 2064 τοῦ
3519 2010 3717 2063 τόπου.

2127 2110 2240 2162 Kal
2273 2107 2371 2160 θέα
2399 2108 2449 2158 εί
2492 2104 2568 2179 μὴ
2610 2105 2815 2176 σφόδρα
2845 2105 3133 2175 σύμφωνός
3168 2106 3314 2157 ἐστιν
3342 2105 3370 2156 6
3399 2103 3588 2175 παρὼν
3619 2104 3720 2156 λό-

2129 2219 2225 2271 γος
2246 2202 2312 2270 τῇ
2331 2199 2661 2271 εὐαγγελικῇ
2692 2198 2967 2270 μαρτυρίᾳ
2987 2199 3115 2269 περὶ
3140 2197 3232 2250 τοῦ
3260 2198 3507 2269 Σωτῆρος
3528 2199 3563 2267 ὴ
3573 2198 3719 2267 μῶν,

2129 2294 2163 2366 ἢ
2196 2292 2440 2347 ἐδίδασκε
2474 2291 2709 2360 λέγουσα
2733 2309 2747 2323 σ
2782 2310 2799 2342 ι
2830 2291 3003 2353 Αὐτὸς
3027 2292 3169 2361 ὑμᾶς
3197 2288 3444 2359 βαπτίσει
3465 2290 3520 2341 ὲν
3548 2289 3722 2342 Πνεύ-

2137 2402 2266 2456 ματι
2307 2385 2447 2455 ἁγίῳ
2494 2385 2587 2436 καὶ
2616 2384 2771 2454 πυρί.
2806 2402 2824 2435 ›
2864 2382 2936 2435 Τὸ
2969 2381 3099 2453 γὰρ,
3137 2401 3155 2433 ‹
3202 2384 3258 2435 ὲν
3291 2380 3558 2452 πνεύματι
3590 2383 3723 2453 κρί-

2132 2492 2271 2539 σεως
2323 2474 2416 2527 καὶ
2470 2473 2742 2543 πνεύματι
2802 2471 3047 2533 καύσεως
3083 2490 3101 2521 ›
3127 2468 3243 2532 τοῦ,
3288 2487 3305 2519 ι
3345 2469 3402 2520 ὲν
3435 2466 3724 2537 Πνεύματι

2133 2567 2273 2638 ἁγίῳ
2298 2567 2389 2620 καὶ
2420 2566 2572 2636 πυρὶ,
2604 2585 2620 2616 ι
2656 2564 2807 2617 οὐδὲν
2835 2562 3098 2633 διαφέρει.
3118 2561 3228 2615 Kal
3254 2561 3303 2613 οἱ
3332 2558 3637 2631 πυρωτικολ¹
3663 2558 3724 2611 δὲ

2132 2660 2302 2729 λόγοι,
2334 2659 2741 2728 καθαπτόμενοι
2773 2654 2973 2720 αὐτῶν,
3012 2653 3275 2723 κάθαρσιν
3306 2650 3578 2703 ὲνεποίουν
3605 2648 3726 2701 τῶν

2134 2750 2570 2823 ἁμαρτημάτων.
2612 2749 2724 2802 Kal
2760 2750 2788 2800 6
2817 2745 3008 2817 Σωτὴρ
3044 2745 3243 2815 ὁμοίως
3277 2745 3335 2795 ὲν
3363 2741 3439 2812 τῷ
3474 2741 3726 2810 Εὑαγγε-

2132 2842 2234 2914 λίῳ
2280 2841 2564 2913 βαπτίσειν
2596 2840 2815 2907 λέγεται
2841 2839 2962 2908 οὐχ),
3001 2836 3172 2900 ὕδατι,
3199 2834 3311 2888 ἀλλ’
3338 2836 3396 2887 ὲν
3436 2834 3728 2905 Πνεύματι

2135 2936 2231 2988 καὶ
2274 2936 2333 2987 ὲν
2377 2934 2531 3004 πυρί.
2568 2932 2740 2985 Τοῦτο
2770 2930 2880 3000 γὰρ
2916 2929 3157 2995 ἐδίδαξεν
3198 2928 3227 2979 6
3279 2928 3552 2998 Ἰωάννης,
3590 2928 3728 2999 περὶ

2142 3027 2240 3099 μὲν
2286 3024 2481 3079 ἑαυτοῦ
2527 3023 2718 3089 εἰπὼν,
2772 3040 2790 3075 ι
2852 3022 2993 3091 Ἐγὼ
3038 3022 3137 3091 μὲν
3182 3021 3326 3092 ὑμᾶς
3372 3019 3622 3090 βαπτίζω
3664 3020 3731 3072 ἐν

2060 3134 2102 3191 c
2138 3119 2309 3172 ὕδατι·
2357 3139 2373 3168 ι
2408 3118 2537 3188 περὶ
2561 3117 2617 3170 δὲ
2650 3116 2744 3170 τοῦ
2786 3116 3059 3185 Σωτῆρος·
3094 3134 3113 3165 ι
3154 3114 3323 3177 Αὐτὸς
3354 3114 3496 3183 ὑμᾶς
3521 3110 3728 3181 βαπτί-

2142 3227 2222 3264 σει
2254 3211 2310 3261 ὲν
2344 3207 2619 3278 Πνεύματι
2648 3207 2787 3276 ἁγίῳ
2820 3206 2914 3258 καὶ
2937 3206 3088 3276 πυρί.
3129 3224 3147 3255 ι

2656 3298 3052 3352 ΚΕΦΑΛΑΙΟΝ
3096 3298 3171 3351 Ε’.

2217 3409 2236 3443 ι
2272 3392 2424 3463 ’ᾼσω
2456 3392 2521 3463 δὴ
2566 3390 2647 3461 τῷ
2689 3390 3033 3460 ἠγαπημένῳ
3074 3385 3225 3460 ᾆσμα
3263 3385 3358 3440 τοῦ
3410 3384 3731 3455 Ἀγαπητοῦ

2145 3504 2267 3557 μου,
2302 3486 2380 3556 τῷ
2409 3484 2694 3555 ἀμπελῶνί
2725 3501 2845 3555 μου.
2894 3480 3179 3553 ’Λμπελὼν
3206 3479 3439 3551 ἐγενήθη
3480 3478 3556 3549 τῷ
3584 3480 3731 3548 ἠγα-

2141 3578 2371 3649 πημένῳ
2412 3579 2470 3630 ὲν
2502 3576 2712 3647 κέρατι,
2748 3577 2805 3627 ὲν
2841 3574 2990 3645 τόπῳ
3019 3574 3182 3627 πίονι.
3228 3592 3248 3624 ι
3281 3574 3379 3626 Διά
3413 3573 3591 3627 τοίνυν
3623 3574 3734 3645 τῆς

2142 3671 2285 3741 ᾠδῆς
2308 3669 2512 3740 ταύτης
2548 3668 2647 3731 τὰς
2673 3669 2753 3731 είς
2793 3667 2883 3719 τὸν
2914 3666 3213 3737 ἀμπελῶνα
3242 3664 3433 3718 ἑαυτοῦ
3458 3666 3736 3735 ἐργασίας

2144 3763 2584 3834 καταριθμεῖται,
2639 3760 2732 3813 καὶ
2776 3758 2871 3812 τοῦ
2919 3757 3239 3829 ἀμπελῶνος
3278 3755 3377 3827 τὴν
3420 3754 3739 3827 μοχθηρίαν

2144 3856 2379 3924 ἐλέγχει·
2427 3852 2670 3915 θεσπίζει
2704 3850 2761 3903 δὲ
2800 3849 2894 3901 καὶ
2922 3848 2992 3901 τὰ
3026 3847 3287 3918 μέλλοντα
3327 3845 3473 3915 αὐτῷ
3511 3844 3736 3916 συμϐή-

2143 3946 2352 3999 σεσθαι.
2386 3944 2616 4011 Λέγεται
2647 3940 2778 4009 γοῦν
2808 3942 2865 3992 ὲν
2901 3941 3093 4011 κέρατι
3123 3933 3282 4002 εῖναι,
3323 3936 3411 3990 διὰ
3442 3935 3502 3987 τὸ
3533 3935 3737 4006 συστῆ-

2145 4056 2231 4092 ναι
2261 4037 2544 4108 βασιλικὴν
2586 4033 2917 4106 μητρόπολιν
2958 4035 3015 4085 ὲν
3057 4033 3191 4102 αὐτῇ
3229 4033 3295 4101 τῇ
3336 4027 3736 4101 Ἰερουσαλήμ·

2145 4126 2302 4180 εἴωθε
2332 4126 2439 4197 γὰρ
2467 4128 2500 4195 ἡ
2530 4126 2567 4175 Γ
2576 4123 2718 4195 ραφὴ
2746 4124 2957 4194 κέρατα
2978 4122 3077 4191 τῆς
3112 4120 3385 4191 βασιλείας
3416 4116 3737 4188 ὀνομάζειν.

2226 4216 2244 4269 ι
2275 4219 2382 4271 Kal
2408 4215 2660 4288 φραγμὸν
2677 4232 2744 4266 πε
2755 4213 2979 4285 ριέθηκα
2999 4214 3095 4266 καὶ
3118 4212 3467 4283 ὲχαράκωσα,
3486 4209 3581 4261 xal
3602 4208 3740 4277 ὲφύ·

2145 4328 2313 4365 τευσα
2360 4309 2600 4380 ἄμπελον
2642 4308 2857 4377 Σορήκ’
2899 4305 2995 4359 καὶ
3034 4304 3361 4374 ᾠκοδόμησα
3410 4300 3620 4372 πύργον
3678 4302 3741 4354 ὲν

2153 4404 2303 4474 μέσῳ
2333 4401 2519 4464 αὑτοῦ,
2555 4401 2647 4452 καὶ
2677 4399 2966 4472 προλήνιον
2991 4396 3175 4468 ὢρυξα
3202 4397 3260 4449 ὲν
3304 4392 3453 4465 αύτῷ
3523 4410 3540 4445 ν
3574 4392 3743 4464 Περι-

466 4486 855 4556 circumposnit
876 4487 947 4550 ei,
970 4484 1219 4539 videlicet
1239 4483 1386 4537 omni
1414 4483 1629 4553 pupulo,
1650 4499 1807 4553 quem
1839 4487 2033 4553 angelis

2154 4495 2349 4565 έθηκεν
2398 4489 2491 4547 οὖν
2536 4491 2684 4562 αὐτῷ
2728 4491 3001 4561 φραγμὸν,
3048 4486 3246 4559 δηλαδὴ
3286 4485 3363 4557 τῷ
3389 4486 3549 4539 παντὶ
3591 4484 3742 4556 λαῷ,

464 4581 895 4648 circumquaque
955 4575 1205 4630 munivit.
1255 4574 1378 4628 Alio
1429 4576 1556 4629 item
1608 4576 1771 4630 modo
1823 4577 2046 4630 vallavit

466 4688 611 4736 eam,
653 4670 931 4740 prophetis
974 4679 1029 4724 et
1073 4667 1274 4723 sanctis
1309 4666 1443 4720 viris
1494 4667 1665 4735 ipsam
1708 4666 1940 4723 fulciens
1990 4678 2046 4722 et

466 4774 799 4820 sustentans.
827 4761 967 4828 Quin
1012 4760 1175 4815 etiam
1226 4758 1489 4827 plantavit
1519 4774 1639 4813 eam
1685 4760 1897 4813 vineam
1941 4760 2041 4815 So-

471 4873 588 4923 rec,
648 4872 811 4926 quam
872 4855 1235 4925 Symmachus
1302 4853 1715 4921 interpretatur,
1793 4853 2046 4908 electam.

466 4948 599 5015 Quae
628 4958 807 5002 autem
844 4947 1034 5003 isthazc
1057 4945 1215 4998 vinea
1248 4950 1387 5007 erat,
1432 4942 1537 4996 nisi
1573 4943 1731 5012 plane
1760 4942 2046 5013 Scriptura

471 5040 737 5096 divinitus
791 5039 1076 5108 inspirata,
1128 5046 1183 5091 et
1235 5035 1339 5106 pia:
1391 5034 1668 5104 religionis
1714 5050 1916 5101 sermo,
1964 5036 2050 5091 vel

471 5137 636 5190 etiam
665 5134 844 5203 ipsum
869 5130 961 5185 Dei
992 5128 1251 5192 Verbum,
1283 5129 1424 5197 quod
1481 5128 1536 5182 in
1582 5126 1892 5198 Evangeliis
1932 5129 2048 5185 hac

472 5234 540 5286 de
566 5246 624 5290 se
650 5234 810 5287 docet
842 5243 905 5284 ac
943 5228 1203 5298 loquitur,
1253 5245 1272 5278 ι
1302 5226 1412 5296 Ego
1450 5240 1570 5280 sum
1623 5225 1750 5281 vitis
1797 5241 1948 5290 vera,
1990 5237 2046 5283 et

468 5320 635 5375 Pater
664 5337 816 5375 meus
856 5319 1090 5390 agricola
1122 5327 1207 5373 est
1226 5318 1314 5371 "‘l
1348 5336 1368 5369 ι
1414 5314 1494 5372 Ex
1522 5318 1640 5387 ipso
1675 5318 1872 5388 quippe
1898 5321 2047 5388 prior

472 5413 601 5467 item
628 5413 855 5481 populus
885 5414 1185 5467 divinarum
1222 5406 1631 5479 disciplinarum
1656 5408 2047 5478 plantationem

469 5502 698 5571 accepit.
727 5501 1074 5557 Protorcular
1108 5514 1293 5557 autem
1328 5500 1463 5556 fodit
1501 5500 1553 5553 in
1592 5513 1681 5564 ea,
1715 5499 1889 5555 altare
1937 5501 2046 5555 sci-

474 5592 603 5648 licet
638 5592 873 5662 positum
903 5605 1028 5650 ante
1057 5594 1332 5664 templum.

544 5774 591 5807 "'
627 5773 819 5831 Matth.
845 5788 929 5841 m,
958 5775 1041 5831 II.
1118 5775 1161 5807 ³⁸
1195 5773 1351 5831 Joau.
1398 5790 1438 5841 ι,
1470 5774 1557 5831 ‘26.
1638 5775 1681 5805 ³⁸
1712 5770 1846 5829 Ibid.
1889 5773 1975 5831 55.

2152 4587 2367 4648 πάντως
2391 4603 2491 4639 που
2513 4585 2765 4654 ἀγγέλοις
2788 4583 2951 4637 αὑτὸν
2975 4580 3334 4654 περιφράξας.
3378 4577 3745 4649 Ἐχαράκωσε

2150 4678 2208 4730 δὲ
2237 4678 2330 4729 καὶ
2373 4675 2545 4739 ἄλλως
2572 4675 2752 4740 αὑτὸν,
2804 4673 3114 4743 προφήταις
3143 4672 3237 4723 καὶ
3269 4669 3442 4739 ἁγίοις
3474 4667 3750 4739 ἀνδράσιν

2154 4766 2538 4837 ὑποστηρίξας.
2592 4763 2751 4816 Ἀλλὰ
2792 4762 2887 4815 καὶ
2915 4759 3313 4829 κατεφύτευσεν
3348 4756 3517 4825 αὐτὴν
3554 4754 3749 4825 ἄμπε-

2147 4859 2238 4912 λον
2261 4860 2442 4931 Σορήκ
2462 4876 2474 4888 ·
2503 4858 2570 4928 ἢν
2588 4860 2616 4910 6
2640 4857 2937 4926 Σύμμαχος
2963 4854 3305 4925 ἡρμήνευσεν
3329 4850 3615 4918 ἐκλεκτήν.
3640 4849 3749 4913 Τίς

2146 4950 2203 5003 δὲ
2229 4945 2297 5021 ἦν
2329 4948 2536 5026 αὖτηςί)
2563 4946 2807 5017 ἄμπελος
2838 4945 2873 5017 ἢ
2924 4946 3141 5007 πάντως
3175 4960 3276 4995 που
3304 4944 3338 5012 ἡ
3379 4940 3750 5004 θεόπνευστος

2149 5041 2362 5113 Γραφὴ,
2391 5041 2485 5094 καὶ
2507 5041 2535 5093 ό
2564 5039 2664 5110 τῆς
2686 5036 2995 5101 θεοσεϐείας
3019 5035 3196 5103 λόγος,
3221 5034 3254 5105 ἢ
3280 5033 3373 5086 καὶ
3398 5029 3559 5093 αὐτὸς
3589 5032 3617 5083 6
3641 5030 3751 5084 τοῦ

2150 5133 2288 5186 Θεοῦ
2315 5132 2511 5201 Λόγος,
2547 5131 2577 5183 ό
2617 5132 2677 5183 ὲν
2720 5128 3077 5199 Εὐαγγελίοις
3119 5126 3249 5199 περὶ
3284 5121 3479 5177 ἑαυτοῦ
3519 5120 3750 5189 διδάξας

2154 5226 2249 5278 καὶ
2283 5223 2474 5290 εἰπὼν,
2507 5243 2525 5277 ι
2580 5222 2721 5292 Ἐγώ
2756 5224 2874 5293 εἰμι
2901 5223 2934 5293 ἡ
2967 5219 3211 5292 ἄμπελος
3248 5219 3282 5289 ἠ
3306 5215 3557 5287 ἀληθινὴ,
3590 5216 3692 5268 καὶ
3720 5220 3752 5270 6

2152 5317 2344 5389 Πατήρ
2378 5334 2478 5387 μου
2508 5318 2538 5370 6
2562 5316 2844 5388 γεωργός;
2887 5332 2907 5367 ›
2959 5311 3051 5377 Ἐξ
3076 5309 3243 5364 αὐτοῦ
3269 5308 3378 5379 γὰρ
3408 5307 3500 5360 καὶ
3528 5307 3558 5359 ό
3585 5307 3750 5378 πρῶ-

2150 5427 2243 5472 τος
2274 5409 2403 5474 λαὸς
2443 5408 2540 5480 τὴν
2580 5408 2691 5462 τῶν
2723 5408 2885 5463 θείων
2918 5404 3176 5478 μαθητῶν
3220 5398 3616 5476 [μαθημάτων]
3643 5417 3752 5469 φυ-

2154 5499 2304 5553 τείαν
2364 5500 2572 5571 εἴληφε.
2616 5499 2915 5570 Προλήνιον
2959 5494 3054 5552 οῦν
3100 5494 3315 5567 ὀρύττει
3361 5492 3423 5546 ὲν
3454 5489 3607 5564 αὐτῷ
3691 5491 3756 5546 τὸ

2156 5591 2263 5661 πρὸ
2288 5590 2381 5644 τοῦ
2422 5590 2551 5644 ναοῦ
2593 5590 2994 5662 θυσιαστήριον.

2058 5774 2100 5804 ν
2132 5770 2286 5826 Joan.
2316 5788 2403 5835 xv,
2440 5773 2485 5826 I.
