3850 6210
193 313 283 374 117
1119 311 1622 372 (ΞΟΜΜΕΝΤᾹΒΙᾹ
1660 314 1726 371 ΙΝ
1766 315 2031 388 ῙΒΑΙΑΜ.⁸
2057 347 2126 362 -η
2163 316 2314 374 CAP.
2356 315 2422 369 ν.

3319 311 3418 371 “8

257 454 273 484 ι
312 434 413 486 Καὶ
442 432 629 503 ἔμεινα
652 430 748 486 τοῦ
782 431 1008 502 ποιῆσαι
1031 433 1330 504 σταφυλὴν,
1362 433 1454 487 καὶ
1487 433 1740 502 ἐποίησεν

1919 434 2081 490 Vens.
2112 433 2230 492 5-6.
2276 453 2295 485 ι
2349 433 2418 488 Et
2469 432 2776 500 exspectavi
2819 440 2876 485 ut
2915 431 3118 487 faceret
3173 444 3324 496 uvas,
3361 442 3416 488 et

192 525 422 588 ἀκάνθας.
449 524 557 576 Καὶ
581 523 677 577 νῦν
701 523 751 576 οί
784 522 1120 588 ἐνοικοῦντες
1142 525 1199 578 ἐν
1242 523 1618 596 Ἰερουσαλὴμ,
1651 526 1745 579 καὶ

192 619 443 690 ἄνθρωπος
469 615 564 670 τοῦ
616 615 806 679 Ἰούδα,
842 616 1063 688 κρίνατε
1098 618 1156 669 ἐν
1189 617 1334 688 ἐμοὶ,
1371 617 1466 669 καὶ⁵
1499 617 1603 671 ἀνὰ
1651 617 1746 688 μέ-

193 728 270 764 σον
292 708 378 764 τοῦ
411 707 730 779 ἀμπελῶνος
763 725 886 778 μου.
924 707 990 760 Τί
1015 709 1232 780 ποιήσω
1259 708 1340 761 ἔτι
1358 708 1438 780 τῷ
1462 708 1744 780 ἀμπελῶνί

192 818 296 872 μου,
317 800 406 854 καὶ
429 799 530 854 οὐκ
557 799 788 869 ἐποίησα
817 797 1002 870 aucti);
1028 798 1163 853 διότι
1188 799 1380 871 ἔμεινα
1400 799 1493 854 τοῦ
1521 800 1745 870 ποιῆσαι

191 889 455 963 σταφυλὴν,
488 891 712 962 ἐποίησε
759 889 816 942 δὲ
861 890 1121 955 ἀκάνθας.
1158 890 1274 945 Νὖν
1323 887 1417 946 οὖν
1461 890 1746 960 ἀναγγελῶ

189 983 297 1052 ὑμῖν
320 980 368 1033 τί
390 981 602 1051 ποιήσω
632 979 712 1050 τῷ
738 979 1024 1049 ἀμπελῶνί
1063 997 1163 1052 μου
1186 997 1200 1012 ο
1241 981 1453 1051 Ἀφελῶ
1483 981 1575 1036 τὸν
1606 999 1746 1054 φρα-

186 1075 304 1144 γμὸν
333 1073 514 1134 αὐτοῦ,
551 1074 647 1127 καὶ
687 1073 838 1127 ἔσται
878 1076 958 1137 εἰς
1002 1075 1346 1146 διαρπαγήνο
1395 1077 1491 1129 καὶ
1532 1075 1744 1130 καθελῶ

186 1167 263 1220 τὸν
299 1168 464 1236 τοῖχον
506 1164 695 1228 αὐτοῦ,
737 1167 830 1218 καὶ
871 1166 1024 1220 ἔσται
1067 1169 1148 1231 είς
1188 1167 1596 1239 καταπάτημα·
1649 1168 1746 1223 καὶ

184 1258 346 1328 ἀνήσω
384 1257 475 1310 τὸν
509 1257 809 1328 ἀμπελῶνα
843 1276 965 1329 μου,
1003 1259 1099 1313 καὶ
1132 1260 1193 1314 οὐ
1242 1260 1317 1331 μὴ
1366 1260 1598 1331 τιμηθῇ,
1635 1260 1744 1314 οὐδ’

186 1349 238 1400 οὐ
261 1349 327 1419 μὴ
355 1351 557 1420 σκαφῇ,
589 1350 684 1404 καὶ
711 1350 1043 1422 ἀναϐήσεται
1069 1352 1150 1416 είς
1182 1351 1368 1415 αὐτὸν,
1395 1351 1468 1416 ὼς
1505 1354 1585 1416 είς
1617 1352 1744 1424 χέρ-

187 1456 282 1504 σον,
321 1439 545 1497 ἄκανθα.
588 1443 700 1495 Καὶ
740 1444 860 1507 ταῖς
894 1442 1144 1512 νεφέλαις
1177 1441 1500 1512 ἐπελοῦμαι
1528 1442 1622 1497 τοῦ
1670 1443 1743 1515 μὴ

187 1529 349 1599 βρέξαι
374 1533 453 1594 είς
483 1531 649 1585 αὐτὸν
683 1532 856 1586 ὑετόν.
904 1551 923 1586 ι
961 1533 1211 1599 Νεφέλας
1243 1532 1418 1603 δηλῶν
1448 1535 1576 1597 τοὺς
1622 1551 1748 1605 προ-

186 1622 334 1692 φήτας
351 1637 364 1650 '
396 1621 532 1676 ἀλλὰ
573 1623 666 1675 καὶ
697 1621 786 1676 διὰ
829 1622 890 1674 τὸ
919 1622 1156 1694 καθαρὸν
1191 1623 1372 1678 αὐτῶν
1406 1624 1501 1678 καὶ
1526 1625 1746 1694 διαυγὲς

185 1710 263 1766 τοῦ
299 1711 428 1782 βίου,
469 1711 704 1781 νεφέλας
749 1712 948 1776 αὐτοὺς
982 1712 1169 1767 καλεῖ·
1211 1713 1298 1767 διὰ
1328 1713 1534 1769 τούτων
1570 1714 1684 1785 γὰρ
1718 1715 1746 1766 ὁ

1851 521 1978 574 fecit
2009 522 2217 590 spinas.
2268 521 2335 576 Et
2387 535 2531 576 nunc
2567 519 2658 590 qui
2717 520 2952 575 incolitis
2983 517 3321 586 Jerusalem,
3361 530 3416 574 et

1848 613 2012 668 homo
2069 611 2230 678 Juda,
2264 613 2508 684 iudicate
2565 613 2706 668 inter
2757 627 2843 667 me
2909 620 2964 666 et
3021 612 3163 668 inter
3200 611 3416 667 vineam

1847 719 2044 760 meam.
2096 705 2235 772 Quid
2285 705 2478 761 faciam
2524 705 2702 760 adhuc
2723 705 2895 759 vinem
2941 719 3094 771 meae,
3136 705 3278 774 quod
3311 719 3416 758 non

1847 794 1951 850 feci
1983 795 2084 850 ei?
2111 796 2240 865 quia
2270 795 2580 865 exspectavi
2621 804 2679 850 ut
2730 793 2933 850 faceret
2970 810 3122 862 uvas,
3157 795 3250 850 sed
3290 793 3421 848 fecit

1847 888 2072 956 spinas?
2110 889 2268 944 Nunc
2307 889 2473 959 igitur
2501 887 2842 943 annuntiabo
2869 889 3027 946 vobis
3056 888 3185 957 quid
3220 886 3414 943 faciam

1847 977 2019 1034 vineas
2047 994 2180 1034 meae
2209 999 2222 1036 ε
2249 979 2504 1034 Auferam
2533 994 2715 1050 sepem
2757 977 2899 1048 ejus,
2944 987 3000 1035 et
3050 979 3156 1034 erit
3183 981 3238 1032 in
3276 978 3420 1033 dire.

1845 1070 2084 1140 ptionem
2114 1071 2360 1125 :diruam
2391 1071 2683 1125 maceriam
2707 1069 2847 1140 ejus,
2888 1078 2944 1126 et
2964 1069 3069 1124 erit
3106 1069 3159 1124 in
3197 1069 3420 1124 concul-

1847 1161 2117 1216 cationem
2157 1180 2169 1215 :
2201 1169 2256 1216 et
2280 1159 2580 1230 relinquam
2616 1160 2830 1215 vineam
2871 1173 3068 1225 meam,
3109 1168 3300 1215 etnon
3325 1173 3423 1229 pu-

1847 1251 2074 1315 tabitur,
2117 1266 2293 1321 neque
2317 1250 2574 1314 fodietur,
2606 1260 2661 1304 et
2687 1259 2938 1306 crescent
2969 1249 3022 1302 in
3045 1263 3128 1314 ea,
3162 1257 3422 1319 tanquam

1846 1343 1900 1397 in
1942 1342 2142 1396 inculta
2203 1351 2374 1407 terra,
2431 1342 2622 1412 Spinte.
2661 1341 2727 1396 Et
2756 1339 2990 1399 nubibus
3034 1340 3306 1397 mandabo
3353 1352 3424 1397 ne

1846 1431 2033 1501 pluant
2064 1446 2230 1502 super
2253 1446 2373 1486 eam
2411 1430 2668 1502 pluviam.
2693 1449 2715 1491 ›
2745 1429 2927 1488 Nubes
2958 1445 3162 1488 vocans
3193 1431 3422 1502 prophe-

1853 1535 1933 1579 tas
1967 1543 1979 1579 :
2015 1539 2148 1593 quos
2185 1525 2254 1578 ob
2298 1525 2592 1593 puritatem
2629 1531 2684 1578 et
2725 1523 2848 1577 vitae
2877 1522 3223 1591 splendorem
3251 1524 3422 1578 nubes

1849 1613 2118 1684 appellat:
2159 1615 2352 1669 horam
2403 1612 2548 1667 enim
2587 1627 2754 1682 opera
2785 1613 3032 1672 cmlestia
3075 1613 3210 1682 ipsis
3235 1628 3421 1669 sermo

1849 1705 2115 1771 dabatur,
2177 1706 2376 1776 quibus
2419 1705 2681 1762 Dominus
2737 1719 2798 1764 se
2832 1704 3196 1762 discessurum
3248 1705 3420 1761 inter-

182 1801 400 1874 οὐράνιος
429 1802 614 1865 αὐτοῖς
636 1805 953 1876 ἐχορηγεῖτο
987 1802 1171 1874 λόγος·
1208 1798 1289 1868 οἷς
1320 1804 1535 1863 ἀπειλεί
1565 1805 1594 1857 ὁ
1625 1806 1740 1862 Κύ-
1773 1793 1816 1849 Β
1845 1795 2101 1855 minatur.

183 1909 282 1964 ριος
307 1895 629 1965 ἀποστήσειν
663 1894 863 1950 αὐτῶν.

243 2005 261 2038 ι
295 1987 516 2058 Ἔμεινα
543 1987 640 2042 τοῦ
667 1989 888 2060 ποιῆσαι
911 1991 1115 2062 κρίσιν,
1144 1990 1372 2062 ἐποίησε
1400 1991 1458 2045 δέ
1488 1992 1742 2063 ἀνομίαν,

183 2076 340 2130 καὶοὺ
364 2077 736 2150 δικαιοσύνην,
781 2078 921 2134 ἀλλά
952 2083 1219 2153 κραυγήν.
1267 2101 1286 2134 ι
1334 2083 1600 2156 Κραυγὴν
1634 2082 1744 2156 γὰρ

181 2166 348 2237 ἀφίησι
373 2168 520 2221 πᾶσα
546 2169 685 2241 πρὸς
708 2167 938 2223 θάνατον
962 2170 1230 2242 ἁμαρτία,
1250 2170 1460 2244 βοώσης
1482 2172 1581 2243 τῆς
1611 2173 1746 2244 πρά·

181 2257 296 2322 ξεως
326 2259 521 2331 αὐτῆς·
559 2260 702 2314 οὕτω
730 2261 862 2331 γοῦν
902 2261 1119 2335 εἴρηται
1145 2263 1226 2332 τὸ,
1268 2283 1287 2316 ι
1326 2264 1482 2336 Φωνὴ
1513 2265 1743 2337 αἵματος

186 2349 324 2404 Ἅϐελ
348 2351 440 2405 τοῦ
465 2351 698 2423 ἀδελφοῦ
727 2370 820 2406 σου
850 2352 951 2425 βοᾷ
983 2355 1119 2426 πρὸς
1147 2356 1238 2427 μέ.

245 2548 264 2582 ι
293 2525 362 2586 Θῦ
387 2531 512 2604 ⁵γὰρ
545 2531 813 2604 ἐργῶνται
843 2532 976 2593 δέκα
1000 2533 1171 2606 ζεύγη
1220 2535 1381 2606 βοῶν,
1413 2538 1625 2610 ποιήσει
1651 2557 1742 2592 κε-

181 2621 353 2694 ράμιον
377 2623 435 2677 ἐν
455 2641 468 2654 ·
496 2625 594 2678 καὶ
617 2625 902 2698 ὁσπείρων
930 2628 1175 2699 ἀρτάϐας
1208 2627 1289 2693 ἓξ,
1323 2630 1536 2702 ποιήσει
1568 2631 1742 2706 μέτρα

182 2713 303 2784 τρία.
340 2733 357 2764 ›
388 2713 659 2779 Σπανίους
703 2717 856 2781 τινὰς
884 2718 1011 2783 τοὺς
1056 2721 1114 2773 ἐν
1148 2719 1331 2784 αὐτοῖς
1378 2721 1744 2795 εὑρεθησομέ-

163 2800 284 2867 ’νονς
306 2806 574 2878 σωτηρίας
599 2805 784 2877 ἀξίους
816 2810 1137 2874 αἰνίττεται,
1457 2797 1463 2802 ’

244 3000 260 3032 ι
295 2983 422 3035 Οὐαὶ
447 2985 496 3036 οἱ
522 2983 864 3058 ἐγειρόμενοι
897 2985 956 3039 τὸ
984 2987 1153 3060 πρωῒ,
1178 2988 1272 3045 καὶ
1303 2990 1365 3046 τὸ
1398 2991 1596 3064 σίκερα
1616 2992 1741 3047 διώ-

184 3090 358 3139 κοντες,
385 3078 433 3128 οἱ
470 3077 729 3147 μένοντες
766 3078 827 3131 τὸ
864 3078 981 3148 ὀψέο
1013 3081 1046 3132 ό
1076 3080 1182 3152 γὰρ
1214 3077 1354 3146 οἶνος
1381 3084 1582 3150 αὐτοὺς
1610 3104 1740 3156 συγ-

185 3167 365 3219 καύσει.
409 3187 429 3220 ι
470 3143 597 3240 *Τῆς
636 3143 1004 3247 ἀποστολικῆς
1031 3143 1233 3237 λέξεως
1389 3143 1649 3248 ἐξήγησιν
1679 3143 1740 3232 τὸ
1767 3143 1810 3204 C

186 3258 328 3328 παρὸν
369 3260 525 3314 τοῦτο
565 3260 733 3332 μέρος
768 3263 867 3334 τῆς
909 3265 1250 3336 προφητείας
1295 3268 1571 3339 περιέχειο
1607 3269 1741 3325 διότι

185 3349 288 3422 γὰρ,
320 3353 466 3424 φησὶ,
500 3373 518 3404 ι
569 3353 807 3411 Μέθυσοι
843 3354 1119 3424 βασιλείαν
1149 3356 1284 3411 Θεοῦ
1312 3360 1373 3412 οὐ
1412 3359 1742 3434 κληρονομή-

184 3457 328 3496 σουσι·
366 3464 383 3496 ›
408 3445 696 3499 τουτέστιν
719 3447 767 3498 οἱ
789 3445 913 3518 ἄρτι
932 3446 1031 3519 τὴν
1064 3450 1128 3502 ἐκ
1159 3449 1258 3520 τῆς
1281 3451 1531 3523 νεότητος
1555 3454 1740 3517 ἄνοιαν

184 3536 493 3607 ἀποθέμενοι,
530 3539 628 3592 καὶ
657 3539 778 3595 ἀντὶ
810 3539 909 3610 τῆς
945 3539 1040 3594 τοῦ
1087 3541 1248 3612 λόγου
1281 3545 1562 3617 δυνάμεως
1590 3547 1742 3600 εὐτό-

184 3645 268 3691 νως
311 3631 706 3690 καταπαλαίειν
757 3632 824 3684 τὰ
877 3631 1048 3704 πάθη,
1105 3633 1538 3709 ἀνατρεπόμενοι
1608 3643 1738 3713 παρ’

183 3720 353 3785 αὐτῶν,
380 3726 470 3777 καὶ
497 3720 612 3780 οἷόν
646 3742 767 3778 τινα
810 3724 978 3797 μέθην
1011 3726 1080 3780 τὰ
1102 3728 1250 3800 πάθη
1288 3730 1736 3799 μεταδιώκοντες.

183 3812 315 3878 Εἰκὸς
341 3816 394 3869 δὲ
415 3819 540 3880 τοὺς
584 3816 870 3883 Ἰουδαίους
899 3820 993 3872 καὶ
1027 3819 1166 3891 μετὰ
1194 3821 1296 3894 τὴν
1325 3823 1468 3877 κατὰ
1493 3823 1588 3878 τοῦ
1625 3825 1740 3879 Σω-

183 3906 317 3976 τῆρος
359 3910 510 3980 ἡμῶν
539 3909 767 3981 τόλμαν,
822 3912 911 3965 ὅτε
945 3913 1113 3984 ἐχρῆν
1162 3915 1363 3979 αὐτοὺς
1396 3916 1612 3970 πενθεῖν
1652 3916 1740 3971 διὰ

183 3999 261 4067 τὴν
289 4000 574 4070 μέλλουσαν
610 4003 1016 4074 καταλήψεσθαι
1043 4006 1241 4070 αὐτοὺς
1269 4007 1459 4079 ὀργὴν,
1500 4010 1741 4080 κραιπά-

181 4087 295 4159 λαις,
316 4093 403 4146 καὶ
435 4094 821 4164 οἰνοφλυγίαις,
841 4096 936 4150 καὶ
963 4101 1031 4170 τῇ
1057 4097 1194 4170 ἄλλῃ
1221 4102 1402 4171 τρυφῇ
1436 4099 1736 4170 σχολάζειν.

182 4178 256 4231 Διὸ
294 4182 663 4247 ταλανίζονται
717 4184 821 4238 ὑπὸ
865 4185 960 4240 τοῦ
991 4186 1171 4256 λόγου,
1215 4189 1290 4252 ὡς
1322 4189 1740 4261 ἀνεπαισθήτως

181 4266 364 4339 ἔχοντες
378 4274 486 4327 τῶν
506 4276 635 4329 ὅσον
656 4274 808 4329 οὔπω
828 4278 1290 4350 καταληψομένων
1309 4281 1505 4345 αὐτοὺς
1528 4280 1734 4342 κακῶν.

1917 1984 2082 2045 Vens.
2113 1984 2167 2039 7.
2202 2003 2220 2038 ι
2255 1982 2581 2061 Exspectavi
2622 1991 2681 2039 ut
2722 1981 2926 2040 faceret
2952 1980 3241 2059 judicium,
3293 1981 3422 2040 fecit

1844 2083 2024 2131 autem
2079 2076 2448 2147 iniquitatem,
2503 2085 2559 2132 et
2611 2090 2717 2132 non
2757 2076 3049 2146 justitiam,
3089 2077 3184 2132 sed
3220 2075 3422 2133 clamo-

1845 2182 1983 2223 rem.
2014 2186 2034 2220 ι
2067 2166 2203 2224 Nam
2241 2181 2404 2224 omne
2436 2179 2716 2238 peccatum
2747 2169 2816 2224 ad
2836 2179 3092 2237 mortem,
3120 2169 3418 2225 clamorem

1843 2257 2066 2326 emittit,
2107 2258 2378 2342 clamante
2429 2259 2513 2315 vel
2550 2261 2664 2331 ipsa
2716 2261 2974 2316 actione:
3028 2259 3110 2316 sic
3149 2259 3297 2314 enim
3332 2258 3419 2314 di-

1845 2360 1992 2406 ctum
2033 2360 2137 2416 est,
2180 2369 2199 2403 ι
2228 2351 2345 2407 Vox
2390 2353 2674 2423 sanguinis
2705 2352 2838 2408 Abel
2877 2351 3061 2410 fratris
3104 2349 3182 2404 tui
3224 2349 3423 2404 clamat

1843 2441 1910 2497 ad
1943 2457 2028 2498 me
2050 2442 2117 2497 ³⁸.
2149 2460 2168 2494 ι

1915 2533 2083 2592 Vens.
2111 2534 2203 2590 10.
2247 2553 2266 2588 ι
2301 2535 2404 2592 Ubi
2459 2549 2602 2590 enim
2643 2545 2805 2591 arant
2833 2537 3018 2592 decem
3045 2533 3169 2606 iuga
3229 2537 3414 2600 boum,

1844 2626 2009 2683 faciet
2046 2628 2395 2698 lagunculam
2451 2642 2651 2682 unam:
2701 2636 2758 2684 et
2811 2627 2905 2697 qui
2938 2627 3171 2683 seminat
3197 2625 3419 2681 artabas

1842 2735 1960 2784 sex,
2008 2717 2170 2776 faciet
2198 2733 2484 2776 mensuras
2511 2729 2640 2775 tres.
2675 2738 2693 2773 ι
2722 2717 2898 2774 Raros
2937 2718 3196 2788 quosdam
3244 2716 3421 2772 homi-

1843 2826 1962 2876 nes,
1997 2811 2090 2881 qui
2129 2811 2270 2882 apud
2303 2810 2450 2881 ipsos
2484 2811 2656 2866 salute
2685 2811 2831 2882 digni
2884 2809 3240 2878 reperientur,
3289 2807 3418 2864 sub-

1843 2901 2071 2957 indicat.

1914 2992 2079 3048 Vnns.
2115 2993 2205 3047 11.
2243 3010 2265 3046 ι
2293 2989 2387 3048 Vae
2425 2993 2493 3047 iis
2516 2993 2606 3062 qui
2632 3007 2792 3048 mane
2820 2999 3071 3063 surgunt.
3107 3001 3160 3045 et
3187 2991 3415 3046 siceram

1841 3096 2282 3156 persequuntur;
2323 3087 2415 3157 qui
2460 3095 2681 3143 manent
2721 3099 2989 3155 veSpere:
3047 3085 3234 3139 vinum
3275 3085 3417 3139 enim

1844 3178 2130 3234 comburet
2185 3192 2302 3237 eos.
2351 3197 2372 3231 ι
2421 3178 2719 3248 Apostolici
2781 3177 2909 3232 dicti
2978 3176 3416 3247 explanationem

1842 3284 1969 3339 pars
2017 3271 2133 3326 haec
2191 3272 2489 3342 prophetiae
2539 3273 2780 3327 continet
2819 3288 2834 3325 :
2869 3285 2989 3324 nam
3039 3271 3179 3334 ideo,
3225 3269 3418 3337 inquit,

1849 3381 1869 3414 ι
1910 3361 2057 3416 Ebrii
2088 3377 2311 3432 regnum
2357 3363 2453 3418 Dei
2503 3377 2609 3418 non
2655 3361 3116 3432 possidebunt”;
3158 3377 3178 3412 ι
3235 3359 3286 3414 id
3315 3369 3418 3422 est,

1843 3455 1935 3525 qui
1967 3455 2203 3510 nondum
2223 3455 2527 3525 iuventutis
2555 3455 2925 3524 insipientiam
2944 3455 3332 3523 deposuerunt,
3366 3465 3422 3506 et

1843 3545 1960 3616 qui,
1996 3560 2119 3601 cum
2165 3545 2506 3601 turbulentos
2554 3545 2721 3604 animi
2775 3558 2952 3598 matus
3001 3553 3223 3597 strenue
3248 3558 3421 3612 oppu-

1851 3651 2020 3708 gnare
2067 3636 2334 3702 debeant,’
2367 3636 2434 3690 ab
2484 3635 2552 3690 iis
2583 3643 2770 3691 contra
2798 3635 3208 3695 subvertantur,
3233 3643 3287 3688 et
3319 3649 3418 3689 ceu

1842 3729 2134 3794 quamdam
2189 3726 2538 3792 ebrietatem,
2596 3725 2765 3782 animi
2842 3726 3062 3780 morbos
3117 3735 3419 3780 sectantur.

1843 3821 2151 3877 Verisimile
2197 3835 2361 3892 porro
2404 3827 2488 3874 est
2536 3816 2753 3877 Iudaeos
2802 3827 2924 3888 post
2963 3819 3166 3872 editum
3226 3827 3416 3873 contra

1843 3913 2182 3972 Salvatorem
2229 3920 2476 3968 nostrum
2524 3910 2724 3977 scelus,
2777 3925 2900 3965 cum
2957 3925 3056 3980 par
3092 3909 3417 3978 fngisseteos,

1844 4004 2064 4061 ultionis
2084 4019 2187 4073 qua
2218 4003 2509 4057 invadendi
2535 4010 2693 4057 erant
2726 4012 2896 4066 metu,
2919 4002 3126 4072 lugere,
3154 4001 3417 4070 crapulis,

1844 4095 2219 4158 ebrietatibus,
2269 4094 2498 4169 aliisque
2559 4092 2926 4162 voluptatibus
2984 4107 3233 4148 vacasse.
3277 4091 3423 4160 Qua-

1844 4196 2065 4256 propter
2122 4186 2306 4240 miseri
2366 4202 2395 4239 a
2455 4186 2733 4255 Scriptura
2793 4185 3177 4255 praedicantur,
3233 4193 3418 4254 utpote

1842 4276 1931 4344 qui
1963 4273 2109 4330 nullo
2137 4290 2258 4330 mox
2302 4274 2606 4330 futurorum
2637 4274 2900 4329 malorum
2931 4291 3091 4330 sensu
3137 4289 3419 4328 moveren-

1845 4376 1896 4421 tu
1905 4383 1947 4423 r.

244 4465 259 4498 ι
285 4450 548 4542 ξίετάγάρ
573 4451 808 4525 κιθάρας
835 4453 930 4507 καὶ
962 4452 1285 4525 ψαλτηρίου,
1320 4457 1414 4518 καὶ
1440 4433 1738 4527 τυμπάνων

1920 4458 2084 4524 Vens.
2114 4457 2202 4516 1‘2.
2254 4475 2276 4512 ε
2304 4457 2438 4516 Nam
2485 4475 2609 4515 cum
2632 4460 2868 4535 cithara.
2903 4459 3159 4528 psalterio
3192 4467 3246 4514 et
3276 4467 3420 4530 tym-

181 4537 255 4590 τὸν
275 4536 406 4594 οἶνον
453 4543 705 4598 πίνουσι’
743 4543 812 4597 τὰ
859 4545 916 4598 δὲ
963 4545 1099 4618 ἔργα
1133 4546 1336 4621 Κυρίου
1390 4548 1490 4608 οὐκ
1542 4548 1738 4619 ἐμϐλέ-

183 4643 336 4698 πουσι,
369 4637 459 4690 καὶ
498 4637 568 4690 τά
611 4636 750 4707 ἔργα
781 4637 890 4690 τῶν
932 4637 1127 4708 χειρῶν
1158 4638 1322 4691 αὐτοῦ
1359 4640 1420 4692 οὐ
1448 4639 1740 4694 κατανοοῦ-

186 4737 269 4774 σιν.
304 4743 319 4774 ι
368 4726 501 4780 Ἀλλ’
537 4727 659 4780 οὐδὲ
697 4729 808 4791 τοῖς
838 4727 1003 4792 θείοις
1038 4729 1326 4801 προσέχειν
1375 4731 1597 4800 λογίοις,
1641 4733 1735 4798 καὶ

184 4812 265 4884 τὴν
295 4817 493 4872 ἐκεῖθεν
524 4819 794 4890 ὠφέλειαν
839 4820 1182 4892 καρποῦσθαι
1228 4817 1338 4875 οἷόν
1366 4840 1426 4876 τε
1462 4826 1588 4887 τοὺς
1627 4842 1734 4878 κω-

187 4915 415 4977 μαστικὸν
450 4916 564 4986 βίον
609 4917 1041 4990 ἀσπαζομένους,
1088 4919 1182 4972 καὶ
1231 4918 1371 4992 μέθῃ
1405 4920 1504 4983 καὶ⁷
1546 4919 1739 4991 κορδα-

185 5011 369 5074 κισμοῖς
398 5026 570 5083 κεχρη
578 5011 795 5082 μένους.

245 5198 262 5230 ι
293 5181 471 5237 Τοίνυν
500 5185 844 5256 αἰχμάλωτος
880 5188 908 5244 ὁ
936 5189 1065 5252 λαός
1102 5207 1200 5260 μου
1238 5186 1496 5265 ἐγενήθη,
1541 5185 1629 5239 διὰ
1675 5185 1736 5238 τὸ

185 5270 247 5340 μὴ
283 5273 468 5329 ειδέναι
501 5278 699 5341 αὐτοὺς
744 5279 835 5331 τὸν
867 5279 1091 5351 Κύριον,
1127 5279 1222 5336 καὶ
1269 5277 1471 5350 πλῆθος
1504 5277 1736 5350 ἐγενήθη

183 5365 362 5432 νεκρῶν
401 5367 485 5422 διὰ
531 5368 690 5441 λιμὸν
725 5372 819 5429 καὶ
868 5370 1016 5440 δίψος
1061 5371 1250 5434 ὓδατος
1291 5369 1423 5441 (10).
1462 5387 1480 5422 ι
1529 5369 1738 5443 Ῥητῶς

240 5483 280 5515 ⁸⁸
302 5482 432 5541 Gen.
469 5503 546 5554 tv,
577 5490 663 5544 10.
740 5490 783 5521 ²⁹
815 5489 833 5542 I
865 5489 988 5545 Cor.
1017 5504 1090 5553 vt.
1122 5489 1209 5543 10.

246 5627 348 5697 (l0)
384 5629 507 5686 Haec
537 5631 610 5686 ita
640 5632 1004 5690 Hieronvmus
1039 5633 1226 5697 vertit,
1262 5649 1279 5683 ι
1309 5628 1435 5687 Haec
1460 5629 1612 5698 juxta
1647 5628 1730 5683 lit-

191 5703 337 5772 Wagn
362 5703 626 5772 accidisse
665 5705 860 5772 populo
898 5702 1208 5760 Iudaeorum
1250 5703 1371 5772 sub,
1401 5700 1730 5769 Vespasiano

192 5774 236 5818 et
280 5766 393 5826 Tito
441 5766 700 5830 Romanis
737 5766 1128 5842 principibus,
1179 5783 1286 5828 tam
1334 5766 1522 5830 Graeca
1567 5786 1728 5842 quam

1846 4553 2002 4624 panis
2034 4553 2217 4606 vinum
2245 4561 2470 4622 potant:
2506 4567 2671 4622 opera
2733 4563 2912 4606 autem
2952 4551 3160 4606 Domini
3188 4567 3290 4604 non
3334 4566 3423 4606 re-

1844 4645 2104 4714 spiciunt,
2140 4654 2197 4700 et
2235 4659 2398 4714 opera
2436 4660 2692 4699 manuum
2716 4645 2830 4712 ejus
2860 4658 2966 4696 non
3000 4641 3360 4696 considerant.
3397 4662 3416 4694 ι

1848 4739 2043 4800 Verum
2074 4755 2173 4795 nec
2206 4740 2324 4795 ﬁeri
2366 4749 2604 4809 poterat,
2637 4750 2696 4793 ut
2733 4741 2791 4806 ii,
2835 4739 2926 4808 qui
2960 4737 3217 4793 lascivam
3251 4737 3417 4790 vitam

1845 4833 2336 4904 amplectebantur,
2378 4847 2442 4887 ac
2489 4833 2744 4888 ebrietati
2799 4829 3288 4900 saltationibusque
3331 4830 3421 4883 de-

1843 4924 1939 4978 diti
1990 4933 2170 4988 erant,
2203 4923 2403 4977 divinis
2447 4921 2794 4978 attenderent
2853 4919 3088 4978 oraculis
3147 4919 3215 4972 ab
3250 4918 3423 4987 iisque

1842 5014 2079 5070 fructum
2114 5013 2479 5085 perciperent.

1849 5165 1853 5168 ’
1915 5184 2079 5241 Vens.
2124 5185 2210 5242 15.
2248 5205 2266 5239 ι
2298 5185 2468 5257 Igitur
2494 5185 2740 5255 captivus
2767 5185 2998 5256 populus
3045 5198 3200 5240 mens
3245 5183 3423 5238 factus

1843 5287 1947 5344 est,
1978 5294 2044 5334 eo
2074 5278 2216 5348 quod
2243 5293 2348 5332 non
2377 5278 2736 5348 cognoverint
2774 5277 3061 5331 Dominum
3090 5293 3104 5330 :
3143 5287 3197 5328 et
3233 5276 3419 5329 multi-

1847 5372 1975 5427 tudo
1994 5381 2330 5426 mortuorum
2350 5368 2453 5425 fuit
2472 5381 2695 5448 propter
2716 5371 2911 5429 famem
2936 5377 2992 5424 et
3017 5368 3164 5425 sitim
3192 5383 3367 5439 aqum.
3395 5386 3416 5421 ι

1843 5631 2033 5686 Latina
2090 5639 2287 5713 nar-rat
2329 5630 2577 5713 historia.
2639 5629 2788 5700 Quod
2836 5627 3207 5701 spiritualiter,
3259 5623 3420 5682 hodie

1842 5718 2060 5772 quoque
2087 5711 2384 5768 patiuntur,
2412 5720 2431 5756 ι
2463 5711 2569 5759 etc.
