3850 6210
422 334 526 392 119

1088 330 1358 388 EUSEBII
1394 327 1875 388 CIESARIENSIS
1913 326 2065 384 OPP.
2107 326 2292 384 PARS
2328 325 2418 382 ΙΙΙ.
2458 358 2529 368 -
2567 323 2980 382 EXEGETICA.

3582 331 3689 385 120

425 448 552 504 llzec
594 446 726 516 ipsis
762 445 829 500 ad
863 443 1099 500 litteram
1130 455 1186 500 et
1219 444 1516 501 secundum
1549 443 1835 499 historiam
1870 456 1995 498 eve-

2105 441 2202 512 μὲν
2252 436 2347 495 οὖν
2395 439 2858 510 ἐπῆλθεν-αὐτοῖς
2903 440 3079 494 ταῦτα
3125 441 3244 496 καθ’
3298 443 3537 515 ἱστορίαν
3593 447 3688 499 ἐπὶ

420 547 619 596 nerunt
649 538 748 592 sub
779 537 1110 606 Vespasiano
1133 545 1188 592 et
1215 536 1456 591 Adriano
1499 535 1868 590 Romanorum
1905 534 2000 588 im-

420 629 1129 701 peratorihus;secundum
1187 638 1427 683 mentem
1479 642 1614 683 vero
1645 627 1808 683 etiam
1856 641 2000 682 nunc

419 722 734 777 rationabili
774 735 916 790 pane
967 719 1096 773 vita
1126 719 1350 790 privati,
1397 717 1539 773 fame
1601 717 1844 773 caelestis
1895 716 1996 770 ali-

343 811 348 818 ’
419 815 590 867 menti
623 825 964 882 premuntur,
1023 812 1318 866 secundum
1375 810 1718 877 Scripturam
1769 810 1838 864 de
1892 809 1999 864 illis

421 906 494 958 ita
523 905 860 974 loquentem,
907 923 927 958 ι
963 904 1368 960 Convertentur
1403 905 1468 958 ad
1500 916 1808 971 vesperam,
1833 911 1888 956 et
1914 901 1997 954 la-

418 1009 561 1049 niem
581 996 860 1066 patientur
889 1003 947 1050 ut
968 995 1142 1062 canis,
1172 1003 1230 1049 et
1245 993 1562 1049 circuibunt
1581 993 1858 1048 civitatem
1883 992 1951 1046 ³ο.
1974 1009 1993 1042 ι

417 1088 497 1141 Ac
553 1101 676 1141 cum
719 1087 1020 1157 principem
1069 1086 1194 1141 vitae
1247 1085 1590 1155 negaverint.
1658 1084 1711 1138 in
1765 1091 1996 1139 mortem

421 1178 620 1234 animat
649 1178 783 1248 lapsi
816 1189 943 1234 sunt
971 1196 986 1233 :
1025 1193 1258 1248 cumque
1282 1179 1683 1248 redemptorem
1709 1175 1999 1245 captivita-

421 1272 494 1326 tis
554 1272 884 1339 animarum,
925 1272 1018 1343 qui
1064 1272 1419 1342 praedicatum
1491 1278 1715 1324 venerat
1764 1268 1995 1339 captivis

419 1364 828 1429 remissionem,
861 1373 916 1420 et
948 1367 1111 1420 cacis
1141 1364 1290 1419 visns
1313 1362 1738 1426 restitutionem,
1757 1359 1997 1416 aversati

419 1456 552 1521 sint,
613 1455 856 1511 inimicis
885 1454 1263 1526 spiritualibus
1292 1455 1503 1520 traditi,
1534 1462 1592 1509 et
1619 1453 1995 1524 captivitatem

421 1546 727 1611 animarum
754 1547 998 1616 perpessi
1035 1556 1184 1602 sunt.

491 1637 660 1695 Vsus.
715 1639 808 1696 ευ.
860 1657 878 1690 ι
915 1639 1009 1696 Va:
1061 1640 1153 1710 qui
1209 1639 1392 1695 dicitis
1430 1638 1632 1694 malum
1684 1640 1911 1703 bonum,
1943 1644 1999 1692 et

418 1729 618 1784 bonum
662 1728 894 1793 malum;
928 1730 1019 1798 qui
1050 1729 1250 1800 ponitis
1282 1730 1539 1786 tenebras
1581 1729 1781 1793 lucem,
1825 1737 1882 1783 et
1915 1727 1996 1782 lu-

2102 530 2510 586 Οὐεσπασιανοῦ
2556 532 2650 584 κα)⁵
2697 532 2976 602 Ἀδριανοῦ
3018 533 3300 603 Ῥωμαίων
3351 537 3688 606 αὐτοκρατό-

2103 641 2242 695 ρων·
2279 625 2374 678 καὶ
2401 623 2544 678 κατὰ
2575 624 2815 678 διάνοιαν
2855 624 2913 677 δὲ
2949 625 3304 697 στερηθέντες
3332 625 3427 678 τοῦ
3464 626 3687 695 λογικοῦ

2101 714 2266 785 ἀρτου
2299 714 2400 784 τῆς
2434 714 2602 784 ζωῆς,
2638 714 2718 767 ἔτι
2745 715 2841 768 καὶ
2872 715 2968 769 νῦν
2995 717 3200 787 τροφῆς
3233 718 3555 786 ἐπουρανίου
3584 717 3687 782 τὰς

2099 806 2276 876 ψυχὰς
2311 806 2637 876 λιμώττουσι
2686 807 2830 860 κατά
2870 807 2967 878 τὴν
3001 807 3315 877 φάσκουσαν
3348 811 3474 880 περὶ
3505 809 3686 862 αὐτῶν

2100 896 2345 966 Γραφήνο
2370 915 2388 948 ι
2413 895 2862 964 Ἐπιστρέψουσιν
2879 899 2956 960 εἰς
2975 899 3232 968 ἑσπέραν,
3253 899 3345 950 καὶ
3355 898 3405 950 λι
3413 897 3685 968 μώξουσιν

2099 985 2176 1048 ὡς
2210 975 2378 1050 κύών,
2425 986 2521 1039 καὶ
2540 987 2880 1041 κυκλώσουσι
2927 987 3104 1041 πόλιν.
3134 1008 3152 1038 ι
3174 989 3282 1042 Καὶ
3319 989 3409 1041 τὸν
3441 988 3684 1060 ἀρχηγὸν

2099 1074 2156 1128 δὲ
2177 1077 2276 1146 τῆς
2309 1075 2454 1146 ζωῆς
2499 1077 2968 1150 ἀπαρνησάμενοι,
3004 1077 3082 1149 τῷ
3110 1078 3210 1149 τῆς
3241 1078 3418 1149 ψυχῆς
3466 1077 3688 1148 θανάτῳ

2101 1168 2556 1239 περιπεπτώκασι
2578 1187 2593 1201 ο
2648 1171 2738 1224 τόν
2781 1190 2840 1226 τε
2889 1171 3169 1244 λυτρωτὴν
3209 1173 3308 1242 τῆς
3348 1174 3456 1225 τῶν
3495 1171 3688 1241 ψυχῶν

2099 1261 2482 1332 αἰχμαλωσίας
2527 1264 2988 1336 ἀποστραφέντες,
3034 1264 3127 1318 τὸν
3177 1264 3398 1318 ἐλθόντα
3445 1264 3685 1335 κηρῦξαι

2099 1353 2464 1424 αἰχμαλώτοις
2487 1355 2682 1426 ἄφεσιν
2711 1357 2804 1410 καὶ
2835 1358 3056 1426 τυφλοῖς
3087 1356 3400 1426 ἀνάϐλεψιν,
3423 1359 3536 1420 τοῖς
3567 1373 3685 1428 v01]-

2099 1447 2214 1510 τοῖς
2249 1447 2529 1520 πολεμίοις
2558 1449 2952 1520 παρεδόθησαν,
2992 1449 3088 1502 καὶ
3112 1449 3212 1519 τὴν
3238 1447 3423 1518 ψυχῶν
3452 1447 3686 1519 ὑπέμει-

2101 1557 2198 1595 ναν
2222 1542 2616 1612 αἰχμαλωσίαν.

2177 1651 2195 1683 ι
2224 1633 2358 1686 υύαὶ
2383 1634 2433 1685 οἱ
2463 1633 2711 1702 λέγοντες
2739 1634 2800 1686 τὸ
2833 1633 3068 1704 πονηρὸν
3099 1633 3282 1698 καλὸν,
3305 1634 3398 1686 καὶ
3427 1632 3487 1686 τὸ
3518 1632 3688 1687 καλὸν

2101 1728 2370 1801 πονηρόν·
2414 1729 2466 1781 οἰ
2510 1728 2751 1791 τιθέντες
2791 1729 2852 1781 τὸ
2900 1728 3091 1791 σκότος
3137 1727 3272 1797 φῶς,
3323 1729 3418 1781 καὶ
3457 1726 3519 1780 τὸ
3565 1726 3687 1796 φῶς

418 1833 536 1874 cem
578 1819 834 1875 tenebras
855 1837 887 1899 ς⁹
902 1821 992 1890 (ιυί
1021 1821 1222 1890 ponitis
1253 1835 1502 1876 amarum
1548 1819 1728 1884 dulce,
1755 1831 1812 1876 et
1839 1820 1995 1874 dulce

2105 1821 2325 1886 σκότος’
2359 1823 2411 1875 οἰ
2441 1821 2684 1884 τιθέντες
2724 1821 2784 1874 τὸ
2818 1821 3013 1892 πικρὸν
3058 1822 3252 1889 γλυκὺ,
3287 1821 3379 1874 καὶ
3414 1821 3478 1874 τὸ
3508 1821 3684 1888 γλυκὺ

415 1924 686 1966 amarum.
719 1929 738 1960 ι
789 1910 856 1964 Et
903 1911 1019 1967 haec
1073 1926 1293 1982 quoque
1340 1912 1780 1982 praecedentibus
1825 1911 2000 1978 subji-

417 2003 661 2062 ciuntur.
691 2003 849 2072 quasi
877 2003 945 2059 de
969 2012 1215 2076 tempore
1255 2004 1464 2060 Christi
1495 2005 1661 2060 dicta.
1707 2004 1845 2059 Nam
1871 2020 1994 2060 cum

417 2093 618 2149 multos
653 2093 919 2150 doctrinae
942 2109 1226 2151 sermones
1256 2111 1286 2149 a
1313 2095 1600 2152 Salvatore
1639 2097 1991 2157 audivissent,

416 2201 628 2241 necnon
659 2197 846 2256 postea
887 2187 955 2243 ab
987 2187 1251 2258 apostolis
1297 2187 1433 2256 ejus,
1493 2189 1628 2243 nihil
1679 2189 1808 2244 hinc
1853 2187 1996 2242 utili-

417 2279 545 2334 tatis
571 2279 852 2334 consecuti
885 2289 1012 2336 sunt
1039 2319 1056 2347 ,
1101 2280 1194 2335 sed
1219 2281 1272 2334 in
1303 2281 1686 2336 incredulitate
1727 2293 1782 2336 et
1813 2290 1996 2352 gesto-

417 2385 538 2424 rum
566 2370 902 2426 absurditate
932 2381 1370 2441 perseverantes,
1396 2371 1639 2442 peccatis
1665 2371 1778 2427 suis
1807 2388 1994 2429 acces-

415 2463 627 2517 sionem
670 2461 990 2519 attulerunt.
1043 2462 1167 2518 Alio
1218 2463 1347 2518 item
1399 2463 1563 2519 modo
1611 2463 1726 2521 haec
1766 2464 1854 2529 iis,
1899 2464 1993 2535 qui

414 2554 571 2624 prius
605 2553 1021 2620 incusabantur,
1059 2555 1434 2610 conveniunt:
1471 2556 1673 2612 etenim
1708 2555 1871 2613 iidem
1899 2573 1992 2612 sa-

417 2661 543 2700 nam
579 2645 886 2701 doctrinam
935 2659 1273 2711 aversantes,
1316 2657 1372 2702 et
1405 2648 1459 2702 in
1500 2648 1675 2704 lucem
1715 2649 1991 2719 Evangelii

414 2737 675 2793 salutaris
707 2738 1024 2808 blasphema
1055 2739 1419 2808 proferentes,
1467 2749 1836 2810 putantesque
1875 2740 1995 2796 dul-

413 2838 508 2878 ces
541 2824 666 2879 illos
713 2841 777 2881 ac
833 2826 1011 2881 alendi
1065 2827 1115 2880 vi
1166 2826 1424 2896 praeditos
1468 2826 1770 2884 Salvatoris
1817 2830 1992 2885 nostri

415 2929 721 2982 sermones,
774 2933 991 2973 amaros
1039 2934 1184 2986 esse,
1246 2919 1524 2989 improbas
1579 2922 1891 2978 econtrario
1938 2933 1993 2978 et

415 3006 685 3076 malignas
736 3008 1116 3078 cogitationes,
1174 3021 1235 3064 ut
1279 3011 1452 3066 bonas
1499 3011 1989 3081 amplectebantur,

414 3113 480 3152 ac
532 3099 786 3154 tenebras
832 3101 1066 3166 erroris,
1120 3117 1240 3172 qua:
1291 3113 1529 3158 mentem
1563 3119 1716 3158 suam
1750 3119 1990 3174 occupa-

415 3192 565 3256 bant,
613 3195 734 3247 vice
777 3191 999 3248 luminis
1039 3195 1352 3264 ponebant:
1401 3194 1626 3252 malitia:
1669 3211 1800 3252 vero
1833 3211 1993 3254 acer-

416 3285 537 3338 Iiam
565 3295 620 3339 et
643 3285 935 3340 exitiosam
968 3296 1244 3352 naturam,
1292 3289 1448 3358 quasi
1500 3288 1715 3344 dulcem
1757 3290 1994 3362 aliquam

413 3377 749 3447 voluptatem
782 3380 1280 3450 persequebantur.
1317 3381 1384 3437 Et
1417 3398 1550 3438 sane
1581 3385 1649 3440 ad
1683 3384 1788 3440 hoc
1825 3401 1996 3455 usque

417 3478 630 3539 tempus
659 3472 851 3526 videas
872 3471 1113 3540 ejusdem
1168 3474 1339 3529 moris
1387 3472 1605 3531 Iudaeos
1663 3489 1823 3532 esse:
1871 3492 1994 3531 nam

417 3561 694 3632 Evangelii
729 3563 1012 3618 veritatem
1051 3575 1377 3621 aversantur
1405 3608 1422 3633 ,
1475 3568 1648 3624 aniles
1687 3579 1872 3624 autem
1913 3568 1997 3623 fa-

414 3651 596 3718 bulas,
621 3661 676 3707 et
701 3653 1022 3725 ignorantia:
1071 3659 1327 3714 tenebras
1365 3668 1666 3714 sectantur.
1708 3659 1826 3718 Hoc
1860 3660 1994 3716 all'e—

411 3755 506 3800 cttt
544 3746 820 3815 instructi,
853 3748 1128 3804 Christum
1157 3752 1374 3821 quidem
1403 3753 1762 3822 abnegarunt,
1791 3753 1994 3810 Barab-

414 3839 539 3891 ham
567 3852 698 3893 vero
727 3841 1101 3909 expetierunt,
1134 3857 1261 3898 cum
1289 3843 1592 3898 latronibus
1628 3854 1684 3899 et
1727 3845 1996 3902 facinoro-

413 3931 491 3985 sis
548 3933 860 4000 portionem
937 3949 1091 3989 suam
1145 3947 1430 4006 ponentes.
1474 3936 1588 3992 lmo
1647 3939 1808 3992 etiam
1870 3955 1993 3994 cum

413 4023 592 4078 atheis
629 4034 685 4077 et
717 4024 896 4092 impiis
928 4027 1242 4082 nationibus
1287 4031 1624 4098 congregati,
1671 4031 1990 4088 idololatras

414 4113 636 4182 quidem
680 4116 978 4184 recipiunt,
1007 4117 1238 4185 probum
1285 4128 1465 4173 autent
1497 4131 1552 4174 et
1601 4129 1996 4190 temperantem

411 4202 616 4258 Christi
651 4205 906 4274 populum
939 4216 1266 4260 aversantur
1292 4218 1348 4263 et
1380 4221 1801 4280 persequuntur.

492 4295 652 4368 Vens.
671 4295 761 4362 21,
786 4295 877 4352 ειε.
903 4317 922 4350 ι
945 4297 1039 4353 Vae
1055 4298 1146 4367 qui
1169 4303 1439 4368 sapientes
1457 4302 1588 4356 estis
1621 4304 1672 4357 in
1705 4307 1999 4361 vobismet-

417 4388 576 4458 ipsis,
616 4364 670 4443 ἐι
721 4404 904 4443 coram
945 4391 1100 4446 vobis
1132 4392 1285 4460 ,ipsis
1337 4395 1651 4461 prudentes.
1703 4395 1794 4451 Vae
1830 4399 1999 4454 fortes

412 4481 611 4548 vestri,
645 4483 735 4550 qui
771 4483 960 4537 hihunt
985 4483 1192 4548 vinum,
1239 4495 1294 4538 et
1323 4496 1594 4554 potentes,
1641 4491 1731 4558 qui
1769 4490 1997 4544 miscent

411 4575 663 4630 siceram.
695 4594 715 4628 ι
739 4575 1048 4631 Secundum
1076 4577 1219 4632 aliud
1245 4593 1376 4634 vero
1401 4583 1759 4650 propositum,
1783 4581 1997 4637 Judaeo-

414 4684 539 4721 rum
587 4670 832 4740 magistri
880 4670 1180 4726 Salvatoris
1223 4673 1566 4728 sermonibus
1608 4675 1847 4728 animum
1890 4691 1996 4730 non

418 4758 767 4826 adhibentes,
801 4779 860 4818 se
896 4764 1031 4834 ipsis
1079 4764 1342 4834 improbis
1375 4767 1690 4822 doctoribus
1728 4748 1858 4822 sunt
1887 4769 1994 4835 usi,

414 4863 604 4921 utpote
658 4856 935 4924 sapientes
981 4858 1036 4911 in
1089 4859 1305 4928 seipsis.
1349 4870 1405 4914 et
1453 4875 1638 4914 coram
1685 4864 1997 4931 semetipsis

416 4946 740 5014 prudentes.
778 4947 983 5005 Deinde
1019 4965 1172 5016 vero,
1221 4953 1375 5022 quasi
1409 4963 1660 5022 potentes
1682 4963 1739 5008 et
1771 4955 1996 5010 multum

419 5040 561 5105 apud
587 5039 796 5108 plebem
845 5045 1174 5101 auctoritate
1225 5046 1495 5110 valentes,
1547 5048 1784 5102 animam
1841 5065 1994 5104 suam

417 5130 685 5187 ebrietate
716 5134 1151 5204 circumdedere,
1180 5138 1504 5209 ignorantiae
1533 5141 1776 5195 tenebris
1810 5143 1992 5211 sopiti.

418 5221 538 5275 Jam
575 5237 708 5277 vero
737 5225 858 5280 aliis
897 5227 1146 5283 dolosum
1206 5241 1392 5298 potum
1435 5231 1729 5295 miscuere,
1771 5232 1862 5300 qui
1906 5248 1999 5288 vo-

419 5320 577 5367 catur
607 5314 804 5381 sicera,
840 5332 1113 5388 quemque
1159 5323 1487 5392 interpretes
1517 5322 1631 5386 alii,
1671 5325 1994 5379 ebrietatem

421 5402 792 5471 appellarunt.
825 5406 938 5463 lloc
967 5425 1131 5479 porro
1162 5412 1409 5467 fecerunt
1457 5424 1831 5482 cauponantes
1872 5431 1998 5471 ver-

418 5491 547 5553 bum
584 5494 698 5550 Dei.

496 5585 656 5641 Vens.
695 5587 786 5644 οι.
836 5609 854 5642 ι
893 5591 1065 5650 Radix
1097 5610 1284 5652 eorum
1317 5597 1494 5670 pulvis
1524 5599 1651 5666 erit,
1695 5610 1753 5656 et
1776 5598 1874 5656 llos
1904 5614 1998 5657 eo-

489 5785 534 5823 ”
574 5789 716 5850 Psal.
743 5808 898 5858 Lvm.
928 5793 978 5849 7.

2104 1913 2319 1984 πικρόν.
2347 1931 2365 1962 ι
2422 1913 2531 1964 Kal.
2579 1911 2752 1965 ταῦτα
2798 1911 2855 1964 δὲ
2899 1914 3012 1974 τοῖς
3057 1910 3433 1982 προλεχθεῖσιν
3491 1911 3686 1966 ἕπεται

2100 2001 2178 2066 ὡς
2215 2002 2307 2055 ἐπὶ
2341 2001 2600 2074 Χριστοῦ.
2648 2001 2864 2056 Πολλῶν
2903 2001 3013 2073 γὰρ
3059 2001 3464 2066 ἐπακούσαντες
3533 2002 3684 2055 διδα-

2105 2093 2378 2149 σκαλικῶν
2429 2093 2600 2163 λόγων
2629 2093 2724 2148 τοῦ
2776 2093 3046 2165 Σωτῆρος,
3095 2092 3204 2147 τῶν
3250 2111 3310 2146 τε
3360 2094 3475 2164 μετ’
3519 2094 3685 2147 αὐτὸν

2101 2186 2415 2240 ἀποστόλων
2450 2185 2638 2248 αὐτοῦ,
2671 2186 2826 2240 οὐδὲν
2877 2187 2974 2256 μὲν
3021 2187 3158 2258 πρὸς
3196 2185 3463 2256 ὠφέλειαν
3509 2188 3682 2258 ἐκαρ-

2101 2275 2334 2329 ’ποῦντο⁹
2392 2278 2457 2347 τῇ
2493 2275 2550 2328 δὲ
2601 2277 2830 2347 ἀπιστίᾳ
2880 2275 3230 2346 ἐπιμένοντες
3279 2277 3371 2329 καὶ
3413 2279 3526 2339 τοῖς
3571 2277 3683 2330 τῶν

2100 2366 2278 2437 ἔργων
2323 2367 2658 2438 ἀτοπήμασι,
2690 2366 3008 2438 προσθήκας
3038 2365 3318 2421 ἐποιοῦντο
3365 2367 3474 2421 τῶν
3502 2369 3688 2438 ἀμαρ-

2098 2459 2378 2530 τημάτων.
2426 2459 2537 2512 Καὶ
2581 2458 2756 2522 ἄλλως
2789 2459 2846 2512 δὲ
2879 2458 3050 2512 ταῦτα
3100 2462 3213 2523 τοῖς
3260 2459 3512 2530 ἀνωτέρω
3549 2477 3685 2513 κατ-

2099 2551 2448 2623 ηγορηθεῖσιν
2485 2551 2734 2622 ἀρμόζε.·
2765 2554 2813 2605 οἰ
2846 2551 2955 2624 γὰρ
2982 2553 3135 2606 αὐτοὶ
3165 2553 3258 2606 τὸν
3289 2553 3411 2624 ὑγιῆ
3436 2553 3687 2625 διαστρέ-

2100 2660 2293 2712 φοντες
2320 2643 2497 2712 λόγον,
2531 2644 2625 2698 καὶ
2656 2644 2717 2696 τὸ
2752 2643 2868 2713 φῶς
2898 2644 2992 2697 τοῦ
3025 2644 3294 2714 σωτηρίου
3346 2645 3684 2714 Εὐαγγελίου

2101 2736 2568 2808 βλασφημοῦντες,
2611 2737 2842 2808 πικρούς
2880 2753 2941 2790 τε
2980 2733 3276 2800 εἶναιτοὺς
3321 2737 3540 2805 γλυκεῖς
3587 2738 3686 2792 καὶ

2098 2829 2398 2900 τροφίμους
2448 2828 2542 2882 τοῦ
2595 2829 2849 2899 Σωτῆρος
2891 2829 3048 2901 ήμῶν
3099 2830 3289 2900 λόγους
3342 2829 3638 2902 ἡγούμενοι
3665 2871 3683 2898 ,

2101 2921 2368 2974 ἀνάπαλιν
2399 2922 2524 2985 τοὺς
2570 2922 2876 2992 μοχθηροὺς
2929 2924 3021 2975 καὶ
3076 2927 3343 2994 πονηροὺς
3386 2925 3684 2994 λογισμοὺς

2098 3011 2172 3074 ὼς
2205 3011 2441 3079 ἀγαθοὺς
2469 3013 2877 3083 προσεδέχοντο,
2916 3013 3009 3067 καὶ
3038 3013 3098 3066 τὸ
3129 3015 3316 3077 σκότος
3342 3015 3440 3085 τῆς
3470 3014 3685 3084 πλάνης

2099 3103 2160 3156 τὸ
2193 3103 2413 3174 συνέχον
2441 3103 2619 3158 αὐτῶν
2647 3104 2746 3168 τάς
2773 3105 2970 3176 ψυχὰς,
3002 3107 3060 3158 ἐν
3089 3105 3242 3176 χώρα
3279 3107 3454 3175 φωτὸς
3487 3107 3688 3160 ἑτίθεν-

2096 3214 2156 3249 το
2175 3212 2190 3228 ο
2215 3195 2315 3266 τῆς
2343 3213 2403 3248 τε
2424 3197 2623 3259 κακίας
2650 3195 2747 3266 τὴν
2782 3197 2987 3267 πικρὰν
3020 3198 3112 3251 καὶ
3143 3198 3469 3271 δηλητήριον
3496 3199 3681 3268 φύσιν,

2097 3285 2288 3357 ὥσπερ
2318 3285 2440 3339 τινὰ
2479 3286 2754 3357 γλυκεράν
2793 3289 2985 3360 ἡδονὴν
3036 3290 3386 3344 κατεδίωκον.
3433 3291 3593 3354 Ἰδοις
3635 3291 3683 3345 δ’

2095 3375 2162 3432 ἂν
2191 3377 2357 3432 εἰσέτι
2390 3377 2482 3430 καὶ
2513 3377 2608 3431 νῦν
2636 3378 2910 3444 τοιούτους
2947 3380 3078 3444 τοὺς
3103 3381 3211 3434 τῶν
3249 3381 3516 3436 Ἰουδαίων
3550 3385 3685 3436 παῖο

2094 3470 2210 3536 δας,
2252 3469 2353 3542 τὴν
2396 3469 2496 3540 μὲν
2527 3469 2783 3541 ἀλήθειαν
2824 3471 2917 3523 τοῦ
2967 3471 3298 3540 Εὐαγγελίου
3343 3474 3688 3546 ἀποστρεφο-

2100 3563 2316 3634 μένους,
2343 3564 2469 3627 τοὺς
2494 3563 2551 3616 δὲ
2581 3563 2847 3633 γραώδεις
2879 3563 3081 3635 μύθους
3113 3567 3208 3619 καὶ
3239 3566 3300 3619 τὸ
3327 3566 3426 3637 τῆς
3458 3567 3687 3636 ἀγνοίας

2097 3656 2290 3720 σκότος
2343 3655 2793 3727 μεταδιώκοντας.
2838 3657 3023 3730 Ταύτῃ
3058 3660 3123 3729 τῇ
3169 3661 3486 3732 προαιρέσει
3511 3663 3688 3732 ἠρνή-

2099 3766 2262 3802 σαντο
2297 3749 2396 3820 μὲν
2439 3749 2531 3803 τὸν
2561 3749 2817 3820 Χριστὸν,
2849 3750 3120 3820 ᾐτήσαντο
3163 3749 3219 3802 δὲ
3247 3750 3339 3803 τὸν
3365 3746 3684 3822 Βαραϐϐᾶν,

2102 3840 2239 3913 μετὰ
2285 3839 2496 3913 λῃστῶν
2543 3841 2637 3894 καὶ
2693 3841 3016 3912 κακούργων
3063 3842 3162 3914 τὴν
3211 3841 3420 3896 ἑαυτῶν
3463 3841 3685 3913 θέμενοι

2105 3935 2314 4008 μερίδα.
2359 3934 2520 3989 Ἀλλά
2559 3937 2798 4000 καὶτοῖς
2838 3936 3020 4001 ἀθέοις
3073 3937 3168 3990 καί⁵
3211 3936 3463 3989 ἀσεϐέσιν
3504 3937 3685 3990 ἔθνεσι

2103 4026 2610 4100 συναγελαζόμενοι,
2643 4030 2770 4092 τοὺς
2827 4029 2925 4100 μὲν
2966 4027 3359 4100 εἰδωλολάτρας
3391 4028 3686 4099 ἀποδέχω-

2099 4138 2219 4183 ται,
2256 4118 2347 4173 τὸν
2383 4121 2441 4174 δὲ
2482 4120 2679 4192 σεμνὸν
2728 4121 2823 4174 καὶ
2866 4118 3119 4191 σώφρονα
3156 4120 3250 4173 τοῦ
3285 4120 3518 4192 Χριστοῦ
3557 4119 3686 4173 λαὸν

2099 4211 2531 4282 ἀποστρέφονται
2565 4214 2660 4266 καὶ
2690 4211 2998 4264 διώκουσιν.

2175 4324 2193 4355 ι
2217 4304 2355 4357 Οὐαὶ
2391 4307 2439 4358 oi
2483 4306 2693 4359 συνετοὶ
2736 4305 2796 4358 ὲν
2831 4307 3068 4374 ἑαυτοῖς,
3107 4304 3202 4358 καὶ
3241 4302 3472 4358 ἐνώπιον
3500 4303 3684 4356 αὐτῶν

2098 4397 2480 4467 ἐπιστήμονες.
2531 4398 2667 4452 Οὐαὶ
2709 4398 2759 4450 οἰ
2805 4395 3080 4468 ἰσχύοντες
3121 4395 3297 4466 ὑμῶν,
3344 4397 3393 4448 οἰ
3435 4395 3686 4458 πίνοντες

2100 4489 2189 4541 τὸν
2213 4485 2372 4552 οἶνον,
2409 4490 2502 4542 καὶ
2528 4490 2577 4542 oi
2605 4489 2859 4543 δυνάσται
2885 4490 2934 4541 oi
2955 4489 3308 4560 κεραννύντες
3337 4487 3408 4541 τὰ
3432 4487 3680 4558 σίκερα.»

2105 4579 2242 4633 Καθ’
2297 4581 2488 4652 ἑτέραν
2543 4579 2600 4633 δὲ
2647 4578 2901 4650 επιϐολὴν
2956 4579 3030 4650 μὴ
3084 4578 3440 4650 προσέχοντες
3483 4579 3534 4629 oi
3576 4579 3688 4633 τῶν

2116 4676 2384 4730 Ἰουδαίων
2407 4675 2718 4747 καθηγηταὶ
2745 4678 2858 4738 τοῖς
2885 4675 2978 4728 τοῦ
3002 4676 3252 4746 Σωτῆρος
3270 4674 3468 4742 λόγοις,
3495 4677 3687 4737 κακοῖς

2101 4769 2438 4832 διδασκάλοις
2469 4769 2620 4822 αὐτοὶ
2654 4769 2865 4831 ἑαυτοῖς
2906 4768 3226 4837 ἐχρήσαντο,
3266 4765 3341 4827 ώς
3391 4763 3602 4816 συνετοὶ
3629 4763 3687 4814 ἐν

2101 4864 2334 4926 ἑαυτοῖς,
2375 4862 2469 4914 καὶ
2519 4859 2748 4914 ἐνώπιον
2786 4859 2996 4912 ἑαυτῶν
3045 4860 3424 4928 ἐπιστήμονες.
3453 4857 3688 4908 Ἔπειτα

2102 4954 2179 5018 ὼς
2215 4953 2489 5024 ἰσχύοντες
2519 4954 2614 5006 καὶ
2644 4951 2813 5005 πολλὰ
2852 4951 3138 5022 δυνάμενοι
3179 4951 3236 5002 ὲν
3273 4947 3350 5019 τῷ
3382 4948 3516 5019 λαῷ,
3546 4948 3692 5022 μέθῃ

2109 5047 2209 5123 μὲν
2236 5047 2334 5117 τὴν
2365 5045 2572 5099 ἑαυτῶν
2605 5045 2782 5116 ψυχὴν
2816 5044 3190 5116 περιέϐαλλον,
3220 5042 3298 5114 τῷ
3335 5042 3433 5112 τῆς
3461 5044 3688 5112 ἀγνοίας

2109 5140 2286 5210 σκότῳ
2317 5138 2665 5209 καρούμενοι.
2702 5137 2838 5208 Ἤδη
2869 5137 2924 5189 δὲ
2963 5137 3057 5190 καὶ
3095 5136 3302 5207 ἑτέροις
3343 5134 3506 5187 ποτὸν
3540 5134 3688 5187 δεδο-

2107 5232 2367 5303 λιωμένον
2412 5230 2662 5303 ἐκίρνων,
2712 5229 2774 5282 τὸ
2815 5228 3146 5301 καλούμενον
3195 5228 3421 5299 σίκερα·
3459 5229 3598 5298 ὅπερ
3638 5229 3688 5280 oi

2101 5325 2276 5376 λοιποὶ
2324 5322 2658 5392 ὲρμηνευταὶ
2711 5319 2962 5392 μέθυσμα
3012 5319 3332 5390 ὠνόμασαν·
3388 5317 3483 5372 καὶ
3530 5317 3691 5372 τοῦτο

2103 5417 2389 5487 ἔπραττον,
2430 5414 2829 5486 καπηλεύοντες
2857 5413 2948 5466 τὸν
2975 5413 3132 5482 λόγον
3167 5412 3260 5465 τοῦ
3288 5411 3445 5466 Θεοῦ.

2182 5621 2200 5656 ι
2241 5603 2302 5657 Ἢ
2341 5602 2465 5675 ῥίζα
2497 5601 2673 5658 αὐτῶν
2712 5604 2739 5656 ό
2766 5602 2892 5673 χοῦς
2926 5600 3097 5666 ἔσται,
3134 5601 3227 5654 καὶ
3257 5599 3317 5652 τὸ
3369 5597 3530 5666 ἀνθος
3585 5594 3677 5652 (t6.-
