3850 6210
171 288 254 347 191
1102 288 1609 348 COMMENTARIA
1643 291 1712 348 IN
1749 291 1998 351 ISAIAM.
2038 327 2110 338 —
2145 295 2296 352 CAP.
2335 295 2428 354 Vl.

3307 302 3343 355 ’1
3352 302 3422 358 23

167 410 263 466 τῶν
289 409 417 463 ὡσεὶ
448 411 729 482 κονιορτὸς
755 410 1109 481 ἀναϐήσεται.
1135 433 1154 465 ›
1173 413 1238 466 Ἦ
1257 414 1549 486 ὡραιότης,
1583 416 1737 486 φησὶ,

1848 431 1962 469 rum
1992 417 2148 486 quasi
2193 418 2369 486 pulvis
2403 425 2680 472 ascenoet.
2713 435 2734 469 ι
2781 415 3027 484 Species,
3069 417 3266 489 inquit,
3293 435 3422 475 cor-

170 502 251 559 τοῦ
281 503 553 575 σώματος,
580 507 677 559 καὶ
711 507 744 577 ἡ
775 505 868 560 τοῦ
908 507 1142 561 πλούτου
1170 508 1298 572 δόξα
1337 509 1432 562 καὶ
1470 508 1566 561 τοῦ
1598 526 1737 563 παν-

170 599 250 662 τὸς
273 597 450 660 ἔθνους
477 599 513 667 ἡ
545 598 868 668 εὐπρέπεια,
891 601 1017 654 ὅσον
1043 602 1254 654 οὐδέπω
1283 601 1564 674 κονιορτοῦ
1583 603 1741 674 δίκην

170 688 691 760 διασκεδασθήσεται.
731 709 750 742 ι
773 693 846 746 Οὐ
870 692 980 764 γὰρ
1009 693 1279 764 ἠθέλησαν
1297 694 1390 745 τὸν
1431 695 1596 766 νόμον
1627 697 1742 748 Κυ-

173 784 269 853 ρίου
316 781 547 834 Σαὸαώθ
571 799 585 812 ο
636 783 774 836 ἀλλά
811 784 874 837 τὸ
921 785 1102 854 λόγιον
1157 785 1251 839 τοῦ
1304 787 1461 854 ἁγίου
1524 787 1740 859 Ἰσραὴλ

167 872 490 944 παρώξυναν.
526 893 546 925 ι
582 874 743 927 Ποῖον
772 876 956 947 νόμον,
992 877 1024 949 ἢ
1058 879 1199 948 τάχα
1230 879 1357 949 περὶ
1389 871 1450 932 οῦ
1479 878 1740 950 ἀνωτέρω

167 964 346 1033 ἔλεγεν,
366 983 384 1014 t
409 965 507 1017 Ἐκ
555 965 666 1036 γάρ
704 964 842 1019 Σιὼν
875 967 1215 1032 ἐξελεύσεται
1249 968 1434 1038 νόμος,
1463 969 1557 1021 καὶ
1583 968 1739 1037 λόγος

167 1056 345 1126 Κυρίου
376 1053 437 1117 ἐξ
477 1055 867 1127 Ἰερουσαλήμς
902 1077 921 1109 ›
965 1057 1206 1128 Ἐπειδὴ,
1237 1058 1422 1127 φησὶν,
1442 1059 1551 1110 ὀὐκ
1575 1057 1741 1128 ἠὸου-

165 1148 381 1216 λήθησαν
409 1147 504 1200 τὸν
542 1147 710 1218 νόμον
741 1149 840 1219 τῆς
877 1150 1071 1220 καινῆς
1105 1151 1382 1222 Διαθήκης
1405 1166 1420 1181 °
1467 1149 1603 1204 ἀλλά
1647 1151 1739 1204 τὸν

167 1237 321 1302 ζῶντα
344 1238 437 1291 τοῦ
471 1239 612 1293 Θεοῦ
641 1241 814 1310 Λόγον
842 1240 1186 1312 παρώξυναν.

148 1323 150 1328 ’
228 1349 244 1379 ι
272 1328 468 1381 Τούτου
496 1329 666 1401 χάριν
695 1329 954 1401 ἐθυμώθη
997 1329 1203 1401 Κύριος
1237 1330 1332 1384 ἐπὶ
1357 1329 1451 1384 τὸν
1480 1330 1610 1386 λαὸν
1640 1331 1740 1385 αὺ-

167 1419 270 1478 τοῦ’
291 1440 307 1472 ι
329 1419 386 1474 ὃν
407 1421 576 1484 αὐτὸς
604 1422 702 1492 μὲν
734 1420 995 1492 ἠϐούλετο
1022 1423 1222 1475 οἰκεῖον
1251 1421 1416 1475 αὐτοῦ
1447 1421 1574 1476 λαὸν
1598 1417 1738 1476 εἷναί

167 1533 216 1568 τε
247 1517 330 1568 καὶ
354 1511 756 1586 χρηματίζεινο
799 1515 848 1569 οἱ
895 1513 940 1566 δ’
974 1515 1076 1568 οὐκ
1121 1513 1426 1570 ἐϐούλοντο.
1472 1515 1738 1585 Σημαίνει

167 1606 214 1660 δὲ
236 1606 314 1660 διὰ
335 1606 541 1681 τούτων
571 1605 851 1676 πολεμίων
877 1605 1064 1676 ἔφοδον
1093 1607 1189 1660 καὶ⁹
1217 1605 1425 1677 πλῆθος
1452 1605 1562 1660 τῶν
1585 1607 1741 1660 ἀναι-

170 1700 451 1770 ρουμένωνο
488 1699 571 1763 ὡς
592 1699 689 1754 καὶ
722 1699 863 1753 αὐτά
896 1699 1234 1771 πληροῦσθαι
1273 1698 1346 1752 τά
1377 1699 1479 1770 ὅρη
1528 1699 1738 1770 νεκρῶν

1840 508 2006 577 poris,
2053 509 2369 563 divitiarum
2421 508 2592 577 gloria
2648 516 2706 562 et
2776 509 2940 564 totius
2991 511 3170 576 gentis
3230 513 3418 577 decor,

1840 599 2076 668 pulveris
2101 600 2215 655 fere
2238 602 2419 655 instar
2439 601 2820 671 dissipabitur.
2874 619 2894 653 ι
2929 601 3419 666 Νοιυθιιιιηι.οιιίιιι

1840 692 2010 763 legem
2042 693 2258 748 Domini
2311 694 2592 759 Sabaoth;
2644 695 2738 748 sed
2783 695 3006 749 verbum
3037 698 3213 751 sancti
3253 697 3422 752 Israel

1841 785 2222 840 irritaverunt.
2249 804 2268 838 ι
2306 787 2480 852 Quam
2507 785 2704 852 legem,
2737 787 2839 840 nisi
2871 801 2990 840 eam
3030 788 3097 842 de
3123 804 3228 858 qua
3261 805 3422 858 supe-

1841 879 1955 933 rius
1990 878 2230 942 tlicebat,
2266 898 2286 930 ι
2314 877 2451 932 Nam
2483 879 2550 932 de
2579 878 2708 932 Sion
2742 880 2918 933 exibit
2967 879 3077 943 lex,
3110 889 3167 935 et
3194 881 3434 936 verbum-

1839 968 2053 1024 Domini
2091 969 2158 1023 de
2191 967 2536 1024 Jerusalem?
2572 987 2590 1022 t
2643 969 2804 1037 Quia,
2835 971 3036 1039 inquit,
3065 971 3198 1026 Novi
3230 971 3424 1028 Testa-

1841 1060 2011 1130 menti
2068 1059 2242 1129 legem
2275 1060 2606 1129 noluerunt;
2669 1062 2782 1117 into
2811 1061 2998 1118 ‘etiam
3040 1061 3277 1119 Verbum
3327 1065 3422 1120 Dei

1838 1152 2031 1206 vivens
2056 1151 2435 1206 irritaverunt.

1913 1330 2085 1388 νεεδ.
2111 1333 2204 1389 25.
2250 1351 2270 1386 ι
2305 1331 2432 1389 Ideo
2460 1334 2630 1390 iratus
2660 1342 2746 1390 est
2791 1335 3053 1394 Dominus
3079 1337 3138 1393 in
3163 1339 3420 1410 populum

1839 1437 2025 1478 suum.
2062 1441 2082 1476 ι
2123 1423 2292 1491 Quem
2326 1425 2444 1495 ipse
2473 1427 2694 1495 quidem
2725 1428 3007 1498 proprium
3027 1430 3132 1485 sibi
3162 1431 3421 1501 populum

1839 1528 1963 1571 esse
1993 1525 2048 1571 et
2073 1516 2336 1586 appellari
2366 1517 2612 1582 volebat;
2649 1519 2748 1590 ipsi
2785 1535 2916 1589 vero
2957 1521 3290 1577 abnuerunt.
3321 1521 3420 1578 llis

1839 1620 2003 1676 porro
2042 1607 2314 1676 signiﬁcat
2346 1608 2702 1664 inimicorum
2757 1611 3114 1682 irruptiouem
3144 1627 3211 1668 ac
3250 1627 3422 1670 casso-

1839 1713 1960 1753 rum
1997 1698 2400 1756 multitudinem
2433 1742 2449 1768 ,
2487 1702 2562 1756 ita
2589 1711 2650 1756 ut
2685 1705 2848 1759 etiam
2896 1713 3108 1761 montes
3137 1707 3424 1762 cadaveri-

170 1793 429 1862 σωμάτων,
474 1793 576 1846 καὶ
614 1791 712 1863 τὴν
755 1790 938 1862 χώραν
985 1792 1204 1846 ἃπασαν
1252 1791 1363 1845 τῶν
1397 1791 1738 1862 θνησιμαίων

1848 1792 1944 1844 bus
1973 1789 2307 1858 repleantur,
2341 1798 2402 1846 et
2427 1792 2684 1848 universa
2721 1794 2870 1864 regio
2902 1795 3206 1850 morticinis
3230 1810 3424 1858 eorum

168 1883 322 1936 αὐτῶν
352 1884 558 1956 μεστὴν
583 1884 859 1952 γενέσθαι.
887 1885 1072 1938 Πάντα
1099 1884 1158 1937 δέ
1179 1884 1354 1937 ταῦτα
1383 1885 1569 1946 αὐτοῖς
1598 1901 1738 1954 συμ-

169 1975 363 2046 ϐήσεται
396 1979 458 2029 ἐκ
486 1976 595 2046 τῆς
626 1976 735 2028 τῶν
755 1975 1030 2047 πολεμίων
1059 1975 1270 2045 ἐφόδου·
1299 1977 1368 2046 ἢν
1395 1977 1497 2030 οὑκ
1528 1974 1588 2040 ἐξ
1613 1978 1740 2029 ἐαυ-

167 2067 257 2120 τῶν
305 2069 668 2146 ἐποιήσαντρ·
721 2067 854 2131 Θεὸς
901 2068 959 2120 δὲ
1001 2063 1140 2138 ἦγεν
1182 2069 1398 2132 αὐτοὺς,
1455 2068 1741 2140 μονονουχὶ

173 2158 326 2228 σύρων
357 2159 451 2212 καὶ
483 2158 667 2212 ἕλκων
715 2158 809 2211 ἐπὶ
837 2158 935 2229 τὴν
965 2159 1075 2212 τῶν
1102 2159 1590 2232 καταγορηθέντων
1641 2177 1742 2214 πο-

170 2249 404 2322 λιορκίαν.

231 2362 248 2395 ι
283 2344 412 2397 Ἀλλ’
442 2344 527 2398 ἔτι
568 2347 605 2416 ή
656 2344 779 2417 χεὶρ
809 2343 987 2415 ὑψηλή
1009 2360 1024 2375 ο
1062 2343 1349 2415 τοιγαροῦν
1376 2343 1500 2414 ἀρεῖ
1533 2342 1739 2415 σύσση-

176 2452 255 2506 μον
282 2439 386 2499 τοῖς
415 2436 601 2491 ἔθνεσι
628 2439 741 2499 τοῖς
777 2435 1068 2507 μακρόθεν,
1097 2437 1192 2500 καὶ
1223 2438 1400 2506 συριεῖ
1423 2436 1622 2498 αὐτοὺς
1641 2434 1740 2490 ἀπ’

173 2529 316 2597 ἄκρου
342 2529 438 2598 τῆς
469 2529 598 2598 γῆς.
627 2548 647 2578 ι
698 2527 908 2599 Ὑψηλὴ
954 2527 1084 2596 γοῦν
1117 2529 1149 2598 ή
1182 2526 1278 2580 τοῦ
1306 2526 1441 2580 Θεοῦ
1472 2527 1595 2598 χεὶρ
1616 2529 1739 2581 κατ’

177 2619 326 2672 αὐτῶν
355 2620 570 2691 ὑπῆρχε
608 2620 702 2674 διὰ
735 2620 798 2673 τὺ
829 2620 1089 2690 ἐπίμονον
1120 2619 1297 2674 αὐτῶν
1329 2620 1429 2690 τῆς
1457 2620 1734 2682 ἀπιστίας.

175 2710 234 2762 Τὸ
255 2713 353 2784 γὰρ
378 2712 441 2783 δὴ
471 2716 683 2784 χεῖρον,
714 2714 795 2766 ὅτι
823 2712 942 2765 οὐδέ
977 2712 1182 2766 τούτων
1221 2712 1542 2782 γινομένων,
1579 2711 1735 2783 φησὶ,

178 2802 542 2876 ἐπιεικέστεροι
596 2804 911 2873 γεγόνασιν,
966 2803 1101 2857 ἀλλά
1151 2806 1265 2868 τοῖς
1309 2804 1496 2867 αὐτοῖς
1544 2804 1742 2876 ἐπιμέ-

178 2910 349 2948 νουσιν.

238 3009 254 3040 ι
272 2989 372 3043 Καὶ
393 2987 578 3060 βοήσει
600 2988 672 3040 δι’
695 2987 890 3050 αὐτοὺς
906 2988 964 3040 ἐν
977 2989 1044 3057 τῇ
1070 2985 1256 3058 ἡμέρα
1285 2986 1470 3058 ἐκείνῃ
1491 2988 1566 3050 ὡς
1586 2987 1738 3060 φωνὴ

1841 1883 1996 1954 plena
2029 1886 2247 1942 evadat.
2277 1883 2404 1941 Haec
2449 1896 2632 1941 autem
2665 1887 2846 1942 omnia
2888 1902 2953 1941 ex
2992 1887 3228 1943 hostium
3271 1889 3427 1944 iuva-

1840 1977 1994 2032 sione
2019 1977 2151 2048 ipsis
2188 1979 2487 2034 evenient:
2530 1995 2695 2048 quam
2727 1981 2832 2050 ipsi
2865 1995 2976 2035 non
3021 1989 3220 2051 suopte
3271 1991 3422 2036 motu

1839 2067 2094 2124 fecerunt
2125 2113 2143 2138 ,
2175 2073 2268 2126 sed
2295 2069 2404 2126 Deo
2432 2081 2658 2142 agente,
2685 2083 2741 2128 et
2769 2082 2982 2127 tantum
3028 2088 3137 2128 non
3175 2072 3427 2128 trahente

1841 2174 1907 2215 ac
1932 2161 2171 2232 pellente
2196 2162 2320 2218 illos
2341 2163 2408 2217 ad
2444 2178 2662 2218 reorum
2710 2164 3074 2222 obsidionem.

1912 2341 2075 2398 Vsus.
2101 2342 2193 2398 26.
2243 2362 2263 2396 ι
2303 2343 2412 2398 Sed
2442 2345 2665 2413 insuper
2701 2359 2894 2400 manus
2928 2345 3022 2399 Dei
3047 2343 3292 2402 excelsa:
3320 2345 3423 2416 igi-

1843 2443 1928 2489 tur
1959 2435 2200 2490 elevahit
2231 2436 2443 2507 signum
2472 2437 2726 2506 gentibus
2777 2436 3113 2507 longinquis,
3160 2445 3214 2492 et
3245 2436 3423 2491 trahet

1839 2542 1934 2583 eas
1959 2527 2028 2583 ab
2055 2537 2308 2583 extremo
2337 2538 2516 2583 terrae.
2563 2548 2581 2581 ι
2627 2529 2850 2584 Excelsa
2886 2531 3053 2600 igitur
3085 2537 3275 2586 contra
3304 2529 3424 2584 illos

1841 2619 1945 2672 fuit
1978 2634 2171 2673 manus
2207 2619 2328 2686 Dei,
2357 2620 2427 2674 ob
2475 2619 2880 2675 incredulitatis
2931 2635 3120 2676 eorum
3169 2635 3426 2690 perseve-

1839 2710 2097 2768 rantiam.
2144 2710 2299 2778 Quod
2351 2709 2502 2766 enim
2545 2711 2790 2767 deterius
2827 2720 2932 2776 est,
2969 2727 3038 2766 ne
3072 2713 3178 2768 illis
3202 2712 3420 2783 quidem

1839 2801 1912 2856 ita
1949 2803 2120 2873 gestis
2159 2802 2430 2873 aequiores
2472 2801 2604 2857 facti
2640 2809 2800 2868 sunt,
2839 2801 2933 2858 sed
2969 2803 3159 2858 eodem
3195 2803 3248 2857 in
3276 2809 3422 2858 statu

1843 2905 2216 2964 perseverant.

1913 2986 2080 3042 Vsus.
2105 2987 2195 3042 50.
2244 3005 2264 3040 ι
2302 2987 2370 3042 Ει
2398 2987 2659 3042 clamabit
2698 2994 2922 3056 propter
2957 3001 3054 3042 eos
3099 2985 3152 3040 in
3190 2985 3279 3040 die
3327 2984 3421 3041 illa

179 3079 418 3152 θαλάσσης
480 3079 929 3150 κυμαινούσης.»
999 3078 1265 3132 Ἐνταῦθα
1319 3075 1414 3133 οὖν
1468 3079 1738 3150 προσήκει

1848 3081 1998 3150 quasi
2037 3095 2139 3134 vox
2173 3081 2344 3134 maris
2374 3080 2677 3134 aestuantis.
2705 3098 2725 3132 ι
2760 3078 2861 3134 Hic
2884 3080 3422 3136 animadvertendum

179 3173 436 3243 ἐπιστῆσαι
483 3172 578 3224 τὸν
623 3170 786 3233 νοῦν,
836 3170 913 3234 ὡς
957 3169 1021 3223 τὸ
1068 3169 1274 3242 πλῆθος
1315 3169 1425 3224 τῶν
1462 3171 1738 3244 πολεμίων

180 3268 303 3336 φωνῇ
330 3265 604 3336 Θαλάσσης
640 3263 898 3333 ἐξομοιοῖ.

682 3355 1081 3408 ΚΕΦΑΛΑῘΟΝ
1115 3358 1204 3422 σι.

241 3467 257 3500 ι
279 3450 378 3504 Καὶ
405 3451 627 3520 ἐγένετο
654 3447 746 3500 τοῦ
794 3447 1064 3513 ἐνιαυτοῦ,
1094 3443 1155 3502 οὗ
1183 3446 1456 3500 ἀπέθανεν
1497 3447 1676 3512 Ὀζίας
1710 3449 1739 3501 6

181 3538 414 3609 βασιλεύς.
443 3563 460 3594 ι
500 3541 606 3594 Διά
645 3541 700 3593 τί
727 3539 799 3620 μὴ
830 3539 910 3593 ἔτι
938 3539 1140 3604 ζῶντος
1181 3539 1358 3605 Ὀζίου
1386 3539 1486 3611 τὴν
1520 3557 1740 3610 προκει-

184 3635 322 3703 μένην
344 3635 460 3704 δψιν
492 3632 667 3705 ἐώρα,
695 3633 808 3686 ἀλλ’
837 3635 895 3686 ἐν
917 3631 995 3703 τῷ
1019 3631 1130 3686 ἔτει
1152 3624 1196 3699 ᾧ
1221 3631 1489 3685 ἀπέθανεν
1513 3649 1526 3696 ;
1561 3627 1735 3704 οἶμαι,

180 3723 270 3787 ὅτι,
313 3726 395 3780 διὰ
441 3726 502 3780 τὺ
554 3725 869 3798 ἐπαρθῆναι
924 3723 1122 3786 αὐτὸν,
1175 3725 1270 3777 καὶ
1325 3724 1424 3795 τὴν
1475 3723 1738 3795 μηδαμῶς

183 3821 529 3890 προσήκουσαν
560 3817 715 3886 αὑτῷ
748 3816 1065 3887 ἐγχειρῆσαι
1099 3814 1291 3869 θυσίαν
1329 3817 1736 3886 προσενεγκεῖν,

182 3907 297 3964 ὥστε
321 3911 410 3964 καὶ
440 3912 540 3982 τὴν
571 3910 781 3982 λέπραν
809 3907 1115 3978 ἐπανθῆσαι
1136 3907 1215 3986 τῷ
1240 3906 1520 3978 προσώπῳ
1547 3905 1735 3972 αὐτοῦ,

184 4003 306 4066 είκὸς
333 3999 396 4074 ῆν
433 4000 919 4073 ἀνακεχωρηκέναι
955 4001 1056 4071 τὴν
1087 3999 1247 4070 χάριν
1272 3998 1368 4052 τοῦ
1395 3998 1530 4052 Θεοῦ
1561 4001 1739 4054 πάντα

184 4093 257 4145 τὸν
291 4095 469 4166 χρόνον
516 4095 622 4163 τῆς
659 4091 824 4148 αὐτοῦ
860 4093 1026 4162 ζωῆς,
1063 4091 1186 4145 καθ’
1220 4092 1280 4145 ὃν
1326 4091 1739 4164 λελεπρωμένος

187 4187 389 4255 κατῴκει
417 4187 516 4258 τὴν
557 4184 942 4256 Ἰερουσαλήμ.
971 4184 1190 4256 Λεπροῦ
1225 4184 1334 4256 γὰρ
1366 4184 1628 4254 βασιλέως
1656 4187 1734 4238 oi-

187 4276 374 4342 κοῦντος
400 4279 491 4332 τὸν
511 4279 701 4342 τόπον,
729 4278 954 4342 εἰκότως
977 4278 1396 4350 ἀνακεχωρήκει
1425 4279 1458 4348 ὴ
1490 4276 1617 4344 δόξα
1643 4277 1738 4330 τοῦ

186 4367 316 4424 Θεοῦ.
359 4372 506 4424 Ἐπεὶ
537 4371 598 4424 δέ
645 4369 900 4424 ἐτελεύτα
933 4370 1032 4440 μὲν
1063 4371 1288 4433 ἐκεῖνος,
1346 4369 1568 4424 Ἰωάθαν
1607 4369 1664 4424 δὲ
1708 4371 1738 4422 6

1840 3181 1945 3239 est,
2004 3172 2180 3240 ipsum
2245 3171 2652 3227 multitudinem
2705 3170 2945 3226 hostium
2993 3171 3160 3227 maris
3215 3171 3420 3226 sonitui

1841 3278 2185 3334 comparare.

2450 3353 2682 3411 CAPUT
2726 3355 2806 3410 Vl.

1914 3443 2078 3501 Vens.
2111 3445 2162 3500 Ι.
2209 3464 2228 3497 t
2259 3447 2324 3501 Ει
2347 3446 2551 3502 factum
2585 3457 2672 3502 est
2718 3448 2774 3502 in
2819 3463 2986 3512 anno,
3028 3463 3136 3516 quo
3177 3455 3426 3502 mortuus

1839 3547 1924 3590 est
1975 3553 2069 3592 rex
2115 3537 2297 3594 Ozias.
2327 3557 2346 3590 ›
2383 3538 2563 3606 Quare
2623 3554 2728 3594 non
2787 3540 3007 3594 vivente
3060 3540 3241 3596 adhuc
3288 3539 3424 3596 Ozia

1841 3629 1980 3690 hanc
2005 3628 2271 3683 visionem
2316 3629 2528 3695 habuit,
2577 3630 2672 3684 sed
2719 3644 2784 3685 eo
2832 3644 2976 3684 anno
3003 3644 3112 3698 quo
3143 3629 3232 3683 ille
3275 3644 3426 3683 mor-

1843 3733 1964 3778 tuus
1991 3723 2114 3778 est?
2141 3723 2267 3790 quia
2298 3723 2388 3778 ille
2409 3723 2586 3779 elatus
2606 3723 2812 3789 animo,
2840 3723 3168 3778 sacriﬁcium
3195 3720 3419 3790 θεῖοι-το,

1839 3816 1990 3886 quod
2017 3814 2178 3871 ollicii
2211 3815 2291 3869 sui
2321 3830 2428 3869 non
2452 3825 2594 3882 erat,
2613 3831 2902 3886 aggressus
2929 3823 3036 3880 est,
3081 3815 3155 3870 ita
3184 3821 3243 3868 ut
3271 3813 3426 3884 lepra

1841 3911 1894 3964 in
1945 3908 2096 3963 vultu
2144 3908 2260 3978 ejus
2295 3918 2632 3977 erumperet,
2683 3909 2924 3964 arbitror
2977 3922 3076 3978 par
3125 3905 3316 3970 fuisse,
3361 3912 3429 3962 ut

1841 4003 2013 4070 gratia
2040 4000 2134 4056 Dei
2168 4000 2448 4056 recederet
2479 4007 2594 4054 toto
2616 4001 2741 4055 vitae
2788 3999 2935 4054 illius
2989 4008 3255 4067 tempore,
3311 4011 3429 4068 quo

1840 4091 2086 4161 leprosus
2111 4089 2392 4145 habitabat
2427 4090 2479 4143 in
2526 4088 2850 4144 Jerusalem.
2889 4087 3028 4142 Nam
3054 4091 3270 4158 leproso
3295 4102 3430 4156 rege

1842 4183 2020 4238 locum
2045 4181 2341 4246 incolente,
2367 4180 2539 4250 gloria
2566 4179 2662 4235 Dei
2689 4181 2885 4236 merito
2916 4190 3242 4235 recesserat.
3265 4179 3425 4233 Post-

1840 4290 2006 4345 quam
2033 4283 2213 4328 autem
2259 4273 2489 4328 obiisset
2525 4271 2639 4337 ille,
2698 4281 2756 4328 et
2811 4271 3064 4328 Joatham
3116 4271 3262 4326 ﬁlius
3303 4271 3425 4341 ejus

1842 4383 2066 4438 regnum
2091 4367 2422 4436 excepisset,
2451 4367 2518 4420 de
2563 4379 2671 4435 quo
2701 4364 2966 4435 scriptum
3000 4373 3104 4428 cst,
3146 4382 3164 4415 ι
3195 4363 3261 4416 Ει
3290 4362 3422 4416 fecit

188 4459 281 4523 υίδς
305 4462 458 4515 αὐτοῦ
490 4462 590 4534 τὴν
624 4461 897 4533 βασιλείαν
924 4462 1212 4528 διεδέξατο,
1266 4463 1394 4534 περὶ
1434 4455 1496 4515 οῦ
1541 4462 1739 4534 γέγρα-

1850 4469 2054 4514 rectum
2107 4458 2160 4513 in
2211 4457 2386 4514 oculis
2429 4455 2641 4513 Domini
2678 4456 2756 4521 ³¹;
2813 4474 2834 4509 ι
2887 4454 3012 4524 jure
3057 4456 3245 4510 eodem
3302 4454 3426 4521 ipso

188 4567 315 4614 πται,
339 4573 356 4604 ι
377 4555 484 4607 Καὶ
513 4555 740 4626 ἐποίησε
759 4555 819 4608 τὸ
839 4554 992 4617 εὺθές
1007 4557 1063 4608 ἐν
1079 4554 1375 4624 ὀφθαλμοῖς
1389 4555 1614 4626 Κυρίου·
1630 4575 1648 4606 ι
1670 4557 1748 4608 εί-

189 4643 333 4709 κότως
357 4647 468 4700 κατ’
491 4647 656 4700 αὐτὸν
673 4647 879 4699 ἐκεῖνον
895 4646 984 4699 τὸν
1001 4645 1244 4699 ἐνιαυτὸν
1266 4645 1324 4698 ἐν
1349 4638 1392 4712 ᾧ
1417 4645 1446 4697 6
1468 4645 1743 4711 λελεπρω-

193 4735 324 4804 μένος
357 4739 678 4810 μετηλλαχει
721 4737 811 4792 τὸν
855 4737 989 4807 βίον,
1029 4739 1058 4790 6
1097 4737 1156 4790 δὲ
1193 4736 1486 4809 εὐάρεστος
1517 4736 1594 4808 τῷ
1625 4736 1745 4808 Θεῷ

191 4827 270 4897 τὴν
309 4829 576 4898 βασιλείαν
623 4830 914 4895 διεδέξατο,
966 4825 1125 4893 αὖθις
1164 4830 1198 4901 ἡ
1242 4829 1368 4896 δόξα
1403 4828 1613 4900 Κυρίου
1654 4829 1746 4880 ἐπ-

194 4921 322 4991 ανῄει
351 4925 438 4977 ἐπὶ
467 4925 556 4978 τὸν
602 4919 771 4986 οἶκον,
800 4923 997 4994 δηλαδὴ
1031 4922 1125 4975 τὸν
1155 4921 1281 4974 ναὸν
1306 4919 1534 4992 Κυρίουο
1571 4921 1636 4972 Ὃ
1673 4919 1737 4990 δὴ

193 5011 269 5064 καὶ
290 5013 478 5087 ἱστορεί
498 5017 527 5068 δ
550 5015 1070 5088 προφήτηςλέγων,ι
1091 5015 1201 5068 Καὶ
1215 5013 1433 5082 ἐγένετο
1444 5011 1538 5065 τοῦ
1561 5015 1740 5065 ἐνιαυ-

194 5101 288 5166 τοῦ,
314 5099 369 5158 οὗ
394 5107 661 5162 ἀπέθανεν
695 5108 877 5172 Ὀζίας
899 5111 928 5161 ὁ
953 5107 1224 5178 βασιλεὺς,
1253 5101 1394 5159 εἶδον
1418 5106 1510 5160 τδν
1536 5105 1741 5176 Κύριον

197 5194 469 5266 καθήμενον
509 5200 605 5252 ἐπὶ
646 5200 836 5270 θρόνου
881 5199 1087 5271 ὑψηλοῦ
1126 5201 1221 5253 καὶ
1269 5199 1601 5271 ἐπηρμένου·
1647 5199 1742 5252 καὶ

200 5285 380 5359 πλήρης
403 5293 431 5344 6
461 5287 606 5356 οἶκος
640 5293 740 5362 τῆς
776 5292 934 5365 δόξης
975 5291 1162 5347 αὑτοῦ.
1185 5311 1203 5343 ›
1237 5285 1406 5362 Οἶμαι
1436 5291 1494 5343 δὲ
1528 5291 1622 5345 καὶ
1649 5289 1739 5344 διὰ

199 5379 370 5434 τούτων
393 5384 758 5455 παρίστασθαι
782 5386 866 5449 τίς
888 5387 1004 5439 ποτ’
1024 5381 1092 5456 ἦν
1119 5387 1148 5438 ό
1168 5383 1258 5437 διά
1286 5383 1464 5453 πάσης
1485 5385 1584 5454 τῆς
1608 5402 1739 5456 προ-

201 5473 394 5538 φητείας
433 5475 759 5547 δηλούμενος
800 5477 1003 5551 Κύριος
1049 5476 1298 5533 Σαϐαὼθ.
1325 5477 1422 5542 Τίς
1463 5477 1520 5531 δὲ
1543 5470 1736 5543 οὗτος;

211 5557 260 5614 '0
285 5564 576 5639 Μονογενης
593 5569 737 5634 Υἱὸς,
763 5572 792 5624 ὁ
814 5570 892 5626 ὦ.)
921 5573 1000 5635 εἰς
1026 5570 1116 5626 τὸν
1149 5570 1347 5624 κόλπον
1380 5569 1474 5624 τοῦ
1501 5569 1736 5642 Πατρὸς,

263 5743 298 5775 ⁸⁸
324 5744 379 5800 lV'
411 5747 536 5819 Reg.
578 5764 670 5818 xv,
699 5749 787 5808 54.

1844 4566 2008 4615 anno,
2045 4566 2153 4620 quo
2210 4558 2266 4607 et
2315 4551 2566 4620 leprosus
2597 4549 2764 4602 vitam
2805 4547 3040 4614 obierat,
3077 4555 3131 4600 et
3179 4547 3264 4601 vir
3307 4546 3427 4602 Deo

1844 4643 2080 4714 placitus
2127 4657 2358 4712 regnum
2396 4650 2710 4711 exceperat,
2755 4639 2928 4710 gloria
2995 4639 3209 4694 Domini
3259 4653 3425 4708 super

1843 4735 2062 4790 domum
2087 4749 2303 4790 reversa
2330 4743 2438 4799 est,
2467 4733 2676 4788 scilicet
2707 4747 2871 4802 super
2897 4731 3152 4799 templum
3178 4730 3420 4789 Domini.

1843 4827 1997 4895 Quod
2051 4828 2306 4884 videlicet
2335 4837 2564 4883 enarrat
2605 4826 2871 4897 propheta
2925 4825 3147 4880 dicens:
3195 4843 3215 4876 Ι
3247 4824 3312 4878 Et
3342 4822 3424 4876 l'a-

1843 4931 1990 4976 ctum
2020 4931 2104 4976 est
2137 4921 2189 4976 in
2225 4935 2390 4988 anno,
2420 4935 2530 4989 quo
2566 4929 2814 4974 mortuus
2841 4927 2925 4972 est
2975 4933 3070 4972 rex
3101 4915 3284 4983 Ozias,
3312 4915 3422 4970 vidi

1844 5014 2131 5069 Dominum
2192 5015 2474 5070 sedentem
2523 5029 2688 5083 super
2734 5014 2988 5068 thronum
3037 5010 3314 5067 excelsum
3368 5021 3424 5066 et
3444 5013 3458 5070 ,³

1845 5107 2158 5162 elevatum:
2195 5115 2250 5161 et
2295 5107 2454 5176 plena
2495 5117 2615 5162 erat
2645 5110 2839 5163 domus
2883 5105 3053 5174 gloria
3085 5104 3221 5173 ejus.
3261 5124 3280 5158 ι
3323 5103 3454 5176 Εοῖ

1847 5200 2010 5256 stimo
2035 5199 2121 5254 his
2145 5199 2466 5269 signiﬁcari,
2491 5200 2614 5270 quis
2649 5201 2723 5257 sit
2763 5201 2852 5255 ille
2886 5199 3148 5256 Dominus
3180 5177 3455 5275 Sabaoth?

1848 5291 1903 5346 in
1955 5291 2057 5346 hac
2121 5300 2232 5346 tota
2291 5291 2580 5360 prophetia
2633 5292 2924 5346 indicatus.
2978 5289 3176 5359 Ecquis
3239 5299 3423 5345 autem

1847 5383 1980 5439 ille?
2023 5383 2347 5456 Unigenitus
2380 5382 2576 5446 Filius,
2609 5384 2700 5453 qui
2733 5394 2818 5438 est
2849 5384 2902 5438 in
2937 5383 3059 5438 sinu
3090 5381 3291 5450 Patris,
3328 5383 3425 5454 qui

1847 5477 2178 5532 descendens
2204 5491 2267 5530 ex
2294 5476 2515 5546 propria
2552 5474 2948 5544 magnitudine,
2980 5475 3106 5530 inde
3143 5488 3266 5528 sese
3295 5472 3424 5528 visi-

1849 5568 2013 5625 bilem
2051 5577 2107 5626 et
2145 5567 2696 5638 comprehcnsibilem
2723 5568 3038 5626 hominibus
3063 5565 3425 5624 eﬂicit.Visus
