3850 6210
406 330 510 386 133

1070 326 1344 387 EUSEBII
1380 323 1863 385 CESARIENSIS
1900 325 2051 385 OPP.
2092 323 2274 383 PARS
2310 323 2399 381 III.
2437 354 2509 367 -
2551 322 2963 384 EXEGETICA.

3567 328 3675 385 ω

403 453 567 498 estet
594 443 927 509 Abrahamo,
968 457 1092 499 cum
1126 444 1265 499 dixit
1303 442 1378 509 ei,
1415 462 1435 496 ι
1466 441 1674 498 Semini
1715 452 1808 497 tuo
1849 440 1977 497 dahc

2092 440 2541 497 ὑποκαταϐαίνων
2597 442 2689 497 τοῦ
2743 442 2873 497 ίδίου
2925 440 3207 515 μεγέθους,
3261 443 3573 517 σμικρύνων
3615 446 3673 498 δὲ

410 547 611 590 terram
641 537 781 591 hanc
808 536 873 589 ³⁸.
910 534 1127 606 ιζιηΐετι
1155 536 1344 606 itaque
1379 535 1686 606 Scriptura,
1716 552 1737 587 ι
1763 534 1831 589 Ει
1854 535 1985 589 aedi-

406 627 596 683 ﬁcavit
621 628 693 684 ibi
716 627 890 683 altare
919 626 1172 693 Domino,
1208 627 1301 696 qui
1332 627 1481 682 visus
1519 626 1696 681 fuerat
1744 627 1793 682 ei
1830 625 1876 657 ³³
1908 644 1923 693 ;
1959 644 1979 679 ι

402 735 469 774 ac
509 736 749 789 rursum,
797 737 816 772 ι
846 719 1129 775 Abraham
1162 719 1342 775 factus
1373 727 1457 775 est
1488 733 1758 774 annorum
1814 734 1986 774 nona-

401 814 577 881 ginta,
617 820 673 867 et
710 812 860 867 visus
911 820 997 867 est
1041 812 1088 867 ei
1129 811 1393 867 Dominus
1431 810 1516 878 “;
1570 828 1589 863 ι
1646 810 1981 880 iterumque,

408 921 428 953 ι
461 903 527 957 Et
568 902 716 958 visus
749 911 834 957 est
860 902 1120 957 Dominus
1160 902 1395 957 Abrahze
1432 902 1499 956 ad
1530 915 1791 969 quercum
1817 900 1986 955 Mam-

402 995 500 1049 bre
530 994 597 1047 ³⁵.
630 1012 648 1046 ι
684 995 759 1050 De
797 993 949 1049 Isaac
983 1008 1203 1063 quoque
1244 993 1449 1048 dictum
1484 1003 1591 1059 est,
1632 1011 1650 1045 ι
1687 992 1755 1048 Et
1794 992 1983 1062 profe-

404 1098 529 1142 ctus
554 1095 642 1141 est
671 1095 725 1141 et
756 1087 1006 1142 ascendit
1036 1087 1100 1140 ad
1138 1095 1361 1155 puteum
1399 1087 1717 1156 juramenti,
1754 1097 1809 1142 et
1835 1088 1986 1143 visus

402 1187 489 1232 est
519 1179 780 1234 Dominus
812 1180 913 1249 ipsi
961 1179 1015 1233 in
1052 1187 1213 1233 nocte
1241 1177 1332 1231 illa
1369 1177 1435 1231 ³⁸.
1473 1195 1492 1229 ›
1541 1175 1887 1247 Rursumque
1918 1180 1986 1233 de

399 1270 570 1327 Iacob
622 1272 840 1335 dicitur,
896 1289 915 1322 ί
952 1270 1066 1342 Ego
1106 1286 1224 1325 sum
1278 1270 1441 1335 Deus,
1501 1271 1592 1339 qui
1645 1271 1797 1325 visus
1862 1286 1982 1325 sum

400 1364 541 1427 tibi;
581 1382 601 1416 ι
635 1365 730 1419 sed
761 1364 928 1418 etiam
982 1379 1106 1419 cum
1154 1363 1303 1416 venit
1350 1381 1369 1414 ι
1416 1365 1469 1417 in
1524 1362 1715 1418 Bethel
1756 1364 1871 1432 ipse
1928 1374 1985 1419 et

399 1456 653 1527 populus,
688 1456 779 1527 qui
804 1472 930 1512 cum
961 1471 1028 1512 eo
1060 1465 1203 1521 erat,
1232 1455 1527 1511 aedificavit
1558 1455 1629 1509 ibi
1672 1454 1886 1509 altare:
1930 1464 1985 1509 et

398 1549 614 1603 vocavit
648 1563 845 1603 nomen
880 1549 1073 1604 domus
1120 1548 1351 1615 Bethel;
1390 1548 1459 1603 ibi
1489 1549 1630 1601 enim
1673 1547 1774 1617 ipsi
1810 1562 1982 1617 appa-

398 1641 513 1694 ruit
546 1641 687 1695 Deus
706 1642 792 1707 ";
834 1659 854 1692 ›
900 1640 1211 1709 iterumque
1255 1640 1457 1695 dictum
1487 1648 1593 1703 est,
1641 1659 1659 1691 ι
1693 1638 1856 1694 Visus
1900 1649 1985 1695 est

398 1743 582 1788 autem
628 1734 771 1789 Deus
811 1730 982 1788 Iacob
1027 1732 1208 1787 adhuc
1262 1732 1313 1786 in
1362 1731 1507 1786 Luza
1538 1731 1627 1799 ³⁸;
1666 1750 1685 1784 ι
1737 1732 1983 1801 aliasque

402 1829 543 1885 dixit
588 1828 664 1882 illi
713 1828 765 1881 in
813 1825 1056 1881 hominis
1084 1825 1271 1894 specie
1299 1840 1595 1894 apparens,
1634 1842 1653 1875 ι
1685 1823 1801 1878 Non
1835 1824 1977 1878 ultra

399 1906 689 1973 vocabitur
713 1930 909 1971 nomen
940 1925 1090 1969 tuum
1120 1912 1296 1969 Jacob
1330 1932 1344 1968 :
1392 1916 1487 1968 sed
1542 1914 1705 1969 Israel
1733 1914 1844 1969 erit
1876 1930 1979 1970 no-

397 2022 525 2063 men
573 2015 723 2061 tuum
755 2006 821 2060 ".
849 2024 869 2058 ι
901 2003 1133 2071 Quando
1182 2006 1399 2059 vocavit
1445 2019 1643 2059 nomen
1685 2004 1812 2069 loci,
1840 2006 1979 2075 Spe-

393 2101 501 2154 cies
531 2098 655 2164 Dei,
686 2098 895 2162 dicens,
923 2115 942 2149 ι
972 2096 1095 2152 Vidi
1124 2097 1268 2151 enim
1302 2099 1469 2151 Deum
1502 2097 1643 2152 facie
1671 2099 1737 2152 ad
1759 2096 1975 2161 faciem,

394 2203 454 2247 et
477 2191 624 2247 salva
664 2190 809 2245 facta
835 2198 919 2244 est
944 2189 1125 2243 anima
1180 2203 1299 2242 mea
1325 2188 1393 2242 “.
1434 2208 1453 2241 ι
1500 2188 1717 2260 Moyses
1758 2205 1977 2259 quoque

396 2286 567 2341 Deum
619 2283 710 2353 qui
756 2281 979 2337 oracula
1042 2282 1142 2337 sibi
1193 2281 1409 2348 edebat,
1472 2283 1686 2352 rogavit
1748 2282 1975 2347 dicens,

401 2394 421 2427 ι
459 2373 518 2430 Si
548 2372 731 2429 inveni
762 2372 995 2442 gratiam
1027 2371 1080 2425 in
1117 2380 1408 2441 conspectu
1443 2380 1557 2435 tuo,
1590 2373 1818 2427 ostende
1847 2373 1976 2427 mihi

394 2466 651 2535 teipsum,
678 2463 1124 2534 c0gnoscibiliter
1182 2471 1235 2517 te
1283 2463 1498 2516 videam
1540 2463 1608 2515 “.
1636 2480 1655 2514 ι
1717 2461 1813 2516 Ille
1845 2477 1978 2518 vero

394 2561 675 2632 respondit
709 2560 760 2614 ei
788 2559 999 2625 dicens,
1032 2576 1051 2610 ‹
1085 2556 1154 2611 Ει
1182 2559 1285 2612 hoc
1309 2560 1537 2613 verbum
1584 2559 1729 2629 quod
1768 2559 1979 2615 locutus

395 2669 480 2719 es,
528 2651 766 2707 faciam:
824 2649 1081 2705 invenisti
1132 2649 1277 2704 enim
1331 2652 1558 2717 gratiam
1587 2652 1639 2705 in
1684 2660 1975 2720 conspectu

392 2757 518 2799 meo
537 2743 602 2795 δ’.
639 2762 659 2797 ι
696 2742 945 2799 Ezechiel
975 2744 1102 2797 item
1132 2757 1256 2796 eum
1280 2743 1370 2812 qui
1404 2743 1557 2799 sedet
1585 2757 1751 2814 super
1780 2745 1979 2799 cheru-

392 2835 506 2891 bim
537 2836 694 2902 vidit,
725 2835 882 2905 quasi
926 2834 1164 2904 speciem
1206 2833 1476 2891 hominis:
1526 2849 1555 2888 a
1611 2835 1811 2890 lumbis
1863 2834 1978 2903 ejus

394 2942 569 2998 nsque
609 2929 675 2983 ad
728 2929 895 2982 imum
935 2927 1079 2999 ignis
1118 2936 1260 2993 erat,
1307 2935 1362 2981 et
1411 2941 1442 2981 a
1482 2927 1681 2982 lumbis
1730 2928 1849 2998 ejus
1879 2944 1975 2983 us-

394 3033 501 3089 que
530 3019 598 3073 ad
625 3032 922 3083 summum,
971 3018 1185 3090 species
1226 3016 1439 3072 electri.
1475 3017 1683 3086 Quibus
1723 3020 1977 3076 omnibus

394 3110 688 3166 ediscimus
745 3111 985 3167 visiones
1029 3128 1059 3166 a
1110 3114 1389 3184 praedictis
1442 3112 1578 3166 viris
1620 3112 1835 3167 habitas
1869 3129 1976 3169 non

392 3201 601 3257 similes
631 3200 841 3269 fuisse,
886 3203 981 3258 sed
1028 3204 1315 3270 diversas;
1375 3219 1499 3257 nam
1558 3202 1728 3275 Moysi
1760 3206 1977 3274 quidem

395 3295 601 3349 dictum
652 3302 778 3360 est,-
817 3314 835 3347 ι
868 3294 983 3351 Νοιι
1023 3297 1230 3367 poteris
1280 3297 1467 3353 videre
1512 3295 1705 3351 faciem
1753 3314 1975 3354 meam:

394 3400 501 3439 non
528 3386 672 3441 enim
700 3388 909 3443 videbit
933 3389 1097 3443 homo
1129 3388 1321 3443 faciem
1360 3403 1559 3455 meam,
1592 3398 1647 3443 et
1676 3390 1822 3445 vivet
1847 3390 1911 3444 “.
1951 3409 1972 3445 ι

394 3478 676 3547 Siquidem
723 3480 901 3535 vultus
931 3480 1024 3535 Dei
1058 3480 1244 3548 Verbi,
1270 3490 1326 3536 et
1353 3482 1529 3536 deitas
1556 3480 1831 3552 Unigeniti
1857 3483 1977 3538 Filii

392 3567 514 3636 Dei,
560 3570 775 3625 mortali
830 3581 1041 3628 natura:
1082 3574 1595 3643 comprehensibilis
1650 3575 1976 3645 neutiquam

392 3660 577 3716 fuerit.
634 3662 903 3718 Ezecliieli
958 3674 1139 3719 autem
1196 3664 1360 3721 Verbi
1430 3665 1603 3736 gloria
1654 3682 1751 3735 per
1808 3668 1979 3739 aenig-

392 3764 537 3807 mata
563 3755 676 3809 visa
729 3755 869 3811 fuit:
903 3756 1320 3813 Abrahae-vero
1369 3762 1469 3816 sub
1521 3759 1757 3814 hominis
1802 3757 1976 3814 forma

397 3846 628 3916 figurate
658 3850 811 3905 visus
841 3863 947 3915 est.
994 3852 1072 3906 ita
1124 3860 1183 3906 ut
1239 3852 1340 3906 sub
1381 3867 1585 3922 quercu
1627 3854 1975 3920 consisteret,

394 3941 565 4010 pedes
592 3940 859 4005 ablueret,
892 3951 947 3996 et
978 3956 1178 3997 mensae
1199 3957 1426 3997 consors
1460 3951 1627 3997 esset.
1685 3941 1979 3998 Similiter-

396 4044 506 4099 que
545 4046 667 4085 cum
721 4032 925 4087 Jacobo
980 4034 1146 4087 homo
1204 4034 1416 4088 luctans
1475 4034 1779 4100 inducitur,
1814 4049 1975 4103 quem

398 4120 682 4192 Scriptura
705 4124 923 4194 quidem
951 4123 1230 4178 hominem
1265 4122 1539 4193 appellat;
1588 4123 1680 4178 ille
1727 4138 1859 4179 vero
1882 4122 1975 4193 qui

395 4212 678 4267 oraculum
720 4213 937 4277 edebat,
985 4230 1003 4263 ‹
1045 4212 1163 4267 Non
1229 4213 1545 4281 vocabitur,
1611 4213 1812 4283 inquit,
1877 4226 1978 4267 no-

396 4321 519 4362 men
577 4315 725 4361 tuum
776 4305 983 4373 Jacob;
1033 4307 1126 4362 sed
1184 4307 1349 4362 Israel
1404 4308 1510 4361 erit
1551 4322 1745 4363 nomen
1801 4316 1972 4373 tuum,

392 4399 520 4468 quia
552 4398 710 4452 fortis
741 4398 887 4454 fuisti
921 4413 1045 4455 cum
1082 4400 1194 4454 Deo
1214 4399 1303 4467 “;
1344 4417 1363 4451 ι
1406 4399 1549 4454 unde
1586 4409 1641 4452 et
1688 4398 1860 4455 Jacob
1896 4401 1977 4455 di-

2088 534 2299 599 ὲαυτὸν,
2328 533 2387 599 ἐξ
2420 534 2626 588 ἐκείνου
2653 536 2848 608 ὁρατὸν
2870 536 2964 589 καὶ
2990 535 3332 607 καταληπτὸν
3364 536 3675 609 ἀνθρώποις

2087 627 2252 680 ποιεῖ.
2293 626 2471 697 Ὠφθη
2517 627 2613 680 καὶ
2653 626 2733 698 τῷ
2773 626 3041 699 Ἀϐραὰμ,
3086 628 3250 699 ήνίκα
3293 624 3444 683 εἶπεν
3492 629 3669 701 αὐτῷ·

2094 735 2113 768 r
2138 718 2422 790 Σπέρματί
2457 734 2552 772 σου
2572 717 2727 772 δώσω
2747 718 2846 790 τὴν
2866 720 2967 791 γῆν
2984 719 3185 791 ταύτην
3204 720 3335 792 (Η).
3360 740 3378 774 ι
3401 722 3675 791 Ἐπιλέγει

2085 804 2179 863 οὖν
2225 810 2259 881 ή
2314 811 2537 883 Γραφή·
2576 812 2727 865 «Kal.
2773 812 3119 884 ᾠκοδόμησεν
3148 815 3264 867 ἐκεῖ
3287 815 3677 887 θυσιαστήριον

2085 900 2164 971 τῷ
2197 903 2386 973 Κυρίῳ
2414 902 2492 973 τῷ
2519 903 2735 972 ὀφθέντι
2763 903 2938 975 αὐτῷ·
2968 926 2986 958 ι
3012 907 3106 959 καὶ
3147 906 3306 961 πάλιν
3324 926 3336 938 ·
3371 927 3389 959 ι
3425 907 3677 979 Ἀϐραὰμ

2087 994 2302 1061 ἐγένετο
2337 994 2474 1048 ἑτῶν
2522 997 2867 1067 ἐνενήκοντα,
2900 998 2994 1051 καὶ
3034 998 3186 1069 ὤφθη
3220 999 3364 1068 αὐτῷ
3395 999 3669 1071 Κύριος-ι

2088 1088 2183 1141 καὶ
2217 1087 2412 1140 πάλιν·
2442 1105 2459 1137 ι
2480 1089 2591 1141 Ka‘t
2625 1086 2780 1159 ὤφθη
2810 1088 3013 1158 Κύριος
3056 1088 3132 1159 τῷ
3168 1090 3416 1161 Ἀϐραὰμ
3442 1090 3581 1164 πρὸς
3608 1095 3673 1163 τῇ

2085 1178 2208 1250 δρυῒ
2233 1182 2297 1251 τῇ
2316 1179 2583 1252 Μαμϐρῆ.
2615 1200 2632 1232 ι
2668 1181 2778 1234 Kal.
2806 1182 2933 1253 περὶ
2960 1181 3053 1234 τοῦ
3072 1182 3254 1236 Ἰσαὰκ
3280 1183 3514 1255 εἴρηται·
3533 1186 3678 1239 (Καὶ

2087 1273 2381 1345 ἐπορεύθη,
2427 1274 2520 1326 καὶ
2545 1272 2711 1343 ἀνέϐη
2762 1272 2855 1326 ἐπὶ
2915 1272 2974 1325 τὸ
3009 1274 3184 1345 φρέαρ
3220 1274 3313 1329 τοῦ
3348 1277 3533 1346 ὅρκου,
3580 1276 3677 1331 καὶ

2087 1363 2242 1434 ὤφθη
2282 1364 2485 1435 Κύριος
2524 1363 2671 1433 αὐτῷ
2714 1365 2771 1416 ὲν
2798 1366 2863 1433 τῇ
2910 1366 3064 1417 νυκτὶ
3099 1366 3299 1437 ἐκείνῃ·
3327 1386 3344 1417 ι
3384 1367 3477 1421 καὶ
3514 1364 3677 1435 αὖθις

2087 1457 2180 1509 ἐπὶ
2208 1456 2302 1509 τοῦ
2346 1454 2539 1509 Ἰακὼὸ
2562 1456 2805 1527 εἴρηται·
2838 1474 2857 1507 ι
2896 1455 3037 1525 Ἐγώ
3062 1458 3176 1527 είμι
3203 1459 3231 1511 6
3253 1457 3402 1523 Θεὸς,
3433 1460 3461 1512 6
3486 1459 3679 1530 ὀφθείς

2087 1564 2203 1601 σοι·
2232 1566 2251 1600 ι
2290 1547 2427 1602 ἀλλὰ
2468 1548 2562 1602 καὶ
2587 1549 2675 1601 ὅτε
2712 1544 2877 1619 ἦλθεν
2912 1568 2929 1600 ι
2953 1551 3032 1612 είς
3074 1548 3275 1621 Βαιθὴλ
3304 1551 3467 1615 αὐτὸς
3510 1554 3607 1606 καὶ⁵
3649 1556 3679 1607 6

2085 1638 2215 1703 λαὸς
2253 1642 2281 1693 ὁ
2334 1642 2451 1712 μετ’
2505 1638 2694 1704 αὐτοῦ,
2730 1640 3077 1712 ᾠκοδόμησεν
3122 1644 3239 1694 ἐκεῖ
3271 1642 3675 1715 θυσιαστήριον,

2086 1734 2180 1787 καὶ
2212 1733 2438 1787 ἐκάλεσε
2462 1732 2523 1785 τὸ
2548 1732 2719 1803 ὄνομα
2747 1732 2839 1785 τοῦ
2868 1731 3017 1785 οῐκου
3041 1733 3245 1806 Βαιθήλ
3262 1752 3274 1764 ·
3304 1736 3421 1788 ἐκεῖ
3440 1736 3548 1806 γὰρ
3580 1738 3676 1789 αὐ-

2012 1796 2056 1851 B
2084 1825 2162 1896 τῷ
2203 1827 2376 1898 ὲφάνη
2418 1826 2446 1878 ὀ
2490 1796 2687 1889 Θεός.ἰ
2736 1826 2847 1877 Kal.
2889 1826 3050 1879 πάλιν
3090 1796 3325 1898 εἴρηται·
3365 1796 3581 1900 ι’άφθη
3618 1831 3675 1884 δὲ

2083 1920 2111 1971 ὀ
2151 1918 2285 1981 Θεὸς
2323 1918 2402 1989 τῷ
2450 1916 2645 1971 Ἰακὼό
2688 1917 2785 1971 καὶ
2832 1918 2910 1971 ἔτι
2942 1920 2999 1970 ὲν
3045 1920 3257 1985 Λουζᾶ·
3286 1940 3304 1972 ›
3342 1923 3437 1975 καὶ
3485 1922 3674 1976 ἄλλοτε

2081 2005 2233 2062 εἶπεν
2258 2009 2405 2080 αὐτῷ
2429 2010 2485 2062 ὲν
2532 2010 2768 2081 σχήματι
2803 2010 3088 2081 ἀνθρώπου
3142 2012 3355 2081 ὀφθείς·
3387 2033 3404 2064 ι
3439 2014 3550 2068 Οὐκ
3596 2014 3675 2069 ἔτι

2083 2101 2409 2173 κληθήσεται
2448 2101 2509 2153 τὸ
2550 2101 2721 2172 ὄνομα
2752 2119 2844 2155 σου
2872 2103 3065 2156 Ἰακώϐ
3087 2120 3100 2134 ·
3130 2104 3243 2158 ἀλλ’
3279 2106 3493 2178 Ἰσραὴλ
3519 2106 3674 2160 ἔσται

2080 2196 2143 2248 τὸ
2176 2194 2347 2265 δνομά
2374 2210 2467 2247 σου
2488 2210 2502 2223 ·
2532 2212 2550 2245 ι
2578 2194 2665 2247 ὅτε
2702 2195 2796 2248 καὶ
2828 2194 3053 2250 ἐκάλεσε
3077 2197 3138 2249 τὸ
3182 2197 3352 2267 δνομα
3389 2198 3481 2251 τοῦ
3504 2199 3674 2251 τόπου

2076 2280 2253 2349 Εἶδος
2304 2282 2454 2338 Θεοῦ
2482 2281 2680 2336 εἰπών·
2714 2302 2733 2335 ι
2757 2281 2910 2338 Ε’δον
2940 2286 3047 2359 γὰρ
3074 2287 3204 2339 Θεὸν
3226 2288 3514 2358 πρόσωπον
3537 2289 3674 2360 πρὸς

2082 2377 2392 2448 πρόσωπον,
2443 2379 2535 2431 καὶ
2586 2378 2764 2449 ἐσώθη
2801 2396 2901 2450 μου
2937 2381 2969 2448 ή
3020 2380 3185 2451 ψυχή.
3220 2400 3237 2431 ι
3278 2381 3388 2434 Καὶ
3431 2382 3673 2453 Μωῦσῆς

2080 2470 2138 2523 δὲ
2161 2470 2252 2523 τὸν
2277 2471 2686 2543 χρηματίζοντα
2712 2471 2863 2542 αὐτῷ
2885 2470 3016 2523 Θεὸν
3046 2472 3290 2526 ἱκέτευσε
3320 2472 3493 2541 λέγων
3515 2491 3527 2503 ·
3564 2493 3582 2523 ε
3610 2475 3673 2528 El

2079 2562 2290 2634 εὕρηκα
2323 2563 2483 2633 χάριν
2511 2562 2740 2616 ἐνώπιόν
2778 2580 2891 2626 σου,
2949 2563 3248 2634 ὲμφάνισόν
3282 2581 3373 2635 μοι
3405 2565 3667 2621 σεαυτόν·

2078 2654 2337 2723 γνωστῶς
2371 2653 2467 2707 ῐδω
2505 2671 2585 2707 σε.
2614 2674 2632 2707 ι
2686 2655 2742 2707 '0
2786 2654 2843 2707 δὲ
2887 2654 3221 2725 ἀπεκρίνατο
3254 2655 3404 2725 αὑτῷ
3451 2655 3631 2724 λέγων
3656 2673 3669 2686 ·

2086 2762 2104 2793 ‹
2134 2744 2244 2797 Καὶ
2296 2742 2483 2797 τοῦτόν
2534 2761 2615 2796 σοι
2659 2744 2749 2797 τὸν
2791 2744 2951 2812 λόγον
3013 2744 3072 2797 ὃν
3123 2746 3350 2815 εἴρηκας
3419 2747 3668 2816 ποιήσω·

2080 2836 2323 2909 εὕρηκας
2353 2836 2463 2908 γὰρ
2496 2837 2657 2909 χάριν
2684 2834 2914 2890 ἐνώπιόν
2945 2854 3067 2906 μου.
3096 2856 3113 2887 ι
3160 2836 3319 2889 Ἀλλὰ
3359 2839 3453 2891 καὶ
3482 2840 3510 2891 6
3572 2840 3671 2891 Ἰε-

2080 2928 2270 3000 ζεκιὴλ
2321 2928 2413 2982 τὸν
2460 2929 2554 2980 ἐπὶ
2601 2927 2711 2980 τῶν
2754 2927 3018 2999 χερουόὶμ
3054 2926 3358 2999 καθήμενον
3389 2925 3548 2994 εἶδεν,
3594 2931 3676 2995 ὡς

2080 3020 2270 3092 ὅρασιν
2312 3018 2623 3092 ἀνθρώπου,
2672 3019 2781 3073 ἀπὸ
2826 3019 2927 3089 τῆς
2973 3018 3174 3088 ὀσφύος
3225 3021 3388 3074 αὑτοῦ
3425 3024 3517 3076 καὶ
3564 3023 3672 3088 ἕως

2008 3146 2054 3207 c
2084 3112 2237 3164 κάτω
2268 3109 2401 3181 πῦρ,
2454 3111 2549 3163 καὶ
2582 3109 2691 3163 ἀπὸ
2724 3109 2826 3179 τῆς
2858 3108 3059 3207 ὀσςρύος
3101 3110 3265 3164 αὑτοῦ
3296 3112 3390 3163 καὶ
3424 3111 3528 3173 ἓως
3557 3112 3679 3166 ἄνω

2085 3201 2246 3273 ὑπὲρ,
2274 3202 2463 3272 ὅρασιν
2491 3200 2783 3273 ἠλέκτρου.
2821 3202 2896 3253 Δι’
2924 3193 2999 3253 ὧν
3036 3200 3293 3254 ἁπάντων
3325 3200 3673 3273 μανθάνομεν

2082 3293 2181 3363 οὐχ
2211 3292 2401 3364 ὁμοίας
2448 3292 2544 3354 τὰς
2575 3292 2839 3354 ὀπτασίας
2861 3290 3186 3361 γεγενῆσθαι
3216 3294 3328 3355 τοῖς
3363 3291 3668 3363 προλεχθεῖ⁹

2083 3401 2189 3449 σιν,
2241 3384 2375 3439 ἀλλὰ
2422 3382 2747 3454 διαφόρους·
2791 3380 2869 3452 τῷ
2917 3381 3014 3452 μὲν
3062 3382 3171 3453 γὰρ
3203 3383 3410 3453 Μωῦσῇ
3460 3384 3668 3454 εἴρητο·

2086 3494 2105 3528 r
2132 3476 2207 3529 Οὐ
2237 3476 2442 3547 δυνήσῃ
2473 3473 2601 3525 ἰδεῖν
2629 3472 2692 3524 τὸ
2723 3471 3014 3543 πρόσωπόν
3050 3488 3150 3542 μου
3173 3488 3186 3500 ·
3220 3471 3281 3523 οὐ
3314 3471 3423 3542 γὰρ
3457 3470 3539 3544 (an
3570 3472 3665 3526 ἀν-

2082 3569 2298 3641 θρωπος
2334 3568 2394 3622 τὸ
2436 3566 2724 3639 πρόσωπόν
2780 3582 2916 3637 μου,
2963 3565 3059 3617 καὶ
3106 3564 3348 3634 ζήσεται·
3375 3583 3394 3615 ›
3445 3565 3505 3621 τὸ
3557 3564 3671 3636 γὰρ

2081 3663 2371 3733 πρόσωπον
2400 3659 2495 3713 τοῦ
2531 3657 2666 3713 Θεοῦ
2706 3657 2880 3727 Λόγου
2914 3657 3010 3711 καὶ
3049 3659 3082 3728 ή
3114 3656 3307 3729 θεότης
3352 3656 3447 3709 τοῦ
3484 3658 3664 3711 Μονο-

2079 3754 2272 3824 γενοῦς
2319 3753 2449 3807 Υἰοῦ
2483 3754 2575 3806 τοῦ
2610 3751 2745 3805 Θεοῦ
2797 3751 2963 3823 θνητῇ
3013 3750 3172 3819 φύσει
3218 3751 3317 3805 οὐκ
3355 3750 3420 3809 ἂν
3457 3750 3673 3819 γένοιτο

2079 3848 2398 3918 καταληπτή
2420 3863 2433 3876 ·
2473 3846 2567 3898 καὶ
2614 3845 2692 3915 τῷ
2734 3842 2994 3914 Ἰεζεκιὴλ
3025 3844 3082 3896 δὲ
3116 3845 3148 3914 ή
3205 3842 3298 3896 τοῦ
3332 3843 3505 3911 Λόγου
3538 3842 3668 3912 δόξε-

2078 3934 2145 3989 δι’
2182 3935 2520 4004 αἰνιγμάτων
2554 3932 2876 4004 ὲθεωρεῖτο·
2914 3931 2991 4002 τῷ
3035 3932 3091 3984 δὲ
3139 3932 3389 4004 Ἀϐραὰμ
3422 3935 3674 4004 ἐσχημα-

2078 4025 2331 4096 τισμένος
2361 4026 2570 4095 ἑωρᾶτο
2618 4026 2675 4077 ὲν
2721 4021 3011 4094 ἀνθρώπου
3059 4027 3263 4095 μορφῇ,
3310 4024 3385 4087 ὡς
3433 4026 3527 4081 καὶ
3564 4026 3672 4079 ὑπὸ

2078 4116 2177 4187 τὴν
2208 4115 2340 4187 δρῦν
2372 4114 2648 4185 γενέσθαι,
2680 4115 2927 4179 καὶτοὺς
2955 4115 3122 4179 πόδας
3154 4114 3539 4185 ἀπονίψασθαι,
3572 4119 3671 4170 καὶ

2077 4207 2359 4280 τραπέζης
2407 4210 2762 4279 κοινωνῆσαι·
2799 4209 3002 4279 ὁμοίως
3054 4208 3148 4263 καὶ
3190 4210 3281 4261 ἐπὶ
3319 4208 3413 4264 τοῦ
3469 4210 3668 4263 Ἰακὼὸ

2078 4299 2363 4370 ἄνθρωπος
2391 4301 2637 4371 εἰσῆκται
2670 4299 2937 4363 παλαίων,
2970 4298 3029 4351 ὃν
3056 4301 3089 4370 ή
3120 4299 3217 4369 μὲν
3245 4300 3433 4370 Γραφὴ
3456 4300 3671 4370 ἄνθρω-

2080 4412 2178 4447 πον
2209 4391 2485 4464 ὀνομάζει,
2520 4393 2679 4455 αὐτὸς
2707 4392 2763 4445 δὲ
2794 4395 2822 4445 ὀ
2867 4393 3244 4464 χρηματίζων,
3289 4411 3306 4442 ‹
3334 4393 3408 4445 Οὐ
3455 4391 3667 4463 κληθή·

393 4490 577 4555 cebat,
614 4508 634 4543 ι
671 4488 788 4545 Vidi
817 4490 960 4545 enim
995 4490 1162 4544 Deum
1199 4490 1339 4546 facie
1363 4491 1429 4545 ad
1452 4490 1671 4559 faciem,
1724 4500 1779 4546 et
1824 4491 1971 4547 salva

2081 4503 2231 4539 σεται
2274 4487 2333 4540 τὸ
2375 4486 2546 4557 ὄνομά
2602 4503 2717 4549 σου,
2771 4486 2956 4557 φησιν,
3020 4483 3233 4538 Ἰακώϐ·
3285 4485 3399 4537 ἀλλ’
3446 4485 3670 4556 Ἰσραὴλ

392 4579 539 4637 facta
573 4582 855 4635 estanima
888 4596 1008 4635 mea
1037 4580 1106 4635 ".
1134 4599 1153 4633 ι
1186 4578 1283 4635 llic
1312 4594 1441 4635 vero
1471 4581 1733 4651 propheta
1764 4597 1825 4637 se
1839 4597 1973 4651 quo-

393 4684 501 4740 que
532 4670 759 4741 gloriam
792 4671 909 4740 ejus
943 4672 1149 4728 vidisse
1183 4673 1522 4727 testiﬁcatur.
1567 4674 1738 4743 Igitur
1777 4674 1973 4729 Salva-

390 4762 525 4818 toris
557 4764 726 4819 nostri
752 4762 878 4819 Jesu
903 4764 1102 4820 Christi
1123 4764 1376 4835 gloriam,
1399 4774 1458 4819 ut
1480 4766 1533 4819 in
1560 4766 1811 4835 praesenti
1848 4782 1972 4821 nar-

392 4862 501 4921 rat,
533 4857 859 4925 conspexit:
891 4872 997 4912 non
1026 4858 1185 4927 plane
1211 4858 1483 4927 corporis,
1503 4859 1598 4913 sed
1621 4859 1819 4913 mentis
1840 4874 1972 4914 ocu-

388 4944 460 4999 lis
494 4961 525 5001 a
558 4946 765 5018 Spiritu
811 4959 1002 5005 sancto
1046 4950 1373 5005 illustratis:
1411 4951 1552 5006 sicut
1585 4951 1731 5005 enim
1774 4966 1972 5021 corpo-

389 5037 466 5092 ris
505 5039 644 5093 oculi
685 5053 715 5093 a
765 5038 905 5096 lucis
953 5041 1107 5097 radio
1152 5043 1397 5097 exterius
1441 5041 1861 5096 subministrato
1902 5042 1971 5096 ad

392 5130 673 5184 sensibilia
735 5131 968 5187 videnda
1028 5134 1336 5204 juvantur;
1396 5133 1585 5187 eodem
1638 5133 1800 5187 modo
1841 5149 1972 5204 pur-

393 5231 533 5290 gata:
576 5223 778 5279 mentis
816 5224 985 5290 oculi,
1027 5226 1098 5280 ab
1138 5224 1469 5293 intelligibili
1525 5224 1648 5279 luce
1692 5224 1968 5292 irradiati,

393 5311 574 5368 divina
612 5315 971 5387 contemplari
1008 5326 1262 5387 possunt.
1302 5316 1667 5383 Quamobrem
1707 5314 1970 5372 Servator

468 5473 514 5503 ⁸⁸
538 5471 674 5528 Gen.
705 5490 805 5538 xu,
846 5476 901 5531 7.
975 5476 1021 5509 ⁸⁸
1050 5476 1189 5531 Ibid.
1288 5476 1332 5507 “
1364 5475 1499 5534 Gen.
1543 5492 1674 5541 xvn,
1715 5478 1766 5529 I.

1857 5475 1903 5507 ιι

2108 5491 2266 5543 xvm,
2311 5476 2361 5531 I.
2438 5475 2482 5507 ³⁸
2520 5474 2656 5530 Gen.
2707 5489 2859 5543 xxvi,
2900 5472 3023 5543 23η
3078 5472 3142 5543 ,³⁷
3186 5471 3325 5527 Gen.
3388 5486 3553 5535 xxxv,
3607 5471 3659 5523 7.

2076 4575 2228 4628 ἔσται
2266 4576 2327 4629 τὸ
2358 4576 2531 4647 ὀνομά
2558 4593 2673 4639 σου,
2703 4578 2783 4629 ὅτι
2808 4576 3097 4645 ἐνίσχυσας
3129 4575 3265 4644 μετὰ
3296 4574 3457 4627 Θεοῦ·
3482 4595 3499 4625 ι
3538 4574 3667 4628 ὅθεν

2074 4668 2167 4721 καὶ
2214 4666 2407 4720 Ἰακὼὸ
2437 4668 2622 4736 ἔλεγεν
2641 4686 2655 4699 ·
2698 4688 2716 4719 ι
2739 4666 2889 4721 Εἶδον
2919 4667 3027 4737 γὰρ
3050 4666 3183 4722 Θεὸν
3211 4667 3500 4738 πρόσωπον
3527 4669 3669 4739 πρὸς

2073 4758 2385 4829 πρόσωπον,
2435 4759 2529 4812 καὶ
2574 4758 2751 4831 ἐσώθη
2799 4776 2899 4829 μου
2947 4760 2979 4829 ή
3030 4758 3197 4828 ψυχή.
3228 4777 3245 4808 ι
3294 4759 3350 4811 '0
3379 4757 3434 4811 δὲ
3468 4757 3667 4828 παρὼν

2073 4851 2364 4922 προφήτης
2415 4851 2542 4906 ἰδεῖν
2586 4852 2681 4905 καὶ
2735 4851 2896 4914 αὐτὸς
2947 4852 3307 4921 μαρτυρεῖται
3355 4850 3449 4920 τὴν
3499 4849 3664 4915 δόξαν

2076 4942 2262 4995 αὑτοῦ.
2289 4941 2497 4995 Οὐκοῦν
2516 4941 2617 5011 τῆς
2637 4940 2733 4996 τοῦ
2763 4940 3015 5011 Σωτῆρος
3042 4939 3199 5011 ἡμῶν
3228 4939 3400 5011 Ἰησοῦ
3421 4940 3665 5009 Χριστοῦ

2076 5033 2234 5099 δόξαν
2262 5034 2349 5087 διὰ
2376 5034 2484 5087 τῶν
2508 5034 2881 5105 προκειμένων
2904 5032 3169 5104 ἑώρακεν,
3191 5034 3251 5085 οὐ
3288 5033 3502 5095 πάντως
3529 5051 3669 5106 σαρ-

2078 5127 2173 5190 κὸς
2204 5126 2520 5198 ὀφθαλμοῖς,
2556 5130 2670 5190 τοῖς
2707 5126 2763 5182 δὲ
2802 5126 2901 5198 τῆς
2928 5125 3187 5188 διανοίας,
3228 5126 3665 5195 πεφωτισμένοις

2078 5219 2185 5274 ὑπὸ
2226 5218 2320 5272 τοῦ
2371 5219 2531 5288 ἁγίου
2564 5217 2882 5290 Πνεύματος
2902 5235 2913 5245 ·
2942 5216 3018 5280 ὡς
3046 5217 3155 5289 γὰρ
3191 5218 3240 5269 οἱ
3272 5216 3368 5270 τοῦ
3406 5215 3663 5286 σώματος

2078 5311 2184 5367 ὑπὸ
2215 5312 2313 5384 τῆς
2351 5310 2551 5376 ἔξωθεν
2567 5310 2979 5383 χορηγουμένης
3008 5310 3101 5362 τοῦ
3123 5308 3299 5379 φωτὸς
3326 5308 3504 5378 αὐγῆς
3534 5326 3663 5363 συν-

403 5542 629 5613 “°_Gen.
677 5536 867 5607 vain,
909 5549 964 5603 3.
1041 5547 1085 5580 ³⁸
1113 5546 1249 5602 Gen.
1301 5563 1476 5608 χχιιι,
1540 5548 1630 5601 Ξ8.
1662 5536 1671 5541 ’
1706 5544 1905 5602 “Ibid.
1929 5546 1977 5599 51

2095 5546 2136 5577 ⁸¹
2164 5536 2334 5602 Exod.
2374 5563 2569 5613 χχχιιι,
2625 5546 2707 5601 15.
2732 5543 2776 5574 ’⁸¹
2804 5536 2936 5599 Ibid.
2965 5536 3050 5594 Η.
3073 5542 3117 5575 ⁸³
3149 5544 3318 5598 Exod.
3341 5557 3531 5606 xxxiii,
3564 5542 3656 5595 20.

397 5612 447 5648 “
470 5611 605 5667 Gen.
632 5631 807 5685 xxxn,
837 5617 930 5685 28,
990 5616 1035 5649 “
1073 5614 1212 5673 Gen.
1243 5632 1413 5673 xxxn.
1452 5617 1539 5673 30.

472 5771 591 5845 (ιθ)
628 5770 749 5827 llazc
777 5789 989 5845 quoque
1028 5774 1387 5843 Hieronymus
1427 5777 1699 5840 exprimit.
1736 5775 1828 5833 sed
1873 5775 2234 5835 Daucioribus.
