3850 6210
194 332 285 389 125

1127 332 1633 392 COMMENTABIA
1673 334 1741 392 IN
1780 334 2042 395 ISAIAII.
2075 366 2146 381 —
2180 335 2337 394 CAP.
2379 334 2469 393 VI.

193 443 455 520 ερτοῦνται
496 458 583 523 λεις
609 445 673 500 τὸ
697 444 917 517 βλέπειν
942 446 1012 503 τὰ
1042 447 1296 520 αἰσθητὰ,
1320 450 1412 505 τὸν
1438 450 1600 505 αὐτὸν
1626 450 1752 522 τρό-

1870 467 1971 506 nec
2008 451 2229 507 docuit:
2276 469 2297 503 ο
2324 449 2476 505 Beati
2517 448 2721 504 mundo
2770 447 2958 512 corde.
3012 448 3272 520 quoniam
3326 450 3410 522 ips

194 555 281 593 tm
306 538 370 592 τὰ
401 537 498 609 τῆς
522 539 943 611 κεκαθαρμένης
963 540 1141 612 ψυχῆς
1172 542 1395 614 ὄμματα
1422 543 1528 597 ὑπὸ
1557 542 1747 614 νοεροῠ

1857 544 2025 598 Deum
2066 544 2329 599 videbunt
2348 542 2416 598 “.
2451 560 2471 593 ι
3390 566 3395 571 τ

192 630 347 700 φωτὸς
392 630 864 702 καταυγαζόμενα,
914 633 984 687 τά
1029 633 1148 687 θεῖα
1174 636 1530 699 κατοπτεύειν
1565 636 1809 690 δύναται.
1845 636 1936 689 Διὸ
1961 637 2056 690 καὶ
2082 640 2111 692 6
2138 638 2331 709 Σωτὴρ
2358 634 2506 691 τοῦτ’
2537 635 2785 689 ἐδίδασκε
2802 651 2817 666 ⁸
2854 653 2873 686 ι
2900 635 3176 707 Μακάριοι
3196 636 3247 690 οί
3270 635 3435 691 καθα-

193 721 261 791 ροὶ
291 721 353 789 τῇ
391 720 610 792 καρδίᾳ,
648 722 729 775 ὅτι
764 723 916 777 αὐτοὶ
942 724 1036 777 τὸν
1069 725 1205 780 Θεὸν
1233 727 1476 797 δψονται.
1508 748 1525 780 ι

253 810 391 865 (Καὶ
424 812 668 883 σεραφὶμ
700 814 1048 887 είστήκεισαν
1089 816 1276 891 κύκλῳ
1304 821 1491 885 αὑτοῦ,
1533 822 1593 887 ἒξ
1622 821 1755 876 πτέ-

189 919 333 973 ρυγες
358 902 433 973 τῷ
466 904 568 966 ἐνὶ,
605 906 700 958 καὶ
734 906 793 973 ἒξ
840 908 1113 978 πτέρυγες
1140 910 1219 981 τῷ
1250 913 1350 966 ἑνί.
1378 930 1397 964 ι
1450 912 1757 984 Ἀσώματοί

185 1010 311 1058 τινες
341 994 480 1050 θεῖαι
510 998 606 1053 καὶ
651 998 1013 1070 ὑπερκόσμιοι
1065 1002 1341 1073 δυνάμεις,
1370 1004 1437 1068 ἃς
1463 1006 1558 1059 καὶ
1586 1008 1615 1059 ὁ
1647 1008 1755 1059 Δα-

187 1085 288 1156 νιὴλ
327 1087 510 1160 ἐδήλου
554 1090 762 1159 λέγων,
822 1111 841 1144 t
866 1093 1050 1147 Χίλιαι
1094 1095 1329 1165 χιλιάδες
1380 1097 1754 1169 ἐλειτούργουν

188 1177 335 1248 αὐτῷ,
375 1178 469 1231 καὶ
505 1180 701 1252 μύριαι
748 1184 1007 1256 μυριάδες
1055 1190 1514 1259 παρειστήκεισαν
1547 1189 1755 1260 ἔμπρο-

189 1269 297 1323 σθεν
321 1271 503 1325 αὐτοῦ.
535 1292 554 1325 ι
574 1273 679 1327 Δύο
706 1276 802 1345 μὲν
832 1272 975 1330 εἶναι
996 1277 1063 1333 τά
1093 1281 1335 1349 σεραφὶμ
1360 1281 1609 1335 ἐντεῦθεν
1640 1281 1759 1335 ἐνό-

189 1378 333 1433 μισαν
364 1362 542 1418 ἄλλον
588 1363 698 1432 ἐγὼ
727 1365 807 1429 δὲ,
854 1368 1161 1439 ἐπιστήσας
1192 1373 1258 1440 τῇ
1294 1370 1504 1443 διανοίᾳ
1533 1371 1633 1442 τῆς
1666 1371 1754 1424 λε·

186 1453 365 1525 γούσης
400 1455 628 1527 Γραφῆς
680 1457 863 1529 κύκλῳ
892 1460 1058 1513 αὑτοῦ
1103 1461 1174 1513 τὰ
1220 1463 1465 1533 σεραφὶμ
1511 1465 1753 1528 ἑστάναι,

187 1545 400 1617 ἠγοῦμαι
448 1547 628 1603 ταῦτα
678 1552 941 1619 στεφάνου
990 1551 1146 1625 δίκην
1187 1555 1523 1625 πανταχόθεν
1565 1556 1755 1628 ὥσπερ

190 1635 340 1707 μέγαν
382 1638 613 1708 βασιλέα
655 1640 1077 1713 δορυφοροῦντα.
1130 1644 1225 1711 Ἓξ
1266 1645 1321 1698 δὲ
1364 1646 1632 1719 πτέρυγες
1676 1646 1757 1717 τῷ

187 1729 254 1785 ἑνὶ
271 1729 508 1798 λέγονται
530 1734 997 1804 προσπεφυκέναι,
1012 1734 1090 1805 τῷ
1107 1737 1335 1792 ἕκαστον
1358 1740 1752 1811 κεκοσμῆσθαι,

187 1818 354 1893 ὥσπερ
391 1824 674 1896 πτέρυξιν,
722 1826 985 1897 ἐμφύτοις
1014 1829 1237 1899 ἀρεταῖς
1271 1831 1366 1884 καὶ
1407 1834 1753 1903 μετεωροπό-

189 1929 306 1984 ροις,
350 1910 434 1979 αἷς
478 1916 811 1997 διιπτάμενα
864 1920 927 1972 δι’
980 1920 1213 1991 ούρανοῦ
1264 1910 1362 1975 καὶ
1409 1922 1753 1996 αἰθεροφόροι

186 2006 444 2079 φέρονται,
466 2012 690 2078 νοηταῖς
713 2027 823 2063 τισι
854 2010 1114 2083 χρώμενα
1142 2013 1466 2086 ἐνεργείαις,
1501 2016 1756 2087 πραγμά-

1930 815 2097 871 Vens.
2135 814 2191 868 2.
2236 830 2255 865 ί
2289 811 2355 867 Et
2392 810 2666 882 seraphim
2693 810 2911 866 stabant
2946 811 2999 864 in
3034 810 3266 865 circuitu
3291 810 3434 880 eius,

1858 923 1953 966 sex
1976 908 2075 963 ala:
2112 907 2229 969 uni.
2261 915 2317 961 et
2340 920 2434 960 sex
2462 904 2563 959 alae
2591 903 2773 959 alteri.
2808 922 2825 955 ι
2855 903 3195 973 incorporea!
3236 918 3437 975 nempe

1860 1002 2130 1070 quaedam,
2169 999 2371 1053 divinae
2408 1005 2461 1052 et
2502 1011 2665 1067 supra
2714 996 2974 1050 mundum
3025 996 3217 1066 positae
3257 998 3434 1052 virtu-

1857 1102 1960 1157 tes,
1995 1106 2131 1174 quas
2163 1090 2348 1145 Daniel
2370 1088 2703 1152 declarabat,
2746 1088 2933 1143 dicens
2972 1102 2988 1141 :
3049 1107 3070 1141 ι
3098 1088 3264 1145 Millia
3306 1089 3436 1145 mil-

1855 1185 1989 1239 lium
2029 1184 2417 1237 ministrabant
2454 1182 2526 1247 ei,
2565 1192 2621 1237 et
2660 1183 2843 1239 decies
2880 1182 3080 1237 millies
3130 1183 3269 1237 dena
3314 1181 3439 1237 mil-

1858 1276 1930 1330 lia
1970 1274 2224 1330 astabant
2263 1274 2316 1328 in
2355 1281 2651 1342 conspectu
2692 1274 2811 1345 ejus
2850 1274 2918 1329 ⁸⁷.
2968 1293 2988 1328 ι
3036 1273 3174 1329 Hinc
3214 1272 3306 1330 alil
3344 1287 3441 1331 ar-

1855 1369 2043 1426 bitrati
2103 1376 2232 1424 sunt
2293 1367 2401 1421 duo
2454 1381 2576 1422 esse
2627 1366 2905 1435 seraphim
2946 1385 2960 1422 :
3002 1381 3104 1437 ego
3129 1366 3440 1423 accuratius

1857 1460 2142 1531 explorata
2183 1457 2486 1527 Scriptura:
2526 1466 2732 1521 mente,
2775 1472 2896 1526 qua:
2921 1456 3023 1523 ait,
3065 1456 3342 1528 seraphim
3382 1457 3439 1512 in

1858 1552 2087 1608 circuitu
2127 1550 2243 1619 eius
2296 1550 2534 1613 stetisse,
2598 1549 2809 1605 aestimo
2855 1550 2957 1605 hos
3010 1564 3228 1606 coronae
3264 1550 3441 1607 instar

1857 1658 1979 1699 eum
2015 1644 2254 1712 undique
2292 1658 2391 1697 ceu
2425 1655 2605 1712 regem
2639 1657 2892 1712 magnum
2917 1642 3172 1712 stipasse.
3201 1642 3311 1700 Sex
3342 1659 3442 1698 au-

1860 1747 1968 1791 tem
2021 1737 2122 1792 alae
2158 1736 2251 1791 uni
2291 1749 2413 1791 esse
2463 1736 2741 1798 dicuntur,
2781 1736 2927 1805 quod
2980 1736 3179 1807 singuli
3234 1735 3441 1792 innatis

1857 1838 1913 1884 et
1948 1827 2273 1884 sublimibus
2308 1826 2602 1882 virtutibus
2639 1828 2794 1897 quasi
2836 1827 2935 1882 alis
2972 1839 3234 1884 ornentur
3264 1847 3279 1883 :
3320 1831 3443 1900 qui-

1857 1920 1959 1976 bus
1988 1919 2241 1975 volantes
2269 1935 2369 1989 per
2408 1918 2605 1975 caelum
2665 1928 2720 1975 et
2752 1934 2934 1974 aerem
2977 1922 3247 1987 feruntur,
3281 1921 3445 1977 intel-

1858 2010 2050 2081 ligibili
2075 2012 2310 2082 quadam
2368 2011 2563 2082 agendi
2608 2012 2661 2065 vi
2708 2020 2944 2075 utentes,
2987 2027 3094 2082 qua
3144 2013 3302 2068 nobis
3353 2028 3445 2069 res

186 2113 278 2151 των
303 2100 455 2154 τινῶν
497 2102 758 2173 ἀρρήτων
807 2105 939 2174 ἡμῖν
988 2104 1456 2168 ἀποτελεστικαῖς.
1512 2106 1601 2170 Ὧς
1647 2108 1758 2179 γὰρ

1870 2103 2121 2172 quasdam
2154 2116 2386 2159 arcanas
2423 2111 2747 2173 Operantur.
2788 2103 3256 2171 Quemadmodum
3296 2105 3443 2161 enim

188 2190 238 2249 ἐν
261 2190 564 2263 ἀνθρώποις
591 2193 640 2245 οί
674 2193 817 2261 άγιοι
839 2192 935 2245 τοῦ
960 2192 1097 2246 Θεοῦ
1128 2194 1483 2266 χαρισμάτων
1511 2198 1758 2267 μετεῖχον

187 2283 509 2352 κρειττόνων,
541 2283 619 2347 ὡς
648 2284 1009 2356 προφητεύειν
1039 2285 1108 2338 τὰ
1136 2285 1417 2357 μέλλοντα,
1453 2289 1547 2343 καὶ
1572 2288 1761 2353 νόσους

189 2372 369 2440 ίᾱσθαι,
406 2375 502 2428 καὶ
545 2377 775 2447 νεκροὺς
813 2377 1060 2448 ἀνιστᾷν,
1107 2377 1203 2431 καὶ
1250 2378 1526 2446 γλώσσαις
1558 2380 1759 2447 λαλεῖν,

188 2466 358 2535 σοφίας
404 2484 465 2520 τε
540 2468 638 2522 καὶ
688 2467 945 2537 γνώσεως
1003 2470 1285 2540 μετέχειν·
1330 2471 1363 2541 ἢ
1417 2473 1512 2525 καὶ
1572 2471 1760 2546 ὥσπερ

188 2556 311 2611 κατὰ
332 2558 390 2610 τὸ
427 2558 596 2630 σῶμα
624 2564 872 2628 φυσικοῖς
911 2561 1286 2632 αἰσθητηρίοις
1327 2563 1648 2635 κεχρήμεθα
1671 2564 1762 2619 τὸν

189 2648 396 2722 ἀριθμὸν
437 2652 629 2716 πέντε,
682 2651 825 2709 οὓτω
868 2671 969 2707 που
1015 2654 1157 2725 τάχα
1212 2655 1311 2727 τὴν
1363 2655 1473 2709 τῶν
1513 2657 1762 2725 ἀγγέλων

192 2742 332 2809 φύσιν
365 2745 532 2809 εἰκὸς,
569 2744 831 2816 δυνάμεσι
873 2746 1043 2811 θείαις
1070 2748 1180 2801 τισὶ
1212 2748 1305 2801 καί
1332 2765 1495 2802 τινων
1523 2749 1763 2820 παραδύε-

188 2832 277 2899 ξων
304 2837 705 2907 ἐνεργητικαῖς,
749 2841 882 2909 ἡμῖν
920 2838 977 2893 δὲ
1042 2838 1369 2909 ἀγνώστοις,
1422 2839 1759 2911 κεχρῆσθαι*

188 2926 243 2990 ἃς
277 2928 336 2999 δὴ
368 2930 652 3001 πτέρυγας
696 2932 725 2984 6
766 2931 923 3000 λόγος
966 2931 1249 3004 ὠνόμασεν
1276 2949 1289 2963 ’
1336 2933 1459 2987 ἐπεὶ
1498 2934 1595 2987 καὶ
1634 2933 1763 3006 περὶ

197 3021 280 3081 τῶν
305 3025 515 3097 ἀνέμων
546 3025 793 3097 εἴρηταιο
833 3045 851 3078 ι
889 3026 945 3081 '0
982 3027 1309 3099 περιπατῶν
1341 3028 1435 3081 ἐπὶ
1462 3028 1757 3100 πτερύγων

195 3114 381 3185 ἀνέμων
401 3136 413 3147 ο
442 3137 462 3170 ι
496 3118 563 3171 οὐ
593 3118 812 3181 πάντως
837 3120 1215 3174 ἐκπιπτόντων
1243 3120 1401 3191 ἡμῶν
1441 3122 1535 3176 ἐπὶ
1564 3121 1635 3177 τὰ
1660 3139 1767 3177 σω·-

196 3211 378 3279 ματικὰ
402 3212 687 3282 σχήματα,
711 3210 787 3275 ώς
814 3210 921 3267 τῶν
949 3211 1170 3283 ἀνέμων
1203 3212 1405 3286 ὀρνέων
1441 3213 1598 3286 δίκην
1643 3232 1766 3269 πτε-

196 3302 546 3373 ρυσσομένων.

256 3412 273 3445 t
296 3396 401 3449 Καὶ
437 3399 566 3460 ταῖς
605 3395 708 3467 μὲν
744 3396 864 3451 δυσὶ
895 3397 1307 3452 κατεκάλυπτον
1344 3397 1406 3450 τὸ
1447 3397 1758 3469 πρόσωπον,

197 3486 276 3539 καὶ
315 3491 428 3552 ταῖς
466 3460 618 3542 δυσὶ.
646 3488 1054 3543 κατεκάλυπτον
1096 3492 1221 3553 τοὺς
1274 3488 1461 3553 πόδας,
1494 3460 1604 3543 ’καὶ
1642 3491 1760 3553 ταῖς
1789 3460 1834 3520 c

197 3578 325 3633 δυσὶν
365 3581 654 3635 ἐπέταντο.
682 3601 700 3632 ι
750 3582 823 3636 Τὸ
878 3583 1169 3654 πρόσωπον
1213 3581 1394 3637 τοίνυν
1438 3581 1763 3646 ἐκάλυπτον,

197 3672 248 3725 οὐ
288 3672 344 3726 τὸ
385 3674 479 3727 τοῦ
526 3674 762 3746 Κυρίου,
794 3675 870 3739 ὡς
899 3676 965 3729 ἂν
994 3675 1201 3747 οἰηθείη
1234 3693 1340 3740 τις,
1366 3676 1502 3729 ἀλλὰ
1538 3676 1602 3729 τὸ
1641 3677 1767 3729 ἐαυ-

198 3762 319 3817 τῶν·
356 3763 429 3828 ώς
470 3765 547 3836 μὴ
580 3765 785 3836 τολμᾷν
828 3764 1017 3828 ἀτενὲς
1055 3767 1266 3836 ἀφορᾷν
1310 3766 1391 3829 είς
1428 3766 1489 3819 τὸ
1529 3764 1766 3837 θεωρού-

200 3872 359 3923 μενον.
414 3859 549 3910 «Διὸ
596 3857 775 3921 οὐδεὶς
819 3857 961 3925 ἔγνω
998 3858 1090 3911 τὸν
1130 3858 1279 3923 Υἱὸν,
1318 3860 1367 3911 εί
1412 3857 1487 3930 μὴ
1537 3858 1699 3930 μόνος
1738 3860 1767 3911 6

198 3949 441 4018 γεννήσας
491 3950 661 4002 αὐτὸν
712 3949 920 4021 Πατήρ.
953 3968 972 4001 ι
1032 3949 1365 4007 Ἐκάλυπτον
1416 3950 1474 4003 δὲ
1515 3951 1767 4016 καὶτοὺς

198 4040 364 4104 πόδας,
407 4040 477 4094 τὰ
522 4041 731 4112 ἔσχατα
782 4041 881 4111 τῆς
923 4041 1131 4104 οἰκείας
1181 4042 1407 4113 πορείας
1452 4044 1545 4099 καὶ
1588 4042 1664 4109 ὡς
1700 4043 1768 4097 ἂν

198 4132 324 4185 εἴποι
346 4151 449 4198 τις,
475 4133 545 4186 τὰ
579 4133 801 4204 βήματα
845 4132 938 4191 τοῦ
973 4133 1092 4203 βίου
1124 4133 1221 4197 τὰς
1252 4133 1476 4205 πράξεις
1517 4136 1768 4189 ἐπισκιά-

199 4222 359 4288 (ora,
408 4227 484 4296 μὴ
533 4225 874 4289 ἀκαλύπτοις
917 4226 1046 4279 ποσὶ
1103 4224 1183 4296 τῷ
1232 4225 1439 4280 ἑαυτῶν
1472 4229 1769 4299 ,παραστήφ

200 4331 327 4368 κοιεν
358 4317 589 4386 βασιλεῖ.

268 4428 285 4460 t
306 4411 412 4464 Καὶ
432 4411 740 4482 ἐκέκραγον
760 4411 846 4464 ἐτε
854 4428 946 4482 ρος
972 4410 1109 4483 πρὸς
1130 4411 1334 4484 ἓτερον,
1362 4411 1571 4481 Ἄγιος,
1591 4412 1766 4482 ἅγιος,

201 4498 336 4569 ᾇγιος
383 4501 590 4574 Κύριος
644 4501 869 4555 Σαὸαώθ
898 4520 911 4539 ο
968 4503 1181 4575 πλήρης
1239 4505 1387 4558 πᾶσα
1444 4506 1477 4575 ἡ
1530 4504 1604 4574 γῆ
1668 4508 1767 4575 τῆς

201 4590 339 4661 δόξης
385 4594 574 4647 αὑτοῦ.
599 4613 619 4645 ι
660 4594 735 4646 Οὐ
786 4593 912 4665 μίαν
933 4595 1041 4667 γὰρ
1066 4595 1297 4665 ἠφίεσαν
1327 4595 1529 4667 φωνὴν,
1558 4595 1679 4649 οὐδὲ
1703 4599 1770 4651 ά·

202 4680 355 4755 θρόως
378 4686 514 4756 ὁμοῦ
537 4688 720 4741 πάντα
742 4690 894 4758 κοινῇ
921 4672 1124 4759 ταύτην
1150 4672 1484 4759 ἀνέπεμπον,
1513 4688 1629 4743 ἀλλ’
1653 4689 1771 4743 ἐτεη

1862 2193 2006 2248 inter
2031 2192 2301 2259 homines,
2336 2194 2517 2248 sancti
2568 2193 2685 2259 Dei,
2726 2194 3117 2251 charismatum
3152 2196 3442 2253 meliorum

1860 2285 2159 2355 participes
2196 2292 2379 2350 erant,
2402 2284 2478 2339 ita
2514 2293 2573 2339 ut
2602 2282 2787 2340 futura
2818 2288 3271 2353 prmnuntiarent,
3301 2303 3446 2343 mor-

1863 2375 1964 2429 bos
1999 2381 2283 2438 curarent,
2322 2383 2570 2445 mortuos
2609 2376 2967 2443 suscitarent,
3028 2376 3306 2447 variisque
3338 2377 3445 2432 lin-

1864 2467 1985 2535 guis
2012 2466 2387 2535 loquerentur,
2420 2468 2692 2537 sapientia
2725 2476 2781 2523 et
2811 2467 3042 2523 scientia
3070 2468 3326 2524 instructi
3362 2484 3447 2525 es-

1861 2568 2020 2625 sent;
2064 2568 2159 2614 aut
2186 2558 2647 2629 quemadmodum
2682 2559 2983 2615 secundum
3009 2574 3233 2631 corpus,
3286 2569 3446 2617 natu-

1862 2650 2067 2705 ralibus
2112 2650 2368 2707 sensibus
2422 2650 2631 2705 utimur
2678 2665 2906 2707 numero
2942 2651 3222 2723 quinque;
3281 2653 3353 2708 ita
3388 2662 3446 2710 et

1864 2744 2181 2814 angelorum
2220 2753 2476 2800 naturam
2525 2744 2730 2800 divinis
2767 2745 3121 2815 quibusdam,
3161 2761 3227 2802 ac
3266 2748 3438 2803 mira-

1861 2834 2052 2890 bilium
2121 2833 2489 2891 eﬂ'ectricibus
2554 2835 2854 2891 virtutibus
2921 2837 3230 2907 ignotisque
3286 2840 3447 2895 nobis

1862 2926 1941 2980 uti
1980 2925 2277 2982 verisimile
2310 2934 2418 2993 est,
2449 2940 2587 2997 quas
2616 2926 2829 2982 scilicet
2865 2925 2980 2983 alas
3019 2927 3302 2998 Scriptura
3350 2944 3449 2985 vo-

1897 3027 1973 3073 at.
2018 3017 2463 3088 Quandoquidem
2498 3018 2566 3073 de
2600 3020 2778 3073 ventis
2840 3020 3005 3073 etiam
3073 3019 3273 3075 dictum
3341 3029 3447 3086 est,

1868 3125 1887 3159 (
1917 3107 2019 3175 Qui
2059 3106 2301 3162 ambulat
2352 3121 2516 3178 super
2560 3120 2768 3177 pennas
2817 3116 3103 3162 ventorum
3145 3108 3226 3175 ιδς
3275 3126 3294 3160 ι
3355 3108 3448 3162 ubi

1864 3214 1963 3255 nos
2002 3215 2111 3254 non
2166 3198 2233 3254 ad
2272 3211 2566 3268 corporeae
2618 3198 2821 3268 ﬁguras
2882 3198 3246 3263 decurrimus,
3292 3198 3450 3267 quasi

1862 3292 2072 3348 scilicet
2106 3291 2279 3357 venti,
2304 3292 2477 3346 instar
2500 3289 2701 3354 avium,
2743 3289 2937 3359 pennis
2975 3289 3228 3344 instructi
3282 3290 3411 3343 sint.

1940 3402 1960 3436 ι
2013 3384 2080 3438 Ει
2117 3384 2326 3439 duabus
2372 3383 2591 3454 quidem
2656 3383 2914 3454 tegebant
2962 3382 3180 3449 faciem,
3242 3382 3451 3436 duabus

1866 3482 2046 3529 autem
2074 3473 2325 3528 velabant
2363 3472 2552 3542 pedes,
2609 3480 2669 3526 et
2720 3471 2933 3527 duabus
2970 3472 3245 3528 volabant.
3273 3491 3294 3525 ι
3339 3472 3450 3527 Fa-

1868 3566 2007 3620 ciem
2032 3566 2216 3634 itaque
2252 3563 2529 3627 velabant,
2555 3577 2661 3617 non
2704 3562 2941 3627 Domini,
2981 3573 3042 3618 ut
3089 3564 3213 3633 quis
3254 3571 3448 3635 putet,

1867 3656 1963 3712 sed
2002 3671 2193 3711 suam:
2233 3656 2379 3726 quod
2418 3670 2526 3711 non
2563 3656 2825 3709 auderent
2854 3653 3124 3725 obiectam
3162 3669 3277 3709 rem
3316 3654 3453 3709 dell-

1867 3749 1955 3803 xis
2002 3749 2175 3804 oculis
2243 3749 2464 3804 intueri.
2534 3767 2552 3801 ι
2583 3747 2762 3815 Quare
2816 3762 2978 3803 nemo
3040 3747 3190 3803 novit
3229 3746 3450 3813 Filium,

1868 3840 1977 3895 nisi
2017 3842 2107 3911 qui
2147 3841 2333 3912 genuit
2370 3840 2544 3911 ipsum
2574 3840 2757 3895 Pater.
2783 3857 2804 3893 ι
2848 3838 3020 3896 Pedes
3058 3853 3275 3910 quoque
3312 3837 3453 3894 vela-

1866 3931 2031 3998 bant,
2076 3932 2282 3988 scilicet
2348 3940 2593 3988 extrema
2651 3930 3053 4003 progressionis
3107 3946 3242 3996 suae,
3288 3939 3344 3987 et
3390 3941 3453 3987 ut

1868 4023 2136 4094 quispiam
2177 4022 2395 4089 dixerit,
2431 4022 2556 4078 vita
2581 4037 2826 4093 gressus,
2884 4036 2998 4093 quo
3036 4023 3280 4079 actiones
3320 4036 3453 4077 suas

1869 4115 2270 4178 iuumbrarent,
2303 4122 2365 4168 ut
2395 4127 2462 4167 ne
2504 4114 2663 4168 nudis
2702 4113 2931 4183 pedibus
2991 4113 3105 4184 regi
3160 4126 3260 4168 suo
3305 4120 3454 4169 asta-

1871 4215 2014 4262 rent.

1944 4416 2112 4471 Vens.
2158 4414 2212 4468 5.
2289 4431 2310 4466 ι
2356 4412 2423 4468 Ει
2482 4412 2797 4468 clamabant
2860 4411 3000 4469 alter
3068 4414 3135 4468 ad
3193 4413 3451 4478 alterum,

1872 4508 2121 4568 Sanctus.
2156 4515 2397 4571 sanctus,
2425 4515 2645 4561 sanctus
2688 4505 2949 4562 Dominus
2979 4504 3253 4561 Sabaoth:
3296 4506 3455 4576 plena

1870 4609 1956 4656 est
2002 4600 2179 4655 omnis
2229 4609 2373 4654 terra
2418 4599 2588 4670 gloria
2625 4597 2762 4668 ejus.
2795 4617 2815 4651 ο
2856 4599 2972 4654 Νοη
3032 4614 3195 4653 unam
3255 4600 3454 4670 quippe

1869 4687 2191 4743 emittebant
2226 4700 2435 4753 vocem,
2464 4702 2638 4758 neque
2668 4702 2859 4744 omnes
2884 4687 3047 4743 simul
3098 4689 3240 4745 hanc
3269 4689 3454 4759 prore-

203 4791 283 4846 ρον
318 4779 451 4848 πρὸς
488 4780 553 4832 τὸ
592 4779 779 4847 ἕτερον
822 4781 1082 4850 ἐμφαῖνον
1112 4780 1174 4833 τὸ
1216 4780 1407 4834 ἐαυτοῦ
1438 4780 1643 4852 θαῦμα,
1675 4782 1762 4835 καὶ

1879 4781 2091 4847 rebant,
2114 4779 2208 4835 sed
2239 4778 2377 4834 alter
2416 4781 2484 4835 ad
2513 4780 2768 4849 alterum,
2831 4780 3252 4836 admirationem
3298 4796 3453 4837 suam

205 4867 287 4937 τὴν
326 4870 589 4940 ἔκπληξιν
632 4870 732 4941 τὴν
770 4873 862 4925 ἐπὶ
903 4871 981 4943 τῷ
1030 4873 1420 4945 Θεωρουμένῳ·
1471 4872 1670 4945 μᾶλλον
1711 4874 1768 4928 δὲ

206 4956 660 5034 ὕπερεξέπληττεν
685 4964 824 5021 αὐτὰ
849 4966 883 5036 ἡ
916 4964 1024 5020 ἀπὸ
1050 4964 1158 5019 τῶν
1192 4965 1541 5038 ὑψηλοτάτων
1567 4966 1659 5020 ἐπὶ
1700 4965 1769 5020 τά

204 5055 413 5108 ταπεινὰ
447 5055 752 5120 κατάϐασις
785 5056 880 5112 τοῦ
910 5056 1045 5111 Θεοῦ
1077 5058 1272 5127 Λόγου.
1318 5058 1647 5129 Ἐκέκραγον
1674 5054 1771 5114 οὖν

201 5142 290 5213 οὐχ
323 5144 468 5212 ἅπαξ
498 5149 595 5200 τὸν
633 5150 904 5219 ἁγιασμόν
943 5149 1130 5214 αὑτοῦ,
1160 5149 1296 5205 ἀλλὰ
1331 5152 1426 5205 καὶ
1467 5150 1729 5215 πολλάκις
1753 5168 1767 5184 ·

206 5235 393 5301 μᾶλλον
425 5238 484 5289 δὲ
519 5241 621 5302 είς,
646 5240 1017 5312 ἀναρίθμητον
1055 5242 1149 5295 καὶ
1178 5242 1257 5306 είς
1289 5243 1536 5316 ἄπειρον,
1567 5246 1663 5299 καὶ
1693 5247 1775 5311 είς

204 5325 281 5380 an
322 5328 899 5402 ύπερεκπληττόμενα.
925 5332 1236 5405 Προγνώσει
1280 5335 1459 5389 τοίνυν
1497 5335 1592 5391 τοῦ
1643 5338 1773 5408 μέλ-

204 5414 367 5483 λοντος
427 5420 881 5493 ὑπερεθαύμαζον
921 5422 991 5480 τὰ
1042 5426 1304 5496 σεραφὶμ,
1348 5426 1463 5499 ὃδὴ
1511 5428 1605 5482 καὶ
1651 5430 1775 5483 ἁκο-

205 5506 389 5575 λούθως
414 5516 530 5577 τοῖς
570 5512 933 5585 θεσπίσμασιν
954 5516 1204 5583 ἐτελεῖτο,
1244 5518 1382 5589 μετὰ
1410 5519 1506 5585 τὴν
1545 5522 1625 5583 εις
1666 5520 1763 5575 ἀν-

206 5597 439 5671 θρώπους
479 5606 577 5659 τοῦ
614 5608 865 5679 Σωτῆρος
902 5608 1055 5680 ἡμῶν
1084 5610 1406 5681 παρουσίαν.
1441 5610 1531 5676 Ἐξ
1557 5611 1765 5664 ἐκείνου

270 5776 313 5809 ⁸⁸
338 5779 529 5839 Hatth.
578 5801 629 5851 ν,
661 5785 710 5840 8.
790 5786 830 5819 ⁸⁷
863 5788 996 5847 [‘m.
1031 5791 1250 5861 vu,_l0.
1330 5790 1374 5824 ⁸⁸
1412 5788 1550 5848 Psal.
1590 5804 1706 5859 cm,
1736 5793 1789 5849 3.

1876 4870 2222 4935 exhibentes,
2269 4886 2477 4927 necnon
2547 4881 2822 4942 stuporem
2875 4886 2944 4927 ex
3004 4872 3095 4927 tali
3144 4871 3456 4943 spectaculo

1877 4974 2201 5034 conceptum
2229 4983 2243 5032 ;
2280 4966 2386 5019 imo
2412 4965 2597 5036 potius
2636 4965 3096 5034 obstupescebant
3122 4965 3193 5021 ob
3226 4964 3457 5021 descen-

1875 5074 1995 5117 sum
2029 5058 2123 5115 Dei
2158 5060 2323 5116 Verbi
2359 5076 2426 5116 ex
2452 5058 2771 5115 celsissimis
2805 5059 2873 5113 ad
2916 5058 3161 5116 humilia.
3209 5058 3325 5114 Non
3365 5073 3457 5114 se-
3479 5040 3496 5072 ⁵

1878 5148 1987 5204 mel
2017 5148 2221 5219 itaque,
2276 5164 2452 5219 neque
2489 5149 2689 5217 sacpius
2723 5158 2930 5206 tantum
2969 5150 3454 5206 sanctificationem

1875 5241 1993 5312 ejus
2025 5241 2368 5307 clamabant;
2391 5244 2486 5297 sed
2516 5245 2569 5296 in
2612 5243 2885 5299 inﬁnitum
2915 5254 3127 5315 tempus
3155 5257 3219 5298 ac
3240 5256 3457 5313 semper

1877 5345 2103 5407 stupore
2161 5335 2398 5405 perculsi
2464 5337 2947 5405 vociferabantur;
2984 5353 3050 5394 ex
3101 5336 3270 5392 futuri
3324 5350 3458 5407 ergo

1878 5425 2221 5497 praescientia
2256 5426 2531 5497 seraphim
2571 5442 2915 5500 summopere
2942 5426 3454 5492 mirabanturillud.

1875 5517 2019 5587 quod
2077 5519 2314 5586 scilicet,
2351 5531 2752 5592 consequenter
2788 5524 2855 5577 ad
2878 5522 3157 5589 vaticinia,
3201 5530 3323 5592 post
3358 5520 3455 5574 ad-

1882 5623 2103 5670 ventum
2135 5612 2436 5673 Salvatoris
2469 5615 2642 5672 nostri
2690 5616 2758 5673 ad
2808 5615 3083 5683 homines,
3125 5613 3453 5685 completum
