3850 6210
347 291 454 350 {27

1057 285 1328 346 EUSEBll
1365 283 1849 344 CESARIENSIS
1884 279 2036 340 OPP.
2077 279 2257 336 PARS
2291 278 2383 336 Ill.
2421 309 2494 323 -—
2528 276 2940 337 EXEGETICA.

3515 285 3616 344 19.8

343 425 453 470 ost.
491 411 627 466 llinc
656 409 800 466 enim
832 423 1026 464 revera
1059 409 1114 462 in
1147 407 1388 462 omnium
1420 408 1657 478 gentium
1682 406 1928 462 notttizlm

2050 402 2141 475 (ap
2183 400 2260 466 ώς
2297 399 2514 471 ἀληθῶς
2558 401 2724 456 πᾶσιν
2757 401 3004 474 ἐγνώσθη
3045 403 3161 468 τοῖς
3186 401 3382 470 ἔθνεσι,
3413 405 3507 459 καὶ
3535 409 3616 470 εἰς

348 507 520 567 venit,
565 513 624 559 et
670 503 724 557 in
781 517 1000 556 onmem
1045 508 1272 567 terram,
1321 513 1430 553 non
1465 498 1626 554 modo
1665 498 1928 569 cognitio,

349 597 443 650 sed
459 596 619 649 etiam
637 592 805 664 gloria
825 591 1106 659 theologia:
1140 591 1314 659 ipsum
1351 591 1646 659 spectantis
1669 589 1928 661 pervasit.

427 687 590 742 Vens.
630 685 686 739 4.
723 704 740 736 ‹
771 684 838 739 Ει
876 681 1148 738 sublatum
1177 693 1260 738 est
1287 681 1701 749 superliminare
1723 697 1752 735 a
1776 697 1932 747 voce,

352 795 459 850 qua
489 779 845 834 clamabant:
880 785 935 831 et
977 775 1170 831 domus
1211 779 1412 842 repleta
1454 783 1538 829 est
1577 775 1744 829 fumo.
1773 791 1792 826 ι
1837 772 1933 829 His

352 866 728 922 snbindicatur
758 864 875 920 fore
903 874 983 931 ut,
1018 873 1133 918 toto
1165 865 1304 920 orbe
1355 864 1525 936 gloria
1559 863 1675 934 ejus
1705 863 1931 934 repleto,

353 955 691 1011 revelaretur
739 957 785 1010 is
827 954 918 1024 qui
947 968 1012 1008 eo
1061 955 1116 1008 in
1155 954 1273 1009 loco
1303 959 1521 1020 stabat,
1557 955 1631 1009 ita
1679 963 1758 1022 ut,
1803 956 1934 1010 sub-

353 1045 468 1101 lato
509 1047 912 1116 superliminari
937 1084 953 1112 ,
994 1046 1387 1116 comprehendi
1435 1055 1620 1118 posset
1663 1064 1678 1100 :
1726 1047 1936 1124 locum-

351 1153 462 1207 que
507 1139 659 1194 fumo
706 1138 1023 1207 replendum
1082 1152 1238 1204 esse,
1299 1139 1413 1210 igni
1471 1140 1728 1193 traditum
1764 1158 1777 1193 :
1807 1155 1932 1194 nam

353 1231 538 1286 fumus
569 1231 708 1300 ignis
737 1232 953 1301 signum
993 1239 1101 1286 est.
1144 1231 1240 1288 His
1266 1247 1397 1302 ergo
1429 1231 1712 1301 Scriptura
1746 1235 1936 1286 Incen-

354 1325 507 1382 dium
561 1323 682 1379 loco
723 1323 849 1379 huic
883 1333 1206 1378 eventurum
1247 1323 1480 1379 obscure
1538 1324 1741 1378 indicat
1776 1342 1789 1380 :
1827 1339 1936 1393 quo

354 1427 599 1486 peracto,
625 1417 830 1484 repleta
861 1426 948 1472 est
977 1417 1240 1471 universa
1286 1425 1429 1470 terra
1455 1414 1625 1484 gloria
1668 1416 1878 1470 Domini
1916 1433 1932 1470 :

356 1522 466 1562 non
518 1522 624 1560 una
678 1508 842 1562 domo
893 1516 954 1562 ut
1002 1517 1187 1571 antea,
1249 1505 1345 1561 sed
1402 1505 1705 1561 innumeris
1764 1506 1936 1562 multo

355 1600 829 1669 praestantioribus
855 1614 957 1669 per
997 1599 1306 1653 universam
1341 1607 1544 1652 terram
1577 1597 1848 1653 excitatis.

428 1693 597 1747 Vatis.
638 1692 690 1747 5.
726 1711 745 1744 ι
771 1692 836 1746 Ει
861 1693 996 1759 dixi,
1027 1689 1071 1747 Ο
1092 1691 1256 1747 miser
1270 1705 1392 1760 ego,
1417 1690 1544 1760 quia
1574 1699 1937 1760 compunctus

2034 497 2215 549 πᾶσαν
2244 493 2522 566 ἐκηρύχθη
2561 492 2659 565 τὴν
2705 493 2829 565 γῆν,
2872 494 2932 548 οὐ
2982 495 3140 565 μόνον
3165 496 3200 566 ἡ
3223 496 3443 566 γνῶσις,
3482 498 3619 552 ἀλλά

2033 587 2131 640 καὶ
2161 588 2193 659 ἡ
2220 581 2352 651 δόξσῖ
2372 585 2473 656 τῆς
2503 585 2631 658 περὶ
2661 584 2830 639 αὐτοῦ
2859 585 3156 656 θεολογίας.

2109 697 2129 732 ι
2159 678 2269 732 Καὶ
2309 676 2520 749 ἐπήρθη
2562 677 2867 749 ὑπέρθυρον
2904 678 3012 732 ἀπὸ
3040 679 3139 750 τῆς
3168 679 3370 751 φωνῆς,
3401 675 3469 752 ἧς
3498 678 3623 734 ἐκέ-

2033 789 2263 844 κραγον,
2295 771 2388 825 καὶ
2433 772 2462 823 ό
2505 765 2654 834 οἶκος
2700 770 2944 844 ἐπλήσθη
2980 771 3210 825 καπνοῦ.
3246 791 3264 824 ι
3314 767 3620 828 Αὶνίττεται

2031 864 2213 918 τοίνυν
2259 864 2289 916 ό
2337 862 2515 932 λόγος,
2560 862 2636 927 ὡς
2674 861 2803 935 ἄρα,
2838 863 3219 936 πληρουμένης
3260 863 3360 936 τῆς
3389 865 3492 936 γῆς
3520 867 3622 936 τῆς

2033 952 2194 1024 δόξης
2222 951 2408 1017 αὑτοῦ,
2439 950 2777 1024 γυμνοῦσθαι
2812 951 3038 1023 ἔμελλεν
3062 954 3090 1006 ὁ
3119 955 3177 1007 ὲν
3208 953 3400 1025 ἐκείνῳ
3429 953 3510 1026 τῷ
3535 955 3626 1007 τό·

2037 1062 2146 1115 πῳ,
2180 1044 2256 1108 ὡς
2283 1043 2497 1098 καὶτοῦ
2542 1044 2850 1118 ὑπερθύρου
2893 1044 3172 1118 ἀρθέντος,
3203 1045 3623 1118 καταληφθήσε-

2037 1134 2186 1200 σθαι,
2238 1135 2445 1190 καπνοῦ
2496 1153 2556 1190 τε
2606 1135 2821 1208 πλήρης
2851 1136 3068 1190 ἔσεσθαι
3096 1137 3420 1209 παραδοθεὶς
3462 1139 3620 1208 πυρί·

2037 1227 2211 1297 πυρὸς
2242 1227 2352 1302 γὰρ
2403 1231 2627 1302 σημεῖον
2668 1231 2697 1283 ό
2749 1229 2974 1293 καπνός.
3025 1229 3270 1301 ᾘνίξατο
3307 1229 3487 1285 τοίνυν
3535 1229 3625 1286 διὰ

2035 1321 2242 1376 τούτων
2269 1324 2298 1376 ό
2331 1321 2508 1392 λόγος,
2544 1323 2636 1377 τὸν
2666 1322 2760 1376 ἐπὶ
2788 1321 2932 1375 τέλει
2958 1321 3320 1393 κατειληφότα
3342 1321 3432 1376 τὸν
3459 1323 3625 1375 τόπον

2037 1414 2389 1487 ὲμπρησμόν·
2418 1414 2536 1486 μεθ’
2561 1414 2620 1468 ὃν
2645 1413 2937 1488 ἐπληρώθη
2979 1416 3130 1469 πᾶσα
3161 1415 3196 1486 ὴ
3232 1415 3304 1486 γῆ
3333 1414 3433 1484 τῆς
3463 1413 3625 1485 δόξης

2038 1505 2266 1577 Κυρίου·
2301 1505 2401 1559 οὐκ
2424 1505 2504 1558 ἔτι
2536 1505 2655 1568 ἐνὸς
2685 1505 2858 1571 οἴκου,
2889 1504 3099 1578 μυρίων
3127 1504 3184 1558 δὲ
3217 1504 3337 1558 καθ’
3366 1505 3494 1577 ὅλην
3524 1505 3627 1578 τὴν

2039 1597 2364 1668 οἰκουμένην
2394 1597 2526 1650 πολὺ
2562 1596 2884 1670 κρειττόνων
2913 1596 3120 1650 ἐκείνου
3151 1597 3481 1652 συστάντων.

2115 1706 2135 1739 ι
2168 1687 2281 1740 Kal
2324 1684 2470 1742 εἶπα·
2514 1682 2586 1740 Ὦ
2612 1686 2780 1752 τάλας
2809 1687 2940 1756 ἐγὼ,
2971 1689 3052 1742 ὅτι
3083 1687 3509 1760 κατανένυγμαι,
3543 1688 3627 1741 ὅτι

357 1799 476 1840 sum
510 1784 672 1853 :quia
694 1785 856 1838 homo
878 1799 1002 1839 cum
1034 1784 1165 1848 sim,
1193 1793 1250 1838 et
1272 1759 1481 1852 impura
1512 1780 1655 1836 labia
1683 1759 1934 1848 habeam,

2050 1777 2327 1850 ἅνθρωπος
2367 1777 2443 1832 ὢν
2475 1777 2572 1833 καὶ
2609 1779 2896 1851 ἀκάθαρτα
2919 1779 2988 1832 τὰ
3016 1780 3168 1852 χείλη
3197 1779 3353 1849 ἔχων,
3381 1782 3438 1834 έν
3473 1780 3627 1850 μέσῳ

357 1883 414 1936 in
442 1881 620 1936 medio
645 1880 826 1950 populi
861 1881 1072 1948 impura
1107 1877 1248 1932 labia
1283 1876 1538 1932 habentis
1570 1891 1670 1946 ego
1708 1875 1932 1930 habito:

357 1983 413 2026 et
444 1987 623 2042 regem
658 1971 942 2026 Dominum
985 1969 1226 2024 Sabaoth
1253 1967 1360 2022 vidi
1393 1967 1569 2023 oculis
1613 1969 1768 2022 meis.
1800 1986 1818 2019 ι
1867 1968 1938 2022 Se

358 2073 541 2120 autem
572 2064 842 2133 impurum
879 2076 1001 2116 esse
1031 2061 1342 2126 conﬁtetur,
1377 2075 1484 2115 non
1518 2059 1699 2114 anima
1724 2101 1740 2124 ,
1765 2076 1938 2129 neque

361 2165 476 2210 toto
524 2169 794 2225 corpore,
848 2155 1110 2224 quoniam
1169 2151 1373 2205 nullius
1429 2150 1656 2220 impura:
1711 2151 1938 2205 actionis

357 2248 462 2304 sibi
490 2247 744 2303 conscius
783 2256 932 2313 erat;
973 2247 1067 2302 sed
1101 2247 1218 2303 sola
1257 2243 1362 2301 sibi
1393 2243 1534 2299 labia
1571 2247 1783 2314 impura
1817 2257 1938 2297 esse

360 2338 442 2392 ait
461 2379 476 2403 ,
505 2337 662 2408 quasi
694 2337 948 2392 videlicet
976 2337 1243 2406 reliquum
1272 2352 1478 2406 corpus
1503 2349 1558 2392 et
1587 2337 1770 2390 anima
1801 2349 1934 2403 pura

359 2428 549 2496 fuerit,
585 2428 889 2484 secundum
918 2427 1072 2494 illud,
1118 2443 1138 2478 ι
1167 2427 1316 2481 Beati
1353 2427 1554 2481 mundo
1573 2428 1758 2490 corde,
1800 2439 1938 2496 quo-

360 2521 511 2574 niam
570 2519 673 2589 ipsi
725 2517 895 2574 Deum
954 2519 1217 2572 videbunt
1261 2517 1329 2571 ".
1365 2535 1386 2570 ι
1440 2517 1610 2573 Labia
1640 2533 1770 2572 vero
1827 2532 1936 2571 non

362 2609 584 2666 aliunde
633 2611 845 2679 impura
897 2608 1152 2674 habebat,
1212 2625 1376 2680 quam
1423 2624 1452 2664 a
1490 2610 1766 2680 colloquio
1813 2625 1936 2664 cum

361 2703 593 2773 impuris
640 2701 953 2758 hominibus
1000 2702 1154 2756 inito.
1203 2700 1338 2755 Nam
1380 2701 1505 2771 quia
1535 2717 1656 2756 cum
1713 2701 1939 2770 impuris

359 2793 495 2848 viris
539 2793 882 2859 versabatur,
935 2808 1122 2848 eorum
1181 2793 1532 2863 improbitate
1583 2793 1744 2863 digna
1775 2792 1939 2848 verba

361 2886 614 2956 proferre
639 2893 888 2944 coactus.
928 2885 1054 2940 inde
1084 2885 1244 2941 labiis
1275 2885 1522 2954 impurus
1549 2894 1689 2940 erat.

439 2973 600 3030 Vens.
641 2974 694 3040 6,
737 2973 790 3028 7.
819 2993 836 3025 ι
863 2974 926 3027 Et
956 2975 1154 3030 missus
1186 2985 1271 3029 est
1304 2975 1372 3030 ad
1397 2990 1486 3032 me
1525 2991 1666 3030 unus
1689 2976 1756 3031 de
1786 2990 1940 3032 sera-

359 3065 535 3136 phlm,
563 3075 617 3118 et
640 3065 691 3118 in
717 3080 878 3119 manu
899 3080 992 3120 sua
1017 3065 1250 3122 habebat
1272 3069 1560 3123 carbonem
1585 3068 1749 3138 ignis,
1778 3083 1936 3138 quem

361 3156 569 3226 I'Orcipe
619 3156 818 3211 tulerat
845 3156 913 3212 de
940 3156 1096 3212 altari
1132 3174 1147 3210 :
1181 3167 1237 3213 et
1264 3159 1438 3230 tetigit
1481 3159 1626 3213 labia
1679 3175 1819 3213 mea.
1875 3159 1941 3213 Et

363 3246 523 3311 dixit,
567 3245 709 3302 Ecce
737 3245 912 3317 tetigit
944 3247 1047 3302 hoc
1078 3247 1220 3302 labia
1254 3257 1365 3302 tua.
1397 3266 1418 3301 ι
1474 3247 1622 3303 Talis
1660 3257 1746 3304 est
1776 3249 1940 3304 carbo

365 3339 558 3395 altaris
589 3355 604 3393 :
632 3353 698 3394 ac
747 3338 984 3394 fortasse
1030 3338 1276 3396 clemens
1330 3340 1419 3395 ille
1464 3340 1724 3396 Dominus
1762 3342 1940 3416 ‘altare

363 3444 522 3484 suum
558 3428 896 3484 Salutaribus
929 3428 1239 3499 hujusmodi
1290 3444 1354 3485 ac
1396 3429 1761 3500 purgantibus
1815 3445 1938 3484 car-

364 3523 596 3578 bonibus
634 3521 826 3590 replet.
859 3522 1042 3590 Quare
1071 3523 1278 3580 dictum
1313 3532 1397 3578 est
1422 3523 1617 3579 alicubi
1659 3524 1727 3590 δο,
1764 3541 1782 3574 ι
1806 3523 1959 3594 (λη’-1

362 3618 534 3673 bones
583 3616 833 3673 succensi
885 3626 1015 3672 sunt
1053 3617 1122 3672 ab
1165 3631 1250 3671 eo.
1284 3635 1303 3668 ι
1355 3617 1606 3686 Deusque
1645 3616 1759 3686 ipse
1800 3616 1940 3684 apud

363 3708 604 3780 lloysetn
643 3709 787 3778 ignis
843 3723 1179 3764 consumens
1245 3709 1426 3764 dictus
1477 3718 1611 3764 est:
1653 3719 1818 3778 atque
1888 3709 1939 3762 in

366 3798 682 3867 Evangeliis
735 3799 996 3854 Servatur
1043 3799 1248 3853 dicitur
1298 3798 1586 3869 baptizare
1630 3799 1682 3853 in
1737 3798 1941 3869 Spiritu

363 3899 556 3945 sancto
590 3889 646 3944 e’t
698 3888 846 3960 igne.
883 3887 978 3945 llis
1026 3904 1189 3960 porro
1223 3890 1477 3946 omnibus
1497 3893 1813 3958 edocemur,
1851 3907 1945 3947 ne-

364 3981 565 4035 minem
591 3995 770 4051 posse,
805 3980 911 4035 nisi
945 3995 1043 4050 per
1071 3979 1318 4036 divinum
1341 3981 1542 4052 ignem,
1565 3983 1941 4037 remissionem

368 4083 719 4144 peccatorum
765 4073 1052 4144 consequi.
1129 4072 1324 4129 Merito
1372 4073 1559 4144 itaque
1618 4083 1802 4131 tantus
1855 4073 1944 4129 ille

364 4165 626 4236 propheta
681 4169 920 4221 carbone
974 4165 1119 4233 ignis
1163 4175 1443 4236 purgatur.
1498 4166 1756 4234 Quanam
1811 4182 1947 4222 vero

368 4257 690 4326 iniquitates
743 4267 799 4312 et
836 4267 1062 4327 peccata
1118 4257 1445 4314 auferuntur
1484 4259 1553 4314 ab
1593 4273 1678 4324 eo,
1727 4257 1832 4313 nisi
1879 4273 1942 4312 ea

366 4350 567 4419 quibus
619 4347 824 4419 repleta
885 4348 1026 4405 labia
1088 4363 1184 4405 sua
1249 4364 1373 4406 esse
1423 4348 1761 4404 conﬁtetur?
1812 4349 1946 4406 Post

1963 3111 2010 3170 C

2039 1870 2170 1924 λαοῦ
2204 1870 2490 1944 ἀκάθαρτα
2523 1870 2680 1942 χείλη
2720 1870 2932 1942 ἔχοντος
2959 1871 3070 1940 ἐγὼ
3097 1871 3250 1924 οἰκῶ·
3287 1870 3382 1925 καὶ
3409 1871 3502 1924 τὸν
3533 1870 3628 1942 βα-

2039 1964 2196 2020 σιλέα
2243 1965 2448 2038 Κύριον
2497 1963 2726 2020 Σαϐαὼθ
2777 1961 2914 2018 εἶδον
2940 1966 3052 2028 τοῖς
3086 1963 3386 2036 ὀφθαλμοῖς
3432 1983 3557 2037 μου.
3605 1985 3624 2016 ι

2050 2058 2336 2130 Ὁμολογεῖ
2382 2057 2439 2111 δὲ
2481 2058 2792 2130 ἀκάθαρτος
2838 2053 2976 2111 εἶναι
3024 2057 3086 2111 οὐ
3126 2056 3221 2129 τὴν
3263 2056 3462 2129 ψυχὴν,
3511 2057 3629 2111 ἀλλ’

2037 2151 2159 2205 οὐδὲ
2189 2151 2251 2203 τὸ
2283 2150 2459 2222 σῶμα·
2497 2151 2620 2203 ἐπεὶ
2644 2149 2914 2222 μηδεμίαν
2946 2149 3125 2221 ἐαυτῷ
3147 2149 3456 2222 ἀκάθαρτον
3487 2151 3630 2222 πρᾶο

2041 2240 2122 2306 ξιν
2159 2241 2393 2314 συνῄδει·
2433 2240 2570 2312 μόνα
2605 2241 2663 2295 δὲ
2710 2241 2779 2294 τὰ
2815 2241 2968 2313 χείλη
3019 2241 3303 2314 ἀκάθαρτα
3335 2241 3630 2313 ἐσχηκέναι

2039 2335 2207 2406 φησὶ,
2249 2335 2326 2399 ὡς
2385 2334 2479 2389 τοῦ
2527 2335 2717 2388 λοιποῦ
2755 2333 3006 2408 σώματος
3046 2337 3194 2409 αύτῷ
3231 2337 3630 2410 καθαρεύοντος

2039 2430 2134 2484 καὶ
2183 2429 2283 2500 τῆς
2325 2426 2524 2500 ψυχῆς,
2569 2430 2712 2484 κατά
2752 2430 2834 2495 τὸ,
2865 2450 2884 2483 ι
2915 2431 3191 2504 Μακάριοι
3220 2433 3270 2484 οἱ
3302 2431 3533 2503 καθαροὶ
3559 2434 3630 2504 τῇ

2040 2521 2257 2593 καρδίᾳ,
2293 2521 2375 2575 ὅτι
2426 2521 2580 2575 αὐτοὶ
2609 2522 2701 2575 τὸν
2746 2522 2877 2577 Θεὸν
2923 2523 3142 2593 ὄψονται
3177 2524 3290 2595 (12)
3349 2543 3366 2577 ι
3396 2525 3506 2577 Kal
3560 2524 3631 2578 τὰ

2040 2611 2192 2682 χείλη
2215 2611 2272 2664 δὲ
2298 2609 2582 2683 ἀκάθαρτα
2606 2607 2751 2682 εἶχεν
2773 2614 2874 2666 οὐκ
2903 2613 3141 2679 ἄλλοθεν,
3173 2616 3206 2687 ἣ
3235 2614 3342 2670 ἀπὸ
3365 2614 3466 2684 τῆς
3490 2613 3631 2686 πρὸς

2039 2707 2166 2768 τοὺς
2193 2703 2534 2773 ἀκαθάρτους
2560 2706 2792 2777 ὁμιλίας.
2815 2705 3176 2775 Ἠναγκάζετο
3202 2707 3330 2778 γὰρ,
3356 2707 3431 2770 ὡς
3459 2706 3631 2774 εἰκὸς,

2041 2797 2369 2868 ἀκαθάρτοις
2414 2799 2640 2869 ἀνδράσι
2679 2800 3048 2871 προσομιλῶν,
3085 2798 3211 2864 ἄξια
3259 2799 3360 2870 τῆς
3403 2799 3634 2854 ἐκείνων

2042 2889 2376 2960 φθέγγεσθαι
2404 2889 2726 2966 μοχθηρίας,
2760 2890 2826 2944 δι’
2858 2884 2933 2944 ὧν
2966 2891 3254 2962 ἑμολύνετο
3279 2891 3347 2946 τὰ
3379 2890 3554 2962 χείλη.

2119 3002 2138 3035 ι
2170 2985 2278 3036 Kal
2305 2982 2585 3054 ἀπεστάλη
2616 2983 2754 3055 πρὸς
2789 2983 2858 3054 μὲ
2897 2982 2954 3035 ἓν
2998 2982 3108 3036 τῶν
3147 2983 3408 3055 σεραφὶμ,
3439 2987 3536 3038 καὶ
3569 2986 3636 3039 ὲν

2046 3071 2110 3140 τῇ
2136 3069 2281 3141 χειρὶ
2304 3069 2468 3123 αὐτοῦ
2489 3067 2631 3142 εἶχεν
2657 3069 2904 3142 ἄνθρακα
2927 3071 3118 3144 πυρὸς,
3143 3072 3201 3126 ὃν
3227 3074 3292 3144 τῇ
3314 3072 3486 3126 λαὸίδι
3505 3073 3636 3127 ἔλα-

2045 3161 2140 3215 ὅεν
2172 3161 2280 3214 ἀπὸ
2310 3161 2405 3215 τοῦ
2441 3161 2850 3234 θυσιαστηρίου,
2896 3163 2988 3216 καὶ
3017 3164 3195 3234 ἥψατο
3216 3164 3287 3219 τὰ
3317 3165 3469 3238 χείλη
3502 3181 3634 3236 μου.

2044 3254 2156 3306 Καὶ
2209 3248 2349 3306 εἷπε·
2418 3253 2548 3308 Ἰδοὺ
2592 3254 2770 3324 ἥψατο
2819 3253 2976 3308 τοῦτο
3017 3255 3126 3308 τῶν
3173 3257 3394 3326 χειλέων
3442 3275 3557 3312 σου.
3608 3277 3632 3311 ι

2043 3343 2297 3406 Τοιοῦτός
2350 3343 2498 3398 ἐστιν
2524 3346 2552 3398 ὸ
2579 3345 2786 3418 ἄνθραξ
2811 3347 2905 3399 τοῦ
2926 3346 3332 3417 θυσιαστηρίου,
3361 3347 3500 3417 τάχα
3526 3365 3636 3402 που

2043 3438 2136 3493 τοῦ
2170 3438 2548 3511 φιλανθρώπου
2594 3441 2799 3513 Κυρίου
2835 3441 3168 3515 πληροῦντος
3204 3442 3264 3498 τὸ
3305 3441 3498 3496 ἑαυτοῦ
3541 3443 3635 3496 θυ-

2047 3534 2359 3604 σιαστήριον
2384 3533 2641 3588 τοιούτων
2665 3533 2828 3588 τινῶν
2854 3535 3135 3606 σωτηρίων
3164 3536 3258 3588 καὶ
3283 3535 3638 3606 καθαρτικῶν

2045 3623 2352 3695 ἀνθράκων.
2387 3626 2478 3678 Διὸ
2506 3625 2751 3679 λέλεκταί
2774 3643 2896 3680 που·
2936 3646 2956 3679 ι
2985 3626 3286 3698 Ἀνθρακες
3312 3625 3638 3698 ἀνήφθησαν

2045 3715 2141 3768 ἀπ’
2173 3715 2358 3770 αὑτοῦ.
2399 3735 2418 3768 ι
2472 3717 2582 3771 Kal
2609 3719 2636 3771 ό
2672 3717 2804 3782 Θεὸς
2828 3718 2886 3772 δὲ
2919 3718 3078 3780 αὐτὸς
3104 3718 3252 3786 παρά
3280 3718 3484 3789 Μωῦσῇ
3520 3718 3638 3790 πῦρ

2045 3807 2439 3863 καταναλίσκον
2474 3810 2707 3880 εῐρηται·
2734 3810 2829 3863 καὶ
2853 3808 3041 3881 Σωτὴρ
3071 3810 3129 3862 έν
3149 3809 3504 3879 Εὑαγγελίοις
3533 3809 3638 3881 βα-

2048 3900 2237 3953 πτίσαι
2276 3902 2334 3954 ὲν
2378 3901 2658 3973 Πνεύματι
2699 3902 2841 3974 ἁγίῳ
2880 3903 2974 3956 καὶ
3022 3904 3156 3975 πυρὶ
3190 3902 3636 3985 μεμαρτύρηται·

2046 3990 2135 4044 διά
2165 3991 2368 4046 τούτων
2400 3993 2655 4048 ἀπάντων
2688 3994 3032 4059 παιδεύοντος
3061 3996 3207 4066 ἡμᾶς
3231 3996 3324 4050 τοῦ
3359 3995 3518 4064 λόγου
3557 3996 3638 4070 μὴ

2047 4083 2222 4147 ἄλλως
2264 4084 2522 4140 δύνασθαί
2548 4105 2672 4142 τινα
2716 4090 2899 4159 τυχεῖν
2942 4088 3188 4157 ἀφέσεως
3223 4089 3640 4161 ἁμαρτημάτων

2047 4175 2081 4246 ἢ
2129 4176 2216 4229 διὰ
2259 4177 2352 4231 τοῦ
2380 4178 2522 4232 θείου
2555 4179 2747 4252 πυρός.
2797 4181 3036 4245 Εἰκότως
3059 4177 3150 4234 οῦν
3180 4182 3274 4236 καὶ
3315 4185 3344 4234 ό
3381 4182 3641 4246 τοσοῦτος

2048 4269 2335 4341 προφήτης
2364 4270 2431 4324 δι’
2463 4270 2735 4343 ἄνθρακος
2781 4273 2951 4344 πυρὸς
3000 4273 3335 4345 καθαίρεται.
3379 4275 3550 4338 Ποίας
3577 4274 3642 4328 δὲ

2047 4359 2276 4430 ἀνομίας
2303 4361 2396 4414 καὶ
2425 4363 2696 4433 ἁμαρτίας
2744 4362 3055 4434 ἀφαιρεῖται
3081 4363 3113 4434 ἢ
3146 4357 3221 4418 ὧν
3247 4365 3316 4418 τά
3348 4365 3499 4436 χείλη
3533 4365 3638 4417 αὑ-

367 4451 646 4514 peractam
685 4457 817 4496 vero
863 4456 1050 4497 eorum
1079 4441 1490 4512 purgationem,
1540 4453 1934 4511 consequenter

2050 4447 2142 4504 τοῦ
2177 4449 2567 4524 πεπληρῶσθαι
2590 4453 2873 4524 όμολογεῖ;
2903 4453 3055 4507 Μετά
3081 4454 3138 4508 δὲ
3167 4454 3266 4526 τὴν
3297 4455 3500 4509 τούτων
3531 4455 3640 4510 κά-

367 4551 498 4592 voce
529 4535 770 4592 sedentis
809 4534 864 4588 in
902 4535 1094 4589 throno
1131 4533 1402 4604 dignatur,
1449 4548 1554 4604 qua
1591 4534 1828 4590 dicitur:

444 4721 604 4776 Vsus.
646 4721 701 4776 8.
746 4737 766 4772 ι
790 4722 961 4786 Quem
993 4716 1254 4774 mittam?
1291 4717 1358 4774 Ει
1379 4718 1500 4788 quis
1525 4717 1627 4775 ibit
1667 4722 1734 4774 ad
1767 4735 1939 4790 popu-

366 4811 476 4866 lum
505 4810 687 4867 hunc?
725 4811 790 4866 Et
813 4811 952 4876 dixi,
979 4811 1119 4868 Ecce
1146 4828 1273 4885 ego,
1297 4812 1448 4868 mitte
1473 4829 1613 4870 me.»
1648 4811 1762 4870 Hac
1785 4829 1940 4882 voce,

366 4905 842 4975 quaeintermedia
897 4905 1071 4973 posita
1120 4916 1221 4970 est,
1272 4907 1549 4977 pr0phette
1602 4906 1942 4963 alacritatem

367 5003 632 5065 expertus
663 5002 766 5060 est,
808 5005 870 5050 ut
898 4996 944 5051 is
973 4995 1056 5052 vel
1099 4996 1230 5053 boni
1253 4997 1443 5054 saltem
1492 4997 1755 5068 propositi
1795 5012 1942 5052 mer-

295 5081 302 5096 '
368 5087 554 5142 cedem
621 5087 912 5158 reciperet.
975 5087 1382 5154 Quamobrem,
1455 5103 1561 5144 non
1623 5089 1942 5161 imperantis

370 5194 524 5235 more
561 5179 738 5252 ipsum
782 5181 945 5252 jussit
995 5181 1179 5246 abire,
1236 5181 1331 5237 sed
1369 5183 1424 5237 in
1472 5181 1650 5238 medio
1672 5185 1943 5241 sermonis

371 5271 696 5344 interrogat,
722 5275 846 5344 quis
874 5275 945 5329 sit
976 5274 1044 5329 ad
1073 5274 1125 5329 id
1168 5275 1435 5344 agendum
1473 5286 1721 5345 paratus.

441 5361 608 5420 Vsus.
649 5365 703 5420 9.
751 5383 770 5418 ι
797 5365 860 5424 Et
903 5366 1072 5436 dixit,
1103 5367 1274 5436 Vade,
1331 5376 1387 5424 et
1438 5369 1526 5424 dic
1554 5369 1752 5440 populo
1783 5371 1942 5427 huic:

372 5455 574 5517 Auditu
604 5458 835 5514 audietis
884 5469 940 5516 et
969 5475 1076 5515 non
1110 5459 1459 5531 intelligetis;
1495 5471 1552 5517 et
1576 5463 1931 5534 respicientes

445 5641 492 5676 δ’
521 5641 712 5697 Matth.
752 5658 805 5709 v,
831 5645 886 5698 8.
961 5645 1007 5677 ⁸ο
1031 5617 1173 5700 Psal.
1199 5661 1334 5712 xm,
1359 5649 1414 5704 9.

2050 4540 2263 4612 θαρσιν,
2289 4543 2593 4608 ἀκολούθως
2625 4544 2720 4598 καὶ
2749 4549 2898 4618 φωνῇ
2929 4544 3172 4610 ἀξιοῦται
3199 4547 3291 4600 τοῦ
3326 4549 3639 4620 καθημένου

2050 4633 2145 4687 ἐπὶ
2174 4633 2384 4704 θρόνου,
2416 4635 2699 4708 λεγούσης·

2129 4743 2148 4776 ι
2179 4724 2312 4778 Τίνα
2334 4725 2649 4794 ἀποστελῶ;
2703 4729 2814 4782 Kal
2855 4729 2941 4792 τίς
2984 4728 3310 4802 πορεύσεται
3358 4729 3495 4799 πρὸς
3543 4729 3641 4783 τὸν

2053 4818 2180 4872 λαὸν
2206 4818 2429 4886 τοῦτον;
2476 4822 2587 4876 Kal
2629 4816 2778 4876 εἶπα·
2798 4823 2926 4876 Ἰδοὺ
2973 4823 3104 4892 ἐγὼ,
3131 4823 3445 4877 ἀπόστειλόν
3479 4840 3570 4892 με.
3614 4841 3635 4874 ι

2063 4912 2381 4985 Ἐδοκίμαξε
2405 4915 2462 4968 δὲ
2487 4915 2595 4988 ἄρα
2619 4915 2842 4990 τοιαύτῃ
2859 4918 3007 4987 φωνῇ
3036 4916 3216 4987 μέσως
3245 4913 3512 4986 ἀφειμένη
3538 4914 3642 4987 τὴν

2049 5003 2144 5057 τοῦ
2189 5007 2467 5078 προφήτου
2504 5007 2831 5080 προθυμίαν,
2863 5007 2939 5070 ὡς
2964 5007 3030 5062 ἂν
3065 5007 3162 5078 τῆς
3201 5006 3410 5077 ἀγαθῆς
3441 5023 3640 5078 προαι-

2053 5097 2256 5171 ρέσεως
2309 5099 2495 5170 μισθὸν
2535 5101 2820 5173 κτήσηται.
2857 5100 2946 5153 Διὸ
2989 5101 3049 5154 ού
3098 5098 3512 5172 προστακτικῶς
3543 5099 3642 5151 αύ-

2049 5187 2142 5242 τὸν
2171 5189 2456 5244 ἐκέλευσεν
2481 5191 2718 5246 ἀπιέναι·
2747 5191 2928 5263 μέσως
2952 5190 3008 5244 δὲ
3037 5190 3242 5263 ἠρώτα,
3275 5190 3360 5254 τίς
3391 5188 3475 5261 εἴη
3497 5189 3640 5242 ἕτοι-

2055 5298 2155 5352 μος
2185 5281 2344 5337 τοῦτο
2368 5284 2648 5356 πράττειν.

2130 5391 2148 5424 ι
2180 5375 2290 5428 Kal
2338 5371 2478 5428 εἶπε·
2525 5375 2848 5448 Πορεύθητι,
2877 5375 2969 5430 καὶ
2997 5371 3148 5431 εἷπον
3176 5375 3254 5447 τῷ
3292 5373 3405 5445 λαῷ
3435 5371 3634 5444 τούτῳ·

2053 5464 2216 5537 Ἀκοῇ
2265 5463 2526 5520 ἀκούσετε
2551 5504 2566 5532 ,
2617 5467 2710 5521 καὶ
2743 5467 2806 5520 οὐ
2843 5465 2916 5539 μὴ
2964 5467 3181 5538 συνῆτε·
3210 5465 3302 5520 καὶ
3345 5463 3638 5536 βλέποντες

457 5736 572 5808 (12)
631 5737 756 5794 Haec
809 5741 947 5809 apud
994 5739 1380 5814 Hieronymum
1417 5743 1684 5803 habentur
1709 5746 1761 5802 in
1808 5747 1949 5805 hunc
1988 5749 2183 5807 locum.
