3850 6210
199 303 288 360 ω
1139 282 1658 344 COMMENTA‘RlA'
1682 285 1752 342 IN
1787 285 2044 344 rsum.
2087 318 2156 330 -
2191 286 2353 346 cap.
2385 285 2476 346 vr.

3330 280 3436 336 150

196 411 417 486 βλέψετε,
451 407 542 462 καὶ
577 407 640 461 οὑ
684 405 759 478 μὴ
791 404 956 476 ῐδητε.
1000 421 1020 455 ι
1073 403 1206 457 Τίνα
1235 404 1292 457 δέ
1323 403 1610 476 βλέποντες
1641 402 1759 474 βλέ-

1867 403 2192 474 respicietis,
2239 415 2294 461 et
2332 421 2440 461 non
2485 406 2758 463 videbitis.
2791 423 2814 459 ι
2873 403 3134 472 Quaenam
3185 398 3438 454 videntes

193 508 353 578 ψουσι,
396 501 490 555 καὶ
532 501 677 564 τίνος
728 499 863 570 ἀκοῇ
911 496 1256 560 ἀκούσονται,
1292 497 1354 550 οὑ
1384 496 1752 568 παρέστησεν·

195 600 306 671 ἡμῖν
327 592 635 649 καταλιπὼν
663 593 884 646 σκοπεῖν
912 593 977 646 ἐκ
992 591 1094 662 τῆς
1105 589 1200 643 τοῦ
1227 588 1386 658 λόγου
1414 588 1754 655 ἀκολουθίας,

193 685 433 756 λεγούσης
464 685 570 746 ὅτι,
598 682 798 736 Τοῦτον
823 683 882 736 ὃν
918 683 983 736 σὺ
1031 681 1284 735 τεθέασαι
1316 679 1543 753 Κύριον,
1573 680 1667 736 καὶ
1697 679 1757 736 ὃν

191 784 287 845 τοῖς
308 781 414 844 σοῖς
438 778 736 848 ὀφθαλμοῖς
775 772 933 841 εἶδες,
968 769 1014 829 ὦ
1061 775 1336 847 προφῆτα,
1362 774 1553 828 τοῦτον
1597 775 1692 828 καὶ
1729 777 1758 830 ὁ

191 871 300 934 λαὸς
329 863 477 933 οὗτός
508 886 645 922 ποτε
679 867 889 936 ὄψεται·
918 864 1058 919 ἀλλά
1083 865 1176 918 καὶ
1205 864 1306 934 τῆς
1351 862 1535 934 φωνῆς
1563 858 1635 934 ἦς
1662 863 1757 917 ἐπὶ

191 962 270 1016 τοῦ
307 961 566 1034 παρόντος
595 960 860 1030 ἀκήκοας,
894 957 1260 1010 ἐπακούσεται
1305 953 1484 1026 καιρῷ
1515 973 1620 1008 τινι
1662 956 1756 1008 καὶ

193 1053 350 1115 αὑτὸς,
389 1053 447 1104 οὑ
475 1051 583 1122 μὴν
613 1049 708 1103 καὶ
737 1049 978 1118 συνήσει,
1003 1047 1126 1100 οὐδὲ
1157 1045 1446 1115 γνώσεται,
1473 1047 1594 1100 οὑδὲ
1629 1047 1754 1118 βου-

189 1145 388 1217 λήσεται
436 1142 604 1196 αὑτοῦ
652 1141 751 1214 τὴν
786 1141 946 1212 χάριν
993 1139 1420 1212 παραδέξασθαι.
1473 1139 1669 1210 Σαφῶς
1697 1140 1756 1193 δὲ

187 1233 264 1286 διὰ
291 1231 484 1286 τούτων
509 1231 608 1303 τὴν
639 1232 720 1294 είς
756 1227 1080 1301 ἀνθρώπους
1107 1228 1271 1282 αὑτοῦ
1301 1227 1606 1301 παρουσίαν
1633 1228 1756 1301 ἐδή-

189 1325 287 1379 λου.

252 1437 270 1470 ι
307 1415 612 1488 Ἐπαχύνθη
650 1414 759 1486 γάρ
799 1417 833 1486 ἡ
883 1413 1078 1486 καρδία
1106 1412 1202 1467 τοῦ
1238 1413 1370 1467 λαοῦ
1400 1414 1614 1480 τούτου,
1659 1413 1756 1468 καὶ

188 1515 286 1576 τοῖς
307 1512 431 1565 ὠσὶν
453 1510 634 1564 αὐτῶν
659 1509 869 1581 βαρέως
888 1509 1151 1580 ἥκουσαν,
1179 1508 1418 1571 καὶτοὺς
1445 1506 1756 1578 ὀφθαλμοὺς

191 1604 344 1658 αἰτῶν
385 1604 736 1674 ἐκάμμυσαν,
773 1601 984 1672 μήποτε
1025 1599 1176 1658 ἴδωσι
1225 1601 1340 1662 τοῖς
1379 1598 1695 1669 ὀφθαλμοῖς.
1729 1617 1750 1651 ι

199 1695 252 1747 '0
282 1695 370 1764 μὲν
398 1691 506 1764 γὰρ
536 1691 750 1762 Σωτὴρ,
778 1691 874 1744 ἆτε
907 1690 1023 1759 φῶς
1052 1690 1335 1760 ὑπάρχων,
1369 1689 1586 1743 πάντων
1613 1687 1755 1758 ἐφώ-

189 1761 293 1848 τιξε
324 1783 416 1848 τὰς
444 1761 646 1853 ψυχάς·
681 1761 770 1845 θὼς
800 1783 896 1834 καὶ
931 1780 1155 1850 τυφλοῖς
1196 1779 1258 1833 τὸ
1292 1778 1509 1850 βλέπειν
1538 1777 1758 1852 χαρίζε-
1787 1761 1831 1818 Β

193 1873 316 1928 σθαι·
357 1875 404 1926 οἱ
439 1873 496 1926 δὲ
523 1875 656 1936 τοὺς
680 1871 992 1944 ὀφθαλμοὺς
1026 1869 1213 1942 ἑμυον,
1244 1869 1382 1924 ὥστε
1410 1869 1486 1942 μὴ
1519 1869 1757 1941 βλέπειν·

190 1966 272 2020 καὶ
295 1965 430 2020 οὕτω
461 1964 753 2036 βλέποντες
778 1965 878 2018 οὐκ
901 1963 1146 2017 ἔϐλεπον.
1180 1963 1346 2017 Ὅταν
1405 1962 1514 2034 γάρ
1540 1980 1643 2027 τις,
1671 1963 1760 2015 ἐν-

191 2058 419 2121 ατενίσας
434 2058 530 2111 καὶ
559 2055 803 2128 ἀκριϐῶς
827 2055 1184 2127 θεασάμενος,
1204 2055 1454 2128 ὑπερίδῃ,
1470 2056 1564 2110 καὶ
1589 2071 1760 2109 κατα-

191 2151 410 2222 φρονήσῃ
433 2147 527 2202 τοῦ
562 2148 865 2218 ὁρωμένου,
910 2147 946 2218 ἢ
1001 2145 1150 2218 μύσῃ
1193 2145 1263 2200 τά
1313 2147 1538 2218 δμματα
1585 2163 1759 2217 προσ-

190 2241 484 2312 ποιούμενος
530 2241 608 2313 μὴ
656 2239 982 2312 ἑωρακέναι,
1015 2241 1136 2294 τότε
1166 2239 1378 2310 βλέπων
1403 2239 1503 2294 ούκ
1532 2234 1661 2293 εἶδε.
1687 2239 1762 2292 Τὸ

193 2333 278 2404 μὲν
303 2331 390 2388 οὖν
416 2333 614 2404 βλέψαι
646 2332 888 2404 ὑπῆρξεν
931 2333 1117 2396 αὐτοῖς
1153 2332 1261 2386 ἀπὸ
1284 2332 1385 2402 τῆς
1417 2331 1639 2403 χάριτος
1664 2329 1760 2385 τοῦ

190 2425 440 2494 ὀφθέντος·
471 2427 534 2480 τὸ
566 2425 622 2480 δὲ
664 2425 738 2496 μὴ
768 2426 896 2479 ἰδεῖν
923 2424 1271 2497 συμὸέσηκεν
1308 2425 1419 2480 ἀπὸ
1443 2423 1537 2479 τοῦ
1562 2425 1762 2489 αὐτοὺς

196 2516 338 2587 μῦσαι
357 2518 482 2580 τοὺς
505 2516 721 2570 ἑαυτῶν
743 2515 1074 2587 ὀφθαλμοὺς,
1099 2517 1194 2570 καὶ
1220 2517 1655 2588 προσποιηθῆναι
1686 2517 1762 2590 μὴ

197 2606 407 2676 βλέπειν.
434 2607 596 2662 υὺτω
621 2607 680 2661 δέ
716 2608 810 2662 καὶ
833 2609 972 2679 ἀκοῇ
1003 2608 1192 2661 ἀκούει
1221 2627 1326 2675 τις,
1354 2610 1449 2663 καὶ
1476 2609 1638 2663 πάλιν
1662 2610 1762 2662 οὑκ

194 2698 376 2751 ἀκούει·
406 2698 632 2752 ἐπειδάν
663 2699 738 2771 μὴ
770 2702 900 2771 συνῇ
932 2699 1000 2754 τά
1041 2699 1330 2771 λεγόμενα,
1366 2700 1400 2772 ἢ
1437 2701 1564 2755 ὅταν
1588 2719 1765 2773 παρα-

195 2793 311 2864 retin
350 2794 442 2846 καὶ
475 2795 796 2864 καταφρονῇ
839 2791 949 2846 τῶν
995 2791 1324 2863 λεγομένων.
1375 2791 1671 2864 Συμσαίνει
1703 2792 1762 2846 δὲ

195 2883 348 2949 τούτο,
383 2886 606 2940 ἐπειδάν
658 2903 743 2948 τις
792 2885 861 2938 τά
908 2879 1022 2939 ὦτα
1069 2885 1264 2940 ἑαυτοῦ
1309 2885 1536 2959 βαρύνῃ,
1573 2885 1762 2960 ὥσπερ

195 2969 491 3041 ἀποφράξας
533 2973 633 3025 καὶ
664 2973 1049 3042 ἀποκωφώσας
1097 2975 1258 3029 αὑτά.
1309 2974 1472 3029 Ταῦτ’
1511 2971 1606 3030 οὖν
1646 2976 1764 3030 ἔσε-

1859 495 2145 562 videbunt,
2171 505 2227 551 et
2253 512 2505 567 quaenam
2540 500 2727 554 auditu
2765 496 3009 561 audient,
3050 509 3159 548 non
3192 490 3438 546 declara-

1857 588 1958 654 vit,
1987 587 2041 642 id
2069 588 2528 646 considerandum
2573 590 2732 645 nobis
2760 588 3074 658 relinquens
3121 599 3185 639 ex
3224 595 3438 637 sermo-

1857 679 1943 732 nis
1981 678 2145 746 serie,
2169 693 2289 750 quae
2316 679 2399 736 sic
2423 680 2592 735 habet
2628 697 2642 732 :
2670 679 2842 747 Quem
2874 689 2931 732 tu
2972 675 3204 731 intueris
3242 671 3434 727 Domi-

1857 785 2007 835 num,
2041 781 2098 825 et
2138 787 2301 842 quem
2332 773 2466 843 ipsis
2502 771 2674 828 oculis
2708 771 2878 837 vides,
2907 784 2940 824 ο
2970 767 3254 840 propheta,
3288 765 3439 819 ltum:

1857 869 1912 914 et
1936 861 2023 917 hic
2054 863 2285 933 populus
2311 863 2601 932 aliquando
2625 862 2833 930 videbit
2857 876 2873 928 ;
2907 860 3002 915 sed
3027 859 3191 912 etiam
3223 871 3435 918 vocem,

1857 967 2018 1022 quam
2063 963 2116 1009 tu
2152 955 2207 1010 in
2262 956 2518 1024 prasenti
2581 953 2864 1018 audivisti,
2919 959 2975 1007 et
3030 951 3144 1021 ipse
3198 948 3432 1019 quodam

1859 1057 2100 1117 tempore
2129 1047 2314 1102 audiet
2347 1065 2362 1101 :
2393 1062 2571 1120 neque
2600 1055 2784 1102 tamen
2816 1043 3077 1110 intelliget
3118 1042 3205 1096 vel
3237 1054 3441 1111 cogno—

1857 1148 1968 1194 scel
1997 1149 2040 1206 ,’
2070 1153 2247 1208 neque
2316 1140 2548 1212 gratiam
2615 1139 2734 1208 ejus
2791 1137 3069 1206 suscipere
3117 1134 3288 1189 volet.
3348 1131 3442 1188 His

1859 1239 2041 1284 autem
2097 1239 2288 1300 aperte
2345 1246 2504 1288 suum
2558 1230 2626 1285 ad
2681 1230 2932 1286 homines
2967 1229 3260 1284 adventum
3295 1225 3443 1280 indi-

1856 1323 2038 1378 cabat.

1931 1414 2098 1470 Vens.
2141 1414 2229 1470 10.
2295 1415 2718 1487 «Aggravatum
2775 1423 2859 1470 est
2917 1413 3064 1469 enim
3111 1428 3207 1468 cor
3258 1411 3442 1483 populi

1859 1503 2041 1575 huius,
2087 1519 2143 1563 et
2174 1507 2402 1564 auribus
2453 1507 2697 1578 graviter
2748 1506 3082 1570 audierunt,
3141 1513 3200 1561 et
3251 1503 3442 1561 oculos

1858 1612 1988 1653 suos
2015 1590 2364 1665 clauserunt,
2420 1614 2489 1655 ne
2545 1599 2686 1655 forte
2739 1598 2960 1653 videant
3009 1595 3202 1652 oculis.
3233 1613 3256 1648 ι
3305 1593 3441 1649 Nam

1862 1687 2114 1744 Salvator
2161 1690 2384 1760 quidem
2417 1700 2626 1758 noster,
2671 1690 2855 1745 lumen
2885 1703 3006 1743 cum
3053 1688 3144 1755 sit,
3199 1688 3442 1742 omnium

1863 1780 2075 1836 animas
2101 1780 2468 1848 illuminavit,
2518 1783 2594 1837 ita
2635 1791 2696 1836 ut
2733 1789 2788 1836 et
2813 1780 2977 1836 caecis
3004 1779 3181 1833 visum
3214 1777 3446 1849 largire-

1865 1879 1994 1936 tur;
2051 1868 2128 1924 illi
2159 1883 2291 1925 vero
2318 1869 2508 1928 oculos
2547 1871 2896 1934 claudebant,
2932 1878 2994 1924 ut
3022 1885 3131 1926 non
3161 1869 3442 1936 viderent;

1863 1970 2024 2031 atque
2064 1961 2146 2018 sic
2189 1961 2436 2018 videntes
2490 1978 2597 2018 non
2651 1962 2932 2019 videbant.
2971 1961 3104 2016 Cum
3144 1961 3289 2016 enim
3321 1975 3444 2029 quis

1861 2053 2137 2122 intuitus,
2185 2065 2243 2111 et
2290 2070 2352 2110 re
2399 2065 2696 2129 conspecta
2763 2055 3070 2126 diligenter,
3119 2069 3234 2109 rem
3267 2053 3442 2108 visam

1861 2148 2096 2217 despicit
2139 2158 2197 2203 et
2235 2150 2565 2212 contemnit,
2625 2164 2690 2205 ac
2724 2148 2931 2204 claudit
2980 2147 3191 2214 oculos,
3223 2162 3285 2202 se
3333 2162 3442 2202 non

1861 2237 2051 2292 videre
2083 2236 2384 2305 simulans;
2421 2249 2548 2294 tunc
2579 2238 2905 2308 respiciens,
2952 2252 3064 2293 non
3093 2239 3250 2292 vidit.
3289 2235 3444 2304 Quod

1862 2331 2031 2401 igitur
2064 2331 2336 2398 viderent,
2386 2331 2440 2386 id
2482 2346 2548 2386 ex
2595 2332 2772 2402 gratia
2829 2332 2947 2401 ejus
2986 2332 3082 2403 qui
3135 2332 3442 2396 videbatur,

1863 2425 1996 2493 ipsis
2029 2424 2238 2490 inerat;
2281 2425 2422 2493 quod
2459 2436 2640 2480 autem
2689 2441 2798 2481 non
2858 2427 3130 2492 viderent,
3191 2425 3243 2478 id
3277 2440 3344 2478 ex
3377 2441 3444 2479 eo

1863 2516 2116 2571 veniebat
2144 2518 2288 2586 quod
2309 2516 2500 2572 oculos
2527 2516 2883 2583 clauderent,
2931 2529 2988 2572 et
3019 2533 3081 2574 se
3114 2533 3221 2572 non
3255 2518 3445 2573 videre

1863 2607 2212 2661 simularent.
2248 2606 2327 2661 lta
2357 2606 2567 2676 pariter
2596 2607 2720 2676 quis
2750 2607 2938 2662 auditu
2975 2607 3147 2673 audit,
3173 2616 3229 2664 et
3261 2618 3443 2663 tamen

1863 2712 1973 2751 non
2017 2699 2209 2764 audit;
2265 2699 2484 2769 quando
2519 2713 2582 2753 ea
2631 2713 2754 2768 qua:
2787 2700 3046 2754 dicuntur
3085 2717 3192 2756 non
3239 2701 3446 2756 intelli-

1863 2790 1984 2860 git,
2021 2800 2117 2845 aut
2145 2806 2268 2847 cum
2297 2791 2460 2847 dictis
2491 2807 2598 2846 non
2632 2790 3008 2862 obtemperat,
3045 2806 3220 2862 eaque
3265 2793 3445 2863 despi-

1863 2882 1960 2939 cit.
2013 2882 2130 2937 Hoc
2161 2897 2327 2952 porro
2357 2882 2649 2953 contingit,
2700 2897 2823 2938 cum
2855 2883 2979 2953 quis
3005 2899 3169 2940 aures
3189 2898 3321 2940 suas
3346 2901 3443 2956 ag-

1864 2984 2074 3044 gravat,
2132 2990 2225 3031 eas
2281 2977 2438 3044 quasi
2499 2977 2762 3031 obturans
2818 2987 2874 3032 et
2927 2977 3122 3032 surdas
3175 2977 3440 3032 eﬂicieus.

199 3058 302 3113 σθαι
326 3063 448 3130 περὶ
475 3064 570 3116 τὸν
598 3063 712 3117 τῶν
742 3065 1013 3120 Ἰουδαίων
1034 3066 1162 3121 λαὸν
1187 3069 1220 3139 ἡ
1251 3067 1402 3139 φωνὴ
1430 3067 1524 3120 τοῦ
1553 3069 1759 3140 Κυρίου

1867 3061 1992 3117 Haec
2017 3063 2183 3134 igitur
2208 3061 2436 3118 Judaico
2459 3063 2656 3134 populo
2694 3063 2879 3120 futura
2921 3080 3065 3133 esse,
3092 3082 3196 3122 vox
3229 3067 3444 3124 Domini

199 3151 472 3210 ἐθέσπισεν.
521 3155 859 3228 Ἐπληροῢτο
889 3158 946 3210 δέ
986 3158 1046 3211 τὸ
1087 3159 1246 3231 ἔργον
1288 3159 1380 3212 ἐπὶ
1409 3159 1508 3230 τῆς
1533 3157 1626 3212 τοῦ
1657 3159 1760 3212 Σω-

1868 3157 2213 3212 vaticinatur.
2247 3157 2528 3226 lmpletum
2563 3169 2745 3212 autem
2787 3157 2919 3212 illud
2959 3157 3064 3213 fuit
3113 3159 3165 3213 in
3205 3160 3446 3216 adventu

197 3243 337 3315 τῆρος
365 3247 520 3319 ἡμῶν
557 3248 876 3320 ἐπιδημίας,
919 3250 1155 3323 καθ’ἥν,
1193 3252 1438 3323 παρόντα
1475 3251 1638 3304 αὑτὸν
1665 3252 1762 3320 ὀφ-

199 3334 395 3408 θαλμοῖς
415 3340 677 3412 ὁρῶντες,
703 3342 804 3394 οὑκ
826 3341 1072 3407 ἔϐλεπον,
1103 3343 1202 3397 καὶ
1222 3342 1545 3398 διδάσκοντα
1575 3343 1645 3396 τά
1670 3360 1763 3415 μυ-

201 3430 371 3501 στήρια
396 3433 494 3504 τῆς
524 3432 804 3503 βασιλείας
830 3434 890 3487 οὑ
922 3436 1181 3507 συνῆκαν.

261 3539 277 3572 t
304 3523 406 3576 Kal.
453 3520 610 3580 εῐπα·
665 3525 811 3590 Ἕως
837 3527 992 3592 πότε,
1025 3527 1234 3599 Κύριε;
1274 3528 1386 3582 Καὶ
1410 3522 1580 3584 εἶπεν·
1618 3529 1763 3594 Ἕως

201 3611 256 3666 ἂν
274 3615 593 3688 ἑρημωθῶσι
613 3617 818 3687 πόλεις,
845 3639 863 3671 ι
901 3621 996 3674 καὶ
1021 3619 1090 3674 τά
1114 3619 1262 3692 ἑξῆς.
1296 3622 1408 3675 Καὶ
1433 3621 1596 3695 μέχρι
1620 3621 1763 3686 τίνος

201 3708 475 3782 παρατείνῃ
501 3711 566 3763 τὸ
591 3709 969 3783 apponam;
1006 3711 1118 3765 Kal.
1144 3713 1322 3784 ἐρωτᾷ
1341 3711 1534 3782 λέγων·
1568 3731 1587 3765 t
1617 3712 1764 3776 Ἕως

201 3798 332 3863 πότε,
349 3801 552 3874 Κύριε;
580 3821 599 3854 ι
619 3803 674 3856 τί
706 3803 814 3876 γὰρ
831 3803 984 3858 ἑσται
1010 3805 1162 3868 τέλος
1184 3805 1288 3876 τῆς
1312 3805 1572 3878 τοιαύτης
1587 3804 1763 3860 αὐτῶν

202 3888 435 3961 ἀϐλεψίας
464 3893 510 3964 (l
521 3894 579 3964 3)
603 3910 620 3960 ;
659 3894 920 3966 Σημαίνει
945 3892 1040 3950 οὑν
1058 3896 1146 3952 διὰ
1172 3897 1378 3951 τούτων
1403 3897 1501 3970 τὴν
1517 3895 1766 3952 ἐπελθοῦ-

201 3995 284 4033 σαν
299 3981 513 4056 πρώτην
541 3984 652 4038 ὑπὸ
687 3984 972 4056 Ῥωμαίων
992 3986 1071 4059 τῷ
1085 3988 1236 4060 τόπῳ
1261 3987 1597 4062 πολιορκίαν,
1626 3985 1765 4058 μετά

199 4076 260 4129 τὰ
277 4079 410 4132 κατά
431 4079 525 4134 τοὺ
548 4080 805 4153 Σωτῆρος
834 4081 1017 4146 αὑτοῖς
1035 4082 1399 4154 τολμηθέντα,
1425 4082 1547 4136 καθ’
1567 4083 1634 4154 ἣν
1654 4080 1764 4136 τῶν

212 4167 453 4224 Ἰουδαίων
477 4171 729 4225 πλεῖσται
756 4171 940 4236 πόλεις
962 4173 1054 4226 ἐπὶ
1081 4172 1481 4245 αὐτοκράτορος
1509 4175 1762 4227 Οὐεσπα-

204 4261 366 4315 σιανοῦ
403 4262 698 4338 δῃωθεῖσαι
725 4264 951 4334 ἀφανεῖς
976 4263 1256 4329 παντελῶς
1281 4265 1642 4337 κατέστησαν·
1687 4263 1764 4329 ὡς

203 4353 320 4424 μηδὲ
347 4357 566 4429 μνήμην
591 4355 771 4411 αὐτῶν
803 4355 940 4429 μηδὲ
962 4356 1131 4430 ὄνομα
1156 4356 1582 4430 περιλείπεσθαι.
1608 4354 1764 4411 οὑτω

1865 3248 2168 3304 Salvatoris
2193 3248 2394 3314 nostri,
2423 3264 2552 3318 quo,
2590 3250 2718 3303 dum
2740 3261 3063 3319 praesentem
3091 3249 3240 3304 illum
3269 3251 3446 3306 oculis

1862 3348 2172 3406 cernerent,
2221 3356 2331 3396 non
2382 3341 2672 3407 videbant,
2729 3350 2784 3396 et
2843 3341 3134 3398 docentem
3184 3345 3444 3413 mysteria

1864 3433 2039 3503 regni,
2068 3447 2172 3488 non
2201 3431 2596 3504 intelligebant.

1936 3528 2103 3584 Vnus.
2160 3527 2252 3581 M.
2317 3526 2432 3582 «Et
2491 3526 2624 3592 dixi,
2681 3526 2998 3598 Usquequo,
3056 3529 3320 3586 Domine?
3376 3531 3446 3588 Et

1863 3617 2023 3684 dixit,
2052 3619 2235 3673 Donec
2277 3615 2593 3672 desolentur
2624 3616 2902 3681 civitates,
2932 3635 2952 3669 ›
2983 3627 3093 3672 etc.
3128 3617 3194 3670 Et
3245 3633 3445 3688 usque-

1863 3726 1970 3782 quo
2000 3710 2216 3766 durabit
2239 3707 2572 3764 infirmitas?
2598 3706 2907 3780 lnterrogat
2931 3709 3140 3775 dicens,
3176 3727 3196 3761 ι
3223 3708 3413 3780 Usque

1865 3817 1998 3872 quo.
2027 3801 2300 3857 Domine?
2333 3819 2353 3852 ι
2385 3801 2510 3870 quis
2542 3801 2686 3854 enim
2706 3799 2829 3854 finis
2854 3803 2959 3855 erit
2991 3799 3300 3869 hujusmodi
3324 3803 3445 3858 illo-

1866 3909 1985 3947 rum
2027 3893 2334 3948 caacitatis?
2378 3891 2478 3948 His
2527 3892 2674 3947 enim
2737 3891 3009 3960 signiﬁcat
3063 3893 3295 3962 primam
3342 3895 3446 3950 sub

1865 3984 2126 4040 Romanis
2160 3983 2403 4039 futuram
2452 3982 2556 4039 loci
2607 3983 2970 4052 obsidionem,
3018 3993 3142 4054 post
3183 3985 3328 4041 edita
3376 3989 3446 4041 ab

1865 4075 2000 4147 ipsis
2031 4086 2220 4132 contra
2251 4075 2593 4154 Salvatorem
2625 4075 2876 4132 facinora
2907 4095 2921 4131 :
2947 4091 3057 4147 qua
3107 4077 3291 4133 multa:
3342 4077 3443 4134 .Iu-

1866 4169 2106 4225 datorum
2130 4167 2384 4224 civitates
2411 4169 2513 4225 sub
2543 4167 2883 4238 Vespasiano
2907 4170 3242 4239 imperatore
3266 4178 3447 4225 vasta-

1869 4271 1956 4328 tas,
1988 4260 2102 4317 solo
2146 4261 2370 4331 penitus
2407 4270 2638 4331 aequatae
2671 4270 2832 4328 sunt,
2888 4262 2962 4317 ita
3005 4270 3064 4317 ut
3109 4277 3298 4317 earum
3345 4277 3447 4318 nec

1867 4353 2132 4408 memoria
2183 4367 2286 4410 nec
2333 4367 2533 4409 nomen
2596 4351 3015 4423 relinqueretur.
3072 4352 3206 4409 Cum
3261 4363 3446 4409 autem

205 4457 304 4509 πως
334 4448 566 4519 ἐρημίαν
596 4447 834 4519 παντελῆ
893 4448 1356 4519 προαγορεύοντος
1415 4447 1508 4502 τοῦ
1564 4447 1724 4516 λόγου
1746 4485 1760 4513 ,

1869 4445 2239 4502 omnimodam
2285 4443 2680 4500 desolationem
2720 4459 2902 4501 sermo
2933 4445 3228 4517 significet,
3264 4447 3444 4501 conti-

206 4536 482 4611 ἐπληροῦτο
503 4541 563 4595 δὲ
589 4541 683 4594 καὶ
706 4538 844 4612 αὕτη
872 4539 1014 4594 κατά
1043 4541 1170 4604 τοὺς
1209 4539 1488 4615 Ἀδριανοῦ
1522 4539 1765 4614 χρόνους,

207 4630 308 4683 καθ’
333 4631 418 4697 οὓς
444 4633 710 4702 δευτέραν
739 4631 1134 4704 ὑπομείναντες
1170 4631 1410 4686 ’Ἰουδαῖοι
1429 4629 1765 4704 πολιορκίαν,

206 4722 274 4785 εἰς
299 4724 448 4779 τοῦτο
473 4725 536 4779 τὺ
581 4722 754 4779 κακδν
780 4723 1166 4797 περιέστησαν,
1207 4723 1284 4787 ὡς
1321 4723 1506 4794 νόμοις
1536 4722 1630 4776 καὶ
1654 4723 1770 4776 δια-

204 4815 452 4888 τάγμασιν
479 4819 966 4890 αὑτοκρατορικοῖς
996 4817 1130 4889 μηδέ
1159 4815 1220 4882 ἐξ
1246 4817 1491 4871 ἀπόπτου
1517 4814 1617 4887 τὴν
1645 4815 1770 4887 ἐρη-

209 4902 319 4970 μίαν
340 4904 434 4976 τῆς
460 4904 674 4959 ἑαυτῶν
697 4904 1078 4978 μητροπόλεως
1108 4905 1332 4977 θεωρεῖν
1352 4903 1762 4978 ἐπιτρέπεσθαι.

271 5015 288 5048 t
329 5000 434 5054 Kal.
462 5000 604 5073 μετὰ
633 5000 807 5055 ταῦτα
857 5003 1125 5074 μακρυνεῖ
1150 5003 1179 5055 ό
1211 5000 1343 5064 Θεὸς
1372 5001 1501 5065 τοὺς
1549 4998 1763 5071 ἀνθρώ-

212 5105 346 5156 πους,
375 5094 466 5145 καὶ
489 5094 540 5146 οἱ
571 5093 1020 5163 καταλειφθέντες
1045 5091 1510 5164 πληθυνθήσονται
1541 5092 1633 5144 ἐπὶ
1661 5095 1762 5166 τῆς

206 5181 313 5251 τῆς.
344 5185 451 5237 Kal.
483 5185 558 5239 ἐτ’
593 5186 679 5239 ἐπ’
718 5186 887 5258 αὐτῆς
934 5187 1048 5240 ἐστι
1083 5187 1144 5239 τὸ
1182 5185 1518 5240 ἐπιδέκατον.
1563 5206 1581 5238 ι
1617 5185 1762 5257 Σύμο

210 5287 362 5344 μαχος
395 5277 625 5343 ἐξέδωκε
644 5294 658 5307 ·
699 5297 718 5330 ι
765 5279 997 5350 Μακράν
1027 5279 1247 5350 ποιήσει
1281 5277 1483 5350 Κύριος
1510 5279 1637 5342 τοὺς
1668 5279 1761 5332 ἀν-

209 5361 457 5433 θρώπους.
512 5387 533 5420 ι
570 5367 832 5440 Σημαίνει
869 5368 981 5440 γάρ
1015 5368 1044 5420 ὑ
1073 5367 1230 5437 λόγος
1274 5366 1361 5420 διὰ
1400 5367 1500 5438 τῆς
1550 5365 1762 5420 τοιᾶσδε

206 5457 308 5517 τοῦ,
329 5479 344 5510 ι
367 5464 653 5532 μακρυνεῖ,
680 5483 698 5514 ι
720 5461 1034 5533 ἑρμηνείας,
1049 5461 1218 5532 ἤγουν
1230 5457 1346 5524 τοὺ,
1368 5477 1387 5509 ι
1411 5457 1629 5529 μακρὰν
1642 5474 1765 5511 ποι-

211 5546 336 5616 ήσει,
369 5571 386 5603 ι
410 5552 477 5623 ῆν
520 5552 663 5607 κατά
689 5553 780 5606 τὸν
816 5551 976 5607 αὑτὸν
1010 5551 1203 5624 χρόνον
1241 5549 1540 5621 ὑπέμειναν
1559 5551 1763 5621 αἰχμα-

1868 4538 1946 4609 git
1973 4545 2029 4592 et
2053 4536 2141 4591 illa
2171 4534 2398 4592 Adriani
2457 4545 2726 4608 tempore,
2763 4551 2888 4593 cum
2921 4534 3116 4605 Judaei,
3149 4539 3446 4594 secundam

1867 4629 2010 4701 passi
2058 4628 2418 4694 obsidionem,
2479 4628 2536 4684 iu
2583 4637 2794 4684 tantum
2835 4628 3165 4686 calamitatis
3211 4628 3448 4685 devene-

1865 4731 2013 4787 runt,
2038 4731 2098 4775 ut
2127 4720 2339 4792 legibus
2379 4730 2435 4774 et
2468 4718 2642 4789 jussis
2680 4720 3086 4791 imperatoriis,
3119 4735 3188 4776 ne
3221 4721 3446 4792 quidem

1867 4813 2055 4884 procul
2090 4811 2410 4882 metropolis
2451 4827 2565 4868 sua:
2601 4813 2915 4868 vastitatem
2948 4813 3267 4883 conspicere
3313 4829 3442 4884 per-

1874 4904 2242 4985 mitterentur.

1946 4995 2108 5052 Vens.
2151 4997 2238 5052 12.
2287 5016 2306 5050 ι
2340 4996 2405 5052 Et
2450 5005 2638 5066 postea
2684 4996 2964 5068 elongabit
2995 4996 3137 5053 Deus
3172 4998 3441 5065 homines,

1871 5097 1926 5144 et
1958 5089 2053 5159 qui
2093 5089 2268 5144 relicti
2313 5089 2520 5145 fuerint
2563 5088 3075 5158 multiplicabuntur
3125 5103 3288 5158 super
3335 5101 3446 5145 ter-

1872 5195 2007 5236 ram.
2041 5181 2108 5237 Et
2135 5183 2315 5239 adhuc
2347 5198 2511 5254 super
2541 5198 2662 5239 eam
2693 5191 2778 5237 est
2809 5182 3117 5248 decimatio.
3143 5201 3162 5235 »
3197 5182 3449 5254 Symma-

1869 5275 2006 5329 chus
2047 5276 2252 5341 edidit,
2312 5294 2332 5328 ι
2362 5275 2548 5347 Longe
2596 5275 2762 5330 faciet
2805 5274 3067 5330 Dominus
3119 5275 3391 5334 homines.
3421 5298 3444 5334 ι

1870 5366 1985 5423 Hac
2034 5366 2521 5438 interpretatione,
2585 5385 2604 5418 ι
2635 5366 2950 5439 elongabit,
2986 5387 3006 5421 ι
3071 5367 3187 5424 sive
3245 5387 3264 5420 ι
3293 5368 3452 5440 longe

1869 5456 2053 5522 faciet,
2086 5478 2105 5512 ι
2136 5460 2336 5516 indicat
2367 5461 2647 5531 Scriptura
2685 5460 3057 5531 captivitatem
3087 5459 3256 5527 illam,
3286 5477 3449 5531 quam

1872 5565 1938 5607 eo
1969 5551 2084 5620 ipso
2113 5561 2355 5625 tempore
2385 5553 2669 5611 multitudo
2712 5551 2950 5610 Judaicar
2975 5553 3154 5625 gentis
3191 5567 3450 5625 perpessa

161 5702 196 5750 Γ
272 5730 375 5804 (15)
418 5731 544 5790 Haec
579 5733 706 5788 item
748 5735 803 5790 in
841 5729 1158 5804 Hieronymi
1195 5728 1620 5801 Commentario,
1670 5729 1761 5790 sed
1799 5727 2068 5803 pluribus-
