3850 6210
412 289 509 348 151

1085 287 1358 345 EUSEBII
1393 283 1884 344 ιςΑιεΑιιιεΝειε
1922 281 2075 338 OPP.
2114 281 2301 340 PARS
2333 283 2426 340 111.
2467 312 2538 323 -
2571 280 2989 338 EXEGETICA.

3571 279 3679 331 152

409 421 519 476 est,
549 422 761 466 necnon
801 405 1194 478 dispersionem
1227 405 1372 459 illam
1407 419 1539 475 qua,
1567 403 1693 458 dum
1722 399 1971 456 instanti-

2084 399 2286 455 λωσίαν
2331 399 2394 454 τὸ
2447 397 2652 469 πλῆθος
2701 396 2795 450 τοῦ
2863 397 3132 452 Ἰουδαίων
3186 397 3389 461 ἔθνους,
3437 397 3528 451 καὶ
3587 393 3680 447 τὸν

411 499 517 558 bus
545 499 954 555 calamitatibus
994 513 1054 552 se
1092 499 1461 566 proriperent,
1497 494 1796 564 disgregati
1834 499 1981 547 sunt.

412 612 434 646 ι
470 591 690 648 Residui
745 606 873 646 vero
926 590 1434 658 multiplicabuntur
1464 601 1634 656 super
1676 595 1878 640 terram
1913 601 1932 635 ι
1966 600 1981 637 :

407 686 500 740 alii
526 685 737 740 scilicet
766 699 796 738 a
829 683 1039 752 primis.
1063 681 1166 737 Tot
1197 691 1376 735 autem
1409 693 1642 734 numero
1668 678 1769 746 ipsi
1800 684 1980 740 erunt,

407 788 492 840 ut,
537 793 658 831 cum
694 777 882 847 primis
908 775 1232 844 comparati,
1263 771 1446 828 multis
1483 770 1728 841 partibus
1763 768 1981 824 illorum

405 869 812 923 multitudinem
844 876 1124 937 superent.

1003 1043 1233 1100 CAPUT
1279 1043 1381 1099 VII.

473 1138 636 1193 Vens.
681 1137 795 1192 1-5.
841 1156 861 1190 ι
893 1136 956 1190 Ει
1005 1136 1209 1192 factum
1242 1147 1328 1191 est
1354 1137 1408 1190 in
1435 1135 1624 1191 diebus
1659 1135 1842 1190 Achaz
1885 1133 1980 1188 filii

399 1227 695 1292 Joatliam,
753 1226 848 1282 lilii
889 1226 1037 1282 Ozize
1068 1228 1211 1298 regis
1257 1226 1396 1282 Jnda
1424 1267 1440 1290 ,
1487 1227 1732 1281 ascendit
1778 1225 1980 1279 Raasin

400 1335 498 1374 rex
529 1321 718 1383 Aram,
763 1329 818 1375 et
869 1318 1084 1374 Phacee
1131 1317 1276 1374 ﬁlius
1311 1316 1572 1372 Bomeliae
1603 1331 1698 1370 rex
1727 1314 1893 1370 Israel
1923 1315 1979 1369 in

399 1410 726 1478 Jerusalem,
787 1410 854 1465 ad
905 1411 1262 1480 praeliandum
1316 1417 1503 1464 contra
1559 1423 1720 1463 eam:
1760 1415 1816 1462 et
1871 1420 1978 1460 non

397 1512 696 1572 potuerunt
745 1503 999 1558 obsidere
1043 1517 1186 1558 eam.
1243 1501 1311 1557 Et
1357 1500 1753 1555 nuntiaverunt
1794 1497 1978 1553 domui

2084 489 2476 561 διασκεδασμδν
2504 489 2565 542 ὃν
2597 488 3054 560 διεσκεδάσθησαν
3085 487 3376 559 φεύγοντες
3415 488 3516 552 τὰς
3546 484 3674 542 ἐπι-

2085 583 2342 655 κειμένας
2370 583 2555 646 αὐτοῖς
2586 581 2889 652 συμφοράς.
2926 600 2945 632 ι
2983 582 3094 635 Καὶ
3127 584 3176 635 οἱ
3214 571 3674 649 καταλειφθέντες

2082 676 2140 730 δέ
2172 673 2637 747 πληθυνθήσονται
2667 674 2759 728 ἐπὶ
2788 673 2892 743 τῆς
2921 673 3025 744 γῆς
3043 690 3057 704 ο
3105 693 3124 725 ι
3159 673 3338 744 ἕτεροι
3364 673 3514 737 ὄντες
3559 671 3672 724 τῶν

2083 770 2386 842 προτέρων.
2420 766 2677 821 Τοσοῦτοι
2721 767 2779 820 δὲ
2805 761 2949 820 οὗτοι
2983 765 3216 828 ἔσονται,
3250 764 3347 832 ὡς,
3383 763 3669 837 παραϐαλ-

2081 860 2344 932 λομένους
2369 861 2563 924 αὐτοὺς
2592 861 2706 922 τοῖς
2736 857 3005 930 πρώτοις,
3039 856 3499 930 πολλοστημόριον
3526 853 3670 910 εἶναι

2081 950 2396 1022 νομίζεσθαι
2422 949 2515 1004 τοῦ
2542 950 2765 1003 ἐκείνων
2795 949 3051 1021 πλήθους.

2613 1041 3012 1095 ΚΕΦΑΛΑΙΟΝ
3057 1045 3130 1096 Z’.

2157 1155 2176 1187 ι
2207 1136 2318 1188 Καὶ
2347 1135 2563 1204 ἐγένετο
2583 1151 2638 1187 εν
2661 1137 2779 1197 ταῖς
2807 1133 3042 1205 ἡμέραις
3077 1132 3245 1204 Ἀχὰζ
3269 1133 3361 1203 τοῦ
3401 1135 3666 1209 Ἰωάθαμ,

2077 1227 2174 1282 τοῦ
2194 1227 2312 1282 υἱοῦ
2349 1228 2521 1292 Ὀζίου
2550 1226 2814 1298 βασιλέως
2850 1225 3041 1291 Ἰούδα,
3077 1226 3243 1298 ἀνέϐη
3283 1227 3538 1281 Ῥαασσίν
3569 1227 3669 1298 βαι

2083 1322 2263 1385 σιλεὺς
2315 1321 2514 1392 Ἀρὰμ,
2545 1321 2641 1374 καὶ
2688 1318 2864 1373 Φακέε
2908 1319 3022 1384 υίὸς
3080 1318 3374 1390 Ῥωμελίου
3409 1319 3668 1389 βασιλεὺς

2092 1413 2306 1485 Ἰσραὴλ
2336 1411 2429 1466 ἐπὶ
2466 1411 2842 1484 Ἰερουσαλὴμ,
2872 1410 3177 1482 πολεμῆσαι
3207 1411 3377 1481 αὐτήν
3398 1427 3411 1440 °
3441 1411 3535 1464 καὶ
3563 1411 3667 1466 οὐκ

2075 1505 2418 1577 ἠδυνήθησαν
2461 1503 2820 1576 πολιορκῆσαι
2860 1503 3051 1573 αὐτήν.
3101 1501 3211 1555 Καὶ
3261 1503 3540 1573 ἀνηγγέλη
3581 1504 3665 1567 εἰς

399 1589 571 1650 David
603 1595 848 1651 dicentes
875 1611 889 1648 :
917 1595 1214 1650 Consensit
1234 1598 1401 1647 Aram
1437 1607 1560 1647 cum
1603 1591 1880 1661 prraim,
1926 1599 1971 1645 el

2078 1596 2169 1650 τὸν
2197 1593 2343 1650 οἷκον
2372 1596 2554 1659 Δαυῒδ,
2590 1596 2837 1664 λέγοντες
2856 1613 2868 1625 ·
2902 1593 3289 1666 Συνεφώνησεν
3317 1594 3492 1664 Ἀρὰμ
3527 1595 3668 1666 πρὸς

398 1688 702 1758 stupefacta
752 1696 836 1741 est
887 1686 1068 1741 anima
1115 1686 1256 1756 ejus,
1305 1694 1362 1740 et
1409 1685 1588 1738 anima
1627 1682 1807 1753 populi
1837 1683 1993 1752 ejus,-

398 1782 542 1836 sicut
575 1780 773 1851 lignum
817 1783 870 1836 in
923 1781 1056 1837 silva
1105 1794 1136 1833 a
1185 1787 1350 1832 vento
1400 1785 1667 1831 movetur.
1729 1774 1796 1829 Et
1842 1774 1978 1828 dixit

399 1871 662 1927 Dominus
689 1873 757 1928 ad
807 1871 1024 1936 Isaiam,
1055 1870 1331 1939 Egredere
1353 1869 1406 1923 in
1446 1881 1734 1922 occursum
1769 1863 1974 1931 Achaz,

399 1975 458 2021 tu
505 1975 562 2022 et
606 1967 698 2037 qui
760 1965 1051 2021 derelictus
1101 1970 1185 2019 est
1222 1961 1390 2017 Jasub
1430 1959 1572 2014 tllius
1617 1967 1761 2012 tuus.
1793 1976 1812 2010 ι
1870 1956 1977 2011 Par

397 2055 598 2126 quippe
633 2063 752 2111 erat
779 2065 840 2109 ut
881 2054 1157 2125 prophetae
1199 2051 1377 2116 illius,
1429 2050 1521 2120 qui
1569 2063 1674 2104 non
1709 2063 1814 2103 una
1851 2063 1973 2101 cum

398 2147 599 2219 populo
630 2155 945 2216 corruptus,
975 2147 1068 2202 sed
1110 2153 1351 2214 paternae
1377 2142 1642 2197 doctrinae
1672 2149 1830 2195 tenax
1863 2139 1975 2193 fue-

397 2249 506 2303 rat,
543 2237 672 2293 hinc
703 2253 942 2308 praesens
969 2237 1346 2292 institueretur
1368 2249 1396 2289 a
1421 2243 1595 2303 patre,
1626 2248 1749 2288 cum
1777 2232 1972 2287 ﬁducia

396 2328 711 2391 accedente.
739 2343 802 2383 ac
821 2327 972 2398 jussa
990 2334 1340 2396 exsequente.

475 2510 637 2566 Vens.
677 2510 733 2565 4.
776 2529 797 2563 ι
822 2509 887 2566 Ει
918 2510 1064 2564 dices
1090 2508 1161 2573 ei,
1198 2507 1344 2563 Cave
1385 2515 1445 2562 ut
1471 2508 1745 2577 quiescas,
1806 2514 1861 2561 et
1906 2520 1973 2560 ne

396 2602 615 2667 timeas,
648 2616 826 2671 neque
852 2601 1157 2655 inilrmetur
1184 2599 1368 2653 anima
1394 2608 1481 2652 tua
1507 2611 1537 2652 a
1575 2598 1782 2652 duobus
1811 2597 1972 2667 lignis

395 2693 680 2748 titionibus
702 2693 1094 2762 fumigantibus
1121 2691 1204 2744 bis
1233 2727 1252 2756 ,
1283 2708 1304 2742 ι
1347 2689 1544 2760 quibus
1583 2689 1720 2744 nihil
1753 2689 1971 2745 luminis

397 2783 548 2851 insit,
577 2783 668 2838 sed
694 2783 788 2852 qui
819 2782 1092 2838 exstincto
1136 2779 1316 2834 titioni
1346 2789 1554 2833 tantum
1601 2779 1805 2834 similes
1838 2779 1967 2834 sint.

394 2871 713 2944 Huiusmodi
745 2873 942 2943 quippe
972 2881 1099 2927 sunt
1124 2872 1231 2926 duo
1255 2872 1330 2927 illi
1359 2885 1534 2940 reges,
1564 2885 1798 2940 quorum
1823 2877 1968 2924 metu

393 2973 452 3019 et
498 2963 787 3018 formidine
830 2963 1049 3016 teneris.
1095 2961 1321 3017 Etiamsi
1368 2962 1514 3016 enim
1569 2961 1655 3014 vis
1706 2960 1794 3014 illa
1851 2975 1968 3017 mea

2078 1687 2169 1741 τὸν
2213 1689 2481 1759 Ἐφραῖμ·
2519 1689 2613 1740 καὶ
2635 1686 2826 1756 ἐξέστη
2855 1689 2887 1756 ή
2926 1686 3070 1756 ψυχή
3103 1684 3291 1745 αὐτοῦ,
3327 1685 3418 1738 καί⁸
3451 1688 3484 1756 ἠ
3513 1684 3664 1756 ψυχὴ

2077 1778 2170 1832 τοῦ
2203 1778 2332 1832 λαοῦ
2365 1777 2550 1840 αὑτοῦ,
2577 1777 2635 1833 ὃν
2660 1777 2860 1847 τρόπον
2885 1777 2942 1828 ἐν
2963 1774 3154 1846 δρυμῷ
3185 1773 3337 1840 ξύλον
3364 1774 3467 1828 ὑπὸ
3497 1774 3664 1828 πνεύ-

2080 1889 2248 1942 ματος
2299 1869 2551 1939 σαλευθῇ,
2603 1870 2711 1922 Καὶ
2758 1863 2879 1922 εἷπε
2936 1866 3141 1939 Κύριος
3193 1867 3330 1939 πρὸς
3398 1868 3660 1920 Ἡσαΐαν-

2080 1961 2300 2026 Ἔξελθε
2333 1962 2414 2024 εἰς
2437 1959 2761 2031 συνάντησιν
2797 1959 2981 2028 Ἀχὰζ,
3010 1960 3073 2012 σὺ
3101 1960 3194 2012 καί⁴
3222 1960 3252 2011 ὁ
3282 1957 3666 2026 καταλειφθεὶς

2089 2052 2299 2107 Ἰασοὺὸ
2330 2054 2360 2105 ὁ
2401 2051 2514 2114 υίός
2544 2066 2660 2105 σου.
2702 2069 2718 2100 ι
2761 2050 2907 2103 Ἔδει
2940 2049 2996 2102 δὲ
3027 2049 3122 2101 καὶ
3169 2049 3258 2102 τὸν
3301 2048 3416 2100 υἱὸν
3445 2047 3663 2118 προφή-

2073 2163 2190 2208 του,
2239 2145 2313 2216 μὴ
2354 2142 2818 2213 συνδιαφθαρέντα
2862 2140 2940 2211 τῷ
2979 2141 3192 2210 πλήθει,
3229 2139 3665 2209 ἐναπομείναντα

2071 2236 2130 2289 δὲ
2159 2238 2225 2307 τῇ
2271 2237 2504 2306 πατρικῇ
2537 2232 2879 2301 διδασκαλίᾳ,
2929 2231 3327 2302 μαθητεύεσθαι
3360 2230 3420 2294 ἐξ
3448 2230 3661 2283 ἐκείνου

2071 2329 2151 2399 τῷ
2193 2328 2380 2398 πατρὶ,
2423 2327 2512 2380 διὰ
2535 2326 2628 2379 τοῦ
2675 2328 2924 2397 παρεῖναι
2957 2325 3106 2396 αὑτῷ
3147 2323 3454 2393 θαρσαλέως
3489 2339 3663 2394 προσε

2076 2421 2206 2474 ιόντι
2231 2421 2326 2474 καὶ
2357 2420 2647 2491 πράττοντι
2675 2418 2742 2470 τὰ
2771 2418 3122 2488 κελευόμενα.

2149 2531 2168 2563 ‹
2209 2513 2316 2565 Καὶ
2347 2513 2493 2582 ἐρεῖς
2518 2511 2694 2582 αὐτῷ·
2728 2509 2966 2577 Φύλαξαι
3003 2509 3094 2563 τοῦ
3128 2510 3418 2581 ήσυχάσαι,
3458 2508 3552 2562 καὶ
3581 2507 3660 2579 μὴ

2073 2603 2261 2674 φοϐοῦ,
2301 2603 2436 2674 μηδὲ
2474 2602 2770 2656 ἀσθενείτω
2799 2604 2832 2674 ή
2861 2601 3007 2672 ψυχή
3043 2618 3135 2654 σου
3166 2601 3274 2654 ἀπὸ
3305 2600 3414 2654 τῶν
3445 2601 3538 2654 δύο
3568 2595 3663 2664 ξύ-

2070 2695 2177 2751 λων
2203 2697 2310 2750 τῶν
2334 2694 2508 2748 δαλῶν
2528 2695 2636 2748 τῶν
2662 2693 3074 2765 καπνιζομένων
3094 2693 3318 2758 τούτων,
3356 2712 3374 2744 ι
3403 2692 3659 2763 οὐδαμῶς

2073 2787 2171 2857 μὲν
2203 2785 2319 2856 φῶς
2353 2785 2586 2856 ἐχόντων
2604 2826 2619 2848 ,
2653 2785 2796 2856 δαλῷ
2827 2786 2884 2839 δὲ
2938 2785 3098 2856 μόνον
3131 2783 3446 2856 ἐσϐεσμένῳ
3479 2783 3660 2836 ἐοικό-

2068 2897 2195 2932 των.
2228 2878 2473 2932 Τοιοῦτοι
2499 2879 2608 2951 γάρ
2650 2879 2793 2943 τινές
2823 2880 2962 2933 εἰσιν
2990 2880 3038 2932 οἱ
3068 2879 3161 2932 δύο
3204 2877 3461 2948 βασιλεῖς,
3489 2869 3562 2930 ὧν
3594 2876 3661 2928 ἐν

2071 2971 2220 3043 φόΰῳ
2250 2973 2344 3026 καὶ
2374 2971 2545 3040 ἀγῶνι
2574 2971 2935 3042 καθέστηκας.
2969 2971 3030 3023 Εἰ
3060 2968 3170 3042 γὰρ
3197 2969 3293 3024 καὶ
3319 2969 3388 3023 τά
3421 2968 3660 3039 μάλιστα

395 3056 814 3126 castigationem
870 3055 1215 3120 immittens,
1293 3069 1457 3124 quam
1512 3054 1645 3107 iram
1698 3051 1968 3122 appellare

2078 3063 2104 3131 ή
2137 3061 2453 3133 παιδευτική
2481 3078 2581 3132 μου
2610 3060 2857 3131 δύναμις,
2889 3062 2954 3132 ἢν
2985 3061 3154 3132 ὀργὴν
3179 3059 3471 3114 ἀποκαλεῖν
3496 3058 3662 3113 εἴωθε

395 3148 575 3203 solent
610 3147 790 3202 divina
819 3146 1063 3212 oracula,
1119 3160 1213 3201 vos
1241 3145 1472 3201 antehac
1515 3145 1712 3214 saepius
1753 3146 1968 3199 invase—

393 3242 488 3305 rit,
545 3239 611 3295 ad
667 3237 1094 3294 confutationem
1143 3253 1357 3302 eorum,
1400 3237 1492 3308 qui
1535 3251 1700 3306 penes
1754 3251 1850 3290 vos
1895 3235 1969 3290 dii

392 3331 777 3387 vocabantur:
811 3331 1005 3400 quibus
1036 3344 1135 3386 vos
1179 3329 1400 3400 quidem
1447 3327 1718 3391 ﬁdebatis,
1760 3336 1819 3382 at
1848 3328 1968 3382 illos

393 3423 531 3480 nihil
559 3437 679 3478 esse
699 3423 1108 3492 comprobatum
1137 3429 1242 3487 est,
1285 3436 1412 3476 cum
1435 3435 1531 3475 vos
1563 3419 1767 3474 inimici
1801 3420 1968 3474 vestri

393 3515 640 3570 subditos
679 3528 744 3568 ac
774 3513 1053 3569 dedititios
1085 3521 1380 3582 caperent;
1430 3521 1665 3566 attamen
1715 3510 1967 3579 quoniam

393 3607 476 3661 ira
509 3621 625 3661 mea
675 3605 858 3676 iniqua
897 3622 1006 3661 non
1041 3614 1163 3671 est,
1206 3613 1395 3672 utpote
1440 3604 1615 3658 bonus
1661 3602 1822 3670 Deus,
1875 3601 1968 3671 qui

394 3713 491 3754 vos
523 3705 682 3753 antea
729 3698 796 3751 ad
844 3697 1155 3751 utilitatem
1187 3705 1433 3750 vestram
1488 3693 1768 3764 corripui;
1825 3708 1971 3749 nunc

393 3791 590 3846 iterum
625 3790 994 3844 inﬁrmitatem
1054 3797 1294 3842 vestram
1351 3797 1519 3841 totam
1570 3786 1797 3850 curabo,
1845 3786 1970 3850 si,a

391 3883 624 3954 pristino
649 3895 837 3937 errore
867 3891 1050 3936 vestro
1074 3879 1460 3949 resipiscentes
1481 3917 1496 3943 ,
1540 3877 1628 3948 pie
1655 3891 1817 3945 agere
1845 3891 1972 3932 vere

390 3973 674 4030 ediscatis.

467 4065 632 4120 VERS.
672 4063 727 4128 8,
751 4065 805 4120 9.
830 4081 850 4116 ι
872 4062 978 4118 Sed
1010 4063 1188 4117 adhuc
1213 4061 1496 4132 sexaginta
1519 4060 1758 4130 quinque
1790 4059 1969 4125 annis,

392 4157 611 4214 deﬁciet
650 4170 880 4225 regnum
930 4155 1186 4224 Ephraim
1219 4170 1249 4208 a
1283 4153 1500 4224 populo.
1531 4172 1551 4204 ι
1616 4152 1729 4208 Ηοο
1765 4153 1896 4208 item
1939 4168 1970 4208 a

393 4249 655 4320 propheta
679 4247 863 4302 Acha;
895 4247 1111 4313 ediscit,
1165 4261 1271 4300 non
1320 4245 1410 4322 diu
1469 4253 1660 4315 postea
1709 4245 1972 4301 Samaria

392 4353 618 4410 regnum
646 4337 960 4393 solvendum
1005 4349 1161 4403 esse,
1194 4335 1410 4391 subdito
1435 4334 1634 4403 populo
1657 4349 1784 4390 .una
1841 4350 1966 4389 cum

2069 3150 2142 3205 τὰ
2186 3151 2360 3220 λόγια,
2407 3151 2672 3223 μετῆλθεν
2725 3152 2868 3222 ὑμᾶς
2899 3151 2960 3204 τὸ
2996 3151 3279 3221 πρότερον,
3314 3151 3394 3213 εἰς
3433 3148 3662 3219 ἔλεγχον

2067 3243 2175 3297 τῶν
2199 3241 2613 3315 ὀνομαζομένων
2639 3241 2794 3314 ὑμῶν
2823 3241 2981 3305 θεων,
3005 3236 3086 3305 οἷς
3119 3241 3398 3311 ἐθαρσείτε
3429 3241 3526 3310 μὲν
3556 3239 3662 3294 αὐ-

2067 3336 2171 3398 τοὶ,
2199 3335 2247 3388 οἳ
2274 3335 2330 3389 δὲ
2360 3335 2422 3388 τὸ
2453 3335 2618 3406 μηδὲν
2646 3334 2798 3398 ὅντες
2828 3333 3200 3404 ἀπηλέγχοντο
3217 3373 3231 3397 ,
3265 3324 3500 3402 ὁπηνίκα
3528 3331 3662 3385 ὐπο-

2067 3426 2303 3497 χειρίους
2327 3426 2472 3496 ὑμᾶς
2502 3420 2642 3478 εἷλον
2669 3426 2719 3477 oi
2751 3423 3017 3495 πολέμιοι·
3050 3425 3218 3494 ὅμως,
3250 3421 3373 3476 ἐπεὶ
3406 3423 3478 3492 μή
3505 3422 3659 3474 ἐστιν

2069 3520 2102 3589 ή
2135 3518 2242 3589 ἐμὴ
2271 3517 2408 3589 ὀργή
2434 3517 2769 3588 παράνομος,
2795 3517 2868 3579 ὡς
2898 3515 3100 3584 ἀγαθὸς
3121 3514 3253 3577 Θεὸς
3279 3513 3440 3577 αὐτὸς
3472 3513 3564 3565 καὶ
3589 3511 3658 3566 τὸ

2070 3605 2284 3678 πρῶτον
2337 3607 2482 3676 ὑμᾶς
2525 3606 2616 3658 ἐπὶ
2650 3604 2728 3676 τῷ
2771 3605 3104 3676 συμφέροντι
3147 3603 3381 3668 παίσας·
3419 3603 3515 3656 καί⁷
3553 3601 3656 3658 νῦν

2069 3693 2225 3761 αὖθις
2275 3699 2382 3751 πᾶν
2414 3698 2475 3752 τὸ
2503 3698 2716 3769 νόσημα
2742 3697 2894 3768 ὑμῶν
2941 3697 3180 3767 ἰάσομαι,
3226 3696 3322 3751 ἐὰν
3342 3735 3357 3758 ,
3389 3697 3654 3765 ἐπιστραα

2070 3789 2261 3858 φέντες
2293 3790 2392 3860 τῆς
2426 3789 2697 3862 προτέρας
2726 3788 2956 3860 πλάνης,
2991 3788 3213 3859 μάθοιτε
3242 3787 3484 3841 εὐσεϐεῖν
3515 3786 3654 3858 ἀλήσ-

2071 3879 2198 3943 θῶς.

2147 4082 2167 4117 ι
2219 4063 2356 4117 Ἀλλ’
2390 4062 2470 4116 ἔτι
2518 4062 2781 4134 ἐξήκοντα
2819 4061 2981 4114 πέντε
3024 4061 3159 4115 ἐτῶν
3203 4060 3443 4130 ἐκλείψει
3477 4062 3510 4132 ή
3553 4060 3653 4130 βαι

2071 4156 2244 4210 σιλεία
2288 4153 2528 4226 Ἐφρατμ
2566 4155 2676 4208 ἀπὸ
2725 4153 2874 4207 λαοῦ.
2937 4172 2954 4204 ι
3006 4153 3284 4208 Μανθάνει
3331 4151 3507 4206 τοίνυν
3555 4154 3652 4207 καὶ

2069 4250 2226 4304 τοῦτο
2255 4247 2405 4321 παρὰ
2437 4246 2531 4301 τοῦ
2562 4249 2839 4319 προφήτου
2869 4249 2896 4300 ὁ
2941 4246 3106 4317 Ἀχάζ
3123 4263 3136 4276 ’
3173 4246 3248 4309 ὼς
3281 4246 3401 4300 ὅσον
3432 4244 3584 4298 οὔπω
3615 4247 3650 4316 ή

2069 4341 2169 4411 τῆς
2195 4339 2509 4410 Σαμαρείας
2538 4337 2781 4408 βασιλεία
2817 4337 3274 4405 καταλυθήσεται,
3302 4336 3395 4390 τοῦ
3425 4339 3482 4389 ἐν
3506 4336 3646 4408 αὐτῇ

394 4430 610 4500 regibus
636 4429 689 4484 in
719 4428 1091 4498 captivitatem
1138 4427 1389 4493 abducto,
1434 4435 1599 4496 atque
1635 4427 1706 4483 ob
1753 4426 1962 4482 nefaria

2078 4433 2488 4504 βασιλευομένου
2534 4430 2664 4484 λαοῦ
2711 4430 2892 4493 αὐτοῖς
2949 4428 3255 4482 ϐασιλεῦσιν
3299 4429 3644 4499 αἰχμαλώτου

392 4532 546 4593 gesta
580 4522 634 4576 in
672 4520 925 4592 Assyrios
963 4519 1249 4575 translato.
1302 4518 1461 4585 Quod
1512 4519 1580 4586 si,
1625 4520 1720 4585 ait,
1756 4529 1968 4590 tempus

393 4627 556 4669 nosse
584 4620 860 4682 peroptes,
884 4613 1023 4666 scito
1065 4611 1226 4668 annis
1259 4611 1474 4668 abhinc,
1493 4611 1775 4681 sexaginta
1803 4610 1964 4681 quin-

388 4720 500 4777 que
541 4715 826 4759 venturum
856 4701 1209 4774 Assyriorum
1239 4718 1421 4774 regem
1449 4741 1466 4772 ,
1503 4703 1756 4772 ipsosque
1782 4715 1966 4757 omnes

389 4799 637 4868 captivos
660 4798 1041 4862 abducturum,
1075 4795 1129 4850 in
1160 4809 1421 4866 suamque
1476 4795 1751 4865 regionem
1793 4803 1967 4849 trans-

391 4899 736 4963 portaturum
761 4903 900 4945 esse.
939 4887 1067 4943 Haec
1082 4887 1242 4958 jussit
1271 4888 1413 4943 Deus
1437 4888 1758 4957 prophetam
1786 4901 1962 4942 enun-

396 4984 555 5046 tiare,
591 4990 702 5036 tum
743 4981 844 5050 ipsi
882 4981 1064 5035 Achaz
1086 5019 1102 5045 ,
1146 4989 1258 5033 tum
1311 4978 1546 5034 subdito.
1577 4978 1774 5048 populo
1805 4995 1820 5032 :
1855 4992 1962 5046 quo

397 5073 503 5129 illis
530 5083 722 5129 auctor
754 5080 919 5134 esset,
966 5081 1025 5126 \It
1062 5069 1129 5124 ad
1151 5085 1211 5125 se
1236 5079 1706 5133 converterentur,
1753 5083 1818 5123 ac
1844 5082 1964 5122 cre-

393 5166 604 5229 derent,
665 5177 842 5232 neque
886 5162 1049 5216 dictis
1083 5161 1241 5216 [idem
1293 5169 1570 5231 negarent.
1624 5157 1753 5214 Illos
1800 5173 1963 5228 porro

391 5255 670 5323 sexaginta
699 5255 940 5323 quinque
978 5263 1170 5318 annos,
1207 5252 1360 5306 aiunt
1385 5251 1735 5306 Hebrteorum
1765 5250 1856 5304 lilii
1895 5249 1962 5303 ad

392 5361 560 5400 unum
610 5347 854 5414 expletos
913 5345 1266 5412 deprehendi,
1319 5343 1365 5398 si
1415 5345 1536 5414 quis
1575 5358 1607 5397 a
1656 5359 1760 5397 xxv
1818 5341 1964 5396 Ozia‘.

397 5435 548 5506 regni
573 5451 715 5490 anno
739 5445 1051 5506 computum
1077 5435 1345 5490 ordiatur.

471 5701 634 5762 Vens.
676 5703 889 5777 10,“.
934 5724 956 5761 ι
983 5705 1050 5764 Et
1103 5705 1300 5779 adjecit
1350 5705 1610 5766 Dominus
1672 5705 1820 5778 loqui
1885 5707 1954 5763 ad

2067 4525 2451 4596 γενησομένου,
2493 4521 2590 4576 καὶ
2646 4524 2724 4585 εἰς
2764 4521 3080 4593 Ἀσσυρίους
3110 4521 3649 4591 ,ἀποικισθησομένου

2063 4616 2152 4670 διὰ
2179 4616 2275 4679 τὰς
2307 4613 2745 4686 ὑπερϐαλλούσας
2774 4613 2953 4667 αὐτῶν
2985 4614 3276 4683 ἀθεμίτους
3310 4614 3556 4685 πράξεις.
3584 4615 3651 4668 Εἰ

2062 4706 2120 4760 δὲ
2163 4704 2368 4760 καὶτὸν
2403 4705 2592 4776 χρόνον
2619 4702 2825 4766 ποθεῖς,
2863 4707 3017 4773 φησι,
3053 4703 3264 4774 μαθεῖν,
3293 4704 3548 4771 γίνωσκε,
3571 4703 3652 4768 ὡς

2063 4798 2193 4851 εἴσω
2220 4797 2482 4869 ἐξήκοντα
2513 4798 2607 4851 καὶ
2636 4798 2796 4850 πέντε
2825 4796 2962 4849 ἐτῶν
2981 4837 2994 4861 ,
3025 4796 3220 4858 ἐπιϐὰς
3252 4799 3280 4850 ὁ
3310 4796 3418 4849 τῶν
3465 4797 3651 4849 Ἀσσυι

2064 4889 2196 4960 ρίων
2233 4887 2504 4958 βασιλεὺς,
2534 4888 2742 4949 πάντας
2779 4887 2976 4950 αὐτοὺς
3001 4887 3227 4959 λήψεται
3257 4888 3352 4940 καί
3376 4883 3652 4957 αἰχμαλώ-

2062 4995 2185 5042 τους
2212 4979 2292 5040 εἰς
2321 4979 2420 5050 τὴν
2446 4976 2640 5031 ἑαυτοῦ
2675 4979 2940 5047 μετοικιεῖ
2968 4975 3170 5049 χώραν.
3203 4975 3388 5028 Ταῦτα
3413 4974 3492 5044 τῷ
3521 4992 3653 5046 προ-

2064 5072 2211 5142 φήτῃ
2238 5069 2417 5138 λέγειν
2443 5070 2472 5122 ὁ
2498 5069 2630 5133 Θεὸς
2662 5069 3025 5141 προσέταττεν
3054 5067 3200 5138 αὐτῷ
3243 5085 3303 5120 τε
3341 5066 3419 5137 τῷ
3456 5066 3646 5137 Ἀχὰζ,

2061 5162 2156 5215 καὶ
2182 5161 2259 5232 τῷ
2287 5161 2377 5214 ὑπ’
2424 5162 2586 5216 αὐτὸν
2615 5161 2730 5232 λαῷ
2749 5179 2762 5191 ·
2800 5160 3103 5232 παρορμῶν
3152 5162 3351 5224 αὐτοὺς
3389 5160 3528 5230 πρὸς
3559 5161 3652 5213 αύ-

2070 5251 2160 5303 -δν
2195 5251 2560 5325 ἐπιστρέφειν,
2605 5251 2876 5304 πιστεύειν
2905 5267 2963 5303 τε
2997 5251 3090 5303 καὶ
3138 5252 3210 5320 μὴ
3252 5251 3500 5302 ἀπιστεῖν
3533 5253 3650 5313 τοῖς

2071 5342 2410 5414 εἰρημένοις·
2454 5343 2522 5395 τά
2565 5358 2628 5410 γε
2682 5341 2786 5412 μὴν
2833 5341 3092 5411 ἐξήκοντα
3141 5340 3301 5394 πέντε
3339 5340 3432 5410 ἕτη
3484 5341 3649 5407 φασιν

2080 5433 2344 5504 Ἐϐραίων
2407 5434 2592 5496 παῖδες
2640 5435 2720 5496 εἰς
2778 5433 2839 5485 τὸ
2886 5432 3112 5503 ἀκριϐὲς
3171 5430 3645 5503 συμπληροῦσθαι,

2066 5525 2215 5588 εἴτις
2237 5524 2486 5597 ἀριθμεῖν
2512 5525 2738 5595 ἄρξηται
2753 5525 2878 5586 τοὺς
2900 5525 3120 5594 χρόνους
3145 5524 3251 5577 ἀπὸ
3275 5523 3368 5576 τοῦ
3392 5522 3645 5593 πέμπτου

2065 5617 2160 5670 καὶ
2185 5615 2429 5670 εἰκοστοῦ
2459 5615 2611 5678 ἔτους
2637 5615 2736 5685 τῆς
2787 5615 2964 5678 ὐζίου
2997 5615 3291 5684 βασιλείας.

2141 5729 2158 5760 ι
2206 5707 2316 5761 Καὶ
2367 5707 2664 5792 προσέθετο
2707 5707 2907 5774 Κύριος
2955 5706 3183 5775 λαλῆσαι
3236 5705 3371 5773 πρὸς
3437 5701 3641 5773 Ἀχὰξο
