3850 6210
150 270 231 324 1'53
1060 269 1571 329 EOMMENTARIA
1607 270 1678 329 IN
1716 271 1977 328 ISAIAM.
2020 305 2083 315 —-
2125 272 2278 329 CAP.
2322 271 2442 331 VII.
2706 306 2711 311 -
3289 277 3392 334 154

147 386 345 456 Δίτησαι
383 386 594 458 σεαυτῷ
622 386 847 459 σημεῖον
879 389 1029 461 παρά
1062 392 1271 464 Κυρίου
1300 392 1396 447 τοῦ
1428 392 1565 448 Θεοῦ
1601 409 1665 448 σο

1871 393 1989 449 :haz
2029 394 2238 462 dicens,
2274 393 2407 451 Pete
2434 393 2531 450 tibi
2556 394 2769 465 signum
2806 409 2837 450 a
2869 395 3102 453 Domino
3128 396 3240 453 Deo
3275 406 3391 461 tuo,

147 478 211 541 είς
246 474 414 546 βάθος,
455 476 490 548 ἢ
529 478 610 541 είς
651 478 801 548 ὕψος.
842 498 862 532 ι
915 480 1061 535 ’Δντὶ
1088 482 1145 536 δὲ
1173 481 1290 550 τοῦ,
1326 502 1345 536 ‹
1384 486 1464 549 εἰς
1513 484 1667 555 βάθος

1888 485 2239 556 profundum,
2275 497 2371 542 aut
2404 487 2459 541 in
2482 486 2713 544 altum.»
2747 487 2853 544 Pro
2881 488 2996 557 illo,
3031 509 3050 542 ι
3076 491 3134 546 in
3163 489 3391 561 profun-

146 571 170 638 ἦ
221 569 292 631 είς
323 567 474 638 ὕψος,
513 587 534 621 ι
565 570 596 623 6
629 571 728 641 μὲν
762 571 1079 644 Σύμμαχος,
1111 591 1132 625 ι
1173 573 1406 647 Αίτησαι
1462 576 1666 647 σεαυτῷ

1879 595 1953 644 m,
2002 588 2099 635 aut
2164 581 2220 635 in
2268 579 2479 641 altum,
2513 599 2533 632 ι
2589 579 2954 651 Symmachus
3006 582 3228 654 quidem
3292 583 3391 647 ait,

145 661 273 730 φησὶ,
310 662 531 732 σημεῖον
562 660 717 733 παρά
745 662 953 733 Κυρίου
985 660 1124 717 Θεοῦ
1180 680 1304 718 σοιν
1357 663 1586 735 βάθυνον
1614 667 1664 719 εί

1868 669 1987 726 Pete
2014 670 2111 727 tibi
2136 671 2354 741 signum
2381 686 2412 725 a
2446 670 2680 728 Domino
2727 670 2838 727 Deo
2878 681 2999 741 tuo,
3050 673 3296 743 deprime
3333 673 3388 730 in

143 755 271 825 ᾅδην,
290 754 328 822 ιῆ
351 756 431 818 είς
458 754 593 826 ὕψος
616 754 729 809 ἀνω
748 772 762 786 ο
807 774 826 807 ι
864 756 895 808 6
931 755 989 809 δὲ
1029 756 1281 822 Ἀκύλας,
1312 777 1332 810 ι
1380 758 1663 831 Ἐπερὼτη

1869 759 2099 824 fernum.
2124 773 2222 817 aut
2262 763 2319 818 in
2359 762 2637 819 excelsum
2682 778 2883 833 supra;
2915 782 2934 816 ι
2992 765 3190 835 Aquila
3232 781 3389 831 vero,

144 864 219 899 σον
241 846 442 917 σεαυτῷ
474 848 702 920 σημεῖον
727 846 880 919 παρά
916 849 1123 921 Κυρίου
1151 849 1246 903 τοῦ
1284 850 1419 903 Θεοῦ
1450 868 1564 904 σου’
1604 850 1664 921 βά

1867 853 1998 926 Roga
2039 856 2139 911 tibi
2164 856 2379 926 signum
2413 871 2442 910 a
2475 856 2706 911 Domino
2735 857 2848 912 Deo
2894 849 3007 921 tuo,
3056 857 3305 927 deprime
3335 857 3387 912 in

142 936 274 989 θννον
296 939 372 1000 εἰς
408 937 564 1008 ᾅδην,
611 936 943 1009 μετεώρισον
977 939 1058 1001 είς
1088 938 1220 1009 ὕψος
1239 954 1253 969 ⁸
1301 958 1319 991 ι
1368 942 1397 993 ὁ
1427 941 1485 994 δὲ
1511 941 1662 995 Θεοδε

1867 945 2098 1011 l'ernum,
2127 946 2277 1003 eleva
2314 948 2368 1003 in
2408 946 2612 1014 altum;
2638 966 2658 1000 ι
2708 947 3034 1015 Theodotio,
3069 968 3087 1002 ‹
3117 950 3251 1005 Pete
3293 948 3387 1006 tibi

140 1030 272 1094 τίων,
310 1048 330 1080 ‹
362 1030 595 1100 Αίτησαι
623 1030 831 1102 σεαυτῷ
859 1033 1010 1103 παρά
1034 1033 1241 1105 Κυρίου
1271 1032 1364 1087 τοῦ
1392 1033 1527 1087 Θεοῦ
1560 1052 1654 1087 σου

1863 1055 2014 1110 gnum
2053 1054 2081 1094 a
2133 1039 2364 1095 Domino
2396 1041 2504 1095 Deo
2562 1049 2677 1105 tuo,
2709 1040 2954 1110 deprime
2985 1042 3038 1096 in
3092 1041 3383 1107 infernum,

142 1120 338 1191 βάθυνον
360 1124 439 1186 είς
468 1122 622 1195 ᾅδην,
657 1118 871 1193 ὕψωσον
906 1124 1042 1178 ἀνω.
1082 1144 1101 1177 ι
1136 1125 1429 1180 Κελεύεται
1463 1126 1642 1181 τοίνυν

1864 1146 1953 1186 sva
1983 1131 2038 1186 in
2065 1130 2287 1186 altum.»
2315 1128 2543 1186 Jubetur
2566 1146 2697 1203 ergo
2724 1132 2907 1188 Achnz
2932 1132 3149 1204 signum
3174 1142 3384 1203 petere,

150 1214 293 1284 ’Δχάζ
321 1218 545 1286 σημεῖον
580 1218 834 1287 αἰτῆσαι,
878 1217 948 1269 δι’
978 1210 1039 1270 οὗ
1079 1216 1419 1288 σωθήσεσθαι
1473 1218 1670 1291 ἔμελλε

1864 1240 1906 1279 ιο
1940 1234 2054 1279 tum
2102 1224 2238 1294 ipse,
2290 1233 2401 1279 tum
2436 1224 2661 1295 populus
2701 1224 2818 1293 ejus
2849 1226 3077 1282 salutem
3119 1241 3384 1283 consecu-

139 1305 275 1369 αὐτὸς
298 1323 353 1359 τε
392 1307 487 1361 καὶ
510 1310 539 1362 6
581 1310 679 1362 σὺν
704 1308 854 1380 αὐτῷ
890 1309 1035 1373 λαός.
1078 1308 1357 1374 Ἐξουσίαν
1394 1310 1451 1364 δὲ
1481 1311 1659 1366 δίδωσι

1865 1332 1954 1372 rus
2000 1325 2140 1371 erat.
2202 1315 2541 1371 Facultatem
2582 1326 2764 1371 autem
2824 1318 2924 1389 ipsi
2976 1318 3185 1388 praebet
3240 1318 3385 1376 Deus

140 1396 266 1466 αὐτῷ
301 1401 328 1452 ό
358 1400 492 1463 Θεὸς
534 1401 800 1471 αἱρέσεως
830 1400 926 1455 τοῦ
963 1402 1212 1473 σημείου,
1244 1402 1355 1456 εἴτε
1398 1404 1465 1456 ἐκ
1500 1404 1660 1474 βάθου

1859 1408 2027 1479 igendi
2059 1406 2224 1476 signi,
2274 1422 2338 1461 ac
2370 1408 2414 1462 si
2463 1423 2529 1462 ex
2570 1406 2847 1478 profundo
2890 1417 3078 1479 petat;
3136 1425 3204 1465 ex
3250 1424 3379 1480 pro-

138 1492 399 1561 οἱτήσειεν,
431 1491 586 1559 αύτῷ
612 1493 831 1563 δοθῆναι
868 1493 1048 1557 τοῦτο,
1095 1495 1160 1548 ὲκ
1205 1494 1401 1565 βάθους
1441 1497 1539 1567 οὑχ
1579 1499 1658 1552 ἑτέ

1864 1499 1990 1563 ndo,
2032 1513 2139 1552 non
2166 1500 2273 1553 alio
2301 1498 2514 1555 scilicet
2556 1514 2717 1568 quam
2761 1499 3006 1566 inferno,
3052 1515 3111 1556 se
3151 1517 3383 1557 conces-

141 1602 218 1654 ρον
256 1586 285 1656 ἢ
312 1584 402 1639 τοῦ
429 1587 577 1640 κατά
605 1588 697 1643 τὸν
732 1587 865 1660 ᾅδην
884 1605 897 1617 ·
924 1588 1034 1641 εἴτε
1067 1587 1127 1654 ἐξ
1165 1588 1354 1658 ὕψους,
1385 1590 1479 1643 καὶ
1512 1591 1660 1644 αὐτῶ

1861 1606 2021 1659 rum;
2060 1594 2106 1646 sl
2130 1605 2262 1645 vero
2287 1606 2354 1646 ex
2392 1592 2524 1657 alto,
2558 1600 2653 1646 aut
2685 1606 2752 1647 ex
2780 1592 3193 1651 sublimioribus
3219 1594 3381 1665 locis,

138 1678 227 1731 τῶν
252 1680 355 1733 ἄνω
389 1680 704 1752 μετεώρων.

1798 1698 1858 1738 se
1885 1685 2137 1737 daturum
2165 1682 2451 1752 pollicetur

200 1790 216 1821 ι
250 1773 348 1825 Καὶ
375 1767 533 1827 εἶπεν
568 1770 754 1841 Ἀχάζ,
779 1772 855 1825 Ού
896 1772 973 1845 μὴ
993 1772 1221 1844 αἰτήσω,
1258 1773 1369 1828 οὐδ’
1390 1775 1452 1828 οὐ
1486 1773 1559 1846 μὴ
1584 1792 1698 1828 πει-

1880 1770 2039 1827 Vsus.
2084 1772 2172 1828 12.
2220 1792 2240 1824 ‹
2266 1772 2333 1826 Ει
2363 1773 2503 1828 dixit
2532 1772 2740 1840 Acnaz,
2772 1772 2889 1828 Non
2916 1784 3098 1844 petam
3120 1820 3134 1844 ,
3182 1785 3239 1833 et
3272 1792 3381 1833 non

141 1863 267 1935 ράσω
299 1864 520 1936 Κύριον.
569 1884 587 1917 ι
632 1865 933 1919 Ἀναίνεται
979 1866 1045 1937 δὴ
1086 1862 1199 1931 οὗν,
1247 1866 1343 1921 ἀτε
1378 1866 1442 1938 δὴ
1491 1867 1661 1937 ἀσεϐὴ

1864 1864 2026 1918 ntabo
2072 1863 2383 1918 Dominum.
2418 1883 2437 1917 ι
2490 1863 2731 1919 Recusat
2784 1866 3041 1922 videlicet
3084 1877 3143 1923 ut
3181 1869 3384 1938 impius

137 1955 215 2018 ὢν,
237 1956 322 2010 καὶ
349 1957 421 2028 μὴ
442 1957 759 2029 πειθαρχῶν
786 1957 866 2029 τῷ
879 1958 999 2029 Θεῷ
1023 1958 1317 2023 κελεύοντι,
1348 1958 1424 2031 μὴ
1447 1959 1502 2013 δὲ
1525 1960 1657 2013 θέλω

1859 1979 1861 2006 ι
1896 1956 1990 2012 Dei
2025 1966 2296 2025 praecepto
2322 1971 2432 2011 non
2453 1957 2785 2026 obsequens,
2819 1971 2919 2012 nec
2941 1958 3131 2016 volens
3153 1970 3379 2032 stupen-

137 2048 410 2120 ἀπόπειραν
438 2050 626 2104 λαὸεῖν
662 2052 763 2119 τῆς
789 2050 882 2104 τοῦ
914 2050 1049 2105 Θεοῦ
1083 2049 1515 2122 παραδοξοποιοῦ
1545 2050 1657 2106 δυνά

1442 2049 1515 2105 ιοῦ
1545 2050 1697 2106 δυνά·
1798 2049 1879 2103 da:
1902 2047 2117 2104 virtutis
2155 2047 2253 2104 Dei
2279 2049 2711 2119 experimentum
2743 2064 2962 2121 capere.

140 2155 280 2208 μεως.

198 2248 214 2281 ι
240 2231 341 2285 Καὶ
371 2229 527 2284 εἶπεν
550 2248 564 2261 ·
612 2230 907 2286 Ἀκούσατε
936 2232 1023 2301 δὴ,
1052 2225 1203 2296 οἶκος
1238 2232 1429 2287 Δαυτδ’
1476 2232 1569 2303 Μὴ
1608 2249 1695 2302 μι-

1870 2230 2037 2289 Vsus.
2080 2233 2170 2288 15.
2220 2252 2239 2286 ‹
2267 2233 2336 2289 Ει
2377 2235 2535 2301 dixit,
2557 2235 2758 2290 Audite
2783 2250 2939 2306 ergo,
2970 2236 3164 2293 domus
3187 2238 3376 2307 David,

137 2321 245 2392 κρδν
271 2323 393 2393 ὑμῖν
440 2324 634 2392 ἀγῶνα
677 2324 937 2396 παρέχειν
977 2324 1307 2397 ἀνθρώποις,
1349 2323 1468 2388 πῶς
1504 2324 1657 2397 Κυρίι

1861 2323 2065 2394 nmquid
2090 2339 2282 2395 parum
2314 2326 2469 2381 vobis
2492 2336 2575 2382 est
2600 2326 2907 2382 molestiam
2934 2329 3175 2397 praebere
3203 2331 3381 2384 homi-

137 2415 370 2485 παρέχετε
399 2415 628 2484 ἀγῶνας
668 2435 686 2468 ι
727 2417 850 2470 Ἐπὶ
874 2419 940 2488 τῇ
964 2416 1059 2470 τοῦ
1088 2417 1281 2488 ἀνδρὸς
1306 2416 1534 2488 ἀπονοίᾳ
1566 2433 1657 2487 σχε

1858 2415 1976 2483 bus,
2014 2432 2112 2472 cur
2150 2418 2382 2474 Domino
2434 2419 2740 2473 molestiam
2805 2421 3095 2487 praebetis?
3123 2440 3141 2474 ›
3187 2425 3378 2477 ﬂomi-

136 2505 328 2568 τλιάσας
362 2508 391 2560 6
432 2507 758 2579 προφήτης,
793 2506 851 2574 ἐξ
888 2508 1088 2561 οἰκείου
1132 2506 1426 2580 προσώπου
1450 2506 1516 2559 τά
1562 2506 1656 2576 ἐξῆ

1958 2508 2203 2564 lultiliam
2231 2510 2522 2565 miseratus
2547 2511 2838 2580 propheta,
2887 2525 2953 2565 ex
2998 2512 3217 2582 propria
3248 2528 3377 2582 ραι*-
3472 2532 3478 2545 ί

137 2597 361 2665 ἐπιλέγει.
390 2598 585 2652 Ταῦτα
611 2598 668 2652 δὲ
702 2600 732 2651 6
773 2599 872 2670 μὲν
914 2598 1145 2663 Ἀκύλας
1170 2598 1359 2653 τοῦτον
1381 2600 1657 2672 ἡρμήνευε

1862 2616 1929 2655 na
1954 2615 2073 2670 qua!
2104 2612 2405 2671 sequuntur
2436 2602 2775 2670 pronuntiat.
2811 2601 2938 2659 Haec
2980 2619 3145 2673 porro
3178 2604 3376 2674 Aquila

136 2688 209 2743 τὸν
231 2692 417 2763 τρόπον
435 2709 449 2722 ·
506 2712 527 2745 ι
583 2691 876 2746 Ἀκούσατε
908 2692 995 2764 δὴ,
1023 2689 1171 2757 οἶκος
1198 2693 1390 2747 Δαυῖδ·
1422 2693 1570 2764 Μήτι
1595 2692 1654 2745 όλ

1857 2708 1901 2748 »ο
1951 2694 2111 2749 modo
2161 2695 2564 2763 interpretatur
2602 2711 2617 2747 :
2664 2711 2684 2745 ι
2727 2695 2925 2750 Audite
2973 2711 3125 2767 ergo,
3184 2698 3377 2753 domus

132 2796 214 2850 γον
250 2785 473 2856 μοχθοῢν
514 2785 750 2857 ἄνδρας,
792 2786 875 2839 ὅτι
927 2786 1175 2857 μοχθεῖτε
1208 2784 1303 2838 καί
1335 2802 1400 2853 γε
1436 2784 1528 2837 τὸν
1561 2783 1652 2837 Θεέ

1858 2785 1989 2853 ινίἀ,
2032 2783 2305 2855 Numquid
2336 2801 2529 2855 parum
2563 2785 2804 2858 amigere
2827 2789 2993 2856 viros,
3020 2791 3147 2859 quia
3180 2790 3378 2861 amigi-

140 2891 248 2943 μους
301 2896 317 2927 ι
357 2878 414 2930 ’0
462 2877 525 2931 δὲ
582 2876 909 2930 Θεοδοτίων·
972 2895 991 2929 ι
1052 2876 1346 2930 Ἀκούσατε
1392 2876 1489 2947 δὴ,
1546 2871 1660 2929 οῖκο

1857 2895 1867 2932 ι
1902 2878 2066 2933 etiam
2109 2878 2280 2933 Deum
2312 2880 2533 2934 meum?
2561 2899 2580 2931 ι
2615 2877 2919 2936 Theodotio
2963 2891 3167 2949 autem,
3216 2903 3235 2937 ι
3261 2886 3377 2939 Au-

138 2968 299 3021 Δαυῒδ·
344 2970 432 3041 Μὴ
485 2969 687 3041 μικρὸν
738 2968 925 3036 ἀγῶνα
983 2969 1245 3040 παρέχειν
1279 2967 1558 3040 ἀνδράσιν,
1612 2968 1658 3021 ὅτ

1859 2980 1909 3024 te
1939 2984 2095 3039 ergo,
2121 2970 2314 3025 domus
2346 2970 2536 3035 David,
2568 2969 2839 3040 Numquid
2862 2985 3051 3041 parum
3077 2972 3377 3029 molestiam

139 3060 293 3127 ἀγῶνα
336 3062 613 3133 παρέχετε
657 3062 750 3115 καί
784 3078 849 3130 γε
881 3060 959 3132 τῷ
991 3060 1111 3132 Θεῷ
1149 3077 1282 3132 μους
1320 3080 1337 3112 ι
1373 3061 1430 3114 'O
1452 3060 1508 3114 δὲ
1544 3059 1659 3131 Σύμ

1859 3060 2044 3115 ’ωὒενο
2077 3062 2232 3128 viris,
2274 3061 2403 3131 quia
2438 3061 2747 3116 molestiam
2780 3062 3035 3131 praebetis
3072 3064 3235 3119 etiam
3271 3066 3379 3120 Deo

142 3171 310 3224 μαχος·
361 3174 379 3207 ι
448 3155 749 3209 Ἀκούσατε
783 3154 870 3227 δὴ,
890 3149 1049 3223 οἶκος
1086 3154 1280 3207 Δαυῖδ·
1315 3154 1407 3227 Μὴ
1458 3155 1559 3207 οὐκ
1599 3151 1662 3207 αῠ

1859 3151 2009 3206 eo?»
2070 3150 2431 3223 Symmachus
2483 3169 2635 3217 vero,
2697 3154 2940 3209 «Audite
2994 3169 3149 3225 ergo,
3183 3156 3379 3212 domus

138 3261 304 3317 ταρκες
329 3249 455 3319 ύμῖν
490 3246 699 3301 κοποῦν
726 3245 1068 3318 ἀνθρώπους,
1093 3248 1175 3301 ὅτι
1210 3247 1443 3301 κοποῦτε
1471 3247 1551 3301 ἔτι
1596 3266 1658 3303 κα

1856 3245 2005 3311 avid,
2046 3244 2242 3301 Annon
2282 3243 2513 3300 suﬂiciet
2552 3245 2711 3301 vobis
2749 3244 3050 3315 defatigare
3095 3248 3376 3314 homines,

136 3336 210 3389 τὸν
248 3336 367 3391 Θεόν
401 3355 546 3410 μους
593 3358 612 3389 ι
654 3338 812 3391 Ἔστι
842 3337 901 3391 δὲ
938 3340 967 3392 6
994 3336 1121 3401 νοῦς
1153 3337 1264 3391 τῶν
1307 3339 1656 3411 προκειμένω

1859 3341 1924 3395 lia
1974 3340 2285 3413 defatigatis
2331 3342 2494 3397 etiam
2547 3340 2719 3396 Deum
2760 3341 3036 3396 meum?»
3088 3341 3379 3399 Praesentis

140 3431 358 3496 τοιοῦτος·
390 3433 464 3486 Οὐ
492 3431 772 3485 παύσεσθε
801 3449 933 3485 ποτε
956 3435 1067 3495 τοῖς
1088 3430 1183 3485 τοῦ
1206 3431 1341 3485 Θεοῦ
1361 3431 1660 3504 ἀνθρώποις

1859 3446 1959 3486 ’1⁵1⁵0
1998 3432 2129 3487 dicti
2163 3446 2316 3487 mens
2362 3432 2477 3488 haec
2531 3442 2635 3496 est,
2687 3430 3050 3501 Nunquamne
3089 3433 3379 3488 cessabitis

140 3519 338 3596 λὲγωδὴ
380 3528 497 3588 τοῖς
544 3526 872 3596 προφήταις,
918 3525 1119 3588 κόπους
1160 3526 1253 3578 καὶ
1303 3525 1553 3595 μόχθους,
1597 3544 1660 3580 κα

1858 3524 1891 3578 3i
1918 3523 2251 3591 hominibus,
2283 3524 2538 3578 videlicet
2567 3524 2846 3593 prophetis
2873 3539 2971 3594 pro
2991 3534 3175 3579 vestra
3203 3525 3378 3580 salute

138 3614 321 3681 ἀγῶνας
384 3618 514 3680 τοὺς
571 3617 711 3688 ὑπὲρ
756 3617 858 3687 τῆς
906 3617 1179 3689 ὑμετέρας
1226 3618 1500 3689 σωτηρίας
1552 3635 1658 3690 παρ

1857 3616 2198 3681 borantibus,
2236 3613 2676 3684 defatigationes,
2726 3614 2946 3670 labores
2989 3624 3046 3670 et
3097 3614 3377 3671 molestias

140 3701 348 3772 ἐχοντεςς
386 3707 554 3760 Ἀλλά
596 3707 662 3777 δὴ
695 3708 791 3759 καὶ
824 3705 973 3777 αύτῷ
1016 3704 1094 3776 τῷ
1117 3705 1234 3777 ὲμῷ
1265 3706 1404 3777 Θεῷ,
1444 3694 1502 3759 ὃν
1534 3707 1660 3778 ὑμεῖ

1857 3706 2072 3761 τεθετεῖ
2127 3705 2235 3761 Sed
2292 3708 2530 3762 etiamne
2577 3706 2676 3772 ipsi
2727 3706 2838 3761 Deo
2889 3719 3031 3770 meo,
3084 3722 3245 3775 quem
3278 3721 3377 3761 vos

136 3795 343 3863 ἀγνοεῖτε
395 3800 492 3853 καὶ
553 3800 833 3870 ἀρνεῖσθε,
890 3803 959 3870 τῇ
1017 3798 1267 3866 πολυθέῳ
1328 3800 1656 3871 προσέχοντε

1855 3799 2059 3853 noratis
2110 3807 2165 3853 et
2222 3799 2457 3869 negatis,
2505 3796 2805 3851 multorum
2857 3798 3140 3851 numinum
3199 3799 3375 3855 errori

139 3887 302 3960 πλάνῃ,
317 3890 592 3961 σκυλμοὺς
611 3891 706 3943 καὶ⁵
722 3890 943 3955 κόπους,
967 3892 1061 3945 καὶ
1086 3890 1306 3959 ἀγῶνας
1327 3891 1659 3962 παρέχοντες

1855 3891 1990 3958 :diti,
2028 3889 2325 3956 molestias,
2362 3889 2777 3960 defatigationes
2820 3898 2876 3942 et
2914 3889 3133 3944 labores
3161 3888 3375 3958 praebe-

136 3977 199 4048 τῷ
229 3980 293 4053 μὴ
334 3982 619 4051 βούλεσθαι
654 3983 928 4037 πιστεύειν
975 3982 1139 4037 αὐτοῦ
1168 3985 1289 4046 ταῖς
1309 3982 1656 4052 ἐπαγγελίαις

1858 3983 1945 4049 tis,
1996 3982 2241 4038 nolentes
2290 3982 2409 4053 ejus
2457 3980 2743 4052 promissis
2783 3980 2944 4037 tidem
2977 3981 3206 4050 habere,
3271 3996 3374 4038 nec

138 4072 248 4141 μηδὲ
275 4073 339 4127 τά
368 4074 777 4144 κεκελευσμένα
812 4075 1106 4147 πράττεινς

1808 4073 1912 4144 ejus
1933 4082 2202 4142 praecepta
2227 4072 2488 4143 exsequi?

198 4180 213 4213 ι
259 4164 349 4219 Διά
383 4165 549 4219 τοῦτο
583 4164 744 4218 δώσει
792 4165 994 4239 Κύριος
1045 4167 1207 4232 αὐτὸς
1254 4168 1382 4239 ύμῖν
1426 4170 1684 4240 σημεῖον·

1867 4165 2034 4222 Vens.
2071 4166 2161 4222 14.
2194 4183 2214 4217 ‹
2251 4164 2479 4236 Propter
2507 4165 2613 4220 hoc
2640 4165 2793 4221 dabit
2836 4164 3098 4223 Dominus
3140 4166 3257 4239 ipse
3280 4181 3376 4223 vo-

147 4252 254 4307 Ὶδοὺ
279 4256 549 4327 παρθένος
578 4259 635 4310 ὲν
663 4258 861 4329 γαστρὶ
889 4258 1139 4329 λήψεται,
1179 4260 1275 4314 καὶ
1307 4258 1520 4325 τέξεται
1551 4260 1665 4314 υἱὸν

1855 4276 1881 4315 s
1930 4262 2139 4330 signum
2168 4278 2181 4314 :
2208 4258 2350 4314 Ecce
2380 4259 2533 4328 virgo
2566 4257 2622 4313 in
2655 4270 2811 4315 utero
2840 4260 3149 4330 concipiet,
3195 4268 3252 4317 et
3279 4276 3375 4330 pa-

136 4344 213 4395 καὶ
255 4344 497 4410 καλέσεις
540 4346 601 4399 τὸ
656 4347 828 4416 ὄνομα
876 4347 1041 4401 αὑτοῦ
1100 4349 1467 4421 Ἐμμανουήλ.
1528 4369 1548 4401 ι
1600 4351 1656 4403 Ti

1848 4363 1903 4407 et
1950 4352 2141 4420 ﬁlium,
2191 4360 2248 4407 et
2290 4351 2511 4407 vocabis
2560 4366 2759 4407 nomen
2808 4354 2926 4423 ejus
2974 4352 3313 4409 Emmanuel.
3345 4374 3366 4407 ι

138 4438 292 4504 φησὶν,
318 4441 429 4493 ἐστὶ
452 4442 517 4493 τὸ
549 4443 813 4513 σωτήριον
857 4445 1100 4512 σημεῖον,
1126 4443 1155 4496 ὃ
1187 4444 1281 4497 καὶ⁹
1319 4442 1393 4514 μὴ
1437 4442 1658 4514 βουλομέ

1852 4447 1948 4505 und
1989 4432 2115 4513 est,
2140 4444 2315 4513 inquit
2341 4483 2356 4509 ,
2388 4445 2601 4516 signum
2628 4444 2895 4513 salutare,
2927 4445 3071 4514 quod
3095 4445 3249 4501 vobis
3285 4445 3372 4500 vel

138 4547 227 4594 νοις
253 4534 371 4602 ὑμῖν
406 4532 673 4606 παρέξεις
713 4533 1012 4607 παράδοξόν
1053 4552 1106 4589 τι
1142 4534 1327 4593 θαῦμα
1368 4533 1521 4589 ἔσται
1551 4552 1658 4588 ποτ

1851 4536 2105 4591 )lentibus
2134 4536 2440 4604 praebebit?
2482 4538 2803 4606 stupendum
2836 4536 3108 4606 quoddam
3136 4536 3371 4591 miracu-

137 4621 185 4672 ἐν
216 4624 527 4696 ἀνθρώποις,
571 4626 669 4680 καὶ
717 4628 941 4697 σημεῖον
996 4626 1263 4698 μηδέποτε
1306 4627 1570 4682 ἀκουσθὲν
1619 4627 1657 4679 ὲε

1856 4642 1905 4680 m
1950 4625 2240 4696 aliquando
2277 4625 2330 4681 in
2360 4625 2673 4682 hominibus
2701 4627 2848 4693 erit,
2877 4640 2941 4681 ac
2979 4626 3196 4695 signum
3234 4642 3373 4682 nun-

136 4712 214 4764 τοῦ
245 4717 432 4780 παντὸς
461 4718 680 4782 αἰῶνος.
713 4718 988 4791 Παρθένος
1015 4719 1206 4789 κυήσει
1241 4718 1367 4788 δίχα
1402 4718 1501 4789 τῆς
1546 4718 1653 4789 πρὸ

1854 4731 1958 4771 Iam
1987 4717 2137 4772 omni
2168 4715 2364 4772 saeculo
2397 4717 2669 4772 auditum.
2697 4715 2861 4787 Virgo
2891 4726 3107 4772 uterum
3136 4718 3374 4788 gestabit

139 4802 279 4875 ἄνδρα
299 4810 600 4874 κοινωνίας,
634 4812 727 4863 καὶ
754 4810 886 4865 Θεὸν
907 4813 1175 4882 γεννήσει,
1205 4810 1433 4882 Σωτῆρα
1454 4810 1545 4863 τοῦ
1575 4810 1659 4864 τῶη

1848 4822 1915 4863 ne
1947 4806 2053 4863 ulla
2085 4822 2206 4864 cum
2247 4809 2367 4863 viro
2390 4807 2781 4865 consuetudine
2802 4848 2820 4877 ,
2855 4819 2910 4864 et
2942 4810 3113 4865 Deum
3148 4810 3367 4881 signet,

140 4895 406 4967 ἀνθρώπων
432 4900 647 4969 γένους.
670 4901 871 4957 Τοῦτον
898 4902 1060 4957 αὐτὸν
1080 4903 1170 4956 τὸν
1200 4902 1459 4973 μέλλοντα
1491 4903 1660 4975 λαγχά

1850 4899 2019 4954 ιωθηί
2048 4899 2263 4969 generis
2296 4898 2657 4954 Salvatorem.
2681 4900 2835 4956 Hunc
2864 4901 3062 4972 ipsum,
3086 4902 3178 4973 qui
3207 4902 3370 4956 talem

140 5002 230 5040 νειν
259 4990 504 5062 τοιαύτης
524 4994 832 5064 γεννήσεως
858 4994 991 5047 Θεὸν
1016 4997 1240 5066 σημεῖον
1262 4995 1391 5065 ὑμῖν
1424 4998 1660 5068 σωτήριο

1850 5003 1973 5048 ἰιιηι
1998 4992 2261 5049 ducturus
2303 5002 2391 5049 est
2415 5034 2430 5058 ,
2464 4993 2638 5050 Deum
2665 5034 2681 5060 ,
2709 4997 2764 5049 in
2795 4995 3013 5063 signum
3040 4994 3197 5050 vobis
3223 4995 3370 5051 salu-

142 5078 355 5133 ἐντεῦθεν
397 5083 546 5155 ήδηὸ
589 5084 723 5149 Θεὸς
769 5086 1032 5157 παρέχειν
1084 5087 1113 5139 ὃ
1153 5086 1216 5158 δή
1257 5086 1352 5139 καὶ
1388 5088 1472 5149 εἰς
1524 5085 1662 5157 βάθοι

1853 5100 1911 5140 re
1934 5084 2045 5154 jam
2075 5086 2277 5142 exhinc
2320 5085 2463 5142 Deus
2499 5089 2723 5143 exhibet
2755 5105 2770 5155 ;
2807 5088 2953 5157 quod
2974 5096 3029 5142 et
3058 5087 3111 5141 in
3148 5086 3371 5156 profun-

145 5167 224 5234 μὲν
258 5169 317 5223 δι’
357 5173 421 5242 ἦν
475 5175 765 5245 ποιήσεται
812 5176 1005 5247 μέχρις
1055 5176 1181 5247 ᾅδου
1226 5177 1551 5245 κατάϐασιν,
1605 5180 1665 5231 είς

1848 5193 1918 5231 tm
1943 5188 1999 5232 et
2022 5181 2076 5232 in
2105 5179 2270 5234 altum
2296 5181 2654 5243 extendetur;
2683 5180 2737 5233 in
2775 5178 3099 5247 profundum
3129 5177 3368 5246 quidem,

272 5264 325 5317 δὲ
364 5265 449 5318 διὰ
483 5266 583 5338 τὴν
622 5269 702 5331 είς
734 5270 998 5340 οὐρανοὺς
1028 5269 1310 5324 ἐπάνοδον.
1346 5271 1418 5324 Σὺ
1448 5267 1564 5334 οὖν,
1615 5266 1662 5324 οἳ

1851 5285 1889 5323 ιι·
1918 5270 2240 5326 descensum
2274 5286 2432 5326 suum
2463 5285 2633 5341 usque
2670 5269 2742 5324 ad
2774 5269 3083 5333 infernum;
3117 5268 3170 5321 in
3199 5268 3371 5322 altum

143 5368 219 5416 mg
244 5356 414 5420 Δαυῒδ,
449 5358 699 5413 ἐντεῦθεν
732 5360 831 5431 ήδη
880 5361 1020 5415 κατά
1059 5362 1148 5414 τὸν
1191 5362 1378 5433 καιρὸν
1409 5362 1507 5431 τῆς
1553 5362 1663 5432 πρὸ

1849 5376 1947 5427 aro,
1988 5378 2083 5432 per
2114 5378 2269 5418 suum
2295 5364 2361 5418 ad
2386 5364 2554 5418 caelos
2586 5362 2844 5417 reditum.
2881 5361 2961 5415 Tu
2990 5376 3142 5431 ergo,
3175 5362 3369 5416 domus

143 5446 242 5507 τοὺς
267 5449 535 5520 παρόντας
565 5450 853 5521 πολεμίους
888 5468 951 5503 συ
961 5451 1164 5523 μὸολῆς
1194 5452 1464 5506 ἀνακαλοῢ
1497 5453 1658 5506 αὑτὸν

1850 5455 1962 5510 avid
1990 5495 2006 5521 ,
2043 5454 2158 5525 jam
2206 5456 2259 5510 in
2310 5465 2554 5526 tempore
2600 5453 2759 5522 hujus
2803 5468 2925 5509 cum
2974 5453 3213 5509 inimicis
3264 5453 3370 5509 tuis

153 5534 466 5612 Ἐμμανουήλ
498 5542 870 5613 ἐπονομάζων,
896 5544 1035 5615 ὅπερ
1060 5545 1123 5597 ὲκ
1144 5544 1243 5616 τῆς
1268 5546 1563 5617 ἑρμηνείας
1582 5547 1673 5617 τὴν

1846 5546 2158 5617 ingressus,
2206 5563 2372 5603 evoca
2416 5549 2567 5603 illum
2596 5587 2612 5613 ,
2658 5545 2978 5602 Emmanuel
3011 5560 3366 5616 nuncupans,

150 5626 221 5678 τοῦ
249 5629 395 5699 λόγου
430 5634 728 5706 παρίστησι
767 5634 1026 5706 δύναμιΨ
1065 5654 1085 5687 ⁴
1145 5637 1263 5707 μεθ’
1310 5637 1467 5709 ἡμῶν
1509 5658 1527 5690 ’
1576 5638 1670 5711 τάξ

1849 5640 1936 5695 lod
1973 5654 2041 5695 ex
2086 5639 2396 5711 signiﬁcatu
2443 5640 2595 5696 verbi
2636 5639 2889 5697 virtutem
2941 5637 3185 5693 declarat
3216 5658 3231 5694 ;
3267 5637 3369 5692 hoc

157 5736 170 5767 ι
201 5721 363 5787 όΘεὸς
390 5747 409 5776 ι
442 5726 592 5792 δηλοῖ
614 5725 874 5794 τοῦνομα.
906 5729 1182 5785 Πιστεύων
1203 5725 1296 5787 οὖν
1324 5730 1461 5803 δῇτσ.
1482 5730 1559 5801 τῷ
1589 5748 1677 5802 ση·

1847 5732 1992 5804 Iippe
2009 5746 2225 5805 nomen,
2252 5752 2271 5789 ‹
2309 5732 2597 5794 nobiscum
2625 5733 2789 5804 Deus,
2823 5751 2842 5786 ι
2879 5724 3367 5806 signiﬁcat.‘Signo
