3850 6210
452 279 557 340 1⁸55

1157 267 1428 330 EUSEBII
1462 257 1946 327 CIESARIEN’SIS
1982 258 2132 319 OPP.
2173 254 2356 318 PARS
2398 260 2488 316 Ill.
2514 290 2575 299 —-
2599 249 3011 314 EXEGETJCA.

3618 250 3719 306 156

450 406 636 473 itaque
664 400 822 461 fidem
865 398 1071 454 habens
1101 395 1315 452 conlide
1347 411 1360 448 :
1387 407 1560 462 neque
1608 391 1750 445 ultra
1784 386 2034 443 Damasci

2163 385 2278 454 ιείῳ
2305 383 2518 453 θάρσει,
2554 381 2650 434 καὶ
2687 377 2885 450 μηκέτι
2917 375 3017 448 μὲν
3045 373 3203 436 θεοὺς
3232 369 3504 426 ἀνακαλοῦ
3539 373 3720 441 Δαμα-

450 494 582 548 deos
623 492 845 545 invoces
871 530 885 551 .
911 501 1093 558 neque
1119 499 1215 540 eos
1239 526 1253 549 ,
1283 485 1379 554 qui
1415 497 1520 537 non
1552 488 1701 546 sunt,
1741 479 2038 533 auxiliares

2141 474 2295 538 σκοῢ,
2334 474 2468 545 μηδὲ
2494 471 2621 534 τοὺς
2663 469 2738 541 μὴ
2769 468 2929 530 ὄντας
2961 464 3187 536 βοηθοὺς
3215 462 3524 536 ὲπιγράφου
3561 478 3722 514 σεαυ-

453 585 550 638 tibi
585 584 836 646 ascribe;
871 581 967 634 sed
997 579 1434 642 Emmanuelem,
1473 583 1661 645 utpote
1701 572 1871 627 Deum
1913 583 2038 624 cum

2163 566 2232 620 τοῦ
2257 583 2270 596 ·
2307 566 2398 619 τὸν
2425 565 2484 618 δὲ
2513 558 2881 633 Ἐμμανουήλ,
2911 559 2988 622 ὼς
3011 557 3077 612 ἂν
3105 557 3238 612 Θεὸν
3265 555 3574 628 ἀνθρώποις
3603 572 3724 607 συν-

447 676 765 733 hominibus
799 673 1096 739 aliquando
1126 679 1491 732 versaturum,
1514 667 1732 729 invoca,
1768 679 1892 719 cum
1917 675 2040 732 per-

449 767 594 822 fecta
633 767 830 821 ﬁducia
870 779 1119 836 sperans,
1153 777 1218 817 ac
1244 759 1479 816 nominis
1505 757 1695 812 virtuti
1737 755 1897 810 fidem
1944 753 2040 807 ha-

455 859 613 913 hens.

525 950 633 1005 Sed
673 963 773 1003 nos
809 957 1098 1018 postquam
1130 945 1236 999 huc
1283 940 1641 1002 devenimus,
1691 936 2041 990 animadver-

452 1051 572 1095 tere
603 1053 702 1108 par
729 1047 835 1102 est,
875 1051 984 1106 quo
1009 1047 1168 1106 pacto
1192 1031 1483 1103 pr0phetia
1534 1028 1717 1084 domui
1765 1027 1936 1081 David
1965 1025 2043 1080 di-

453 1141 603 1186 serte
635 1130 958 1200 praecipiat,
1004 1138 1064 1182 ut
1100 1142 1226 1180 eum
1264 1124 1356 1193 qui
1388 1138 1456 1178 ex
1483 1120 1704 1192 Virgine
1731 1118 2043 1173 nasciturus

453 1235 541 1280 est
566 1266 580 1288 ,
613 1221 1027 1280 Emmanuelem
1059 1227 1356 1288 nuncupet.
1387 1213 1524 1269 Nam
1563 1225 1616 1268 tu
1646 1214 1762 1282 ipsa
1790 1249 1806 1277 ,
1851 1211 2044 1265 domus

355 1368 359 1371 .
458 1318 650 1384 David,
683 1330 805 1386 quae
832 1314 944 1382 iam
975 1310 1255 1382 prepheta
1286 1309 1417 1362 ades
1441 1345 1457 1371 ,
1501 1305 1734 1376 ejusque
1760 1312 2044 1356 sermones

452 1409 612 1464 audis
642 1448 657 1474 ,
687 1422 812 1462 eum
847 1404 939 1475 qui
966 1404 1021 1458 in
1054 1400 1318 1456 vaticinia
1347 1399 1544 1462 fertur,
1574 1396 1796 1450 vocabis
1825 1393 2046 1446 Emma-

454 1501 580 1557 nuel
606 1517 622 1566 ;
653 1514 719 1553 ac
745 1498 790 1552 si
820 1496 1024 1552 clarius
1049 1493 1280 1558 diceret,
1314 1489 1452 1544 Eum
1490 1489 1587 1542 tibi
1613 1487 1914 1554 adiutorem
1933 1482 2042 1537 fre-

453 1592 714 1664 quentius
735 1603 925 1655 evoca,
952 1587 1270 1656 plerumque
1303 1579 1712 1636 Emmanuelem
1744 1575 2046 1646 appellans,

2138 659 2400 731 εσόμενόν
2445 674 2610 725 ποτε,
2667 657 2844 720 κάλει,
2881 653 3101 726 θαρσῶν
3141 652 3240 705 σὺν
3272 648 3597 720 πεποιθήσει
3634 664 3727 700 τε-

2139 752 2280 824 λείᾳ,
2315 750 2588 805 πιστεύων
2617 752 2683 822 τῇ
2709 749 2812 821 τῆς
2847 743 3220 820 προσηγορίας
3247 741 3490 812 δυνάμει.

2225 937 2362 990 Ἀλλ’
2393 934 2625 989 ἐνταῦθα
2657 930 2982 1004 γενομένους
3010 930 3162 1001 ἡμᾶς
3209 925 3501 997 ἐπιστῆσαι
3555 938 3725 995 προσ-

2142 1030 2288 1102 ήκει,
2320 1028 2395 1093 ὼς
2422 1027 2668 1100 ἀκριϐῶς
2697 1029 2731 1097 ὴ
2775 1023 3083 1095 προφητεία
3113 1021 3193 1093 τῷ
3217 1019 3352 1090 οτκῳ
3373 1015 3535 1071 Δαυῖδ
3558 1031 3729 1088 προσ-

2141 1123 2348 1190 τάττει,
2392 1121 2618 1176 καλέσαι
2664 1118 2757 1172 τὸν
2798 1119 2862 1171 ὲκ
2905 1119 3005 1188 τῆς
3048 1112 3325 1186 Παρθένου
3368 1107 3733 1180 γενησόμενον

2157 1213 2525 1287 Ἐμμανουήλ.
2572 1213 2646 1266 Σὺ
2673 1209 2784 1282 γὰρ
2811 1207 2992 1272 αὐτὸς,
3025 1208 3054 1260 ὁ
3082 1201 3230 1269 οἶκος
3263 1201 3444 1264 Δαυῒδ,
3475 1203 3503 1252 ὁ
3533 1200 3630 1254 νῦν
3655 1197 3733 1268 τῷ

2145 1308 2403 1381 προφήτῃ
2461 1303 2788 1378 συμπαρὼν,
2838 1301 2934 1356 καὶ
2983 1299 3177 1354 τούτου
3232 1294 3583 1368 ἀκροώμενος
3623 1292 3733 1345 τῶν

2144 1399 2319 1468 λόγων
2367 1398 2457 1451 τὸν
2495 1395 2890 1466 θεσπιζόμενον
2937 1391 3190 1454 καλέσεις
3242 1384 3621 1459 Ἐμμανουήλ’
3659 1386 3736 1447 ὡς

2145 1494 2195 1545 εἰ
2261 1490 2592 1562 σαφέστερον
2651 1486 2858 1554 ἔλεγεν,
2935 1478 3228 1536 Ἐπικαλοῦ
3288 1477 3482 1548 βοηθὸν
3551 1472 3737 1543 ἑαυτῷ

2149 1582 2410 1653 συνεχῶς,
2467 1579 2728 1643 πολλάκις
2783 1572 3134 1647 Ἐμμανουὴλ
3174 1569 3477 1642 ὀνομάζων,
3523 1567 3620 1620 καὶ
3661 1565 3740 1629 ὡς

461 1656 524 1737 ac
551 1689 609 1736 ut
639 1688 964 1750 praesentem
1013 1677 1105 1730 tibi
1142 1676 1311 1730 Deum
1341 1670 1674 1727 vociferans.
1700 1667 1856 1723 Licet
1897 1667 2044 1722 enim

2163 1676 2377 1730 ξυνόντα
2407 1691 2488 1727 σοι
2517 1673 2670 1738 Θεὸν,
2701 1669 2891 1724 τοῦτον
2915 1663 3354 1736 ἀνακαλούμενος
3373 1679 3386 1693 ο
3431 1663 3479 1714 εἰ
3503 1660 3614 1731 γὰρ
3641 1656 3741 1713 καὶ

459 1770 795 1841 longissimis
833 1769 1032 1823 abhinc
1066 1764 1403 1836 temporibus
1433 1761 1676 1816 futurum
1703 1760 1796 1824 sit,
1821 1767 1880 1812 ut
1921 1772 2044 1813 eum

2163 1769 2217 1822 ιὰ
2244 1767 2477 1841 μάλιστα
2506 1767 2737 1837 μακροῖς
2767 1762 2993 1833 ὕστερον
3018 1757 3231 1831 χρόνοις
3252 1760 3286 1828 ἡ
3318 1753 3592 1827 Παρθένος
3617 1749 3742 1805 τοῦσ-

462 1864 634 1933 Virgo
675 1863 728 1916 in
769 1871 926 1916 utero
953 1867 1134 1929 gestet
1157 1866 1215 1910 et
1251 1855 1470 1926 pariat;
1496 1855 1718 1922 quando
1755 1850 2051 1921 prophetia:

467 1955 927 2025 complementum
954 1951 1228 2016 adveniet,
1268 1948 1488 2018 quando
1523 1945 1614 2000 ille
1641 1945 1808 1999 totius
1836 1943 2053 2015 generis

465 2049 692 2103 humani
745 2046 998 2101 Salvator
1025 2043 1418 2104 declarabitur,
1466 2038 1578 2094 alio
1611 2046 1799 2092 utetur
1831 2035 2055 2092 nomine

465 2161 496 2196 a
537 2142 709 2196 salute
734 2140 1009 2202 derivato;
1044 2137 1138 2192 sed
1163 2136 1276 2204 iam
1300 2134 1403 2190 hoc
1442 2142 1690 2202 tempore
1730 2139 1786 2185 tu
1810 2170 1828 2196 ,
1858 2129 2056 2185 domus

466 2234 640 2290 David
665 2273 680 2298 ,
726 2246 849 2303 qua:
881 2232 1078 2285 bonum
1129 2243 1158 2281 a
1195 2226 1305 2280 Deo
1352 2225 1551 2295 pignus
1583 2219 1842 2288 accepisti
1873 2259 1890 2285 ,
1928 2233 2055 2272 eum

465 2327 658 2382 invoca
687 2365 703 2392 ,
747 2319 1159 2378 Emmanuelem
1205 2316 1532 2388 appellans:
1576 2312 1807 2369 salutem
1857 2310 2058 2380 quippe

465 2416 566 2471 tibi
611 2411 858 2470 credenti
906 2420 961 2465 et
1006 2409 1166 2464 dictis
1215 2405 1619 2476 obtemperanti
1670 2416 1866 2457 nomen
1925 2398 2057 2455 illud

464 2505 804 2564 conciliabit.
845 2502 903 2559 Si
945 2503 1090 2559 enim
1124 2501 1334 2555 dictum
1371 2499 1605 2564 fuisset,
1638 2513 1657 2547 ι
1693 2493 1762 2550 Et
1787 2495 2060 2550 vocabunt

467 2613 668 2657 nomen
706 2599 823 2666 ejus
851 2593 1210 2658 Emmanuel,
1252 2611 1271 2644 ι
1310 2593 1490 2647 visum
1514 2590 1711 2645 fuisset
1733 2589 1785 2642 in
1814 2586 2057 2642 futurum

465 2698 682 2762 tempus
710 2698 877 2745 totam
910 2686 1252 2757 prophetiam
1286 2684 1605 2747 remittere;
1654 2681 1758 2735 hoc
1789 2680 1933 2732 enim
1962 2693 2057 2746 pa-

467 2794 560 2842 cto
585 2781 873 2838 dubitandi
903 2795 1068 2834 causa
1094 2777 1498 2847 amphibologia
1532 2775 1587 2829 in
1627 2787 1885 2828 sermone
1923 2770 2060 2826 fuis-

471 2887 592 2942 set;
631 2872 1069 2944 quandoquidem
1104 2870 1148 2923 is
1173 2869 1265 2938 qui
1307 2882 1374 2923 ex
1417 2878 1604 2922 sancta
1647 2865 1871 2937 Virgine
1897 2873 2060 2920 natus

470 2977 557 3021 est
602 2965 851 3020 Salvator
894 2971 1097 3026 noster,
1137 2975 1242 3014 non
1267 2958 1594 3013 Emmanuel
1620 2999 1634 3023 ,
1658 2958 1752 3012 sed
1780 2953 1939 3011 Jesus
1966 2969 2062 3008 vo-

472 3068 630 3112 catus
653 3065 737 3110 est
764 3093 780 3119 ,
821 3053 1119 3108 secundum
1149 3050 1325 3120 angeli
1365 3048 1648 3104 oraculum
1680 3045 1916 3115 Josepho
1947 3045 2060 3100 edi-

475 3160 589 3204 tum
619 3150 706 3204 bis
734 3147 936 3214 verbis,
971 3164 990 3198 ι
1031 3144 1110 3199 Ne
1146 3144 1339 3198 timeas
1378 3141 1629 3209 accipere
1662 3139 1888 3192 Mariam
1923 3152 2054 3192 con-

471 3239 654 3316 iugem
689 3251 837 3294 tuam
869 3256 883 3293 :
913 3237 1058 3307 quod
1102 3234 1250 3289 enim
1288 3234 1340 3287 in
1372 3248 1436 3288 ea
1469 3242 1654 3286 natum
1683 3238 1806 3297 est,
1837 3245 1900 3285 ex
1934 3229 2059 3300 Spi-

476 3336 582 3390 ritu
614 3342 803 3388 sancto
827 3340 931 3386 est.
965 3329 1150 3382 Pariet
1175 3335 1356 3380 autem
1396 3323 1565 3378 lilium
1590 3364 1605 3390 ,
1631 3333 1687 3379 et
1713 3323 1934 3378 vocabis
1965 3339 2063 3378 no-

475 3443 602 3484 men
633 3426 750 3496 eius
779 3422 964 3479 Jesum
996 3439 1009 3474 :
1041 3423 1158 3490 ipse
1187 3422 1333 3473 enim
1367 3419 1574 3472 salvum
1611 3416 1777 3472 faciet
1808 3416 2062 3486 populum

477 3536 638 3578 suum
669 3535 699 3571 a
739 3515 982 3587 peccatis
1007 3515 1125 3585 eius
1149 3513 1219 3566 σι.
1261 3531 1280 3564 ι
1321 3511 1376 3566 Si
1410 3512 1593 3579 itaque
1619 3509 1798 3576 Jesus,
1833 3524 1938 3562 non
1968 3525 2063 3562 au-

478 3624 588 3669 tem
619 3609 959 3672 Emmanuel,
990 3621 1187 3662 nomen
1227 3604 1440 3672 accepit
1484 3601 1746 3658 Dominus
1790 3611 1978 3656 noster
2009 3609 2065 3654 et

481 3708 735 3764 Salvator
775 3720 844 3759 ex
893 3702 1114 3771 Virgine
1147 3708 1310 3754 natus
1336 3696 1634 3752 secundum
1678 3694 2018 3766 prophetiam
2047 3710 2062 3759 ;

481 3799 753 3870 quomodo
783 3809 974 3851 verum
998 3793 1164 3848 fuerit
1189 3790 1473 3847 oraculum
1503 3788 1718 3854 dicens,
1749 3807 1770 3840 ‹
1803 3789 1871 3842 Ει
1901 3801 2068 3842 voca-

481 3895 621 3949 bunt
671 3903 868 3946 nomen
913 3885 1030 3954 eius
1078 3882 1441 3940 Emmanuel?
1479 3902 1499 3935 ›
1539 3881 1907 3948 Quamobrem
1958 3895 2067 3935 non

481 3986 578 4042 illo
629 3982 790 4037 modo
819 3980 1020 4035 dictum
1065 3987 1151 4032 est
1178 4016 1195 4042 ,
1236 3991 1347 4031 non
1392 3975 1538 4030 enim
1580 3975 1648 4030 ab
1681 3975 1936 4029 omnibus
1966 3974 2070 4030 hoc

483 4073 706 4129 nomine
741 4068 1097 4140 appellandus
1123 4076 1283 4132 erat;
1315 4066 1410 4121 sed
1440 4075 1693 4120 accurate
1719 4065 2071 4136 propheticus

484 4176 665 4220 sermo
710 4161 789 4217 sic
829 4160 1031 4223 habet,
1066 4177 1087 4212 ι
1129 4157 1198 4212 Ει
1255 4157 1502 4212 vocabis.
1551 4175 1570 4208 ι
1609 4155 1688 4210 Tu
1733 4157 1880 4211 enim
1911 4157 2023 4223 ipsa
2049 4195 2066 4222 ,

484 4258 681 4312 domus
715 4251 909 4321 David,
939 4251 1096 4320 cuius
1125 4265 1288 4306 causa
1329 4250 1430 4306 hoc
1456 4249 1772 4304 vaticinium
1815 4248 2072 4303 enuntia-

485 4360 598 4418 tur,
631 4357 856 4418 accepto
887 4345 1081 4401 salutis
1107 4345 1331 4415 pignore
1358 4384 1373 4409 ,
1404 4357 1514 4413 quo
1548 4351 1791 4412 tempore
1816 4356 1940 4398 cum
1970 4341 2071 4395 ini-

2149 1875 2241 1916 τον
2274 1861 2466 1931 κυήσει
2503 1858 2598 1912 καὶ
2628 1855 2842 1920 τέξεται
2861 1872 2875 1884 ·
2917 1854 3005 1907 ὅτε
3045 1851 3140 1905 καὶ
3169 1849 3229 1903 τὸ
3261 1847 3613 1917 ἀποτέλεσμα
3645 1860 3744 1912 γε-

2150 1953 2372 2024 νήσεται
2404 1951 2504 2020 τῆς
2535 1943 2893 2020 προφητείας,
2927 1944 3018 1998 ὅτε
3050 1941 3145 1995 καὶ
3177 1939 3367 2010 ξωτὴρ
3395 1937 3744 2006 ἀναφανήσε-

2151 2060 2242 2097 ται
2269 2040 2365 2095 τοῦ
2391 2038 2594 2103 παντὸς
2617 2035 2922 2109 ἀνθρώπων
2943 2035 3156 2104 γένους,
3183 2031 3264 2102 τῷ
3285 2027 3457 2102 ἑτέρω
3477 2028 3744 2103 χρήσεται

2153 2137 2376 2208 ὀνόματι
2411 2136 2512 2206 τῆς
2541 2130 2814 2202 σωτηρίας
2846 2127 3119 2198 ἐπωνύμῳ
3139 2144 3151 2156 ·
3183 2124 3296 2178 ἀλλ’
3326 2119 3572 2174 ἐντεῦθεν
3613 2117 3743 2188 ἢδη,

2158 2231 2244 2294 σὺ,
2272 2230 2300 2282 ὀ
2321 2223 2468 2290 οἶκος
2487 2223 2670 2287 Δαυῒδ,
2692 2221 2895 2293 ἀγαθὸν
2923 2219 3174 2290 σύνθημα
3194 2215 3345 2288 παρὰ
3365 2211 3498 2266 Θεοῦ
3535 2208 3744 2271 λαϐὼν,

2156 2318 2452 2382 ἅνακαλοῦ,
2478 2317 2570 2370 τὸν
2609 2313 2958 2386 Ἐμμανουήλ
2983 2309 3264 2382 ὀνομάζων
3282 2325 3296 2338 ·
3331 2303 3602 2375 σωτηρίαν
3632 2301 3749 2370 γάρ

2160 2430 2242 2466 σοι
2280 2411 2590 2464 πιστεύοντι
2639 2409 2734 2462 καὶ
2778 2402 3164 2476 πειθαρχοῦντι
3194 2403 3305 2463 τοῖς
3349 2395 3667 2467 λεγομένοις
3711 2394 3750 2464 ή

2156 2501 2381 2572 τοιαύτη
2408 2498 2730 2572 προξενήσει
2760 2494 2970 2566 κλῆσις,
2998 2489 3061 2546 Ei
3095 2491 3194 2562 μὲν
3217 2486 3310 2543 οὖν
3339 2489 3544 2559 εἴρητο,
3579 2504 3597 2534 ι
3633 2483 3754 2537 Καὶ

2161 2594 2447 2648 καλέσουσι
2483 2591 2545 2645 τὸ
2581 2591 2756 2660 ὄνομα
2783 2586 2946 2642 αὐτοῦ
2998 2580 3365 2655 Ἐμμανουήλ,
3406 2598 3424 2630 ι
3468 2574 3646 2642 ἔδοξεν
3681 2574 3754 2630 ἂν

2160 2688 2241 2750 εἰς
2294 2684 2554 2756 μέλλοντα
2596 2681 2788 2754 χρόνον
2822 2680 2920 2750 τὴν
2963 2677 3145 2730 πᾶσαν
3184 2671 3575 2744 παραπέμπειν
3612 2683 3756 2741 προ-

2162 2752 2390 2848 φητείαν
2413 2791 2427 2804 ο
2460 2752 2607 2827 οὕτω
2639 2752 2756 2841 -γὰρ
2789 2765 3118 2839 ἀμφιϐολίαν
3164 2757 3308 2832 εἶχεν
3339 2762 3368 2814 ὁ
3399 2759 3587 2826 λόγος·
3625 2752 3761 2806 ἐπεὶ

2282 2863 2648 2938 Ἐμμανουήλ,
2676 2861 2813 2916 ἀλλὰ
2848 2857 3056 2932 Ἰησοῦς
3079 2855 3342 2926 κέκληται
3366 2851 3429 2904 τὸ
3453 2851 3624 2918 ονομα
3651 2841 3757 2898 τοῖ’»

2163 2967 2228 3019 ὲκ
2256 2964 2355 3034 τῆς
2383 2963 2546 3031 ἁγίας
2588 2957 2862 3030 Παρθένου
2896 2953 3245 3024 γεννηθέντος
3284 2948 3535 3018 Σωτῆρος
3567 2942 3753 3013 ἡμῶν.

2164 3056 2307 3110 κατὰ
2338 3054 2429 3108 τὸν
2455 3053 2550 3106 τοῦ
2578 3049 2811 3121 ἀγγέλου
2840 3045 3227 3118 χρηματισμὸν
3251 3044 3498 3114 φήσαντα
3531 3036 3609 3106 τῲ
3648 3036 3758 3087 Ἰω-

2165 3151 2274 3221 σήφ
2295 3165 2308 3179 ·
2340 3165 2359 3198 ‹
2399 3145 2490 3217 Μὴ
2517 3143 2760 3214 φοϐηθῇς
2787 3137 3121 3211 παραλαϐεῖν
3150 3135 3368 3206 Μαρίαν
3393 3131 3489 3202 τὴν
3516 3128 3757 3198 γυναῖκά

2166 3259 2260 3296 σου
2281 3258 2295 3272 ·
2338 3241 2400 3294 τὸ
2436 3239 2546 3310 γὰρ
2585 3239 2642 3290 ἐν
2672 3236 2810 3306 αὐτῇ
2859 3231 3120 3303 γεννηθὲν
3161 3229 3227 3282 ὲκ
3258 3223 3574 3295 Πνεύματὸς
3605 3224 3756 3274 ἐστιν

2162 3335 2340 3405 ἁγίου.
2369 3331 2595 3397 Τέξεται
2627 3329 2686 3382 δὲ
2719 3327 2856 3392 υἱὸν,
2887 3324 2983 3378 καὶ
3011 3320 3263 3383 καλέσεις
3303 3318 3364 3371 τὸ
3390 3317 3562 3385 δνομα
3588 3312 3755 3367 αὑτοῦ

2176 3425 2417 3498 Ἰησοῦν·
2460 3422 2623 3485 αὐτὸς
2663 3419 2772 3490 γὰρ
2817 3417 2981 3470 σώσει
3022 3413 3116 3468 τὸν
3143 3412 3269 3466 λαὸν
3299 3407 3464 3464 αὑτοῦ
3507 3406 3616 3460 ἀπὸ
3648 3406 3758 3460 τῶν

2163 3497 2448 3590 ἁμαρτιῶν
2487 3511 2673 3567 αὑτοῦ.
2724 3529 2742 3562 ι
2790 3510 2853 3562 Ei.
2897 3503 2989 3562 οὖν
3031 3503 3274 3577 Ἰησοῦς,
3320 3500 3432 3555 ἀλλ’
3466 3497 3586 3567 οὐχὶ
3628 3497 3760 3566 Ἐμ-

2169 3589 2409 3682 μανουὴλ
2445 3607 2506 3661 τὸ
2539 3603 2827 3674 ἐπώνυμον
2873 3600 3093 3670 εἴληφεν
3127 3598 3155 3649 ὁ
3204 3595 3410 3666 Κύριος
3463 3589 3621 3662 ἡμῶν
3670 3589 3760 3642 καὶ

2166 3683 2378 3774 Σωτὴρ,
2403 3702 2469 3753 ὲκ
2493 3697 2593 3768 τῆς
2616 3693 2894 3766 Παρθένου
2932 3689 3212 3761 γεννηθεὶς
3240 3685 3382 3740 κατὰ
3416 3683 3514 3755 τὴν
3551 3699 3761 3754 προφη-

2165 3773 2344 3848 τείαν·
2380 3791 2500 3854 πῶς
2533 3789 2598 3843 ἂν
2633 3787 2716 3840 ἔτι
2746 3783 3014 3856 ⁴ἠλήθευσε
3039 3781 3103 3833 τὺ
3130 3779 3310 3847 λόγιον
3341 3776 3544 3846 φῆσαν,
3587 3793 3607 3824 ι
3650 3773 3764 3826 Καὶ

2167 3887 2456 3942 καλέσουσι
2479 3881 2541 3936 τὸ
2559 3881 2731 3951 δνομα
2757 3877 2921 3932 αὑτοῦ
2960 3870 3343 3945 Ἐμμανουήλ;
3383 3889 3401 3920 ι
3431 3867 3632 3937 Διόπερ
3660 3867 3764 3919 οὐκ

2167 3979 2383 4051 εἴρηται
2428 3975 2526 4046 μὲν
2573 3969 2776 4034 οὕτως’
2829 3969 2890 4022 οὑ
2945 3966 3054 4038 γὰρ
3105 3963 3328 4033 ἔμελλεν
3379 3959 3484 4013 ὑπὸ
3539 3959 3764 4012 πάντων

2166 4050 2341 4142 τούτῳ
2367 4065 2649 4123 καλεῖσθαι
2677 4062 2756 4134 τῷ
2785 4061 3135 4134 προσρήματι
3156 4073 3169 4086 ⁸
3207 4052 3448 4126 ἀκριϐῶς
3481 4050 3539 4106 δὲ
3567 4051 3598 4103 ὁ
3627 4067 3769 4120 προ-

2170 4141 2395 4235 φητικὸς
2435 4161 2614 4228 λόγος,
2653 4175 2671 4208 ι
2713 4155 2824 4209 Καὶ
2858 4152 3126 4213 καλέσεις,
3173 4167 3190 4200 ι
3233 4144 3498 4218 περιέχει.
3543 4143 3617 4196 ΣΞ)
3653 4141 3766 4211 γὰρ

2169 4231 2350 4314 αὐτὸς,
2386 4250 2416 4302 ὁ
2441 4244 2588 4310 οἶκος
2621 4243 2804 4307 Δαυῒδ,
2837 4242 2903 4294 δι’
2933 4241 2993 4294 ὃν
3033 4239 3204 4293 ταῦτα
3247 4235 3585 4300 θεσπίζεται,
3637 4231 3766 4286 σύν-

2176 4343 2326 4414 θημα
2373 4338 2646 4411 σωτηρίας
2697 4333 2880 4388 λαϐὼν
2925 4331 3064 4386 κατὰ
3104 4329 3194 4383 τὸν
3238 4325 3429 4400 καιρὸν
3469 4328 3570 4397 τῆς
3623 4323 3763 4396 πρὸς

485 4441 646 4498 micis
691 4437 1040 4512 congrederis
1064 4477 1080 4503 ,
1114 4438 1290 4506 ipsum
1344 4436 1756 4492 Emmanuelem
1785 4448 1919 4489 voca
1945 4473 1961 4499 ,
2012 4442 2059 4488 et

2169 4437 2298 4498 τοὺς
2332 4430 2620 4502 πολεμίους
2671 4426 2968 4499 συμϐολῆς,
3036 4419 3387 4493 Ἐμμανουήλ
3436 4418 3614 4480 κάλει,
3669 4417 3763 4470 καὶ

486 4531 734 4588 victoriae
777 4532 845 4586 de
875 4529 1116 4584 inimicis
1153 4537 1322 4598 partae
1367 4537 1650 4582 auctorem
1691 4524 1902 4580 ascribe
1933 4539 1945 4578 :
1977 4524 2072 4594 qui

486 4621 780 4693 aliquando
811 4621 1027 4690 quidem
1065 4634 1134 4674 ex
1184 4619 1409 4688 Virgine
1451 4619 1796 4684 nasciturus,
1838 4617 1932 4672 sed
1958 4615 2070 4685 iam

489 4717 632 4773 Deus
663 4726 718 4771 et
741 4714 1016 4769 nobiscum
1035 4720 1138 4777 est,
1168 4719 1222 4766 et
1239 4711 1350 4782 iam
1381 4711 1479 4766 tibi
1511 4725 1706 4781 magna
1739 4711 1805 4766 ad
1841 4710 2071 4765 salutem

489 4809 702 4865 tribuit.
733 4806 925 4861 Divino
961 4805 1146 4873 itaque
1170 4811 1441 4874 praecepto
1475 4802 1636 4857 (idem
1677 4802 1885 4857 habens
1909 4840 1925 4867 ,
1956 4801 2073 4857 fre-

488 4911 722 4974 quenter
747 4901 921 4967 ipsum
951 4898 1144 4952 invoca
1170 4896 1506 4965 adiutorem,
1532 4894 1937 4949 Emmanuelem
1971 4910 2072 4965 apo

489 4994 716 5066 pellans.
747 4990 988 5059 Quadam
1027 4989 1175 5044 enim
1205 4987 1517 5057 huiusmodi
1569 5003 1666 5042 ceu
1699 4987 2072 5043 iucantationc

492 5102 629 5158 Opus
655 5093 740 5140 est
763 5122 779 5150 ,
806 5093 867 5137 ut
900 5097 967 5137 ne
1013 5080 1351 5135 daemonibus
1389 5079 1744 5135 auxiliaribus
1784 5079 2032 5134 attendas
2056 5116 2074 5143 ,

493 5181 589 5236 sed
609 5179 792 5236 solum
819 5173 1229 5230 Emmanuelem
1258 5174 1479 5229 invoces
1502 5211 1517 5238 ,
1551 5189 1616 5227 ac
1646 5187 1741 5243 per
1769 5173 1941 5241 ipsum
1986 5186 2074 5226 εδ·-

493 5273 661 5328 lutem
689 5267 1046 5324 nanciscaris.
1075 5265 1330 5322 Nonnulli
1365 5281 1497 5322 vero
1525 5266 1635 5320 ha-c
1676 5265 1899 5319 minime
1925 5265 2074 5333 cogi-

497 5373 672 5418 tantes
693 5403 710 5430 ,
737 5363 790 5416 in
820 5358 1112 5430 Evangelio
1141 5359 1436 5414 secundum
1467 5355 1781 5412 Matthaaum
1810 5397 1826 5420 ,
1856 5371 1954 5426 pro
1977 5355 2069 5409 illo

499 5473 521 5508 ‹
559 5462 615 5509 et
640 5452 887 5518 vocabis,
924 5470 943 5504 ι
987 5470 1006 5502 ι
1037 5459 1092 5506 et
1116 5451 1410 5517 vocabunt,
1445 5466 1464 5500 ι
1495 5449 1764 5518 scripsere
1799 5468 1813 5504 :
1845 5457 1899 5503 at
1939 5462 2070 5518 pro-

495 5545 715 5616 phetica
770 5544 931 5599 lectio
973 5557 1077 5597 non
1107 5542 1189 5598 sic
1217 5542 1418 5608 habet;
1447 5541 1542 5598 sed
1585 5539 1854 5598 Hebratca
1907 5539 2070 5596 lectio

566 5724 615 5758 ⁸³
639 5724 828 5780 Matth.
865 5738 903 5784 t.
931 5723 1020 5783 20.
1059 5721 1153 5778 2L

2172 4529 2274 4598 τῆς
2305 4527 2412 4579 τῶν
2447 4521 2722 4593 πολεμίων
2753 4521 2920 4590 ἥττης
2969 4516 3276 4588 ἐπιγράφου
3315 4511 3502 4566 τοῦτον
3548 4509 3759 4562 αἴτιον⁶

2175 4624 2240 4675 ὲκ
2281 4618 2562 4691 Παρθένου
2603 4616 2701 4686 μὲν
2733 4609 3130 4682 γεννησόμενόν
3174 4625 3326 4670 ποτε,
3372 4606 3471 4676 ήδη
3517 4604 3573 4657 δὲ
3628 4603 3763 4656 Θεὸν

2173 4711 2323 4772 ὄντα,
2367 4710 2461 4761 καλ⁸
2513 4706 2628 4776 μεθ’
2664 4701 2821 4774 ήμῶν
2861 4701 3010 4764 ὄντα,
3056 4695 3306 4750 ἐντεῦθεν
3343 4694 3401 4747 δὲ
3432 4693 3532 4764 ἤδη
3566 4692 3638 4744 τὰ
3668 4707 3766 4762 με·

2176 4801 2318 4872 γάλα
2352 4798 2488 4870 πρὸς
2516 4794 2792 4866 σωτηρίαν
2821 4788 3213 4863 χαριτούμενόν
3243 4804 3345 4841 σοι.
3364 4783 3646 4838 Πιστεύων
3669 4779 3764 4836 οὖν

2175 4893 2253 4964 τῷ
2314 4891 2444 4960 θείῳ
2497 4887 2916 4960 προστάγματι,
2976 4880 3214 4952 συνεχῶς
3287 4877 3448 4932 αὐτὸν
3498 4873 3764 4928 ἐπικαλοὖ

2178 4981 2392 5054 βοηθὸν,
2443 4976 2792 5050 Ἐμμανουήλ
2831 4971 3134 5045 ὀνομάζων.
3171 4969 3441 5039 Τοιαύτης
3488 4968 3594 5038 γάρ
3621 4983 3767 5028 τινος

2175 5078 2364 5147 ὥσπερ
2412 5073 2628 5144 ἐπῳδῆς
2661 5070 2839 5142 χρεία,
2885 5068 3022 5140 πρὸς
3059 5061 3121 5119 τὸ
3169 5063 3243 5136 μὴ
3285 5063 3502 5133 δαίμοσι
3546 5061 3766 5134 βοηθοῖς

2178 5168 2498 5242 προσέχειν’
2548 5164 2706 5236 μόνον
2737 5162 2792 5215 δὲ
2825 5161 2916 5214 τὸν
2975 5155 3319 5229 Ἐμμανουὴλ
3360 5154 3760 5218 ἐπικαλεῖσθαι,

2176 5261 2271 5312 καὶ
2305 5259 2372 5311 δι’
2406 5255 2572 5310 αὑτοῦ
2605 5251 2896 5316 σώζεσθαι.
2925 5249 3110 5302 Ταῦτα
3153 5247 3226 5318 μὴ
3255 5243 3548 5315 νοήσαντές
3594 5261 3762 5307 τινες,

2173 5352 2231 5403 ὲν
2259 5347 2339 5419 τῷ
2363 5345 2507 5402 κατὰ
2531 5343 2809 5399 Ματθαῖον
2839 5339 3176 5410 Εὐαγγελίῳ.
3200 5337 3322 5391 ἀντὶ
3343 5334 3460 5397 τοῦ,
3493 5353 3512 5385 ι
3547 5340 3643 5387 καὶ
3665 5353 3766 5387 κα-

2169 5443 2370 5507 λέσεις,
2392 5459 2514 5492 ι-ι
2535 5439 2629 5492 καὶ
2641 5435 2949 5495 καλέσουσι,
2986 5450 3002 5484 ι
3043 5431 3404 5502 πεποιήκασιν
3423 5445 3436 5458 ·
3464 5427 3563 5497 οὐχ
3590 5425 3768 5488 οὕτως

2170 5537 2402 5609 ἐχούσης
2427 5534 2528 5606 τῆς
2552 5528 2899 5603 προφητικῆς
2919 5527 3120 5594 λέξεως
3142 5541 3155 5556 ο
3186 5525 3220 5595 ἦ
3253 5540 3314 5576 τε
3347 5521 3455 5594 γὰρ
3499 5516 3767 5590 Ἑϐραῖκὴ
