3850 6210
129 415 233 472 ἰδ’]

1050 409 1559 471 COMMENTARIA
1597 413 1664 468 IN
1703 412 1960 470 ISAIAM.
2001 443 2068 455 -—
2105 409 2258 468 CAP.
2302 407 2412 463 Vll.

3289 405 3387 461 l58

127 533 305 603 φωνὴ,
336 530 506 604 ταύτῃ
538 547 597 586 τε
633 533 1000 606 καταλληλως,
1043 536 1137 590 κα)⁸
1177 535 1415 599 ᾶπαντες
1453 536 1503 589 οἱ
1543 536 1714 606 ἑρμη-

1833 550 1936 589 :um
1960 535 2062 588 hac
2092 541 2274 587 nostra
2304 527 2598 598 congruit:
2630 535 2683 582 et
2720 540 2910 582 omnes
2945 525 3268 594 interpretes
3302 542 3390 578 vo-

129 627 339 690 νευταὶ,
372 624 677 694 καλέσεις,
705 627 1084 683 ὲκδεδώκασιν.

209 737 228 770 ι
267 718 663 788 Βούτυρονριαὶ
695 719 815 789 μέλι
842 720 1095 789 φάγεται,
1131 722 1261 794 πρὶν
1292 720 1326 791 ἢ
1372 720 1574 788 γνῶναι
1615 720 1716 773 αύ-

128 809 242 873 τδν,
273 809 308 880 ἢ
343 809 666 880 προελέσθαι
700 810 932 882 πονηρὰ,
962 811 1282 877 ἐκλέξασθαι
1313 811 1375 865 τὸ
1417 811 1642 880 ἀγαθόν.
1693 830 1711 861 ι

128 903 192 954 ΕΞ
212 900 349 968 γοῦν
374 900 672 970 θαυμάζεις
697 902 829 954 Θεὸν
860 901 1198 974 γεννώμενον
1227 902 1462 968 ἀκούων,
1499 903 1719 956 πίστευ-

127 1011 245 1057 σον,
289 995 376 1046 ὅτι
408 995 504 1046 καὶ
539 997 712 1065 τροφῇ
758 995 966 1066 νηπίων
1011 998 1295 1068 χρήσεται.
1328 998 1404 1050 Οὐ
1432 997 1544 1069 γὰρ
1579 997 1720 1052 κατά

123 1105 249 1139 τινα
306 1087 612 1155 φαντασίαν
644 1087 936 1159 ὀφθήσεται
968 1089 1284 1160 ἄνθρωπος,
1323 1089 1436 1161 (Η)
1485 1088 1608 1141 οὔτε
1640 1089 1720 1160 τῷ

123 1177 310 1232 δοκεῖν
358 1178 511 1231 ἔσται
560 1178 622 1231 τὸ
669 1179 987 1249 γινόμενονο
1038 1180 1152 1234 ἀλλ’
1199 1179 1416 1250 άληθῶς
1464 1182 1719 1252 τοιαύτην

125 1270 401 1340 ὑπομενεί
445 1271 732 1340 γέννησιν,
777 1270 852 1335 ώς
901 1273 1225 1342 κοινωνῆσαι
1257 1271 1466 1341 νηπίων
1512 1274 1713 1343 τροφῇ·

127 1362 384 1434 βουτύρῳ
403 1363 548 1431 λέγω
571 1363 666 1416 καὶ
689 1363 862 1434 μέλιτι
886 1363 1087 1434 ὁμοίως
1111 1367 1222 1428 τοῖς
1245 1364 1450 1428 λοιποῖς
1475 1363 1716 1436 βρέφεσι.

125 1453 302 1522 Τοῦτο
334 1455 434 1524 μὲν
459 1450 550 1508 οὖν
575 1453 914 1525 ἀνθρώπινον
930 1473 942 1484 ·
981 1456 1040 1508 τὸ
1066 1455 1124 1509 δὲ
1152 1458 1250 1527 τῆς
1277 1457 1529 1529 θεότητος
1555 1456 1718 1510 αὑτοῦ

125 1546 540 1616 παραστατικὸν
561 1546 736 1599 ἐκεῖνο
760 1546 824 1600 ἂν
851 1547 962 1616 εἴη,
987 1547 1070 1600 ὅτι
1094 1549 1222 1619 πρὶν
1253 1547 1286 1620 ἢ
1309 1549 1509 1618 γνῶναι
1534 1549 1716 1614 αὑτὸν,

122 1635 160 1706 ἦ
194 1635 522 1707 προελέσθαι
559 1638 790 1709 πονηρὰ,
837 1637 1115 1704 ὲκλέξεται
1157 1639 1218 1693 τὸ
1248 1640 1484 1709 ἀγαθὸν,
1518 1643 1611 1695 καὶ
1652 1643 1720 1696 τὰ

126 1728 278 1800 ἑξῆς.
314 1730 584 1801 Σημαίνει
625 1730 682 1783 δὲ
714 1733 744 1784 6
774 1731 951 1799 λόγος,
987 1733 1070 1785 ὅτι
1113 1735 1208 1787 καὶ
1248 1735 1376 1806 παρ’
1422 1735 1589 1806 αὐτὴν
1620 1736 1719 1806 τὴν

123 1821 387 1892 γέννησιν
413 1823 746 1895 διακριτικός
774 1840 858 1886 τις
900 1819 986 1894 ἦν,
1021 1825 1114 1877 κα)⁸
1149 1825 1371 1894 ἀγαθῶν
1413 1825 1715 1897 ποιητικὸς,

1821 627 1967 681 cabis
1990 625 2296 679 ediderunt.

1901 717 2064 772 Vens.
2102 715 2186 770 15.
2219 733 2238 767 ι
2278 715 2536 781 Butyrum
2570 719 2624 766 et
2653 709 2756 766 mel
2782 708 3064 772 comedet,
3095 715 3386 776 antequam

1819 812 1956 867 sciat
1979 811 2113 879 ipse,
2147 816 2235 861 aut
2261 806 2542 877 praeligat
2588 803 2752 869 mala,
2786 802 2989 872 eligere
3018 801 3242 855 bonum.
3274 817 3294 852 ι
3326 799 3386 852 Si
3453 820 3468 834 ο

1819 916 1952 971 ergo
1989 899 2208 954 miraris
2233 940 2248 963 ,
2280 914 2402 954 cum
2426 897 2616 950 audias
2657 903 2843 948 natum
2876 892 3043 946 Deum
3071 930 3087 957 ,
3119 899 3173 944 at
3199 890 3388 952 crede,

1821 994 2076 1064 quoniam
2117 992 2403 1047 infantium
2445 989 2568 1043 cibo
2607 1001 2803 1042 usurus
2831 994 2932 1040 est.
2974 983 3090 1039 Non
3131 983 3272 1038 enim
3305 998 3392 1036 se-

1821 1087 2057 1142 cundum
2112 1084 2400 1155 quamdam
2453 1080 2797 1152 phantasiam
2850 1079 3014 1132 homo
3063 1075 3390 1145 apparebit,

1822 1193 1995 1248 neque
2053 1177 2264 1247 Species
2303 1175 2476 1228 solum
2525 1172 2630 1225 erit
2686 1171 2739 1224 id
2788 1170 2931 1240 quod
2960 1169 3244 1240 gignetur;
3296 1167 3389 1220 sed

1821 1272 2066 1325 eumdem
2105 1286 2292 1325 revera
2340 1281 2522 1323 ortum
2581 1265 2814 1329 subibit,
2869 1265 2941 1319 ita
2996 1274 3054 1318 ut
3100 1260 3388 1318 infantium

1823 1363 2080 1418 alimento
2121 1372 2330 1426 utatur,
2363 1361 2560 1431 butyro
2586 1359 2836 1414 videlicet
2862 1367 2917 1413 et
2943 1356 3099 1412 melle
3123 1394 3140 1422 ,
3168 1355 3394 1425 perinde

1821 1465 1985 1525 atque
2019 1455 2107 1508 alii
2145 1453 2401 1510 infantes.
2430 1455 2494 1509 Et
2529 1455 2630 1510 hoc
2675 1452 2888 1523 quidem
2934 1451 3228 1504 humanum
3267 1455 3388 1501 est:

1821 1551 1961 1618 quod
1984 1557 2162 1602 antem
2210 1548 2462 1602 deitatem
2509 1547 2625 1618 ejus
2648 1547 2888 1602 declarat
2921 1543 3050 1599 illud
3091 1552 3175 1600 est
3198 1587 3214 1610 ,
3249 1543 3392 1613 quod

1821 1641 2132 1710 priusquam
2163 1639 2254 1694 ille
2285 1639 2423 1693 mala
2459 1641 2542 1693 vel
2575 1639 2782 1693 noverit
2816 1636 2898 1691 vel
2938 1635 3256 1706 praetulerit,
3303 1634 3396 1689 eli-

1822 1741 1910 1802 get
1947 1720 2146 1785 bonum
2173 1773 2187 1798 ,
2223 1742 2329 1786 etc.
2369 1730 2465 1786 llis
2505 1747 2668 1802 porro
2699 1731 3037 1800 signiﬁcatur
3067 1728 3152 1783 vel
3191 1727 3245 1782 in
3279 1727 3397 1796 ipso

1821 1831 1944 1875 ortu
1971 1821 2320 1876 discernendi
2347 1823 2398 1876 vi
2428 1823 2711 1892 praeditum
2739 1859 2756 1885 ,
2780 1835 2842 1874 ac
2871 1821 3133 1875 honorum
3157 1826 3395 1888 patrato-

122 1916 155 1965 δ
199 1915 593 1984 Ἐμμανουὴλ,
626 1915 688 1967 τὺ
728 1915 971 1986 κριτικὸν
1012 1916 1074 1982 ἐξ
1120 1917 1332 1970 ἐκείνου
1366 1917 1718 1988 κεκτημένων

1833 1929 1936 1968 rem
1978 1913 2381 1968 Emmanuelem
2408 1914 2596 1978 fuisse,
2621 1911 2732 1980 jam
2759 1922 2884 1967 tunc
2922 1911 3111 1982 judicii
3138 1909 3396 1966 facultate

125 2009 222 2060 καὶ
254 2008 652 2079 ἀποσειόμενος
697 2007 794 2078 μὲν
827 2008 889 2061 τὸ
918 2009 1115 2062 κακόν·
1151 2009 1310 2080 μόνον
1337 2009 1394 2063 δὲ
1421 2009 1484 2063 τὺ
1521 2009 1721 2079 ἀγαθὸν

121 2098 558 2168 ἀποδεχόμενος.
599 2097 870 2169 Τοιαύτης
900 2098 1010 2169 γὰρ
1059 2099 1208 2152 ἔσται
1232 2142 1247 2166 ,
1298 2100 1466 2171 φησὶ,
1508 2099 1722 2170 φύσεως

125 2192 222 2244 καὶ
249 2192 310 2256 ἐξ
344 2191 517 2262 αὐτῆς
543 2191 642 2261 τῆς
682 2191 1011 2260 γεννήσεως.

203 2301 224 2333 ι
273 2282 388 2336 Καὶ
425 2282 578 2335 ἔσται
626 2283 685 2334 ὲν
728 2284 796 2352 τῇ
828 2281 1016 2353 ἡμέρᾳ
1048 2281 1254 2352 ἐκείνῃ,
1308 2283 1482 2354 συριεῖ
1519 2281 1724 2352 Κύριος

129 2375 349 2445 μυίαις,
402 2375 462 2428 αἳ
515 2373 867 2446 κυριεύσουσι
915 2374 1081 2445 μέρος
1127 2372 1376 2444 ποταμοῦ
1420 2373 1721 2442 Αἰγύπτου,

128 2468 226 2520 καὶ
261 2469 329 2537 τῇ
376 2465 632 2539 μελίσσῃ,
661 2467 695 2536 ἦ
725 2468 872 2519 ἐστιν
900 2468 958 2520 ἐν
981 2463 1137 2537 χώρᾳ
1181 2467 1502 2538 Ἀσσυρίων.
1542 2486 1562 2520 ι
1614 2467 1723 2538 Ση-

129 2558 322 2627 μαίνει
349 2557 440 2610 διὰ
466 2556 670 2609 τούτων
699 2558 728 2609 6
749 2556 908 2624 λόγος
932 2555 1249 2623 Αἰγυπτίων
1278 2557 1489 2629 ἀνδρῶν
1514 2557 1722 2626 ἔφοδον,

128 2649 226 2712 οὓς
277 2665 448 2718 φησιν
485 2647 636 2718 ἥξειν
674 2647 769 2700 ἐπὶ
809 2648 910 2718 τὴν
947 2646 1207 2700 Ἰουδαίαν
1230 2646 1414 2718 χώραν
1448 2649 1549 2702 οὐκ
1597 2649 1725 2702 ἄνευ

131 2741 277 2796 Θεοῦ
299 2783 316 2806 ,
349 2740 583 2811 νεύματι
611 2741 812 2804 αὐτοὺς
837 2739 932 2793 τοῦ
968 2740 1174 2810 Κυρίου
1202 2739 1582 2812 διεγείροντος,
1627 2741 1724 2795 καὶ

127 2835 332 2906 ῶσπερ
407 2833 707 2904 συρίγματι
768 2831 1164 2903 παρορμῶντος
1218 2832 1415 2895 αὐτοὺς
1471 2831 1580 2886 ἀπὸ
1628 2833 1728 2904 τῆς

131 2925 424 2994 Αἰγύπτου
458 2942 474 2956 ο
509 2926 603 2978 καὶ⁸
631 2925 736 2978 οὐκ
767 2924 877 2978 ἀπὸ
908 2923 1091 2995 πάσης
1122 2923 1349 2992 ταύτης,
1380 2922 1498 2977 ἀλλ’
1528 2925 1595 2977 ὲκ
1630 2925 1726 2996 μέ-

137 3033 270 3086 ρους
319 3016 520 3086 αύτῆς.
559 3017 630 3069 Ἦ
661 3017 756 3069 καὶ
787 3015 876 3068 διὰ
905 3015 968 3068 τὸ
993 3014 1212 3086 λύθροις
1243 3015 1341 3069 καὶ
1386 3015 1583 3086 αἵμασι
1615 3019 1728 3080 τοῖς

136 3107 287 3160 κατὰ
331 3107 433 3178 τὴν
480 3105 788 3178 ἀκάθαρτον
839 3105 1282 3178 είδωλολατρείαν
1339 3106 1550 3178 χαίρειν
1603 3109 1728 3172 τοὺς

138 3199 501 3266 Αἰγυπτίους,
548 3198 886 3271 παραὸάλλει
933 3199 1119 3268 μυίαις
1151 3197 1344 3262 αὐτούς
1368 3215 1381 3228 ·
1420 3199 1520 3270 τὴν
1540 3198 1597 3252 δὲ
1619 3198 1727 3252 τῶν

148 3290 462 3362 Ἀσσυρίων
500 3290 804 3361 πολεμικὴν
827 3291 1057 3362 δύναμιν
1089 3290 1178 3344 διὰ
1203 3289 1264 3344 τὸ
1292 3289 1570 3362 πολεμικῷ
1601 3291 1726 3345 κέν-

133 3398 255 3454 τρῳ
279 3382 609 3452 κεχρῆσθαι,
641 3383 737 3436 καὶ
767 3383 874 3436 τῶν
906 3382 1108 3436 λοιπῶν
1134 3381 1304 3435 ἐθνῶν
1328 3382 1450 3436 τότε
1479 3385 1724 3455 κρατεῖν,

144 3474 383 3544 μελίσσῃ
419 3473 713 3527 ἀπείκασε.
765 3473 951 3527 Ταῦτα
995 3472 1053 3525 δὲ
1095 3471 1398 3544 ἐπληροῦτο
1424 3471 1566 3526 κατὰ
1599 3472 1726 3536 τοὺς

137 3564 373 3634 χρόνους
420 3563 521 3632 τῆς
573 3561 795 3635 πρώτης
841 3563 1157 3635 πολιορκίας
1197 3562 1565 3634 Ἰερουσαλὴμ,
1602 3561 1724 3616 καθ’

139 3656 233 3719 οὓς
249 3655 545 3724 Αἰγύπτιοι
564 3657 662 3726 μὲν
675 3657 724 3709 οἱ
742 3656 1064 3727 καλούμενοι
1093 3658 1245 3728 μυῖαι
1258 3656 1280 3727 (
1286 3655 1395 3727 15),
1417 3657 1506 3709 ὅτε
1521 3655 1725 3710 τούτων

144 3747 404 3819 βασιλεὺς
434 3747 634 3820 Φαραὼ
668 3747 910 3802 ἐπελθὼν
944 3752 1008 3820 τῇ
1056 3748 1344 3810 Ἰουδαίων,
1372 3749 1464 3802 τὸν
1518 3748 1726 3802 Ἰωσίαν

141 3836 232 3892 τὸν
286 3837 516 3906 βασιλέα
557 3837 660 3907 τῆς
699 3837 1086 3909 Ἰερουσαλὴμ,
1135 3837 1247 3891 τῶν
1299 3837 1583 3908 ἐπιφανῶν
1633 3838 1728 3891 καὶ

143 3927 412 3997 θεοφιλῶν
438 3928 648 4000 ἀνδρῶν
676 3929 888 3993 οὐδενὸς
910 3929 1187 4003 δεύτερον,
1225 3931 1461 4002 ἀναιρεῖ.
1495 3926 1606 3983 Εἶτ’
1628 3930 1727 3982 οὐκ

145 4022 223 4083 εἰς
263 4020 489 4090 μακρὰν
514 4021 544 4073 6
568 4019 676 4073 τῶν
709 4020 1066 4075 Βαϐυλωνίων
1102 4021 1352 4091 βασιλεὺς
1394 4020 1730 4091 Ναόουχοδο-

144 4113 309 4183 νόσορ
339 4114 440 4166 σὺν
495 4113 715 4186 μεγάλῃ
749 4117 1009 4186 στρατιᾶς
1048 4114 1274 4186 δυνάμει
1323 4113 1585 4178 ἐπελθὼν,
1633 4113 1734 4184 τὴν

150 4203 249 4269 μὲν
284 4202 444 4255 πόλιν
474 4203 644 4273 αὐτὴν
684 4205 748 4256 ἐκ
783 4202 997 4275 βάθρων
1031 4200 1142 4256 εἷλε
1168 4245 1184 4270 ,
1217 4204 1309 4258 τὸν
1350 4202 1486 4256 νεὼν
1519 4219 1734 4274 πυρποά

150 4288 319 4361 λήσας
344 4310 359 4322 ·
389 4294 452 4346 τὸ
483 4293 543 4346 δὲ
573 4295 683 4346 πᾶν
708 4293 859 4358 ἔθνος
883 4294 1485 4366 ἐξανδραποδισάμενος
1515 4294 1607 4346 καὶ
1635 4293 1737 4356 τὰς

1823 2005 2149 2061 instructum
2185 2021 2200 2060 :
2225 2021 2289 2061 ac
2315 2005 2513 2060 malum
2537 2006 2752 2075 quidem
2782 2006 3166 2069 excutientem,
3195 2003 3394 2059 bonum

1823 2113 1953 2153 vero
1987 2099 2251 2153 duntaxat
2281 2098 2722 2168 amplectentem.
2743 2096 2892 2152 Talis
2921 2097 3120 2168 quippe
3167 2107 3395 2158 natum,

1824 2189 2017 2258 inquit,
2043 2189 2128 2243 vel
2163 2189 2230 2242 ab
2265 2188 2380 2258 ipso
2406 2198 2530 2243 ortu
2568 2186 2784 2243 futurus
2809 2199 2918 2244 est.

1891 2279 2057 2335 Vnus.
2100 2280 2186 2336 18.
2228 2301 2248 2332 ι
2284 2281 2350 2336 Ει
2373 2281 2480 2336 erit
2506 2281 2559 2335 in
2588 2280 2674 2334 die
2701 2280 2810 2345 illa,
2850 2281 3090 2336 sibilabit
3139 2279 3399 2338 Dominus

1825 2376 2048 2436 muscis,
2079 2385 2200 2439 qua:
2220 2369 2650 2427 dominabuntur
2676 2372 2816 2440 parti
2848 2370 3087 2426 ﬂuminis
3129 2370 3356 2443 Egypti
3378 2411 3395 2436 ,

1822 2472 1878 2516 et
1901 2462 1987 2531 api
2010 2500 2026 2526 ,
2067 2477 2190 2531 quae
2216 2471 2298 2518 est
2326 2463 2378 2516 in
2409 2463 2632 2532 regione
2675 2463 3044 2532 Assyriorum.
3089 2482 3106 2514 ι
3142 2463 3235 2519 His
3264 2478 3397 2519 vero

1824 2555 2094 2621 signiﬁcat
2127 2553 2508 2624 IEgyptiornm
2544 2549 2784 2608 virorum
2828 2555 3186 2626 iri-optionem
3212 2573 3228 2611 :
3258 2571 3398 2627 quos

1826 2647 1900 2699 ait
1924 2661 2028 2700 non
2062 2646 2180 2700 sine
2205 2644 2313 2700 Deo
2340 2655 2598 2700 venturos
2640 2661 2763 2701 esse
2799 2648 2852 2700 in
2879 2646 3185 2704 Iudaeorum
3214 2649 3398 2719 regio-

1827 2752 1951 2790 nem
1976 2776 1991 2801 ,
2028 2737 2252 2792 Domino
2296 2753 2393 2806 per
2440 2737 2615 2792 solum
2653 2749 2842 2794 nutum
2882 2750 3294 2804 commovente,
3345 2753 3402 2796 et

1824 2830 1979 2898 quasi
2013 2829 2170 2884 sibilo
2200 2832 2471 2885 excitante
2495 2830 2616 2886 illos
2657 2847 2723 2886 ex
2754 2831 2986 2903 Egyplo
3015 2847 3030 2885 :
3062 2847 3163 2887 nec
3185 2847 3252 2886 ex
3283 2840 3400 2886 tota

1828 2921 1917 2974 illa
1938 2961 1954 2985 ,
1985 2922 2080 2976 sed
2109 2937 2172 2975 ex
2221 2931 2373 2990 parte
2400 2922 2630 2992 quadam
2671 2924 2937 2992 ejusdem.
2966 2923 3060 2978 Vel
3083 2924 3207 2992 quia
3236 2923 3407 2994 Egy-

1829 3013 1925 3082 ptii
1955 3055 1970 3080 ,
2001 3028 2200 3068 cruore
2229 3022 2285 3068 et
2331 3015 2599 3086 sanguine
2633 3016 2699 3069 ab
2744 3017 2952 3085 impura
2989 3015 3296 3070 idololatria
3325 3016 3408 3070 ef-

1831 3107 1950 3160 fuso
1977 3106 2412 3174 delectabantur,
2448 3107 2594 3178 ipsos
2619 3107 2822 3162 muscis
2865 3117 3146 3178 camparat
3177 3125 3194 3163 :
3231 3110 3403 3180 Assy-

1833 3200 2037 3253 riorum
2070 3208 2252 3253 autem
2293 3198 2543 3254 bellicam
2581 3199 2837 3254 virtutem
2864 3239 2880 3263 ,
2941 3200 3090 3268 quod
3119 3199 3192 3254 illi
3219 3200 3403 3255 hostili

1831 3292 2040 3362 Spiculo
2063 3300 2366 3358 uterentur,
2399 3306 2464 3346 ac
2497 3291 2708 3346 caeteris
2739 3301 2862 3345 tunc
2882 3292 3134 3361 gentibus
3166 3293 3405 3362 impera-

1834 3392 1992 3447 rent,
2035 3383 2121 3454 api
2153 3382 2383 3438 similem
2413 3382 2563 3437 dicit.
2607 3381 2730 3436 liaec
2758 3397 2922 3453 porro
2959 3383 3228 3453 completa
3277 3391 3408 3438 sunt

1838 3484 2081 3546 tempore
2135 3477 2322 3544 prima:
2369 3474 2866 3545 Hierosolymorum
2929 3475 3264 3540 obsidionis,
3298 3492 3409 3546 quo

1833 3567 2071 3638 Egyptii
2095 3569 2312 3636 quidem
2341 3607 2355 3629 ,
2393 3583 2590 3621 musca:
2618 3570 2746 3622 dicti
2773 3607 2789 3631 ,
2831 3582 2953 3622 cum
2981 3582 3109 3636 rege
3133 3583 3230 3622 suo
3260 3567 3400 3621 Pha-

1833 3674 2000 3713 raone
2027 3660 2409 3726 irrumpentes,
2442 3657 2644 3712 Josiam
2685 3658 3179 3730 Hierosolymorum
3195 3674 3407 3726 regem,

1835 3748 1977 3804 inter
2004 3749 2328 3816 conspicuos
2363 3749 2753 3819 religiososqne
2800 3751 2945 3807 viros
2978 3751 3176 3806 nemini
3208 3766 3408 3806 secun-

1835 3839 1958 3893 dum
1989 3837 2395 3892 interfecerunt.
2445 3837 2560 3894 Non
2618 3841 2706 3893 diu
2767 3855 2891 3894 vero
2945 3850 3128 3911 postea
3181 3841 3409 3916 Babylo-

1835 3927 2046 3982 niornm
2090 3944 2191 3984 rex
2252 3927 2765 3994 Nabuchodonosor,
2811 3945 2934 3986 cum
2991 3933 3235 3988 exercitu
3296 3949 3411 3987 ιηει-

1835 4033 1940 4088 gno
1998 4021 2426 4088 superveniens,
2491 4021 2679 4076 urbem
2737 4024 2909 4091 ipsam
2965 4021 3212 4079 funditus
3259 4024 3410 4080 dele-

1831 4111 1952 4174 vit,
2003 4111 2369 4181 templumque
2413 4113 2692 4174 incendit.
2739 4125 2959 4186 totaque
3009 4127 3168 4188 gente
3214 4117 3266 4170 in
3315 4133 3411 4174 ca-

1833 4202 2136 4271 ptivitatem
2190 4205 2422 4258 abducta
2452 4245 2467 4270 ,
2519 4207 2852 4275 vastatisque
2897 4211 3133 4278 caeteris,
3159 4209 3409 4275 urbibus,

1835 4292 2147 4350 Judmorum
2176 4296 2409 4364 regionis
2433 4297 2688 4367 Assyrios
2713 4298 3044 4356 habitatores
3071 4301 3373 4356 constituit.

152 4388 339 4450 λοιπάς
381 4386 598 4461 δῃώσας
644 4385 862 4450 πόλεις,
921 4388 1238 4460 Ἀσσυρίους
1289 4389 1580 4460 οἰκήτορας
1621 4387 1723 4457 τῆς
1766 4387 2030 4441 Ἰουδαίων
2056 4388 2357 4458 κατέστησε
2391 4388 2594 4461 χώρας.

227 4502 246 4534 ι
299 4482 391 4534 Ἐν
419 4482 487 4551 τῇ
514 4481 699 4552 ἡμέρα
729 4481 912 4552 ἐκείνῃ
941 4479 1114 4552 ξυριεῖ
1148 4479 1350 4550 Κύριος
1376 4479 1454 4551 τῷ
1484 4479 1628 4552 ξυρῷ
1655 4479 1726 4549 τῷ

1907 4479 2070 4534 Vnus.
2103 4479 2194 4536 20.
2232 4497 2251 4531 ι
2293 4480 2349 4534 in
2388 4481 2474 4535 die
2520 4479 2606 4534 illa
2641 4483 2791 4536 radet
2837 4481 3100 4537 Dominus
3146 4481 3410 4538 novacula

153 4574 378 4645 μεγάλῳ
415 4573 512 4626 καὶ
548 4571 975 4644 μεμεθυσμένῳ,
1025 4573 1054 4624 ὃ
1078 4575 1193 4625 ἐστι
1235 4571 1410 4643 πέραν
1437 4571 1532 4625 τοῦ
1567 4587 1733 4624 ποτα-

155 4667 256 4736 μοῦ
305 4664 403 4719 τοῦ
455 4664 724 4734 βασιλέως
786 4664 1110 4736 Ἀσσυρίων.
1160 4683 1178 4716 ι
1232 4664 1306 4716 Οὐ
1341 4664 1442 4734 τὴν
1488 4663 1732 4734 κεφαλὴν

154 4755 245 4812 οὖν
299 4759 470 4828 μόνην
523 4755 766 4827 ξυρήσει,
819 4755 920 4826 τήν
961 4756 1127 4812 πάλαι
1177 4755 1456 4826 κομῶσαν,
1502 4756 1591 4808 ὅτε
1631 4755 1734 4825 τῆς

155 4852 482 4920 οἰκουμένης
514 4849 775 4919 ἐκράτουν
811 4848 1106 4918 Ἀσσύριοι,
1139 4846 1277 4900 ἀλλὰ
1298 4848 1392 4899 καὶ
1422 4846 1520 4910 τὰς
1541 4846 1734 4919 τρίχας

157 4944 262 4996 te?”
298 4942 498 5005 ποδῶν,
530 4941 730 5013 δηλαδὴ
754 4941 815 4993 τὸ
841 4941 1087 5012 ἀνδρεῖον
1121 4940 1326 5011 σχῆμα,
1366 4940 1462 4992 καὶ
1492 4943 1584 4991 τὸν
1614 4936 1733 4990 πώ-

159 5053 309 5100 γωνα
333 5054 347 5066 ’
387 5036 637 5088 τουτέστι
683 5035 773 5088 τὸν
812 5034 954 5088 κατὰ
996 5033 1157 5103 φύσιν
1191 5032 1414 5104 ἀνδράσι
1462 5031 1736 5104 πρέποντα

163 5127 384 5197 κόσμον.
438 5127 609 5197 Ξυρδν
653 5125 711 5179 δὲ
759 5125 1171 5197 μεμεθυσμένω
1201 5124 1307 5178 ὑπὸ
1347 5123 1440 5177 τοῦ
1471 5123 1676 5195 Κυρίου
1707 5124 1737 5174 6

167 5218 501 5289 προφητικὺς
529 5219 752 5272 ἐκάλεσε
772 5218 929 5285 λόγος
947 5217 1144 5288 ἔτερόν
1162 5233 1216 5268 τι
1241 5215 1514 5284 πολεμίων
1538 5214 1693 5283 γένος
1721 5228 1735 5242 ’

166 5308 230 5360 δι’
257 5304 316 5362 οὗ
344 5311 440 5362 τὸν
476 5309 700 5378 βασιλέα
721 5309 827 5360 τῶν
869 5307 1188 5378 Ἀσσυρίων,
1213 5305 1412 5377 δηλαδὴ
1437 5305 1536 5376 τὴν
1560 5306 1738 5359 πᾶσαν

167 5401 339 5453 ιῦτιῖιν
375 5400 655 5471 βασιλείαν
682 5417 742 5452 τε
769 5398 864 5452 καὶ⁵
893 5399 1210 5451 δυναστείαν
1240 5397 1300 5462 ξυ
1310 5398 1492 5468 ρήσειν
1519 5395 1622 5466 ἔφη
1648 5395 1740 5448 τὸν

167 5492 315 5555 Θεὸν,
345 5494 423 5556 ὡς
448 5491 712 5562 ταπεινὴν
749 5492 945 5561 αὐτὴν,
989 5491 1085 5544 καὶ
1143 5489 1424 5558 ἄνανδρον,
1475 5487 1570 5541 καὶ
1613 5487 1742 5540 ἄκο-

169 5599 302 5653 σμον
349 5585 444 5638 καὶ
471 5585 756 5654 ἀσχήμονα
791 5581 1087 5651 δειχθῆναι.
1115 5581 1250 5649 Παρ’
1284 5577 1455 5648 ἑτέρῳ
1497 5577 1554 5630 δὲ
1573 5617 1588 5642 ,
1620 5577 1742 5632 ἀντὶ

1843 4585 2036 4640 magna
2086 4579 2143 4626 et
2193 4571 2458 4627 inebriata
2489 4611 2505 4636 ,
2561 4574 2704 4642 quod
2730 4584 2812 4628 est
2847 4573 2985 4629 ultra
3017 4573 3236 4630 ﬂuvium
3273 4577 3417 4646 regis

1838 4663 2209 4732 Assyriorum.
2251 4683 2270 4716 ι
2313 4661 2429 4718 Νοη
2474 4674 2634 4732 caput
2663 4665 2836 4719 solum
2879 4668 3032 4720 radet
3069 4666 3198 4720 olim
3230 4682 3417 4722 coma-

1843 4764 1952 4808 tum
1972 4795 1987 4820 ,
2012 4769 2136 4810 cum
2181 4756 2389 4827 Assyrii
2419 4757 2538 4810 orbi
2573 4757 2939 4829 imperarent;
2971 4758 3062 4811 sed
3091 4759 3252 4812 etiam
3281 4759 3418 4827 pilos

1841 4845 2060 4914 pedum,
2098 4846 2305 4902 scilicet
2333 4847 2542 4902 virilem
2575 4849 2831 4916 formam,
2851 4859 2906 4904 et
2937 4849 3197 4914 barbam;
3232 4849 3282 4903 id
3307 4859 3416 4914 est,

1840 4948 2093 4991 ornatum
2130 4939 2273 5007 ,viris
2327 4943 2626 4995 secundum
2678 4949 2928 4995 naturam
2969 4950 3415 4996 consentaneum.

1841 5027 2170 5083 Novaculam
2201 5045 2330 5085 vero
2378 5045 2404 5084 a
2448 5029 2557 5084 Deo
2592 5031 2910 5086 inebriatam
2940 5031 3082 5086 aliud
3115 5047 3284 5101 genus
3315 5031 3420 5086 ini-

1842 5122 2105 5176 micorum
2131 5133 2408 5192 nuncupat
2437 5125 2784 5193 propheticus
2808 5139 2990 5177 sermo
3025 5165 3037 5177 .
3071 5125 3229 5194 cujus
3253 5139 3414 5193 opera

1848 5225 2024 5281 regem
2060 5214 2422 5284 Assyriorum,
2453 5230 2546 5268 seu
2573 5223 2740 5269 totum
2771 5229 2957 5268 eorum
2987 5230 3210 5285 regnum
3241 5225 3295 5269 et
3320 5230 3416 5284 po-

1848 5304 2073 5357 tentiam
2117 5308 2440 5361 abrasurum
2495 5308 2660 5361 Deum
2701 5323 2822 5362 esse
2852 5308 3208 5377 pramuntiat;
3259 5309 3332 5362 ita
3361 5319 3420 5362 ut

1847 5393 2069 5450 humilis
2089 5437 2104 5462 ,
2130 5397 2384 5465 imbellis,
2423 5400 2694 5470 incompta
2721 5440 2734 5466 ,
2768 5409 2822 5453 et
2850 5398 3107 5454 deformis
3137 5413 3415 5470 appareat.

1847 5486 1954 5542 Pro
2009 5489 2101 5545 illo
2133 5499 2310 5546 autem
2339 5531 2356 5557 ,
2398 5509 2417 5543 ι
2460 5493 2726 5547 inebriata
2765 5491 3068 5558 novacula,
3110 5510 3130 5545 ι
3164 5493 3305 5549 alius
3340 5495 3428 5548 in-

1848 5587 2080 5650 terpres,
2116 5601 2135 5634 ‹
2174 5585 2424 5641 mercede
2449 5585 2740 5653 conducta,
2784 5605 2803 5640 ι
2833 5585 3015 5642 habet.

170 5677 256 5729 τος
286 5674 717 5746 μεμεθυσμένφ
739 5673 920 5743 ξυρῷ,
943 5672 1367 5743 μεμισθωμένφ
1388 5669 1617 5741 εὓρηται
1644 5669 1818 5734 οὕτως
1840 5672 2066 5730 εἰπόντι.

237 5792 351 5861 (14)
385 5793 584 5847 Eadem
620 5790 778 5860 plane
813 5789 1171 5861 Hieronymus
1198 5789 1363 5845 habet
1394 5789 1462 5844 ad
1489 5786 1634 5844 hunc
1659 5789 1856 5846 locum.

244 5859 359 5934 (l5)
386 5865 505 5918 llaec
538 5859 667 5916 item
699 5863 840 5929 apud
877 5859 1285 5930 Hieronymum.

567 5959 847 6018 Ριτιιοι.
896 5956 1014 6015 Gn.
1058 5957 1292 6019 XXIV.
