  <div class='ocr_page' id='page_1' title='image "/cluster/home/n/w/nwhite01/storage/ocr_20150623/24/nnc1.0046978259/079.png"; bbox 0 0 3850 6210; ppageno 0'>
   <div class='ocr_carea' id='block_1_1' title="bbox 485 319 590 374">
    <p class='ocr_par' dir='ltr' id='par_1_1' title="bbox 485 319 590 374">
     <span class='ocr_line' id='line_1_1' title="bbox 485 319 590 374; baseline -0.019 0"><span class='ocrx_word' id='word_1_1' title='bbox 485 319 590 374; x_wconf 67' lang='grc'><strong>159</strong></span> 
     </span>
    </p>
   </div>
   <div class='ocr_carea' id='block_1_2' title="bbox 1152 274 3035 376">
    <p class='ocr_par' dir='ltr' id='par_1_2' title="bbox 1152 274 3035 376">
     <span class='ocr_line' id='line_1_2' title="bbox 1152 274 3035 376; baseline 0.001 -5"><span class='ocrx_word' id='word_1_2' title='bbox 1152 317 1418 374; x_wconf 66' lang='lat' dir='ltr'><strong>unseen</strong></span> <span class='ocrx_word' id='word_1_3' title='bbox 1459 318 1940 376; x_wconf 64' lang='lat' dir='ltr'><strong>CxESARIENSlS</strong></span> <span class='ocrx_word' id='word_1_4' title='bbox 1979 319 2131 375; x_wconf 70' lang='grc' dir='ltr'><strong>(ιρι).</strong></span> <span class='ocrx_word' id='word_1_5' title='bbox 2171 317 2351 375; x_wconf 80' lang='lat' dir='ltr'><strong>PARS</strong></span> <span class='ocrx_word' id='word_1_6' title='bbox 2389 318 2474 376; x_wconf 86' lang='grc' dir='ltr'><strong>ιιι.</strong></span> <span class='ocrx_word' id='word_1_7' title='bbox 2517 351 2588 362; x_wconf 89' lang='grc'><strong><em>-</em></strong></span> <span class='ocrx_word' id='word_1_8' title='bbox 2623 274 3035 375; x_wconf 61' lang='lat' dir='ltr'><strong>execranda.</strong></span> 
     </span>
    </p>
   </div>
   <div class='ocr_carea' id='block_1_3' title="bbox 3624 324 3715 378">
    <p class='ocr_par' dir='ltr' id='par_1_3' title="bbox 3624 324 3715 378">
     <span class='ocr_line' id='line_1_3' title="bbox 3624 324 3715 378; baseline -0.033 0"><span class='ocrx_word' id='word_1_9' title='bbox 3624 324 3715 378; x_wconf 72' lang='lat' dir='ltr'><strong>Mli</strong></span> 
     </span>
    </p>
   </div>
   <div class='ocr_carea' id='block_1_4' title="bbox 557 431 2036 510">
    <p class='ocr_par' dir='ltr' id='par_1_4' title="bbox 557 433 2036 504">
     <span class='ocr_line' id='line_1_4' title="bbox 557 433 2036 504; baseline 0.001 -15"><span class='ocrx_word' id='word_1_10' title='bbox 557 436 716 489; x_wconf 68' lang='lat' dir='ltr'><strong>Vens.</strong></span> <span class='ocrx_word' id='word_1_11' title='bbox 752 434 851 499; x_wconf 78' lang='grc'>21,</span> <span class='ocrx_word' id='word_1_12' title='bbox 887 435 975 490; x_wconf 62' lang='grc' dir='ltr'><strong>Ἡ.</strong></span> <span class='ocrx_word' id='word_1_13' title='bbox 1017 452 1034 485; x_wconf 85' lang='grc' dir='ltr'>ι</span> <span class='ocrx_word' id='word_1_14' title='bbox 1072 433 1135 488; x_wconf 87' lang='lat' dir='ltr'><strong>Et</strong></span> <span class='ocrx_word' id='word_1_15' title='bbox 1165 436 1271 491; x_wconf 90' lang='lat' dir='ltr'><strong>erit</strong></span> <span class='ocrx_word' id='word_1_16' title='bbox 1306 437 1362 491; x_wconf 93' lang='lat' dir='ltr'><strong>in</strong></span> <span class='ocrx_word' id='word_1_17' title='bbox 1391 436 1477 493; x_wconf 91' lang='lat' dir='ltr'><strong>die</strong></span> <span class='ocrx_word' id='word_1_18' title='bbox 1506 437 1616 504; x_wconf 86' lang='lat' dir='ltr'><strong>illa,</strong></span> <span class='ocrx_word' id='word_1_19' title='bbox 1646 439 1851 493; x_wconf 90' lang='lat' dir='ltr'><strong>nutriet</strong></span> <span class='ocrx_word' id='word_1_20' title='bbox 1895 439 2036 494; x_wconf 71' lang='lat' dir='ltr'><strong>homt</strong></span> 
     </span>
    </p>
   </div>
   <div class='ocr_carea' id='block_1_5' title="bbox 2144 431 3716 510">
    <p class='ocr_par' dir='ltr' id='par_1_5' title="bbox 2231 431 3716 510">
     <span class='ocr_line' id='line_1_5' title="bbox 2231 431 3716 510; baseline 0.003 -22"><span class='ocrx_word' id='word_1_21' title='bbox 2231 456 2250 488; x_wconf 77' lang='grc' dir='ltr'><strong>ι</strong></span> <span class='ocrx_word' id='word_1_22' title='bbox 2290 437 2400 492; x_wconf 89' lang='lat' dir='ltr'><strong>Kal</strong></span> <span class='ocrx_word' id='word_1_23' title='bbox 2427 437 2580 492; x_wconf 78' lang='grc' dir='ltr'>ἔσται</span> <span class='ocrx_word' id='word_1_24' title='bbox 2611 438 2668 491; x_wconf 84' lang='grc' dir='ltr'>ὲν</span> <span class='ocrx_word' id='word_1_25' title='bbox 2695 437 2762 509; x_wconf 82' lang='grc' dir='ltr'>τῆ</span> <span class='ocrx_word' id='word_1_26' title='bbox 2795 438 2978 509; x_wconf 84' lang='grc' dir='ltr'><strong>ἡμέρᾳ</strong></span> <span class='ocrx_word' id='word_1_27' title='bbox 3005 437 3188 507; x_wconf 76' lang='grc' dir='ltr'>ἐκείνη</span> <span class='ocrx_word' id='word_1_28' title='bbox 3220 431 3409 508; x_wconf 71' lang='grc' dir='ltr'>θρέψει</span> <span class='ocrx_word' id='word_1_29' title='bbox 3441 437 3716 510; x_wconf 79' lang='grc' dir='ltr'>ἄνθρωπος</span> 
     </span>
    </p>
   </div>
   <div class='ocr_carea' id='block_1_6' title="bbox 393 525 2053 601">
    <p class='ocr_par' dir='ltr' id='par_1_6' title="bbox 393 525 2053 601">
     <span class='ocr_line' id='line_1_6' title="bbox 393 525 2053 601; baseline 0.004 -22"><span class='ocrx_word' id='word_1_30' title='bbox 393 555 396 558; x_wconf 85' lang='lat'><strong><em>~</em></strong></span> <span class='ocrx_word' id='word_1_31' title='bbox 481 540 701 580; x_wconf 68' lang='lat' dir='ltr'><strong>vae-tam</strong></span> <span class='ocrx_word' id='word_1_32' title='bbox 741 525 901 582; x_wconf 81' lang='lat' dir='ltr'><strong>boum</strong></span> <span class='ocrx_word' id='word_1_33' title='bbox 927 566 942 590; x_wconf 92' lang='lat'><strong>,</strong></span> <span class='ocrx_word' id='word_1_34' title='bbox 967 537 1024 580; x_wconf 90' lang='lat' dir='ltr'><strong>et</strong></span> <span class='ocrx_word' id='word_1_35' title='bbox 1049 527 1183 581; x_wconf 90' lang='lat' dir='ltr'><strong>duas</strong></span> <span class='ocrx_word' id='word_1_36' title='bbox 1221 541 1372 582; x_wconf 89' lang='lat' dir='ltr'><strong>oves.</strong></span> <span class='ocrx_word' id='word_1_37' title='bbox 1413 527 1482 583; x_wconf 87' lang='lat' dir='ltr'><strong>Et</strong></span> <span class='ocrx_word' id='word_1_38' title='bbox 1509 529 1614 586; x_wconf 90' lang='lat' dir='ltr'><strong>erit</strong></span> <span class='ocrx_word' id='word_1_39' title='bbox 1657 547 1687 585; x_wconf 91' lang='lat' dir='ltr'><strong>a</strong></span> <span class='ocrx_word' id='word_1_40' title='bbox 1715 531 1869 601; x_wconf 91' lang='lat' dir='ltr'><strong>copia</strong></span> <span class='ocrx_word' id='word_1_41' title='bbox 1894 530 2053 586; x_wconf 87' lang='lat' dir='ltr'><strong>lactis</strong></span> 
     </span>
    </p>
   </div>
   <div class='ocr_carea' id='block_1_7' title="bbox 478 617 2056 694">
    <p class='ocr_par' dir='ltr' id='par_1_7' title="bbox 478 617 2056 694">
     <span class='ocr_line' id='line_1_7' title="bbox 478 617 2056 694; baseline 0.003 -22"><span class='ocrx_word' id='word_1_42' title='bbox 478 634 642 690; x_wconf 77' lang='lat' dir='ltr'><strong>quan.</strong></span> <span class='ocrx_word' id='word_1_43' title='bbox 672 617 910 684; x_wconf 92' lang='lat' dir='ltr'><strong>facient,</strong></span> <span class='ocrx_word' id='word_1_44' title='bbox 939 629 998 673; x_wconf 88' lang='grc' dir='ltr'><strong>ιιι</strong></span> <span class='ocrx_word' id='word_1_45' title='bbox 1028 621 1280 692; x_wconf 87' lang='lat' dir='ltr'><strong>butyrum</strong></span> <span class='ocrx_word' id='word_1_46' title='bbox 1317 630 1374 676; x_wconf 90' lang='lat' dir='ltr'><strong>et</strong></span> <span class='ocrx_word' id='word_1_47' title='bbox 1402 621 1507 676; x_wconf 91' lang='lat' dir='ltr'><strong>mel</strong></span> <span class='ocrx_word' id='word_1_48' title='bbox 1556 623 1804 678; x_wconf 88' lang='lat' dir='ltr'><strong>comedat</strong></span> <span class='ocrx_word' id='word_1_49' title='bbox 1836 624 2010 680; x_wconf 88' lang='lat' dir='ltr'><strong>omnis</strong></span> <span class='ocrx_word' id='word_1_50' title='bbox 2035 663 2056 694; x_wconf 55' lang='grc' dir='ltr'>ι</span> 
     </span>
    </p>
   </div>
   <div class='ocr_carea' id='block_1_8' title="bbox 479 709 2054 786">
    <p class='ocr_par' dir='ltr' id='par_1_8' title="bbox 479 709 2054 786">
     <span class='ocr_line' id='line_1_8' title="bbox 479 709 2054 786; baseline 0.003 -23"><span class='ocrx_word' id='word_1_51' title='bbox 479 711 569 781; x_wconf 88' lang='lat' dir='ltr'><strong>qui</strong></span> <span class='ocrx_word' id='word_1_52' title='bbox 596 710 886 770; x_wconf 83' lang='lat' dir='ltr'><strong>derelictus</strong></span> <span class='ocrx_word' id='word_1_53' title='bbox 920 709 1085 765; x_wconf 85' lang='lat' dir='ltr'><strong>fuerit</strong></span> <span class='ocrx_word' id='word_1_54' title='bbox 1129 711 1183 766; x_wconf 92' lang='lat' dir='ltr'><strong>in</strong></span> <span class='ocrx_word' id='word_1_55' title='bbox 1215 720 1381 767; x_wconf 88' lang='lat' dir='ltr'><strong>terra.</strong></span> <span class='ocrx_word' id='word_1_56' title='bbox 1419 731 1439 765; x_wconf 73' lang='grc' dir='ltr'><strong>ι</strong></span> <span class='ocrx_word' id='word_1_57' title='bbox 1479 712 1792 770; x_wconf 83' lang='lat' dir='ltr'><strong>Extremam</strong></span> <span class='ocrx_word' id='word_1_58' title='bbox 1823 729 2054 786; x_wconf 85' lang='lat' dir='ltr'><strong>pauper-</strong></span> 
     </span>
    </p>
   </div>
   <div class='ocr_carea' id='block_1_9' title="bbox 480 801 2050 873">
    <p class='ocr_par' dir='ltr' id='par_1_9' title="bbox 480 801 2050 873">
     <span class='ocr_line' id='line_1_9' title="bbox 480 801 2050 873; baseline 0.003 -16"><span class='ocrx_word' id='word_1_59' title='bbox 480 812 646 857; x_wconf 85' lang='lat' dir='ltr'><strong>tatem</strong></span> <span class='ocrx_word' id='word_1_60' title='bbox 675 810 729 857; x_wconf 90' lang='lat' dir='ltr'><strong>et</strong></span> <span class='ocrx_word' id='word_1_61' title='bbox 756 801 990 873; x_wconf 87' lang='lat' dir='ltr'><strong>inopiam</strong></span> <span class='ocrx_word' id='word_1_62' title='bbox 1019 803 1102 858; x_wconf 92' lang='lat' dir='ltr'><strong>his</strong></span> <span class='ocrx_word' id='word_1_63' title='bbox 1130 803 1475 872; x_wconf 89' lang='lat' dir='ltr'><strong>subindicat;</strong></span> <span class='ocrx_word' id='word_1_64' title='bbox 1511 810 1617 861; x_wconf 92' lang='lat' dir='ltr'><strong>imo</strong></span> <span class='ocrx_word' id='word_1_65' title='bbox 1645 806 1806 863; x_wconf 84' lang='lat' dir='ltr'><strong>etiam</strong></span> <span class='ocrx_word' id='word_1_66' title='bbox 1829 817 1884 862; x_wconf 90' lang='lat' dir='ltr'><strong>et</strong></span> <span class='ocrx_word' id='word_1_67' title='bbox 1913 808 2050 862; x_wconf 87' lang='lat' dir='ltr'><strong>rari-</strong></span> 
     </span>
    </p>
   </div>
   <div class='ocr_carea' id='block_1_10' title="bbox 481 892 2052 968">
    <p class='ocr_par' dir='ltr' id='par_1_10' title="bbox 481 892 2052 968">
     <span class='ocr_line' id='line_1_10' title="bbox 481 892 2052 968; baseline 0.003 -21"><span class='ocrx_word' id='word_1_68' title='bbox 481 903 643 948; x_wconf 81' lang='lat' dir='ltr'><strong>tatem</strong></span> <span class='ocrx_word' id='word_1_69' title='bbox 674 892 926 948; x_wconf 86' lang='lat' dir='ltr'><strong>frumenti</strong></span> <span class='ocrx_word' id='word_1_70' title='bbox 971 894 1036 949; x_wconf 84' lang='lat' dir='ltr'><strong>ad</strong></span> <span class='ocrx_word' id='word_1_71' title='bbox 1069 894 1249 950; x_wconf 89' lang='lat' dir='ltr'><strong>cibum</strong></span> <span class='ocrx_word' id='word_1_72' title='bbox 1282 897 1676 966; x_wconf 71' lang='lat' dir='ltr'><strong>praestandum.</strong></span> <span class='ocrx_word' id='word_1_73' title='bbox 1725 896 1856 952; x_wconf 81' lang='lat' dir='ltr'><strong>Nam</strong></span> <span class='ocrx_word' id='word_1_74' title='bbox 1907 898 2052 968; x_wconf 90' lang='lat' dir='ltr'><strong>quod</strong></span> 
     </span>
    </p>
   </div>
   <div class='ocr_carea' id='block_1_11' title="bbox 476 983 2053 1054">
    <p class='ocr_par' dir='ltr' id='par_1_11' title="bbox 476 983 2053 1054">
     <span class='ocr_line' id='line_1_11' title="bbox 476 983 2053 1054; baseline 0.004 -17"><span class='ocrx_word' id='word_1_75' title='bbox 476 998 584 1038; x_wconf 92' lang='lat' dir='ltr'><strong>non</strong></span> <span class='ocrx_word' id='word_1_76' title='bbox 623 983 782 1040; x_wconf 91' lang='lat' dir='ltr'><strong>boum</strong></span> <span class='ocrx_word' id='word_1_77' title='bbox 817 998 1027 1054; x_wconf 78' lang='lat' dir='ltr'><strong>greges,</strong></span> <span class='ocrx_word' id='word_1_78' title='bbox 1086 985 1180 1041; x_wconf 86' lang='lat' dir='ltr'><strong>sed</strong></span> <span class='ocrx_word' id='word_1_79' title='bbox 1205 1001 1366 1040; x_wconf 91' lang='lat' dir='ltr'><strong>unam</strong></span> <span class='ocrx_word' id='word_1_80' title='bbox 1402 994 1606 1041; x_wconf 88' lang='lat' dir='ltr'><strong>tantum</strong></span> <span class='ocrx_word' id='word_1_81' title='bbox 1641 1001 1862 1042; x_wconf 79' lang='lat' dir='ltr'><strong>vaccam</strong></span> <span class='ocrx_word' id='word_1_82' title='bbox 1891 989 2053 1043; x_wconf 87' lang='lat' dir='ltr'><strong>homo</strong></span> 
     </span>
    </p>
   </div>
   <div class='ocr_carea' id='block_1_12' title="bbox 477 1075 2053 1146">
    <p class='ocr_par' dir='ltr' id='par_1_12' title="bbox 477 1075 2053 1146">
     <span class='ocr_line' id='line_1_12' title="bbox 477 1075 2053 1146; baseline 0.005 -18"><span class='ocrx_word' id='word_1_83' title='bbox 477 1075 773 1143; x_wconf 85' lang='lat' dir='ltr'><strong>possideat,</strong></span> <span class='ocrx_word' id='word_1_84' title='bbox 802 1085 858 1130; x_wconf 94' lang='lat' dir='ltr'><strong>et</strong></span> <span class='ocrx_word' id='word_1_85' title='bbox 884 1077 1027 1146; x_wconf 90' lang='lat' dir='ltr'><strong>quod</strong></span> <span class='ocrx_word' id='word_1_86' title='bbox 1061 1091 1170 1132; x_wconf 90' lang='lat' dir='ltr'><strong>non</strong></span> <span class='ocrx_word' id='word_1_87' title='bbox 1196 1077 1359 1144; x_wconf 84' lang='lat' dir='ltr'><strong>ovile,</strong></span> <span class='ocrx_word' id='word_1_88' title='bbox 1411 1079 1505 1134; x_wconf 87' lang='lat' dir='ltr'><strong>sed</strong></span> <span class='ocrx_word' id='word_1_89' title='bbox 1532 1079 1668 1135; x_wconf 88' lang='lat' dir='ltr'><strong>duas</strong></span> <span class='ocrx_word' id='word_1_90' title='bbox 1693 1089 1901 1137; x_wconf 88' lang='lat' dir='ltr'><strong>tantum</strong></span> <span class='ocrx_word' id='word_1_91' title='bbox 1923 1095 2053 1136; x_wconf 91' lang='lat' dir='ltr'><strong>oves</strong></span> 
     </span>
    </p>
   </div>
   <div class='ocr_carea' id='block_1_13' title="bbox 475 1167 2052 1242">
    <p class='ocr_par' dir='ltr' id='par_1_13' title="bbox 475 1167 2052 1242">
     <span class='ocr_line' id='line_1_13' title="bbox 475 1167 2052 1242; baseline 0.004 -21"><span class='ocrx_word' id='word_1_92' title='bbox 475 1167 623 1233; x_wconf 88' lang='lat' dir='ltr'><strong>alat,</strong></span> <span class='ocrx_word' id='word_1_93' title='bbox 672 1176 928 1224; x_wconf 73' lang='lat' dir='ltr'><strong>extremae</strong></span> <span class='ocrx_word' id='word_1_94' title='bbox 975 1167 1140 1224; x_wconf 83' lang='lat' dir='ltr'><strong>fuerit</strong></span> <span class='ocrx_word' id='word_1_95' title='bbox 1209 1169 1402 1239; x_wconf 69' lang='lat' dir='ltr'><strong>inapiae</strong></span> <span class='ocrx_word' id='word_1_96' title='bbox 1453 1184 1873 1242; x_wconf 76' lang='lat' dir='ltr'><strong>argumentum;</strong></span> <span class='ocrx_word' id='word_1_97' title='bbox 1923 1174 2052 1242; x_wconf 91' lang='lat' dir='ltr'><strong>quin</strong></span> 
     </span>
    </p>
   </div>
   <div class='ocr_carea' id='block_1_14' title="bbox 474 1260 2050 1335">
    <p class='ocr_par' dir='ltr' id='par_1_14' title="bbox 474 1260 2050 1335">
     <span class='ocr_line' id='line_1_14' title="bbox 474 1260 2050 1335; baseline 0.003 -21"><span class='ocrx_word' id='word_1_98' title='bbox 474 1260 636 1314; x_wconf 89' lang='lat' dir='ltr'><strong>etiam</strong></span> <span class='ocrx_word' id='word_1_99' title='bbox 665 1263 806 1329; x_wconf 88' lang='lat' dir='ltr'><strong>quod</strong></span> <span class='ocrx_word' id='word_1_100' title='bbox 835 1262 1080 1316; x_wconf 90' lang='lat' dir='ltr'><strong>residuus</strong></span> <span class='ocrx_word' id='word_1_101' title='bbox 1107 1261 1159 1315; x_wconf 92' lang='lat' dir='ltr'><strong>in</strong></span> <span class='ocrx_word' id='word_1_102' title='bbox 1190 1271 1332 1317; x_wconf 82' lang='lat' dir='ltr'><strong>terra</strong></span> <span class='ocrx_word' id='word_1_103' title='bbox 1352 1263 1582 1334; x_wconf 87' lang='lat' dir='ltr'><strong>populus</strong></span> <span class='ocrx_word' id='word_1_104' title='bbox 1612 1266 1805 1335; x_wconf 86' lang='lat' dir='ltr'><strong>butyro</strong></span> <span class='ocrx_word' id='word_1_105' title='bbox 1843 1274 2050 1320; x_wconf 84' lang='lat' dir='ltr'><strong>tantum</strong></span> 
     </span>
    </p>
   </div>
   <div class='ocr_carea' id='block_1_15' title="bbox 473 1352 2052 1426">
    <p class='ocr_par' dir='ltr' id='par_1_15' title="bbox 473 1352 2052 1426">
     <span class='ocr_line' id='line_1_15' title="bbox 473 1352 2052 1426; baseline 0.002 -19"><span class='ocrx_word' id='word_1_106' title='bbox 473 1362 528 1407; x_wconf 90' lang='lat' dir='ltr'><strong>et</strong></span> <span class='ocrx_word' id='word_1_107' title='bbox 558 1352 714 1407; x_wconf 85' lang='lat' dir='ltr'><strong>melle</strong></span> <span class='ocrx_word' id='word_1_108' title='bbox 745 1353 955 1418; x_wconf 85' lang='lat' dir='ltr'><strong>alatur,</strong></span> <span class='ocrx_word' id='word_1_109' title='bbox 984 1353 1034 1406; x_wconf 89' lang='lat' dir='ltr'><strong>id</strong></span> <span class='ocrx_word' id='word_1_110' title='bbox 1067 1352 1264 1408; x_wconf 80' lang='lat' dir='ltr'><strong>famem</strong></span> <span class='ocrx_word' id='word_1_111' title='bbox 1293 1355 1448 1425; x_wconf 90' lang='lat' dir='ltr'><strong>panis</strong></span> <span class='ocrx_word' id='word_1_112' title='bbox 1475 1355 1738 1411; x_wconf 84' lang='lat' dir='ltr'><strong>declarat.</strong></span> <span class='ocrx_word' id='word_1_113' title='bbox 1765 1355 1862 1412; x_wconf 85' lang='lat' dir='ltr'><strong>Hic</strong></span> <span class='ocrx_word' id='word_1_114' title='bbox 1889 1371 2052 1426; x_wconf 89' lang='lat' dir='ltr'><strong>porro</strong></span> 
     </span>
    </p>
   </div>
   <div class='ocr_carea' id='block_1_16' title="bbox 473 1445 2052 1519">
    <p class='ocr_par' dir='ltr' id='par_1_16' title="bbox 473 1445 2052 1519">
     <span class='ocr_line' id='line_1_16' title="bbox 473 1445 2052 1519; baseline 0.003 -18"><span class='ocrx_word' id='word_1_115' title='bbox 473 1453 590 1501; x_wconf 90' lang='lat' dir='ltr'><strong>erat</strong></span> <span class='ocrx_word' id='word_1_116' title='bbox 638 1445 864 1516; x_wconf 86' lang='lat' dir='ltr'><strong>populus</strong></span> <span class='ocrx_word' id='word_1_117' title='bbox 897 1448 995 1500; x_wconf 90' lang='lat' dir='ltr'><strong>sub</strong></span> <span class='ocrx_word' id='word_1_118' title='bbox 1028 1445 1253 1503; x_wconf 90' lang='lat' dir='ltr'><strong>Godolia</strong></span> <span class='ocrx_word' id='word_1_119' title='bbox 1278 1487 1294 1514; x_wconf 86' lang='lat'><strong>,</strong></span> <span class='ocrx_word' id='word_1_120' title='bbox 1329 1463 1490 1517; x_wconf 90' lang='lat' dir='ltr'><strong>quem</strong></span> <span class='ocrx_word' id='word_1_121' title='bbox 1539 1450 1610 1505; x_wconf 92' lang='lat' dir='ltr'><strong>ob</strong></span> <span class='ocrx_word' id='word_1_122' title='bbox 1643 1449 1902 1504; x_wconf 82' lang='lat' dir='ltr'><strong>frumenti</strong></span> <span class='ocrx_word' id='word_1_123' title='bbox 1959 1464 2052 1519; x_wconf 84' lang='lat' dir='ltr'><strong>pe-</strong></span> 
     </span>
    </p>
   </div>
   <div class='ocr_carea' id='block_1_17' title="bbox 473 1536 2048 1611">
    <p class='ocr_par' dir='ltr' id='par_1_17' title="bbox 473 1536 2048 1611">
     <span class='ocr_line' id='line_1_17' title="bbox 473 1536 2048 1611; baseline 0.003 -21"><span class='ocrx_word' id='word_1_124' title='bbox 473 1536 726 1603; x_wconf 89' lang='lat' dir='ltr'><strong>nuriam,</strong></span> <span class='ocrx_word' id='word_1_125' title='bbox 775 1537 966 1608; x_wconf 83' lang='lat' dir='ltr'><strong>exiguo</strong></span> <span class='ocrx_word' id='word_1_126' title='bbox 1013 1553 1271 1608; x_wconf 88' lang='lat' dir='ltr'><strong>pecorum</strong></span> <span class='ocrx_word' id='word_1_127' title='bbox 1308 1538 1450 1594; x_wconf 89' lang='lat' dir='ltr'><strong>lacte</strong></span> <span class='ocrx_word' id='word_1_128' title='bbox 1495 1547 1551 1596; x_wconf 86' lang='lat' dir='ltr'><strong>et</strong></span> <span class='ocrx_word' id='word_1_129' title='bbox 1597 1539 1792 1611; x_wconf 84' lang='lat' dir='ltr'><strong>butyro</strong></span> <span class='ocrx_word' id='word_1_130' title='bbox 1839 1539 1892 1594; x_wconf 89' lang='lat' dir='ltr'><strong>in</strong></span> <span class='ocrx_word' id='word_1_131' title='bbox 1943 1540 2048 1595; x_wconf 87' lang='lat' dir='ltr'><strong>ali-</strong></span> 
     </span>
    </p>
   </div>
   <div class='ocr_carea' id='block_1_18' title="bbox 472 1629 2046 1700">
    <p class='ocr_par' dir='ltr' id='par_1_18' title="bbox 472 1629 2046 1700">
     <span class='ocr_line' id='line_1_18' title="bbox 472 1629 2046 1700; baseline 0.003 -20"><span class='ocrx_word' id='word_1_132' title='bbox 472 1635 713 1682; x_wconf 88' lang='lat' dir='ltr'><strong>mentum</strong></span> <span class='ocrx_word' id='word_1_133' title='bbox 763 1641 988 1682; x_wconf 83' lang='lat' dir='ltr'><strong>usurum</strong></span> <span class='ocrx_word' id='word_1_134' title='bbox 1033 1629 1363 1698; x_wconf 65' lang='lat' dir='ltr'><strong>praenuntiat</strong></span> <span class='ocrx_word' id='word_1_135' title='bbox 1416 1645 1430 1681; x_wconf 87' lang='lat'><strong><em>:</em></strong></span> <span class='ocrx_word' id='word_1_136' title='bbox 1485 1629 1737 1683; x_wconf 87' lang='lat' dir='ltr'><strong>universa</strong></span> <span class='ocrx_word' id='word_1_137' title='bbox 1787 1629 2046 1700; x_wconf 88' lang='lat' dir='ltr'><strong>regione,</strong></span> 
     </span>
    </p>
   </div>
   <div class='ocr_carea' id='block_1_19' title="bbox 471 1717 2049 1803">
    <p class='ocr_par' dir='ltr' id='par_1_19' title="bbox 471 1717 2049 1803">
     <span class='ocr_line' id='line_1_19' title="bbox 471 1717 2049 1803; baseline 0.001 -32"><span class='ocrx_word' id='word_1_138' title='bbox 471 1719 541 1773; x_wconf 88' lang='lat' dir='ltr'><strong>ob</strong></span> <span class='ocrx_word' id='word_1_139' title='bbox 569 1719 805 1773; x_wconf 88' lang='lat' dir='ltr'><strong>virorum</strong></span> <span class='ocrx_word' id='word_1_140' title='bbox 829 1719 1155 1788; x_wconf 81' lang='lat' dir='ltr'><strong>paucitatem</strong></span> <span class='ocrx_word' id='word_1_141' title='bbox 1183 1719 1235 1774; x_wconf 91' lang='lat' dir='ltr'><strong>in</strong></span> <span class='ocrx_word' id='word_1_142' title='bbox 1255 1719 1526 1774; x_wconf 88' lang='lat' dir='ltr'><strong>desertum</strong></span> <span class='ocrx_word' id='word_1_143' title='bbox 1553 1729 1609 1803; x_wconf 76' lang='lat' dir='ltr'><strong>et</strong></span> <span class='ocrx_word' id='word_1_144' title='bbox 1639 1719 1690 1774; x_wconf 92' lang='lat' dir='ltr'><strong>in</strong></span> <span class='ocrx_word' id='word_1_145' title='bbox 1713 1717 1900 1790; x_wconf 87' lang='lat' dir='ltr'><strong>spinas</strong></span> <span class='ocrx_word' id='word_1_146' title='bbox 1922 1733 2049 1774; x_wconf 88' lang='lat' dir='ltr'><strong>con-</strong></span> 
     </span>
    </p>
   </div>
   <div class='ocr_carea' id='block_1_20' title="bbox 471 1824 648 1864">
    <p class='ocr_par' dir='ltr' id='par_1_20' title="bbox 471 1824 648 1864">
     <span class='ocr_line' id='line_1_20' title="bbox 471 1824 648 1864; baseline 0.006 -2"><span class='ocrx_word' id='word_1_147' title='bbox 471 1824 624 1864; x_wconf 85' lang='lat' dir='ltr'><strong>versa</strong></span> <span class='ocrx_word' id='word_1_148' title='bbox 633 1847 648 1863; x_wconf 81' lang='grc' dir='ltr'><strong>ο</strong></span> 
     </span>
    </p>
   </div>
   <div class='ocr_carea' id='block_1_21' title="bbox 542 2018 2042 2087">
    <p class='ocr_par' dir='ltr' id='par_1_21' title="bbox 542 2018 2042 2087">
     <span class='ocr_line' id='line_1_21' title="bbox 542 2018 2042 2087; baseline 0.001 -15"><span class='ocrx_word' id='word_1_149' title='bbox 542 2018 706 2076; x_wconf 74' lang='lat' dir='ltr'><strong>Vens.</strong></span> <span class='ocrx_word' id='word_1_150' title='bbox 738 2018 834 2074; x_wconf 71' lang='lat'><strong>35.</strong></span> <span class='ocrx_word' id='word_1_151' title='bbox 881 2036 903 2071; x_wconf 80' lang='grc' dir='ltr'><strong>ι</strong></span> <span class='ocrx_word' id='word_1_152' title='bbox 950 2018 1020 2076; x_wconf 85' lang='lat' dir='ltr'><strong>Et</strong></span> <span class='ocrx_word' id='word_1_153' title='bbox 1042 2029 1149 2074; x_wconf 79' lang='lat' dir='ltr'><strong>erit</strong></span> <span class='ocrx_word' id='word_1_154' title='bbox 1178 2019 1231 2076; x_wconf 92' lang='lat' dir='ltr'><strong>in</strong></span> <span class='ocrx_word' id='word_1_155' title='bbox 1263 2018 1350 2076; x_wconf 89' lang='lat' dir='ltr'><strong>die</strong></span> <span class='ocrx_word' id='word_1_156' title='bbox 1380 2019 1469 2076; x_wconf 88' lang='lat' dir='ltr'><strong>illa</strong></span> <span class='ocrx_word' id='word_1_157' title='bbox 1496 2061 1513 2087; x_wconf 89' lang='lat'><strong>,</strong></span> <span class='ocrx_word' id='word_1_158' title='bbox 1541 2023 1720 2077; x_wconf 87' lang='lat' dir='ltr'><strong>omnis</strong></span> <span class='ocrx_word' id='word_1_159' title='bbox 1766 2021 1922 2077; x_wconf 86' lang='lat' dir='ltr'><strong>locus</strong></span> <span class='ocrx_word' id='word_1_160' title='bbox 1952 2019 2042 2076; x_wconf 90' lang='lat' dir='ltr'><strong>ubi</strong></span> 
     </span>
    </p>
   </div>
   <div class='ocr_carea' id='block_1_22' title="bbox 469 2110 2042 2180">
    <p class='ocr_par' dir='ltr' id='par_1_22' title="bbox 469 2110 2042 2180">
     <span class='ocr_line' id='line_1_22' title="bbox 469 2110 2042 2180; baseline 0 -12"><span class='ocrx_word' id='word_1_161' title='bbox 469 2112 672 2168; x_wconf 88' lang='lat' dir='ltr'><strong>fuerint</strong></span> <span class='ocrx_word' id='word_1_162' title='bbox 716 2110 865 2168; x_wconf 90' lang='lat' dir='ltr'><strong>mille</strong></span> <span class='ocrx_word' id='word_1_163' title='bbox 892 2111 1061 2170; x_wconf 65' lang='lat' dir='ltr'><strong>vinea!</strong></span> <span class='ocrx_word' id='word_1_164' title='bbox 1085 2151 1103 2178; x_wconf 92' lang='lat'><strong>,</strong></span> <span class='ocrx_word' id='word_1_165' title='bbox 1157 2111 1305 2168; x_wconf 88' lang='lat' dir='ltr'><strong>mille</strong></span> <span class='ocrx_word' id='word_1_166' title='bbox 1348 2113 1640 2180; x_wconf 90' lang='lat' dir='ltr'><strong>siclorum,</strong></span> <span class='ocrx_word' id='word_1_167' title='bbox 1675 2114 1727 2168; x_wconf 92' lang='lat' dir='ltr'><strong>in</strong></span> <span class='ocrx_word' id='word_1_168' title='bbox 1771 2114 2042 2170; x_wconf 84' lang='lat' dir='ltr'><strong>desertum</strong></span> 
     </span>
    </p>
   </div>
   <div class='ocr_carea' id='block_1_23' title="bbox 470 2202 2040 2276">
    <p class='ocr_par' dir='ltr' id='par_1_23' title="bbox 470 2202 2040 2276">
     <span class='ocr_line' id='line_1_23' title="bbox 470 2202 2040 2276; baseline 0 -16"><span class='ocrx_word' id='word_1_169' title='bbox 470 2207 660 2262; x_wconf 90' lang='lat' dir='ltr'><strong>eritet</strong></span> <span class='ocrx_word' id='word_1_170' title='bbox 700 2206 755 2260; x_wconf 91' lang='lat' dir='ltr'><strong>in</strong></span> <span class='ocrx_word' id='word_1_171' title='bbox 803 2205 1036 2275; x_wconf 82' lang='lat' dir='ltr'><strong>spinam.</strong></span> <span class='ocrx_word' id='word_1_172' title='bbox 1084 2221 1104 2255; x_wconf 73' lang='grc' dir='ltr'><strong>ι</strong></span> <span class='ocrx_word' id='word_1_173' title='bbox 1145 2202 1298 2270; x_wconf 89' lang='lat' dir='ltr'><strong>Quod</strong></span> <span class='ocrx_word' id='word_1_174' title='bbox 1337 2205 1501 2276; x_wconf 84' lang='lat' dir='ltr'><strong>igitur</strong></span> <span class='ocrx_word' id='word_1_175' title='bbox 1551 2213 1697 2260; x_wconf 86' lang='lat' dir='ltr'><strong>terra</strong></span> <span class='ocrx_word' id='word_1_176' title='bbox 1746 2204 1949 2262; x_wconf 80' lang='lat' dir='ltr'><strong>inculta</strong></span> <span class='ocrx_word' id='word_1_177' title='bbox 1985 2214 2040 2261; x_wconf 89' lang='lat' dir='ltr'><strong>et</strong></span> 
     </span>
    </p>
   </div>
   <div class='ocr_carea' id='block_1_24' title="bbox 467 2294 2042 2368">
    <p class='ocr_par' dir='ltr' id='par_1_24' title="bbox 467 2294 2042 2368">
     <span class='ocr_line' id='line_1_24' title="bbox 467 2294 2042 2368; baseline 0.001 -16"><span class='ocrx_word' id='word_1_178' title='bbox 467 2297 640 2368; x_wconf 84' lang='lat' dir='ltr'><strong>spinis</strong></span> <span class='ocrx_word' id='word_1_179' title='bbox 669 2296 868 2354; x_wconf 82' lang='lat' dir='ltr'><strong>referta</strong></span> <span class='ocrx_word' id='word_1_180' title='bbox 917 2298 1034 2361; x_wconf 85' lang='lat' dir='ltr'><strong>sit,</strong></span> <span class='ocrx_word' id='word_1_181' title='bbox 1066 2296 1340 2352; x_wconf 81' lang='lat' dir='ltr'><strong>frumento</strong></span> <span class='ocrx_word' id='word_1_182' title='bbox 1369 2297 1622 2364; x_wconf 87' lang='lat' dir='ltr'><strong>carebit;</strong></span> <span class='ocrx_word' id='word_1_183' title='bbox 1671 2311 1846 2368; x_wconf 77' lang='lat' dir='ltr'><strong>neque</strong></span> <span class='ocrx_word' id='word_1_184' title='bbox 1878 2294 2042 2353; x_wconf 72' lang='lat' dir='ltr'><strong>homo</strong></span> 
     </span>
    </p>
   </div>
   <div class='ocr_carea' id='block_1_25' title="bbox 464 2389 2044 2460">
    <p class='ocr_par' dir='ltr' id='par_1_25' title="bbox 464 2389 2044 2460">
     <span class='ocr_line' id='line_1_25' title="bbox 464 2389 2044 2460; baseline 0.001 -16"><span class='ocrx_word' id='word_1_185' title='bbox 464 2391 556 2460; x_wconf 87' lang='lat' dir='ltr'><strong>qui</strong></span> <span class='ocrx_word' id='word_1_186' title='bbox 587 2389 836 2446; x_wconf 90' lang='lat' dir='ltr'><strong>residuus</strong></span> <span class='ocrx_word' id='word_1_187' title='bbox 861 2391 968 2445; x_wconf 90' lang='lat' dir='ltr'><strong>erit</strong></span> <span class='ocrx_word' id='word_1_188' title='bbox 994 2427 1010 2455; x_wconf 91' lang='lat'><strong>,</strong></span> <span class='ocrx_word' id='word_1_189' title='bbox 1037 2395 1246 2444; x_wconf 67' lang='lat' dir='ltr'><strong>naturae</strong></span> <span class='ocrx_word' id='word_1_190' title='bbox 1274 2389 1597 2458; x_wconf 85' lang='lat' dir='ltr'><strong>congruenti</strong></span> <span class='ocrx_word' id='word_1_191' title='bbox 1623 2389 1770 2454; x_wconf 88' lang='lat' dir='ltr'><strong>cibo,</strong></span> <span class='ocrx_word' id='word_1_192' title='bbox 1801 2398 1895 2444; x_wconf 90' lang='lat' dir='ltr'><strong>aut</strong></span> <span class='ocrx_word' id='word_1_193' title='bbox 1917 2389 2044 2446; x_wconf 85' lang='lat' dir='ltr'><strong>vino</strong></span> 
     </span>
    </p>
   </div>
   <div class='ocr_carea' id='block_1_26' title="bbox 465 2479 2042 2552">
    <p class='ocr_par' dir='ltr' id='par_1_26' title="bbox 465 2479 2042 2552">
     <span class='ocr_line' id='line_1_26' title="bbox 465 2479 2042 2552; baseline 0.003 -17"><span class='ocrx_word' id='word_1_194' title='bbox 465 2483 759 2547; x_wconf 88' lang='lat' dir='ltr'><strong>nutrietur,</strong></span> <span class='ocrx_word' id='word_1_195' title='bbox 819 2482 928 2536; x_wconf 88' lang='lat' dir='ltr'><strong>imo</strong></span> <span class='ocrx_word' id='word_1_196' title='bbox 953 2480 1132 2550; x_wconf 85' lang='lat' dir='ltr'><strong>potius</strong></span> <span class='ocrx_word' id='word_1_197' title='bbox 1168 2479 1313 2535; x_wconf 86' lang='lat' dir='ltr'><strong>lacte</strong></span> <span class='ocrx_word' id='word_1_198' title='bbox 1339 2519 1354 2546; x_wconf 90' lang='lat'><strong>,</strong></span> <span class='ocrx_word' id='word_1_199' title='bbox 1381 2482 1599 2552; x_wconf 86' lang='lat' dir='ltr'><strong>butyro,</strong></span> <span class='ocrx_word' id='word_1_200' title='bbox 1621 2491 1676 2537; x_wconf 90' lang='lat' dir='ltr'><strong>et</strong></span> <span class='ocrx_word' id='word_1_201' title='bbox 1711 2481 1910 2551; x_wconf 84' lang='lat' dir='ltr'><strong>melle;</strong></span> <span class='ocrx_word' id='word_1_202' title='bbox 1943 2483 2042 2539; x_wconf 84' lang='lat' dir='ltr'><strong>iis-</strong></span> 
     </span>
    </p>
   </div>
   <div class='ocr_carea' id='block_1_27' title="bbox 465 2571 2044 2643">
    <p class='ocr_par' dir='ltr' id='par_1_27' title="bbox 465 2571 2044 2643">
     <span class='ocr_line' id='line_1_27' title="bbox 465 2571 2044 2643; baseline 0.002 -17"><span class='ocrx_word' id='word_1_203' title='bbox 465 2587 571 2642; x_wconf 89' lang='lat' dir='ltr'><strong>que</strong></span> <span class='ocrx_word' id='word_1_204' title='bbox 601 2587 708 2630; x_wconf 89' lang='lat' dir='ltr'><strong>uon</strong></span> <span class='ocrx_word' id='word_1_205' title='bbox 740 2589 773 2629; x_wconf 85' lang='lat' dir='ltr'><strong>a</strong></span> <span class='ocrx_word' id='word_1_206' title='bbox 804 2587 1095 2628; x_wconf 84' lang='lat' dir='ltr'><strong>numeroso</strong></span> <span class='ocrx_word' id='word_1_207' title='bbox 1145 2571 1309 2629; x_wconf 88' lang='lat' dir='ltr'><strong>boum</strong></span> <span class='ocrx_word' id='word_1_208' title='bbox 1340 2587 1504 2643; x_wconf 87' lang='lat' dir='ltr'><strong>grege</strong></span> <span class='ocrx_word' id='word_1_209' title='bbox 1528 2611 1545 2638; x_wconf 91' lang='lat'><strong>,</strong></span> <span class='ocrx_word' id='word_1_210' title='bbox 1580 2587 1756 2641; x_wconf 86' lang='lat' dir='ltr'><strong>neque</strong></span> <span class='ocrx_word' id='word_1_211' title='bbox 1787 2573 1856 2628; x_wconf 91' lang='lat' dir='ltr'><strong>ab</strong></span> <span class='ocrx_word' id='word_1_212' title='bbox 1885 2575 2044 2630; x_wconf 90' lang='lat' dir='ltr'><strong>ovili-</strong></span> 
     </span>
    </p>
   </div>
   <div class='ocr_carea' id='block_1_28' title="bbox 465 2663 2043 2734">
    <p class='ocr_par' dir='ltr' id='par_1_28' title="bbox 465 2663 2043 2734">
     <span class='ocr_line' id='line_1_28' title="bbox 465 2663 2043 2734; baseline 0.002 -16"><span class='ocrx_word' id='word_1_213' title='bbox 465 2667 567 2719; x_wconf 88' lang='lat' dir='ltr'><strong>bus</strong></span> <span class='ocrx_word' id='word_1_214' title='bbox 595 2665 968 2734; x_wconf 80' lang='lat' dir='ltr'><strong>congregatis,</strong></span> <span class='ocrx_word' id='word_1_215' title='bbox 1018 2664 1113 2719; x_wconf 90' lang='lat' dir='ltr'><strong>sed</strong></span> <span class='ocrx_word' id='word_1_216' title='bbox 1140 2677 1207 2718; x_wconf 79' lang='lat' dir='ltr'><strong>ex</strong></span> <span class='ocrx_word' id='word_1_217' title='bbox 1237 2663 1429 2718; x_wconf 86' lang='lat' dir='ltr'><strong>ovibus</strong></span> <span class='ocrx_word' id='word_1_218' title='bbox 1459 2665 1784 2734; x_wconf 87' lang='lat' dir='ltr'><strong>quibusdam</strong></span> <span class='ocrx_word' id='word_1_219' title='bbox 1824 2674 1880 2721; x_wconf 87' lang='lat' dir='ltr'><strong>et</strong></span> <span class='ocrx_word' id='word_1_220' title='bbox 1922 2667 2043 2721; x_wconf 88' lang='lat' dir='ltr'><strong>ani-</strong></span> 
     </span>
    </p>
   </div>
   <div class='ocr_carea' id='block_1_29' title="bbox 465 2751 2040 2818">
    <p class='ocr_par' dir='ltr' id='par_1_29' title="bbox 465 2751 2040 2818">
     <span class='ocr_line' id='line_1_29' title="bbox 465 2751 2040 2818; baseline -0.001 -9"><span class='ocrx_word' id='word_1_221' title='bbox 465 2754 697 2809; x_wconf 86' lang='lat' dir='ltr'><strong>malibus</strong></span> <span class='ocrx_word' id='word_1_222' title='bbox 723 2753 955 2810; x_wconf 82' lang='lat' dir='ltr'><strong>miseris.</strong></span> <span class='ocrx_word' id='word_1_223' title='bbox 984 2751 1116 2807; x_wconf 85' lang='lat' dir='ltr'><strong>Nam</strong></span> <span class='ocrx_word' id='word_1_224' title='bbox 1143 2753 1281 2808; x_wconf 91' lang='lat' dir='ltr'><strong>alius</strong></span> <span class='ocrx_word' id='word_1_225' title='bbox 1312 2766 1381 2807; x_wconf 78' lang='lat' dir='ltr'><strong>ex</strong></span> <span class='ocrx_word' id='word_1_226' title='bbox 1409 2769 1513 2808; x_wconf 84' lang='lat' dir='ltr'><strong>una</strong></span> <span class='ocrx_word' id='word_1_227' title='bbox 1543 2754 1735 2810; x_wconf 87' lang='lat' dir='ltr'><strong>bucula</strong></span> <span class='ocrx_word' id='word_1_228' title='bbox 1757 2793 1776 2818; x_wconf 83' lang='lat'><strong>,</strong></span> <span class='ocrx_word' id='word_1_229' title='bbox 1806 2754 1946 2811; x_wconf 84' lang='lat' dir='ltr'><strong>alius</strong></span> <span class='ocrx_word' id='word_1_230' title='bbox 1975 2771 2040 2810; x_wconf 78' lang='lat' dir='ltr'><strong>ex</strong></span> 
     </span>
    </p>
   </div>
   <div class='ocr_carea' id='block_1_30' title="bbox 465 2844 1356 2902">
    <p class='ocr_par' dir='ltr' id='par_1_30' title="bbox 465 2844 1356 2902">
     <span class='ocr_line' id='line_1_30' title="bbox 465 2844 1356 2902; baseline -0.002 -1"><span class='ocrx_word' id='word_1_231' title='bbox 465 2845 675 2902; x_wconf 87' lang='lat' dir='ltr'><strong>duabus</strong></span> <span class='ocrx_word' id='word_1_232' title='bbox 701 2846 893 2901; x_wconf 89' lang='lat' dir='ltr'><strong>ovibus</strong></span> <span class='ocrx_word' id='word_1_233' title='bbox 918 2847 968 2900; x_wconf 94' lang='lat' dir='ltr'><strong>id</strong></span> <span class='ocrx_word' id='word_1_234' title='bbox 1006 2844 1356 2901; x_wconf 86' lang='lat' dir='ltr'><strong>mutuabitur.</strong></span> 
     </span>
    </p>
   </div>
   <div class='ocr_carea' id='block_1_31' title="bbox 536 3051 2039 3122">
    <p class='ocr_par' dir='ltr' id='par_1_31' title="bbox 536 3051 2039 3122">
     <span class='ocr_line' id='line_1_31' title="bbox 536 3051 2039 3122; baseline 0.003 -18"><span class='ocrx_word' id='word_1_235' title='bbox 536 3052 699 3109; x_wconf 73' lang='lat' dir='ltr'><strong>Vsus.</strong></span> <span class='ocrx_word' id='word_1_236' title='bbox 728 3052 818 3110; x_wconf 73' lang='lat'><strong>23.</strong></span> <span class='ocrx_word' id='word_1_237' title='bbox 870 3071 890 3104; x_wconf 71' lang='grc' dir='ltr'>ι</span> <span class='ocrx_word' id='word_1_238' title='bbox 951 3052 1018 3108; x_wconf 82' lang='lat' dir='ltr'><strong>Et</strong></span> <span class='ocrx_word' id='word_1_239' title='bbox 1043 3051 1225 3106; x_wconf 90' lang='lat' dir='ltr'><strong>omnis</strong></span> <span class='ocrx_word' id='word_1_240' title='bbox 1263 3066 1419 3108; x_wconf 86' lang='lat' dir='ltr'><strong>mons</strong></span> <span class='ocrx_word' id='word_1_241' title='bbox 1464 3057 1648 3108; x_wconf 81' lang='lat' dir='ltr'><strong>aratus</strong></span> <span class='ocrx_word' id='word_1_242' title='bbox 1673 3053 1942 3122; x_wconf 88' lang='lat' dir='ltr'><strong>arabitur,</strong></span> <span class='ocrx_word' id='word_1_243' title='bbox 1985 3065 2039 3109; x_wconf 89' lang='lat' dir='ltr'><strong>et</strong></span> 
     </span>
    </p>
   </div>
   <div class='ocr_carea' id='block_1_32' title="bbox 2154 529 3716 602">
    <p class='ocr_par' dir='ltr' id='par_1_32' title="bbox 2154 529 3716 602">
     <span class='ocr_line' id='line_1_32' title="bbox 2154 529 3716 602; baseline 0.001 -18"><span class='ocrx_word' id='word_1_244' title='bbox 2154 531 2382 602; x_wconf 76' lang='grc' dir='ltr'><strong>δάμαλιν</strong></span> <span class='ocrx_word' id='word_1_245' title='bbox 2407 530 2546 600; x_wconf 87' lang='grc' dir='ltr'>βοῶν</span> <span class='ocrx_word' id='word_1_246' title='bbox 2589 531 2684 584; x_wconf 74' lang='grc' dir='ltr'><strong>καὶ</strong></span> <span class='ocrx_word' id='word_1_247' title='bbox 2728 531 2822 585; x_wconf 89' lang='grc' dir='ltr'><strong>δύο</strong></span> <span class='ocrx_word' id='word_1_248' title='bbox 2868 529 3138 602; x_wconf 87' lang='grc' dir='ltr'>πρόϐατα.</span> <span class='ocrx_word' id='word_1_249' title='bbox 3173 531 3284 584; x_wconf 97' lang='lat' dir='ltr'><strong>Kal</strong></span> <span class='ocrx_word' id='word_1_250' title='bbox 3311 530 3462 585; x_wconf 71' lang='grc' dir='ltr'>ἔσται</span> <span class='ocrx_word' id='word_1_251' title='bbox 3494 531 3604 586; x_wconf 78' lang='grc' dir='ltr'>ἀπὺ</span> <span class='ocrx_word' id='word_1_252' title='bbox 3628 533 3716 586; x_wconf 79' lang='grc' dir='ltr'><strong>τοῦ</strong></span> 
     </span>
    </p>
   </div>
   <div class='ocr_carea' id='block_1_33' title="bbox 2155 621 3717 694">
    <p class='ocr_par' dir='ltr' id='par_1_33' title="bbox 2155 621 3717 694">
     <span class='ocr_line' id='line_1_33' title="bbox 2155 621 3717 694; baseline 0.002 -19"><span class='ocrx_word' id='word_1_253' title='bbox 2155 623 2402 678; x_wconf 85' lang='grc' dir='ltr'>πλεῖστον</span> <span class='ocrx_word' id='word_1_254' title='bbox 2432 627 2606 678; x_wconf 81' lang='grc' dir='ltr'><strong>ποιεῖν</strong></span> <span class='ocrx_word' id='word_1_255' title='bbox 2639 623 2800 691; x_wconf 85' lang='grc' dir='ltr'>γάλα,</span> <span class='ocrx_word' id='word_1_256' title='bbox 2839 621 3098 693; x_wconf 86' lang='grc' dir='ltr'>βούτυρον</span> <span class='ocrx_word' id='word_1_257' title='bbox 3124 623 3220 678; x_wconf 80' lang='grc' dir='ltr'><strong>καὶ</strong></span> <span class='ocrx_word' id='word_1_258' title='bbox 3255 623 3380 694; x_wconf 88' lang='grc' dir='ltr'>μέλι</span> <span class='ocrx_word' id='word_1_259' title='bbox 3397 625 3596 694; x_wconf 82' lang='grc' dir='ltr'>φαγεῖν</span> <span class='ocrx_word' id='word_1_260' title='bbox 3615 626 3717 688; x_wconf 79' lang='grc' dir='ltr'><strong>πᾶς</strong></span> 
     </span>
    </p>
   </div>
   <div class='ocr_carea' id='block_1_34' title="bbox 2154 713 3716 786">
    <p class='ocr_par' dir='ltr' id='par_1_34' title="bbox 2154 713 3716 786">
     <span class='ocr_line' id='line_1_34' title="bbox 2154 713 3716 786; baseline 0.003 -20"><span class='ocrx_word' id='word_1_261' title='bbox 2154 715 2182 766; x_wconf 78' lang='grc' dir='ltr'><strong>ὁ</strong></span> <span class='ocrx_word' id='word_1_262' title='bbox 2210 713 2589 783; x_wconf 80' lang='grc' dir='ltr'>καταλειφθεὶς</span> <span class='ocrx_word' id='word_1_263' title='bbox 2613 715 2706 768; x_wconf 80' lang='grc' dir='ltr'><strong>ἐπὶ</strong></span> <span class='ocrx_word' id='word_1_264' title='bbox 2735 713 2832 786; x_wconf 78' lang='grc' dir='ltr'>τὴν</span> <span class='ocrx_word' id='word_1_265' title='bbox 2863 715 2986 785; x_wconf 82' lang='grc' dir='ltr'>γῆν.</span> <span class='ocrx_word' id='word_1_266' title='bbox 3034 734 3052 766; x_wconf 75' lang='grc' dir='ltr'><strong>ι</strong></span> <span class='ocrx_word' id='word_1_267' title='bbox 3109 714 3389 784; x_wconf 88' lang='grc' dir='ltr'>Πτωχείαν</span> <span class='ocrx_word' id='word_1_268' title='bbox 3411 733 3468 768; x_wconf 87' lang='grc' dir='ltr'><strong>τε</strong></span> <span class='ocrx_word' id='word_1_269' title='bbox 3503 715 3598 770; x_wconf 74' lang='grc' dir='ltr'><strong>καὶ</strong></span> <span class='ocrx_word' id='word_1_270' title='bbox 3623 733 3716 769; x_wconf 86' lang='grc' dir='ltr'>πε-</span> 
     </span>
    </p>
   </div>
   <div class='ocr_carea' id='block_1_35' title="bbox 2154 805 3716 878">
    <p class='ocr_par' dir='ltr' id='par_1_35' title="bbox 2154 805 3716 878">
     <span class='ocr_line' id='line_1_35' title="bbox 2154 805 3716 878; baseline 0.002 -20"><span class='ocrx_word' id='word_1_271' title='bbox 2154 806 2274 861; x_wconf 90' lang='grc' dir='ltr'>νίαν</span> <span class='ocrx_word' id='word_1_272' title='bbox 2301 805 2748 878; x_wconf 81' lang='grc' dir='ltr'>ὑπερϐάλλουσαν</span> <span class='ocrx_word' id='word_1_273' title='bbox 2776 805 3073 860; x_wconf 73' lang='grc' dir='ltr'>αἰνίττεται</span> <span class='ocrx_word' id='word_1_274' title='bbox 3093 806 3180 860; x_wconf 78' lang='grc' dir='ltr'><strong>διὰ</strong></span> <span class='ocrx_word' id='word_1_275' title='bbox 3198 805 3404 861; x_wconf 90' lang='grc' dir='ltr'>τούτων</span> <span class='ocrx_word' id='word_1_276' title='bbox 3426 823 3440 838; x_wconf 74' lang='grc'><strong><em>⁸</em></strong></span> <span class='ocrx_word' id='word_1_277' title='bbox 3471 806 3608 862; x_wconf 80' lang='grc' dir='ltr'>ἀλλὰ</span> <span class='ocrx_word' id='word_1_278' title='bbox 3627 808 3716 861; x_wconf 79' lang='grc' dir='ltr'><strong>καὶ</strong></span> 
     </span>
    </p>
   </div>
   <div class='ocr_carea' id='block_1_36' title="bbox 2154 895 3716 972">
    <p class='ocr_par' dir='ltr' id='par_1_36' title="bbox 2154 895 3716 972">
     <span class='ocr_line' id='line_1_36' title="bbox 2154 895 3716 972; baseline 0.003 -24"><span class='ocrx_word' id='word_1_279' title='bbox 2154 895 2357 950; x_wconf 76' lang='grc' dir='ltr'><strong>ἔνδειαν</strong></span> <span class='ocrx_word' id='word_1_280' title='bbox 2391 896 2486 950; x_wconf 72' lang='grc' dir='ltr'>καὶ</span> <span class='ocrx_word' id='word_1_281' title='bbox 2515 895 2708 950; x_wconf 79' lang='grc' dir='ltr'><strong>σπάνιν</strong></span> <span class='ocrx_word' id='word_1_282' title='bbox 2731 895 2831 966; x_wconf 82' lang='grc' dir='ltr'>τῆς</span> <span class='ocrx_word' id='word_1_283' title='bbox 2847 895 2954 950; x_wconf 83' lang='grc' dir='ltr'><strong>ἀπὸ</strong></span> <span class='ocrx_word' id='word_1_284' title='bbox 2979 895 3071 950; x_wconf 81' lang='grc' dir='ltr'>τοῦ</span> <span class='ocrx_word' id='word_1_285' title='bbox 3104 896 3249 950; x_wconf 91' lang='grc' dir='ltr'>σίτου</span> <span class='ocrx_word' id='word_1_286' title='bbox 3278 898 3504 968; x_wconf 73' lang='grc' dir='ltr'>τροφῆςο</span> <span class='ocrx_word' id='word_1_287' title='bbox 3532 898 3594 952; x_wconf 81' lang='grc' dir='ltr'>τὸ</span> <span class='ocrx_word' id='word_1_288' title='bbox 3613 900 3716 972; x_wconf 80' lang='grc' dir='ltr'>γὰρ</span> 
     </span>
    </p>
   </div>
   <div class='ocr_carea' id='block_1_37' title="bbox 2157 988 3717 1062">
    <p class='ocr_par' dir='ltr' id='par_1_37' title="bbox 2157 988 3717 1062">
     <span class='ocr_line' id='line_1_37' title="bbox 2157 988 3717 1062; baseline 0.003 -21"><span class='ocrx_word' id='word_1_289' title='bbox 2157 988 2232 1060; x_wconf 80' lang='grc' dir='ltr'>μὴ</span> <span class='ocrx_word' id='word_1_290' title='bbox 2263 988 2398 1058; x_wconf 84' lang='grc' dir='ltr'>βοῶν</span> <span class='ocrx_word' id='word_1_291' title='bbox 2424 988 2646 1056; x_wconf 81' lang='grc' dir='ltr'><strong>ἀγέλας,</strong></span> <span class='ocrx_word' id='word_1_292' title='bbox 2696 988 2826 1059; x_wconf 89' lang='grc' dir='ltr'>μίαν</span> <span class='ocrx_word' id='word_1_293' title='bbox 2855 988 2912 1042; x_wconf 80' lang='grc' dir='ltr'>δὲ</span> <span class='ocrx_word' id='word_1_294' title='bbox 2953 989 3120 1060; x_wconf 89' lang='grc' dir='ltr'>μόνην</span> <span class='ocrx_word' id='word_1_295' title='bbox 3158 989 3385 1060; x_wconf 83' lang='grc' dir='ltr'><strong>δάμαλιν</strong></span> <span class='ocrx_word' id='word_1_296' title='bbox 3426 990 3717 1062; x_wconf 86' lang='grc' dir='ltr'>κεκτῆσθαι</span> 
     </span>
    </p>
   </div>
   <div class='ocr_carea' id='block_1_38' title="bbox 2153 1076 3720 1150">
    <p class='ocr_par' dir='ltr' id='par_1_38' title="bbox 2153 1076 3720 1150">
     <span class='ocr_line' id='line_1_38' title="bbox 2153 1076 3720 1150; baseline -0.001 -17"><span class='ocrx_word' id='word_1_297' title='bbox 2153 1079 2460 1150; x_wconf 85' lang='grc' dir='ltr'>ἄνθρωπον,</span> <span class='ocrx_word' id='word_1_298' title='bbox 2515 1079 2610 1136; x_wconf 75' lang='grc' dir='ltr'><strong>καὶ</strong></span> <span class='ocrx_word' id='word_1_299' title='bbox 2651 1079 2713 1132; x_wconf 83' lang='grc' dir='ltr'>τὸ</span> <span class='ocrx_word' id='word_1_300' title='bbox 2763 1078 2837 1150; x_wconf 86' lang='grc' dir='ltr'>μὴ</span> <span class='ocrx_word' id='word_1_301' title='bbox 2883 1078 3133 1148; x_wconf 82' lang='grc' dir='ltr'><strong>ποίμνιον</strong></span> <span class='ocrx_word' id='word_1_302' title='bbox 3184 1076 3492 1149; x_wconf 89' lang='grc' dir='ltr'>προϐάτων,</span> <span class='ocrx_word' id='word_1_303' title='bbox 3541 1078 3635 1132; x_wconf 89' lang='grc' dir='ltr'><strong>δύο</strong></span> <span class='ocrx_word' id='word_1_304' title='bbox 3664 1080 3720 1132; x_wconf 85' lang='grc' dir='ltr'>δὲ</span> 
     </span>
    </p>
   </div>
   <div class='ocr_carea' id='block_1_39' title="bbox 2153 1168 3719 1242">
    <p class='ocr_par' dir='ltr' id='par_1_39' title="bbox 2153 1168 3719 1242">
     <span class='ocr_line' id='line_1_39' title="bbox 2153 1168 3719 1242; baseline 0.001 -19"><span class='ocrx_word' id='word_1_305' title='bbox 2153 1169 2401 1242; x_wconf 87' lang='grc' dir='ltr'>πρόϐατα</span> <span class='ocrx_word' id='word_1_306' title='bbox 2433 1171 2573 1241; x_wconf 90' lang='grc' dir='ltr'>μόνα</span> <span class='ocrx_word' id='word_1_307' title='bbox 2599 1169 2842 1241; x_wconf 82' lang='grc' dir='ltr'><strong>τρέφειν,</strong></span> <span class='ocrx_word' id='word_1_308' title='bbox 2870 1168 2970 1239; x_wconf 80' lang='grc' dir='ltr'>τῆς</span> <span class='ocrx_word' id='word_1_309' title='bbox 2994 1169 3229 1240; x_wconf 78' lang='grc' dir='ltr'><strong>ἐσχάτης</strong></span> <span class='ocrx_word' id='word_1_310' title='bbox 3257 1169 3322 1223; x_wconf 82' lang='grc' dir='ltr'>ἂν</span> <span class='ocrx_word' id='word_1_311' title='bbox 3351 1169 3558 1238; x_wconf 89' lang='grc' dir='ltr'>γένοιτο</span> <span class='ocrx_word' id='word_1_312' title='bbox 3585 1171 3719 1224; x_wconf 82' lang='grc' dir='ltr'>ἁπο-</span> 
     </span>
    </p>
   </div>
   <div class='ocr_carea' id='block_1_40' title="bbox 2156 1246 3719 1333">
    <p class='ocr_par' dir='ltr' id='par_1_40' title="bbox 2156 1246 3719 1333">
     <span class='ocr_line' id='line_1_40' title="bbox 2156 1246 3719 1333; baseline -0.001 -18"><span class='ocrx_word' id='word_1_313' title='bbox 2156 1263 2273 1333; x_wconf 86' lang='grc' dir='ltr'>ρίας</span> <span class='ocrx_word' id='word_1_314' title='bbox 2303 1261 2569 1333; x_wconf 86' lang='grc' dir='ltr'>σύμϐολον</span> <span class='ocrx_word' id='word_1_315' title='bbox 2598 1277 2612 1290; x_wconf 78' lang='grc'><strong>⁸</strong></span> <span class='ocrx_word' id='word_1_316' title='bbox 2648 1259 2785 1315; x_wconf 81' lang='grc' dir='ltr'>ἀλλὰ</span> <span class='ocrx_word' id='word_1_317' title='bbox 2813 1260 2910 1314; x_wconf 75' lang='grc' dir='ltr'><strong>καὶ</strong></span> <span class='ocrx_word' id='word_1_318' title='bbox 2933 1246 2996 1312; x_wconf 81' lang='grc' dir='ltr'>τὸ</span> <span class='ocrx_word' id='word_1_319' title='bbox 3024 1259 3268 1332; x_wconf 87' lang='grc' dir='ltr'>βουτύρῳ</span> <span class='ocrx_word' id='word_1_320' title='bbox 3297 1261 3593 1332; x_wconf 86' lang='grc' dir='ltr'>τρέφεσθαι</span> <span class='ocrx_word' id='word_1_321' title='bbox 3628 1262 3719 1314; x_wconf 78' lang='grc' dir='ltr'><strong>καὶ</strong></span> 
     </span>
    </p>
   </div>
   <div class='ocr_carea' id='block_1_41' title="bbox 2155 1348 3719 1420">
    <p class='ocr_par' dir='ltr' id='par_1_41' title="bbox 2155 1348 3719 1420">
     <span class='ocr_line' id='line_1_41' title="bbox 2155 1348 3719 1420; baseline -0.001 -17"><span class='ocrx_word' id='word_1_322' title='bbox 2155 1349 2330 1420; x_wconf 80' lang='grc' dir='ltr'>μέλιτι</span> <span class='ocrx_word' id='word_1_323' title='bbox 2358 1349 2534 1404; x_wconf 89' lang='grc' dir='ltr'>πάντα</span> <span class='ocrx_word' id='word_1_324' title='bbox 2574 1350 2666 1403; x_wconf 85' lang='grc' dir='ltr'>τὸν</span> <span class='ocrx_word' id='word_1_325' title='bbox 2716 1348 3145 1419; x_wconf 77' lang='grc' dir='ltr'><strong>καταλειφθέντα</strong></span> <span class='ocrx_word' id='word_1_326' title='bbox 3179 1349 3274 1401; x_wconf 76' lang='grc' dir='ltr'><strong>ἐπὶ</strong></span> <span class='ocrx_word' id='word_1_327' title='bbox 3305 1349 3403 1419; x_wconf 79' lang='grc' dir='ltr'>τῆς</span> <span class='ocrx_word' id='word_1_328' title='bbox 3432 1349 3535 1420; x_wconf 81' lang='grc' dir='ltr'>γῆς</span> <span class='ocrx_word' id='word_1_329' title='bbox 3573 1349 3719 1413; x_wconf 84' lang='grc' dir='ltr'>λαὸν,</span> 
     </span>
    </p>
   </div>
   <div class='ocr_carea' id='block_1_42' title="bbox 2151 1433 3722 1512">
    <p class='ocr_par' dir='ltr' id='par_1_42' title="bbox 2151 1433 3722 1512">
     <span class='ocr_line' id='line_1_42' title="bbox 2151 1433 3722 1512; baseline 0.001 -19"><span class='ocrx_word' id='word_1_330' title='bbox 2151 1439 2307 1510; x_wconf 84' lang='grc' dir='ltr'>λιμὸν</span> <span class='ocrx_word' id='word_1_331' title='bbox 2339 1440 2504 1511; x_wconf 83' lang='grc' dir='ltr'>ἄρτου</span> <span class='ocrx_word' id='word_1_332' title='bbox 2538 1439 2886 1512; x_wconf 84' lang='grc' dir='ltr'>παρίστησιν.</span> <span class='ocrx_word' id='word_1_333' title='bbox 2935 1433 3102 1502; x_wconf 75' lang='grc' dir='ltr'>Οὗτος</span> <span class='ocrx_word' id='word_1_334' title='bbox 3123 1437 3182 1492; x_wconf 82' lang='grc' dir='ltr'>δὲ</span> <span class='ocrx_word' id='word_1_335' title='bbox 3207 1433 3273 1510; x_wconf 80' lang='grc' dir='ltr'>ἦν</span> <span class='ocrx_word' id='word_1_336' title='bbox 3314 1440 3343 1492; x_wconf 87' lang='grc' dir='ltr'><strong>ό</strong></span> <span class='ocrx_word' id='word_1_337' title='bbox 3375 1439 3468 1492; x_wconf 79' lang='grc' dir='ltr'><strong>ἐπὶ</strong></span> <span class='ocrx_word' id='word_1_338' title='bbox 3492 1434 3596 1493; x_wconf 83' lang='grc' dir='ltr'>’τοῦ</span> <span class='ocrx_word' id='word_1_339' title='bbox 3629 1441 3667 1493; x_wconf 93' lang='grc' dir='ltr'><strong>Γ</strong></span> <span class='ocrx_word' id='word_1_340' title='bbox 3668 1458 3722 1494; x_wconf 86' lang='grc' dir='ltr'>ο-</span> 
     </span>
    </p>
   </div>
   <div class='ocr_carea' id='block_1_43' title="bbox 2151 1529 3718 1603">
    <p class='ocr_par' dir='ltr' id='par_1_43' title="bbox 2151 1529 3718 1603">
     <span class='ocr_line' id='line_1_43' title="bbox 2151 1529 3718 1603; baseline -0.001 -19"><span class='ocrx_word' id='word_1_341' title='bbox 2151 1530 2321 1584; x_wconf 86' lang='grc' dir='ltr'>δολίου</span> <span class='ocrx_word' id='word_1_342' title='bbox 2345 1531 2493 1595; x_wconf 85' lang='grc' dir='ltr'>λαὸς,</span> <span class='ocrx_word' id='word_1_343' title='bbox 2522 1531 2580 1586; x_wconf 80' lang='grc' dir='ltr'>ὃν</span> <span class='ocrx_word' id='word_1_344' title='bbox 2607 1531 2696 1585; x_wconf 80' lang='grc' dir='ltr'>διὰ</span> <span class='ocrx_word' id='word_1_345' title='bbox 2722 1529 2956 1602; x_wconf 78' lang='grc' dir='ltr'>ἀπορίαν</span> <span class='ocrx_word' id='word_1_346' title='bbox 2978 1529 3078 1601; x_wconf 83' lang='grc' dir='ltr'>τῆς</span> <span class='ocrx_word' id='word_1_347' title='bbox 3095 1530 3204 1583; x_wconf 82' lang='grc' dir='ltr'><strong>άπὸ</strong></span> <span class='ocrx_word' id='word_1_348' title='bbox 3232 1530 3381 1583; x_wconf 84' lang='grc' dir='ltr'>σίτου</span> <span class='ocrx_word' id='word_1_349' title='bbox 3413 1532 3624 1603; x_wconf 80' lang='grc' dir='ltr'>τροφῆς</span> <span class='ocrx_word' id='word_1_350' title='bbox 3662 1535 3718 1586; x_wconf 80' lang='grc' dir='ltr'>ἑν</span> 
     </span>
    </p>
   </div>
   <div class='ocr_carea' id='block_1_44' title="bbox 2154 1621 3720 1696">
    <p class='ocr_par' dir='ltr' id='par_1_44' title="bbox 2154 1621 3720 1696">
     <span class='ocr_line' id='line_1_44' title="bbox 2154 1621 3720 1696; baseline -0.001 -19"><span class='ocrx_word' id='word_1_351' title='bbox 2154 1622 2475 1695; x_wconf 84' lang='grc' dir='ltr'><strong>βραχυτάτῳ</strong></span> <span class='ocrx_word' id='word_1_352' title='bbox 2521 1622 2853 1695; x_wconf 86' lang='grc' dir='ltr'>θρεμμάτων</span> <span class='ocrx_word' id='word_1_353' title='bbox 2899 1621 3131 1692; x_wconf 85' lang='grc' dir='ltr'>γάλακτι</span> <span class='ocrx_word' id='word_1_354' title='bbox 3180 1622 3276 1676; x_wconf 77' lang='grc' dir='ltr'>καὶ</span> <span class='ocrx_word' id='word_1_355' title='bbox 3315 1621 3559 1695; x_wconf 84' lang='grc' dir='ltr'>βουτύρῳ</span> <span class='ocrx_word' id='word_1_356' title='bbox 3587 1641 3720 1696; x_wconf 82' lang='grc' dir='ltr'>τρα-</span> 
     </span>
    </p>
   </div>
   <div class='ocr_carea' id='block_1_45' title="bbox 2154 1712 3721 1788">
    <p class='ocr_par' dir='ltr' id='par_1_45' title="bbox 2154 1712 3721 1788">
     <span class='ocr_line' id='line_1_45' title="bbox 2154 1712 3721 1788; baseline 0.002 -20"><span class='ocrx_word' id='word_1_357' title='bbox 2154 1715 2421 1786; x_wconf 86' lang='grc' dir='ltr'>φήσεσθαι</span> <span class='ocrx_word' id='word_1_358' title='bbox 2497 1713 2864 1785; x_wconf 78' lang='grc' dir='ltr'>προαγορεύει</span> <span class='ocrx_word' id='word_1_359' title='bbox 2891 1755 2906 1779; x_wconf 92' lang='grc'><strong>,</strong></span> <span class='ocrx_word' id='word_1_360' title='bbox 2962 1715 3060 1785; x_wconf 83' lang='grc' dir='ltr'>τῆς</span> <span class='ocrx_word' id='word_1_361' title='bbox 3116 1712 3298 1788; x_wconf 82' lang='grc' dir='ltr'>χώρας</span> <span class='ocrx_word' id='word_1_362' title='bbox 3357 1717 3574 1787; x_wconf 83' lang='grc' dir='ltr'>ἁπάσης</span> <span class='ocrx_word' id='word_1_363' title='bbox 3641 1719 3721 1780; x_wconf 86' lang='grc' dir='ltr'><strong>είς</strong></span> 
     </span>
    </p>
   </div>
   <div class='ocr_carea' id='block_1_46' title="bbox 2075 1797 3720 1880">
    <p class='ocr_par' dir='ltr' id='par_1_46' title="bbox 2075 1797 3720 1880">
     <span class='ocr_line' id='line_1_46' title="bbox 2075 1797 3720 1880; baseline 0.002 -22"><span class='ocrx_word' id='word_1_364' title='bbox 2075 1797 2117 1851; x_wconf 89' lang='grc' dir='ltr'><strong><em>Β</em></strong></span> <span class='ocrx_word' id='word_1_365' title='bbox 2147 1806 2339 1878; x_wconf 80' lang='grc' dir='ltr'>χέρσον</span> <span class='ocrx_word' id='word_1_366' title='bbox 2373 1807 2467 1860; x_wconf 74' lang='grc' dir='ltr'><strong>καὶ</strong></span> <span class='ocrx_word' id='word_1_367' title='bbox 2507 1805 2746 1860; x_wconf 79' lang='grc' dir='ltr'>ἄκανθαν</span> <span class='ocrx_word' id='word_1_368' title='bbox 2783 1805 2874 1860; x_wconf 82' lang='grc' dir='ltr'>διὰ</span> <span class='ocrx_word' id='word_1_369' title='bbox 2919 1805 3128 1876; x_wconf 78' lang='grc' dir='ltr'>ἀνδρῶν</span> <span class='ocrx_word' id='word_1_370' title='bbox 3172 1807 3412 1878; x_wconf 66' lang='grc' dir='ltr'>ἐρημίαν</span> <span class='ocrx_word' id='word_1_371' title='bbox 3453 1807 3720 1880; x_wconf 89' lang='grc' dir='ltr'>μεταϐλη-</span> 
     </span>
    </p>
   </div>
   <div class='ocr_carea' id='block_1_47' title="bbox 2149 1897 2356 1970">
    <p class='ocr_par' dir='ltr' id='par_1_47' title="bbox 2149 1897 2356 1970">
     <span class='ocr_line' id='line_1_47' title="bbox 2149 1897 2356 1970; baseline 0.005 -19"><span class='ocrx_word' id='word_1_372' title='bbox 2149 1897 2356 1970; x_wconf 89' lang='grc' dir='ltr'>θείσης.</span> 
     </span>
    </p>
   </div>
   <div class='ocr_carea' id='block_1_48' title="bbox 2220 2004 3721 2084">
    <p class='ocr_par' dir='ltr' id='par_1_48' title="bbox 2220 2004 3721 2084">
     <span class='ocr_line' id='line_1_48' title="bbox 2220 2004 3721 2084; baseline 0.001 -19"><span class='ocrx_word' id='word_1_373' title='bbox 2220 2032 2238 2065; x_wconf 78' lang='grc' dir='ltr'><strong>ι</strong></span> <span class='ocrx_word' id='word_1_374' title='bbox 2279 2012 2389 2068; x_wconf 84' lang='lat' dir='ltr'><strong>Kal</strong></span> <span class='ocrx_word' id='word_1_375' title='bbox 2409 2011 2560 2066; x_wconf 72' lang='grc' dir='ltr'>ἔσται</span> <span class='ocrx_word' id='word_1_376' title='bbox 2584 2011 2643 2066; x_wconf 76' lang='grc' dir='ltr'>ὲν</span> <span class='ocrx_word' id='word_1_377' title='bbox 2669 2013 2736 2084; x_wconf 74' lang='grc' dir='ltr'>τῇ</span> <span class='ocrx_word' id='word_1_378' title='bbox 2764 2009 2949 2083; x_wconf 78' lang='grc' dir='ltr'>ἡμέρᾳ</span> <span class='ocrx_word' id='word_1_379' title='bbox 2973 2011 3178 2083; x_wconf 79' lang='grc' dir='ltr'>ἐκείνῃ,</span> <span class='ocrx_word' id='word_1_380' title='bbox 3205 2013 3314 2077; x_wconf 83' lang='grc' dir='ltr'><strong>πᾶς</strong></span> <span class='ocrx_word' id='word_1_381' title='bbox 3339 2011 3502 2077; x_wconf 82' lang='grc' dir='ltr'>τόπος</span> <span class='ocrx_word' id='word_1_382' title='bbox 3530 2004 3594 2068; x_wconf 77' lang='grc' dir='ltr'><strong>οὗ</strong></span> <span class='ocrx_word' id='word_1_383' title='bbox 3623 2013 3721 2066; x_wconf 76' lang='grc' dir='ltr'><strong>ἐὰν</strong></span> 
     </span>
    </p>
   </div>
   <div class='ocr_carea' id='block_1_49' title="bbox 2145 2098 3722 2176">
    <p class='ocr_par' dir='ltr' id='par_1_49' title="bbox 2145 2098 3722 2176">
     <span class='ocr_line' id='line_1_49' title="bbox 2145 2098 3722 2176; baseline 0.001 -17"><span class='ocrx_word' id='word_1_384' title='bbox 2145 2098 2247 2159; x_wconf 78' lang='grc' dir='ltr'>ὦσι</span> <span class='ocrx_word' id='word_1_385' title='bbox 2273 2104 2442 2176; x_wconf 89' lang='grc' dir='ltr'>χίλιαι</span> <span class='ocrx_word' id='word_1_386' title='bbox 2471 2103 2729 2175; x_wconf 77' lang='grc' dir='ltr'>ἄμπελοι,</span> <span class='ocrx_word' id='word_1_387' title='bbox 2771 2103 2957 2174; x_wconf 89' lang='grc' dir='ltr'>χιλίων</span> <span class='ocrx_word' id='word_1_388' title='bbox 2984 2104 3206 2170; x_wconf 83' lang='grc' dir='ltr'>σίκλων,</span> <span class='ocrx_word' id='word_1_389' title='bbox 3239 2107 3319 2168; x_wconf 87' lang='grc' dir='ltr'><strong>είς</strong></span> <span class='ocrx_word' id='word_1_390' title='bbox 3355 2105 3547 2176; x_wconf 83' lang='grc' dir='ltr'>χέρσον</span> <span class='ocrx_word' id='word_1_391' title='bbox 3571 2105 3722 2160; x_wconf 64' lang='lat' dir='ltr'><strong>{aov—</strong></span> 
     </span>
    </p>
   </div>
   <div class='ocr_carea' id='block_1_50' title="bbox 2143 2193 3722 2270">
    <p class='ocr_par' dir='ltr' id='par_1_50' title="bbox 2143 2193 3722 2270">
     <span class='ocr_line' id='line_1_50' title="bbox 2143 2193 3722 2270; baseline 0.001 -18"><span class='ocrx_word' id='word_1_392' title='bbox 2143 2215 2233 2253; x_wconf 87' lang='grc' dir='ltr'><strong>ται</strong></span> <span class='ocrx_word' id='word_1_393' title='bbox 2266 2197 2360 2252; x_wconf 80' lang='grc' dir='ltr'><strong>καὶ</strong></span> <span class='ocrx_word' id='word_1_394' title='bbox 2387 2197 2468 2262; x_wconf 88' lang='grc' dir='ltr'><strong>είς</strong></span> <span class='ocrx_word' id='word_1_395' title='bbox 2507 2196 2770 2252; x_wconf 76' lang='grc' dir='ltr'>ἄκανθαν.</span> <span class='ocrx_word' id='word_1_396' title='bbox 2828 2214 2848 2246; x_wconf 72' lang='grc' dir='ltr'><strong>ι</strong></span> <span class='ocrx_word' id='word_1_397' title='bbox 2903 2196 3110 2250; x_wconf 83' lang='grc' dir='ltr'>Οὐκοῦν</span> <span class='ocrx_word' id='word_1_398' title='bbox 3138 2197 3226 2251; x_wconf 80' lang='grc' dir='ltr'>διὰ</span> <span class='ocrx_word' id='word_1_399' title='bbox 3270 2199 3332 2251; x_wconf 82' lang='grc' dir='ltr'>τὸ</span> <span class='ocrx_word' id='word_1_400' title='bbox 3365 2198 3558 2270; x_wconf 82' lang='grc' dir='ltr'>χέρσον</span> <span class='ocrx_word' id='word_1_401' title='bbox 3581 2193 3722 2254; x_wconf 72' lang='grc' dir='ltr'>εἶναι</span> 
     </span>
    </p>
   </div>
   <div class='ocr_carea' id='block_1_51' title="bbox 2143 2285 3718 2361">
    <p class='ocr_par' dir='ltr' id='par_1_51' title="bbox 2143 2285 3718 2361">
     <span class='ocr_line' id='line_1_51' title="bbox 2143 2285 3718 2361; baseline 0.003 -20"><span class='ocrx_word' id='word_1_402' title='bbox 2143 2289 2241 2360; x_wconf 84' lang='grc' dir='ltr'>τὴν</span> <span class='ocrx_word' id='word_1_403' title='bbox 2266 2289 2373 2361; x_wconf 83' lang='grc' dir='ltr'>γῆν</span> <span class='ocrx_word' id='word_1_404' title='bbox 2417 2288 2508 2342; x_wconf 75' lang='grc' dir='ltr'><strong>καὶ</strong></span> <span class='ocrx_word' id='word_1_405' title='bbox 2532 2286 2784 2341; x_wconf 79' lang='grc' dir='ltr'>ἀκανθῶν</span> <span class='ocrx_word' id='word_1_406' title='bbox 2840 2285 3046 2359; x_wconf 80' lang='grc' dir='ltr'>πλήρη,</span> <span class='ocrx_word' id='word_1_407' title='bbox 3090 2290 3234 2342; x_wconf 83' lang='grc' dir='ltr'>σῖτον</span> <span class='ocrx_word' id='word_1_408' title='bbox 3260 2289 3359 2360; x_wconf 79' lang='grc' dir='ltr'>οὐχ</span> <span class='ocrx_word' id='word_1_409' title='bbox 3388 2288 3500 2353; x_wconf 68' lang='grc' dir='ltr'>ἕξει</span> <span class='ocrx_word' id='word_1_410' title='bbox 3529 2305 3544 2319; x_wconf 88' lang='grc'><strong>·</strong></span> <span class='ocrx_word' id='word_1_411' title='bbox 3593 2290 3718 2345; x_wconf 78' lang='grc' dir='ltr'>οὐδὲ</span> 
     </span>
    </p>
   </div>
   <div class='ocr_carea' id='block_1_52' title="bbox 2143 2378 3719 2454">
    <p class='ocr_par' dir='ltr' id='par_1_52' title="bbox 2143 2378 3719 2454">
     <span class='ocr_line' id='line_1_52' title="bbox 2143 2378 3719 2454; baseline 0.001 -20"><span class='ocrx_word' id='word_1_412' title='bbox 2143 2383 2482 2454; x_wconf 77' lang='grc' dir='ltr'>τραφήσεται</span> <span class='ocrx_word' id='word_1_413' title='bbox 2514 2380 2581 2450; x_wconf 78' lang='grc' dir='ltr'>τῇ</span> <span class='ocrx_word' id='word_1_414' title='bbox 2631 2378 2774 2433; x_wconf 84' lang='grc' dir='ltr'>κατὰ</span> <span class='ocrx_word' id='word_1_415' title='bbox 2803 2379 2964 2449; x_wconf 86' lang='grc' dir='ltr'>φύσιν</span> <span class='ocrx_word' id='word_1_416' title='bbox 3002 2379 3287 2452; x_wconf 82' lang='grc' dir='ltr'>ἄνθρωπος</span> <span class='ocrx_word' id='word_1_417' title='bbox 3333 2383 3507 2452; x_wconf 77' lang='grc' dir='ltr'>τροφῇ</span> <span class='ocrx_word' id='word_1_418' title='bbox 3559 2399 3719 2454; x_wconf 70' lang='grc' dir='ltr'>περι·</span> 
     </span>
    </p>
   </div>
   <div class='ocr_carea' id='block_1_53' title="bbox 2143 2471 3724 2544">
    <p class='ocr_par' dir='ltr' id='par_1_53' title="bbox 2143 2471 3724 2544">
     <span class='ocr_line' id='line_1_53' title="bbox 2143 2471 3724 2544; baseline -0.001 -16"><span class='ocrx_word' id='word_1_419' title='bbox 2143 2474 2406 2544; x_wconf 76' lang='grc' dir='ltr'>λειφθεὶς,</span> <span class='ocrx_word' id='word_1_420' title='bbox 2458 2473 2576 2528; x_wconf 80' lang='grc' dir='ltr'>ἀλλ’</span> <span class='ocrx_word' id='word_1_421' title='bbox 2603 2472 2727 2526; x_wconf 80' lang='grc' dir='ltr'>οὐδὲ</span> <span class='ocrx_word' id='word_1_422' title='bbox 2759 2472 2887 2544; x_wconf 83' lang='grc' dir='ltr'>οῐνῳ</span> <span class='ocrx_word' id='word_1_423' title='bbox 2930 2475 3189 2544; x_wconf 86' lang='grc' dir='ltr'>χρήσεται</span> <span class='ocrx_word' id='word_1_424' title='bbox 3217 2512 3232 2538; x_wconf 93' lang='grc'><strong>,</strong></span> <span class='ocrx_word' id='word_1_425' title='bbox 3278 2471 3509 2542; x_wconf 80' lang='grc' dir='ltr'>γάλακτι</span> <span class='ocrx_word' id='word_1_426' title='bbox 3535 2473 3592 2526; x_wconf 86' lang='grc' dir='ltr'>δὲ</span> <span class='ocrx_word' id='word_1_427' title='bbox 3625 2475 3724 2528; x_wconf 72' lang='grc' dir='ltr'>καὶ</span> 
     </span>
    </p>
   </div>
   <div class='ocr_carea' id='block_1_54' title="bbox 2145 2563 3721 2639">
    <p class='ocr_par' dir='ltr' id='par_1_54' title="bbox 2145 2563 3721 2639">
     <span class='ocr_line' id='line_1_54' title="bbox 2145 2563 3721 2639; baseline -0.002 -18"><span class='ocrx_word' id='word_1_428' title='bbox 2145 2567 2413 2639; x_wconf 83' lang='grc' dir='ltr'>βουτύρῳ,</span> <span class='ocrx_word' id='word_1_429' title='bbox 2447 2567 2544 2620; x_wconf 72' lang='grc' dir='ltr'><strong>καὶ</strong></span> <span class='ocrx_word' id='word_1_430' title='bbox 2575 2565 2752 2636; x_wconf 84' lang='grc' dir='ltr'>μέλιτι</span> <span class='ocrx_word' id='word_1_431' title='bbox 2777 2580 2792 2595; x_wconf 75' lang='grc'><em>³</em></span> <span class='ocrx_word' id='word_1_432' title='bbox 2828 2565 2923 2618; x_wconf 79' lang='grc' dir='ltr'>καὶ</span> <span class='ocrx_word' id='word_1_433' title='bbox 2959 2563 3190 2630; x_wconf 87' lang='grc' dir='ltr'>τούτοις,</span> <span class='ocrx_word' id='word_1_434' title='bbox 3221 2565 3320 2618; x_wconf 81' lang='grc' dir='ltr'>οὐκ</span> <span class='ocrx_word' id='word_1_435' title='bbox 3346 2566 3454 2621; x_wconf 82' lang='grc' dir='ltr'><strong>ἀπὸ</strong></span> <span class='ocrx_word' id='word_1_436' title='bbox 3479 2565 3721 2637; x_wconf 78' lang='grc' dir='ltr'>πλήθους</span> 
     </span>
    </p>
   </div>
   <div class='ocr_carea' id='block_1_55' title="bbox 2141 2655 3734 2731">
    <p class='ocr_par' dir='ltr' id='par_1_55' title="bbox 2141 2655 3734 2731">
     <span class='ocr_line' id='line_1_55' title="bbox 2141 2655 3734 2731; baseline -0.003 -17"><span class='ocrx_word' id='word_1_437' title='bbox 2141 2659 2343 2731; x_wconf 77' lang='grc' dir='ltr'>ἀγέλης</span> <span class='ocrx_word' id='word_1_438' title='bbox 2373 2657 2530 2728; x_wconf 83' lang='grc' dir='ltr'>βοῶν,</span> <span class='ocrx_word' id='word_1_439' title='bbox 2577 2657 2686 2712; x_wconf 84' lang='grc' dir='ltr'>οὐδ’</span> <span class='ocrx_word' id='word_1_440' title='bbox 2711 2657 2820 2711; x_wconf 81' lang='grc' dir='ltr'>άπὸ</span> <span class='ocrx_word' id='word_1_441' title='bbox 2865 2655 3130 2726; x_wconf 81' lang='grc' dir='ltr'>ποιμνίων</span> <span class='ocrx_word' id='word_1_442' title='bbox 3163 2656 3450 2728; x_wconf 89' lang='grc' dir='ltr'>προϐάτων</span> <span class='ocrx_word' id='word_1_443' title='bbox 3490 2674 3734 2725; x_wconf 59' lang='grc' dir='ltr'>συναγος</span> 
     </span>
    </p>
   </div>
   <div class='ocr_carea' id='block_1_56' title="bbox 2146 2747 3725 2823">
    <p class='ocr_par' dir='ltr' id='par_1_56' title="bbox 2146 2747 3725 2823">
     <span class='ocr_line' id='line_1_56' title="bbox 2146 2747 3725 2823; baseline -0.003 -17"><span class='ocrx_word' id='word_1_444' title='bbox 2146 2752 2350 2823; x_wconf 82' lang='grc' dir='ltr'>μένοις,</span> <span class='ocrx_word' id='word_1_445' title='bbox 2392 2751 2509 2806; x_wconf 80' lang='grc' dir='ltr'>ἀλλ’</span> <span class='ocrx_word' id='word_1_446' title='bbox 2531 2749 2591 2814; x_wconf 75' lang='grc' dir='ltr'>ἐξ</span> <span class='ocrx_word' id='word_1_447' title='bbox 2622 2748 2856 2802; x_wconf 83' lang='grc' dir='ltr'>εὐτελῶν</span> <span class='ocrx_word' id='word_1_448' title='bbox 2895 2748 2989 2802; x_wconf 85' lang='grc' dir='ltr'>καὶ</span> <span class='ocrx_word' id='word_1_449' title='bbox 3026 2747 3260 2820; x_wconf 72' lang='grc' dir='ltr'>οἰκτρῶν</span> <span class='ocrx_word' id='word_1_450' title='bbox 3296 2747 3470 2812; x_wconf 80' lang='grc' dir='ltr'>ζώων.</span> <span class='ocrx_word' id='word_1_451' title='bbox 3525 2750 3584 2802; x_wconf 90' lang='grc' dir='ltr'>Ὁ</span> <span class='ocrx_word' id='word_1_452' title='bbox 3617 2750 3725 2820; x_wconf 85' lang='grc' dir='ltr'>μὲν</span> 
     </span>
    </p>
   </div>
   <div class='ocr_carea' id='block_1_57' title="bbox 2142 2839 3727 2917">
    <p class='ocr_par' dir='ltr' id='par_1_57' title="bbox 2142 2839 3727 2917">
     <span class='ocr_line' id='line_1_57' title="bbox 2142 2839 3727 2917; baseline -0.003 -19"><span class='ocrx_word' id='word_1_453' title='bbox 2142 2845 2251 2917; x_wconf 90' lang='grc' dir='ltr'><strong>γάρ</strong></span> <span class='ocrx_word' id='word_1_454' title='bbox 2281 2861 2364 2909; x_wconf 90' lang='grc' dir='ltr'><strong>τις</strong></span> <span class='ocrx_word' id='word_1_455' title='bbox 2395 2843 2503 2897; x_wconf 80' lang='grc' dir='ltr'><strong>ἀπὸ</strong></span> <span class='ocrx_word' id='word_1_456' title='bbox 2533 2844 2662 2913; x_wconf 78' lang='grc' dir='ltr'>μιᾶς</span> <span class='ocrx_word' id='word_1_457' title='bbox 2693 2839 2999 2912; x_wconf 86' lang='grc' dir='ltr'>δαμάλεως,</span> <span class='ocrx_word' id='word_1_458' title='bbox 3026 2842 3054 2894; x_wconf 90' lang='grc' dir='ltr'><strong>ό</strong></span> <span class='ocrx_word' id='word_1_459' title='bbox 3091 2839 3147 2894; x_wconf 88' lang='grc' dir='ltr'>δὲ</span> <span class='ocrx_word' id='word_1_460' title='bbox 3173 2841 3281 2896; x_wconf 82' lang='grc' dir='ltr'><strong>ἀπὸ</strong></span> <span class='ocrx_word' id='word_1_461' title='bbox 3307 2840 3402 2895; x_wconf 87' lang='grc' dir='ltr'><strong>δύο</strong></span> <span class='ocrx_word' id='word_1_462' title='bbox 3429 2840 3727 2912; x_wconf 86' lang='grc' dir='ltr'>προϐάτων</span> 
     </span>
    </p>
   </div>
   <div class='ocr_carea' id='block_1_58' title="bbox 2143 2934 2647 3009">
    <p class='ocr_par' dir='ltr' id='par_1_58' title="bbox 2143 2934 2647 3009">
     <span class='ocr_line' id='line_1_58' title="bbox 2143 2934 2647 3009; baseline -0.006 -19"><span class='ocrx_word' id='word_1_463' title='bbox 2143 2940 2426 3009; x_wconf 83' lang='grc' dir='ltr'>ποιήσεται</span> <span class='ocrx_word' id='word_1_464' title='bbox 2452 2934 2647 2988; x_wconf 81' lang='grc' dir='ltr'>ταῦτα.</span> 
     </span>
    </p>
   </div>
   <div class='ocr_carea' id='block_1_59' title="bbox 2221 3045 3721 3120">
    <p class='ocr_par' dir='ltr' id='par_1_59' title="bbox 2221 3045 3721 3120">
     <span class='ocr_line' id='line_1_59' title="bbox 2221 3045 3721 3120; baseline -0.003 -18"><span class='ocrx_word' id='word_1_465' title='bbox 2221 3071 2240 3102; x_wconf 74' lang='grc' dir='ltr'>ι</span> <span class='ocrx_word' id='word_1_466' title='bbox 2282 3049 2393 3103; x_wconf 87' lang='lat' dir='ltr'><strong>Kal</strong></span> <span class='ocrx_word' id='word_1_467' title='bbox 2441 3049 2548 3103; x_wconf 84' lang='grc' dir='ltr'><strong>πᾶν</strong></span> <span class='ocrx_word' id='word_1_468' title='bbox 2599 3048 2724 3120; x_wconf 81' lang='grc' dir='ltr'>όρος</span> <span class='ocrx_word' id='word_1_469' title='bbox 2773 3045 3176 3119; x_wconf 78' lang='grc' dir='ltr'>ήροτριωμένον</span> <span class='ocrx_word' id='word_1_470' title='bbox 3226 3045 3721 3118; x_wconf 86' lang='grc' dir='ltr'>ἀροτριωθήσεται,</span> 
     </span>
    </p>
   </div>
   <div class='ocr_carea' id='block_1_60' title="bbox 465 3138 2036 3217">
    <p class='ocr_par' dir='ltr' id='par_1_60' title="bbox 465 3143 2036 3217">
     <span class='ocr_line' id='line_1_60' title="bbox 465 3143 2036 3217; baseline 0.001 -17"><span class='ocrx_word' id='word_1_471' title='bbox 465 3161 572 3200; x_wconf 75' lang='lat' dir='ltr'><strong>mn</strong></span> <span class='ocrx_word' id='word_1_472' title='bbox 605 3146 782 3201; x_wconf 82' lang='lat' dir='ltr'><strong>veniet</strong></span> <span class='ocrx_word' id='word_1_473' title='bbox 809 3143 936 3200; x_wconf 89' lang='lat' dir='ltr'><strong>illuc</strong></span> <span class='ocrx_word' id='word_1_474' title='bbox 969 3145 1172 3201; x_wconf 89' lang='lat' dir='ltr'><strong>timor:</strong></span> <span class='ocrx_word' id='word_1_475' title='bbox 1204 3147 1312 3202; x_wconf 86' lang='lat' dir='ltr'><strong>erit</strong></span> <span class='ocrx_word' id='word_1_476' title='bbox 1351 3145 1496 3200; x_wconf 89' lang='lat' dir='ltr'><strong>enim</strong></span> <span class='ocrx_word' id='word_1_477' title='bbox 1544 3159 1574 3199; x_wconf 89' lang='lat' dir='ltr'><strong>a</strong></span> <span class='ocrx_word' id='word_1_478' title='bbox 1607 3144 1822 3202; x_wconf 88' lang='lat' dir='ltr'><strong>deserto</strong></span> <span class='ocrx_word' id='word_1_479' title='bbox 1849 3156 1905 3202; x_wconf 92' lang='lat' dir='ltr'><strong>et</strong></span> <span class='ocrx_word' id='word_1_480' title='bbox 1931 3147 2036 3217; x_wconf 90' lang='lat' dir='ltr'><strong>spi-</strong></span> 
     </span>
    </p>
   </div>
   <div class='ocr_carea' id='block_1_61' title="bbox 2144 3138 3725 3217">
    <p class='ocr_par' dir='ltr' id='par_1_61' title="bbox 2144 3138 3725 3213">
     <span class='ocr_line' id='line_1_61' title="bbox 2144 3138 3725 3213; baseline -0.003 -15"><span class='ocrx_word' id='word_1_481' title='bbox 2144 3144 2237 3198; x_wconf 73' lang='lat' dir='ltr'><strong>xal</strong></span> <span class='ocrx_word' id='word_1_482' title='bbox 2283 3143 2344 3196; x_wconf 84' lang='grc' dir='ltr'>οὐ</span> <span class='ocrx_word' id='word_1_483' title='bbox 2409 3141 2483 3213; x_wconf 86' lang='grc' dir='ltr'>μὴ</span> <span class='ocrx_word' id='word_1_484' title='bbox 2543 3138 2747 3212; x_wconf 73' lang='grc' dir='ltr'>ἐπέλθῃ</span> <span class='ocrx_word' id='word_1_485' title='bbox 2803 3142 2922 3195; x_wconf 78' lang='grc' dir='ltr'>ἐκεῖ</span> <span class='ocrx_word' id='word_1_486' title='bbox 2969 3138 3132 3209; x_wconf 88' lang='grc' dir='ltr'>φόϐος</span> <span class='ocrx_word' id='word_1_487' title='bbox 3173 3157 3186 3169; x_wconf 92' lang='grc'><strong>·</strong></span> <span class='ocrx_word' id='word_1_488' title='bbox 3248 3140 3401 3194; x_wconf 77' lang='grc' dir='ltr'>ἔσται</span> <span class='ocrx_word' id='word_1_489' title='bbox 3449 3139 3559 3212; x_wconf 84' lang='grc' dir='ltr'>γὰρ</span> <span class='ocrx_word' id='word_1_490' title='bbox 3608 3139 3725 3194; x_wconf 76' lang='grc' dir='ltr'><strong>ἀπὸ</strong></span> 
     </span>
    </p>
   </div>
   <div class='ocr_carea' id='block_1_62' title="bbox 465 3234 1090 3306">
    <p class='ocr_par' dir='ltr' id='par_1_62' title="bbox 465 3234 1090 3306">
     <span class='ocr_line' id='line_1_62' title="bbox 465 3234 1090 3306; baseline -0.006 -16"><span class='ocrx_word' id='word_1_491' title='bbox 465 3236 550 3290; x_wconf 82' lang='lat' dir='ltr'><strong>uis</strong></span> <span class='ocrx_word' id='word_1_492' title='bbox 582 3236 636 3290; x_wconf 87' lang='lat' dir='ltr'><strong>in</strong></span> <span class='ocrx_word' id='word_1_493' title='bbox 664 3249 864 3306; x_wconf 88' lang='lat' dir='ltr'><strong>pascua</strong></span> <span class='ocrx_word' id='word_1_494' title='bbox 898 3234 1032 3292; x_wconf 88' lang='lat' dir='ltr'><strong>ovis.</strong></span> <span class='ocrx_word' id='word_1_495' title='bbox 1071 3253 1090 3286; x_wconf 67' lang='grc'><strong>9</strong></span> 
     </span>
    </p>
   </div>
   <div class='ocr_carea' id='block_1_63' title="bbox 1049 3341 1446 3401">
    <p class='ocr_par' dir='ltr' id='par_1_63' title="bbox 1049 3341 1446 3401">
     <span class='ocr_line' id='line_1_63' title="bbox 1049 3341 1446 3401; baseline -0.005 -1"><span class='ocrx_word' id='word_1_496' title='bbox 1049 3341 1278 3401; x_wconf 77' lang='lat' dir='ltr'><strong>CAPUT</strong></span> <span class='ocrx_word' id='word_1_497' title='bbox 1313 3341 1446 3398; x_wconf 77' lang='lat' dir='ltr'><strong>VIII.</strong></span> 
     </span>
    </p>
   </div>
   <div class='ocr_carea' id='block_1_64' title="bbox 532 3457 2032 3526">
    <p class='ocr_par' dir='ltr' id='par_1_64' title="bbox 532 3457 2032 3526">
     <span class='ocr_line' id='line_1_64' title="bbox 532 3457 2032 3526; baseline -0.001 -10"><span class='ocrx_word' id='word_1_498' title='bbox 532 3461 701 3518; x_wconf 74' lang='lat' dir='ltr'><strong>Vsus.</strong></span> <span class='ocrx_word' id='word_1_499' title='bbox 735 3462 786 3517; x_wconf 84' lang='lat' dir='ltr'><strong>I.</strong></span> <span class='ocrx_word' id='word_1_500' title='bbox 823 3479 840 3514; x_wconf 85' lang='grc' dir='ltr'><strong>ι</strong></span> <span class='ocrx_word' id='word_1_501' title='bbox 883 3460 952 3516; x_wconf 87' lang='lat' dir='ltr'><strong>Et</strong></span> <span class='ocrx_word' id='word_1_502' title='bbox 973 3460 1108 3514; x_wconf 87' lang='lat' dir='ltr'><strong>dixit</strong></span> <span class='ocrx_word' id='word_1_503' title='bbox 1139 3458 1399 3517; x_wconf 88' lang='lat' dir='ltr'><strong>Dominus</strong></span> <span class='ocrx_word' id='word_1_504' title='bbox 1437 3460 1504 3514; x_wconf 84' lang='lat' dir='ltr'><strong>ad</strong></span> <span class='ocrx_word' id='word_1_505' title='bbox 1549 3474 1671 3526; x_wconf 88' lang='lat' dir='ltr'><strong>me,</strong></span> <span class='ocrx_word' id='word_1_506' title='bbox 1719 3457 1886 3517; x_wconf 87' lang='lat' dir='ltr'><strong>Sume</strong></span> <span class='ocrx_word' id='word_1_507' title='bbox 1935 3458 2032 3515; x_wconf 92' lang='lat' dir='ltr'><strong>tibi</strong></span> 
     </span>
    </p>
   </div>
   <div class='ocr_carea' id='block_1_65' title="bbox 461 3551 2031 3623">
    <p class='ocr_par' dir='ltr' id='par_1_65' title="bbox 461 3551 2031 3623">
     <span class='ocr_line' id='line_1_65' title="bbox 461 3551 2031 3623; baseline -0.003 -13"><span class='ocrx_word' id='word_1_508' title='bbox 461 3553 658 3610; x_wconf 89' lang='lat' dir='ltr'><strong>librum</strong></span> <span class='ocrx_word' id='word_1_509' title='bbox 689 3568 888 3608; x_wconf 84' lang='lat' dir='ltr'><strong>novum</strong></span> <span class='ocrx_word' id='word_1_510' title='bbox 915 3551 1177 3622; x_wconf 86' lang='lat' dir='ltr'><strong>grandem</strong></span> <span class='ocrx_word' id='word_1_511' title='bbox 1211 3570 1224 3608; x_wconf 90' lang='lat'><strong>:</strong></span> <span class='ocrx_word' id='word_1_512' title='bbox 1251 3561 1304 3606; x_wconf 88' lang='lat' dir='ltr'><strong>et</strong></span> <span class='ocrx_word' id='word_1_513' title='bbox 1353 3552 1530 3608; x_wconf 90' lang='lat' dir='ltr'><strong>scribe</strong></span> <span class='ocrx_word' id='word_1_514' title='bbox 1558 3552 1612 3607; x_wconf 91' lang='lat' dir='ltr'><strong>in</strong></span> <span class='ocrx_word' id='word_1_515' title='bbox 1655 3552 1746 3607; x_wconf 94' lang='lat' dir='ltr'><strong>illo</strong></span> <span class='ocrx_word' id='word_1_516' title='bbox 1772 3552 1910 3623; x_wconf 83' lang='lat' dir='ltr'><strong>stylo</strong></span> <span class='ocrx_word' id='word_1_517' title='bbox 1935 3551 2031 3606; x_wconf 88' lang='lat' dir='ltr'><strong>ho-</strong></span> 
     </span>
    </p>
   </div>
   <div class='ocr_carea' id='block_1_66' title="bbox 460 3638 2030 3714">
    <p class='ocr_par' dir='ltr' id='par_1_66' title="bbox 460 3638 2030 3714">
     <span class='ocr_line' id='line_1_66' title="bbox 460 3638 2030 3714; baseline -0.006 -13"><span class='ocrx_word' id='word_1_518' title='bbox 460 3647 643 3701; x_wconf 85' lang='lat' dir='ltr'><strong>minis.</strong></span> <span class='ocrx_word' id='word_1_519' title='bbox 680 3662 699 3698; x_wconf 76' lang='grc' dir='ltr'>ι</span> <span class='ocrx_word' id='word_1_520' title='bbox 727 3641 1022 3714; x_wconf 88' lang='lat' dir='ltr'><strong>Postquam</strong></span> <span class='ocrx_word' id='word_1_521' title='bbox 1054 3640 1214 3696; x_wconf 76' lang='lat' dir='ltr'><strong>finem</strong></span> <span class='ocrx_word' id='word_1_522' title='bbox 1264 3641 1520 3695; x_wconf 83' lang='lat' dir='ltr'><strong>narrandi</strong></span> <span class='ocrx_word' id='word_1_523' title='bbox 1562 3639 1691 3695; x_wconf 87' lang='lat' dir='ltr'><strong>fecit</strong></span> <span class='ocrx_word' id='word_1_524' title='bbox 1731 3654 1794 3694; x_wconf 89' lang='lat' dir='ltr'><strong>ea</strong></span> <span class='ocrx_word' id='word_1_525' title='bbox 1833 3654 1953 3709; x_wconf 59' lang='lat' dir='ltr'><strong>qua</strong></span> <span class='ocrx_word' id='word_1_526' title='bbox 1978 3638 2030 3692; x_wconf 93' lang='lat' dir='ltr'><strong>in</strong></span> 
     </span>
    </p>
   </div>
   <div class='ocr_carea' id='block_1_67' title="bbox 460 3732 2030 3799">
    <p class='ocr_par' dir='ltr' id='par_1_67' title="bbox 460 3732 2030 3799">
     <span class='ocr_line' id='line_1_67' title="bbox 460 3732 2030 3799; baseline -0.006 -5"><span class='ocrx_word' id='word_1_527' title='bbox 460 3736 772 3794; x_wconf 81' lang='lat' dir='ltr'><strong>memoratis</strong></span> <span class='ocrx_word' id='word_1_528' title='bbox 794 3735 984 3793; x_wconf 91' lang='lat' dir='ltr'><strong>diebus</strong></span> <span class='ocrx_word' id='word_1_529' title='bbox 1009 3734 1193 3789; x_wconf 81' lang='lat' dir='ltr'><strong>futura</strong></span> <span class='ocrx_word' id='word_1_530' title='bbox 1223 3741 1374 3799; x_wconf 82' lang='lat' dir='ltr'><strong>sunt,</strong></span> <span class='ocrx_word' id='word_1_531' title='bbox 1407 3732 1784 3788; x_wconf 87' lang='lat' dir='ltr'><strong>narrationem</strong></span> <span class='ocrx_word' id='word_1_532' title='bbox 1819 3733 1886 3787; x_wconf 89' lang='lat' dir='ltr'><strong>de</strong></span> <span class='ocrx_word' id='word_1_533' title='bbox 1907 3743 2030 3785; x_wconf 84' lang='lat' dir='ltr'><strong>ortu</strong></span> 
     </span>
    </p>
   </div>
   <div class='ocr_carea' id='block_1_68' title="bbox 461 3814 2030 3892">
    <p class='ocr_par' dir='ltr' id='par_1_68' title="bbox 461 3814 2030 3892">
     <span class='ocr_line' id='line_1_68' title="bbox 461 3814 2030 3892; baseline -0.008 -9"><span class='ocrx_word' id='word_1_534' title='bbox 461 3825 833 3883; x_wconf 86' lang='lat' dir='ltr'><strong>Emmanuelis</strong></span> <span class='ocrx_word' id='word_1_535' title='bbox 863 3824 1107 3879; x_wconf 88' lang='lat' dir='ltr'><strong>resumit.</strong></span> <span class='ocrx_word' id='word_1_536' title='bbox 1132 3822 1306 3892; x_wconf 89' lang='lat' dir='ltr'><strong>Super</strong></span> <span class='ocrx_word' id='word_1_537' title='bbox 1328 3836 1434 3891; x_wconf 91' lang='lat' dir='ltr'><strong>quo</strong></span> <span class='ocrx_word' id='word_1_538' title='bbox 1471 3814 1653 3877; x_wconf 77' lang='lat' dir='ltr'><strong>do&#39;mui</strong></span> <span class='ocrx_word' id='word_1_539' title='bbox 1685 3819 1855 3876; x_wconf 89' lang='lat' dir='ltr'><strong>David</strong></span> <span class='ocrx_word' id='word_1_540' title='bbox 1891 3833 2030 3889; x_wconf 66' lang='lat' dir='ltr'><strong>pra:-</strong></span> 
     </span>
    </p>
   </div>
   <div class='ocr_carea' id='block_1_69' title="bbox 459 3911 2030 3988">
    <p class='ocr_par' dir='ltr' id='par_1_69' title="bbox 459 3911 2030 3988">
     <span class='ocr_line' id='line_1_69' title="bbox 459 3911 2030 3988; baseline -0.007 -13"><span class='ocrx_word' id='word_1_541' title='bbox 459 3932 673 3988; x_wconf 86' lang='lat' dir='ltr'><strong>ceptum</strong></span> <span class='ocrx_word' id='word_1_542' title='bbox 706 3927 824 3974; x_wconf 82' lang='lat' dir='ltr'><strong>erat</strong></span> <span class='ocrx_word' id='word_1_543' title='bbox 850 3960 865 3984; x_wconf 91' lang='lat'><strong>,</strong></span> <span class='ocrx_word' id='word_1_544' title='bbox 893 3925 953 3972; x_wconf 90' lang='lat' dir='ltr'><strong>ut</strong></span> <span class='ocrx_word' id='word_1_545' title='bbox 986 3915 1369 3972; x_wconf 86' lang='lat' dir='ltr'><strong>iucantatlonis</strong></span> <span class='ocrx_word' id='word_1_546' title='bbox 1405 3913 1522 3970; x_wconf 90' lang='lat' dir='ltr'><strong>loco</strong></span> <span class='ocrx_word' id='word_1_547' title='bbox 1544 3911 1906 3968; x_wconf 87' lang='lat' dir='ltr'><strong>Emmanuelis</strong></span> <span class='ocrx_word' id='word_1_548' title='bbox 1933 3926 2030 3965; x_wconf 87' lang='lat' dir='ltr'><strong>no-</strong></span> 
     </span>
    </p>
   </div>
   <div class='ocr_carea' id='block_1_70' title="bbox 461 4003 2031 4076">
    <p class='ocr_par' dir='ltr' id='par_1_70' title="bbox 461 4003 2031 4076">
     <span class='ocr_line' id='line_1_70' title="bbox 461 4003 2031 4076; baseline -0.004 -11"><span class='ocrx_word' id='word_1_549' title='bbox 461 4028 584 4066; x_wconf 86' lang='lat' dir='ltr'><strong>men</strong></span> <span class='ocrx_word' id='word_1_550' title='bbox 633 4012 946 4074; x_wconf 86' lang='lat' dir='ltr'><strong>invocaret;</strong></span> <span class='ocrx_word' id='word_1_551' title='bbox 991 4009 1152 4076; x_wconf 91' lang='lat' dir='ltr'><strong>idque</strong></span> <span class='ocrx_word' id='word_1_552' title='bbox 1192 4021 1316 4060; x_wconf 91' lang='lat' dir='ltr'><strong>cum</strong></span> <span class='ocrx_word' id='word_1_553' title='bbox 1367 4021 1460 4074; x_wconf 90' lang='lat' dir='ltr'><strong>spe</strong></span> <span class='ocrx_word' id='word_1_554' title='bbox 1509 4021 1572 4060; x_wconf 88' lang='lat' dir='ltr'><strong>ac</strong></span> <span class='ocrx_word' id='word_1_555' title='bbox 1621 4003 1856 4068; x_wconf 82' lang='lat' dir='ltr'><strong>fiducia,</strong></span> <span class='ocrx_word' id='word_1_556' title='bbox 1887 4003 2031 4073; x_wconf 87' lang='lat' dir='ltr'><strong>quod</strong></span> 
     </span>
    </p>
   </div>
   <div class='ocr_carea' id='block_1_71' title="bbox 459 4095 2027 4174">
    <p class='ocr_par' dir='ltr' id='par_1_71' title="bbox 459 4095 2027 4174">
     <span class='ocr_line' id='line_1_71' title="bbox 459 4095 2027 4174; baseline -0.005 -17"><span class='ocrx_word' id='word_1_557' title='bbox 459 4103 576 4174; x_wconf 83' lang='lat' dir='ltr'><strong>ejus</strong></span> <span class='ocrx_word' id='word_1_558' title='bbox 604 4115 705 4172; x_wconf 91' lang='lat' dir='ltr'><strong>ope</strong></span> <span class='ocrx_word' id='word_1_559' title='bbox 742 4101 808 4155; x_wconf 84' lang='lat' dir='ltr'><strong>ab</strong></span> <span class='ocrx_word' id='word_1_560' title='bbox 841 4099 1251 4155; x_wconf 90' lang='lat' dir='ltr'><strong>imminentibus</strong></span> <span class='ocrx_word' id='word_1_561' title='bbox 1284 4098 1493 4154; x_wconf 84' lang='lat' dir='ltr'><strong>duobus</strong></span> <span class='ocrx_word' id='word_1_562' title='bbox 1526 4097 1747 4166; x_wconf 85' lang='lat' dir='ltr'><strong>regibus</strong></span> <span class='ocrx_word' id='word_1_563' title='bbox 1786 4095 2027 4151; x_wconf 65' lang='lat' dir='ltr'><strong>liberauo</strong></span> 
     </span>
    </p>
   </div>
   <div class='ocr_carea' id='block_1_72' title="bbox 459 4188 2030 4260">
    <p class='ocr_par' dir='ltr' id='par_1_72' title="bbox 459 4188 2030 4260">
     <span class='ocr_line' id='line_1_72' title="bbox 459 4188 2030 4260; baseline -0.004 -12"><span class='ocrx_word' id='word_1_564' title='bbox 459 4195 526 4249; x_wconf 92' lang='lat' dir='ltr'><strong>da</strong></span> <span class='ocrx_word' id='word_1_565' title='bbox 555 4194 644 4248; x_wconf 88' lang='lat' dir='ltr'><strong>sit.</strong></span> <span class='ocrx_word' id='word_1_566' title='bbox 674 4190 809 4260; x_wconf 85' lang='lat' dir='ltr'><strong>Quia</strong></span> <span class='ocrx_word' id='word_1_567' title='bbox 851 4205 980 4246; x_wconf 84' lang='lat' dir='ltr'><strong>vero</strong></span> <span class='ocrx_word' id='word_1_568' title='bbox 1020 4190 1203 4245; x_wconf 89' lang='lat' dir='ltr'><strong>docuit</strong></span> <span class='ocrx_word' id='word_1_569' title='bbox 1233 4189 1636 4244; x_wconf 90' lang='lat' dir='ltr'><strong>Emmanuelem</strong></span> <span class='ocrx_word' id='word_1_570' title='bbox 1683 4188 1837 4242; x_wconf 90' lang='lat' dir='ltr'><strong>illum</strong></span> <span class='ocrx_word' id='word_1_571' title='bbox 1865 4227 1880 4252; x_wconf 90' lang='lat'><strong>,</strong></span> <span class='ocrx_word' id='word_1_572' title='bbox 1913 4198 2030 4242; x_wconf 83' lang='lat' dir='ltr'><strong>stu-</strong></span> 
     </span>
    </p>
   </div>
   <div class='ocr_carea' id='block_1_73' title="bbox 459 4281 2026 4355">
    <p class='ocr_par' dir='ltr' id='par_1_73' title="bbox 459 4281 2026 4355">
     <span class='ocr_line' id='line_1_73' title="bbox 459 4281 2026 4355; baseline -0.004 -14"><span class='ocrx_word' id='word_1_573' title='bbox 459 4285 691 4355; x_wconf 89' lang='lat' dir='ltr'><strong>pendam</strong></span> <span class='ocrx_word' id='word_1_574' title='bbox 713 4291 768 4338; x_wconf 91' lang='lat' dir='ltr'><strong>et</strong></span> <span class='ocrx_word' id='word_1_575' title='bbox 794 4281 862 4338; x_wconf 89' lang='lat' dir='ltr'><strong>ab</strong></span> <span class='ocrx_word' id='word_1_576' title='bbox 884 4282 1119 4336; x_wconf 87' lang='lat' dir='ltr'><strong>humana</strong></span> <span class='ocrx_word' id='word_1_577' title='bbox 1147 4290 1340 4336; x_wconf 80' lang='lat' dir='ltr'><strong>natura</strong></span> <span class='ocrx_word' id='word_1_578' title='bbox 1369 4281 1598 4336; x_wconf 88' lang='lat' dir='ltr'><strong>alienam</strong></span> <span class='ocrx_word' id='word_1_579' title='bbox 1624 4281 2026 4352; x_wconf 88' lang='lat' dir='ltr'><strong>generationem</strong></span> 
     </span>
    </p>
   </div>
   <div class='ocr_carea' id='block_1_74' title="bbox 461 4371 2024 4442">
    <p class='ocr_par' dir='ltr' id='par_1_74' title="bbox 461 4371 2024 4442">
     <span class='ocr_line' id='line_1_74' title="bbox 461 4371 2024 4442; baseline -0.006 -10"><span class='ocrx_word' id='word_1_580' title='bbox 461 4377 769 4432; x_wconf 86' lang='lat' dir='ltr'><strong>habiturum</strong></span> <span class='ocrx_word' id='word_1_581' title='bbox 807 4387 926 4430; x_wconf 89' lang='lat' dir='ltr'><strong>esse</strong></span> <span class='ocrx_word' id='word_1_582' title='bbox 957 4389 971 4426; x_wconf 90' lang='lat'><strong>:</strong></span> <span class='ocrx_word' id='word_1_583' title='bbox 1005 4387 1129 4427; x_wconf 86' lang='lat' dir='ltr'><strong>nam</strong></span> <span class='ocrx_word' id='word_1_584' title='bbox 1159 4387 1222 4428; x_wconf 83' lang='lat' dir='ltr'><strong>ex</strong></span> <span class='ocrx_word' id='word_1_585' title='bbox 1251 4373 1562 4441; x_wconf 87' lang='lat' dir='ltr'><strong>incorrupta</strong></span> <span class='ocrx_word' id='word_1_586' title='bbox 1589 4371 1763 4442; x_wconf 88' lang='lat' dir='ltr'><strong>puella</strong></span> <span class='ocrx_word' id='word_1_587' title='bbox 1794 4411 1810 4437; x_wconf 92' lang='lat'><strong>,</strong></span> <span class='ocrx_word' id='word_1_588' title='bbox 1839 4382 1897 4427; x_wconf 90' lang='lat' dir='ltr'><strong>et</strong></span> <span class='ocrx_word' id='word_1_589' title='bbox 1919 4371 2024 4424; x_wconf 89' lang='lat' dir='ltr'><strong>vir-</strong></span> 
     </span>
    </p>
   </div>
   <div class='ocr_carea' id='block_1_75' title="bbox 463 4461 2030 4535">
    <p class='ocr_par' dir='ltr' id='par_1_75' title="bbox 463 4461 2030 4535">
     <span class='ocr_line' id='line_1_75' title="bbox 463 4461 2030 4535; baseline -0.001 -18"><span class='ocrx_word' id='word_1_590' title='bbox 463 4466 588 4535; x_wconf 79' lang='lat' dir='ltr'><strong>gine</strong></span> <span class='ocrx_word' id='word_1_591' title='bbox 613 4462 815 4533; x_wconf 85' lang='lat' dir='ltr'><strong>nuptiis</strong></span> <span class='ocrx_word' id='word_1_592' title='bbox 840 4471 1060 4533; x_wconf 78' lang='lat' dir='ltr'><strong>experte</strong></span> <span class='ocrx_word' id='word_1_593' title='bbox 1089 4463 1400 4517; x_wconf 87' lang='lat' dir='ltr'><strong>nasciturus</strong></span> <span class='ocrx_word' id='word_1_594' title='bbox 1439 4470 1551 4518; x_wconf 88' lang='lat' dir='ltr'><strong>erat</strong></span> <span class='ocrx_word' id='word_1_595' title='bbox 1574 4478 1590 4527; x_wconf 87' lang='lat'><strong>;</strong></span> <span class='ocrx_word' id='word_1_596' title='bbox 1614 4461 1901 4516; x_wconf 86' lang='lat' dir='ltr'><strong>admodum</strong></span> <span class='ocrx_word' id='word_1_597' title='bbox 1935 4477 2030 4517; x_wconf 81' lang='lat' dir='ltr'><strong>ne-</strong></span> 
     </span>
    </p>
   </div>
   <div class='ocr_carea' id='block_1_76' title="bbox 461 4555 2024 4626">
    <p class='ocr_par' dir='ltr' id='par_1_76' title="bbox 461 4555 2024 4626">
     <span class='ocr_line' id='line_1_76' title="bbox 461 4555 2024 4626; baseline -0.001 -15"><span class='ocrx_word' id='word_1_598' title='bbox 461 4559 702 4614; x_wconf 67' lang='lat' dir='ltr'><strong>cessario</strong></span> <span class='ocrx_word' id='word_1_599' title='bbox 730 4557 990 4612; x_wconf 87' lang='lat' dir='ltr'><strong>Dominus</strong></span> <span class='ocrx_word' id='word_1_600' title='bbox 1012 4596 1027 4622; x_wconf 87' lang='lat'><strong>,</strong></span> <span class='ocrx_word' id='word_1_601' title='bbox 1071 4556 1162 4611; x_wconf 89' lang='lat' dir='ltr'><strong>hic</strong></span> <span class='ocrx_word' id='word_1_602' title='bbox 1186 4597 1202 4624; x_wconf 92' lang='lat'><strong>,</strong></span> <span class='ocrx_word' id='word_1_603' title='bbox 1247 4571 1352 4611; x_wconf 94' lang='lat' dir='ltr'><strong>non</strong></span> <span class='ocrx_word' id='word_1_604' title='bbox 1383 4557 1563 4611; x_wconf 79' lang='lat' dir='ltr'><strong>Achaz</strong></span> <span class='ocrx_word' id='word_1_605' title='bbox 1588 4597 1604 4623; x_wconf 91' lang='lat'><strong>,</strong></span> <span class='ocrx_word' id='word_1_606' title='bbox 1640 4569 1815 4626; x_wconf 87' lang='lat' dir='ltr'><strong>neque</strong></span> <span class='ocrx_word' id='word_1_607' title='bbox 1843 4555 2024 4609; x_wconf 90' lang='lat' dir='ltr'><strong>domui</strong></span> 
     </span>
    </p>
   </div>
   <div class='ocr_carea' id='block_1_77' title="bbox 459 4645 2026 4718">
    <p class='ocr_par' dir='ltr' id='par_1_77' title="bbox 459 4645 2026 4718">
     <span class='ocr_line' id='line_1_77' title="bbox 459 4645 2026 4718; baseline -0.004 -13"><span class='ocrx_word' id='word_1_608' title='bbox 459 4649 630 4716; x_wconf 65' lang='lat' dir='ltr'><strong>Judae,</strong></span> <span class='ocrx_word' id='word_1_609' title='bbox 653 4651 749 4704; x_wconf 87' lang='lat' dir='ltr'><strong>sed</strong></span> <span class='ocrx_word' id='word_1_610' title='bbox 785 4647 885 4718; x_wconf 90' lang='lat' dir='ltr'><strong>ipsi</strong></span> <span class='ocrx_word' id='word_1_611' title='bbox 914 4645 1012 4702; x_wconf 92' lang='lat' dir='ltr'><strong>soli</strong></span> <span class='ocrx_word' id='word_1_612' title='bbox 1042 4648 1336 4718; x_wconf 69' lang='lat' dir='ltr'><strong>prophetae,</strong></span> <span class='ocrx_word' id='word_1_613' title='bbox 1371 4646 1688 4716; x_wconf 84' lang='lat' dir='ltr'><strong>mysterium</strong></span> <span class='ocrx_word' id='word_1_614' title='bbox 1726 4646 1907 4698; x_wconf 90' lang='lat' dir='ltr'><strong>arcani</strong></span> <span class='ocrx_word' id='word_1_615' title='bbox 1933 4659 2026 4699; x_wconf 88' lang='lat' dir='ltr'><strong>or-</strong></span> 
     </span>
    </p>
   </div>
   <div class='ocr_carea' id='block_1_78' title="bbox 458 4735 2023 4807">
    <p class='ocr_par' dir='ltr' id='par_1_78' title="bbox 458 4735 2023 4807">
     <span class='ocr_line' id='line_1_78' title="bbox 458 4735 2023 4807; baseline -0.006 -11"><span class='ocrx_word' id='word_1_616' title='bbox 458 4753 543 4796; x_wconf 88' lang='lat' dir='ltr'><strong>tus</strong></span> <span class='ocrx_word' id='word_1_617' title='bbox 567 4739 934 4795; x_wconf 81' lang='lat' dir='ltr'><strong>Emmanuelis</strong></span> <span class='ocrx_word' id='word_1_618' title='bbox 961 4741 1164 4795; x_wconf 87' lang='lat' dir='ltr'><strong>revelat</strong></span> <span class='ocrx_word' id='word_1_619' title='bbox 1201 4755 1216 4792; x_wconf 87' lang='lat'><strong>:</strong></span> <span class='ocrx_word' id='word_1_620' title='bbox 1252 4738 1519 4807; x_wconf 84' lang='lat' dir='ltr'><strong>quomodo</strong></span> <span class='ocrx_word' id='word_1_621' title='bbox 1547 4735 1754 4792; x_wconf 87' lang='lat' dir='ltr'><strong>scilicet</strong></span> <span class='ocrx_word' id='word_1_622' title='bbox 1786 4735 2023 4789; x_wconf 86' lang='lat' dir='ltr'><strong>futurum</strong></span> 
     </span>
    </p>
   </div>
   <div class='ocr_carea' id='block_1_79' title="bbox 457 4827 2024 4904">
    <p class='ocr_par' dir='ltr' id='par_1_79' title="bbox 457 4827 2024 4904">
     <span class='ocr_line' id='line_1_79' title="bbox 457 4827 2024 4904; baseline -0.004 -17"><span class='ocrx_word' id='word_1_623' title='bbox 457 4835 530 4888; x_wconf 89' lang='lat' dir='ltr'><strong>sit</strong></span> <span class='ocrx_word' id='word_1_624' title='bbox 564 4841 623 4886; x_wconf 93' lang='lat' dir='ltr'><strong>ut</strong></span> <span class='ocrx_word' id='word_1_625' title='bbox 652 4831 803 4904; x_wconf 82' lang='lat' dir='ltr'><strong>virgo</strong></span> <span class='ocrx_word' id='word_1_626' title='bbox 861 4832 915 4886; x_wconf 91' lang='lat' dir='ltr'><strong>iu</strong></span> <span class='ocrx_word' id='word_1_627' title='bbox 955 4839 1108 4886; x_wconf 91' lang='lat' dir='ltr'><strong>utero</strong></span> <span class='ocrx_word' id='word_1_628' title='bbox 1151 4830 1425 4899; x_wconf 88' lang='lat' dir='ltr'><strong>concipiat</strong></span> <span class='ocrx_word' id='word_1_629' title='bbox 1455 4836 1508 4883; x_wconf 93' lang='lat' dir='ltr'><strong>et</strong></span> <span class='ocrx_word' id='word_1_630' title='bbox 1537 4827 1712 4898; x_wconf 89' lang='lat' dir='ltr'><strong>pariat</strong></span> <span class='ocrx_word' id='word_1_631' title='bbox 1737 4827 1922 4880; x_wconf 83' lang='lat' dir='ltr'><strong>lilium.</strong></span> <span class='ocrx_word' id='word_1_632' title='bbox 1960 4827 2024 4882; x_wconf 89' lang='lat' dir='ltr'><strong>Ut</strong></span> 
     </span>
    </p>
   </div>
   <div class='ocr_carea' id='block_1_80' title="bbox 457 4917 2018 4992">
    <p class='ocr_par' dir='ltr' id='par_1_80' title="bbox 457 4917 2018 4992">
     <span class='ocr_line' id='line_1_80' title="bbox 457 4917 2018 4992; baseline -0.004 -16"><span class='ocrx_word' id='word_1_633' title='bbox 457 4922 638 4992; x_wconf 89' lang='lat' dir='ltr'><strong>itaque</strong></span> <span class='ocrx_word' id='word_1_634' title='bbox 669 4937 730 4975; x_wconf 91' lang='lat' dir='ltr'><strong>ea</strong></span> <span class='ocrx_word' id='word_1_635' title='bbox 759 4935 879 4991; x_wconf 82' lang='lat' dir='ltr'><strong>quae</strong></span> <span class='ocrx_word' id='word_1_636' title='bbox 911 4921 979 4976; x_wconf 90' lang='lat' dir='ltr'><strong>ad</strong></span> <span class='ocrx_word' id='word_1_637' title='bbox 1007 4919 1410 4975; x_wconf 81' lang='lat' dir='ltr'><strong>Emmanuelem</strong></span> <span class='ocrx_word' id='word_1_638' title='bbox 1443 4918 1786 4988; x_wconf 88' lang='lat' dir='ltr'><strong>spectabant,</strong></span> <span class='ocrx_word' id='word_1_639' title='bbox 1817 4933 1921 4972; x_wconf 93' lang='lat' dir='ltr'><strong>non</strong></span> <span class='ocrx_word' id='word_1_640' title='bbox 1953 4917 2018 4970; x_wconf 85' lang='lat' dir='ltr'><strong>ad</strong></span> 
     </span>
    </p>
   </div>
   <div class='ocr_carea' id='block_1_81' title="bbox 456 5008 2026 5083">
    <p class='ocr_par' dir='ltr' id='par_1_81' title="bbox 456 5008 2026 5083">
     <span class='ocr_line' id='line_1_81' title="bbox 456 5008 2026 5083; baseline -0.004 -15"><span class='ocrx_word' id='word_1_641' title='bbox 456 5015 696 5068; x_wconf 86' lang='lat' dir='ltr'><strong>omnium</strong></span> <span class='ocrx_word' id='word_1_642' title='bbox 731 5027 893 5069; x_wconf 90' lang='lat' dir='ltr'><strong>aures</strong></span> <span class='ocrx_word' id='word_1_643' title='bbox 937 5020 1339 5083; x_wconf 86' lang='lat' dir='ltr'><strong>spargerentur,</strong></span> <span class='ocrx_word' id='word_1_644' title='bbox 1390 5010 1482 5065; x_wconf 92' lang='lat' dir='ltr'><strong>sed</strong></span> <span class='ocrx_word' id='word_1_645' title='bbox 1519 5008 1698 5080; x_wconf 90' lang='lat' dir='ltr'><strong>potius</strong></span> <span class='ocrx_word' id='word_1_646' title='bbox 1738 5010 1790 5063; x_wconf 93' lang='lat' dir='ltr'><strong>in</strong></span> <span class='ocrx_word' id='word_1_647' title='bbox 1826 5023 2026 5065; x_wconf 84' lang='lat' dir='ltr'><strong>arcana</strong></span> 
     </span>
    </p>
   </div>
   <div class='ocr_carea' id='block_1_82' title="bbox 458 5101 2023 5177">
    <p class='ocr_par' dir='ltr' id='par_1_82' title="bbox 458 5101 2023 5177">
     <span class='ocr_line' id='line_1_82' title="bbox 458 5101 2023 5177; baseline -0.002 -18"><span class='ocrx_word' id='word_1_648' title='bbox 458 5105 691 5177; x_wconf 87' lang='lat' dir='ltr'><strong>quadam</strong></span> <span class='ocrx_word' id='word_1_649' title='bbox 741 5105 1008 5176; x_wconf 86' lang='lat' dir='ltr'><strong>scriptura</strong></span> <span class='ocrx_word' id='word_1_650' title='bbox 1060 5112 1450 5167; x_wconf 86' lang='lat' dir='ltr'><strong>servarentur,</strong></span> <span class='ocrx_word' id='word_1_651' title='bbox 1503 5101 1659 5172; x_wconf 88' lang='lat' dir='ltr'><strong>jubet</strong></span> <span class='ocrx_word' id='word_1_652' title='bbox 1708 5102 2023 5172; x_wconf 89' lang='lat' dir='ltr'><strong>prophetam</strong></span> 
     </span>
    </p>
   </div>
   <div class='ocr_carea' id='block_1_83' title="bbox 459 5193 2027 5265">
    <p class='ocr_par' dir='ltr' id='par_1_83' title="bbox 459 5193 2027 5265">
     <span class='ocr_line' id='line_1_83' title="bbox 459 5193 2027 5265; baseline -0.003 -14"><span class='ocrx_word' id='word_1_653' title='bbox 459 5199 559 5252; x_wconf 83' lang='lat' dir='ltr'><strong>sibi</strong></span> <span class='ocrx_word' id='word_1_654' title='bbox 591 5211 806 5254; x_wconf 86' lang='lat' dir='ltr'><strong>sumere</strong></span> <span class='ocrx_word' id='word_1_655' title='bbox 834 5205 1040 5252; x_wconf 92' lang='lat' dir='ltr'><strong>tomum</strong></span> <span class='ocrx_word' id='word_1_656' title='bbox 1072 5210 1272 5251; x_wconf 89' lang='lat' dir='ltr'><strong>novum</strong></span> <span class='ocrx_word' id='word_1_657' title='bbox 1310 5201 1366 5248; x_wconf 90' lang='lat' dir='ltr'><strong>et</strong></span> <span class='ocrx_word' id='word_1_658' title='bbox 1393 5209 1645 5265; x_wconf 84' lang='lat' dir='ltr'><strong>magnum</strong></span> <span class='ocrx_word' id='word_1_659' title='bbox 1675 5233 1691 5258; x_wconf 88' lang='lat'><strong>,</strong></span> <span class='ocrx_word' id='word_1_660' title='bbox 1724 5195 1836 5248; x_wconf 87' lang='lat' dir='ltr'><strong>sive</strong></span> <span class='ocrx_word' id='word_1_661' title='bbox 1857 5233 1872 5260; x_wconf 94' lang='lat'><strong>,</strong></span> <span class='ocrx_word' id='word_1_662' title='bbox 1915 5211 1934 5244; x_wconf 74' lang='grc' dir='ltr'><strong>ι</strong></span> <span class='ocrx_word' id='word_1_663' title='bbox 1971 5193 2027 5246; x_wconf 82' lang='lat' dir='ltr'><strong>li-</strong></span> 
     </span>
    </p>
   </div>
   <div class='ocr_carea' id='block_1_84' title="bbox 459 5285 2020 5357">
    <p class='ocr_par' dir='ltr' id='par_1_84' title="bbox 459 5285 2020 5357">
     <span class='ocr_line' id='line_1_84' title="bbox 459 5285 2020 5357; baseline -0.005 -13"><span class='ocrx_word' id='word_1_664' title='bbox 459 5290 616 5344; x_wconf 91' lang='lat' dir='ltr'><strong>brum</strong></span> <span class='ocrx_word' id='word_1_665' title='bbox 640 5332 656 5355; x_wconf 92' lang='lat'><strong>,</strong></span> <span class='ocrx_word' id='word_1_666' title='bbox 715 5309 736 5342; x_wconf 73' lang='grc' dir='ltr'><strong>ι</strong></span> <span class='ocrx_word' id='word_1_667' title='bbox 769 5305 864 5345; x_wconf 90' lang='lat' dir='ltr'><strong>seu</strong></span> <span class='ocrx_word' id='word_1_668' title='bbox 890 5331 906 5357; x_wconf 88' lang='lat'><strong>,</strong></span> <span class='ocrx_word' id='word_1_669' title='bbox 943 5307 962 5342; x_wconf 79' lang='grc' dir='ltr'>ι</span> <span class='ocrx_word' id='word_1_670' title='bbox 1015 5287 1382 5343; x_wconf 88' lang='lat' dir='ltr'><strong>membranam</strong></span> <span class='ocrx_word' id='word_1_671' title='bbox 1411 5326 1427 5352; x_wconf 95' lang='lat'><strong>,</strong></span> <span class='ocrx_word' id='word_1_672' title='bbox 1468 5305 1487 5339; x_wconf 69' lang='grc' dir='ltr'><strong>ι</strong></span> <span class='ocrx_word' id='word_1_673' title='bbox 1522 5302 1618 5342; x_wconf 89' lang='lat' dir='ltr'><strong>seu</strong></span> <span class='ocrx_word' id='word_1_674' title='bbox 1652 5304 1674 5339; x_wconf 77' lang='grc' dir='ltr'><strong>ι</strong></span> <span class='ocrx_word' id='word_1_675' title='bbox 1715 5285 1962 5341; x_wconf 86' lang='lat' dir='ltr'><strong>volumen</strong></span> <span class='ocrx_word' id='word_1_676' title='bbox 2002 5303 2020 5336; x_wconf 75' lang='grc' dir='ltr'><strong>ι</strong></span> 
     </span>
    </p>
   </div>
   <div class='ocr_carea' id='block_1_85' title="bbox 460 5379 2022 5451">
    <p class='ocr_par' dir='ltr' id='par_1_85' title="bbox 460 5379 2022 5451">
     <span class='ocr_line' id='line_1_85' title="bbox 460 5379 2022 5451; baseline -0.003 -16"><span class='ocrx_word' id='word_1_677' title='bbox 460 5381 755 5436; x_wconf 90' lang='lat' dir='ltr'><strong>secundum</strong></span> <span class='ocrx_word' id='word_1_678' title='bbox 804 5381 1090 5451; x_wconf 89' lang='lat' dir='ltr'><strong>reliquos,</strong></span> <span class='ocrx_word' id='word_1_679' title='bbox 1140 5398 1160 5432; x_wconf 77' lang='grc' dir='ltr'><strong>ι</strong></span> <span class='ocrx_word' id='word_1_680' title='bbox 1219 5379 1363 5451; x_wconf 87' lang='lat' dir='ltr'><strong>stylo</strong></span> <span class='ocrx_word' id='word_1_681' title='bbox 1401 5379 1678 5446; x_wconf 85' lang='lat' dir='ltr'><strong>hominis,</strong></span> <span class='ocrx_word' id='word_1_682' title='bbox 1729 5398 1749 5433; x_wconf 72' lang='grc' dir='ltr'><strong>ι</strong></span> <span class='ocrx_word' id='word_1_683' title='bbox 1803 5379 1856 5433; x_wconf 91' lang='lat' dir='ltr'><strong>id</strong></span> <span class='ocrx_word' id='word_1_684' title='bbox 1899 5387 2022 5443; x_wconf 89' lang='lat' dir='ltr'><strong>est,</strong></span> 
     </span>
    </p>
   </div>
   <div class='ocr_carea' id='block_1_86' title="bbox 459 5470 2024 5540">
    <p class='ocr_par' dir='ltr' id='par_1_86' title="bbox 459 5470 2024 5540">
     <span class='ocr_line' id='line_1_86' title="bbox 459 5470 2024 5540; baseline -0.004 -12"><span class='ocrx_word' id='word_1_685' title='bbox 459 5483 714 5528; x_wconf 85' lang='lat' dir='ltr'><strong>consueta</strong></span> <span class='ocrx_word' id='word_1_686' title='bbox 761 5482 816 5527; x_wconf 93' lang='lat' dir='ltr'><strong>et</strong></span> <span class='ocrx_word' id='word_1_687' title='bbox 865 5480 992 5528; x_wconf 88' lang='lat' dir='ltr'><strong>nota</strong></span> <span class='ocrx_word' id='word_1_688' title='bbox 1041 5471 1350 5528; x_wconf 89' lang='lat' dir='ltr'><strong>hominibus</strong></span> <span class='ocrx_word' id='word_1_689' title='bbox 1395 5472 1706 5540; x_wconf 89' lang='lat' dir='ltr'><strong>scriptura:</strong></span> <span class='ocrx_word' id='word_1_690' title='bbox 1739 5481 1820 5526; x_wconf 88' lang='lat' dir='ltr'><strong>est</strong></span> <span class='ocrx_word' id='word_1_691' title='bbox 1864 5470 2024 5540; x_wconf 84' lang='lat' dir='ltr'><strong>quip-</strong></span> 
     </span>
    </p>
   </div>
   <div class='ocr_carea' id='block_1_87' title="bbox 459 5563 2022 5636">
    <p class='ocr_par' dir='ltr' id='par_1_87' title="bbox 459 5563 2022 5636">
     <span class='ocr_line' id='line_1_87' title="bbox 459 5563 2022 5636; baseline 0.001 -20"><span class='ocrx_word' id='word_1_692' title='bbox 459 5580 526 5633; x_wconf 91' lang='lat' dir='ltr'><strong>pe</strong></span> <span class='ocrx_word' id='word_1_693' title='bbox 557 5563 660 5617; x_wconf 86' lang='lat' dir='ltr'><strong>alia</strong></span> <span class='ocrx_word' id='word_1_694' title='bbox 694 5563 788 5618; x_wconf 90' lang='lat' dir='ltr'><strong>Dei</strong></span> <span class='ocrx_word' id='word_1_695' title='bbox 833 5564 1112 5635; x_wconf 84' lang='lat' dir='ltr'><strong>Scriptura</strong></span> <span class='ocrx_word' id='word_1_696' title='bbox 1160 5581 1268 5620; x_wconf 92' lang='lat' dir='ltr'><strong>non</strong></span> <span class='ocrx_word' id='word_1_697' title='bbox 1316 5565 1458 5636; x_wconf 87' lang='lat' dir='ltr'><strong>stylo</strong></span> <span class='ocrx_word' id='word_1_698' title='bbox 1483 5563 1717 5620; x_wconf 89' lang='lat' dir='ltr'><strong>hominis</strong></span> <span class='ocrx_word' id='word_1_699' title='bbox 1761 5571 1980 5617; x_wconf 79' lang='lat' dir='ltr'><strong>exarata</strong></span> <span class='ocrx_word' id='word_1_700' title='bbox 2007 5602 2022 5624; x_wconf 90' lang='lat'><strong>,</strong></span> 
     </span>
    </p>
   </div>
   <div class='ocr_carea' id='block_1_88' title="bbox 461 5656 2024 5730">
    <p class='ocr_par' dir='ltr' id='par_1_88' title="bbox 461 5656 2024 5730">
     <span class='ocr_line' id='line_1_88' title="bbox 461 5656 2024 5730; baseline 0 -18"><span class='ocrx_word' id='word_1_701' title='bbox 461 5656 557 5712; x_wconf 85' lang='lat' dir='ltr'><strong>sed</strong></span> <span class='ocrx_word' id='word_1_702' title='bbox 587 5657 784 5714; x_wconf 85' lang='lat' dir='ltr'><strong>virtute</strong></span> <span class='ocrx_word' id='word_1_703' title='bbox 815 5657 905 5714; x_wconf 92' lang='lat' dir='ltr'><strong>Dei</strong></span> <span class='ocrx_word' id='word_1_704' title='bbox 938 5659 1123 5726; x_wconf 84' lang='lat' dir='ltr'><strong>Verbi,</strong></span> <span class='ocrx_word' id='word_1_705' title='bbox 1158 5673 1263 5730; x_wconf 89' lang='lat' dir='ltr'><strong>qua</strong></span> <span class='ocrx_word' id='word_1_706' title='bbox 1297 5657 1488 5730; x_wconf 84' lang='lat' dir='ltr'><strong>dignos</strong></span> <span class='ocrx_word' id='word_1_707' title='bbox 1520 5657 1577 5715; x_wconf 88' lang='lat' dir='ltr'><strong>in</strong></span> <span class='ocrx_word' id='word_1_708' title='bbox 1614 5657 1753 5714; x_wconf 89' lang='lat' dir='ltr'><strong>libro</strong></span> <span class='ocrx_word' id='word_1_709' title='bbox 1781 5657 1902 5713; x_wconf 79' lang='lat' dir='ltr'><strong>vitae</strong></span> <span class='ocrx_word' id='word_1_710' title='bbox 1932 5657 2024 5712; x_wconf 88' lang='lat' dir='ltr'><strong>de-</strong></span> 
     </span>
    </p>
   </div>
   <div class='ocr_carea' id='block_1_89' title="bbox 465 5747 670 5804">
    <p class='ocr_par' dir='ltr' id='par_1_89' title="bbox 465 5747 670 5804">
     <span class='ocr_line' id='line_1_89' title="bbox 465 5747 670 5804; baseline 0.005 -2"><span class='ocrx_word' id='word_1_711' title='bbox 465 5747 670 5804; x_wconf 73' lang='lat' dir='ltr'><strong>scribit.</strong></span> 
     </span>
    </p>
   </div>
   <div class='ocr_carea' id='block_1_90' title="bbox 2136 3232 3643 3310">
    <p class='ocr_par' dir='ltr' id='par_1_90' title="bbox 2136 3232 3643 3310">
     <span class='ocr_line' id='line_1_90' title="bbox 2136 3232 3643 3310; baseline -0.005 -18"><span class='ocrx_word' id='word_1_712' title='bbox 2136 3240 2234 3310; x_wconf 78' lang='grc' dir='ltr'><strong>τῆς</strong></span> <span class='ocrx_word' id='word_1_713' title='bbox 2272 3237 2468 3310; x_wconf 90' lang='grc' dir='ltr'>χέρσου</span> <span class='ocrx_word' id='word_1_714' title='bbox 2499 3235 2591 3288; x_wconf 80' lang='grc' dir='ltr'><strong>καὶ</strong></span> <span class='ocrx_word' id='word_1_715' title='bbox 2624 3233 2866 3305; x_wconf 84' lang='grc' dir='ltr'>ἀκάνθης</span> <span class='ocrx_word' id='word_1_716' title='bbox 2897 3235 2977 3297; x_wconf 83' lang='grc' dir='ltr'><strong>είς</strong></span> <span class='ocrx_word' id='word_1_717' title='bbox 3011 3232 3260 3306; x_wconf 84' lang='grc' dir='ltr'>βόσκημα</span> <span class='ocrx_word' id='word_1_718' title='bbox 3288 3232 3578 3304; x_wconf 88' lang='grc' dir='ltr'>προϐάτου.</span> <span class='ocrx_word' id='word_1_719' title='bbox 3622 3252 3643 3284; x_wconf 77' lang='grc' dir='ltr'><strong>ι</strong></span> 
     </span>
    </p>
   </div>
   <div class='ocr_carea' id='block_1_91' title="bbox 2659 3347 3186 3404">
    <p class='ocr_par' dir='ltr' id='par_1_91' title="bbox 2659 3347 3186 3404">
     <span class='ocr_line' id='line_1_91' title="bbox 2659 3347 3186 3404; baseline 0.006 -3"><span class='ocrx_word' id='word_1_720' title='bbox 2659 3347 3053 3402; x_wconf 78' lang='grc' dir='ltr'><strong>ΚΕΦΑΛΔΙΟΝ</strong></span> <span class='ocrx_word' id='word_1_721' title='bbox 3104 3349 3186 3404; x_wconf 83' lang='grc' dir='ltr'><strong>Η’.</strong></span> 
     </span>
    </p>
   </div>
   <div class='ocr_carea' id='block_1_92' title="bbox 2209 3457 3725 3533">
    <p class='ocr_par' dir='ltr' id='par_1_92' title="bbox 2209 3457 3725 3533">
     <span class='ocr_line' id='line_1_92' title="bbox 2209 3457 3725 3533; baseline 0.002 -20"><span class='ocrx_word' id='word_1_722' title='bbox 2209 3482 2228 3513; x_wconf 73' lang='grc' dir='ltr'>ι</span> <span class='ocrx_word' id='word_1_723' title='bbox 2263 3463 2372 3516; x_wconf 87' lang='lat' dir='ltr'><strong>Kal</strong></span> <span class='ocrx_word' id='word_1_724' title='bbox 2420 3457 2544 3515; x_wconf 80' lang='grc' dir='ltr'>εἷπε</span> <span class='ocrx_word' id='word_1_725' title='bbox 2577 3460 2780 3533; x_wconf 86' lang='grc' dir='ltr'>Κύριος</span> <span class='ocrx_word' id='word_1_726' title='bbox 2812 3462 2948 3533; x_wconf 78' lang='grc' dir='ltr'>πρὸς</span> <span class='ocrx_word' id='word_1_727' title='bbox 2982 3460 3073 3532; x_wconf 88' lang='grc' dir='ltr'>μὲ,</span> <span class='ocrx_word' id='word_1_728' title='bbox 3119 3461 3269 3516; x_wconf 85' lang='grc' dir='ltr'>Λάϐε</span> <span class='ocrx_word' id='word_1_729' title='bbox 3310 3460 3520 3533; x_wconf 87' lang='grc' dir='ltr'>σεαυτῷ</span> <span class='ocrx_word' id='word_1_730' title='bbox 3552 3461 3725 3533; x_wconf 81' lang='grc' dir='ltr'>τόμον</span> 
     </span>
    </p>
   </div>
   <div class='ocr_carea' id='block_1_93' title="bbox 2133 3551 3727 3624">
    <p class='ocr_par' dir='ltr' id='par_1_93' title="bbox 2133 3551 3727 3624">
     <span class='ocr_line' id='line_1_93' title="bbox 2133 3551 3727 3624; baseline -0.001 -16"><span class='ocrx_word' id='word_1_731' title='bbox 2133 3555 2316 3609; x_wconf 83' lang='grc' dir='ltr'>καινὸν</span> <span class='ocrx_word' id='word_1_732' title='bbox 2345 3555 2540 3624; x_wconf 88' lang='grc' dir='ltr'>μέγαν,</span> <span class='ocrx_word' id='word_1_733' title='bbox 2569 3553 2664 3608; x_wconf 77' lang='grc' dir='ltr'><strong>καὶ</strong></span> <span class='ocrx_word' id='word_1_734' title='bbox 2685 3552 2893 3624; x_wconf 75' lang='grc' dir='ltr'>γράψον</span> <span class='ocrx_word' id='word_1_735' title='bbox 2931 3554 3012 3616; x_wconf 81' lang='grc' dir='ltr'><strong>είς</strong></span> <span class='ocrx_word' id='word_1_736' title='bbox 3055 3552 3216 3606; x_wconf 80' lang='grc' dir='ltr'>αὑτὸν</span> <span class='ocrx_word' id='word_1_737' title='bbox 3245 3551 3469 3623; x_wconf 87' lang='grc' dir='ltr'>γραφίδι</span> <span class='ocrx_word' id='word_1_738' title='bbox 3505 3551 3727 3624; x_wconf 67' lang='grc' dir='ltr'>άνθρὼυ</span> 
     </span>
    </p>
   </div>
   <div class='ocr_carea' id='block_1_94' title="bbox 2133 3641 3724 3715">
    <p class='ocr_par' dir='ltr' id='par_1_94' title="bbox 2133 3641 3724 3715">
     <span class='ocr_line' id='line_1_94' title="bbox 2133 3641 3724 3715; baseline -0.003 -11"><span class='ocrx_word' id='word_1_739' title='bbox 2133 3665 2254 3704; x_wconf 86' lang='grc' dir='ltr'>που.</span> <span class='ocrx_word' id='word_1_740' title='bbox 2289 3667 2307 3700; x_wconf 72' lang='grc' dir='ltr'><strong>ι</strong></span> <span class='ocrx_word' id='word_1_741' title='bbox 2336 3646 2664 3710; x_wconf 90' lang='grc' dir='ltr'>Συντελέσας</span> <span class='ocrx_word' id='word_1_742' title='bbox 2687 3645 2716 3698; x_wconf 84' lang='grc' dir='ltr'>ὁ</span> <span class='ocrx_word' id='word_1_743' title='bbox 2741 3644 2896 3714; x_wconf 84' lang='grc' dir='ltr'>λόγος</span> <span class='ocrx_word' id='word_1_744' title='bbox 2928 3644 2997 3699; x_wconf 81' lang='grc' dir='ltr'><strong>τά</strong></span> <span class='ocrx_word' id='word_1_745' title='bbox 3020 3644 3358 3715; x_wconf 85' lang='grc' dir='ltr'>γενησόμενα</span> <span class='ocrx_word' id='word_1_746' title='bbox 3383 3646 3441 3699; x_wconf 80' lang='grc' dir='ltr'>ὲν</span> <span class='ocrx_word' id='word_1_747' title='bbox 3476 3641 3596 3709; x_wconf 73' lang='grc' dir='ltr'>ταῖς</span> <span class='ocrx_word' id='word_1_748' title='bbox 3621 3663 3724 3699; x_wconf 84' lang='grc' dir='ltr'>κα-</span> 
     </span>
    </p>
   </div>
   <div class='ocr_carea' id='block_1_95' title="bbox 2130 3733 3725 3808">
    <p class='ocr_par' dir='ltr' id='par_1_95' title="bbox 2130 3733 3725 3808">
     <span class='ocr_line' id='line_1_95' title="bbox 2130 3733 3725 3808; baseline -0.001 -18"><span class='ocrx_word' id='word_1_749' title='bbox 2130 3735 2502 3807; x_wconf 86' lang='grc' dir='ltr'>ταλεχθείσαις</span> <span class='ocrx_word' id='word_1_750' title='bbox 2541 3735 2808 3807; x_wconf 80' lang='grc' dir='ltr'>ἡμέραις,</span> <span class='ocrx_word' id='word_1_751' title='bbox 2851 3733 3296 3806; x_wconf 84' lang='grc' dir='ltr'>ὲπαναλαμϐάνει</span> <span class='ocrx_word' id='word_1_752' title='bbox 3324 3734 3423 3806; x_wconf 86' lang='grc' dir='ltr'><strong>τὴν</strong></span> <span class='ocrx_word' id='word_1_753' title='bbox 3463 3735 3725 3808; x_wconf 83' lang='grc' dir='ltr'>διήγησιν</span> 
     </span>
    </p>
   </div>
   <div class='ocr_carea' id='block_1_96' title="bbox 2130 3817 3731 3900">
    <p class='ocr_par' dir='ltr' id='par_1_96' title="bbox 2130 3817 3731 3900">
     <span class='ocr_line' id='line_1_96' title="bbox 2130 3817 3731 3900; baseline -0.003 -19"><span class='ocrx_word' id='word_1_754' title='bbox 2130 3828 2227 3900; x_wconf 80' lang='grc' dir='ltr'><strong>τήν</strong></span> <span class='ocrx_word' id='word_1_755' title='bbox 2255 3825 2508 3898; x_wconf 76' lang='grc' dir='ltr'>περὶτῆς</span> <span class='ocrx_word' id='word_1_756' title='bbox 2533 3826 2838 3896; x_wconf 78' lang='grc' dir='ltr'>γεννήσεως</span> <span class='ocrx_word' id='word_1_757' title='bbox 2864 3823 2960 3878; x_wconf 81' lang='grc' dir='ltr'>τοῦ</span> <span class='ocrx_word' id='word_1_758' title='bbox 3001 3823 3365 3896; x_wconf 83' lang='grc' dir='ltr'>Ἐμμανουήλ·</span> <span class='ocrx_word' id='word_1_759' title='bbox 3391 3825 3520 3896; x_wconf 68' lang='grc' dir='ltr'><strong>περ)⁵</strong></span> <span class='ocrx_word' id='word_1_760' title='bbox 3549 3817 3614 3878; x_wconf 78' lang='grc' dir='ltr'><strong>οὗ</strong></span> <span class='ocrx_word' id='word_1_761' title='bbox 3637 3827 3731 3897; x_wconf 73' lang='grc' dir='ltr'>τῷ</span> 
     </span>
    </p>
   </div>
   <div class='ocr_carea' id='block_1_97' title="bbox 2131 3915 3727 3990">
    <p class='ocr_par' dir='ltr' id='par_1_97' title="bbox 2131 3915 3727 3990">
     <span class='ocr_line' id='line_1_97' title="bbox 2131 3915 3727 3990; baseline -0.001 -18"><span class='ocrx_word' id='word_1_762' title='bbox 2131 3920 2264 3990; x_wconf 76' lang='grc' dir='ltr'>οἴκῳ</span> <span class='ocrx_word' id='word_1_763' title='bbox 2313 3917 2478 3971; x_wconf 79' lang='grc' dir='ltr'>Δαυτδ</span> <span class='ocrx_word' id='word_1_764' title='bbox 2521 3915 2919 3988; x_wconf 87' lang='grc' dir='ltr'>παρεκελεύετο</span> <span class='ocrx_word' id='word_1_765' title='bbox 2947 3917 3067 3969; x_wconf 77' lang='grc' dir='ltr'>ἀντὶ</span> <span class='ocrx_word' id='word_1_766' title='bbox 3105 3915 3320 3987; x_wconf 70' lang='grc' dir='ltr'>ἐπῳδῆς</span> <span class='ocrx_word' id='word_1_767' title='bbox 3349 3915 3412 3968; x_wconf 80' lang='grc' dir='ltr'><strong>τὸ</strong></span> <span class='ocrx_word' id='word_1_768' title='bbox 3445 3916 3542 3969; x_wconf 80' lang='grc' dir='ltr'>τοῦ</span> <span class='ocrx_word' id='word_1_769' title='bbox 3588 3917 3727 3987; x_wconf 82' lang='grc' dir='ltr'><strong>Ἐμ-</strong></span> 
     </span>
    </p>
   </div>
   <div class='ocr_carea' id='block_1_98' title="bbox 2134 4007 3724 4083">
    <p class='ocr_par' dir='ltr' id='par_1_98' title="bbox 2134 4007 3724 4083">
     <span class='ocr_line' id='line_1_98' title="bbox 2134 4007 3724 4083; baseline -0.004 -17"><span class='ocrx_word' id='word_1_770' title='bbox 2134 4012 2371 4083; x_wconf 77' lang='grc' dir='ltr'>μανουήλ</span> <span class='ocrx_word' id='word_1_771' title='bbox 2424 4009 2800 4065; x_wconf 75' lang='grc' dir='ltr'>ἐπικαλεῖσθαι</span> <span class='ocrx_word' id='word_1_772' title='bbox 2842 4008 3012 4079; x_wconf 86' lang='grc' dir='ltr'>ϐνομα</span> <span class='ocrx_word' id='word_1_773' title='bbox 3035 4047 3050 4068; x_wconf 84' lang='grc'><strong>,</strong></span> <span class='ocrx_word' id='word_1_774' title='bbox 3096 4007 3426 4079; x_wconf 80' lang='grc' dir='ltr'>θαρσοῦντος</span> <span class='ocrx_word' id='word_1_775' title='bbox 3469 4008 3566 4062; x_wconf 81' lang='grc' dir='ltr'><strong>καὶ</strong></span> <span class='ocrx_word' id='word_1_776' title='bbox 3625 4025 3724 4061; x_wconf 79' lang='grc' dir='ltr'>πι-</span> 
     </span>
    </p>
   </div>
   <div class='ocr_carea' id='block_1_99' title="bbox 2133 4099 3724 4170">
    <p class='ocr_par' dir='ltr' id='par_1_99' title="bbox 2133 4099 3724 4170">
     <span class='ocr_line' id='line_1_99' title="bbox 2133 4099 3724 4170; baseline -0.003 -16"><span class='ocrx_word' id='word_1_777' title='bbox 2133 4102 2409 4167; x_wconf 84' lang='grc' dir='ltr'>στεύοντος</span> <span class='ocrx_word' id='word_1_778' title='bbox 2432 4101 2499 4155; x_wconf 88' lang='grc' dir='ltr'><strong>δι’</strong></span> <span class='ocrx_word' id='word_1_779' title='bbox 2525 4099 2688 4154; x_wconf 79' lang='grc' dir='ltr'>αὐτοῦ</span> <span class='ocrx_word' id='word_1_780' title='bbox 2719 4099 3062 4170; x_wconf 88' lang='grc' dir='ltr'>σωθήσεσθαι</span> <span class='ocrx_word' id='word_1_781' title='bbox 3088 4099 3198 4154; x_wconf 79' lang='grc' dir='ltr'><strong>ἀπὸ</strong></span> <span class='ocrx_word' id='word_1_782' title='bbox 3219 4099 3328 4153; x_wconf 88' lang='grc' dir='ltr'><strong>τῶν</strong></span> <span class='ocrx_word' id='word_1_783' title='bbox 3353 4099 3724 4169; x_wconf 70' lang='grc' dir='ltr'>ἐπικειμένων</span> 
     </span>
    </p>
   </div>
   <div class='ocr_carea' id='block_1_100' title="bbox 2131 4192 3727 4266">
    <p class='ocr_par' dir='ltr' id='par_1_100' title="bbox 2131 4192 3727 4266">
     <span class='ocr_line' id='line_1_100' title="bbox 2131 4192 3727 4266; baseline -0.003 -17"><span class='ocrx_word' id='word_1_784' title='bbox 2131 4196 2312 4260; x_wconf 82' lang='grc' dir='ltr'>αὐτοῖς</span> <span class='ocrx_word' id='word_1_785' title='bbox 2335 4195 2429 4249; x_wconf 85' lang='grc' dir='ltr'><strong>δύο</strong></span> <span class='ocrx_word' id='word_1_786' title='bbox 2470 4194 2751 4266; x_wconf 86' lang='grc' dir='ltr'>βασιλέων.</span> <span class='ocrx_word' id='word_1_787' title='bbox 2809 4192 3024 4264; x_wconf 76' lang='grc' dir='ltr'>Ἐπειδὴ</span> <span class='ocrx_word' id='word_1_788' title='bbox 3051 4192 3109 4245; x_wconf 86' lang='grc' dir='ltr'>δὲ</span> <span class='ocrx_word' id='word_1_789' title='bbox 3133 4192 3342 4257; x_wconf 72' lang='grc' dir='ltr'>ὶδίὸαξε</span> <span class='ocrx_word' id='word_1_790' title='bbox 3374 4192 3466 4246; x_wconf 80' lang='grc' dir='ltr'>τὸν</span> <span class='ocrx_word' id='word_1_791' title='bbox 3503 4192 3727 4263; x_wconf 76' lang='grc' dir='ltr'>Ἐμμαο</span> 
     </span>
    </p>
   </div>
   <div class='ocr_carea' id='block_1_101' title="bbox 2130 4283 3722 4359">
    <p class='ocr_par' dir='ltr' id='par_1_101' title="bbox 2130 4283 3722 4359">
     <span class='ocr_line' id='line_1_101' title="bbox 2130 4283 3722 4359; baseline -0.002 -19"><span class='ocrx_word' id='word_1_792' title='bbox 2130 4286 2293 4359; x_wconf 84' lang='grc' dir='ltr'>νουὴλ</span> <span class='ocrx_word' id='word_1_793' title='bbox 2320 4286 2478 4356; x_wconf 83' lang='grc' dir='ltr'>ξένην</span> <span class='ocrx_word' id='word_1_794' title='bbox 2511 4286 2633 4340; x_wconf 87' lang='grc' dir='ltr'>τινὰ</span> <span class='ocrx_word' id='word_1_795' title='bbox 2665 4285 2759 4339; x_wconf 77' lang='grc' dir='ltr'><strong>καὶ</strong></span> <span class='ocrx_word' id='word_1_796' title='bbox 2807 4284 3093 4356; x_wconf 86' lang='grc' dir='ltr'>ἀλλοτρίαν</span> <span class='ocrx_word' id='word_1_797' title='bbox 3135 4285 3236 4355; x_wconf 84' lang='grc' dir='ltr'>τῆς</span> <span class='ocrx_word' id='word_1_798' title='bbox 3268 4284 3465 4356; x_wconf 83' lang='grc' dir='ltr'>θνητῆς</span> <span class='ocrx_word' id='word_1_799' title='bbox 3497 4283 3722 4353; x_wconf 86' lang='grc' dir='ltr'>φύσεως</span> 
     </span>
    </p>
   </div>
   <div class='ocr_carea' id='block_1_102' title="bbox 2130 4376 3724 4450">
    <p class='ocr_par' dir='ltr' id='par_1_102' title="bbox 2130 4376 3724 4450">
     <span class='ocr_line' id='line_1_102' title="bbox 2130 4376 3724 4450; baseline -0.002 -19"><span class='ocrx_word' id='word_1_800' title='bbox 2130 4378 2271 4443; x_wconf 75' lang='grc' dir='ltr'>ἕξειν</span> <span class='ocrx_word' id='word_1_801' title='bbox 2296 4379 2568 4450; x_wconf 74' lang='grc' dir='ltr'>γέννησιψ</span> <span class='ocrx_word' id='word_1_802' title='bbox 2617 4377 2680 4442; x_wconf 77' lang='grc' dir='ltr'><strong>ἐξ</strong></span> <span class='ocrx_word' id='word_1_803' title='bbox 2714 4376 3045 4450; x_wconf 87' lang='grc' dir='ltr'>ἀδιαφθόρου</span> <span class='ocrx_word' id='word_1_804' title='bbox 3091 4378 3200 4448; x_wconf 83' lang='grc' dir='ltr'>γὰρ</span> <span class='ocrx_word' id='word_1_805' title='bbox 3243 4376 3479 4441; x_wconf 87' lang='grc' dir='ltr'>νεάνιδος</span> <span class='ocrx_word' id='word_1_806' title='bbox 3523 4377 3626 4430; x_wconf 74' lang='grc' dir='ltr'>καὶ</span> <span class='ocrx_word' id='word_1_807' title='bbox 3658 4376 3724 4442; x_wconf 78' lang='grc' dir='ltr'>ἐξ</span> 
     </span>
    </p>
   </div>
   <div class='ocr_carea' id='block_1_103' title="bbox 2131 4467 3723 4542">
    <p class='ocr_par' dir='ltr' id='par_1_103' title="bbox 2131 4467 3723 4542">
     <span class='ocr_line' id='line_1_103' title="bbox 2131 4467 3723 4542; baseline -0.003 -17"><span class='ocrx_word' id='word_1_808' title='bbox 2131 4471 2502 4542; x_wconf 86' lang='grc' dir='ltr'>άπειρογάμου</span> <span class='ocrx_word' id='word_1_809' title='bbox 2551 4467 2820 4539; x_wconf 85' lang='grc' dir='ltr'>παρθένου</span> <span class='ocrx_word' id='word_1_810' title='bbox 2865 4467 3241 4541; x_wconf 85' lang='grc' dir='ltr'>τεχθήσεσθαι,</span> <span class='ocrx_word' id='word_1_811' title='bbox 3284 4467 3486 4538; x_wconf 88' lang='grc' dir='ltr'>σφόδρα</span> <span class='ocrx_word' id='word_1_812' title='bbox 3543 4469 3723 4537; x_wconf 79' lang='grc' dir='ltr'>ἀναγ-</span> 
     </span>
    </p>
   </div>
   <div class='ocr_carea' id='block_1_104' title="bbox 2133 4558 3720 4633">
    <p class='ocr_par' dir='ltr' id='par_1_104' title="bbox 2133 4558 3720 4633">
     <span class='ocr_line' id='line_1_104' title="bbox 2133 4558 3720 4633; baseline -0.003 -16"><span class='ocrx_word' id='word_1_813' title='bbox 2133 4564 2304 4629; x_wconf 83' lang='grc' dir='ltr'>καίως</span> <span class='ocrx_word' id='word_1_814' title='bbox 2336 4564 2394 4616; x_wconf 79' lang='grc' dir='ltr'>ὲν</span> <span class='ocrx_word' id='word_1_815' title='bbox 2418 4562 2627 4625; x_wconf 86' lang='grc' dir='ltr'>τούτοις</span> <span class='ocrx_word' id='word_1_816' title='bbox 2659 4561 2840 4626; x_wconf 81' lang='grc' dir='ltr'>αὐτοῖς</span> <span class='ocrx_word' id='word_1_817' title='bbox 2865 4561 2894 4614; x_wconf 87' lang='grc' dir='ltr'>ὁ</span> <span class='ocrx_word' id='word_1_818' title='bbox 2920 4561 3142 4633; x_wconf 82' lang='grc' dir='ltr'>Κύριος,</span> <span class='ocrx_word' id='word_1_819' title='bbox 3168 4560 3268 4614; x_wconf 82' lang='grc' dir='ltr'>οὐκ</span> <span class='ocrx_word' id='word_1_820' title='bbox 3301 4559 3379 4613; x_wconf 78' lang='grc' dir='ltr'>ἐτι</span> <span class='ocrx_word' id='word_1_821' title='bbox 3401 4558 3479 4630; x_wconf 83' lang='grc' dir='ltr'>τῷ</span> <span class='ocrx_word' id='word_1_822' title='bbox 3521 4560 3720 4630; x_wconf 76' lang='grc' dir='ltr'>Ἀχὰζ,</span> 
     </span>
    </p>
   </div>
   <div class='ocr_carea' id='block_1_105' title="bbox 2132 4650 3725 4726">
    <p class='ocr_par' dir='ltr' id='par_1_105' title="bbox 2132 4650 3725 4726">
     <span class='ocr_line' id='line_1_105' title="bbox 2132 4650 3725 4726; baseline -0.003 -20"><span class='ocrx_word' id='word_1_823' title='bbox 2132 4654 2255 4708; x_wconf 82' lang='grc' dir='ltr'>οὐδὲ</span> <span class='ocrx_word' id='word_1_824' title='bbox 2287 4652 2364 4725; x_wconf 81' lang='grc' dir='ltr'>τῷ</span> <span class='ocrx_word' id='word_1_825' title='bbox 2392 4653 2526 4722; x_wconf 70' lang='grc' dir='ltr'>οἴκῳ</span> <span class='ocrx_word' id='word_1_826' title='bbox 2581 4652 2772 4716; x_wconf 84' lang='grc' dir='ltr'>Ἰούδα,</span> <span class='ocrx_word' id='word_1_827' title='bbox 2831 4653 2946 4706; x_wconf 82' lang='grc' dir='ltr'>ἀλλ’</span> <span class='ocrx_word' id='word_1_828' title='bbox 2986 4651 3137 4723; x_wconf 84' lang='grc' dir='ltr'>αὐτῷ</span> <span class='ocrx_word' id='word_1_829' title='bbox 3162 4651 3308 4722; x_wconf 87' lang='grc' dir='ltr'>μόνῳ</span> <span class='ocrx_word' id='word_1_830' title='bbox 3333 4650 3412 4720; x_wconf 81' lang='grc' dir='ltr'>τῷ</span> <span class='ocrx_word' id='word_1_831' title='bbox 3456 4654 3725 4726; x_wconf 78' lang='grc' dir='ltr'>προφήτῃ</span> 
     </span>
    </p>
   </div>
   <div class='ocr_carea' id='block_1_106' title="bbox 2130 4744 3724 4818">
    <p class='ocr_par' dir='ltr' id='par_1_106' title="bbox 2130 4744 3724 4818">
     <span class='ocr_line' id='line_1_106' title="bbox 2130 4744 3724 4818; baseline -0.002 -19"><span class='ocrx_word' id='word_1_832' title='bbox 2130 4747 2190 4800; x_wconf 77' lang='grc' dir='ltr'><strong>τὸ</strong></span> <span class='ocrx_word' id='word_1_833' title='bbox 2215 4747 2507 4818; x_wconf 87' lang='grc' dir='ltr'>μυστήριον</span> <span class='ocrx_word' id='word_1_834' title='bbox 2535 4745 2908 4801; x_wconf 85' lang='grc' dir='ltr'>ἀποκαλύπτει</span> <span class='ocrx_word' id='word_1_835' title='bbox 2935 4745 3034 4816; x_wconf 85' lang='grc' dir='ltr'>τῆς</span> <span class='ocrx_word' id='word_1_836' title='bbox 3065 4745 3375 4818; x_wconf 75' lang='grc' dir='ltr'>ἀπορρήτου</span> <span class='ocrx_word' id='word_1_837' title='bbox 3404 4744 3724 4814; x_wconf 86' lang='grc' dir='ltr'>γεννήσεως</span> 
     </span>
    </p>
   </div>
   <div class='ocr_carea' id='block_1_107' title="bbox 2129 4834 3722 4908">
    <p class='ocr_par' dir='ltr' id='par_1_107' title="bbox 2129 4834 3722 4908">
     <span class='ocr_line' id='line_1_107' title="bbox 2129 4834 3722 4908; baseline -0.002 -17"><span class='ocrx_word' id='word_1_838' title='bbox 2129 4836 2220 4892; x_wconf 81' lang='grc' dir='ltr'>τοῦ</span> <span class='ocrx_word' id='word_1_839' title='bbox 2253 4835 2616 4908; x_wconf 71' lang='grc' dir='ltr'>Ἐμμανουήλσ</span> <span class='ocrx_word' id='word_1_840' title='bbox 2639 4837 2788 4899; x_wconf 81' lang='grc' dir='ltr'>ὅπως</span> <span class='ocrx_word' id='word_1_841' title='bbox 2810 4837 2842 4906; x_wconf 89' lang='grc' dir='ltr'><strong>ή</strong></span> <span class='ocrx_word' id='word_1_842' title='bbox 2867 4836 3134 4906; x_wconf 85' lang='grc' dir='ltr'>παρθένος</span> <span class='ocrx_word' id='word_1_843' title='bbox 3159 4838 3216 4889; x_wconf 78' lang='grc' dir='ltr'>ὲν</span> <span class='ocrx_word' id='word_1_844' title='bbox 3240 4835 3437 4906; x_wconf 80' lang='grc' dir='ltr'>γαστρὶ</span> <span class='ocrx_word' id='word_1_845' title='bbox 3460 4834 3722 4906; x_wconf 82' lang='grc' dir='ltr'>λήψεται,</span> 
     </span>
    </p>
   </div>
   <div class='ocr_carea' id='block_1_108' title="bbox 2126 4925 3722 5000">
    <p class='ocr_par' dir='ltr' id='par_1_108' title="bbox 2126 4925 3722 5000">
     <span class='ocr_line' id='line_1_108' title="bbox 2126 4925 3722 5000; baseline -0.003 -18"><span class='ocrx_word' id='word_1_846' title='bbox 2126 4929 2222 4982; x_wconf 80' lang='grc' dir='ltr'><strong>καὶ</strong></span> <span class='ocrx_word' id='word_1_847' title='bbox 2249 4928 2458 4996; x_wconf 79' lang='grc' dir='ltr'>τέξεται</span> <span class='ocrx_word' id='word_1_848' title='bbox 2481 4929 2617 4983; x_wconf 89' lang='grc' dir='ltr'>υίόν.</span> <span class='ocrx_word' id='word_1_849' title='bbox 2651 4927 2746 4982; x_wconf 84' lang='grc' dir='ltr'><strong>Ἷν’</strong></span> <span class='ocrx_word' id='word_1_850' title='bbox 2777 4925 2870 4983; x_wconf 78' lang='grc' dir='ltr'><strong>οὖν</strong></span> <span class='ocrx_word' id='word_1_851' title='bbox 2891 4928 2963 4982; x_wconf 83' lang='grc' dir='ltr'><strong>τὰ</strong></span> <span class='ocrx_word' id='word_1_852' title='bbox 2989 4928 3118 5000; x_wconf 77' lang='grc' dir='ltr'>περὶ</span> <span class='ocrx_word' id='word_1_853' title='bbox 3145 4927 3240 4980; x_wconf 84' lang='grc' dir='ltr'>τοῦ</span> <span class='ocrx_word' id='word_1_854' title='bbox 3256 4925 3606 4998; x_wconf 73' lang='grc' dir='ltr'>Ἐμμανουήλ</span> <span class='ocrx_word' id='word_1_855' title='bbox 3640 4928 3722 4998; x_wconf 84' lang='grc' dir='ltr'>μὴ</span> 
     </span>
    </p>
   </div>
   <div class='ocr_carea' id='block_1_109' title="bbox 2124 5015 3718 5089">
    <p class='ocr_par' dir='ltr' id='par_1_109' title="bbox 2124 5015 3718 5089">
     <span class='ocr_line' id='line_1_109' title="bbox 2124 5015 3718 5089; baseline -0.002 -19"><span class='ocrx_word' id='word_1_856' title='bbox 2124 5019 2204 5082; x_wconf 82' lang='grc' dir='ltr'>εἰς</span> <span class='ocrx_word' id='word_1_857' title='bbox 2236 5019 2335 5082; x_wconf 86' lang='grc' dir='ltr'>τὰς</span> <span class='ocrx_word' id='word_1_858' title='bbox 2369 5019 2586 5074; x_wconf 87' lang='grc' dir='ltr'>πάντων</span> <span class='ocrx_word' id='word_1_859' title='bbox 2627 5017 2796 5083; x_wconf 79' lang='grc' dir='ltr'>ἀκοὰς</span> <span class='ocrx_word' id='word_1_860' title='bbox 2832 5017 2940 5071; x_wconf 85' lang='grc' dir='ltr'><strong>τῶν</strong></span> <span class='ocrx_word' id='word_1_861' title='bbox 2972 5034 3103 5072; x_wconf 81' lang='grc' dir='ltr'>ποτε</span> <span class='ocrx_word' id='word_1_862' title='bbox 3136 5017 3380 5089; x_wconf 83' lang='grc' dir='ltr'>χωρήσῃ,</span> <span class='ocrx_word' id='word_1_863' title='bbox 3411 5015 3718 5086; x_wconf 80' lang='grc' dir='ltr'>φυλαχθείη</span> 
     </span>
    </p>
   </div>
   <div class='ocr_carea' id='block_1_110' title="bbox 2125 5106 3720 5184">
    <p class='ocr_par' dir='ltr' id='par_1_110' title="bbox 2125 5106 3720 5184">
     <span class='ocr_line' id='line_1_110' title="bbox 2125 5106 3720 5184; baseline -0.002 -21"><span class='ocrx_word' id='word_1_864' title='bbox 2125 5109 2180 5163; x_wconf 79' lang='grc' dir='ltr'>δὲ</span> <span class='ocrx_word' id='word_1_865' title='bbox 2218 5111 2418 5183; x_wconf 83' lang='grc' dir='ltr'>μᾶλλον</span> <span class='ocrx_word' id='word_1_866' title='bbox 2462 5112 2522 5165; x_wconf 82' lang='grc' dir='ltr'>ἐν</span> <span class='ocrx_word' id='word_1_867' title='bbox 2566 5112 2862 5184; x_wconf 79' lang='grc' dir='ltr'>ἀπορρήτῳ</span> <span class='ocrx_word' id='word_1_868' title='bbox 2909 5111 3114 5183; x_wconf 80' lang='grc' dir='ltr'>γραφῇ·</span> <span class='ocrx_word' id='word_1_869' title='bbox 3165 5106 3601 5179; x_wconf 81' lang='grc' dir='ltr'>παρακελεύεται</span> <span class='ocrx_word' id='word_1_870' title='bbox 3633 5106 3720 5177; x_wconf 81' lang='grc' dir='ltr'><strong>τῷ</strong></span> 
     </span>
    </p>
   </div>
   <div class='ocr_carea' id='block_1_111' title="bbox 2127 5197 3722 5274">
    <p class='ocr_par' dir='ltr' id='par_1_111' title="bbox 2127 5197 3722 5274">
     <span class='ocr_line' id='line_1_111' title="bbox 2127 5197 3722 5274; baseline -0.001 -22"><span class='ocrx_word' id='word_1_871' title='bbox 2127 5203 2382 5274; x_wconf 83' lang='grc' dir='ltr'>προφήτῃ</span> <span class='ocrx_word' id='word_1_872' title='bbox 2409 5201 2594 5255; x_wconf 83' lang='grc' dir='ltr'>λαϐεῖν</span> <span class='ocrx_word' id='word_1_873' title='bbox 2621 5202 2798 5273; x_wconf 80' lang='grc' dir='ltr'>ἐαυτῷ</span> <span class='ocrx_word' id='word_1_874' title='bbox 2838 5201 3002 5273; x_wconf 87' lang='grc' dir='ltr'>τόμον</span> <span class='ocrx_word' id='word_1_875' title='bbox 3044 5199 3249 5262; x_wconf 86' lang='grc' dir='ltr'>καινὸν,</span> <span class='ocrx_word' id='word_1_876' title='bbox 3271 5197 3533 5268; x_wconf 82' lang='grc' dir='ltr'>’μέγαν,ἢ</span> <span class='ocrx_word' id='word_1_877' title='bbox 3558 5197 3722 5250; x_wconf 76' lang='grc' dir='ltr'>«τεῦ-</span> 
     </span>
    </p>
   </div>
   <div class='ocr_carea' id='block_1_112' title="bbox 2129 5287 3716 5365">
    <p class='ocr_par' dir='ltr' id='par_1_112' title="bbox 2129 5287 3716 5365">
     <span class='ocr_line' id='line_1_112' title="bbox 2129 5287 3716 5365; baseline -0.001 -24"><span class='ocrx_word' id='word_1_878' title='bbox 2129 5307 2241 5361; x_wconf 85' lang='grc' dir='ltr'>χος,</span> <span class='ocrx_word' id='word_1_879' title='bbox 2255 5291 2316 5362; x_wconf 80' lang='grc' dir='ltr'><strong>»ἢ</strong></span> <span class='ocrx_word' id='word_1_880' title='bbox 2338 5312 2355 5342; x_wconf 77' lang='grc' dir='ltr'>ι</span> <span class='ocrx_word' id='word_1_881' title='bbox 2367 5291 2703 5365; x_wconf 88' lang='grc' dir='ltr'>διφθέρωμα,</span> <span class='ocrx_word' id='word_1_882' title='bbox 2717 5312 2735 5345; x_wconf 76' lang='grc' dir='ltr'><strong>ι</strong></span> <span class='ocrx_word' id='word_1_883' title='bbox 2754 5293 2786 5364; x_wconf 84' lang='grc' dir='ltr'>ἢ</span> <span class='ocrx_word' id='word_1_884' title='bbox 2806 5312 2824 5344; x_wconf 79' lang='grc' dir='ltr'><strong>ι</strong></span> <span class='ocrx_word' id='word_1_885' title='bbox 2836 5291 3119 5362; x_wconf 87' lang='grc' dir='ltr'>κεφαλίδα,</span> <span class='ocrx_word' id='word_1_886' title='bbox 3134 5309 3152 5342; x_wconf 77' lang='grc' dir='ltr'><strong>ι</strong></span> <span class='ocrx_word' id='word_1_887' title='bbox 3172 5288 3448 5353; x_wconf 77' lang='grc' dir='ltr'>κατὰτοὺς</span> <span class='ocrx_word' id='word_1_888' title='bbox 3464 5287 3716 5352; x_wconf 81' lang='grc' dir='ltr'>λοιπούς·</span> 
     </span>
    </p>
   </div>
   <div class='ocr_carea' id='block_1_113' title="bbox 2134 5379 3722 5457">
    <p class='ocr_par' dir='ltr' id='par_1_113' title="bbox 2134 5379 3722 5457">
     <span class='ocr_line' id='line_1_113' title="bbox 2134 5379 3722 5457; baseline -0.001 -23"><span class='ocrx_word' id='word_1_889' title='bbox 2134 5404 2153 5434; x_wconf 75' lang='grc' dir='ltr'><strong>ε</strong></span> <span class='ocrx_word' id='word_1_890' title='bbox 2183 5385 2405 5456; x_wconf 89' lang='grc' dir='ltr'>γραφίδι</span> <span class='ocrx_word' id='word_1_891' title='bbox 2430 5385 2738 5457; x_wconf 85' lang='grc' dir='ltr'>ἀνθρώπου,</span> <span class='ocrx_word' id='word_1_892' title='bbox 2765 5403 2784 5436; x_wconf 75' lang='grc' dir='ltr'><strong>ι</strong></span> <span class='ocrx_word' id='word_1_893' title='bbox 2810 5383 3075 5448; x_wconf 88' lang='grc' dir='ltr'>τουτέστι,</span> <span class='ocrx_word' id='word_1_894' title='bbox 3107 5385 3173 5453; x_wconf 83' lang='grc' dir='ltr'>τῇ</span> <span class='ocrx_word' id='word_1_895' title='bbox 3204 5379 3422 5452; x_wconf 88' lang='grc' dir='ltr'>συνήθει</span> <span class='ocrx_word' id='word_1_896' title='bbox 3454 5379 3548 5433; x_wconf 77' lang='grc' dir='ltr'><strong>καὶ</strong></span> <span class='ocrx_word' id='word_1_897' title='bbox 3568 5397 3722 5449; x_wconf 83' lang='grc' dir='ltr'>-γνω-</span> 
     </span>
    </p>
   </div>
   <div class='ocr_carea' id='block_1_114' title="bbox 2131 5470 3720 5550">
    <p class='ocr_par' dir='ltr' id='par_1_114' title="bbox 2131 5470 3720 5550">
     <span class='ocr_line' id='line_1_114' title="bbox 2131 5470 3720 5550; baseline -0.003 -20"><span class='ocrx_word' id='word_1_898' title='bbox 2131 5474 2388 5550; x_wconf 75' lang='grc' dir='ltr'>ριξομένῃ</span> <span class='ocrx_word' id='word_1_899' title='bbox 2437 5475 2743 5547; x_wconf 86' lang='grc' dir='ltr'>ἀνθρώποις</span> <span class='ocrx_word' id='word_1_900' title='bbox 2783 5477 2987 5548; x_wconf 83' lang='grc' dir='ltr'>γραφῇ·</span> <span class='ocrx_word' id='word_1_901' title='bbox 3017 5470 3155 5528; x_wconf 77' lang='grc' dir='ltr'>εἶναι</span> <span class='ocrx_word' id='word_1_902' title='bbox 3205 5472 3312 5546; x_wconf 82' lang='grc' dir='ltr'>γὰρ</span> <span class='ocrx_word' id='word_1_903' title='bbox 3364 5471 3531 5544; x_wconf 82' lang='grc' dir='ltr'>άλλην</span> <span class='ocrx_word' id='word_1_904' title='bbox 3573 5471 3720 5526; x_wconf 80' lang='grc' dir='ltr'>Θεοῦ</span> 
     </span>
    </p>
   </div>
   <div class='ocr_carea' id='block_1_115' title="bbox 2128 5565 3722 5641">
    <p class='ocr_par' dir='ltr' id='par_1_115' title="bbox 2128 5565 3722 5641">
     <span class='ocr_line' id='line_1_115' title="bbox 2128 5565 3722 5641; baseline -0.001 -20"><span class='ocrx_word' id='word_1_905' title='bbox 2128 5568 2369 5640; x_wconf 80' lang='grc' dir='ltr'>Γραφὴν,</span> <span class='ocrx_word' id='word_1_906' title='bbox 2425 5570 2487 5622; x_wconf 80' lang='grc' dir='ltr'>οὐ</span> <span class='ocrx_word' id='word_1_907' title='bbox 2532 5569 2752 5640; x_wconf 86' lang='grc' dir='ltr'>γραφίδι</span> <span class='ocrx_word' id='word_1_908' title='bbox 2805 5565 3093 5641; x_wconf 83' lang='grc' dir='ltr'>ἀνθρώπου</span> <span class='ocrx_word' id='word_1_909' title='bbox 3148 5565 3524 5637; x_wconf 83' lang='grc' dir='ltr'>γραφομένην,</span> <span class='ocrx_word' id='word_1_910' title='bbox 3573 5565 3722 5620; x_wconf 73' lang='grc' dir='ltr'>ἀλλὰ</span> 
     </span>
    </p>
   </div>
   <div class='ocr_carea' id='block_1_116' title="bbox 2128 5657 3716 5732">
    <p class='ocr_par' dir='ltr' id='par_1_116' title="bbox 2128 5657 3716 5732">
     <span class='ocr_line' id='line_1_116' title="bbox 2128 5657 3716 5732; baseline -0.001 -20"><span class='ocrx_word' id='word_1_911' title='bbox 2128 5659 2354 5732; x_wconf 86' lang='grc' dir='ltr'>δυνάμει</span> <span class='ocrx_word' id='word_1_912' title='bbox 2382 5658 2516 5714; x_wconf 87' lang='grc' dir='ltr'>Θεοῦ</span> <span class='ocrx_word' id='word_1_913' title='bbox 2546 5661 2736 5729; x_wconf 81' lang='grc' dir='ltr'>Λόγου,</span> <span class='ocrx_word' id='word_1_914' title='bbox 2777 5661 2900 5724; x_wconf 82' lang='grc' dir='ltr'>τοὺς</span> <span class='ocrx_word' id='word_1_915' title='bbox 2944 5659 3124 5728; x_wconf 80' lang='grc' dir='ltr'>ἀξίους</span> <span class='ocrx_word' id='word_1_916' title='bbox 3163 5657 3622 5731; x_wconf 82' lang='grc' dir='ltr'>ἁπογραφομένην</span> <span class='ocrx_word' id='word_1_917' title='bbox 3654 5660 3716 5710; x_wconf 84' lang='grc' dir='ltr'>ἐν</span> 
     </span>
    </p>
   </div>
   <div class='ocr_carea' id='block_1_117' title="bbox 2135 5752 2556 5817">
    <p class='ocr_par' dir='ltr' id='par_1_117' title="bbox 2135 5752 2556 5817">
     <span class='ocr_line' id='line_1_117' title="bbox 2135 5752 2556 5817; baseline 0.002 -10"><span class='ocrx_word' id='word_1_918' title='bbox 2135 5754 2299 5817; x_wconf 72' lang='grc' dir='ltr'>ϐίϐλῳ</span> <span class='ocrx_word' id='word_1_919' title='bbox 2327 5752 2556 5817; x_wconf 82' lang='grc' dir='ltr'>ζώντων.</span> 
     </span>
    </p>
   </div>
  </div>
