3850 6210
219 297 297 352 lu

1083 290 1585 346 COMMENTARIA
1620 289 1687 345 IN
1716 289 1981 347 ‘ISAIAM.
2015 325 2085 334 —
2121 293 2273 350 CAP.
2316 294 2451 350 Vlll.

3309 296 3413 353 “2

279 428 295 459 ι
328 405 424 461 Καὶ
451 404 750 476 προσῆλθον
797 402 934 476 πρὸς
976 403 1075 471 τὴν
1108 404 1398 475 προφῆτιν,
1431 404 1524 457 καὶ
1565 402 1733 456 έτεκεη

1922 403 2086 460 Vsus.
2114 407 2168 459 3.
2216 425 2235 457 ι
2274 404 2340 460 Ει
2364 406 2568 462 accessi
2611 410 2677 462 ad
2707 408 3101 479 prophetissam
3128 447 3144 472 ,
3177 415 3229 463 et
3252 424 3414 479 pepe-

216 500 324 553 υίόν.
352 498 452 550 Καὶ
481 492 599 549 εἶπέ
646 512 737 566 μοι
776 494 1010 565 Κύριος·
1040 494 1287 548 Κάλεσον
1331 493 1393 547 τὸ
1442 494 1616 565 ὄνομα
1655 494 1751 547 αὑ-

214 593 307 655 τοῦ,
333 591 530 661 ταχέως
554 587 867 650 σκύλευσον,
894 587 1059 652 ὀξέως
1082 586 1470 658 προνὸμευσον.
1508 605 1527 637 ι
1573 587 1751 639 Ἐπεί-

212 702 298 757 περ
322 684 521 754 εἴρηται
551 680 837 752 ἀνωτέρω,
881 698 900 733 σ
950 680 1082 732 Ἰδοὺ
1111 681 1144 749 ἡ
1182 678 1447 749 παρθένος
1470 679 1527 731 ὲν
1552 678 1751 749 γαστρὶ

209 779 421 850 λήψεται,
439 777 529 829 καὶ
552 773 768 839 τέξεται
791 773 926 835 υίὸν,
955 791 973 823 ι
1014 772 1326 841 ἀναγκαίως
1358 772 1451 824 ἐπὶ
1475 769 1568 824 τοῦ
1605 788 1748 843 παρ-

206 872 353 932 όντος.
405 867 518 931 πῶς
565 866 633 920 ἂν
669 865 880 934 γένοιτο
925 862 1082 917 τοῦτο
1112 863 1363 932 διασαφεῖ
1388 862 1552 926 αὐτὸς
1584 865 1614 916 ὁ
1644 862 1750 916 Κύ-

207 978 301 1032 ριος
326 960 486 1028 λέγων
507 974 525 989 ο
560 977 579 1009 ι
615 958 726 1011 Καὶ
758 955 1060 1027 προσῆλθον
1102 954 1239 1025 πρὸς
1274 954 1372 1024 τὴν
1402 953 1692 1024 προφῆτιν*
1722 971 1740 1004 ι

203 1051 305 1105 ἀντὶ
331 1051 450 1114 τοῦ,
489 1048 632 1119 Ἐγὼ
652 1048 813 1111 αὐτὸς
852 1045 1285 1118 προσελεύσομαι
1323 1048 1390 1117 τῇ
1436 1044 1741 1117 προφήτιδι.

204 1144 445 1215 Προφῆτιν
477 1140 587 1214 γὰρ
616 1140 873 1211 ὀνομάζει
922 1137 1020 1209 τὴν
1058 1136 1151 1190 τὸν
1202 1135 1552 1208 Ἐμμανουὴλ
1597 1137 1745 1203 τεξο-

206 1237 367 1305 μένην,
403 1234 489 1287 διά
515 1232 579 1287 τὸ
612 1232 931 1302 Πνεύματος
966 1230 1121 1298 ἀγίου
1170 1231 1457 1301 μετασχεῖν
1483 1228 1624 1282 κατά
1653 1228 1744 1280 τὸν

202 1326 418 1394 φήσαντα
441 1324 578 1395 πρὸς
624 1323 796 1394 αὑτήν
829 1339 843 1353 ’
878 1342 897 1373 ι
944 1321 1169 1393 Πνεῦμα
1208 1321 1362 1389 ἆγιον
1397 1320 1743 1374 ἐπελεύσεται

202 1416 276 1468 ἐπὶ
310 1416 383 1478 σὲ,
411 1416 502 1469 καὶ
527 1414 757 1487 δύναμις
793 1406 1049 1485 Ὑψίστου
1074 1413 1387 1467 ἐπισκιάσει
1412 1428 1514 1465 σοι.
1544 1430 1563 1463 ι
1593 1412 1740 1484 Αὕτη
1764 1452 1777 1469 .

198 1508 346 1560 τοίνυν
390 1510 421 1579 ἡ
468 1508 698 1578 δύναμις
738 1506 831 1559 τοῦ
879 1505 1156 1574 Ὑψίστου,
1199 1506 1234 1574 ἠ
1276 1502 1364 1556 διά
1404 1502 1503 1572 τῆς
1532 1520 1741 1574 προφη-

198 1599 319 1662 τείας
336 1600 587 1668 λέγουσα,
616 1619 635 1650 ι
662 1599 757 1651 καὶ
784 1597 1089 1668 προσῆλθον
1110 1595 1245 1666 πρὸς
1270 1595 1369 1664 τὴν
1396 1596 1684 1665 προφῆτιν,
1714 1616 1734 1646 ι

196 1692 253 1745 τὰ
276 1693 524 1763 μέλλοντα
554 1693 632 1756 ὡς
664 1692 765 1763 ἤδη
800 1689 1061 1760 γεγονότα
1089 1687 1423 1758 διεξέρχεται
1453 1686 1595 1741 κατά
1621 1704 1740 1740 τινα

195 1784 503 1857 προφητικὴν
537 1783 841 1856 συνήθειαν.
880 1801 898 1834 ι
927 1781 1148 1851 Ταχέως
1179 1779 1492 1832 σκύλευσον.
1527 1796 1547 1829 ι
1570 1778 1740 1843 Αὐτὸς

192 1874 283 1944 ἀρα
322 1869 405 1944 ἦν,
438 1874 468 1928 ὁ
498 1874 598 1928 καὶ
637 1872 729 1925 τὸν
770 1871 936 1926 πάλαι
976 1867 1193 1939 ἰσχυρὸν
1240 1866 1331 1918 τὸν
1374 1862 1616 1917 διάϐολον
1647 1880 1743 1917 κα-

190 1966 416 2036 ταδήσας,
451 1966 546 2018 καὶ
574 1964 645 2016 τὰ
684 1962 855 2016 σκῦλα
883 1958 1050 2015 αὐτοῦ
1081 1959 1408 2028 διαρπάσας.

252 2075 267 2106 ι
292 2058 391 2111 Καὶ
431 2055 730 2127 προσέθετο
770 2052 973 2125 Κύριος
1022 2050 1255 2120 λαλῆσαί
1302 2067 1393 2121 μοι
1424 2049 1504 2103 ἔτι
1546 2049 1738 2119 λέγων,

188 2145 329 2198 διὰτὸ
351 2147 422 2216 μὴ
457 2143 745 2216 βούλεσθαι
780 2142 871 2194 τὸν
911 2139 1037 2192 λαὸν
1067 2136 1255 2190 τοῦτον
1284 2136 1344 2189 τὸ
1369 2134 1513 2207 ὕδωρ
1532 2135 1625 2189 τοῦ
1655 2136 1740 2187 Σι-

188 2236 338 2308 λωὰμ,
366 2237 423 2290 τὸ
473 2235 839 2307 πορευόμενον
873 2230 1077 2303 ἡσυχῆ-
1124 2228 1257 2282 ἀλλά
1290 2227 1573 2298 βούλεσθαι
1598 2228 1739 2298 ἔχειν

186 2330 260 2382 τὸν
290 2330 555 2395 Ῥαασσὶν,
597 2329 692 2380 καὶ
710 2326 800 2379 τὸν
834 2322 946 2377 υἱὸν
985 2320 1283 2392 Ῥωμελίου
1314 2319 1536 2389 βασιλέα
1564 2321 1647 2387 ἐφ’
1681 2320 1739 2372 ὐ-

188 2421 303 2490 μῶν.
329 2440 345 2473 ι
382 2421 445 2473 Τί
466 2421 524 2474 δὲ
550 2419 709 2473 τοῦτο
748 2413 814 2489 ἦν
841 2417 903 2469 τὸ
931 2415 1075 2486 ’ύδωρ
1093 2412 1186 2466 τοῦ
1203 2412 1459 2483 Σιλωάμ;
1494 2414 1550 2464 ’0
1571 2414 1740 2480 ἐπηγ-

184 2514 410 2583 γελμένος
440 2513 629 2575 αὐτοῖς
672 2508 1035 2581 Ἐμμανουὴλ,
1075 2526 1093 2558 ι
1119 2504 1275 2577 Πηγὴ
1306 2503 1588 2575 τυγχάνων
1614 2502 1740 2557 ὓδα-

185 2624 258 2670 m;
279 2605 562 2675 ἁλλομένου
599 2606 681 2667 εἰς
710 2601 852 2673 ζωὴν
885 2599 1122 2663 αἰώνιον,
1152 2617 1171 2651 ι
1229 2598 1321 2651 καὶ
1349 2596 1499 2667 πηγὴ
1551 2591 1739 2658 ὓδατος

133 2688 141 2697 ’
183 2700 517 2771 πορευομένου
570 2700 656 2760 είς
687 2696 833 2766 ζωὴν
874 2692 1074 2765 ἡσυχῆ.
1111 2692 1232 2745 Ἔτι
1265 2690 1371 2762 γὰρ
1394 2688 1516 2742 τότε
1543 2687 1737 2742 λανθα-

182 2791 351 2854 νόντως
388 2791 479 2844 καὶ
516 2786 740 2860 ἡσύχως
780 2782 1166 2854 συνεπορεύετο
1192 2778 1270 2851 τῷ
1316 2779 1450 2850 λαῷ,
1491 2776 1737 2851 ἀρδεύειν

181 2881 316 2933 αὑτὸν
340 2881 429 2934 καὶ
459 2878 784 2932 ἐπισκοπεῖν
810 2872 1128 2945 βουλόμενος
1156 2870 1256 2932 τὰς
1290 2869 1487 2939 ψυχάς,
1516 2868 1605 2922 καὶ
1637 2884 1738 2939 μη-

178 2971 301 3025 δέπω
329 2971 731 3044 κηρυττόμενος
763 2969 841 3030 εἰς
865 2965 1040 3019 πάντα
1076 2964 1145 3016 τά
1178 2962 1323 3033 ἔθνη.
1359 2960 1451 3013 Διὸ
1476 2958 1736 3030 κέκληται

180 3064 440 3134 προσφυῶς
466 3064 529 3116 τὸ
574 3061 745 3132 ὕδωρ,
780 3057 1142 3130 πορευόμενον
1199 3053 1397 3125 ἡσυχῆ,
1432 3053 1528 3106 καὶ
1583 3051 1735 3142 πηγὴ
1763 3078 1810 3142 c

178 3156 252 3208 τοῦ
275 3157 499 3228 Σιλωὰμ,
529 3157 560 3209 ὃ
619 3156 767 3207 ἐστιν
810 3170 829 3203 ι
854 3145 1279 3218 ἀπεσταλμένος.
1306 3164 1325 3197 ι
1372 3146 1429 3198 '0
1462 3144 1518 3198 δὲ
1543 3141 1733 3198 ενταῦ-

177 3246 233 3297 θα
252 3246 714 3319 κατηγορούμενος
748 3241 855 3294 ὑπὸ
896 3238 991 3293 τοῦ
1022 3237 1229 3308 Κυρίου
1251 3236 1397 3299 λαὸς,
1430 3236 1491 3288 οὑ
1545 3233 1734 3304 βουλη-

176 3337 268 3401 θεὶς
288 3339 571 3392 πιστεῦσαι
599 3335 681 3405 τῷ
712 3331 1111 3404 προστάγματι,
1142 3331 1240 3383 καὶ
1260 3328 1351 3381 τὸν
1386 3324 1735 3397 Ἐμμανουὴλ

175 3427 347 3493 καλεῖν,
374 3428 431 3492 ὃς
450 3424 519 3499 ἦν
553 3426 704 3495 ὕδωρ
728 3423 790 3476 τὸ
809 3420 1169 3493 πορευόμενον
1193 3417 1388 3488 ἡσυχῆ,
1416 3415 1619 3487 ἔρημος
1643 3413 1732 3466 αὑ-

172 3519 249 3572 τοῦ
267 3522 478 3588 γίνεται.
524 3517 685 3571 Ἐπεὶ
709 3515 886 3568 τοίνυν
914 3512 1132 3567 ἄπιστοι
1157 3509 1328 3573 ὄντες,
1359 3506 1589 3577 ἠγάπων
1606 3504 1732 3575 μᾶλ-

173 3609 243 3663 λον
268 3612 581 3665 ὑποτάττειν
615 3608 840 3681 ἑαυτοὺς
870 3602 949 3675 τῷ
979 3601 1190 3675 βασιλεῖ
1234 3596 1546 3671 Δαμασκοῦ,
1572 3597 1605 3667 ἢ
1639 3595 1732 3666 βα-

172 3702 285 3757 σιλεῖ
310 3705 403 3775 τῆς
427 3700 773 3775 Σαμαρείας,
798 3697 1076 3768 πολεμίοις
1096 3690 1267 3757 οὖσιν,
1298 3691 1332 3762 ἦ
1375 3691 1632 3762 πράττειν
1665 3688 1730 3741 τά

1853 496 1925 549 rit
1945 497 2135 551 tilium.
2160 498 2229 553 Et
2261 500 2397 553 dixit
2420 499 2550 554 mihi
2579 500 2858 564 Dominus,
2882 501 3019 556 Voca
3052 518 3245 558 nomen
3270 504 3411 574 ejus,

1850 587 1958 642 cito
1985 589 2153 657 Spolia
2184 590 2412 646 detrahe
2434 630 2451 656 ,
2482 594 2725 659 μηνύει-ο
2744 632 2760 659 ,
2791 592 3051 647 velociter
3084 594 3343 661 prmdare.
3386 614 3407 647 ι

1850 677 1985 745 Quia
2032 681 2233 735 dictum
2285 690 2369 738 est
2415 684 2662 750 superius
2690 724 2707 748 ,
2741 701 2761 735 ι
2800 684 2939 739 Ecce
2981 687 3129 743 virgo
3170 686 3221 740 in
3255 696 3415 742 utero

1848 768 2124 837 concipiet
2146 779 2201 824 et
2225 770 2401 838 pariet
2432 771 2622 834 filium,
2663 791 2682 823 ι
2717 773 3028 828 necessario
3054 776 3103 827 in
3133 775 3411 841 presenti,

1849 859 2117 926 quomodo
2147 860 2198 913 id
2247 859 2447 916 factum
2497 862 2568 916 sit
2610 863 2847 919 declarat
2889 865 3003 933 ipse
3036 865 3290 920 Deminus
3327 866 3413 922 his

1849 950 2030 1005 verbis
2052 990 2068 1015 ,
2106 970 2125 1003 ι
2152 951 2222 1006 Et
2246 954 2450 1009 accessi
2481 954 2547 1008 ad
2574 956 3007 1025 prophetissam;
3050 977 3067 1009 ι
3103 972 3166 1011 ac
3192 959 3237 1013 si
3265 960 3413 1015 dice-

1850 1050 1950 1107 ret,
1978 1056 2079 1111 ego
2108 1043 2223 1113 ipse
2254 1044 2307 1098 in
2333 1047 2733 1115 pr0phetissam
2761 1049 3155 1117 superveniam.
3180 1048 3415 1121 Prophe-

1851 1132 2033 1187 tissam
2061 1135 2257 1205 quippe
2292 1147 2450 1192 vocat
2477 1152 2593 1193 eam
2620 1180 2634 1204 ,
2670 1155 2791 1209 quae
2822 1140 3228 1197 Emmanuelem
3263 1144 3414 1212 pari-

1850 1232 1968 1281 tura
1992 1237 2095 1290 est,
2122 1228 2248 1297 quia
2284 1228 2518 1298 Spiritus
2547 1232 2720 1286 sancti
2748 1233 3018 1303 particeps
3043 1235 3187 1300 erit,
3217 1250 3413 1289 secun-

1846 1318 1971 1372 dum
2008 1318 2217 1372 dictum
2249 1319 2375 1375 illud
2406 1361 2421 1386 ,
2474 1341 2491 1372 ‹
2544 1322 2778 1392 Spiritus
2803 1335 3025 1381 sanctus
3068 1328 3413 1396 superveniet

1846 1408 1898 1460 in
1933 1416 2005 1473 te,
2034 1416 2089 1464 et
2113 1409 2287 1465 virtus
2326 1410 2591 1466 Altissimi
2623 1414 2969 1471 obumbrabit
2997 1417 3093 1472 tibi
3126 1418 3192 1472 η.
3228 1437 3248 1470 ι
3288 1418 3413 1474 Hinc

1846 1498 2009 1569 igitur
2039 1499 2207 1555 virtus
2229 1500 2516 1570 Altissimi,
2544 1520 2665 1576 qua?
2689 1521 2787 1576 per
2810 1510 3147 1577 prophetiam
3178 1510 3276 1573 ait,
3295 1529 3314 1561 ε
3348 1510 3413 1566 Et

1843 1590 2049 1645 accessi
2070 1593 2136 1645 ad
2152 1592 2570 1662 prophetissam,
2596 1616 2615 1647 ι
2642 1596 2821 1653 futura
2844 1600 2995 1669 quasi
3008 1602 3119 1669 jam
3140 1604 3411 1672 praeterita

1845 1690 2091 1737 recenset
2143 1684 2437 1739 secundum
2470 1686 2752 1754 quamdam
2784 1690 3153 1758 propheticam
3184 1707 3411 1748 consue—

1844 1772 2107 1828 tudinem.
2145 1792 2165 1826 ι
2208 1774 2329 1829 Cito
2353 1777 2529 1847 spolia
2563 1777 2805 1835 detrahe.
2844 1800 2865 1833 ι
2911 1779 3031 1850 lpse
3058 1781 3224 1853 igitur
3253 1792 3406 1847 erat,

1842 1864 1934 1932 qui
1964 1864 2114 1920 illum
2148 1868 2280 1922 olim
2316 1877 2587 1937 potentem
2620 1870 2892 1926 diabolum
2920 1871 3178 1944 alligavit,
3205 1888 3267 1928 ac
3287 1890 3410 1946 spo-

1842 1955 1911 2010 lia
1942 1957 2060 2023 ejus
2086 1958 2331 2028 diripuit.

1913 2045 2075 2102 Vnus.
2126 2048 2180 2115 5,
2229 2048 2285 2104 6.
2320 2067 2340 2100 ι
2379 2049 2448 2104 Ει
2495 2050 2691 2120 adjecit
2739 2052 2993 2109 Dominus
3054 2054 3199 2125 loqui
3227 2058 3295 2111 ad
3326 2072 3412 2113 me

1840 2138 2037 2204 adhuc,
2084 2139 2269 2196 dicens
2302 2158 2317 2197 :
2350 2141 2487 2208 Quia
2528 2156 2633 2196 non
2687 2143 2799 2197 vult
2824 2145 3058 2213 p0pulus
3104 2146 3191 2202 hic
3213 2162 3409 2217 aquam

1843 2228 2067 2297 Siloam,
2096 2246 2216 2302 qua:
2249 2233 2434 2302 quiete
2459 2232 2613 2299 ﬂuit;
2646 2236 2742 2290 sed
2789 2238 2901 2290 vult
2950 2237 3151 2293 habere
3180 2238 3409 2296 Raassiu

1841 2331 1896 2376 et
1926 2321 2092 2376 lilium
2120 2322 2377 2378 Romeliae
2414 2325 2466 2377 in
2511 2339 2688 2394 regem
2735 2340 2901 2396 super
2937 2342 3053 2382 vos.
3095 2346 3117 2381 ι
3150 2328 3408 2397 Quasnam

1842 2412 1929 2466 illa
1976 2422 2120 2488 erat.
2138 2428 2278 2483 aqua
2313 2414 2559 2470 Siloam?
2602 2415 2921 2471 Emmanuel
2973 2418 3065 2474 ille
3112 2422 3411 2490 promissus

1842 2503 1995 2573 ipsis,
2023 2505 2115 2575 qui
2145 2515 2230 2560 est
2282 2524 2299 2558 ι
2339 2507 2458 2561 fons
2497 2522 2650 2576 aquae
2680 2508 2921 2564 salientis
2952 2508 3006 2563 in
3045 2511 3209 2564 vitam
3261 2520 3411 2566 teter-

1844 2608 1990 2659 nam,
2031 2613 2050 2647 ι
2083 2603 2138 2650 et
2164 2595 2287 2651 fons
2316 2611 2472 2666 aqua
2499 2595 2712 2652 fluentis
2736 2598 2803 2652 ad
2834 2600 2999 2653 vitam
3037 2600 3243 2671 quiete.
3260 2599 3411 2657 Tunc

1840 2685 1980 2739 enim
2007 2686 2171 2740 etiam
2196 2686 2429 2742 latenter
2448 2696 2505 2743 et
2526 2690 2708 2757 quiete
2737 2690 3017 2746 incedebat
3035 2706 3156 2747 cum
3188 2694 3410 2763 populo.

1840 2785 1899 2831 ut
1930 2777 2078 2832 illum
2107 2777 2379 2849 irrigaret,
2420 2788 2476 2836 et
2506 2780 2791 2837 animabus
2832 2797 3019 2839 eorum
3051 2786 3410 2855 prospiceret,

1839 2884 1963 2923 cum
1994 2869 2233 2926 nondum
2282 2872 2606 2941 praedicatus
2652 2873 2845 2930 fuisset
2877 2875 2933 2931 in
2973 2890 3161 2932 omnes
3197 2885 3407 2947 gentes.

1840 2958 2201 3025 Quamobrem
2245 2960 2491 3030 apposite
2516 2974 2739 3018 vocatur
2767 2979 2904 3034 aqua
2949 2964 3133 3034 quiete
3160 2982 3413 3026 manans.

1839 3059 1893 3105 et
1916 3049 2036 3105 fons
2070 3050 2297 3118 Siloam,
2319 3052 2463 3121 quod
2497 3054 2783 3126 significat,
2815 3074 2834 3107 ι
2866 3057 3083 3112 missus.
3125 3076 3146 3109 ι
3175 3057 3412 3128 Populus

1839 3150 2021 3196 autem
2052 3141 2140 3198 hic
2171 3156 2202 3196 a
2238 3143 2466 3199 Domino
2506 3154 2813 3212 accusatus,
2854 3162 2974 3202 cum
3019 3149 3192 3218 jussui
3220 3163 3412 3218 parcre

1839 3239 1894 3284 et
1924 3230 2330 3288 Emmanuelem
2383 3248 2577 3290 vocare
2605 3237 2788 3299 nollet,
2839 3237 2929 3307 qui
2981 3249 3100 3295 erat
3144 3254 3287 3309 aqua
3317 3240 3413 3296 illa

1840 3321 2023 3392 quiete
2056 3338 2304 3391 manans,
2333 3324 2401 3379 ab
2429 3341 2496 3381 eo
2520 3327 2768 3383 desertus
2795 3336 2900 3384 est.
2931 3329 3070 3396 Quia
3108 3331 3290 3399 igitur,
3322 3332 3409 3386 in-

1845 3412 2029 3470 ﬁdeles
2074 3430 2196 3470 cum
2229 3428 2429 3483 essent,
2462 3418 2572 3488 regi
2621 3416 2870 3475 Damasci
2898 3429 2952 3476 et
3002 3421 3112 3491 regi
3143 3421 3410 3477 Samaria)

1841 3504 2079 3561 inimicis
2105 3506 2219 3561 suis
2249 3522 2370 3563 sese
2417 3507 2689 3579 subjicere
2725 3509 3033 3576 malebant,
3067 3527 3226 3581 quam
3253 3526 3406 3579 jussa

1837 3599 2094 3668 exsequi;
2142 3598 2263 3654 ideo
2290 3600 2651 3656 comminatur
2690 3599 2998 3672 Scriptura,
3028 3602 3174 3672 ipsos
3195 3618 3301 3657 non
3341 3604 3408 3661 iis

1837 3688 2079 3743 subditos
2104 3688 2244 3754 fore,
2276 3690 2368 3745 sed
2397 3690 2511 3761 regi
2535 3690 2903 3761 Assyriorum.

168 3800 537 3872 καελευσμένα
557 3818 571 3831 ’
601 3797 794 3852 τούτου
825 3795 984 3867 χάριν
1010 3791 1223 3847 ἀπειλεῖ
1248 3792 1277 3843 ὁ
1323 3788 1480 3857 λόγος
1540 3786 1614 3859 μὴ
1654 3784 1879 3849 ἐκείνοις
1934 3785 2129 3850 αὐτοὺς
2181 3787 2520 3859 ὑποχειρίους
2545 3786 2784 3851 ἔσεσθαι,
2819 3787 2954 3843 ἀλλὰ
2976 3788 3053 3859 τῷ
3078 3787 3187 3843 τῶν
3216 3789 3406 3843 ’Δσσυ-

148 3898 276 3951 ’βίων
305 3898 525 3951 Βασιλεῖ.

372 3898 525 3951 σιλεῖ.

167 3894 367 4047 ριῗνΔιβάα
378 3994 539 4047 τοῦτο
575 3991 691 4045 ἰδοὺ
716 3989 906 4058 ἀνάγει
951 3985 1156 4057 Κύριος
1185 3983 1270 4053 ἐφ’
1305 3981 1449 4067 {Sy-5;
1484 3979 1544 4032 τὸ
1577 3976 1718 4050 ὕδωρ

1900 3974 2062 4031 Vens.
2095 3975 2148 4039 7,
2179 3976 2234 4031 8.
2265 3975 2386 4031 Ideo
2407 3988 2533 4030 ecce
2562 3974 2785 4031 reducet
2820 3975 3081 4032 Dominus
3107 3990 3272 4046 super
3308 3991 3406 4032 vos

163 4080 239 4134 τοῦ
265 4085 521 4157 ποταμοῦ,
555 4084 622 4137 τὸ
658 4079 874 4153 ἰσχυρὸν
922 4080 1016 4133 καὶ
1065 4077 1128 4131 τὸ
1157 4066 1319 4140 πολὺ,
1360 4072 1450 4128 τὸν
1495 4072 1719 4143 βασιλέα

1843 4083 2021 4137 tquam
2077 4066 2334 4132 ﬂuminis,
2385 4067 2581 4123 fortem
2624 4076 2681 4122 et
2717 4067 2966 4135 multam,
3022 4082 3206 4138 regem
3240 4069 3403 4136 Assy—

161 4173 250 4227 τῶν
284 4178 601 4249 Ἀσσυρίων,
648 4176 744 4229 καὶ
769 4174 865 4245 τὴν
894 4171 1052 4238 δόξαν
1080 4166 1244 4224 αὑτοῦ
1264 4184 1277 4197 ·
1329 4166 1421 4219 καὶ
1448 4162 1716 4234 ἀναϐήσε-

1827 4159 2031 4215 riorum
2061 4170 2118 4215 et
2149 4158 2375 4227 gloriam
2407 4161 2528 4230 ejus
2556 4178 2570 4214 :
2601 4170 2657 4214 et
2683 4159 2940 4215 ascendet
2984 4159 3147 4230 super
3178 4175 3398 4215 omnem

161 4284 234 4321 ται
256 4270 342 4323 ἐπὶ
370 4272 552 4323 πᾶσαν
588 4265 848 4337 φάραγγα
876 4262 1052 4335 ὑμῶν,
1090 4260 1185 4314 καὶ
1216 4256 1579 4328 περιπατήσει
1624 4252 1721 4305 ἐπὶ

1843 4253 2017 4308 vallem
2049 4264 2307 4319 vestram,
2340 4262 2396 4308 et
2423 4253 2723 4308 ambulabit
2746 4267 2909 4322 super
2933 4268 3147 4307 omnem
3185 4266 3398 4307 murum

161 4362 251 4413 πᾶν
272 4366 442 4433 τεῖχος
464 4362 652 4433 ὑμῶν,
689 4360 784 4413 καὶ
815 4357 1005 4426 ἀφελεῖ
1036 4353 1144 4407 ἀπὸ
1186 4352 1287 4421 τῆς
1335 4348 1590 4410 Ἰουδαίας
1624 4345 1717 4400 ἀν-

159 4449 363 4523 θρωπον.
386 4471 404 4504 ι
434 4452 584 4523 Πρὸς
613 4445 1021 4516 ἀντιδιαστολὴν
1039 4442 1148 4514 γὰρ
1172 4440 1265 4494 τοῦ
1302 4438 1493 4501 ὓδατος
1523 4435 1616 4490 τοῦ
1644 4436 1724 4488 Σι-

1748 4311 1797 4370 D

1824 4352 2087 4409 vestrum,
2115 4352 2171 4397 et
2199 4341 2409 4397 auferet
2443 4358 2470 4396 a
2497 4341 2681 4398 Judata
2716 4343 3012 4398 hominem.
3044 4361 3063 4395 ι
3097 4342 3178 4397 Ad
3205 4341 3398 4395 discri-

1824 4450 1947 4491 men
1980 4448 2135 4505 aquae
2174 4432 2400 4499 Siloam,
2435 4434 2620 4504 quiete
2646 4435 2938 4497 manantis,
2977 4447 3177 4503 aquam
3213 4429 3393 4486 flumi-

157 4540 290 4613 λωὰμ
314 4542 402 4596 τοῦ
432 4541 810 4615 πορευομένου
845 4536 1042 4611 ἡσυχῆ,
1076 4534 1137 4587 τὸ
1166 4532 1309 4602 ὕδωρ
1339 4527 1602 4599 ἀντέθηκε
1627 4526 1719 4580 τοῦ

1843 4529 1909 4584 tis
1937 4527 2128 4583 fortem
2162 4538 2218 4582 et
2263 4528 2484 4581 multant
2514 4526 2764 4597 opposuit
2798 4542 2810 4576 :
2845 4541 2967 4596 quae
3016 4533 3134 4579 erat
3173 4538 3270 4579 rex
3294 4524 3395 4578 As-

157 4638 392 4708 ποταμοῦ,
423 4637 485 4692 τὺ
512 4634 735 4707 ἰσχυρὸν
762 4632 856 4686 καὶ
874 4631 937 4684 τὸ
964 4625 1127 4681 πολύ·
1156 4621 1225 4697 ἦν
1252 4624 1310 4678 δὲ
1336 4616 1487 4684 οὗτος
1513 4621 1542 4673 ὁ
1575 4618 1723 4689 βασι-

155 4727 257 4792 λεὺς
280 4730 380 4783 τῶν
421 4728 753 4799 Ἀσσυρίων.
783 4722 1045 4778 Τοσοῦτον
1075 4720 1183 4790 γὰρ
1206 4715 1408 4787 πλῆθος
1433 4712 1582 4785 ἥξειν
1610 4712 1719 4765 τῶν

154 4824 395 4894 πολεμίων
422 4819 703 4885 θεσπίζει,
732 4819 808 4884 ὡς
842 4819 950 4870 πᾶν
965 4815 1027 4867 τὺ
1056 4812 1257 4874 πλάτος
1287 4808 1388 4879 τῆς
1425 4804 1719 4875 Ἰουδαῖκῆς

153 4913 308 4988 χώρας
332 4918 670 4991 πληρώσειν,
694 4908 1058 4982 ἀφαιρεθῆναι
1085 4905 1142 4958 δὲ
1178 4902 1266 4957 ἀπ’
1304 4900 1470 4970 αὐτῆς
1503 4895 1715 4991 ἀνθρω-

155 5024 255 5070 πσν.
284 5009 337 5073 ὃς
363 4988 658 5081 δυνήσεται
702 5002 940 5073 κεφαλὴν
971 4996 1185 5090 ἆραι,-ἥ
1218 4991 1439 5090 δυνατὸν
1468 4988 1714 5090 συντελέ-

156 5100 321 5154 σασθαί
344 5119 425 5155 τι·
582 5096 783 5171 μηκέτι
812 5091 1050 5162 κεφαλὴν
1085 5087 1282 5149 αὐτοὺς
1305 5084 1445 5154 ἔχειν
1480 5079 1574 5135 τοῦ
1607 5078 1716 5171 λοι-

1821 4621 2114 4692 syriorum.
2142 4618 2371 4674 Tantam
2397 4617 2542 4673 enim
2572 4618 2806 4672 hostium
2833 4615 3233 4671 multitudinem
3257 4630 3390 4669 ven-

1824 4723 1997 4768 turam
2028 4710 2383 4775 vaticinatur,
2422 4720 2479 4762 u'.
2506 4723 2725 4764 omnem
2759 4707 2999 4765 Iudaica:
3027 4705 3265 4777 regionis
3313 4705 3392 4760 la-

1823 4807 2103 4862 titudinem
2155 4804 2399 4875 impleat,
2448 4813 2505 4859 et
2542 4803 2611 4859 ab
2662 4818 2725 4858 ea
2770 4801 3050 4857 auferatur
3080 4800 3264 4866 homo,
3298 4799 3391 4869 qui

1820 4899 1989 4969 possit
2014 4904 2177 4966 caput
2202 4894 2488 4960 extollere,
2527 4903 2621 4950 aut
2646 4892 2923 4964 quidpiam
2970 4890 3235 4962 perficere
3270 4907 3283 4943 :
3316 4890 3388 4944 ita

1820 4996 1877 5041 ut
1913 4986 2167 5055 deinceps
2196 4984 2269 5037 illi
2307 4995 2470 5054 caput
2494 4999 2601 5039 non
2628 4984 2884 5047 habeant,
2916 4982 2967 5036 id
3002 4990 3090 5035 est
3117 4979 3391 5051 principes

1817 5086 1871 5132 et
1900 5092 2072 5163 reges.
2104 5075 2236 5142 Quae
2277 5077 2453 5145 reipsa
2490 5084 2787 5131 evenerunt
2816 5072 3063 5129 Jeremia
3115 5072 3390 5141 prophetae

156 5190 257 5253 ποῦ,
284 5163 876 5259 τουτέστινξάρχοντας
898 5183 992 5235 καὶ
1022 5177 1295 5251 βασιλέας.
1324 5176 1501 5242 "Amp
1530 5171 1597 5224 δι’
1618 5169 1708 5240 έρ-

1843 5182 2078 5237 empore,
2110 5183 2219 5237 quo
2259 5167 2570 5237 irrumpens
2603 5163 3103 5220 Nabuchodonosor
3151 5177 3246 5218 rex
3290 5163 3391 5216 As-

152 5294 242 5345 γων
263 5280 449 5356 ἐχώρει
480 5281 579 5335 ἐπὶ
612 5277 723 5331 τῶν
760 5274 1022 5346 Ἰερεμίου
1054 5269 1146 5324 τοῦ
1174 5267 1452 5339 προφήτου
1476 5263 1703 5356 χρόνων,

152 5372 249 5424 καθ’
280 5354 637 5437 ἐπιστάς
674 5364 1141 5437 Ναϐουχοδονὸσορ
1183 5364 1213 5414 ὁ
1251 5359 1358 5412 τῶν
1407 5354 1708 5425 Ἀσσυρίων

153 5463 389 5535 βασιλεὺς,
412 5466 570 5529 τέλος
601 5462 776 5533 ἐπῆγε
806 5463 919 5524 τοῖς
943 5452 1381 5529 προειρημένοις.

200 5560 223 5609 ἰ
246 5563 344 5615 Καὶ
391 5563 548 5615 ἔσται
582 5562 621 5633 ἠ
671 5552 988 5633 παρεμϐολὴ
1019 5548 1205 5616 αὐτοῦ,
1248 5546 1387 5599 ὥστε
1418 5540 1708 5614 πληρῶσαι

152 5747 183 5777 ³⁸
205 5748 314 5805 an.
346 5766 384 5820 l,
411 5752 499 5805 55.

1812 5259 2110 5329 syriorum,
2143 5257 2522 5329 prmnuutiatis
2552 5257 2713 5311 finem
2749 5253 3026 5323 imposuit.

1892 5553 1909 5586 ε
1948 5535 2012 5592 Et
2040 5534 2147 5593 erit
2190 5532 2466 5591 exercitus
2494 5532 2639 5602 ejus,
2684 5538 2740 5586 ut
2782 5528 3003 5598 impleat
3047 5527 3385 5584 latitudinem
