3850 6210
419 321 524 380 143

1084 316 1349 375 EUSEBH
1385 317 1864 376 CIESARIENSIS
1903 318 2054 374 OPP.
2096 317 2405 375 PARS'lll.
2445 347 2512 361 -
2552 317 2968 375 EXEGETICA.

3567 316 3669 370 “6

417 438 655 509 regionis
703 445 839 500 tuae,
892 437 1180 494 Nobiscum
1249 439 1411 495 Deus.
1452 460 1471 494 ι
1523 440 1650 496 Haec
1689 457 1906 512 qnoqne
1938 443 1980 496 in

2094 443 2156 494 τὸ
2183 441 2382 504 πλάτος
2413 441 2511 512 τῆς
2539 439 2720 513 χώρας
2767 458 2883 502 σου,
2917 437 3055 492 Μεθ’
3077 437 3230 507 ἡμῶν
3270 437 3299 489 6
3330 434 3483 496 Θεός.
3509 454 3526 486 ι
3563 436 3672 487 Καὶ

415 531 603 586 eodem
639 528 1003 584 Emmanuelis
1033 540 1352 601 argumento
1390 533 1686 587 insistunt:
1721 533 1986 601 incipiunt

413 622 560 675 enim
608 621 677 674 ab
725 620 1110 686 Emmanuele,
1179 623 1322 691 quod
1365 623 1664 692 signiﬁcat,
1714 624 1983 678 nobiscum

416 715 576 779 Deus,
619 715 907 784 cognoscite
933 723 1141 784 gentes;
1187 729 1252 770 ac
1299 730 1514 770 rursum
1546 717 1599 770 in
1632 716 1737 771 ﬁne
1762 725 1984 771 senten-

415 804 536 858 tiae:
569 821 588 855 σ
632 803 698 856 Ει
745 818 924 857 sermo
967 820 1126 873 quem
1175 804 1467 876 loquetnini
1525 822 1632 863 non
1670 817 1886 863 maneat
1927 809 1980 863 in

414 895 586 960 vobis,
641 895 766 964 quia
807 897 1086 950 nobiscum
1132 896 1320 953 Deus:
1361 917 1380 950 ι
1417 899 1614 956 iterum
1670 900 1983 955 Emmanuel

414 987 590 1042 dictus
615 998 722 1046 est.
753 988 1047 1058 Postquam
1086 1004 1220 1060 ergo
1245 992 1504 1060 prOpbeta
1537 999 1864 1046 memoratos
1887 993 1981 1046 ho-

415 1083 588 1136 mines
629 1092 963 1153 coargnerat,
1006 1087 1148 1154 quod
1185 1086 1504 1149 noluissent,
1553 1087 1804 1140 invocato
1850 1085 1980 1139 Em-

414 1177 682 1239 manuele,
718 1178 953 1234 inimicis
985 1181 1295 1250 superiores
1335 1181 1588 1247 evadere,
1633 1180 1748 1252 ipse
1788 1195 1854 1235 ex
1883 1193 1980 1234 sna

409 1279 468 1324 et
495 1271 576 1324 sui
609 1271 862 1326 similium
916 1287 1145 1343 persona
1200 1273 1602 1328 Emmanuelem
1652 1273 1872 1328 invocat
1901 1273 1980 1329 di-

409 1369 572 1429 cens:
672 1407 689 1425 ,

480 1445 646 1501 Vens.
676 1448 730 1513 9,
768 1448 854 1502 10.
888 1468 906 1501 ι
929 1449 1220 1506 Nobiscum
1247 1451 1408 1506 Deus.
1439 1450 1763 1522 Cognoscite
1792 1464 1981 1524 gentes

409 1544 460 1589 et
491 1537 790 1602 vincimini,
834 1548 890 1592 et
939 1537 1120 1594 audite
1158 1554 1330 1611 usque
1355 1541 1420 1594 ad
1443 1549 1744 1595 extremum
1777 1551 1934 1596 terra:
1963 1559 1977 1595 :

408 1627 499 1697 qui
530 1626 704 1683 fortes
733 1627 936 1692 fuistis,
960 1630 1234 1684 vincimini
1271 1647 1285 1683 :
1322 1647 1444 1685 nam
1489 1633 1532 1687 si
1570 1633 1768 1689 iterum
1813 1633 1981 1689 fortes

411 1719 552 1782 sitis,
577 1720 772 1773 iterum
800 1720 1087 1776 vincemini
1116 1736 1130 1773 :
1185 1732 1240 1777 et
1273 1725 1318 1777 si
1355 1724 1643 1779 consilium
1672 1726 1892 1790 ineatis,
1927 1726 1978 1780 id

411 1811 694 1880 dissipabit
740 1810 998 1866 Dominus
1045 1831 1062 1868 :
1114 1821 1168 1867 et
1225 1817 1445 1869 verbum
1495 1816 1634 1886 quod
1683 1816 1974 1885 loquamini

409 1917 516 1958 non
545 1903 784 1958 manebit
814 1904 865 1958 in
897 1903 1068 1969 vobis,
1097 1905 1222 1974 quia
1259 1906 1536 1962 nobiscum
1567 1907 1730 1964 Deus.
1761 1929 1779 1962 ι
1803 1909 1973 1977 Quem

408 2011 539 2051 vero
575 1997 951 2067 cognoscetis?
993 1997 1170 2066 Ipsum
1215 1997 1622 2055 Emmanuelem
1658 2019 1674 2058 :
1707 2017 1832 2056 nam
1882 2018 1975 2072 po-

407 2088 568 2158 pnlus
594 2102 659 2143 ex
697 2088 1116 2144 circumcisione
1154 2104 1328 2160 neque
1359 2091 1615 2160 cognovit
1653 2093 1849 2161 ipsum,
1882 2107 1976 2146 ne-

407 2193 512 2248 que
561 2179 860 2244 intellexit,
909 2192 1082 2245 neque
1135 2181 1434 2250 prophetiae
1481 2180 1706 2236 credere
1757 2181 1972 2235 voluit:

408 2272 506 2323 sed
537 2285 634 2325 nec
677 2271 845 2325 victus
874 2281 980 2334 est,
1007 2285 1106 2324 nec
1135 2279 1403 2342 praecepto
1447 2287 1508 2326 se
1555 2272 1819 2327 subdidit.
1869 2271 1977 2329 Vos

407 2373 587 2416 autem
613 2371 818 2434 gentes,
861 2363 1112 2417 notitiam
1149 2363 1286 2433 ejus,
1327 2364 1416 2432 qni
1455 2364 1506 2417 in
1548 2365 1832 2433 prophetia
1869 2364 1978 2418 fero

400 2461 517 2515 tur,
556 2453 814 2522 accipite,
843 2461 1005 2523 atque
1045 2454 1161 2509 haec
1207 2454 1587 2526 intelligenles,
1631 2456 1797 2511 nolite
1835 2456 1980 2511 reln-

405 2547 577 2609 ctari;
627 2545 722 2600 sed
775 2545 1052 2600 vincimini
1095 2547 1358 2616 superati.
1402 2546 1599 2603 Audite
1650 2558 1976 2618 praeceptum

408 2653 503 2693 vos
539 2651 748 2702 omnes,
797 2637 886 2707 qui
933 2653 1104 2708 usque
1135 2638 1199 2692 ad
1233 2648 1536 2693 extremum
1569 2649 1728 2695 terra;
1766 2641 1980 2695 habita-

407 2731 476 2786 tis
507 2745 606 2785 :ac
632 2730 675 2785 si
707 2730 796 2798 qui
826 2729 878 2783 in
908 2730 1058 2784 vobis
1088 2729 1257 2786 fortes
1283 2745 1348 2784 ac
1388 2737 1658 2799 potentes,
1690 2731 1858 2786 verbo
1890 2747 1980 2786 ce-

407 2823 520 2877 dite
551 2821 681 2875 victi
714 2829 769 2875 et
801 2821 1074 2890 superati;
1129 2819 1292 2890 idque
1320 2821 1578 2876 alacriter
1625 2822 1789 2892 agite,
1824 2823 1978 2892 gnari

405 2914 507 2968 etsi
532 2912 830 2978 nolueritis,
865 2911 948 2965 vel
981 2911 1180 2966 invitos
1206 2913 1536 2980 superandos
1566 2927 1723 2968 esse;
1751 2914 1901 2980 Quod
1935 2917 1980 2970 si

407 3005 502 3060 Dei
531 3005 758 3059 consilio
783 3013 1162 3075 repugnantes,
1200 3007 1478 3060 machinas
1511 3007 1767 3076 quasdam
1797 3016 1850 3062 et
1900 3008 1982 3061 in-

405 3097 575 3150 sidias
604 3093 910 3150 struxeritis
930 3103 1119 3149 contra
1149 3097 1370 3150 verbum
1395 3110 1424 3148 a
1455 3083 1572 3165 quo'
1589 3097 1851 3152 vocamini
1875 3114 1890 3162 ;
1923 3105 1984 3150 ut

408 3177 591 3241 inania
627 3185 864 3254 aggressi
887 3185 1205 3255 argnemini.
1235 3183 1360 3240 Haec
1399 3200 1558 3255 porro
1579 3185 1829 3252 dicimus,
1856 3187 1980 3258 quia

409 3277 689 3331 nobiscum
721 3276 1058 3329 Emmanuel.

478 3366 646 3421 Vens.
675 3367 763 3420 ll.
803 3384 822 3417 ι
864 3366 954 3421 Sic
985 3367 1119 3420 dicit
1150 3365 1406 3420 Dominus
1438 3365 1617 3420 manui
1653 3364 1778 3420 forti
1813 3383 1827 3418 :
1867 3365 1981 3422 Non

406 3461 780 3530 obsequuntur
806 3459 1041 3514 incessui
1082 3459 1132 3512 in
1175 3458 1258 3512 via
1291 3458 1467 3526 populi
1502 3459 1683 3528 hujus.
1722 3477 1742 3510 ›
1766 3459 1985 3513 Transit

407 3568 535 3623 ergo
569 3553 636 3607 ad
662 3551 940 3607 Iudaicum
970 3550 1220 3622 populum
1243 3591 1259 3618 ,
1297 3550 1580 3620 ipsumque
1618 3562 1676 3605 ut
1699 3551 1824 3606 forti
1870 3565 1985 3606 ma-

409 3645 500 3700 nui
531 3645 936 3714 immorigerum
963 3643 1227 3713 coarguit.
1263 3641 1396 3695 Nam
1425 3641 1492 3695 ab
1523 3643 1608 3696 illa
1636 3644 1830 3708 vocati,
1858 3659 1982 3697 cum

408 3734 630 3805 obsequi
665 3734 1014 3805 oportuisset,
1049 3732 1122 3786 illi
1155 3742 1344 3787 contra
1395 3748 1502 3787 non
1535 3733 1984 3802 obtemperabant

409 3842 473 3880 ac
504 3825 966 3883 contradicebant.
1011 3823 1088 3878 Ne
1129 3825 1340 3889 dicatis,
1390 3824 1585 3893 inquit,
1638 3824 1828 3879 durum
1864 3840 1984 3880 esse

409 3930 735 3995 sermonem,
787 3915 930 3984 quod
977 3923 1220 3984 oporteat
1264 3913 1559 3969 abscedere
1603 3929 1634 3969 a
1685 3915 1769 3968 via
1803 3914 1980 3984 populi

410 4011 608 4078 hujus:
648 4024 771 4061 nam
801 4007 887 4061 hic
913 4005 1124 4075 quidem
1155 4006 1380 4075 populus
1416 4006 1606 4060 durum
1653 4004 1800 4058 illum
1831 4006 1982 4058 aesti-

411 4113 560 4170 mat;
588 4116 685 4156 vos
728 4115 858 4155 vero
900 4100 990 4170 qui
1027 4099 1364 4153 abscessistis
1414 4116 1441 4150 a
1477 4100 1561 4152 via
1593 4099 1772 4169 populi
1803 4097 1980 4164 hujus,

411 4210 480 4250 ne
510 4192 704 4248 dicatis
733 4193 874 4245 hunc
907 4204 1026 4244 esse
1057 4188 1251 4245 durum
1284 4205 1298 4240 :
1339 4189 1481 4258 quod
1513 4189 1555 4242 si
1595 4189 1628 4242 ii
1661 4204 1726 4242 ex
1759 4187 1860 4242 isto
1891 4203 1984 4254 po-

409 4285 537 4356 pulo
579 4284 670 4352 qui
709 4279 972 4337 increduli
1014 4289 1166 4344 sunt,
1201 4281 1424 4333 insidias
1466 4278 1620 4334 vobis
1661 4282 1978 4344 struxerint,

409 4383 594 4445 utpote
635 4372 730 4444 qui
763 4370 1090 4437 defeceritis,
1138 4381 1193 4426 at
1243 4385 1339 4424 vos
1389 4370 1634 4425 timorem
1683 4384 1868 4425 eorum
1916 4385 1981 4424 ne

414 4466 669 4530 timeatis,
703 4479 802 4519 nec
839 4465 907 4519 ab
938 4462 1040 4518 illis
1065 4461 1201 4533 pulsi
1224 4461 1620 4517 conturbemini
1653 4477 1668 4513 :
1700 4460 1980 4528 solumque
2016 4497 2077 4553 D-

413 4561 696 4616 Dom'rnum
728 4560 984 4612 virtutum
1013 4563 1199 4609 sancte
1241 4553 1500 4620 colentes,
1527 4567 1645 4607 eum
1684 4552 1976 4606 timendum

412 4655 566 4708 vobis
613 4650 868 4706 ascribite
928 4665 941 4700 :
985 4664 1110 4702 nam
1165 4667 1183 4698 ι
1229 4647 1441 4702 initium
1495 4645 1772 4714 sapientiae
1820 4645 1982 4699 timor

415 4746 623 4800 Domini
653 4745 729 4809 ⁵³,
769 4762 787 4795 ›
823 4758 918 4812 per
948 4757 1104 4811 quem
1156 4739 1431 4794 hominum
1462 4747 1635 4794 metus
1664 4739 1839 4793 omnis
1885 4739 1983 4791 cli-

414 4837 667 4891 minatur.

481 4928 646 4983 νεεδ.
682 4927 768 4981 12.
803 4946 822 4978 ‹
865 4923 1150 4980 Dominum
1183 4924 1356 4993 ipsum
1390 4922 1746 4984 sanctiﬁcata,
1791 4929 1846 4976 et
1870 4919 1986 4989 ipse

410 5016 517 5070 erit
562 5016 722 5068 timor
773 5022 896 5067 tuus
933 5027 948 5062 :
999 5012 1147 5066 etsi
1185 5012 1239 5065 in
1276 5013 1390 5081 ipso
1423 5012 1686 5074 conﬁdas,
1734 5010 1838 5065 erit
1889 5011 1982 5064 tibi

411 5106 792 5162 sanctiﬁcatio.
832 5124 850 5156 ι
882 5103 937 5159 Si
973 5119 1123 5175 ergo,
1172 5104 1266 5166 ait,
1311 5104 1366 5157 in
1425 5103 1542 5172 ipso
1577 5102 1843 5168 conﬁdas,
1880 5104 1984 5156 erit

413 5201 510 5256 tibi
541 5201 592 5254 in
644 5198 1152 5262 sanctiﬁcationem,
1185 5199 1254 5251 ita
1301 5207 1358 5250 ut
1391 5212 1654 5267 corporeo
1683 5199 1980 5252 sanctiﬁcio

415 5310 520 5348 non
555 5293 694 5347 ultra
721 5308 902 5363 egeas.
934 5293 1305 5348 Sanctiﬁcium
1339 5302 1519 5348 autem
1555 5295 1695 5364 apud
1725 5293 1978 5349 Hebraeos

411 5385 703 5439 vocabatur
740 5385 994 5453 templum
1025 5384 1150 5439 olim
1178 5385 1320 5454 apud
1348 5384 1469 5439 illos
1497 5385 1819 5447 consistens,
1837 5384 1979 5452 ejus-

410 5488 515 5544 que
544 5475 819 5530 interiora.
854 5476 972 5532 Tibi
1002 5478 1180 5546 itaque
1215 5477 1282 5533 ab
1307 5476 1417 5532 illis
1442 5477 1616 5548 pulso,
1650 5475 1741 5531 sed
1785 5477 1837 5530 in
1870 5475 1976 5532 Do-

2084 532 2258 587 ταῦτα
2286 532 2386 602 τῆς
2439 532 2568 603 περὶ
2596 531 2688 585 τοῦ
2735 529 3082 601 Ἐμμανουὴλ
3118 528 3298 598 ἔχεται
3325 526 3631 589 ὑποθέσεως
3652 543 3667 556 ·

2084 626 2310 696 ἄρχεται
2333 624 2464 694 γοῦν
2496 625 2604 678 ἀπὸ
2633 623 2726 678 τοῦ
2769 621 3134 695 Ἐμμανουὴλ,
3168 623 3306 693 ὅπερ
3334 621 3470 685 ἐστὶ,
3509 639 3528 671 r
3551 619 3669 690 μεθ’

2084 715 2240 786 ἡμῶν
2259 718 2287 770 6
2318 715 2450 778 Θεός
2474 732 2485 742 ·
2510 715 2682 784 γνῶτε
2714 714 2843 785 ἔθνη
2861 733 2873 745 ·
2901 732 2920 765 ι
2954 713 3048 766 καὶ
3071 709 3225 776 αὖθις
3249 711 3384 783 πρὸς
3416 711 3495 782 τῷ
3527 710 3670 764 τέλει

2082 807 2161 876 τῷ
2187 807 2438 874 λέγεσθαι
2461 822 2476 836 ο
2517 824 2536 856 t
2561 807 2669 859 Kal
2689 805 2846 874 λόγον
2867 806 2924 858 ὃν
2961 806 3026 859 ἂν
3061 804 3350 876 λαλήσητε,
3381 804 3440 856 οὐ
3471 803 3545 874 μὴ
3571 804 3673 873 ἐμ-

2087 898 2241 970 μείνῃ
2275 900 2333 950 ἐν
2363 898 2512 968 ὑμῖν,
2547 899 2629 952 ὅτι
2680 898 2800 968 μεθ’
2823 897 2978 969 ἡμῶν
3010 900 3039 951 6
3074 897 3236 960 Θεός⁸
3260 916 3279 948 ι
3323 894 3672 966 Ἐμμανουὴλ

2083 987 2242 1040 πάλιν
2264 987 2495 1059 εἴρηται.
2533 987 2819 1055 Διελέγξας
2840 987 3018 1040 τοίνυν
3056 988 3084 1039 6
3109 987 3394 1057 προφήτης
3423 987 3550 1047 τοὺς
3576 984 3672 1054 δη-

2082 1077 2372 1144 λωθέντας,
2415 1079 2496 1132 ὅτι
2540 1079 2613 1149 μὴ
2649 1077 3037 1150 ἐϐουλήθησαν,
3071 1077 3526 1148 ἐπικαλεσάμενοι
3576 1077 3672 1129 τὸν

2095 1171 2458 1243 Ἐμμανουήλ,
2495 1172 2776 1241 κρείττους
2815 1171 3064 1239 γενέσθαι
3108 1171 3215 1224 τῶν
3248 1171 3539 1241 πολεμίων,
3573 1170 3674 1223 αὐ-

2080 1263 2171 1325 τὸς
2203 1262 2540 1316 ἐπικαλεῖται
2572 1263 2663 1316 τὸν
2700 1263 3043 1334 Ἐμμανουήλ
3095 1263 3154 1328 ἐξ
3207 1263 3334 1316 ἰδίου
3373 1261 3670 1333 προσώπου

2083 1352 2175 1406 καὶ
2196 1351 2304 1405 τῶν
2331 1351 2480 1424 αὑτῷ
2505 1353 2923 1425 παραπλησίων,
2957 1354 3129 1422 λέγων
3145 1371 3159 1384 °

2158 1464 2178 1493 ‹
2202 1443 2335 1496 Μεθ’
2369 1421 2526 1515 ἡμῶν
2555 1421 2599 1497 ό-
2625 1421 2790 1508 Θεός.’
2809 1445 2986 1498 Γνῶτε
3015 1421 3142 1514 ἔθνη
3175 1444 3268 1498 καὶ
3292 1442 3543 1514 ἡττᾶσθε,
3574 1441 3672 1497 καὶ

2082 1535 2423 1588 ἐπακούσατε
2454 1537 2558 1600 ἓως
2591 1538 2820 1608 ἐσχάτου
2835 1541 2934 1607 τῆς
2963 1538 3085 1607 γῆς,
3109 1536 3386 1607 ίσχυκότες
3411 1536 3666 1606 ἡττᾶσθε,

2082 1623 2178 1676 ἐὰν
2208 1624 2316 1696 γάρ
2337 1625 2498 1679 πάλιν
2535 1626 2809 1697 ίσχύσητε.
2846 1627 3006 1680 πάλιν
3035 1625 3404 1697 ἡττηθήσεσθε
3423 1642 3437 1655 ν
3475 1625 3568 1677 καὶ
3599 1625 3671 1694 ἣν

2083 1717 2149 1770 ἂν
2178 1716 2537 1786 βουλεύσησθε
2570 1718 2782 1789 βουλὴν,
2811 1718 3151 1772 διασκεδάσει
3187 1717 3390 1789 Κύριος
3409 1734 3422 1746 ·
3453 1718 3546 1770 καὶ
3576 1715 3669 1768 λόε

2079 1825 2174 1873 γον
2204 1807 2262 1860 ὃν
2285 1807 2378 1861 ἐὰν
2410 1809 2701 1880 λαλήσητε,
2729 1810 2789 1862 ού
2821 1809 2895 1880 μὴ
2923 1808 3157 1879 ἐμμείνῃ
3182 1809 3238 1861 ἐν
3262 1808 3408 1878 ὑμῖν,
3439 1807 3521 1859 ὅτι
3549 1805 3668 1875 μεθ’

2081 1898 2237 1970 ἡμῶν
2269 1901 2296 1952 6
2341 1899 2494 1963 Θεός.
2526 1919 2544 1952 ι
2589 1901 2722 1955 Τίνα
2768 1901 2826 1954 δὲ
2869 1900 3081 1969 γνῶτε;
3116 1900 3286 1952 Αὑτὸν
3325 1899 3416 1952 τὸν
3453 1898 3667 1968 Ἐμμα-

2081 1991 2270 2063 νουήλ·
2303 1992 2331 2043 6
2363 1991 2469 2063 γὰρ
2522 1992 2585 2045 ἐκ
2631 1992 2932 2063 περιτομῆς
2986 1992 3112 2056 λαὸς
3137 1991 3260 2045 οὕτε
3299 1990 3438 2059 ἔγνω
3483 1988 3667 2050 αὑτὸν,

2079 2081 2202 2136 οὗτε
2253 2083 2504 2152 συνῆκεν,
2538 2082 2662 2136 οὔτε
2695 2083 2981 2137 πιστεῦσαι
3020 2082 3292 2154 ἠϐουλήθη
3347 2086 3412 2154 τῇ
3455 2100 3672 2156 προφη-

2080 2175 2228 2246 τείᾳο
2252 2173 2366 2228 ἀλλ’
2403 2174 2524 2228 οὐδὲ
2556 2173 2762 2246 ἡττήθη
2790 2174 2910 2227 οὑδὲ
2940 2175 3184 2246 ὑπετάγη
3206 2175 3284 2245 τῷ
3313 2178 3672 2249 προστάγμα-εο

2081 2283 2151 2318 τι,
2193 2266 2378 2336 Ὑμεῖς
2409 2266 2467 2320 δὲ
2517 2266 2582 2319 τὰ
2605 2265 2754 2337 ἔθνη,
2779 2265 2978 2334 γνῶσιν
3000 2267 3296 2321 ἀναλάϐετε
3326 2267 3419 2321 τοῦ
3452 2285 3670 2340 προφη-

2081 2360 2393 2430 τευομένου,
2426 2359 2519 2411 καὶ
2571 2358 2817 2421 συνέντες
2851 2357 3009 2424 αὐτὰ,
3042 2359 3120 2430 μὴ
3156 2359 3386 2430 τολμᾶτε
3416 2361 3666 2414 ἀνθίστασ·

2086 2451 2238 2505 σθαι·
2268 2450 2487 2505 νικᾶσθε
2519 2450 2576 2503 δὲ
2613 2449 2930 2522 ἡττώμενοι.
2968 2451 3335 2504 Ἐπακούσατε
3363 2452 3420 2505 δέ
3445 2453 3542 2506 καὶ
3571 2451 3670 2506 τοῦ

2084 2543 2505 2616 προστάγματος
2554 2544 2711 2613 ὑμεῖς
2769 2543 2966 2606 πάντες
2991 2544 3040 2595 οἱ
3076 2543 3268 2615 μέχρις
3311 2543 3538 2615 ἐσχάτου
3565 2544 3671 2613 τῆς

2084 2635 2187 2706 γῆς
2239 2633 2547 2697 οἰκοῦντες·
2589 2635 2644 2687 οῖ
2671 2651 2731 2686 τε
2766 2637 2824 2688 ἐν
2867 2635 2994 2705 ὑμῖν
3033 2635 3244 2706 ἰσχυροὶ
3291 2636 3385 2688 καὶ
3428 2635 3665 2699 δυνατοὶ,

2087 2732 2465 2802 παραχωρεῖτε
2486 2731 2564 2802 τῷ
2589 2730 2751 2803 λόγῳ,
2783 2731 3071 2802 νικώμενοι
3101 2733 3194 2786 καὶ
3215 2731 3536 2804 ἡττώμενοι,
3573 2735 3672 2788 καὶ

2085 2819 2242 2874 τοῦτο
2271 2821 2503 2892 πράξετε
2531 2821 2846 2893 προθύμως,
2881 2809 3100 2888 εἰδότες,
3131 2825 3234 2887 ὅτι,
3270 2825 3370 2879 κᾶν
3403 2825 3476 2896 μὴ
3506 2825 3671 2897 θέλη-

2085 2928 2167 2975 τε,
2193 2911 2419 2977 ἄκοντες
2465 2914 2853 2986 ἡττηθήσεσθε.
2885 2916 2947 2969 Ei
2977 2916 3032 2969 δὲ
3063 2915 3443 2987 ἀνθιστάμενοι
3473 2921 3538 2990 τῇ
3569 2919 3670 2972 τοῦ

2087 3001 2220 3054 Θεοῦ
2247 3001 2514 3074 βουλήσει,
2548 3004 2796 3074 μηχανάς
2824 3023 2996 3070 τινας,
3032 3006 3125 3058 καὶ
3149 3006 3442 3071 ἐπιϐουλὰς
3468 3008 3669 3078 τυρεύδ

2089 3109 2176 3146 ετε
2217 3096 2357 3148 κατὰ
2388 3094 2480 3146 τοῦ
2515 3095 2808 3159 καλοῦντος
2845 3097 2988 3166 ὑμᾶς
3031 3097 3209 3166 λόγου,
3249 3098 3671 3168 ματαιοπονοῦψ

2083 3203 2176 3250 τες
2214 3187 2618 3258 ἐλεγχθήσεσθε.
2665 3188 2850 3243 Ταῦτα
2881 3189 2938 3242 δέ
2969 3208 3166 3262 φαμεν,
3201 3193 3324 3246 ἐπεὶ
3355 3192 3474 3263 μεθ’
3507 3192 3670 3263 ἡμῶν

2084 3278 2230 3330 ἐστιν
2271 3280 2300 3331 6
2341 3279 2689 3350 Ἐμμανουήλ

2159 3386 2178 3420 t
2203 3366 2358 3422 Οῦτω
2381 3369 2528 3438 λέγει
2555 3370 2758 3441 Κύριος
2783 3373 2846 3442 τῇ
2872 3373 3067 3444 ἰσχυρᾷ
3093 3374 3256 3445 χειρὶ,
3288 3373 3572 3427 ἀπειθοῦσι

2083 3462 2279 3532 πορείᾳ
2314 3462 2412 3530 τῆς
2440 3461 2561 3514 ὁδοῦ
2605 3461 2699 3515 τοῦ
2732 3462 2860 3515 λαοῦ
2911 3463 3118 3517 τούτου.
3147 3483 3165 3515 ι
3206 3464 3535 3519 Μεταϐαίνει
3569 3461 3669 3520 οὖν

2081 3552 2174 3604 ἐπὶ
2199 3553 2289 3605 τὸν
2313 3553 2421 3605 τῶν
2460 3553 2724 3606 Ἰουδαίων
2770 3553 2917 3617 λαὸν,
2956 3554 3189 3624 ἐλέγχων
3221 3555 3379 3608 αὑτὸν
3403 3555 3478 3619 ὡς
3506 3558 3672 3610 ἀπει-

2083 3643 2278 3697 θοῦντα
2309 3646 2372 3715 τῇ
2409 3645 2605 3716 ἰσχυρᾷ
2631 3645 2770 3716 χειρί
2794 3662 2808 3676 ο
2855 3646 3173 3717 καλούμενοι
3207 3647 3314 3719 γὰρ
3350 3648 3441 3700 ὑπ’
3469 3649 3665 3719 αὑτῆς,

2081 3735 2198 3789 δέον
2219 3737 2531 3800 ὑπακούειν,
2557 3739 2605 3790 οἱ
2639 3737 2696 3789 δὲ
2723 3737 2977 3807 ἠπείθουν
3011 3739 3104 3790 καὶ
3129 3738 3431 3808 ἀντέλεγον.
3467 3739 3559 3809 Μὴ
3591 3739 3671 3792 εῖ-

2084 3844 2242 3898 πητε,
2273 3827 2426 3898 φησι,
2473 3827 2706 3899 σκληρὸν
2754 3824 2894 3881 εἶναι
2945 3828 3034 3881 τὸν
3066 3827 3240 3896 λόγον,
3291 3829 3382 3882 τὸν
3411 3827 3666 3898 περὶτοῦ

2084 3918 2384 3987 ἀποστῆναι
2413 3919 2524 3973 δεῖν
2565 3920 2664 3988 τῆς
2693 3921 2914 3992 πορείας
2945 3919 3037 3972 τοῦ
3077 3919 3205 3973 λαοῦ
3235 3920 3421 3974 τούτου
3441 3937 3454 3950 ·
3485 3922 3514 3973 ὁ
3551 3921 3668 3994 γάρ

2082 4009 2209 4073 λαὸς
2241 4002 2394 4074 οὗτος
2421 4010 2654 4082 σκληρὸν
2679 4012 2839 4065 αὑτὸν
2880 4011 3086 4081 νομίζει
3110 4029 3124 4042 ο
3159 4012 3312 4082 ὑμεῖς
3339 3996 3415 4076 δέ,
3449 4013 3499 4065 οἱ
3525 4013 3669 4066 ἀπο-

2086 4102 2306 4164 στάντες
2333 4103 2431 4173 τῆς
2462 4103 2688 4174 πορείας
2715 4103 2808 4156 τοῦ
2831 4101 2960 4156 λαοῦ
2984 4102 3194 4168 τούτου,
3226 4104 3300 4174 μὴ
3330 4103 3522 4175 λέγητε
3547 4104 3670 4158 τοῦ·

2082 4208 2171 4244 τον
2204 4188 2342 4245 εἶναι
2374 4192 2608 4264 σκληρόν
2627 4210 2640 4222 ·
2675 4196 2722 4246 εί
2752 4194 2807 4247 δὲ
2834 4193 3232 4247 ἐπιϐουλεύοιεν
3259 4195 3387 4264 ὑμῖν
3415 4195 3491 4258 ὠς
3520 4196 3667 4248 ἀπο-

2085 4285 2293 4346 στᾶσιν,
2324 4285 2373 4336 οί
2405 4283 2500 4338 τοῦ
2526 4285 2653 4338 λαοῦ
2681 4285 2842 4338 αὑτοῦ
2863 4285 3102 4348 ἄπιστοι,
3133 4284 3244 4338 ἀλλ’
3265 4286 3419 4356 ὑμεῖς
3443 4287 3533 4339 τὸν
3569 4287 3671 4355 φό-

2083 4374 2175 4427 ϐον
2198 4373 2376 4429 αὐτῶν
2409 4374 2483 4446 μή
2514 4374 2808 4445 φοϐηθῆτε,
2827 4375 2959 4446 μηδὲ
2993 4375 3332 4446 ταράσσεσθε
3361 4375 3450 4428 ὑπ’
3484 4375 3669 4429 αὐτῶν

2083 4467 2446 4538 ἐλαυνόμενοι,
2475 4468 2630 4537 μόνον
2657 4466 2714 4518 δὲ
2741 4468 2832 4520 τὸν
2856 4467 3058 4538 Κύριον
3080 4467 3186 4520 τῶν
3211 4467 3490 4538 δυνάμεων
3506 4468 3674 4536 ἁγιά-

2085 4555 2268 4620 ζοντες
2290 4557 2658 4628 ὲπιγράφεσθε
2687 4559 2895 4621 ἑαυτοῖς
2917 4557 3078 4627 φόϐον
3097 4575 3112 4590 ο
3151 4578 3169 4610 ε
3190 4558 3331 4630 ἀρχὴ
3357 4577 3375 4608 ι
3407 4557 3516 4627 γὰρ
3541 4578 3562 4608 ι
3584 4574 3674 4610 σο.

2087 4647 2214 4715 φίας
2244 4646 2404 4715 φόϐος
2435 4647 2639 4718 Κυρίου
2662 4665 2674 4676 ·
2702 4667 2719 4697 ι
2777 4649 2871 4700 καὶ
2902 4647 2990 4700 διὰ
3043 4647 3228 4700 τούτου
3265 4649 3372 4712 πᾶς
3415 4649 3442 4700 6
3476 4646 3536 4710 ἐξ
3566 4649 3670 4700 άν-

2089 4738 2319 4809 θρώπων
2351 4738 2710 4793 ἀπελαύνεται
2746 4738 2928 4808 φόϐος.

2166 4938 2184 4970 ‹
2206 4920 2408 4991 Κύριον
2438 4922 2599 4974 αὑτὸν
2631 4921 2913 4990 ἁγιάσατε,
2941 4922 3035 4975 καὶ
3067 4920 3229 4984 αὐτὸς
3262 4919 3410 4972 ἔσται
3444 4936 3536 4971 σου
3572 4920 3674 4988 φό-

2091 5011 2182 5076 ϐος
2206 5029 2218 5042 ·
2250 5015 2343 5066 καὶ
2367 5012 2460 5066 ἐὰν
2493 5013 2579 5066 ἐπ’
2609 5013 2756 5084 αὑτῷ
2789 5011 3061 5076 πεποιθὼς
3085 5009 3170 5085 ᾗς,
3210 5012 3360 5065 ἔσται
3389 5029 3470 5064 σοι
3497 5013 3579 5076 είς
3606 5015 3673 5064 άτ-

2089 5105 2317 5174 γίασμα.
2352 5125 2371 5157 ι
2430 5106 2552 5160 Ἐὰν
2585 5101 2676 5160 οὖν
2709 5106 2794 5159 ἐπ’
2843 5105 3012 5176 αὐτῷ,
3063 5106 3214 5176 φησὶ,
3257 5103 3529 5167 πεποιθὼς
3575 5099 3669 5177 ᾖς.

2082 5198 2242 5261 αὐτὸς
2283 5198 2436 5252 ἔσται
2477 5216 2557 5252 σοι
2599 5199 2679 5262 είς
2702 5199 2952 5268 άγίασμα
2979 5199 3054 5262 ὼς
3084 5198 3283 5269 μηκέτι
3332 5195 3540 5250 δεῖσθαι
3565 5198 3670 5249 τεῦ

2083 5290 2393 5361 σωματικοῦ
2453 5291 2809 5362 ἁγιάσματος.
2858 5292 3127 5362 Ἃγίασμα
3166 5290 3222 5343 δὲ
3257 5289 3503 5362 ἐκαλεῖτο
3527 5289 3668 5359 παρ’

2091 5383 2361 5454 Ἑϐραίοις
2400 5384 2428 5436 ὁ
2463 5382 2630 5436 πάλαι
2667 5381 2938 5446 συνεστὼς
2989 5384 3113 5453 παρ’
3141 5382 3322 5443 αὑτοῖς
3377 5379 3532 5443 νεὼς,
3570 5381 3672 5434 καὶ

2075 5475 2265 5528 τούτου
2295 5475 2362 5529 τὰ
2384 5475 2669 5530 ἐνδοτάτω.
2716 5476 2909 5530 Ἔσται
2948 5493 3031 5529 σοι
3063 5476 3244 5528 τοίνυν
3266 5472 3344 5544 τῷ
3370 5472 3671 5541 ἐλαυνομέ-

410 5565 556 5621 mino
588 5566 900 5630 conﬁdenti,
943 5569 1302 5623 sanctiﬁcium
1335 5569 1459 5628 erit.
1503 5584 1611 5625 non
1646 5583 1968 5639 corporeum

2088 5586 2149 5621 ,ιω
2175 5568 2263 5622 ὑπ’
2293 5569 2534 5637 ἐκείνων,
2572 5569 2851 5624 πεποιθότι
2893 5569 2950 5623 δὲ
2995 5569 3088 5622 ἐπὶ
3117 5566 3338 5639 Κύριον,
3391 5563 3669 5633 ἁγίασξια,

480 5765 525 5798 ⁸³
555 5763 692 5819 l’sal.
723 5779 812 5829 cx,
852 5766 935 5819 10.
