3850 6210
368 312 468 366 N7

1035 306 1309 364 EUSEBII
1345 306 1820 366 CASSARIENSIS
1857 309 2009 366 OPP.
2048 310 2230 366 PARS
2268 307 2357 365 Ill.
2397 338 2467 348 —
2505 307 2920 365 EXEGETICA.

3527 311 3636 367 M8

367 427 625 503 apostolis
667 435 724 484 et
761 425 1042 496 discipulis
1099 427 1238 498 ejus,
1295 442 1506 483 necnon
1563 433 1629 483 de
1674 431 1842 498 signis
1881 440 1937 484 et

2066 428 2187 499 ,έγω
2203 428 2268 499 δὴ
2298 427 2408 481 τῶν
2438 427 2752 482 ἀποστόλων
2782 427 2876 482 καὶ
2907 427 3164 499 μαθητῶν
3197 427 3383 492 αὐτοῦ,
3418 430 3544 500 περί
3573 449 3637 485 τε

369 520 651 594 prodigiis,
686 533 806 587 quae
845 533 942 587 per
969 531 1064 572 eos
1095 517 1240 572 edita
1287 528 1436 581 sunt,
1486 518 1644 590 queis
1695 519 1939 592 gentium

365 615 583 670 vocatio
604 611 747 666 facta
781 620 898 674 est;
932 611 1047 666 haec
1083 619 1482 680 consequenter
1505 614 1664 668 docet
1688 613 1940 682 populum

367 721 570 760 novum
589 715 644 758 et
675 713 947 759 recentem
983 720 1049 759 ex
1078 703 1334 773 gentibus
1361 720 1389 759 a
1428 704 1646 762 Christo
1675 706 1941 762 constitu-

367 805 686 866 tum,quem
706 796 778 850 ita
807 793 923 851 fere
946 795 1273 864 alloquitur:
1306 795 1431 850 Haec
1456 797 1666 862 audite,
1697 797 1942 867 discipuli

370 889 517 953 mei,
577 888 668 959 qui
740 901 772 942 a
828 886 1112 958 gentilium
1193 887 1479 958 multiplici
1561 889 1945 958 superstitione

375 980 622 1036 translati
663 980 820 1036 estis.
878 978 935 1034 Si
977 979 1069 1048 qui
1101 993 1168 1034 ex
1198 979 1263 1034 iis
1297 979 1388 1049 qui
1418 979 1572 1035 vobis
1596 979 1721 1034 olim
1753 978 1864 1034 noti
1891 991 1946 1035 et

369 1072 672 1128 familiares
702 1079 860 1127 erant
885 1111 900 1137 ,
935 1072 1057 1126 sive
1081 1081 1287 1139 patres,
1316 1071 1432 1126 sive
1458 1071 1674 1142 cognati
1699 1111 1714 1137 ,
1754 1087 1850 1127 vos
1878 1072 1945 1126 ad

369 1164 660 1235 pristinum
686 1165 1040 1231 repetendum
1068 1177 1313 1218 errorem
1349 1162 1598 1226 invitent,
1648 1173 1707 1218 ut
1739 1162 1808 1218 ab
1843 1162 1948 1219 illis

370 1255 644 1312 adhibitas
681 1254 1069 1321 divinationes,
1115 1255 1334 1311 oracula
1369 1269 1431 1308 ac
1461 1255 1658 1310 similia
1689 1255 1742 1311 in
1775 1257 1950 1312 admi-

371 1347 588 1402 ratione
609 1346 860 1402 habeatis
881 1385 898 1412 ,
937 1358 1008 1402 ne
1045 1361 1232 1402 eorum
1261 1344 1487 1402 consilio
1513 1347 1901 1418 obtemperetis
1933 1369 1947 1405 :

371 1455 442 1495 ne
467 1437 742 1494 miremini
775 1438 1053 1493 daemonas
1085 1452 1153 1494 ex
1184 1449 1377 1495 ventre
1411 1438 1686 1494 hominum
1719 1437 1948 1510 loquenc

375 1543 476 1596 tes,
506 1545 645 1602 quos
678 1538 876 1585 vocant
906 1529 1206 1603 Pythonas,
1230 1546 1408 1602 neque
1430 1546 1524 1587 eos
1540 1531 1717 1602 quiex
1743 1531 1950 1602 praesti-

372 1624 476 1693 giis
526 1622 848 1693 quibusdam
894 1623 961 1678 de
1006 1631 1151 1680 terra
1192 1624 1491 1681 ascendere
1538 1635 1825 1696 putantur;
1856 1624 1949 1680 sed

375 1717 546 1773 solum
581 1716 869 1771 Dominum
898 1725 1137 1771 vestrum
1161 1715 1346 1772 colite.
1375 1713 1509 1771 Nam
1535 1717 1580 1772 si
1618 1726 1810 1786 gentes
1840 1717 1954 1772 sin-

2046 519 2155 573 τῶν
2181 519 2422 591 σημείων
2449 519 2674 573 καὶτῶν
2702 521 2944 592 τεράτων
2962 519 3068 574 τῶν
3090 521 3540 576 ἐπιτελεσθέντων
3567 525 3637 578 δι’

2048 611 2254 666 αὐτῶνο
2279 611 2347 666 δι’
2371 604 2446 665 ὧν
2470 612 2563 666 καὶ
2605 614 2638 682 ἡ
2673 611 2866 684 κλῆσις
2892 613 3182 683 γεγένηται
3217 614 3324 666 τῶν
3349 613 3538 680 ἐθνῶν,
3572 616 3636 668 ἀ-

2049 703 2321 768 κολούθως
2349 702 2442 757 τὸν
2469 703 2589 758 νέον
2620 703 2716 758 καὶ
2743 704 2927 759 καινὸν
2957 704 3103 768 λαὸν,
3129 706 3220 760 τὸν
3256 707 3314 774 ἐξ
3353 708 3519 774 ἐθνῶν
3545 710 3641 762 διά

2049 796 2286 870 Χριστοῦ
2319 796 2589 850 συστάντα
2629 795 2962 852 διδάσκειτά
3001 799 3356 871 προκείμενα,
3391 801 3466 865 ὡς
3498 800 3642 873 πρὸς

2050 889 2250 952 αὐτοὺς
2277 889 2483 957 λέγων·
2525 887 2814 942 Ἀκούσατε
2846 888 3040 955 ταῦτα,
3070 892 3118 943 οί
3148 890 3272 960 ἐμοὶ
3301 891 3556 954 διδακτοὶ,
3586 894 3640 945 οἱ

2051 982 2149 1054 τῆς
2176 980 2284 1034 τῶν
2323 980 2493 1034 ἐθνῶν
2525 980 2787 1034 πολυθέου
2821 981 3029 1052 πλάνης
3063 981 3418 1053 μεταθέμενοι
3439 1001 3452 1013 ·
3481 983 3535 1036 εί
3551 1001 3640 1037 τι-

2051 1091 2140 1138 νες
2172 1073 2280 1128 τῶν
2312 1072 2479 1127 πάλαι
2512 1072 2804 1144 γνωρίμων
2840 1073 2965 1143 ὑμῖν
2992 1073 3085 1126 καὶ
3116 1074 3378 1144 συνήθων,
3411 1075 3641 1145 ἥπατέ-

2055 1184 2168 1239 ρες,
2203 1165 2236 1235 ἢ
2281 1165 2584 1234 συγγενεῖς,
2635 1163 3002 1236 παρακαλοῖεν
3029 1166 3172 1236 ὑμᾶς
3223 1167 3498 1221 ἐπανιέναι
3543 1168 3644 1222 ἐπὶ

2053 1260 2152 1332 τὴν
2185 1259 2456 1332 προτέραν
2501 1258 2731 1331 πλάνην,
2775 1257 3075 1330 θαυμάζειν
3101 1276 3160 1312 τε
3187 1259 3286 1322 τὰς
3309 1260 3416 1313 ἀπὸ
3451 1260 3646 1331 δαιμό-

2053 1370 2160 1408 νων
2195 1352 2325 1424 παρ’
2367 1351 2550 1416 αὐτοῖς
2584 1350 3010 1422 ἐπιτελουμένας
3063 1352 3319 1423 μαντείας
3365 1352 3459 1405 καὶ
3503 1369 3645 1423 χρη-

2057 1445 2247 1515 σμοὺς,
2274 1443 2370 1497 καὶ
2401 1442 2471 1497 τὰ
2501 1442 2755 1496 τοιαῦτα’
2791 1442 2866 1515 μὴ
2901 1443 3150 1498 πείθεσθε
3178 1448 3243 1517 τῇ
3277 1444 3480 1499 τούτων
3503 1464 3647 1515 συμ-

2056 1535 2220 1608 ϐουλῇ
2245 1552 2258 1564 ·
2294 1534 2370 1606 μὴ
2402 1533 2714 1606 θαυμάζετε
2757 1533 3017 1604 δαίμονας
3056 1535 3163 1589 ἀπὸ
3202 1535 3408 1598 κοιλίας
3435 1535 3648 1608 ἀνθρώ-

2057 1645 2175 1682 πων
2203 1627 2538 1697 φωνοῦντας,
2569 1626 2695 1689 τοὺς
2731 1625 3159 1700 ὀνομαζομένους
3186 1626 3464 1692 Πύθωνας,
3508 1627 3647 1698 μηδὲ

2058 1720 2182 1784 τοὺς
2201 1720 2310 1775 ἀπὸ
2333 1719 2438 1790 γῆς
2461 1719 2606 1773 κατά
2629 1735 2779 1783 τινας
2805 1718 3068 1790 γοητικάς
3096 1719 3289 1790 τέχνας
3317 1719 3522 1775 ἀνιέναι
3555 1736 3648 1773 νο·-

374 1805 535 1877 κυιαι,
583 1805 684 1861 etsi
719 1818 910 1860 errore
934 1805 1131 1872 ductae,
1159 1820 1258 1861 suo
1287 1816 1471 1860 tamen
1502 1806 1611 1861 Deo
1635 1806 1948 1869 adhaerent,

2066 1814 2382 1887 μιζομένους
2406 1831 2419 1844 ο
2453 1813 2544 1867 τὸν
2573 1812 2632 1866 δὲ
2674 1811 2856 1868 αὐτῶν
2889 1811 3091 1884 Κύριον
3127 1813 3286 1883 μόνον
3329 1812 3641 1884 περιέπετε.

375 1901 504 1972 quid
544 1899 688 1956 aliud
719 1899 786 1956 iis
809 1901 1096 1970 agendum,
1147 1900 1238 1971 qui
1281 1915 1464 1956 veram
1492 1901 1744 1957 notitiam
1775 1915 1940 1957 acce—

373 1997 594 2060 perunt,
645 2004 808 2060 quam
861 1999 922 2045 ut
963 1989 1133 2046 Deum
1165 2005 1320 2046 suum
1371 2001 1644 2062 quaerant,
1696 2006 1873 2062 neque
1923 2007 1952 2044 a

377 2083 632 2148 mortuis,
666 2082 776 2139 vita
808 2083 1026 2154 penitus
1053 2084 1224 2150 orbis,
1254 2085 1522 2141 curiosius
1555 2085 1856 2156 inquirant,
1902 2100 1956 2142 et

375 2175 726 2231 sciscitentur
767 2177 836 2233 de
879 2176 1050 2232 rebus
1093 2177 1160 2232 ad
1204 2177 1358 2231 vivos
1400 2177 1809 2245 spectantibus?
1858 2178 1952 2234 Dei

381 2268 569 2338 itaque
612 2270 839 2324 verbum
869 2276 926 2324 et
962 2268 1135 2340 legem
1165 2269 1534 2340 evangelicam
1581 2271 1761 2324 datam
1802 2273 1956 2326 vobis

376 2360 433 2415 in
464 2357 726 2415 auxilium
757 2361 926 2424 nacti,
960 2375 1028 2416 ex
1073 2359 1186 2430 ipsa
1231 2361 1428 2415 discite
1471 2376 1809 2433 quaecunque
1839 2364 1956 2416 vul—

380 2451 472 2518 tis,
509 2460 569 2507 et
613 2452 757 2508 hanc
803 2453 1088 2508 seetemiui
1121 2471 1136 2507 :
1169 2452 1294 2522 quia
1335 2453 1454 2508 ﬁeri
1503 2455 1712 2524 nequit,
1755 2467 1814 2511 ut
1869 2457 1956 2512 ille

377 2544 537 2600 donis
557 2559 588 2599 a
613 2559 744 2601 vero
777 2544 1140 2601 dimoveatur.

2051 1909 2115 1962 Εἰ
2139 1907 2248 1978 γὰρ
2272 1905 2503 1966 ἕκαστον
2529 1905 2701 1970 ἔθνος,
2728 1904 2906 1959 καίτοι
2943 1904 3393 1976 πεπλανημένως,
3417 1905 3566 1974 ὅμως
3590 1904 3640 1958 δ’

2052 1994 2144 2052 οῦν
2173 1997 2267 2051 τοῦ
2293 1997 2426 2050 ίδίου
2456 1993 2592 2049 Θεοῦ
2616 1995 2964 2067 περιέχεται·
2996 1995 3122 2058 τοὺς
3143 1995 3241 2064 τὴν
3269 1995 3483 2066 ἀπλανῆ
3509 1993 3648 2063 γνῶ-

2054 2113 2138 2150 σιν
2171 2094 2477 2166 εἰληφότας,
2513 2092 2566 2146 τί
2599 2093 2704 2164 χρὴ
2736 2092 3017 2163 πράττειν,
3049 2092 3083 2162 ἢ
3140 2090 3229 2144 τὸν
3274 2091 3482 2144 ἑαυτῶν
3509 2089 3648 2143 Θεὸν

2053 2187 2352 2258 ἐπιζητεῖν,
2389 2185 2482 2240 καὶ
2519 2183 2594 2256 μὴ
2625 2183 2753 2248 τοὺς
2783 2184 3009 2255 νεκροὺς
3030 2183 3518 2254 πολυπραγμονεῖν,
3546 2193 3649 2253 μη·“

2057 2279 2115 2333 δὲ
2168 2279 2380 2350 ἐρωτᾷν
2433 2275 2562 2348 περὶ
2617 2275 2958 2347 πραγμάτων
3010 2274 3246 2340 ζώντων,
3291 2274 3417 2337 τοὺς
3463 2273 3646 2344 πάσης

2060 2369 2207 2439 ζωῆς
2236 2367 2666 2439 ἐστερημένους;
2703 2367 2957 2436 Ἔχοντες
2981 2362 3072 2420 οῦν
3096 2367 3186 2419 τὸν
3213 2366 3305 2420 τοῦ
3333 2367 3464 2420 Θεοῦ
3487 2365 3650 2434 λόγον

2059 2463 2155 2517 καὶ
2186 2464 2349 2535 νόμον
2367 2463 2458 2516 τὸν
2484 2461 2857 2530 εύαγγελικὸν,
2887 2461 2968 2524 εἰς
2996 2459 3240 2531 βοήθειαν
3275 2461 3399 2531 ὑμῖν
3431 2459 3651 2530 δεδομέ-

2059 2567 2168 2615 νον,
2204 2549 2266 2616 ἐξ
2283 2549 2446 2604 αὑτοῦ
2473 2549 2769 2622 μανθάνετε
2793 2550 2920 2620 περὶ
2945 2543 3020 2603 ὧν
3039 2549 3106 2603 ἂν
3125 2549 3378 2614 ἐθέλοιτε,
3403 2550 3495 2603 καὶ
3522 2549 3650 2602 τού-

375 2653 456 2710 τῳ
485 2643 768 2712 ποιχεῖτε,
798 2641 919 2696 ἐπεὶ
945 2639 1022 2712 μὴ
1061 2635 1172 2695 οἷόν
1196 2641 1256 2696 τέ
1280 2642 1427 2697 ἐστιν
1473 2643 1629 2697 αὐτὸν
1657 2643 1847 2716 δώροις
1875 2644 2133 2715 ἐκστῆναι
2156 2632 2252 2698 τοῦ
2285 2644 2538 2716 ἀληθοῦς.

451 2733 616 2790 Vsus.
655 2733 746 2788 21.
795 2753 814 2785 ‹
843 2734 908 2788 Et
951 2734 1128 2789 veniet
1156 2750 1322 2805 super
1357 2751 1454 2790 vos
1487 2735 1605 2791 dira
1652 2737 1868 2792 fames:
1900 2752 1957 2792 et

378 2826 488 2882 erit
521 2835 582 2878 ut
604 2826 898 2890 esurietis,
939 2825 1213 2888 dolebitis.
1252 2836 1308 2882 et
1349 2828 1687 2885 maledicetis
1724 2828 1956 2900 principi

378 2926 434 2970 et
465 2916 655 2986 patriis
684 2915 891 2986 legibus
922 2933 938 2970 :
972 2927 1026 2971 et
1065 2919 1352 2986 respicient
1395 2919 1449 2972 in
1489 2918 1688 2974 coelum
1713 2933 1900 2990 supra.
1935 2937 1955 2972 ι

379 3005 516 3061 Cum
576 3019 707 3076 ergo
750 3005 873 3076 quis
895 3005 1094 3060 divina:
1133 3005 1268 3076 legis
1293 3016 1663 3075 transgressor
1691 3022 1756 3063 ac
1783 3009 1963 3065 deser-

383 3109 468 3153 tor
531 3097 756 3154 eﬂectus
824 3097 961 3163 erit,
1023 3099 1074 3152 in
1123 3097 1506 3154 oll‘endiculum
1563 3099 1828 3156 deductus
1892 3101 1961 3156 ab

383 3193 454 3248 iis
485 3192 576 3261 qui
600 3191 824 3247 oracula
853 3199 913 3246 et
935 3191 1301 3246 daamoniacas
1323 3191 1691 3248 divinationes
1719 3204 1958 3264 praeten-

383 3285 537 3348 dunt,
564 3283 708 3338 hunc
738 3282 907 3338 fatnes
943 3282 1346 3340 rationabiliutu
1369 3284 1614 3338 ciborum
1647 3287 1958 3354 occupabit,

382 3390 594 3431 necnon
649 3389 906 3432 excessus
963 3375 1163 3429 mentis
1213 3383 1270 3429 et
1321 3374 1608 3430 iracundia
1643 3393 1654 3427 :
1689 3387 1853 3446 atque
1907 3377 1960 3430 in

385 3467 732 3538 blasphemas
775 3466 1136 3538 cogitationes
1204 3465 1452 3530 incidet,
1506 3466 1834 3522 maledicens
1882 3467 1958 3521 illi

389 3559 518 3614 olim
559 3559 670 3628 regi
729 3572 870 3621 suo,
907 3572 1068 3628 quem
1124 3557 1283 3611 deum
1335 3572 1493 3611 suum
1540 3559 1788 3612 vocabat.
1846 3577 1864 3608 α
1896 3557 1962 3612 Et

386 3669 491 3707 non
532 3651 818 3722 perplexus
866 3651 972 3705 erit
1014 3651 1105 3723 qui
1156 3651 1210 3705 in
1253 3651 1499 3721 angustia
1549 3659 1631 3706 est
1673 3667 1844 3722 usque
1894 3653 1960 3706 ad

386 3755 621 3814 letltpus.
652 3762 673 3795 ι

988 3831 1219 3888 CAPUT
1271 3831 1362 3887 IX.

455 3927 620 3983 Vsus.
667 3929 719 3981 l.
776 3947 794 3979 ι
823 3926 938 3981 Hoc
986 3927 1218 3992 primum
1277 3925 1445 3981 bibe:
1483 3925 1591 3980 cito
1641 3924 1764 3989 fac,
1814 3927 1963 3996 regio

383 4021 628 4075 anulon
644 4029 698 4074 ct
724 4030 866 4074 terra
891 4016 1330 4088 Nephthalim,et
1359 4017 1538 4072 caeteri
1569 4017 1660 4087 qui
1694 4017 1960 4072 maritima

383 4122 440 4168 et
475 4121 626 4168 trans
656 4109 970 4173 Iordanem,
996 4107 1218 4164 Galilma
1241 4109 1502 4178 gentium.
1535 4129 1554 4161 ι
1594 4109 1876 4164 Vultenitn
1909 4121 1966 4164 ut

387 4209 444 4271 ii.
478 4206 573 4278 qui
607 4220 806 4275 magna
845 4203 1102 4258 salutaris
1151 4203 1244 4256 Dei
1294 4203 1562 4258 adventus
1601 4203 1719 4258 luce
1757 4205 1962 4275 dignati

385 4309 534 4367 sunt,
559 4299 800 4356 fructum
830 4297 1172 4354 rationabilis
1217 4307 1376 4369 potus
1405 4298 1660 4366 operibus
1715 4298 1960 4354 reddant.

386 4395 570 4451 Primo
626 4393 810 4463 itaque
861 4389 1102 4446 Galilaeis
1150 4391 1353 4446 bonum
1395 4390 1645 4445 nuntium
1695 4389 1960 4445 declarat.

2141 2759 2156 2788 ι
2181 2739 2292 2792 Καὶ
2318 2737 2438 2809 ἥξει
2493 2739 2578 2806 ἐφ’
2604 2737 2747 2808 ὑμᾶς
2780 2734 2992 2806 σκληρά
3040 2733 3222 2804 λιμός·
3265 2737 3360 2787 καὶ
3392 2733 3542 2786 ἐσται
3569 2733 3650 2798 ὠς

2067 2830 2130 2885 ἂν
2161 2829 2480 2902 πεινάσητε,
2533 2828 2906 2900 λυπηθήσεσθε
2950 2826 3070 2890 καὶ,
3119 2825 3302 2890 κακῶς
3331 2826 3502 2895 ἐρεῖτε
3555 2824 3650 2878 τὸν

2065 2923 2320 2994 ἄρχοντα,
2361 2921 2456 2975 καὶ
2495 2921 2562 2974 τὰ
2596 2921 2802 2993 πάτρια
2825 2936 2837 2948 ·
2871 2920 2967 2972 καὶ
3019 2917 3406 2987 ἀναϐλέψονται
3439 2918 3517 2979 είς
3553 2915 3653 2970 τὸν

2066 3015 2294 3086 οὐρανὸν
2323 3014 2454 3068 ἄνω.
2486 3015 2709 3068 ι’Ὅταν
2735 3009 2827 3066 οῦν
2850 3011 3171 3082 παραϐάτης
3203 3010 3410 3080 γένοιτό
3436 3026 3518 3072 τις
3551 3009 3659 3062 τοῦ

2069 3104 2212 3158 θείου
2254 3103 2441 3174 νόμου,
2496 3104 2591 3158 καὶ
2637 3103 2950 3173 ἀποστάτης
2998 3100 3184 3164 αὑτοῦ,
3244 3099 3655 3162 σκανδαλισθεὶς

2065 3197 2170 3250 ὑπὸ
2196 3197 2303 3250 τῶν
2336 3198 2462 3260 τοὺς
2495 3197 2778 3268 χρησμοὺς
2805 3195 2898 3250 καὶ
2925 3195 3023 3259 τὰς
3058 3194 3311 3266 μαντείας
3337 3192 3434 3256 τάς
3459 3192 3654 3262 δαιμο-

2063 3286 2220 3350 νικὰς
2259 3287 2692 3361 προϊσχομένων,
2740 3285 2896 3356 λιμὸς
2923 3285 3140 3355 τροφῶν
3187 3282 3416 3352 λογικῶν
3455 3280 3652 3334 τοῦτον

2061 3377 2384 3444 διαδέξεται,
2423 3379 2518 3433 καὶ
2567 3378 2846 3442 ἔκστασις,
2891 3378 2987 3430 καὶ
3017 3375 3392 3449 παροξυσμός·
3440 3373 3531 3428 καὶ
3565 3373 3655 3436 είς

2065 3471 2414 3542 βλασφήμους
2442 3472 2762 3542 ἐμπεσεῖται
2799 3469 3110 3539 λογισμοὺς,
3142 3466 3526 3539 καταρώμενος
3553 3463 3654 3520 τὸν

2064 3561 2230 3614 πάλαι
2259 3561 2482 3632 βασιλέα
2529 3561 2714 3625 αὐτοῦ,
2754 3561 2813 3612 ὃν
2859 3560 2952 3613 καὶ
2981 3558 3100 3612 θεὸν
3137 3557 3330 3612 ἐαυτοῦ
3374 3556 3647 3628 ὠνόμαζε.

2068 3675 2086 3706 ι
2114 3658 2225 3709 Καὶ
2255 3655 2357 3710 οὐκ
2383 3654 2791 3727 ἀπορηθήσεται
2812 3653 2840 3705 ὁ
2865 3654 2923 3706 ἐν
2957 3651 3284 3723 στενοχωρίᾳ
3307 3649 3381 3703 ῶν
3401 3651 3506 3714 ἐως
3527 3667 3654 3703 και-

2101 3763 2182 3800 Ου.
2209 3766 2228 3799 ι

2067 3763 2182 3819 PW-
2209 3766 2228 3799 ι
2600 3832 3000 3887 ΚΕΦΑΔΔῙΟΝ
3031 3829 3106 3884 8’.

2141 3949 2158 3980 ‹
2181 3927 2352 3982 Τοῦτο
2376 3926 2590 3998 πρῶτον
2625 3925 2715 3978 πίε
2736 3943 2749 3955 ·
2779 3925 2914 3995 ταχὺ
2943 3925 3105 3989 ποίει,
3156 3921 3308 3994 χώρα
3339 3917 3652 3982 Ζαϐουλὼν,

2065 4025 2099 4094 ἡ
2148 4021 2220 4093 γῆ
2255 4019 2596 4090 Νεφθαλεὶμ,
2631 4017 2726 4071 καὶ
2753 4019 2802 4070 οἱ
2829 4016 3005 4069 λοιποὶ
3048 4015 3098 4068 οἱ
3122 4015 3219 4086 τὴν
3251 4013 3518 4084 παραλίαν
3551 4013 3654 4066 καὶ

2065 4114 2242 4186 πέραν
2290 4112 2382 4166 τοῦ
2423 4111 2708 4183 Ἰορδάνου,
2741 4109 2997 4162 Γαλιλαία
3039 4106 3147 4162 τῶν
3178 4106 3364 4160 ἐθνῶν.
3393 4124 3412 4154 ι
3452 4103 3656 4157 Βούλε-

2065 4191 2284 4274 ταιγὰρ
2314 4202 2380 4255 δι’
2424 4201 2600 4273 ἔργων
2634 4201 2722 4254 τὸν
2778 4198 2986 4270 καρπὸν
3013 4196 3104 4251 τοῦ
3140 4193 3356 4264 λογικοῦ
3407 4193 3655 4264 πόματος

2067 4293 2374 4350 ἀποδιδόναι
2407 4296 2533 4357 τοὺς
2565 4291 3002 4357 καταξιωί)ἐντας
3051 4287 3146 4343 τοῦ
3183 4286 3418 4359 μεγάλου
3472 4283 3655 4354 φωτὸς

2067 4389 2165 4460 τῆς
2195 4387 2463 4458 σωτηρίου
2511 4384 2846 4454 θεοφανείας.
2879 4381 3103 4455 Πρῶτον
3151 4377 3242 4434 οῦν
3273 4382 3384 4442 τοῖς
3415 4377 3506 4430 ἐπὶ
3549 4377 3656 4446 τῆς

386 4489 490 4545 Par
527 4486 730 4558 quippe
762 4493 882 4540 erat
915 4483 1194 4554 regionem
1232 4483 1378 4538 illam
1410 4498 1517 4538 non
1561 4483 1777 4539 silentio
1822 4500 1956 4553 prae-

2071 4479 2358 4543 Γαλιλαίας
2391 4477 2820 4547 εὐαγγελίζεται.
2854 4475 3002 4528 Ἔδει
3029 4473 3139 4545 γὰρ
3185 4473 3317 4545 μηδὲ
3337 4470 3436 4542 τὴν
3463 4467 3658 4540 χώραν

387 4577 574 4642 terire,
639 4576 693 4630 in
757 4588 864 4643 qua
931 4570 1255 4627 Emn'ianuel
1316 4574 1369 4627 in
1435 4587 1534 4626 suo
1597 4573 1663 4626 ad
1719 4571 1965 4629 homines

388 4669 619 4724 adventu
674 4681 856 4721 moras
907 4667 1154 4720 facturus
1211 4675 1356 4718 erat.
1411 4664 1576 4736 Regio
1620 4674 1801 4719 autem
1848 4676 1966 4720 erat

385 4760 612 4816 Galilzea
637 4799 653 4826 ,
687 4761 795 4814 imo
822 4759 987 4814 etiam
1023 4769 1170 4813 trans
1203 4756 1496 4812 Iordanem
1527 4766 1646 4810 erat
1674 4757 1789 4812 haec
1817 4757 1966 4812 Gali-

388 4853 510 4920 laaa,
562 4854 616 4908 in
669 4867 776 4924 qua
820 4853 1166 4921 frequentius
1220 4859 1471 4906 versatus
1526 4849 1776 4905 Christus
1831 4862 1960 4903 est:

387 4961 562 5018 quare
589 4945 882 5002 salutarem
915 4954 1100 5016 potum
1129 4955 1185 4999 et
1213 4943 1387 4999 lucem
1413 4943 1530 5011 ejus
1564 4941 1757 4997 incolis
1793 4942 1967 5012 primo

390 5038 698 5094 annuntiat.
759 5034 930 5105 Hujus
981 5051 1146 5106 porro
1204 5035 1406 5090 viviﬁci
1453 5045 1615 5103 potus
1675 5034 1964 5105 imaginem

390 5130 722 5187 sensibiliter
766 5129 1016 5186 exhibuit
1059 5128 1342 5192 Servator,
1386 5129 1624 5197 quando,
1677 5127 1880 5198 nuptiis
1914 5126 1966 5180 in

389 5225 534 5280 Cana
565 5223 804 5280 Galilaeam
839 5221 1150 5285 celebratis,
1173 5220 1404 5290 primum
1429 5219 1748 5274 miraculum
1779 5218 1965 5283 edidit,

389 5333 542 5388 aqua:
567 5318 776 5374 scilicet
805 5317 858 5371 in
891 5316 1073 5370 vinum
1099 5314 1473 5371 mutationem.

463 5499 630 5556 Vens.
663 5499 726 5554 2.‘
763 5518 783 5552 ι
819 5498 1089 5569 Populus,
1126 5496 1217 5568 qui
1250 5495 1566 5552 ambulabat
1611 5494 1665 5549 in
1713 5490 1968 5558 tenebris,

394 5595 532 5650 vidit
587 5595 763 5649 lucem
815 5608 1111 5664 magnam:
1168 5591 1484 5647 habitantes
1542 5588 1596 5643 in
1651 5585 1872 5656 regione
1919 5592 1974 5638 et

394 5689 588 5741 umbra
657 5687 870 5750 mortis,
928 5686 1018 5740 lux
1072 5684 1374 5755 splendebit
1435 5696 1597 5752 super
1651 5693 1764 5733 vos.
1828 5695 1845 5726 ›
1907 5675 1972 5729 Ει

394 5781 531 5836 alias
575 5779 901 5855 quidemwin
947 5777 1184 5835 tenebris
1231 5777 1483 5847 agebant,
1533 5773 1626 5844 qui
1680 5780 1968 5840 antequam

2070 4571 2478 4641 ἀποσιωπῆσαι,
2515 4567 2636 4622 καθ’
2657 4569 2723 4637 ἣν
2745 4568 2842 4630 τὰς
2883 4565 3162 4637 διατριϐὰς
3191 4561 3454 4616 ποιεῖσθαι
3481 4560 3660 4631 ἠμελ-

2071 4663 2161 4717 λεν
2185 4660 2494 4732 ἀνθρώποις
2531 4659 2816 4728 ἐπιφανεὶς
2843 4661 2871 4712 ὁ
2911 4655 3276 4730 Ἐμμανουήλ.
3322 4653 3386 4706 Ἡ
3412 4651 3468 4704 δὲ
3497 4649 3661 4721 χώρα

2070 4752 2138 4829 ἦν
2163 4753 2417 4808 Γαλιλαία
2437 4770 2449 4782 ·
2479 4751 2612 4811 ἀλλὰ
2643 4751 2737 4805 καὶ
2770 4750 2938 4822 πέραν
2965 4749 3058 4802 τοῦ
3099 4745 3361 4819 Ἰορδάνου
3393 4741 3661 4813 τυγχάνει

2073 4850 2106 4919 ἡ
2143 4846 2398 4900 Γαλιλαία
2431 4843 2590 4913 αῦτη,
2625 4847 2683 4897 ἐν
2774 4841 2873 4906 τὰς
2915 4841 3169 4902 πλείστας
3202 4837 3493 4907 ἐποιήσατο
3533 4833 3656 4886 διαο

2068 4939 2260 5011 τριϐὰς
2291 4941 2321 4992 ὁ
2351 4936 2583 5008 Χριστός
2607 4954 2619 4966 ·
2646 4936 2726 4989 διὸ
2749 4936 2908 4988 ποτὸν
2951 4934 3238 5004 σωτήριον,
3281 4929 3372 4983 καὶ
3403 4927 3518 4997 φῶς
3555 4926 3661 4997 μὲ-

2069 5047 2140 5099 γα
2172 5033 2284 5094 τοῖς
2311 5030 2369 5082 ἐν
2397 5029 2532 5098 αὐτῇ
2566 5023 2973 5094 εὐαγγελίζεται
3005 5023 3260 5094 πρώτοις.
3289 5018 3396 5072 Τοῦ
3419 5016 3478 5070 δὲ
3513 5016 3659 5080 ζωο-

2067 5121 2221 5179 ποιοῦ
2247 5119 2438 5174 τούτου
2469 5117 2637 5172 ποτοῦ
2671 5116 2856 5170 εἰκόνα
2886 5115 3143 5185 παρεῖχεν
3171 5113 3199 5165 ὁ
3237 5110 3428 5180 Σωτὴρ
3461 5109 3656 5180 αἰσθη-

2065 5212 2193 5280 τῶς,
2221 5212 2456 5284 ὁπηνίκα
2488 5211 2668 5281 γάμου
2701 5205 3120 5276 συντελουμένου
3150 5206 3207 5257 ἐν
3245 5203 3396 5255 Κανᾶ
3419 5201 3518 5268 τῆς
3546 5201 3655 5252 Γαο

2067 5306 2298 5370 λιλαίας,
2347 5304 2572 5375 πρῶτον,
2588 5301 2888 5375 παράδοξον
2922 5299 3234 5370 εἰργάσατο,
3267 5294 3368 5366 τὴν
3398 5293 3492 5346 τοῦ
3528 5291 3660 5345 56a.-

2070 5414 2159 5460 τος
2181 5399 2260 5459 είς
2278 5391 2420 5449 οἶνον
2451 5393 2770 5464 μεταϐολήν.

2155 5508 2174 5540 ι
2197 5489 2254 5542 '0
2268 5486 2758 5558 λαὸςὸκαθήμενος
2798 5486 2855 5537 ἐν
2886 5483 3067 5536 σκότει
3099 5476 3205 5534 εἶδε
3233 5478 3346 5548 φῶς
3396 5476 3544 5549 μέγα
3564 5492 3578 5505 ·
3605 5475 3659 5527 οἱ

2079 5578 2455 5640 κατοικοῦντες
2486 5577 2544 5628 ἐν
2572 5574 2726 5647 χώρᾳ
2746 5575 2840 5627 καὶ
2874 5575 3003 5644 σκιᾷ
3020 5572 3270 5633 θανάτου,
3302 5567 3417 5638 φῶς
3449 5567 3658 5636 λάμψει

2078 5674 2164 5741 ἐφ’
2197 5673 2360 5742 ὑμᾶς.
2396 5689 2414 5721 ι
2452 5667 2561 5722 Καὶ
2589 5667 2764 5730 ἄλλως
2789 5666 2845 5724 δὲ
2866 5668 2922 5720 ἐν
2953 5665 3132 5718 σκότει
3161 5662 3450 5730 ἐτύγχανον
3483 5662 3531 5713 οἱ
3551 5661 3659 5730 πρὸ

2076 5767 2174 5840 τῆς
2207 5762 2552 5835 ἐπιλάμψεως
2591 5760 2684 5814 τοῦ
2720 5757 2953 5830 Χριστοῦ
2997 5758 3052 5811 ἐν
3080 5754 3321 5826 ἀγνωσία
3353 5753 3504 5814 ὄντες
3563 5752 3657 5804 τοῦ
