3850 6210
201 263 300 320 “9

1125 255 1638 313 COMMENTARIA
1677 254 1745 309 IN
1785 254 2040 310 ISAIAM.
2079 287 2141 298 —-
2187 255 2339 312 CAP.
2380 255 2474 312 ιχ.

3350 257 3453 314 150

197 386 376 444 φωτός
401 372 498 426 τοῦ
525 371 782 444 ἀληθινοῦ
811 387 824 400 ο
855 372 912 423 ἐν
945 372 1075 442 σκιᾷ
1106 371 1162 424 δὲ
1192 372 1423 426 θανάτου
1455 371 1596 445 ἦσαν
1623 376 1673 428 οἱ
1715 375 1779 428 τὰ

1887 378 2137 433 Christus
2209 375 2586 442 illucesceret,
2643 377 2695 432 in
2760 393 2900 433 verae
2957 376 3094 432 lucis
3148 377 3448 449 ignorantia

198 464 332 536 πρὸς
361 463 592 518 θάνατον
621 461 1046 532 ἁμαρτάνοντες,
1075 463 1214 516 κατά
1240 464 1574 537 τὸ,ιΨυχὴή
1603 467 1783 538 ἁμαρ-

195 557 453 618 τάνουσα,
481 553 619 626 αὐτὴ
648 553 1019 607 ἀποθανεῖται.
1057 571 1078 604 ι
1133 554 1272 608 Ἀλλ’
1299 557 1403 620 ἕως
1438 558 1536 627 μὲν
1589 559 1647 611 ἐν
1703 557 1782 628 τῷ

195 647 425 719 παρόντι
459 645 561 716 βίῳ
589 644 844 716 τυγχάνει
879 644 906 696 6
969 643 1106 716 πρὸς
1155 645 1382 700 θάνατον
1430 648 1777 719 ἁμαρτάνων,

197 740 293 808 οὐχ
324 736 472 790 οῦτω
503 738 679 806 πάντη
714 736 1089 789 καταπέποται
1125 737 1228 790 ὑπὸ
1277 736 1372 790 τοῦ
1422 738 1672 802 θανάτου,
1705 739 1780 804 ὡς

199 832 274 903 μὴ
306 829 573 884 δύνασθαι
611 827 928 898 μεταϐαλὼν
979 829 1235 900 σωθῆναι,
1293 830 1408 883 ἀλλ’
1447 831 1567 884 οὐδέ
1608 831 1780 903 ἀπήλ-

195 923 394 975 λακται
418 919 585 973 αὑτοῦ
618 918 916 981 παντελῶς,
949 918 1030 971 διὸ
1063 919 1278 988 λέγεται
1331 916 1470 975 εἶναι
1535 923 1593 974 ἐν
1652 922 1780 993 σκιᾷ

196 1013 452 1068 θανάτου.
487 1011 632 1082 Πλὴν
667 1011 976 1082 ἐπιλάμψας
1026 1011 1233 1077 τούτοις
1266 1013 1523 1086 πρώτοις,
1557 1014 1654 1086 τὴν
1681 1016 1778 1086 χά-

198 1122 281 1176 ριν
307 1103 408 1158 τοῦ
447 1094 686 1174 μεγάλου
722 1102 896 1172 φωτὸς
918 1103 1227 1176 ἐδωρήσατο
1253 1107 1282 1158 6
1335 1105 1424 1160 διὰ
1476 1106 1587 1160 τῶν
1647 1122 1780 1178 προ-

193 1197 465 1267 κειμένων
500 1195 902 1266 θεσπιζόμενος.
945 1196 1034 1249 Ἐν
1064 1195 1236 1269 ταύτῃ
1265 1213 1325 1250 τε
1356 1199 1421 1270 τῇ
1451 1196 1604 1268 χώρᾳ
1634 1195 1780 1268 πρώ-

195 1305 265 1361 τῃ
307 1290 560 1344 πλεῖστον
603 1289 731 1342 λαὸν
770 1289 1034 1360 ἐκτήσατο
1063 1330 1078 1356 ,
1134 1288 1209 1353 ὡς
1235 1290 1446 1342 καὶτὸν
1495 1289 1780 1345 ἀποστολι-

194 1381 290 1440 κδν
314 1381 479 1452 χορὸν
511 1381 570 1446 ἐξ
598 1380 778 1438 αὐτῶν
803 1381 1143 1446 ἐκλέξασθαι.
1170 1382 1327 1443 Τίνες
1356 1376 1449 1435 οὖν
1475 1376 1614 1453 ἦσαν
1646 1383 1694 1434 οἱ
1721 1383 1781 1434 ἐν

200 1473 382 1526 σκότει
410 1473 504 1526 καὶ
530 1475 658 1544 σκιᾷ
681 1473 912 1528 θανάτου
943 1473 975 1546 ἢ
1027 1473 1078 1526 οί
1118 1475 1174 1526 ἐν
1201 1472 1444 1545 ἀγνωσία
1491 1471 1584 1526 τοῦ
1643 1472 1781 1527 Θεοῦ

196 1563 256 1618 τδ
283 1563 416 1634 πρὶν
447 1562 865 1634 κατεσχημένοι,
900 1562 994 1616 καὶ
1025 1565 1072 1616 οἱ
1102 1561 1178 1634 τῷ
1207 1562 1422 1634 θανάτῳ
1470 1563 1568 1633 τῆς
1601 1561 1779 1634 ψυχῆς

194 1655 583 1728 δεδουλωμένοι
604 1672 620 1720 ;

266 1856 287 1890 ι
321 1837 399 1892 T6
423 1837 674 1892 πλεῖστον
701 1837 794 1894 τοῦ
821 1837 952 1892 λαοῦ
979 1839 1009 1893 ὃ
1041 1839 1350 1909 κατήγαγες
1378 1840 1433 1892 ἐν
1467 1840 1776 1913 εὐφροσύνῃ

195 1947 310 1993 σου,
347 1931 443 1985 καὶ
464 1931 931 2002 εὐφρανθήσονται
957 1931 1184 1985 ἐνώπιόν
1216 1947 1331 1998 σου,
1364 1931 1442 1993 ὡς
1473 1933 1522 1986 ot
1551 1932 1778 2004 εὐφραι-

192 2023 409 2093 νόμενοι
440 2024 499 2076 ἐν
538 2024 731 2096 άμήτῳ
753 2063 769 2087 ,
799 2023 893 2077 καὶ
921 2023 980 2076 ὃν
1012 2023 1210 2094 τρόπον
1236 2023 1695 2094 εὐφρανθήσονται
1727 2026 1776 2078 οἱ

191 2115 559 2187 διαιρούμενοι
597 2116 800 2170 σκῦλα·
837 2117 968 2171 διότι
997 2117 1424 2190 ἀφαιρεθήσεται
1449 2119 1478 2172 ὁ
1511 2117 1674 2186 ζυγὸς
1690 2118 1775 2170 ἐπ’

192 2209 376 2262 αὐτῶν
395 2209 668 2280 κείμενος.
695 2229 714 2262 ι
757 2212 829 2264 Ἦ
869 2211 1054 2282 ἐπειδὴ
1084 2211 1323 2266 πλεῖστοι
1377 2211 1474 2282 μὲν
1525 2211 1778 2266 ἐπίστευ-

194 2319 318 2364 σαν,
356 2301 577 2366 πλείους
603 2303 660 2356 δὲ
689 2305 754 2374 τῇ
795 2305 1024 2376 ἀπιστίαι⁵
1053 2305 1434 2376 ἐναπέμειναν,
1467 2305 1693 2369 εἰκότως
1717 2306 1778 2359 τὸ

193 2394 450 2447 πλεῖστον
502 2393 594 2448 τοῦ
625 2394 754 2448 λαοῦ
789 2395 1038 2450 λέλεκται
1072 2398 1171 2468 τῆς
1201 2397 1471 2468 σωτηρίου
1532 2396 1780 2468 μετειλη-

195 2487 353 2556 ῳέναι
381 2488 744 2559 εὐφροσύνης.
781 2489 1041 2561 Σημαίνει
1061 2489 1116 2543 δὲ
1143 2489 1232 2543 διὰ
1250 2490 1473 2552 τούτων,
1509 2490 1647 2561 πρὸς
1679 2491 1778 2560 τὴν

196 2580 491 2651 πρόχειρον
517 2580 693 2647 λέξιν·
739 2581 828 2635 Ἐν
929 2583 1059 2635 ποτέ
1094 2582 1190 2653 μέν
1235 2583 1342 2636 ἀπὸ
1381 2581 1544 2635 πέντε
1599 2584 1780 2654 ἀρτων

200 2671 402 2741 πλῆθος
417 2671 628 2742 ἀνδρῶν
653 2672 1100 2743 πντακισχιλίων
1124 2672 1388 2744 ἐθρέψατο
1419 2675 1476 2726 ἐν
1504 2675 1569 2745 τῇ
1592 2672 1781 2743 δηλου-

199 2764 334 2834 μένῃ
363 2761 539 2834 χώρᾳ,
594 2763 723 2817 ποτὲ
755 2763 817 2830 ἐξ
875 2765 1014 2818 ἑπτὰ
1065 2765 1528 2835 τετρακισχιλίους
1581 2764 1778 2836 ἄνδρας

197 2859 366 2926 χωρὶς
401 2857 680 2925 γυναικῶν
711 2857 806 2910 καὶ
832 2856 1072 2911 παιδίων.
1108 2857 1199 2910 Διὸ
1229 2857 1475 2911 λέλεκται
1511 2857 1651 2911 κατά
1687 2855 1779 2909 τὸν

199 2948 497 3018 Σύμμαχον
537 2969 555 3000 ι
604 2948 924 3022 Εὐφροσύνῃ
956 2948 1337 3020 εὐφράνθησαν
1368 2947 1595 3003 ἐνώπιόν
1660 2965 1777 3014 σου,

1883 478 2078 525 erant:
2126 469 2179 524 in
2236 467 2429 522 umbra
2484 479 2663 523 autem
2711 469 2904 525 mortis
2945 477 3131 534 erant,
3188 477 3452 539 quotquot

1885 559 2187 615 mortaliter
2235 567 2632 628 peccaverant,
2683 560 2980 614 secundum
3010 559 3170 614 illud:
3207 577 3225 610 ι
3260 560 3450 614 Anima

1881 668 2000 723 quae
2034 651 2370 722 peccaverit,
2418 650 2536 722 ipsa
2587 652 2849 708 morietur
2880 652 2948 706 ".
2983 670 3004 705 ι
3054 652 3159 706 Sed
3206 652 3450 722 quandiu

1881 742 1927 797 is
1970 741 2060 811 qui
2108 750 2297 813 peccat
2350 741 2417 795 ad
2450 751 2700 804 mortem,
2734 740 2788 796 in
2831 742 3084 810 praesenti
3119 741 3223 796 vita
3263 743 3406 812 degit
3431 785 3445 807 ,

1882 850 1987 888 non
2023 834 2096 888 ita
2143 849 2365 904 prorsus
2407 834 2733 890 absorbetur
2765 849 2795 888 a
2838 846 3031 902 morte,
3067 845 3127 890 ut
3169 851 3277 891 non
3322 851 3448 904 pos-

1879 925 1952 980 sit
1986 924 2352 995 resipiscendo
2387 925 2618 982 salutem
2657 926 2896 981 nancisci
2925 942 2940 994 ;
2980 927 3075 982 sed
3122 940 3222 984 nec
3261 941 3326 980 ex
3360 929 3447 980 illa

1879 1020 2095 1089 penitus
2145 1018 2444 1083 liberatur,
2498 1033 2672 1088 quare
2729 1014 2933 1074 dicitur
2981 1032 3103 1075 esse
3155 1019 3208 1073 in
3253 1019 3449 1073 umbra

1883 1111 2094 1166 mortis.
2129 1111 2401 1166 Ceterum
2453 1110 2538 1166 his
2565 1110 2840 1181 prioribus
2871 1110 3226 1176 illucescens,
3268 1112 3448 1180 magni

1859 1201 2102 1256 'luminis
2140 1202 2374 1272 gratiam
2403 1201 2674 1272 elargitus
2697 1210 2781 1256 est
2809 1201 2876 1267 is,
2915 1203 3006 1272 qui
3040 1201 3092 1256 in
3124 1201 3224 1256 hoc
3255 1201 3448 1256 vatici-

1882 1292 1973 1347 nio
2011 1291 2203 1348 fertur.
2261 1293 2317 1348 In
2356 1294 2459 1350 hac
2499 1307 2663 1364 porro
2715 1294 2936 1364 regione
2981 1293 3157 1364 primo
3198 1307 3446 1362 magnam

1879 1381 2066 1453 populi
2100 1383 2500 1440 multitudinem
2535 1385 2848 1454 acquisivit,
2901 1385 2976 1439 ita
3013 1393 3071 1438 ut
3113 1385 3277 1438 etiam
3320 1398 3450 1454 apo-

1881 1474 2135 1532 stolicum
2182 1477 2411 1534 chorum
2461 1492 2529 1534 cx
2571 1492 2639 1532 ea
2703 1477 2986 1549 deligeret.
3033 1473 3266 1543 Quinam
3318 1489 3450 1546 ergo

1880 1576 2040 1623 erant
2071 1566 2144 1622 illi
2195 1568 2247 1622 in
2295 1567 2537 1624 tenebris
2571 1577 2628 1623 et
2665 1567 2858 1623 umbra
2909 1567 3100 1625 mortis
3128 1576 3447 1632 versantes,

1883 1657 1987 1714 nisi
2015 1659 2108 1729 qui
2137 1659 2292 1730 prius
2323 1659 2630 1729 ignorantia
2663 1659 2756 1715 Dei
2792 1659 3197 1724 detinebantur,
3221 1670 3277 1714 et
3304 1673 3452 1714 mor-

1809 1725 1850 1780 B
1884 1753 1952 1807 tis
1981 1725 2179 1807 animae
2210 1725 2462 1807 servituti
2514 1752 2721 1809 addicti
2766 1751 2960 1808 erant?

1950 1844 2121 1900 Vsus.
2148 1845 2268 1900 5-4.
2321 1863 2340 1898 ι
2388 1843 2673 1900 Multitudo
2716 1845 2938 1916 populi,
2979 1859 3140 1916 quam
3175 1845 3449 1902 deduxisti

1878 1937 1932 1992 in
1974 1936 2163 1993 laetitia
2211 1946 2326 2003 tua,
2377 1944 2435 1991 et
2473 1935 2802 1992 laetabuntur
2837 1951 3022 1993 coram
3063 1945 3136 2002 te,
3183 1937 3323 1992 sicut
3356 1937 3450 2008 qui

1879 2029 2131 2106 laetantur
2176 2029 2231 2084 in
2265 2043 2466 2093 messe,
2509 2037 2563 2084 et
2608 2029 3066 2099 quemadmodum
3123 2029 3452 2082 latabuntnr

1877 2120 1970 2189 qui
2001 2119 2247 2176 dividunt
2284 2119 2507 2191 spolia:
2559 2118 2686 2190 quia
2743 2118 3023 2175 auferetur
3068 2117 3260 2191 iugum
3312 2118 3451 2186 ipsis

1879 2212 2216 2282 impositum.
2269 2230 2289 2266 ι
2347 2212 2514 2276 Sive,
2568 2212 2694 2281 quia
2743 2212 2898 2267 multi
2941 2211 3162 2283 quidem
3208 2212 3454 2268 credide-

1881 2311 2048 2366 runt,
2099 2301 2193 2358 sed
2245 2301 2418 2359 multo
2468 2301 2654 2374 plures
2703 2303 2756 2356 in
2805 2302 3184 2359 incredulitate
3235 2318 3451 2357 manse-

1882 2405 2027 2460 runt,
2070 2395 2194 2463 iure
2219 2395 2420 2452 dicitur
2465 2395 2662 2448 multus
2691 2409 2756 2448 ex
2791 2393 2986 2465 populo
3021 2395 3284 2450 salutaris
3316 2397 3452 2449 la-ti-

1881 2487 1970 2543 tiae
2001 2498 2284 2543 consortes
2335 2485 2523 2540 fuisse.
2581 2485 2676 2541 His
2715 2501 2876 2555 porro
2927 2485 3221 2556 significat,
3272 2488 3449 2555 quoad

1879 2579 2098 2634 obvium
2139 2578 2335 2634 littera:
2384 2591 2644 2645 sensum,
2683 2579 2957 2649 regionem
3011 2577 3180 2642 illam,
3227 2577 3316 2632 ubi
3351 2578 3452 2632 ali-

1878 2672 2098 2744 quando
2127 2687 2194 2728 ex
2227 2672 2467 2742 quinque
2497 2671 2726 2740 panibus
2771 2671 2983 2724 turbam
3016 2670 3257 2724 virorum
3288 2671 3448 2738 quin-

1879 2781 1985 2837 que
2019 2763 2244 2820 millium
2279 2765 2572 2831 enutrivit;
2599 2762 2891 2832 aliquando
2927 2771 3107 2817 autem
3137 2775 3206 2816 ex
3238 2772 3446 2831 Septem

1881 2852 2126 2925 panibus,
2173 2862 2408 2920 quatuor
2453 2850 2619 2907 millia
2665 2851 2930 2916 virorum,
2961 2859 3158 2922 praeter
3192 2850 3451 2905 mulieros

1881 2955 1937 3000 et
1995 2945 2274 3014 parvulos.
2319 2944 2686 3012 Quamobrem
2746 2943 2952 2998 dictum
3010 2950 3096 2998 est
3145 2943 3447 2998 secundum

199 3041 275 3104 ὡς
305 3040 648 3112 εὐφροσύνην
695 3043 752 3094 ἐν
781 3039 1042 3112 θερισμῷ.
1087 3059 1108 3092 ι
1158 3041 1312 3094 Οῦτω
1349 3039 1481 3108 γοῦν
1512 3041 1563 3094 οἱ
1602 3041 1660 3093 ἐν
1688 3040 1778 3093 θε-

1884 3037 2294 3110 Symmachum,
2330 3054 2350 3089 ι
2401 3035 2614 3092 Laetitia
2657 3034 2828 3090 laetati
2877 3044 3004 3091 sunt
3054 3034 3108 3090 in
3157 3047 3456 3106 conspectu.

206 3130 388 3202 ρισμῷ
409 3131 735 3203 τρεφόμενοι
764 3129 1140 3202 ήθροισμὲνως
1162 3131 1303 3186 κατά
1330 3131 1390 3184 τὸ
1417 3131 1548 3186 αὐτὸ
1579 3147 1782 3202 συμπο-

205 3223 410 3286 σιάζειν
462 3221 706 3276 εἰώθασι.
737 3221 895 3276 Κατά
943 3221 1178 3280 διάνοιαν
1211 3223 1336 3278 δὲοὶ
1374 3223 1658 3277 ἀπόστολοι
1683 3223 1780 3276 τοῦ

203 3314 456 3385 Σωτῆρος
483 3313 640 3385 ήμῶν
673 3315 766 3370 καὶ
787 3316 835 3368 oi
865 3314 1066 3368 τούτων
1093 3314 1360 3386 διάδοχοι.
1392 3315 1446 3368 οῖ
1465 3331 1523 3368 τε
1560 3317 1638 3378 εἰς
1663 3314 1782 3368 δεῦ-

207 3423 267 3481 ρο
295 3407 407 3461 τῶν
427 3407 734 3478 ἐκκλησιῶν
778 3405 940 3462 αὑτοῦ
967 3407 1330 3479 προεστῶτες,
1353 3408 1451 3478 τῆς
1473 3406 1657 3466 ἐνθέου
1689 3408 1780 3463 εύ-

205 3500 478 3570 φροσύνης
507 3497 909 3569 μετελάμϐανον
941 3496 1170 3552 ἐνώπιον
1201 3497 1296 3552 τοῦ
1329 3498 1578 3570 Σωτῆρος
1599 3498 1778 3570 ήμῶν,

203 3590 356 3662 δίκην
384 3589 652 3661 ἀμῶντων
677 3589 1064 3662 ἐργαζόμενοι·
1108 3590 1337 3662 ἐπείπερ
1369 3591 1598 3662 ἐργάται
1640 3586 1782 3662 ἦσαν

204 3683 297 3737 τοῦ
325 3684 590 3756 θερισμοῦ
615 3686 723 3740 τῶν
759 3685 951 3752 ἐθνῶν,
1006 3687 1411 3760 ἐμπιπλάμενοι
1442 3688 1780 3762 εὐφροσύνης

207 3777 298 3831 ἐπὶ
333 3777 413 3849 τῷ
442 3778 634 3849 πλήθει
669 3779 779 3832 τῶν
809 3778 929 3832 καθ’
971 3781 1208 3852 ἑκάστην
1241 3781 1537 3853 ἐκκλησίαν
1589 3781 1776 3852 λητων.

213 3888 231 3919 ι
260 3869 403 3923 Διότι
425 3870 702 3942 ἀφῄρηται
729 3871 760 3924 6
797 3869 958 3939 ζυγὸς
984 3873 1013 3924 6
1040 3872 1128 3926 ἐπ’
1150 3873 1328 3927 αὐτῶν
1351 3873 1631 3944 κείμενος,
1685 3871 1781 3926 καὶ

203 3961 239 4030 ἡ
270 3959 467 4031 ῥάϐδος
495 3961 590 4014 ἐπὶ
617 3960 712 4014 τοῦ
758 3961 1026 4033 τραχήλου
1086 3962 1286 4017 αὐτῶν.
1327 3982 1346 4015 ι
1401 3962 1782 4016 Ἀπεσείσαντο

209 4050 293 4104 τὺν
320 4052 492 4123 βαρὺν
524 4050 688 4121 ζυγὸν
711 4051 806 4106 τοῦ
837 4054 904 4123 τῇ
948 4051 1158 4124 δουλείᾳ
1211 4054 1310 4126 τῆς
1361 4052 1634 4124 ἁμαρτίας
1681 4051 1780 4104 αὺ-

210 4144 332 4209 τοὺς
367 4135 784 4212 ὑποζεύξαντος,
818 4147 912 4200 καὶ
951 4145 1130 4218 ῥάϐδῳ
1169 4145 1259 4199 τὸν
1285 4143 1552 4218 τράχηλον
1602 4141 1781 4197 αὐτῶν

212 4236 694 4306 κατακάμπτοντος
712 4252 725 4266 °
762 4235 847 4289 ἵνα
882 4236 942 4290 τὸ
990 4235 1341 4290 άτιοστολικδν
1384 4236 1643 4306 κήρυγμα
1683 4233 1780 4304 τῆς

1887 3145 1998 3200 tuo,
2045 3133 2186 3188 sicut
2223 3131 2409 3186 laetitia
2465 3131 2520 3186 in
2577 3145 2774 3186 messe.
2815 3146 2834 3181 ι
2892 3128 2986 3186 Sic
3031 3129 3212 3200 itaque
3254 3133 3345 3200 qui
3397 3131 3448 3185 in

1883 3241 2062 3282 messe
2101 3225 2438 3291 nutriuntur,
2483 3223 2774 3280 confertim
2813 3231 2877 3284 et
2915 3223 3073 3278 simul
3111 3223 3317 3293 epulari
3359 3239 3450 3278 so-

1884 3319 2014 3372 lent.
2058 3316 2371 3372 Secundum
2406 3314 2745 3384 intelligendi
2794 3315 3062 3370 rationem
3108 3331 3277 3382 vero,
3322 3331 3452 3384 apo.

1882 3407 2002 3463 stoli
2034 3408 2334 3464 Salvatoris
2379 3408 2574 3472 nostri,
2609 3421 2821 3462 necnon
2854 3421 3042 3462 eorum
3079 3421 3448 3468 successores.

1882 3498 2036 3564 acii,
2069 3499 2158 3569 qui
2205 3499 2272 3552 ad
2315 3499 2418 3554 hoc
2461 3513 2632 3568 usque
2675 3507 2886 3567 tempus
2937 3497 3291 3554 ecclesiarum
3334 3498 3452 3564 ejus

1879 3589 2138 3660 praesules
2165 3589 2412 3653 fuerunt,
2460 3590 2654 3644 divina:
2681 3588 2880 3644 laetitia:
2909 3589 2965 3644 in
2999 3600 3292 3658 conspectu
3329 3590 3451 3644 Sal-

1882 3681 2088 3737 vatoris
2126 3682 2301 3738 nostri
2357 3683 2650 3754 participes
2683 3693 2865 3749 erant,
2909 3683 3225 3738 metentium
3278 3683 3453 3738 instar

1879 3783 2188 3847 operantes,
2228 3775 2357 3845 quia
2411 3777 2607 3832 messis
2653 3777 2933 3848 gentilium
2991 3777 3230 3846 operarii
3267 3786 3448 3834 erant.

1880 3869 2087 3941 perfusi
2125 3869 2322 3936 gaudio
2368 3870 2438 3925 ob
2487 3869 2761 3925 fructuum
2814 3870 2871 3924 in
2923 3869 3153 3940 singulis
3202 3869 3454 3924 ecclesiis

1879 3959 2282 4016 abundantiam.
2320 3977 2338 4013 t
2363 3961 2499 4027 Quia
2524 3961 2762 4016 ablatum
2792 3970 2875 4015 est
2898 3961 3087 4032 jugum
3118 3961 3250 4028 ipsis
3274 3961 3451 4030 impn—

1879 4053 2065 4118 situm,
2105 4060 2161 4108 et
2193 4053 2346 4122 virga
2382 4067 2544 4122 supra
2585 4052 2784 4107 collum
2829 4067 3041 4108 eorum.
3095 4071 3114 4105 ι
3149 4053 3327 4109 Grave
3361 4053 3450 4123 ju-

1880 4161 2006 4216 gum
2033 4144 2164 4200 illud
2214 4156 2600 4209 excusserunt,
2649 4145 2767 4215 ejus
2813 4145 2906 4214 qui
2951 4145 3160 4215 peccati
3199 4147 3450 4200 servituti

1881 4251 1941 4292 se
1992 4236 2307 4308 colligabat,
2359 4237 2561 4306 quique
2589 4237 2742 4306 virga
2791 4247 2955 4310 caput
2999 4238 3241 4306 ipsorum
3272 4237 3454 4308 depri-

209 4327 384 4397 ψυχῆς
411 4327 838 4392 καταϐάλλοντες
869 4329 942 4401 μὴ
972 4328 1288 4399 ὑποκύψωσι
1334 4331 1400 4400 τῇ
1437 4327 1646 4400 δουλείᾳ
1681 4326 1779 4398 τῆς

1886 4325 2098 4390 urebat;
2152 4333 2212 4380 ut
2263 4325 2618 4395 apostolicam
2671 4326 3116 4396 praedicationem
3167 4327 3221 4381 in
3269 4327 3456 4381 anima

210 4421 505 4492 ἁμαρτίας.
531 4423 600 4474 Ἢ
616 4423 754 4493 τάχα
772 4423 800 4475 6
823 4423 992 4477 πάλαι
1018 4425 1130 4486 τοῖς
1179 4420 1393 4484 σκύλοις
1415 4420 1777 4491 ἐπικείμενος,

1884 4415 2213 4482 (undantes,
2266 4430 2327 4474 se
2370 4416 2579 4486 peccati
2637 4417 2887 4472 servituti
2927 4432 3035 4473 non
3091 4415 3452 4471 innectereut.

210 4514 393 4582 φησιν,
424 4511 708 4585 ἀφῄρηται
728 4512 907 4584 ζυγὸς,
930 4514 1026 4568 καὶ
1056 4514 1090 4584 ἡ
1112 4512 1304 4585 ῥάϐδος
1327 4512 1362 4582 ή
1395 4512 1488 4565 ἐπὶ
1516 4510 1609 4565 τοῦ
1652 4527 1779 4582 τρα-

1884 4507 2007 4564 Sive
2046 4506 2306 4574 fortasse,
2339 4508 2555 4578 jugum,
2585 4509 2681 4571 ait,
2728 4509 2916 4578 spoliis
2957 4507 3085 4562 olim
3117 4507 3453 4577 impositum,

208 4604 370 4675 χήλου
405 4604 514 4657 τῶν
543 4605 722 4660 αὐτῶν
751 4606 980 4661 σκύλων.
1014 4606 1181 4674 Ζυγὸς
1210 4603 1322 4674 γὰρ
1341 4599 1409 4675 ἦν
1448 4602 1619 4674 βαρὺς
1663 4605 1779 4666 ταῖς

1884 4600 2122 4654 ablatum
2169 4610 2290 4667 est,
2333 4615 2542 4656 necnon
2587 4601 2736 4671 virga
2785 4600 3100 4654 earumdem
3157 4594 3454 4668 spoliorum

209 4696 284 4766 τῷ
306 4697 539 4769 διαϐόλῳ
565 4697 764 4769 ψυχαῖς
791 4698 1211 4771 δεδουλωμέναις
1261 4695 1607 4767 ἐπικείμενος
1626 4709 1642 4726 ⁸
1691 4696 1779 4749 καὶ

1884 4692 2023 4748 collo
2057 4692 2328 4764 imposita.
2358 4691 2537 4748 Grave
2567 4693 2768 4763 quippe
2789 4692 2981 4762 jugum
3025 4699 3141 4746 erat
3171 4691 3460 4746 animabus

213 4787 404 4858 ῥάϐδος
423 4788 687 4860 θανατικὴ
712 4789 802 4842 τὸν
826 4789 1094 4861 τράχηλον
1124 4785 1301 4841 αὐτῶν
1323 4785 1790 4858 κατακάμπτουσα

209 4881 305 4934 καὶ
333 4883 484 4936 κάτω
510 4881 690 4935 νεύειν
729 4882 956 4936 ποιοῦσα
977 4899 990 4912 ·
1025 4874 1099 4934 ὧν
1126 4879 1493 4951 ἀφῃρημένων
1519 4930 1528 4942 ,
1563 4877 1783 4940 εἰκότως

211 4970 425 5043 ἔχαιρον
449 4973 500 5026 oi.
526 4971 890 5043 διαιρούμενοι
919 4971 985 5026 τά
1015 4971 1184 5026 σκῦλα
1210 4969 1404 5028 ταῦτα..

285 5171 304 5203 ε
344 5152 456 5224 Τὴν
498 5152 610 5224 γὰρ
657 5154 848 5226 ῥάϐδον
901 5155 1008 5207 τῶν
1053 5153 1429 5210 ἀπαιτούντων
1473 5151 1781 5205 διεσκέδασε

213 5243 436 5317 Κύριος,
485 5246 563 5310 ὡς
591 5249 657 5316 τῇ
692 5247 874 5318 ἡμέρᾳ.
902 5250 968 5318 τῇ
1024 5248 1114 5300 ἐπὶ
1141 5247 1386 5317 Μαδιάμ.
1431 5264 1449 5296 ι
1491 5243 1780 5296 Θεοδοτίων

215 5336 419 5406 μέντοι,
444 5334 540 5390 τοῦ
595 5338 1025 5403 ιάπαιτοῦντος,›
1065 5341 1428 5412 ἡρμήνευσεν,
1466 5335 1658 5400 ἑνικῶς
1691 5335 1782 5388 τὸν

213 5424 546 5478 ἀπαιτοῦντα
594 5425 688 5479 καὶ
717 5427 1094 5497 ἐκπράσσοντα
1129 5427 1403 5498 σημήνας·
1433 5425 1673 5494 δηλονότι
1692 5424 1782 5479 τὸν

214 5513 478 5580 διάϐολον,
506 5513 566 5578 ὃς
584 5515 906 5586 ἐκπράσσων
931 5515 1151 5571 διετέλει
1179 5516 1276 5581 τὰς
1326 5515 1431 5568 τῶν
1484 5512 1781 5584 ἀνθρώπων

293 5718 338 5748 ⁶⁶
377 5715 576 5770 Ezrclt.
610 5731 767 5781 mn,
798 5713 851 5769 4.

1887 4784 2087 4840 diaboli
2130 4785 2382 4840 servituti
2427 4783 2689 4852 subjectis
2726 4785 3070 4854 impositum,
3109 4800 3175 4839 ac
3211 4784 3459 4840 mortalis

1889 4873 2062 4944 virga,
2103 4889 2224 4944 qua:
2271 4873 2468 4930 collum
2499 4875 2852 4942 deprimeret,
2887 4889 2954 4928 ac
3005 4875 3257 4929 deorsum
3300 4873 3456 4927 incli-

1889 4965 2007 5019 nari
2054 4975 2316 5036 cogeret:
2347 4966 2547 5037 quibus
2583 4966 2780 5021 ablatis
2825 4966 3018 5022 merito
3043 4965 3352 5037 gaudebant
3397 4965 3457 5030 ii,

1889 5056 1989 5127 qui.
2009 5057 2125 5112 haec
2155 5057 2332 5126 spolia
2361 5057 2696 5112 dividebant.

1964 5146 2127 5206 τελε.
2161 5149 2218 5202 5.
2267 5164 2286 5198 ι
2345 5145 2561 5218 Virgam
2609 5146 2753 5199 enim
2795 5156 3114 5201 exactorum
3169 5143 3460 5216 dissipavit

1890 5240 2149 5294 Dominus
2199 5239 2342 5294 sicut
2393 5239 2445 5292 in
2492 5238 2580 5292 die
2626 5237 2857 5292 Madian.
2902 5257 2921 5291 ι
2975 5237 3276 5293 Tlteodotio
3323 5254 3456 5294 sane

1889 5331 2149 5386 exactam
2187 5329 2571 5400 interpretatus
2604 5339 2707 5391 est,
2755 5339 3102 5400 expetentem
3135 5337 3194 5385 et
3234 5339 3456 5386 exacto-

1889 5435 2003 5476 rem
2041 5418 2387 5490 singulariter
2435 5417 2749 5487 exprimens
2773 5457 2788 5484 ,
2844 5419 3098 5476 videlicet
3139 5419 3455 5486 diabolum,

1890 5513 1981 5584 qui
2013 5511 2285 5570 exactoris
2319 5514 2678 5570 humanarum
2711 5513 3013 5571 animarum
3042 5514 3216 5572 vicem
3244 5514 3458 5586 agebat.
