3850 6210
286 197 387 258 151

959 193 1229 254 EUSEBII
1269 194 1744 253 CESARIENSIS
1780 197 1932 256 OPP.
1971 198 2152 255 PARS
2186 194 2276 254 Ill.
2314 230 2385 242 —
2420 195 2833 256 EXEGETICA.

3431 194 3539 250 152

285 325 342 371 et
384 316 540 388 quasi
591 314 875 387 vectigalia
926 318 1287 387 exposcebat,
1337 318 1592 374 nimirum
1638 330 1857 388 peccata

1972 319 2163 391 θυχὰςε
2190 320 2286 376 καὶ
2310 319 2509 390 φόρους
2540 319 2728 392 ὥσπερ
2750 317 3017 382 ἀπαιτῶν,
3052 318 3153 383 τάς
3200 322 3544 391 χορηγουμέ-

287 423 407 477 qua:
466 407 537 463 illi
590 407 970 462 admittebant.
1021 408 1256 464 Historia
1306 425 1433 466 vero
1485 408 1696 465 Madian
1738 426 1861 480 spe-

288 508 444 553 ctans
473 505 652 553 exstat
685 497 736 552 in
782 496 921 552 libro
951 496 1201 554 Judicum
1235 516 1249 552 :
1292 512 1584 573 narratque
1619 516 1863 574 tempore

288 586 577 654 Gedeonis,
609 588 857 644 inimicos
880 603 988 646 non
1019 588 1285 645 instructa
1324 607 1596 648 armorum
1623 595 1741 651 acie
1777 610 1862 650 su-

288 691 506 750 peratos
554 678 762 747 fuisse,
812 680 907 736 sed
983 682 1188 736 occulta
1218 722 1235 746 ,
1282 684 1538 740 invisibili
1586 696 1642 741 et
1682 688 1860 740 divina

286 770 510 826 virtute.
558 770 650 826 Sic
682 770 885 839 itaque,
920 770 1147 840 perinde
1179 779 1344 840 atque
1375 771 1684 828 Madianitis
1713 773 1861 827 acci-

287 863 390 926 dit,
421 863 608 918 hostes
634 862 852 937 occulta
884 877 1047 918 manu
1076 865 1313 934 superati
1346 874 1501 926 sunt:
1535 877 1696 935 atque
1722 879 1864 921 nunc

287 957 365 1012 ait
391 956 707 1026 dissipatam
739 955 907 1013 fuisse
932 957 1143 1027 virgam
1174 959 1451 1016 exactoris
1493 959 1728 1027 diaboli,
1763 974 1864 1016 nec

289 1065 398 1106 non
434 1051 665 1105 aliorum
701 1049 796 1120 qui
834 1064 957 1104 cum
993 1065 1060 1105 eo
1106 1051 1314 1107 animas
1360 1051 1640 1107 hominum
1675 1052 1862 1122 exige-

290 1141 446 1196 bant.
474 1139 626 1196 Alius
653 1154 783 1195 vero
815 1155 924 1197 non
953 1142 1272 1213 exigendum
1291 1181 1308 1208 ,
1354 1143 1471 1209 sed,
1517 1142 1865 1214 inobsequen-

290 1232 444 1295 tt'um,
493 1231 651 1288 dixit.

365 1342 386 1376 ι
420 1322 554 1390 Quia
612 1337 828 1380 omnem
877 1323 1133 1379 amictum
1171 1323 1295 1380 dolo
1325 1324 1636 1392 collectum,
1669 1332 1727 1381 et
1770 1339 1865 1381 ve-

289 1416 605 1473 stimentum
646 1431 773 1472 cum
831 1416 1258 1472 commutatione
1310 1417 1604 1473 restituent
1652 1426 1708 1472 et
1770 1432 1864 1473 cu-

288 1510 472 1579 pient,
507 1511 552 1566 si
587 1509 723 1564 llant
769 1509 897 1576 igne
935 1509 1226 1564 combusti.
1268 1528 1289 1561 ι
1325 1507 1461 1577 Quia
1503 1525 1624 1566 cum
1673 1509 1863 1565 diabo-

288 1600 374 1657 lus
403 1611 655 1657 ornatum
695 1606 890 1661 animae
923 1611 980 1660 et
1024 1603 1282 1657 amictum
1332 1602 1479 1673 ejus,
1524 1613 1689 1670 atque
1720 1603 1865 1657 tuni-

1961 428 2056 476 νας
2080 410 2258 465 αὐτῶν
2282 411 2573 483 ἁμαρτίας.
2605 414 2800 467 Κεῖται
2822 410 2878 464 δὲ
2899 413 2933 483 ἡ
2982 413 3110 484 περὶ
3161 411 3263 482 τῆς
3312 411 3545 480 Μαδιάμ
3602 421 3611 427 ·

1964 503 2172 575 ἱστορία
2197 505 2255 557 ἐν
2285 506 2401 567 τοῖς
2433 505 2684 577 Κριταῖς,
2712 507 3042 581 περιέχουσα
3071 505 3147 569 ὡς
3175 504 3269 559 ἐπὶ
3302 501 3398 557 τοῦ
3442 502 3545 555 Γε-

1960 592 2096 646 δεὼν
2118 594 2216 664 οὐχ
2239 592 2421 647 ὅπλων
2470 596 2772 668 παρατάξει
2819 598 3127 669 νενίκηνται
3168 599 3216 649 οἰ
3268 595 3543 665 πολέμιοι,

1961 683 2077 738 ἀλλ’
2108 685 2304 753 ἀφανεῖ
2316 686 2410 739 καὶ
2440 687 2676 760 ἀοράτῳ,
2709 690 2804 743 καὶ
2856 690 3007 763 θεῖκῇ
3046 689 3292 759 δυνάμει.
3351 685 3549 750 Οὕτως

1961 765 2053 825 οὖν
2078 771 2154 835 ὡς
2175 773 2269 827 ἐπὶ
2300 777 2412 837 τοῖς
2444 776 2668 848 Μαδιάμ
2691 778 3019 851 ἐνικήθησαν
3044 776 3094 831 οἰ
3126 778 3371 848 πολέμιοι
3394 775 3543 848 χειρὶ

1962 861 2228 932 κρυφαία,
2260 864 2354 917 καὶ
2385 864 2480 917 νῦν
2513 882 2645 935 φησι
2672 866 3046 933 διεσκεδάσθαι
3073 868 3171 940 τὴν
3214 867 3405 939 ῥάϐδον
3442 864 3545 920 τοῦ

1963 951 2320 1018 ἀπαιτοῦντος
2344 954 2611 1025 διαϐόλου,
2649 960 2745 1014 καὶ
2763 960 2872 1014 τῶν
2900 961 2998 1015 σὺν
3026 959 3175 1031 αύτῷ
3203 958 3304 1023 τάς
3359 957 3549 1030 ψυχὰς

1961 1043 2069 1097 τῶν
2094 1045 2397 1119 ἀνθρώπων
2444 1051 2884 1122 ἐκπρασσόντων.
2934 1052 3157 1126 Ἕτερος
3181 1052 3237 1104 δέ
3263 1052 3323 1105 ού
3376 1071 3394 1103 ι
3431 1050 3552 1105 τῶν

1963 1137 2335 1194 ἀπαιτούντων
2362 1160 2382 1195 ι
2431 1140 2557 1215 ἔφη,
2606 1143 2744 1198 ἀλλά
2804 1164 2823 1197 ι
2860 1144 2969 1200 τῶν
3022 1145 3388 1201 ἀπειθούντων
3412 1164 3431 1198 ι
3463 1139 3553 1201 εἷ·-

1963 1246 2085 1283 πεν.

2038 1322 2192 1377 «Ὅτι
2216 1325 2397 1380 πᾶσαν
2429 1327 2622 1396 στολὴν
2653 1330 3088 1402 ἐπισυνηγμένην
3113 1330 3266 1402 δόλῳ,
3291 1330 3387 1384 καὶ
3417 1329 3552 1402 ἰμά-

1960 1432 2073 1469 τιον
2104 1416 2242 1487 μετά
2268 1419 2612 1493 καταλλαγῆς
2639 1422 2974 1487 ἀποτίσουσι,
3005 1425 3096 1477 καὶ
3128 1422 3463 1495 θελήσουσιν,
3492 1425 3551 1477 εἰ

1962 1505 2210 1575 ἐγένοντο
2275 1509 2655 1582 πυρίκαυστοι.
2700 1531 2719 1563 ι
2797 1513 3013 1585 Ἐπειδὴ
3064 1513 3156 1568 τὸν
3213 1514 3414 1585 κόσμον
3439 1512 3553 1584 τῆς

1963 1597 2140 1670 ψυχῆς
2197 1601 2293 1655 καὶ
2354 1602 2453 1675 τὴν
2498 1605 2690 1678 στολὴν
2747 1607 2940 1677 αὐτῆς,
2980 1607 3072 1660 τόν
3126 1623 3186 1659 τε
3220 1606 3319 1678 τῆς
3368 1605 3553 1678 ἀρχῆς

287 1708 406 1749 cam
435 1695 807 1765 principatus,
854 1710 961 1766 qua
1008 1695 1355 1761 induebatur,
1395 1694 1540 1750 illam
1589 1695 1859 1765 captivam

1972 1690 2188 1761 χιτῶνα,
2210 1692 2270 1747 ὃν
2301 1695 2674 1767 περιεϐάλετο,
2725 1699 2961 1770 συλήσας
2991 1700 3018 1763 ό
3043 1698 3313 1763 διάϐολος,
3333 1698 3428 1761 ὅτε,
3448 1700 3549 1751 αύ-

291 1784 516 1849 ducens,
551 1783 890 1854 diripuisset,
932 1785 1133 1841 nudam
1181 1784 1330 1838 illam
1381 1799 1445 1839 ac
1489 1784 1689 1840 foedam
1732 1784 1859 1840 reli-

288 1878 440 1947 quit:
475 1877 595 1946 ejus
632 1878 758 1932 item
807 1878 1072 1945 comites,
1113 1878 1438 1934 adversariae
1461 1885 1757 1946 potestates
1793 1875 1862 1931 ab

288 1983 355 2024 ea
403 1970 664 2026 tributum
697 1970 1008 2040 exigebant,
1049 1969 1176 2025 dolo
1227 1978 1281 2024 et
1311 1968 1523 2024 fallacia
1566 1977 1756 2023 contra
1800 1968 1863 2022 il-

289 2063 398 2120 lam
428 2073 681 2127 utentes;
719 2064 844 2134 jure
889 2074 1173 2120 exactores
1222 2064 1343 2118 illos
1389 2062 1569 2117 omnia
1619 2063 1862 2132 persolu-

290 2166 445 2213 turos
471 2171 594 2213 esse
622 2157 755 2213 dicit
804 2156 1043 2227 Spiritus
1100 2156 1476 2226 propheticus,
1531 2154 1616 2209 his
1656 2155 1858 2218 verbis,

295 2266 316 2301 ι
354 2247 584 2305 Omnem
629 2249 886 2305 amictum
939 2248 1061 2304 dolo
1111 2248 1422 2314 collectum,
1467 2260 1523 2304 et
1562 2248 1861 2304 vestimen-

292 2351 403 2395 tum
452 2356 575 2396 cum
627 2342 1060 2397 commutatione
1106 2341 1411 2396 restituent.
1458 2360 1480 2395 ι
1529 2340 1695 2396 Iidem
1731 2355 1861 2396 vero

292 2430 395 2501 ipsi
428 2432 521 2503 qui
554 2432 683 2488 olim
715 2434 785 2487 ab
819 2433 1104 2488 animabus
1131 2432 1411 2488 hominum
1443 2432 1724 2505 vectigalia
1763 2447 1863 2488 ex-

291 2535 602 2594 poscerent,
644 2526 828 2580 omnia
876 2524 931 2580 in
990 2534 1291 2583 memorato
1335 2536 1577 2596 tempore
1631 2525 1861 2581 solutnri

290 2631 413 2673 esse
440 2617 715 2674 dicuntur.

364 2707 527 2766 Vens.
556 2708 611 2766 6.
649 2728 668 2760 ι
708 2709 844 2778 Quia
879 2709 1137 2781 parvulus
1182 2719 1343 2765 natus
1373 2719 1453 2765 est
1487 2708 1668 2774 nobis,
1712 2718 1769 2764 et
1800 2709 1864 2763 li-

293 2800 398 2857 lius
426 2801 584 2856 datus
619 2812 703 2857 est
746 2802 942 2858 nobis:
991 2802 1144 2869 cujus
1187 2802 1526 2872 principatus
1563 2801 1741 2856 factus
1781 2811 1865 2855 est

292 2907 455 2963 super
503 2896 786 2949 humerum
838 2895 973 2963 ejus.
1034 2894 1100 2950 Et
1150 2895 1439 2949 vocabitur
1474 2909 1671 2950 nomen
1722 2894 1861 2965 ejus,

294 2985 475 3054 magni
516 2985 734 3040 consilii
774 2987 1020 3057 angelus.
1052 2987 1330 3041 Adducam
1360 2987 1504 3041 enim
1539 3000 1727 3056 pacem
1771 3002 1865 3041 su-

1967 1780 2064 1852 τὴν
2097 1782 2406 1855 ὑποχείριον
2444 1785 2638 1853 ἐλαδε,
2686 1789 2900 1860 γυμνὴν
2954 1789 3123 1862 αὐτὴν
3167 1790 3262 1843 καὶ
3312 1787 3556 1861 αἰσχρὰν.

1969 1872 2335 1945 κατέστησεν·
2371 1877 2515 1931 αἵτε
2549 1880 2647 1933 σὺν
2693 1878 2843 1950 αὐτῷ
2873 1878 3129 1951 δυνάμεις
3171 1881 3551 1951 ἀντικείμεναι

1968 1963 2297 2037 ἐξέπραττον
2320 1969 2510 2041 αὐτὴν,
2543 1969 2678 2042 δόλῳ
2709 1972 2802 2024 καὶ
2832 1973 3015 2047 ἀπάτῃ
3048 1976 3169 2028 κατ’
3195 1972 3360 2042 αὐτῆς
3401 1970 3558 2044 χρώ-ι

1972 2077 2129 2133 μεναι
2154 2080 2168 2093 ο
2222 2061 2399 2115 πάντα
2440 2062 2665 2128 εἰκότως
2723 2064 3000 2119 ἀποτίσειν
3048 2064 3265 2134 λέγεται
3302 2063 3408 2116 ὑπὸ
3449 2060 3549 2115 τοῦ

1924 2196 1937 2208 ,
1968 2152 2306 2224 προφητικοῦ
2355 2152 2685 2224 πνεύματος,
2720 2157 3012 2228 φήσαντος,
3061 2156 3143 2210 ὅτι
3192 2154 3256 2225 δὴ
3315 2171 3334 2204 t
3358 2154 3555 2206 Πᾶσαν

1972 2241 2159 2314 στολὴν
2182 2244 2623 2318 ἐπισυνηγμένην
2647 2245 2801 2317 δόλῳ,
2825 2247 2918 2301 καὶ
2952 2248 3165 2318 ἱμάτιον
3190 2245 3325 2316 μετά
3349 2243 3552 2298 καταλ-

1967 2336 2138 2409 λαγῆς
2160 2339 2524 2393 ἀποτίσουσιν.
2557 2359 2576 2392 ι
2615 2343 2678 2394 Ol
2711 2342 2864 2396 αὐτοὶ
2889 2342 2947 2395 δὲ
2968 2322 3114 2395 οὗτοι
3144 2343 3194 2395 οἰ
3243 2342 3409 2395 πάλαι
3446 2339 3557 2405 τὰς

1968 2429 2078 2484 τῶν
2155 2430 2456 2503 ἀνθρώπων
2522 2432 2703 2504 ψυχὰς
2756 2434 3159 2505 ὲκπράσσοντες
3208 2433 3561 2489 ἀποτιννύεινε

1969 2519 2213 2590 λέγονται
2234 2522 2410 2577 πάντα
2442 2525 2502 2577 ἐν
2531 2524 2610 2595 τῷ
2633 2524 2943 2597 δηλουμένῳ
2973 2524 3167 2597 καιρῷ.

2046 2725 2066 2760 ι
2097 2708 2220 2762 Ὅτι
2248 2708 2458 2763 παιδίον
2490 2708 2750 2781 ἐγεννήθη
2783 2709 2934 2780 ἡμῖν,
2962 2708 3076 2773 υίνδς
3095 2708 3189 2763 καὶ
3215 2708 3368 2781 ἐδόθη
3391 2709 3552 2779 ἡμῖν,

1971 2794 2032 2854 οὗ
2058 2802 2091 2871 ἡ
2124 2800 2268 2873 ἀρχὴ
2298 2800 2530 2873 ἐγενήθη
2560 2801 2654 2855 ἐπὶ
2682 2800 2776 2854 τοῦ
2795 2800 2945 2872 ὤμου
2975 2801 3162 2855 αὐτοῦ’
3186 2801 3285 2856 καὶ
3301 2800 3554 2855 καλεῖται

1971 2892 2033 2946 τὸ
2055 2892 2226 2964 ὄνομα
2256 2893 2420 2947 αὐτοῦ
2459 2894 2698 2965 μεγάλης
2729 2894 2924 2965 βουλῆς
2961 2894 3211 2965 ἄγγελος.
3257 2890 3405 2959 Ἀξω
3434 2892 3555 2966 γὰρ

1971 2987 2201 3059 εἰρήνην
2220 2987 2313 3040 ἐπὶ
2351 2989 2475 3050 τοὺς
2497 2987 2779 3057 ἄρχοντας,
2814 2987 3036 3058 εἰρήνην
3068 2988 3163 3040 καὶ
3188 2986 3397 3056 ὑγίειαν
3448 2986 3559 3038 αύο,

294 3096 397 3152 per
429 3081 724 3151 principes,
752 3095 937 3150 pacem
967 3091 1023 3136 et
1049 3082 1335 3137 sanitatem
1368 3081 1489 3150 ipsi.
1527 3099 1547 3134 ι
1588 3080 1861 3148 Quasnam

1972 3077 2062 3149 τῷ.
2109 3098 2128 3130 ι
2166 3078 2357 3141 Ποίους
2381 3077 2438 3130 δέ
2462 3094 2627 3149 φησιν
2664 3079 2949 3149 ἄρχοντας,
2991 3078 3023 3150 ἢ
3076 3080 3202 3142 τοὺς
3240 3080 3332 3132 ὑπ’
3379 3078 3553 3133 αὐτοῦ

295 3174 571 3243 principes
608 3182 892 3236 memorat,
934 3173 1041 3228 nisi
1085 3187 1180 3228 eos
1222 3173 1315 3243 qui
1350 3174 1418 3227 ab
1451 3173 1569 3243 ipso
1611 3174 1677 3226 ad
1720 3174 1867 3242 prin-

294 3267 535 3337 cipatum
583 3266 639 3321 in
689 3265 934 3322 Ecclesia
1003 3267 1301 3336 gerendum
1357 3267 1638 3323 constituti
1697 3266 1867 3320 sunt?

293 3356 600 3427 Discipulos
624 3348 751 3413 'dico
778 3368 831 3412 et
859 3358 1140 3428 apostolos
1173 3358 1365 3428 ipsius,
1416 3372 1627 3413 necnon
1676 3371 1864 3412 eorum

295 3463 394 3518 per
442 3457 613 3503 totum
646 3450 837 3505 orbem
890 3464 1257 3516 successores,
1309 3450 1510 3518 quibus
1551 3449 1733 3502 datum
1782 3457 1866 3502 est

281 3548 357 3593 aut
394 3554 526 3594 sana
557 3550 738 3594 mente
780 3551 986 3603 essent,
1036 3550 1091 3594 et
1142 3556 1329 3610 pacem
1376 3548 1563 3593 mutuo
1601 3538 1861 3600 colerent,

294 3646 420 3689 cum
470 3632 602 3701 ipsis
632 3632 859 3698 diceret,
897 3651 918 3686 ι
952 3632 1149 3688 Pacem
1198 3646 1373 3687 meam
1425 3635 1496 3686 do
1537 3632 1716 3698 vobis,
1765 3645 1865 3701 pa-

294 3739 415 3780 cem
466 3739 642 3780 meam
700 3724 949 3795 relinquo
1006 3723 1182 3779 vobis.
1253 3722 1479 3793 Magnus
1530 3722 1867 3792 principatus

293 3809 435 3878 ejus,
467 3821 523 3865 et
560 3812 713 3880 pacis
742 3813 860 3883 ejus
911 3826 1019 3865 non
1070 3814 1179 3866 erit
1227 3812 1349 3866 linis
1378 3812 1444 3866 ⁸⁷.
1478 3830 1498 3865 ι
1553 3810 1864 3867 Secundum

296 3901 724 3960 ll'heodotionem
773 3920 935 3969 vero,
970 3923 989 3956 ι
1021 3905 1326 3981 Pacisejus
1378 3920 1486 3961 non
1530 3905 1639 3961 erit
1678 3906 1866 3959 termi-

296 4011 418 4051 nus.
469 4015 491 4048 ι
525 3993 773 4062 Quantus
805 4009 970 4063 porro
1015 3994 1180 4049 fuerit
1211 3995 1354 4065 ejus,
1397 3995 1489 4065 qui
1530 3995 1583 4050 in
1630 3997 1867 4066 prophe—

298 4086 376 4146 tia
410 4083 608 4151 fertur,
637 4085 976 4155 principatus
1008 4085 1300 4156 intelligas,
1341 4087 1387 4142 si
1426 4086 1719 4142 Ecclesiam
1751 4087 1869 4155 ejus

180 4196 184 4202 -
296 4177 355 4233 in
400 4184 521 4233 toto
571 4176 708 4233 orbe
757 4176 1114 4231 constitutam
1168 4178 1518 4244 consideres;
1566 4179 1662 4235 sed
1697 4179 1869 4235 multo

296 4265 471 4336 magis
507 4264 554 4322 si
602 4265 687 4320 bis
723 4266 792 4319 de
840 4265 933 4320 illo
958 4265 1206 4335 Apostoli
1251 4267 1577 4322 testimoniis
1625 4269 1867 4322 animum

1966 3170 2154 3240 ἄρχειν
2183 3168 2282 3238 τῆς
2325 3167 2649 3239 Ἐκκλησίας
2679 3166 2842 3220 αὑτοῦ
2878 3167 3349 3238 καθεσταμένους;
3388 3168 3561 3237 Λέγω,

1964 3259 2026 3331 δὴ
2059 3258 2304 3330 μαθητὰς
2352 3258 2516 3313 αὐτοῦ
2550 3259 2645 3311 καλ⁸
2678 3258 3025 3323 ἀποστόλους,
3062 3257 3185 3323 τούς
3205 3276 3265 3312 τε
3301 3258 3399 3331 τὴν
3425 3257 3558 3312 τού-

1963 3366 2072 3402 των
2096 3348 2341 3420 διαδοχὴν
2366 3347 2798 3419 ὑποδεξαμένους
2827 3348 2948 3403 καθ’
2980 3349 3109 3421 ὅλης
3149 3351 3250 3422 τῆς
3290 3350 3555 3421 οἰκουμέ-

1966 3457 2083 3512 νης,
2118 3435 2201 3504 οἷς
2231 3439 2409 3512 ψυχῆς
2433 3441 2644 3509 ὑγίειαν
2674 3441 2767 3495 καὶ
2794 3441 3015 3512 εἰρήνην
3049 3440 3190 3512 ἔχειν
3216 3440 3353 3512 πρὸς
3378 3439 3553 3512 ἀλλής

1966 3532 2088 3596 λους
2116 3532 2388 3603 ἐδωρεῖτο,
2425 3533 2483 3586 ἐν
2515 3530 2596 3596 οἷς
2628 3533 2765 3604 πρὸς
2793 3534 2988 3598 αὐτοὺς
3008 3533 3223 3603 ἔλεγεν·
3261 3552 3279 3585 ι
3307 3534 3553 3605 Εἰρήνην

1966 3622 2064 3694 τὴν
2091 3621 2229 3694 ἐμὴν
2287 3621 2479 3695 δίδωμι
2531 3624 2694 3692 ὑμῖν,
2741 3624 2964 3696 εἰρήνην
3008 3623 3105 3697 τὴν
3159 3624 3297 3695 ἐμὴν
3344 3623 3555 3695 ἀφίημι

1967 3714 2114 3785 ὑμῖν.
2142 3715 2367 3786 Μεγάλη
2401 3716 2435 3786 ἡ
2463 3715 2606 3787 ἀρχὴ
2641 3714 2830 3781 αὐτοῦ,
2862 3716 3078 3785 καὶτῆς
3123 3717 3346 3788 εἰρήνης
3378 3715 3555 3769 αὐτοῦ

1966 3806 2067 3860 οὐκ
2102 3804 2252 3860 ἔσται
2278 3804 2451 3870 τέλος.
2476 3825 2496 3858 ι
2531 3805 2689 3860 Κατά
2719 3804 2851 3875 γοῦν
2873 3800 2967 3860 τὸν
2993 3805 3345 3872 Θεοδοτίωνα,
3376 3825 3396 3856 ι
3431 3806 3551 3878 Τῆς

1968 3898 2190 3969 εἰρήνης
2217 3897 2381 3951 αὐτοῦ
2411 3899 2512 3951 οὐκ
2536 3897 2688 3951 ἔσται
2718 3898 2909 3970 πέρας.
2947 3916 2966 3951 r
3024 3897 3258 3968 Νοήσεις
3282 3897 3340 3952 δὲ
3359 3920 3375 3934 ·
3396 3898 3552 3961 ὅπως

1972 3990 2181 4060 μεγάλη
2206 3990 2394 4059 γέγονε
2427 3989 2522 4043 τοῦ
2553 3989 3031 4063 προφητευομένου
3062 3992 3094 4062 ή
3120 3990 3282 4062 ἀρχὴ,
3300 3991 3398 4060 τὴν
3422 3989 3560 4044 καθ“

1967 4081 2096 4153 ὅλης
2119 4082 2216 4152 τῆς
2243 4082 2566 4153 οἰκουμένης
2608 4083 2932 4154 Ἐκκλησίαν
2968 4082 3133 4136 αὑτοῦ
3163 4082 3381 4155 θεωρῶν
3405 4099 3419 4113 ’
3451 4085 3551 4137 καὶ

1969 4170 2050 4227 ἔτι
2081 4172 2278 4243 μᾶλλον
2310 4174 2612 4245 ἐπιστήσας
2637 4177 2758 4238 ταῖς
2783 4173 2879 4226 τοῦ
2925 4173 3245 4227 Ἀποστόλου
3272 4175 3400 4247 περὶ
3444 4175 3549 4229 αύ-

1968 4263 2062 4318 τοῦ
2090 4265 2435 4337 μαρτυρίαις,
2463 4266 2528 4320 δι’
2555 4260 2629 4320 ὧν
2659 4282 2811 4336 φησι,
2868 4283 2885 4317 t
2938 4264 3097 4319 Κατὰ
3127 4264 3225 4337 τὴν
3270 4265 3561 4337 ἐνέργειαν

297 4357 591 4424 adhibeas,
634 4356 833 4428 quibus
884 4356 997 4422 ait,
1055 4375 1075 4409 ι
1137 4357 1447 4413 Secundum
1492 4360 1864 4428 operationem

1972 4356 2067 4410 τοῦ
2092 4357 2327 4430 κράτους
2356 4359 2456 4430 τῆς
2491 4358 2673 4429 ἰσχύος
2701 4358 2867 4412 αὑτοῦ
2885 4398 2900 4423 ,
2928 4359 2994 4430 ήν
3024 4360 3325 4430 ἐνήργησεν
3354 4361 3413 4411 ὲν
3470 4360 3561 4430 τῷ

295 4452 555 4521 potentia
586 4450 806 4506 virtutis
843 4450 986 4521 ejus,
1017 4466 1179 4520 quam
1212 4461 1468 4523 operatus
1509 4461 1593 4506 est
1621 4450 1676 4506 in
1703 4452 1867 4507 Chri-

294 4551 404 4607 sto,
435 4541 707 4598 suscitans
736 4542 887 4596 illum
917 4558 945 4596 a
984 4544 1236 4609 mortuis,
1267 4555 1322 4598 et
1352 4544 1689 4599 constituens
1721 4544 1868 4599 illum

294 4633 351 4688 in
380 4633 605 4689 dextera
650 4648 749 4689 sua
784 4635 840 4690 in
877 4634 1218 4698 cmlestibus,
1261 4650 1423 4705 supra
1469 4650 1683 4690 omnem
1718 4635 1871 4705 prin-

294 4726 531 4795 cipatum
573 4734 629 4781 et
667 4736 998 4796 potestatem
1044 4736 1099 4782 et
1142 4728 1398 4782 virtutem
1447 4735 1506 4780 et
1545 4727 1872 4782 dominatio-

296 4833 441 4884 nem,
485 4828 537 4874 et
579 4834 742 4888 supra
767 4834 940 4874 omne
977 4835 1173 4875 nomen
1217 4820 1360 4884 quod
1402 4819 1715 4873 nominatur
1735 4818 1802 4872 ⁸⁸.
1843 4837 1863 4870 ι

296 4908 375 4963 Ita
421 4924 654 4979 magnus
701 4919 787 4964 est
833 4905 1138 4965 Salvatoris
1185 4909 1354 4963 nostri
1401 4907 1772 4979 principatus,
1813 4916 1870 4963 et

294 5001 444 5071 pacis
481 5000 599 5071 ejus
646 5016 751 5055 non
789 5011 873 5055 est
925 5001 1085 5061 linis;
1126 5016 1248 5055 nam
1294 4999 1734 5067 interminabilis,
1779 5014 1868 5055 se-

297 5095 533 5150 nectutis
558 5109 755 5165 expers
786 5102 841 5148 et
872 5093 1378 5163 incircumscriptus
1414 5092 1506 5148 ille
1542 5103 1667 5148 est:
1696 5109 1865 5162 quare

296 5187 499 5240 dictum
535 5197 641 5251 est,
685 5206 704 5239 ι
754 5186 975 5242 Orietur
1012 5188 1067 5241 in
1121 5187 1310 5243 diebus
1357 5186 1528 5257 ipsius
1568 5186 1776 5255 justitia
1813 5197 1869 5242 ‘et

294 5278 630 5333 abundantia
665 5279 819 5348 pacis
853 5280 919 5336 ”.
953 5299 973 5332 ι

371 5369 534 5425 Vsus.
566 5369 620 5422 Ἰ.
651 5387 671 5421 ‹
704 5370 881 5441 Super
906 5373 1159 5427 thronum
1191 5374 1359 5429 David
1386 5381 1441 5428 et
1467 5387 1694 5444 regnum
1725 5373 1864 5443 ejus,

291 5464 360 5521 ad
402 5462 744 5533 dirigentium
781 5464 945 5532 illud,
1000 5475 1055 5520 et
1096 5464 1549 5536 patrocinaudum
1596 5465 1646 5519 ei
1691 5464 1746 5518 in
1779 5462 1868 5532 ju-

1970 4449 2208 4520 Χριστῷ,
2242 4449 2459 4521 ἐγείρας
2476 4450 2642 4521 αὑτὸν
2672 4452 2737 4506 ἐκ
2764 4451 2972 4522 νεκρῶν
3000 4452 3096 4505 καὶ
3118 4451 3346 4516 καθίσας
3386 4452 3557 4506 αὐτὸν

1972 4539 2029 4591 ἐν
2054 4537 2206 4610 δεξιᾷ
2233 4537 2396 4600 αύτοῦ
2427 4541 2483 4591 ἐν
2508 4542 2621 4604 τοῖς
2642 4540 3004 4611 ἐπουρανίοις,
3059 4539 3315 4613 ὑπεράνω
3367 4542 3561 4611 πάσης

1970 4632 2145 4703 ἀρχῆς
2176 4632 2270 4685 καὶ
2312 4630 2558 4695 ἐξουσίας
2585 4671 2600 4694 ,
2636 4633 2729 4685 καὶ
2764 4632 3044 4702 δυνάμεως
3071 4632 3166 4686 καὶ
3207 4632 3558 4705 κυριότητος,

1973 4724 2067 4776 καὶ
2098 4723 2299 4787 παντὸς
2320 4722 2580 4794 ὀνόματος
2613 4723 3037 4795 ὀνομαζομένου.
3076 4743 3096 4776 ι
3126 4714 3293 4779 bimo
3338 4725 3552 4798 μεγάλη

1973 4816 2007 4885 ή
2035 4813 2129 4867 τοῦ
2167 4815 2417 4886 Σωτῆρος
2446 4815 2790 4889 ήμῶνάρχὴ,
2825 4819 2919 4872 καὶ
2959 4819 3061 4890 τῆς
3112 4820 3333 4891 εἰρήνης
3386 4820 3558 4874 αὐτοῦ

1969 4910 2070 4963 οὐκ
2100 4909 2215 4964 ἐστι
2242 4909 2428 4974 τέλοςε
2463 4909 2818 4982 ὰτελεύτητος
2864 4909 2973 4982 γὰρ
3024 4909 3121 4964 καὶ
3172 4911 3397 4983 ἀγήρως
3456 4914 3558 4968 καὶ

1971 5003 2347 5077 ἀπερίγραφος
2377 5003 2516 5075 αὕτη
2544 5004 2800 5075 τυγχάνει
2819 5021 2832 5034 ο
2856 5004 2939 5056 διὸ
2967 5003 3243 5058 λέλεκται·
3283 5023 3301 5056 ι
3342 5005 3559 5058 Ἀνατε-

1969 5097 2053 5151 λεί
2084 5098 2141 5151 ἐν
2177 5100 2295 5162 ταῖς
2318 5097 2552 5171 ἡμέραις
2611 5094 2778 5150 αὑτοῦ
2832 5095 3143 5168 δικαιοσύνη
3197 5096 3292 5151 καὶ
3348 5096 3557 5166 πλῆθος

1972 5191 2215 5262 εἰρήνης.
2251 5209 2270 5241 ι

2041 5297 2061 5330 ι
2114 5280 2236 5332 Ἐπὶ
2260 5278 2353 5333 τὸν
2386 5279 2574 5351 θρόνον
2602 5279 2767 5334 Δαυῖδ
2792 5278 2885 5332 καὶ
2921 5278 3018 5350 τὴν
3059 5280 3331 5351 βασιλείαν
3360 5280 3550 5345 αὐτοῦ,

1976 5373 2318 5447 κατορθῶσαι
2340 5373 2529 5445 αὐτὴν,
2563 5375 2656 5427 καὶ
2687 5374 3073 5429 ἀντιλαϐέσθαι
3101 5376 3160 5429 ἐν
3196 5374 3423 5447 κρίματι
3457 5375 3555 5429 καὶ

1974 5469 2033 5519 ἐν
2059 5465 2390 5540 δικαιοσύνῃ.
2440 5465 2572 5521 Ἀπὸ
2609 5465 2704 5521 τοῦ
2750 5465 2847 5523 νῦν
2903 5466 2998 5521 καὶ
3038 5467 3119 5531 εἰς
3164 5465 3258 5523 τὸν
3310 5467 3481 5525 αἰῶνα
3524 5468 3561 5532 ἀ

357 5671 399 5704 ³⁷
438 5663 593 5722 Joau.
628 5665 846 5734 Xtv,27.
921 5667 968 5700 ⁸⁸
995 5663 1449 5741 Ephes.T,'l9-:Zl.
1477 5667 1522 5703 ”
1553 5665 1693 5724 Psal.
1734 5682 1883 5732 ιλιι,
1917 5667 1972 5736 1.,
