3850 6210
186 274 288 332 153

1135 281 1646 341 COMMENTARIA
1685 286 1754 343 IN
1793 287 2053 346 lSAlAM.
2094 273 2163 334 ᾁ-
2199 288 2354 346 CAP.
2397 289 2487 346 IX.

3354 278 3462 350 {54

183 391 346 463 ζῆλος
376 393 587 465 Κυρίου
621 393 850 448 Σαϐαὼθ
900 397 1114 467 ποιήσει
1180 399 1375 455 ταῦτα.
1415 419 1434 452 ›
1500 403 1669 474 Τήρει
1724 403 1767 457 δὲ

1886 407 2030 462 dicio
2081 413 2137 461 et
2179 404 2235 460 in
2265 401 2502 473 iustitia.
2550 403 2762 460 Amodo
2791 413 2846 460 et
2903 405 2956 460 in
2999 404 3257 460 saaculum
3312 409 3461 463 zelus

186 484 434 555 ἀκριϐῶς
465 486 614 548 ὅπως
654 487 755 539 οὐκ
805 487 1016 561 εἴρηται
1063 489 1498 564 καθεσθήσεσθαι
1541 493 1634 548 εει
1683 495 1775 550 τὸν

187 576 376 647 θρόνον
409 576 576 630 Δαυῒδ
607 578 966 644 ἁπλῶς,ἁλλὰ
991 581 1087 634 και
1114 583 1208 636 ἐπὶ
1240 585 1340 656 τὴν
1372 572 1646 655 βασιλείαν
1679 589 1778 642 αὑ-

184 662 300 723 τοῦ,
330 664 684 735 κατορθῶσαι
711 667 876 739 αὐτήν
896 685 909 698 ο
945 670 1103 740 ἡμῶν
1138 677 1666 743 προσυπακουόντιαιν
1714 679 1775 732 τὸ

186 755 336 824 ἥξειν
365 757 532 811 αὐτὴν
562 760 656 811 ἐπὶ
684 759 761 830 τῷ
794 761 1136 833 κατορθῶσαι
1165 763 1257 816 τὸν
1277 764 1464 836 θρόνον
1493 767 1657 820 Δαυῖδ
1679 770 1774 823 καὶ

186 848 281 919 τὴν
295 851 508 922 σκηνὴν
528 856 897 907 πεπτωκυῖαν.
915 853 1134 926 Ἐπειδὴ
1153 856 1265 928 γὰρ
1284 857 1658 929 κατέστραπτο
1681 861 1774 914 καὶ

187 939 473 1011 καθῄρητο
501 944 536 1014 ή
565 942 812 1012 βασιλεία
839 944 1002 998 Δαυτδ
1027 947 1137 1003 ἀπὸ
1167 947 1276 1001 τῶν
1309 949 1516 1020 χρόνων
1560 950 1662 1020 τῆς
1694 953 1774 1014 εἰς

187 1033 489 1087 Βαϐυλῶνα
529 1037 902 1108 αἰχμαλωσίας
933 1039 1026 1093 τοῦ
1061 1039 1191 1094 λαοῦ
1217 1058 1230 1072 ’
1275 1038 1413 1113 ἦσαν
1456 1043 1512 1096 δέ
1558 1061 1773 1117 προφη-

186 1127 328 1177 τεῖαι
361 1126 718 1192 θεσπίζουσαι
741 1129 832 1181 τὸν
868 1128 1057 1200 θρόνον
1097 1131 1261 1185 Δαυῒδ
1289 1133 1610 1205 διαλάμψειν
1657 1154 1772 1206 φω-

187 1215 276 1280 τὸς
307 1215 542 1287 ἡλιακοῦ
569 1215 726 1288 δίκην
754 1217 874 1271 καθ’
905 1217 1034 1290 ὅλης
1079 1220 1179 1289 τῆς
1229 1223 1552 1293 οἰκουμένης
1577 1240 1591 1253 ο
1642 1223 1775 1277 ταύ-

186 1325 286 1377 την
310 1308 486 1380 αὐτὴν
519 1307 744 1380 ἐλήλυθε
801 1309 896 1382 τὴν
953 1313 1286 1381 ἐπαγγελίαν
1340 1314 1773 1386 πληρῶσαι·.ἐκ

189 1399 506 1470 σπέρματος
537 1402 637 1472 μὲν
658 1401 820 1455 Δαυῒδ
846 1404 984 1458 κατὰ
1012 1405 1190 1476 σάρκα
1214 1405 1569 1477 γεννώμενος,
1600 1426 1771 1462 κατα-

185 1489 420 1561 λάμπων
441 1492 499 1545 δὲ
528 1494 628 1556 τὰς
647 1493 756 1547 τῶν
791 1495 1093 1568 ἀνθρώπων
1121 1497 1296 1568 ψυχάς
1315 1516 1326 1528 ·
1374 1501 1468 1554 καὶ
1496 1499 1593 1570 τὴν
1622 1499 1773 1570 βασι-

186 1582 334 1637 λείαν
359 1584 526 1638 αὐτοῦ
559 1586 840 1657 κρατύνων
873 1587 961 1642 διὰ
987 1589 1204 1642 πάντων
1232 1589 1340 1644 τῶν
1372 1591 1495 1644 καθ’
1522 1593 1650 1663 ὃλην
1673 1592 1770 1663 τὴν

185 1677 516 1748 οἰκουμένην
541 1677 732 1732 ἐθνῶν.
783 1680 868 1733 Ἔν
889 1679 1099 1746 τούτοις
1127 1682 1236 1753 γὰρ
1265 1683 1357 1735 τὸν
1395 1683 1583 1754 θρόνον
1607 1683 1771 1738 Δαυῒδ

1878 498 2093 555 Domini
2135 497 2378 554 Sabaoth
2433 496 2600 552 faciet
2646 497 2780 552 hare.
2819 517 2837 550 ι
2871 498 3139 553 Observes
3182 509 3460 562 accurate,

1879 605 1986 646 non
2019 589 2344 659 simpliciter
2377 589 2584 644 dictum
2625 588 2793 644 fuisse
2831 591 3004 659 ipsum
3039 591 3092 644 in
3125 591 3320 644 throno
3356 589 3464 644 Da-

1876 686 1966 740 vid
1996 698 2272 740 sessurum
2314 695 2475 746 esse,
2519 683 2612 736 sed
2645 682 2807 736 etiam
2861 697 3024 750 super
3072 697 3295 751 regnum
3341 684 3458 751 ejus

1877 777 1944 830 ad
1984 775 2282 846 regendum
2313 772 2477 838 illud;
2512 774 2669 828 nobis
2696 773 3144 828 subaudieutibus
3171 783 3457 828 venturum

1876 867 2027 921 illum
2063 882 2186 922 esse
2237 867 2304 921 ad
2341 868 2758 922 restaurandum
2807 865 3060 919 thronqu
3114 864 3360 931 Davidis,
3402 875 3458 920 et

1877 961 2291 1015 tabernaculum
2329 960 2466 1026 ejus,
2492 961 2634 1028 quod
2672 960 2879 1030 lapsum
2919 958 3115 1012 fuerat.
3147 956 3281 1023 Quia
3311 959 3456 1012 enim

1875 1068 1906 1106 a
1943 1053 2280 1123 temporibus
2327 1051 2672 1123 Babylonica:
2725 1051 3062 1120 captivitatis
3097 1064 3346 1105 eversum
3403 1058 3459 1102 et

1875 1145 2146 1200 sublatum
2199 1144 2378 1199 fuerat
2431 1160 2658 1215 regnum
2717 1142 2980 1206 Davidis,
3045 1157 3108 1196 ac
3161 1141 3460 1210 prophetia:

1874 1238 2126 1300 aderant,
2158 1252 2278 1306 qua:
2327 1238 2769 1292 vaticinabantur
2808 1236 3064 1289 thronum
3112 1233 3330 1288 Davidis
3371 1247 3460 1286 so-

1873 1327 2002 1381 laris
2039 1327 2258 1382 luminis
2305 1327 2480 1382 instar
2530 1327 2926 1381 illustraturum
2973 1339 3096 1378 esse
3149 1332 3320 1377 totum
3366 1337 3460 1377 or-

1875 1419 2034 1483 bem;
2069 1420 2212 1473 hanc
2261 1418 2352 1474 ille
2379 1418 2810 1487 promissionem
2846 1415 3126 1486 impletum
3173 1415 3353 1482 venit,
3389 1430 3458 1469 ex

1873 1513 2084 1566 semine
2130 1513 2348 1582 quidem
2409 1512 2577 1566 David
2629 1510 2926 1565 secundum
2990 1522 3212 1562 carnem
3257 1518 3408 1561 natus
3437 1546 3455 1570 ,

1874 1601 2083 1656 animas
2125 1609 2300 1656 autem
2355 1601 2635 1655 hominum
2697 1598 3050 1662 illumiuans,
3118 1613 3182 1651 ac
3231 1612 3455 1665 regnum

1874 1692 1991 1760 ejus
2025 1691 2163 1761 apud
2219 1706 2411 1745 omnes
2467 1692 2634 1745 totius
2670 1691 2820 1744 orbis
2869 1699 3057 1759 gentes
3102 1689 3454 1742 conﬁrmans.

183 1767 538 1840 διωρθώσατο
571 1810 586 1835 ,
657 1770 808 1842 παρὰ
874 1772 1146 1836 Ἰουδαίοις
1205 1773 1610 1846 καθῃρημένον.
1663 1775 1767 1827 Καὶ

1873 1754 1929 1836 In
1983 1754 2072 1837 his
2118 1782 2320 1851 quippe
2365 1797 2599 1852 regnum
2660 1754 2896 1833 Davidis'
2921 1779 3130 1842 erexit,
3183 1793 3211 1830 a
3252 1775 3456 1832 Iudaeis

180 1860 339 1916 τοῦτο
378 1861 616 1933 ἔπραξεν
640 1863 746 1916 ἀπὸ
773 1862 866 1916 τοῦ
898 1865 992 1918 νῦν
1021 1865 1116 1918 καὶ
1175 1867 1255 1929 εἰς
1301 1865 1391 1919 τὸν
1413 1865 1585 1920 αἰῶνα
1610 1882 1624 1897 ·
1676 1865 1769 1918 τοῦ

183 1953 302 2022 μὲν,
338 1951 481 2006 «ἀπὸ
499 1952 594 2006 τοῦ
623 1953 773 2019 νῦν,ι
805 1955 1164 2026 σημαίνοντος
1191 1957 1364 2027 ἀρχὴν
1393 1957 1587 2029 χρόνου
1642 1957 1773 2029 ὡρι-

181 2045 410 2115 σμένην,
427 2045 496 2097 δι’
529 2041 596 2116 ἦς
620 2048 648 2099 ό
674 2048 862 2119 καιρός
893 2047 1146 2120 ἐδηλοῦτο
1169 2049 1268 2121 τῆς
1327 2051 1406 2114 εἰς
1451 2048 1772 2122 ἀνθρώπους

180 2135 482 2206 ἐπιδημίας
519 2138 685 2192 αὐτοῦ
717 2157 731 2170 ·
788 2141 883 2192 τοῦ
929 2140 1007 2203 δέ,
1068 2160 1087 2192 ι
1131 2142 1212 2204 εἰς
1263 2140 1356 2194 τὸν
1397 2141 1587 2205 αἰῶνα,
1618 2161 1636 2192 ι
1673 2142 1772 2214 τὴν

179 2229 409 2291 ἁπιρον
438 2231 534 2284 καὶ
583 2230 782 2302 διαρκῆ
824 2232 1101 2303 βασιλείαν
1148 2232 1313 2288 αὐτοῦ
1368 2234 1769 2306 παριστῶντος.

181 2319 468 2390 Τηρητέον
505 2322 585 2383 δέ,
649 2323 725 2386 ὡς
760 2325 793 2393 ἡ
858 2323 956 2392 μὲν
1007 2323 1198 2394 πρώτη
1248 2325 1377 2395 περὶ
1435 2323 1528 2377 τοῦ
1560 2342 1774 2396 προφη-

177 2412 478 2482 τευομένου
503 2413 809 2484 πρόρρησις
843 2416 906 2467 ἐκ
941 2413 1218 2485 Παρθένου
1261 2414 1622 2486 τεχθήσεσθαι
1676 2416 1774 2468 αὑ-

179 2505 271 2558 τὸν
297 2505 527 2576 ἐδήλου·
580 2509 612 2577 ή
655 2506 711 2558 δέ
745 2506 994 2578 δευτέρα,
1032 2507 1232 2560 ώσανεί
1268 2507 1621 2578 ζητουμένου,
1656 2507 1774 2572 πῶς

181 2597 335 2650 ἔσται
369 2597 552 2659 τοῦτο,
582 2598 673 2651 τὸν
696 2597 900 2670 Κύριον
919 2599 1106 2670 εἰσῆγε
1127 2597 1371 2668 λέγοντα,
1409 2617 1426 2650 t
1457 2599 1568 2652 Kal.
1605 2616 1776 2671 προσ-

180 2688 349 2758 ῆλθον
417 2688 559 2759 πρὸς
591 2689 691 2760 τὴν
732 2690 1000 2761 προφῆτιν
1027 2707 1041 2721 θ
1097 2691 1192 2743 καὶ
1243 2691 1302 2744 ἐν
1349 2691 1550 2762 γαστρὶ
1593 2691 1776 2757 ἔλαϐε,

180 2781 275 2833 καὶ
301 2780 493 2834 ἔτεκεν
515 2781 649 2833 υἰόνο
685 2799 706 2832 ›
730 2783 762 2852 ἡ
788 2781 844 2834 δέ
882 2782 1040 2852 τρίτη
1078 2781 1264 2835 οὐκέτι
1293 2783 1620 2854 μνημονεύει
1641 2785 1776 2856 κυή-

181 2890 321 2937 σεως
367 2873 732 2944 παρθενικῆς,
767 2873 887 2926 οὐδὲ
928 2872 1023 2926 τοῦ
1062 2873 1264 2945 τρόπου
1321 2873 1422 2942 τῆς
1461 2873 1603 2927 κατὰ
1643 2874 1776 2929 Θεὸν

180 2965 490 3035 παραδόξου
553 2964 870 3034 συλλήψεως
897 2981 911 2994 ⁸
971 2963 1066 3018 ἅτε
1132 2964 1196 3036 δὴ
1271 2965 1777 3036 προμεμαθηκότων

178 3053 337 3124 ἡμῶν
386 3052 596 3116 ταῦτα,
629 3054 757 3124 περὶ
809 3052 904 3106 τοῦ
959 3053 1147 3117 παιδὸς
1198 3053 1366 3107 αὐτοῦ
1421 3053 1772 3126 διεξέρχεται,

180 3145 516 3199 παιδεύουσα
546 3146 692 3216 ἡμᾶς
729 3145 799 3198 τὰ
819 3146 1104 3220 ἀπόρρητα
1136 3149 1235 3218 τῆς
1266 3147 1396 3218 περὶ
1448 3147 1614 3201 αὐτοῦ
1650 3149 1769 3202 θεοει
1797 3126 1838 3182 C

180 3239 388 3308 λογίαςο
419 3239 592 3292 ταῦτα
642 3238 702 3291 δὲ
729 3239 907 3293 πάντα
946 3240 1073 3310 περὶ
1109 3238 1206 3293 τοῦ
1249 3240 1503 3311 τυχόντος
1555 3241 1766 3295 παιδίου

179 3329 458 3398 λέγεσθαι,
487 3331 588 3383 οὐκ
625 3323 742 3384 οῖδα
775 3331 892 3394 πῶς
923 3333 1245 3402 συστήσαιεν
1272 3335 1321 3385 οἰ
1347 3335 1411 3387 ἐκ
1444 3337 1764 3406 περιτομῆς,

185 3421 258 3492 μὴ
288 3420 606 3492 βουλόμενοι
641 3422 1045 3492 παραδέξασθαι
1072 3424 1162 3478 τὸν
1204 3426 1470 3497 ἡμέτερον
1517 3427 1764 3498 Σωτῆρα,

180 3507 225 3582 ᾧ
252 3516 323 3568 τὰ
346 3515 486 3584 ἔργα
513 3517 800 3585 μαρτυρεῖ,
834 3517 928 3569 καὶ
958 3517 1066 3570 τῶν
1108 3520 1502 3590 πραγμάτωνὴ
1545 3519 1767 3583 ἔκϐασις

185 3608 306 3669 τοὺς
334 3606 530 3672 λόγους
565 3607 1039 3678 ἐπισφραγίζεται.
1095 3628 1114 3661 ι
1178 3611 1348 3682 Ζῆλος
1395 3612 1600 3683 Κυρίου
1661 3613 1766 3664 Σα-

182 3695 332 3750 ϐαὼθ
363 3699 580 3768 ποιήσει
615 3697 810 3751 ταῦτα.
854 3719 872 3750 ι
905 3701 1063 3764 Ποῖος
1091 3701 1282 3772 ζῆλος,
1319 3703 1351 3774 ἢ
1383 3703 1443 3756 ὃν
1494 3703 1766 3774 ἐζήλωσεν

182 3787 386 3856 ἀγαθόν
421 3790 516 3842 καὶ
566 3789 716 3859 αὐτῷ
755 3791 1055 3861 πρέποντα,
1094 3794 1175 3856 εἰς
1216 3793 1276 3846 τὸ
1332 3794 1501 3847 σῶσαι
1558 3795 1766 3860 πάντας

179 3881 308 3943 τοὺς
339 3880 448 3933 ὑπὸ
497 3880 594 3934 τοῦ
626 3880 874 3936 διαϐόλου
917 3883 1516 3952 καταδυναστευθέντας
1535 3928 1549 3953 ,
1572 3889 1666 3942 καὶ
1687 3890 1768 3953 εἰς

182 3970 454 4040 ἀθεότητα
479 3989 686 4026 κατασυ
696 3974 886 4044 ρέντας
904 3991 918 4038 ;

258 4268 278 4301 c
307 4250 550 4304 Θάνατον
609 4251 894 4304 ἀπέστειλε
966 4252 1171 4322 Κύριος
1223 4255 1315 4309 ἐπὶ
1389 4254 1617 4319 Ἰακὼϐ,
1672 4257 1766 4310 καὶ

181 4338 344 4412 ἦλθεν
371 4344 468 4397 ἐπὶ
505 4344 758 4415 Ἰσραήλ·
809 4346 903 4398 καὶ
950 4347 1249 4415 γνώσονται
1288 4349 1396 4411 πᾶς
1424 4351 1452 4401 ὁ
1498 4331 1627 4411 λαὸς
1669 4348 1763 4402 τοῦ

196 4434 455 4506 Ἐφραῒμ,
514 4437 607 4489 καὶ
643 4437 694 4488 οἱ
726 4437 1021 4508 καθήμενοι
1055 4441 1111 4491 ἐν
1159 4441 1441 4512 Σαμαρείᾳ
1471 4443 1552 4509 ἐφ’
1611 4441 1762 4514 ὕϐρει

183 4530 275 4581 καὶ
307 4529 486 4600 ὑψηλῇ
512 4530 732 4600 καρδία,
787 4531 1060 4598 λέγοντες·
1097 4533 1314 4586 Πλίνθοι
1372 4535 1757 4589 πεπτώκασιν

183 4619 316 4673 ἀλλὰ
337 4620 495 4674 δεῦτε
526 4620 868 4692 λαξεύσωμεν
901 4623 1081 4688 λίθους
1113 4665 1128 4688 ,
1160 4627 1255 4697 καὶ
1286 4625 1540 4697 κόψωμεν
1590 4645 1758 4680 συκα-

186 4711 395 4781 μίνους,
434 4712 527 4765 καὶ
546 4713 791 4784 κέδρους,
823 4714 917 4767 καὶ
934 4715 1376 4787 οἰκοδομήσωμεν
1401 4718 1609 4780 ἐαυτοῖς
1625 4717 1763 4789 πύρέ

180 4821 296 4872 γον.
321 4823 340 4856 ι
388 4805 546 4857 Ἤτοι
587 4807 636 4858 οἰ
686 4805 782 4876 τὴν
841 4808 1151 4882 Σαμάρειαν
1208 4809 1502 4874 οἰκοῦντες,
1550 4811 1762 4882 Ἰσραὴλ

179 4895 631 4966 χπματίζοντες,
654 4897 750 4950 καὶ
783 4896 911 4961 λαός
947 4899 1040 4952 τοῦ
1077 4899 1318 4972 Ἐφραῖμ
1351 4901 1758 4974 ὀνομαζόμενοι,

178 4986 263 5040 διὰ
289 4987 351 5039 τό
379 4986 763 5059 βασιλευθῆναι
790 4989 894 5042 ὑπὸ
913 4991 1022 5043 τῶν
1046 4993 1111 5044 ἐκ
1136 4992 1312 5062 φυλῆς
1359 4993 1453 5046 τοῦ
1499 4994 1758 5066 Ἐφραῒμ,

178 5078 534 5148 χλευάζοντες
581 5081 676 5134 καὶ
735 5080 1156 5148 ἐξευτελίζοντες
1209 5084 1310 5154 τὴν
1375 5085 1759 5156 Ἰερουσαλὴμ,

180 5169 422 5234 πλίνθοις
478 5171 683 5240 ταύτην
733 5172 968 5239 ἔφασκον
1023 5176 1459 5246 οἰκοδομεῖσθαι,
1515 5178 1611 5231 καὶ
1661 5177 1758 5242 τὰς

180 5263 379 5330 στέγας
427 5264 571 5334 ἔχειν
621 5284 639 5315 ι
681 5265 788 5318 ἀπὸ
820 5269 1132 5338 συκαμίνων
1165 5289 1183 5320 ι
1239 5268 1272 5339 ἦ
1339 5288 1355 5318 ι
1384 5270 1701 5340 συκομόρων
1733 5288 1752 5320 ι

179 5357 322 5412 κατὰ
348 5359 476 5422 τοὺς
497 5358 716 5422 λοιποὺς
743 5360 1103 5429 ἐρμηνευτάς.
1133 5359 1246 5414 Εἶθ’
1277 5361 1350 5424 ὡς
1385 5363 1538 5414 αὐτοὶ
1559 5360 1763 5431 βελτίο-

178 5468 244 5505 να
275 5450 431 5503 πόλιν
462 5451 964 5514 κατασκευάσοντες
988 5495 1002 5515 ,
1036 5451 1436 5523 ἐπηγγέλλοντο
1472 5453 1561 5505 διὰ
1598 5451 1761 5506 λίθων

182 5542 388 5605 ξυστῶν
425 5543 521 5596 καὶ
550 5543 756 5614 κέδρων
792 5545 1182 5616 οἰκοδομήσειν,
1223 5545 1319 5597 καὶ
1340 5545 1460 5598 ἀντὶ
1502 5543 1597 5598 τοῦ
1630 5544 1759 5598 ναοῦ

181 5633 272 5686 τοῦ
319 5635 379 5686 ἐν
431 5633 789 5705 Ἰερουσαλὴμ
836 5635 1042 5708 πύργον
1088 5637 1300 5700 ἑαυτοῖς
1333 5637 1657 5708 ἀναστήσειν
1701 5639 1760 5689 ἐν

185 5724 500 5792 Σαμαρείᾳ·
557 5727 638 5780 διὸ
690 5731 779 5781 καί
845 5729 1027 5793 ἐπειδὴ
1086 5729 1307 5784 τοιαῦτα
1363 5730 1758 5797 τετολμήκασιν

1871 1875 2164 1930 sublatum.
2210 1874 2276 1928 Et
2303 1875 2405 1928 hoc
2441 1873 2694 1942 praestitit
2724 1873 2794 1928 ab
2845 1873 2947 1926 hoc
2993 1881 3236 1940 tempore
3278 1885 3452 1938 usque

1871 1967 1926 2020 in
1965 1965 2255 2030 saeculum;
2291 1965 2363 2018 ita
2397 1975 2454 2018 ut
2487 1965 2638 2029 illud,
2676 1981 2696 2014 ‹
2728 1962 2958 2026 amodo,
3006 1979 3025 2014 ι
3061 1961 3272 2014 initium
3315 1970 3456 2012 tem-

1872 2057 2018 2126 poris
2048 2058 2328 2113 deﬁnitum
2369 2055 2660 2126 signiﬁcet,
2705 2069 2814 2123 quo
2845 2061 3060 2124 tempus
3088 2054 3202 2121 ejus
3249 2053 3314 2107 ad
3359 2052 3457 2106 lto-

1873 2153 2044 2206 mines
2077 2154 2342 2205 adventus
2378 2149 2726 2212 declaratur;
2756 2147 2885 2201 illud
2921 2157 3125 2210 autem,
3169 2165 3188 2196 ι
3224 2147 3277 2199 in
3308 2160 3455 2199 sem-

1872 2246 2174 2314 piternum,
2224 2260 2244 2293 ι
2276 2241 2546 2296 inﬁnitum
2589 2255 2654 2295 ac
2703 2248 3026 2310 perpetuum
3077 2252 3302 2306 regnum
3340 2237 3456 2303 ejus

1873 2337 2135 2391 declarat.
2177 2335 2587 2389 Observandum
2629 2341 2807 2386 autem
2847 2340 2954 2395 εει,
3006 2330 3235 2399 primam
3278 2329 3346 2383 de
3390 2344 3455 2382 eo

1873 2423 1963 2495 qui
2008 2428 2060 2480 in
2110 2427 2393 2497 prophetia
2443 2425 2644 2488 fertur,
2695 2423 3138 2493 praedictionem,
3188 2421 3334 2474 illum
3386 2435 3452 2472 ex

1874 2517 2095 2588 Virgine
2143 2517 2472 2571 nasciturum
2518 2529 2639 2569 esse
2682 2513 2996 2580 declarare;
3029 2510 3322 2566 secundam
3363 2525 3456 2564 ve.

1875 2626 1956 2671 ro,
2005 2625 2067 2664 ac
2107 2610 2151 2664 si
2200 2602 2515 2679 'quzeratur,
2570 2622 2680 2676 quo
2723 2616 2884 2674 pacto
2938 2605 2990 2659 id
3040 2604 3281 2658 futurum
3344 2604 3451 2669 sit,

1875 2705 2050 2774 ipsum
2094 2701 2379 2755 Dominum
2450 2700 2532 2754 sic
2583 2700 2894 2768 loquentem
2972 2699 3250 2760 inducere,
3321 2713 3340 2745 ι
3388 2693 3454 2748 Et

1877 2794 2082 2849 accessi
2119 2793 2184 2845 ad
2237 2791 2679 2862 prophetissam:
2721 2790 2858 2845 etin
2900 2801 3054 2844 utero
3103 2786 3347 2856 accepit.
3400 2793 3455 2839 et

1875 2884 2088 2955 peperit
2109 2881 2338 2946 Filium;
2383 2901 2401 2933 ι
2449 2882 2665 2935 tertiam
2713 2890 2925 2944 autem,
2969 2880 3270 2948 virgineum
3322 2893 3452 2946 par-

1880 2987 1992 3030 tum
2030 2991 2135 3029 non
2173 2975 2318 3028 ultra
2354 2988 2679 3039 memorare,
2711 2986 2888 3042 neque
2919 2972 3136 3026 modum
3174 2974 3456 3040 stupenda:

1880 3067 2027 3121 illius
2060 3066 2354 3120 secundum
2404 3063 2573 3117 Deum
2631 3062 3024 3130 conceptionis,
3061 3070 3244 3130 utpote
3298 3061 3454 3116 nobis

1873 3159 2014 3213 hanc
2061 3172 2176 3212 rem
2221 3156 2608 3224 jam'edoctis;
2661 3149 2755 3209 sed
2789 3156 2853 3207 de
2906 3152 3046 3207 Filio
3088 3153 3255 3221 ipsius
3287 3151 3452 3205 verba

1875 3251 2096 3311 facere,
2154 3262 2360 3316 nosque
2414 3247 2462 3299 in
2525 3245 2807 3314 theologia:
2863 3245 2978 3311 ejus
3029 3245 3247 3297 arcanis
3296 3243 3454 3296 iusti-

1874 3350 2070 3398 tucre._
2098 3339 2370 3392 Cteterum
2418 3340 2603 3390 nescio
2647 3351 2757 3405 quo
2804 3347 2964 3404 pacto
3007 3335 3041 3388 ii
3092 3336 3182 3403 qui
3231 3349 3297 3388 ex
3334 3335 3454 3388 cir-

1869 3432 2209 3488 cumcisione
2239 3439 2382 3496 sunt,
2431 3430 2545 3483 haec
2596 3429 2661 3482 de
2713 3428 2920 3496 vulgari
2969 3441 3136 3496 puero
3188 3427 3294 3479 dici
3342 3435 3456 3479 sta-

1873 3533 2054 3586 tuunt,
2089 3524 2334 3577 nolentes
2362 3522 2655 3576 admittere
2687 3520 3029 3574 Salvatorem
3057 3528 3333 3582 nostrum,
3362 3516 3450 3571 cui

1870 3620 1986 3687 ipsa
2011 3631 2176 3686 opera
2215 3615 2588 3670 testimonium
2625 3612 2890 3676 aﬁ'erunt,
2941 3626 3061 3665 cum
3100 3621 3330 3664 eventus
3365 3624 3454 3663 re-

1871 3725 1990 3764 rum
2038 3720 2320 3763 sermones
2385 3705 2652 3772 obsiguet.
2696 3721 2715 3754 ε
2753 3703 2912 3758 Zelus
2955 3702 3166 3756 Domini
3210 3701 3450 3756 Sabaoth

1869 3803 2032 3858 faciet
2067 3803 2203 3856 haec.
2249 3817 2269 3849 ι
2313 3797 2446 3865 Quis
2478 3797 2628 3853 zelus
2669 3797 2772 3852 nisi
2808 3797 2897 3852 ille
2935 3796 3110 3850 bonus
3150 3804 3205 3849 et
3237 3794 3453 3849 conde-

1868 3910 2019 3960 cens,
2064 3909 2174 3962 quo
2209 3893 2300 3948 ille
2339 3893 2597 3946 incensus
2630 3898 2746 3953 est,
2777 3889 2841 3943 ad
2891 3888 3120 3942 salutem
3168 3886 3236 3940 iis
3277 3885 3454 3940 omni-

1869 3988 1971 4044 bus
2000 3987 2323 4058 paraudam,
2373 3987 2463 4054 qui
2500 3985 2601 4039 sub
2649 3983 2888 4037 dominio
2937 3981 3137 4036 diaboli
3177 3988 3367 4045 erant,
3396 3987 3453 4033 et

1871 4081 1924 4135 in
1958 4079 2292 4150 impietatem
2349 4075 2611 4149 pertracti
2659 4073 2923 4130 fuerant?

1943 4263 2104 4320 Vsus.
2154 4261 2311 4320 8—10.
2343 4280 2362 4315 ι
2398 4260 2626 4317 Mortem
2661 4261 2810 4316 misit
2838 4260 3099 4316 Dominus
3142 4270 3302 4328 super
3355 4253 3451 4312 Ja-

1859 4355 1994 4424 ‘cob,
2041 4364 2097 4410 et
2149 4355 2302 4410 venit
2355 4368 2523 4422 super
2565 4352 2776 4408 Israel:
2827 4360 2881 4406 et
2930 4357 3222 4420 cognoscet
3273 4347 3448 4402 omnis

1797 4488 1838 4542 υ
1868 4449 2101 4520 populus
2149 4447 2406 4518 Ephraim
2435 4485 2451 4510 ,
2515 4453 2571 4498 et
2622 4443 2713 4513 qui
2768 4443 2957 4497 sedent
3001 4442 3055 4495 in
3101 4440 3348 4494 Samaria
3395 4439 3447 4491 in

1870 4537 2198 4593 contumelia
2231 4544 2286 4591 et
2329 4535 2440 4590 alto
2473 4534 2658 4598 corde,
2709 4535 2990 4588 dicentes:
3038 4530 3261 4584 Lateres
3307 4528 3451 4583 ceci-

1870 4633 2103 4695 derunt;
2148 4630 2242 4685 sed
2287 4629 2493 4695 venite,
2526 4629 2769 4683 dolemus
2800 4625 3022 4695 lapides,
3077 4633 3130 4678 et
3176 4622 3448 4676 caedamus

1872 4725 2182 4796 sycaminos
2212 4733 2267 4779 et
2299 4723 2513 4786 cedros,
2545 4729 2598 4775 et
2623 4720 2957 4775 mdiﬁcemus
2986 4717 3141 4771 nobis
3172 4714 3386 4770 turrim.
3421 4733 3440 4766 ι
3533 4704 3536 4708 ’

1870 4819 1926 4874 id
1965 4829 2070 4884 est,
2111 4817 2147 4871 ii
2199 4816 2291 4887 qui
2345 4815 2646 4871 Samariam
2710 4811 2979 4874 incolunt,
3031 4807 3196 4863 Israel
3235 4822 3445 4861 nuncu-

1867 4912 2002 4981 pati,
2044 4921 2099 4964 et
2127 4909 2357 4980 p0pulus
2390 4907 2646 4977 Ephraim
2678 4903 2881 4967 vocati,
2923 4901 3048 4972 quia
3096 4899 3315 4970 regibus
3346 4898 3443 4952 tri-

1867 5006 1966 5060 bus
2017 5002 2272 5073 Ephraim
2317 5003 2520 5056 subditi
2562 5008 2750 5064 erant,
2792 4998 3080 5052 irridentes
3113 5002 3168 5047 et
3214 4990 3445 5059 vilipen-

1866 5097 2057 5150 dentes
2085 5093 2412 5157 Jerusalem,
2447 5093 2617 5161 ipsam
2653 5105 2721 5144 ex
2755 5088 3016 5142 lateribus
3058 5091 3324 5138 structam
3362 5079 3445 5133 di-

1861 5185 2092 5247 cebant,
2144 5197 2208 5236 ac
2251 5181 2457 5250 tegulas
2509 5180 2708 5234 habere
2751 5194 2817 5232 ea:
2853 5175 3160 5247 sycaminis,
3199 5172 3314 5227 sive
3357 5185 3444 5224 se-

1861 5271 2098 5326 cundum
2136 5272 2372 5340 reliquos
2407 5273 2750 5337 interpretes,
2787 5281 2850 5320 ea:
2885 5263 3210 5336 sycomoris,
3247 5261 3439 5316 factas.
3522 5261 3526 5266 ’

1864 5363 2066 5418 Deinde
2093 5379 2250 5429 vero,
2286 5378 2349 5418 ac
2395 5365 2439 5418 si
2482 5363 2557 5416 illi
2603 5359 3037 5431 prtestantiorem
3076 5355 3263 5410 urbem
3297 5364 3443 5409 stru-

1865 5457 2008 5510 cturi
2039 5463 2256 5520 essent,
2300 5468 2420 5509 eam
2453 5469 2520 5509 ex
2550 5453 2739 5508 incisis
2766 5449 3038 5520 lapidibus
3065 5457 3120 5502 et
3154 5463 3221 5502 ex
3263 5446 3443 5502 cedris

1866 5561 1928 5603 se
1972 5545 2337 5601 :ediﬁcaturos
2387 5560 2510 5601 esse
2559 5543 2995 5614 pollicebantur:
3042 5551 3098 5595 et
3151 5537 3336 5608 templi
3386 5538 3440 5591 in

1864 5636 2164 5692 Jerusalem
2199 5637 2393 5691 stantis
2430 5637 2578 5701 loco,
2631 5638 2826 5688 turrim
2876 5633 2980 5688 sibi
3013 5633 3352 5688 excitatums
3386 5629 3440 5681 in

1867 5726 2146 5796 Samaria;
2189 5728 2310 5784 ideo
2343 5727 2470 5798 quia
2502 5726 2576 5783 illi
2619 5727 2671 5782 in
2711 5735 2913 5782 tantam
2951 5723 3324 5793 arrogantiam
3351 5733 3442 5775 ve-
