3850 6210
392 269 500 326 1δὸ

1102 257 1377 317 EUSEBII
1412 256 1898 317 CESARIENSIS
1933 255 2084 313 OPP.
2125 254 2306 311 PARS
2344 254 2433 312 lll.
2471 284 2541 296 —-
2576 250 2992 309 EXEGETICA.

3551 248 3649 305 156

393 384 515 437 nire
562 378 681 434 ausi
744 376 997 441 fuerant,
1041 375 1300 446 deinceps
1347 375 1715 433 comminatur
1759 375 1838 431 eis
1885 375 1971 429 his

2096 370 2605 433 ιπαυθαδιάσασθαι,
2629 367 2841 423 ἀπειλεῖ
2880 366 3061 428 αὐτοῖς
3114 362 3238 434 ἑξῆς
3282 365 3310 416 6
3346 361 3501 430 λόγος
3549 364 3653 431 φάρ-

393 474 578 530 verbis
604 492 618 527 :

467 566 630 620 Vens.
662 564 717 617 2.
762 581 781 614 ι
818 562 882 617 Ει
928 561 1139 632 franget
1180 562 1319 615 Deus
1368 574 1486 625 eos,
1545 560 1637 630 qui
1676 561 1970 630 insurgunt

393 671 556 727 super
600 663 839 708 montem
884 652 1040 715 Sion,
1072 660 1128 706 et
1172 651 1424 705 inimicos
1467 651 1771 720 dissipabit.
1822 670 1841 703 ›
1875 650 1974 704 Se-

394 749 631 805 cundum
678 746 963 801 historiam
998 744 1177 809 enim,
1208 744 1357 814 quia,
1397 743 1608 813 inquit,
1652 744 1687 798 ii
1741 742 1833 812 qui
1874 742 1974 798 Sa-

394 841 624 895 mariam
682 837 991 893 incolebant
1041 836 1171 891 talia
1212 835 1330 891 ausi
1386 844 1534 899 sunt,
1578 846 1632 890 et
1669 836 1975 904 petulanter

393 932 633 1004 agebant
661 938 850 985 contra
891 939 1129 983 montem
1162 927 1318 995 Sion,
1359 937 1416 982 et
1452 939 1644 983 contra
1683 927 1847 982 Deum
1877 926 1976 980 ibi—

394 1034 519 1089 dem
557 1031 800 1094 cultum;
847 1044 941 1085 eos
1001 1042 1095 1094 se,
1145 1028 1302 1097 quasi
1348 1044 1418 1084 ex
1471 1043 1667 1100 magna
1709 1030 1978 1098 superbiae

395 1122 718 1179 celsitudine
776 1119 1160 1187 depressurum
1216 1128 1272 1173 et
1322 1118 1625 1173 fracturam
1672 1121 1979 1175 commina-

398 1226 506 1271 tur.
553 1213 591 1267 li
632 1212 834 1283 quippe
880 1210 973 1280 qui
1015 1220 1208 1265 contra
1264 1221 1506 1266 montem
1557 1212 1689 1268 Sion
1741 1214 1979 1271 insurre-

394 1319 623 1374 xerunt,
668 1310 834 1365 etiam
888 1308 943 1361 in
1007 1308 1183 1377 ipsum
1246 1307 1418 1361 Deum
1483 1306 1647 1377 impie
1702 1310 1977 1380 agebant:

396 1417 537 1472 quos
571 1417 632 1457 se
661 1400 1075 1456 humiliaturum
1119 1407 1177 1453 et
1214 1397 1623 1454 confracturum
1661 1414 1783 1456 esse
1813 1400 2003 1467 dicit:

397 1506 501 1547 nec
530 1492 680 1563 ipsos
723 1490 903 1555 solos,
949 1490 1045 1545 sed
1094 1488 1261 1544 etiam
1313 1488 1565 1546 inimicos
1602 1488 1719 1559 ejus
1749 1490 1984 1562 dissipa-

398 1593 579 1637 turum
617 1596 774 1638 esse:
805 1581 1123 1653 signiﬁcans
1148 1594 1245 1635 eos
1268 1594 1337 1635 ex
1372 1578 1659 1645 Damasco,
1692 1582 1781 1650 qui
1811 1582 1982 1637 Israe-

395 1680 465 1735 lis
500 1680 900 1735 commilitones
940 1684 1137 1742 erant,
1191 1686 1251 1731 ut
1288 1676 1437 1746 prius
1474 1677 1730 1732 traditum
1765 1687 1869 1732 est.
1906 1678 1985 1733 Ac

2076 481 2241 518 σκων·

2152 579 2169 609 ι
2201 557 2310 612 Καὶ
2346 556 2495 629 ῥάξει
2521 556 2549 609 6
2582 556 2714 619 Θεὸς
2745 556 2870 617 τοὺς
2916 550 3385 619 ἐπανισταμένους
3443 549 3536 602 ἐπὶ
3593 550 3654 602 τὸ

2074 654 2199 724 ὅρος
2227 652 2385 715 Σιὼν,
2418 651 2513 702 καὶ
2565 649 2690 711 τοὺς
2744 646 2971 717 ἐχθροὺς
3019 641 3377 697 διασκεδάσει.
3426 660 3445 692 ι
3496 641 3654 694 Κατά

2074 744 2204 815 γοῦν
2232 743 2329 815 τὴν
2357 741 2615 814 ἱστορίαν,
2642 738 2849 811 ἐπειδὴ,
2881 737 3066 809 φησιν,
3103 738 3152 789 οἰ
3194 735 3293 806 τὴν
3346 735 3657 805 Σαμάρειαν

2075 836 2352 898 οἰκοῦντες
2383 833 2606 889 τοιαῦτα
2628 831 3016 903 τετολμήκασι,
3045 829 3139 883 καὶ
3190 826 3660 899 κατεθρασύνοντο

2077 930 2219 983 κατά
2249 928 2342 981 τοῦ
2376 927 2533 999 ὅρους
2560 924 2719 989 Σιὼν,
2754 924 2848 977 καὶ
2882 922 3023 978 κατά
3070 920 3164 975 τοῦ
3212 922 3269 973 ὲν
3314 920 3463 989 αὑτῷ
3492 938 3663 990 τιμω-

2081 1018 2242 1090 μένου
2270 1016 2429 1079 Θεοῦ,
2463 1014 2539 1079 ὡς
2579 1014 2688 1067 ἀπὸ
2723 1013 2959 1085 μεγάλου
3018 1011 3184 1082 ὕψους
3237 1010 3337 1080 τῆς
3380 1010 3665 1080 ὑπερηφαν-

2078 1112 2225 1175 νείας
2259 1110 2438 1165 αὐτῶν
2487 1106 2842 1161 ταπεινώσειν
2908 1105 2999 1161 καὶ
3046 1102 3409 1175 καταρράξειν
3464 1102 3664 1164 αὐτοὺς

2079 1204 2315 1257 ἀπειλεῖ.
2344 1202 2482 1265 Τοὺς
2516 1199 2625 1272 γὰρ
2652 1199 2744 1253 ἐπὶ
2777 1198 2837 1250 τὸ
2861 1197 2987 1270 ὅρος
3013 1194 3152 1249 Σιὼν
3199 1194 3667 1263 ἐπανισταμένους

2079 1298 2169 1357 ὲπῗ
2200 1296 2363 1350 αὑτὸν
2396 1296 2485 1348 τὸν
2518 1294 2650 1347 Θεὸν
2683 1291 2901 1347 ἀσεϐεῖν
2955 1288 3263 1342 συνέϐαινεν
3284 1305 3295 1317 ·
3331 1285 3420 1350 οὒς
3470 1303 3673 1340 ταπει-

2080 1388 2273 1443 νώσειν
2296 1388 2388 1441 καὶ
2415 1385 2600 1457 ράξειν
2628 1384 2815 1455 φησὶν,
2841 1381 2902 1434 οὐ
2936 1379 3151 1451 μόνους,
3177 1376 3310 1430 ἀλλά
3337 1376 3431 1429 καὶ
3459 1374 3667 1436 πάντας

2080 1481 2205 1545 τοὺς
2234 1480 2460 1553 ἐχθροὺς
2489 1475 2655 1532 αὑτοῦ
2688 1472 3090 1529 διασκεδάσειν·
3126 1470 3406 1541 σημαίνων
3457 1469 3584 1531 τοὺς
3612 1469 3671 1520 ὲν

2082 1572 2361 1644 Δαμασκῷ
2430 1566 2855 1641 συμμαχοῦντας
2924 1563 3003 1635 τῷ
3068 1561 3283 1635 Ἰσραὴλ
3319 1600 3334 1625 ,
3391 1559 3532 1613 κατά
3601 1558 3673 1611 τά

2088 1664 2398 1736 ἔμπροσθεν
2431 1658 2819 1729 ἀποδεδομένα.
2841 1657 2951 1711 Καὶ
2984 1654 3190 1719 πάντας
3209 1656 3266 1709 δὲ
3294 1656 3421 1719 τοὺς
3454 1656 3518 1707 ὲκ
3560 1652 3685 1707 τῶν.

399 1771 640 1834 reliquos
670 1785 862 1825 omnes
893 1770 985 1838 qui
1021 1780 1209 1823 contra
1256 1776 1495 1822 montem
1536 1767 1670 1824 Sion
1708 1778 1765 1825 et
1796 1779 1985 1824 contra

2096 1753 2295 1808 λοιπῶν
2316 1749 2780 1819 ἐπανισταμένους
2810 1747 2890 1818 τῷ
2932 1747 3048 1819 δρει
3077 1745 3235 1808 Σιὼν,
3295 1746 3387 1800 καὶ
3412 1744 3492 1816 τῷ
3549 1744 3677 1813 Θεῷ

399 1856 568 1911 Deum
612 1857 813 1912 ibidem
855 1859 1062 1910 cultum
1114 1854 1547 1921 insurrexerunt,
1605 1870 1664 1912 se
1694 1856 1986 1927 dissipatu-

402 1964 520 2002 rum
565 1963 688 2004 esse
733 1947 1056 2017 pollicetur:
1109 1962 1178 2002 ex
1215 1962 1447 2016 quorum
1497 1963 1728 2005 numero
1765 1948 1856 2003 alii
1922 1963 1988 2003 ex

400 2042 611 2097 oriente
655 2050 833 2107 erant,
862 2041 953 2096 alii
989 2055 1054 2096 ex
1081 2056 1277 2097 occasu
1309 2040 1461 2107 solis,
1492 2041 1655 2097 medii
1688 2052 1869 2097 autem
1896 2058 1987 2096 eo-

404 2149 521 2189 rum
556 2132 731 2190 Graeci
779 2143 958 2188 erant.
1013 2131 1077 2187 Hi
1127 2133 1329 2188 etenim
1384 2147 1575 2188 omnes
1624 2143 1985 2187 memoratum

404 2227 659 2281 lsraelem
695 2225 855 2296 pleno
883 2240 979 2281 ore
1020 2228 1369 2292 devorantes,
1401 2234 1563 2296 atque
1591 2225 1643 2279 in
1675 2240 1830 2279 suum
1872 2225 1989 2280 ido-

404 2319 635 2376 lolatria:
658 2333 901 2374 errorem
920 2318 1261 2388 dejicientes,
1292 2336 1352 2376 se
1372 2321 1460 2387 iis,
1491 2319 1583 2389 qui
1614 2328 1802 2375 contra
1830 2336 1987 2374 mon-

405 2424 513 2467 tem
569 2410 702 2466 Sion
741 2411 1115 2482 insurgebant,
1168 2411 1525 2467 auxiliaturos
1554 2425 1620 2467 ac
1666 2411 1988 2468 commilito-

404 2518 501 2559 nes
531 2518 719 2559 eorum
749 2502 964 2559 futuros
992 2518 1114 2559 esse
1142 2503 1553 2574 promittebant.

477 2596 643 2652 Vsus.
676 2596 862 2652 16-15.
904 2614 923 2647 ι
962 2594 1029 2649 Ει
1058 2596 1280 2652 abstulit
1318 2596 1578 2652 Dominus
1604 2596 1671 2652 ab
1698 2595 1865 2660 Israel
1898 2612 1988 2650 ca-

407 2697 592 2756 putet
647 2688 903 2752 caudam,
954 2703 1207 2759 magnum
1256 2697 1313 2744 et
1348 2704 1573 2758 parvum
1625 2690 1677 2743 in
1715 2704 1822 2743 una
1867 2690 1989 2753 die,

405 2796 565 2835 senes
591 2789 646 2835 et
676 2795 770 2835 eos
798 2780 890 2850 qui
926 2781 1136 2835 vultum
1180 2780 1542 2846 admirantur,
1589 2782 1691 2835 hoc
1717 2790 1803 2835 est
1849 2782 1995 2850 priu-

405 2873 646 2941 oipium;
682 2882 736 2927 et
791 2871 1112 2941 prophetam
1167 2873 1449 2927 docentem
1503 2873 1716 2942 iniqua,
1775 2872 1867 2927 hic
1911 2884 1989 2927 est

406 2964 602 3019 cauda.
648 2981 667 3015 ι
704 2963 810 3018 Pro
842 2962 970 3028 illo,
1012 2981 1031 3015 ι
1065 2963 1302 3017 Abstulit
1337 2964 1598 3019 Dominus
1634 2965 1701 3019 ab
1733 2962 1928 3031 Israel,
1970 2984 1988 3017 ι

409 3057 626 3126 Aquila,
666 3074 685 3108 ι
728 3055 795 3110 Ει
824 3056 1014 3124 perdet
1052 3056 1347 3122 Dominus;
1386 3074 1404 3106 ι
1443 3054 1805 3127 Symmachus
1836 3071 1988 3117 vero.
2018 3085 2060 3142 ρ

415 3165 435 3199 ι
476 3145 542 3200 Ει
576 3145 852 3215 disperdet
894 3144 1189 3211 Dominus;
1238 3164 1256 3197 ι
1296 3145 1634 3212 Theodotio,
1680 3165 1699 3199 ι
1740 3146 1805 3201 Ει
1841 3146 1992 3200 aufe-

413 3248 533 3305 ret,
587 3254 608 3290 ι
669 3237 723 3292 in
769 3235 952 3291 futuro
1005 3237 1292 3302 dixerunt;
1349 3238 1505 3308 quasi
1552 3238 1695 3294 Deus
1742 3238 1857 3293 haec
1907 3238 1991 3293 fa-

409 3340 598 3382 cturus
636 3328 738 3382 sit:
790 3342 912 3396 qua:
948 3336 1074 3380 ante
1121 3337 1375 3383 eventum
1423 3327 1710 3397 praedicit,
1749 3338 1807 3381 ut
1841 3328 1995 3381 audi-

415 3430 560 3473 tores
591 3419 657 3473 ad
695 3419 1075 3489 pa'nitentiam
1108 3428 1387 3489 provocet,
1433 3434 1501 3477 ne
1546 3435 1668 3490 qua:
1698 3419 1995 3475 commina-

413 3519 501 3567 tur
542 3511 673 3582 ipsis
704 3512 978 3567 eveniant.
1006 3512 1129 3568 Una
1175 3527 1338 3581 porro
1368 3511 1455 3568 die
1493 3527 1554 3569 se
1594 3512 1851 3583 praedicta
1878 3526 1994 3565 om-

415 3600 525 3667 nia,
565 3615 687 3671 quae
716 3601 934 3671 quidem
983 3600 1273 3672 perspicua
1332 3611 1501 3669 sunt,
1550 3602 1824 3658 facturum
1875 3618 1996 3657 esse

412 3690 567 3758 dicit,
615 3691 668 3746 id
721 3700 826 3756 est,
859 3706 965 3746 uno
1002 3693 1308 3761 eodemque
1346 3702 1608 3763 tempore.
1651 3692 1788 3747 Cum
1816 3704 1993 3747 autem

413 3782 544 3837 dicit
586 3791 747 3853 caput
793 3794 849 3838 et
886 3783 1115 3838 caudam
1140 3824 1156 3851 ,
1205 3784 1425 3838 brutum
1458 3784 1666 3838 animal
1695 3784 1992 3854 signiﬁcat;

414 3874 468 3929 id
497 3874 697 3944 quippe
733 3889 840 3930 non
882 3875 1166 3930 hominum
1196 3876 1479 3945 proprium
1527 3884 1633 3942 est,
1682 3877 1824 3945 quod
1867 3893 1997 3931 cau-

415 3966 540 4018 dam
596 3965 855 4030 habeant,
905 3967 1001 4022 sed
1052 3966 1338 4023 brutorum
1386 3966 1745 4021 animalium:
1796 3966 1997 4037 quibus

416 4055 672 4126 populum
721 4057 954 4112 similem
1008 4073 1130 4114 esse
1174 4059 1348 4111 dicit:
1410 4059 1495 4114 vel
1553 4069 1720 4129 caput
1766 4068 1821 4114 et
1864 4074 1996 4114 cau-

418 4149 571 4211 dam,
608 4146 992 4203 rationabilem
1034 4158 1090 4203 et
1144 4147 1613 4216 irrationabilem;
1662 4148 1994 4220 principem,

416 4239 693 4293 subditum
740 4248 797 4295 et
832 4239 1079 4294 ultimum
1118 4248 1316 4295 vocat:
1359 4239 1505 4310 quod
1552 4241 1717 4296 etiam
1774 4241 1857 4297 sic
1899 4240 1997 4297 de-

418 4329 655 4384 claravit
690 4330 900 4396 dicens,
942 4347 963 4382 ι
1000 4345 1257 4400 magnum
1304 4341 1360 4386 et
1399 4347 1647 4402 parvum.
1684 4350 1705 4385 ι
1742 4332 1849 4387 Pro
1881 4333 1995 4398 illo,

2087 1843 2167 1916 τῷ
2199 1842 2435 1898 ἐνταῦθα
2466 1840 2763 1913 τιμωμένῳ
2790 1879 2804 1903 ,
2831 1838 3207 1895 διασκεδάσειν
3240 1836 3637 1905 ἐπαγγέλλεται
3660 1856 3671 1866 ·

2088 1931 2164 1991 ὧν
2218 1937 2269 1989 οἰ
2330 1935 2429 2005 μὲν
2476 1929 2616 2004 ἦσαν
2670 1928 2977 1985 ἀνατολικοί
3007 1948 3171 1993 τινες,
3206 1932 3255 1983 οἱ
3288 1929 3344 1982 δὲ
3397 1928 3487 1997 ἀφ’
3522 1928 3678 1999 ἡλίου

2090 2029 2335 2101 δυσμῶν,
2372 2027 2530 2098 μέσοι
2555 2025 2612 2079 δὲ
2637 2022 2844 2078 τούτων
2885 2024 2935 2076 οί
2970 2023 3249 2093 Ἕλληνες.
3316 2022 3523 2084 Πάντες
3564 2022 3683 2089 γὰρ

2087 2117 2253 2185 οῦτοι,
2271 2120 2363 2173 τὸν
2396 2116 2762 2189 προλεχθέντα
2791 2114 3010 2187 Ἰσραὴλ
3037 2116 3144 2186 ὅλῳ
3188 2114 3266 2184 τῷ
3290 2114 3517 2184 στόματι
3544 2131 3679 2166 κατ-

2092 2215 2367 2277 εσθίοντες
2402 2213 2496 2265 καὶ
2528 2209 2959 2272 καταϐάλλοντες
2988 2210 3079 2261 ἐπὶ
3113 2207 3210 2276 τὴν
3263 2207 3362 2276 τῆς
3390 2205 3680 2260 εἰδωλολα-

2088 2308 2277 2380 τρείας
2305 2306 2515 2361 ἑαυτῶν
2542 2306 2771 2376 πλάνην,
2807 2304 3020 2374 βοηθεῖν
3051 2302 3147 2356 καὶ
3176 2304 3481 2372 συμμαχεῖν
3504 2302 3683 2372 ἐπηγ-

2089 2398 2339 2467 γέλλοντο
2422 2400 2535 2460 τοῖς
2610 2394 3064 2464 ὲπανισταμένοις
3130 2392 3274 2446 κατὰ
3347 2390 3441 2444 τοῦ
3516 2390 3691 2461 ὅρους

2089 2490 2247 2545 Σιών.

2169 2602 2187 2633 ι
2226 2582 2334 2636 Καὶ
2387 2580 2576 2650 ἀφεῖλε
2608 2578 2812 2650 Κύριος
2855 2576 2962 2631 ἀπὸ
3008 2575 3225 2647 Ἰσραὴλ
3279 2575 3519 2646 κεφαλὴν
3581 2574 3689 2631 καὶ

2093 2675 2280 2747 οὐρὰν,
2328 2674 2502 2745 μέγαν
2525 2672 2618 2725 καὶ
2656 2671 2849 2742 μικρὸν
2884 2673 2941 2721 ὲν
2969 2672 3068 2739 μιᾷ
3099 2669 3303 2741 ἡμέρᾳ,
3365 2666 3685 2739 πρεσϐύτην

2094 2768 2341 2829 καὶτοὺς
2394 2765 2465 2818 τὰ
2511 2764 2781 2836 πρόσωπα
2823 2760 3221 2833 θαυμάζοντας,
3269 2759 3405 2831 αῦτη
3444 2760 3681 2831 ήάρχή·

2094 2858 2187 2911 καὶ
2231 2857 2517 2928 προφήτην
2565 2854 2879 2908 διδάσκοντα
2932 2852 3143 2923 ἄνομα,
3180 2845 3333 2916 οὗτος
3381 2853 3415 2923 ή
3458 2852 3618 2923 οὐρά.
3660 2872 3687 2903 ι

2108 2950 2251 3005 ’Λντὶ
2302 2948 2484 3019 μέντοι
2531 2936 2648 3013 τὀῦ,
2690 2964 2708 2996 ι
2732 2945 2942 3014 Ἀφεῖλε
2977 2944 3180 3016 Κύριος
3221 2944 3330 2997 ἀπὸ
3375 2943 3625 3014 Ἰσραὴλ,
3662 2964 3686 2995 ι

2094 3045 2122 3096 6
2151 3042 2249 3113 μὲν
2293 3040 2547 3103 Ἀκύλας,
2584 3060 2601 3091 ι
2623 3040 2718 3093 καὶ
2744 3038 3053 3111 όλοθρεύσει
3078 3037 3281 3107 Κύριος
3300 3054 3313 3067 ·
3341 3056 3359 3088 ι
3394 3039 3422 3090 6
3452 3037 3507 3090 δὲ
3541 3036 3689 3109 Σύμ-

2097 3152 2290 3205 μαχος,
2346 3150 2364 3184 ι
2407 3133 2517 3187 Ka‘t
2577 3130 2945 3203 ὲξολοθρεύσει
2996 3128 3231 3201 Κύριος·
3274 3148 3294 3182 ι
3349 3129 3377 3181 6
3407 3129 3464 3182 δὲ
3486 3128 3685 3182 Θεοδο-

2092 3228 2242 3291 τίων,
2267 3246 2285 3278 ι
2311 3226 2421 3279 Καὶ
2446 3224 2657 3294 ἀφελεῖ,
2687 3244 2705 3275 ι
2745 3222 3080 3295 μελλητικῶς
3098 3224 3378 3293 εἰρήκασιν
3396 3239 3409 3253 ο
3440 3221 3516 3285 ῶς
3552 3221 3688 3291 μέλ-

2092 3318 2277 3382 λοντος
2312 3316 2487 3373 ταῦτα
2537 3318 2784 3388 ποιήσειν
2816 3315 2909 3369 τοῦ
2955 3314 3089 3367 Θεοῦ
3115 3332 3127 3344 ·
3164 3314 3200 3368 ἃ.
3252 3315 3379 3386 πρὶν
3426 3313 3687 3381 γενέσθαι

2094 3410 2371 3481 προλέγει,
2398 3410 2747 3477 ἐπιστρέφων
2776 3410 2857 3472 εἰς
2890 3408 3177 3479 μετάνοιαν
3208 3410 3333 3471 τοὺς
3386 3408 3686 3478 ἀκροωμέ-

2092 3521 2236 3569 νους,
2260 3504 2335 3567 ὡς
2365 3503 2432 3558 ἂν
2478 3502 2553 3575 μὴ
2581 3502 2806 3557 πάθοιεν
2829 3502 2897 3555 τά
2922 3501 3309 3572 ἀπειλούμενα-
3372 3501 3458 3553 Ἑν
3493 3500 3687 3572 ἡμέρα

2092 3595 2150 3653 δὲ
2183 3597 2282 3667 μιᾷ
2316 3612 2447 3667 φησι
2497 3595 2675 3648 πάντα
2734 3595 2983 3665 ποιήσειν
3023 3593 3094 3649 τὰ
3128 3592 3497 3665 προλεχθέντα
3528 3593 3685 3663 σαφῆ

2092 3685 2429 3754 τυγχάνοντα
2449 3702 2462 3717 ·
2493 3684 2767 3738 τουτέστιν
2795 3684 2883 3754 ὑφ’
2915 3684 3009 3738 ἕνα
3035 3686 3128 3737 καὶ
3157 3685 3246 3738 τὸν
3266 3682 3429 3737 αὑτὸν
3464 3685 3685 3752 καιρόν.

2094 3779 2351 3847 Κεφαλήν
2379 3778 2435 3831 δὲ
2461 3779 2555 3831 καὶ
2595 3778 2761 3849 οὐρὰν
2793 3778 2963 3831 εἰπὼν
2983 3816 2997 3840 ,
3026 3777 3244 3848 ᾐνίξατο
3279 3777 3415 3841 ζῶον
3444 3778 3643 3845 ἀλογον
3668 3794 3682 3807 ³

2093 3872 2155 3923 οὐ
2187 3871 2294 3939 γὰρ
2319 3870 2621 3943 ἀνθρώπων
2654 3870 2803 3933 ἰδιον,
2833 3870 2970 3923 ἀλσλά
2998 3870 3151 3935 ζώων
3179 3870 3386 3939 ἀλόγων
3418 3871 3478 3922 τὸ
3508 3870 3687 3940 οὐρὰν

2094 3962 2236 4032 ἔχειν
2262 3980 2275 3993 ·
2305 3958 2387 4026 οἷς
2435 3963 2525 4015 τὸν
2576 3962 2704 4017 λαὸν
2752 3963 3145 4031 ἀφωμοίωσεν·
3202 3962 3234 4031 ἢ
3292 3961 3533 4033 κεφαλὴν
3584 3962 3685 4015 καὶ

2093 4055 2282 4126 οὐρὰν,
2305 4056 2397 4109 τὸν
2426 4056 2641 4124 λογικὸν
2680 4055 2856 4110 καὶτὸ
2882 4055 3096 4124 ἄλογον,
3125 4055 3159 4126 ἢ
3194 4055 3286 4109 τὸν
3311 4056 3545 4126 ἄρχοντα
3582 4055 3684 4107 καὶ

2092 4147 2187 4201 τὸν
2232 4149 2551 4219 ἀρχόμενον,
2584 4148 2679 4202 καὶ
2712 4147 2971 4216 ἔσχατον·
2997 4146 3026 4200 ὃ
3084 4146 3150 4218 δὴ
3210 4148 3302 4201 καὶ
3352 4146 3687 4217 διεσάφησεν

2095 4238 2284 4304 εἰπὼν,
2326 4257 2344 4290 ι
2385 4240 2558 4310 μέγαν
2605 4241 2700 4292 καὶ
2738 4238 2955 4311 μικρόν.
2986 4258 3006 4291 ι
3056 4238 3291 4292 "Avi-16s
3318 4237 3435 4301 τοῦ,
3500 4256 3519 4287 ι
3545 4240 3681 4302 τοὺς

2093 4332 2162 4387 τά
2181 4332 2447 4405 πρόσωπα
2481 4332 2881 4403 θαυμάζοντας,
2917 4350 2936 4382 ι
2979 4333 3008 4385 6
3040 4330 3356 4402 Σύμμαχος,
3395 4350 3413 4382 ι
3446 4330 3540 4383 καὶ
3587 4333 3680 4383 αἱ-

421 4441 442 4474 (
487 4422 578 4491 qui
619 4423 800 4478 vultus
856 4423 1225 4488 admirantur,
1266 4442 1284 4475 ι
1322 4422 1702 4496 Symmachus,
1751 4441 1771 4475 ι
1812 4432 1868 4479 et
1904 4440 1989 4480 ve-

2096 4424 2333 4495 δέσιμον,
2362 4444 2381 4476 ι
2411 4425 2738 4495 ἡρμήνευσε.
2766 4425 2877 4476 Καὶ
2905 4418 3056 4486 οὗτος
3082 4419 3175 4477 οὖν
3204 4425 3232 4476 6
3271 4423 3549 4493 αἰδέσιμος
3582 4424 3680 4476 καὶ

424 4513 755 4581 nerabilem,
802 4532 824 4568 ι
865 4515 1261 4585 interpretatus
1296 4525 1401 4569 est.
1456 4514 1556 4570 Hic
1595 4529 1724 4586 ergo
1771 4531 1997 4571 venera-

422 4603 547 4660 liilis
577 4613 630 4660 et
659 4619 849 4672 senex,
880 4616 1044 4675 caput
1080 4620 1204 4661 esse
1245 4614 1454 4674 potest;
1488 4607 1659 4660 cauda
1714 4620 1843 4661 vero
1873 4622 1998 4676 pro-

422 4694 581 4766 pheta
617 4695 710 4765 qui
762 4695 950 4767 iniqua
1000 4695 1181 4763 docet,
1226 4696 1319 4766 qui
1354 4696 1508 4765 quasi
1565 4697 1709 4751 bruti
1749 4697 2001 4753 animalis

423 4792 668 4845 ultimum
708 4793 1011 4848 membrum
1063 4801 1162 4848 est.
1203 4790 1313 4847 llos
1358 4793 1525 4859 igitur
1563 4792 1631 4847 de
1685 4794 1863 4849 medio
1908 4795 2003 4848 tol-

422 4879 641 4945 lendos,
698 4889 863 4950 atque
931 4894 1038 4935 uno
1106 4888 1349 4946 tempore
1393 4881 1839 4937 exterminandos
1880 4896 2001 4938 esse

422 4968 821 5025 interminatur.

495 5060 659 5117 Vens.
688 5063 772 5118 18.
810 5082 829 5115 ε
870 5063 937 5119 Ει
965 5068 1324 5123 succcndetur
1350 5065 1505 5136 quasi
1528 5065 1667 5134 ignis
1692 5065 1951 5135 iniquitas
1981 5085 1997 5119 ι

420 5164 475 5207 ct
503 5156 658 5224 quasi
709 5172 931 5226 gramen
980 5157 1186 5212 siccum
1241 5158 1593 5213 devorabitur
1636 5158 1704 5213 ab
1757 5158 1897 5227 igne.
1933 5157 1999 5211 Et

420 5246 780 5311 succendetur
797 5247 849 5301 in
869 5248 1224 5305 densitatibus
1247 5248 1437 5313 saltus,
1451 5256 1505 5303 et
1521 5247 1799 5303 devorabit
1816 5247 1994 5302 omnia

425 5352 546 5391 OIHB
578 5337 784 5393 circum
808 5338 971 5394 colles
997 5350 1145 5395 sunt.
1188 5359 1208 5393 ι
1248 5341 1317 5396 Se
1361 5351 1419 5394 ut
1451 5341 1653 5395 bonum
1687 5340 1993 5395 animarum

425 5429 740 5498 agricolam,
765 5431 881 5487 haec
907 5431 1049 5487 factu
1060 5449 1175 5487 rum
1195 5448 1316 5489 esse
1333 5434 1692 5490 comminatur
1714 5434 1994 5497 Dominus;

430 5538 488 5575 tu
513 5522 771 5587 iniquitas
802 5538 990 5580 eorum
1030 5525 1274 5580 deleatur
1311 5527 1483 5580 instar
1511 5526 1693 5582 herba:
1731 5524 1998 5581 silvestris

428 5615 493 5666 ab
520 5613 641 5680 igne
665 5612 912 5684 absumpt
924 5632 977 5671 Β.

507 5703 675 5762 Vsus.
714 5705 897 5763 19.21.
939 5725 956 5759 ι
984 5706 1207 5777 Propter
1234 5708 1465 5764 furorem
1494 5710 1586 5764 irm
1615 5709 1819 5765 Domini
1852 5725 2000 5765 com-

2090 4517 2120 4568 6
2143 4515 2454 4586 πρεσϐύτης
2481 4515 2704 4569 δύναται
2732 4512 2869 4569 εἶναι
2908 4518 2941 4587 ἡ
2986 4514 3228 4584 κεφαλή·
3279 4517 3312 4585 ἡ
3368 4516 3424 4568 δὲ
3461 4514 3601 4585 οὐρά
3646 4516 3677 4567 6

2092 4609 2358 4663 διδάσκων
2386 4608 2562 4679 ἄνομα
2593 4608 2899 4679 προφήτης,
2938 4608 3103 4660 οἱονεὶ
3135 4608 3328 4676 ἀλόγου
3351 4606 3490 4670 ζῶου
3514 4607 3681 4677 ἐσχα-

2094 4715 2185 4752 τον
2218 4697 2375 4769 μέλος
2406 4697 2684 4770 ὑπάρχων.
2720 4698 3203 4768 Ἀφαιρεθήσεσθαι
3225 4699 3403 4752 τοίνυν
3431 4698 3679 4762 τούτους,

2093 4791 2189 4843 καὶ
2222 4789 2766 4863 ὲξολοθρευθήσεσθαι
2794 4792 2885 4861 ὑφ’
2921 4792 3016 4845 ἕνα
3050 4791 3238 4863 καιρὸν
3270 4793 3299 4845 6
3321 4791 3479 4859 λόγος
3513 4791 3678 4845 ἀπει-

2095 4880 2197 4937 λεῖ.

2180 5085 2199 5117 ι
2241 5066 2349 5119 Καὶ
2369 5065 2704 5134 καυθήσεται
2734 5064 2808 5127 ὡς
2838 5063 2949 5133 πῦρ
2973 5066 3005 5133 ή
3028 5062 3250 5133 ἀνομία,
3282 5064 3374 5116 καί⁵
3396 5063 3471 5125 ὡς
3500 5063 3678 5134 ἀγρω-

2104 5174 2221 5220 στις
2260 5157 2398 5228 ξηρά
2438 5156 2776 5228 βρωθήσεται
2815 5156 2921 5209 ὑπὸ
2958 5156 3149 5227 πυρός.
3187 5157 3297 5209 Καὶ
3339 5155 3675 5225 καυθήσεται

2102 5253 2160 5303 ὲν
2191 5254 2303 5314 τοῖς
2331 5250 2517 5304 ϐάσεσι
2544 5249 2638 5303 τοῦ
2668 5250 2895 5321 δρυμοῦ,
2935 5250 3029 5303 καὶ
3077 5249 3559 5318 συγκαταφάγεται
3607 5250 3678 5303 τὰ
3707 5238 3755 5313 ’λιι

2103 5343 2286 5412 κύκλῳ
2314 5341 2421 5396 τῶν
2461 5341 2662 5411 βουνῶν
2691 5342 2888 5395 πάντα.
2929 5361 2947 5393 ι
2982 5343 3233 5413 Ποιήσειν
3265 5342 3323 5394 δὲ
3371 5340 3563 5404 ταῦτα,
3600 5341 3677 5404 ὡς

2100 5435 2304 5503 ἀγαθὸς
2331 5433 2517 5505 ψυχῶν
2554 5435 2816 5504 γεωργὸς,
2850 5435 2879 5486 6
2911 5434 3114 5505 Κύριος
3146 5433 3389 5486 ἀπειλεῖ*
3432 5434 3518 5486 ἵνα
3548 5435 3580 5503 ὴ
3618 5434 3675 5486 ἐν

2102 5530 2283 5592 αὐτοῖς
2334 5527 2531 5598 ἀνομία
2574 5528 2845 5598 ἀφανισθῇ
2893 5528 3047 5599 δίκην
3096 5525 3395 5597 ὑλομανοῦς
3444 5526 3673 5598 βοτάνης

2104 5618 2208 5673 ὑπὸ
2242 5617 2411 5688 πυρὸς
2444 5617 2702 5669 ἀναλισκο
2709 5616 2896 5687 μένης.

2181 5725 2200 5759 ι
2242 5705 2338 5761 Διὰ
2368 5705 2535 5779 θυμὸν
2566 5705 2733 5776 ὀργῆς
2761 5706 2964 5778 Κυρίου
2996 5705 3361 5776 συγκέκαυται
3386 5706 3416 5775 ἡ
3453 5704 3527 5774 γῆ
3556 5702 3677 5773 ὅλη)
