3850 6210
181 322 278 378 157

1147 312 1654 374 COMMENTARIA
1694 309 1760 367 iN
1799 289 2058 364 ISAIAM.
2101 333 2170 346 -
2206 297 2360 356 CAP.
2400 293 2469 350 χ.

3334 278 3439 336 158

174 443 261 494 καὶ
310 437 468 492 ἔσται
512 439 542 492 ὁ
588 437 718 500 λαὸς
758 436 834 500 ὼς
882 435 1364 506 κατακεκαυμένος
1412 434 1518 487 ὑπὸ
1561 431 1753 505 πυρός.

1884 433 2018 479 iusta
2054 431 2140 476 est
2167 416 2422 472 universa
2459 412 2698 470 terra,et
2725 402 2834 457 erit
2871 397 3101 469 populus
3128 394 3282 465 quasi
3316 406 3440 449 suc-

2356 504 2389 506 κ-
2550 497 2570 506 -
2688 496 2700 506 .
2827 493 2838 506 ,
3059 484 3435 506 λη-,ῌ-ημ

178 531 493 604 Ἄνθρωπος
528 529 620 584 τὸν
651 529 877 598 ἀδελφὺν
911 528 1076 582 αὑτοῦ
1109 529 1210 581 οὐκ
1235 528 1464 598 ἐλεήσει·
1499 525 1635 580 ἀλλὰ
1662 525 1754 578 ἐκ-

175 624 340 677 κλινεῖ
369 624 454 686 είς
481 621 553 675 τά
581 619 751 686 δεξιὰ,
781 621 864 674 ὅτι
897 619 1143 673 πεινάσει
1168 620 1261 672 καὶ
1291 618 1524 688 φάγεται
1557 619 1622 670 ἐκ
1648 615 1758 669 τῶν

173 714 499 786 ἀριστερῶν,
553 715 648 768 καὶ
699 715 761 766 οὐ
811 713 884 784 μὴ
930 709 1218 782 ἐμπλησθῇ
1253 710 1540 782 ἅνθρωπος
1587 708 1758 762 ἔσθων

173 807 263 869 τάς
294 807 510 877 σάρκας
543 804 638 858 τοῦ
685 804 966 876 βραχίονος
999 803 1187 857 αὐτοῦ.
1223 803 1462 871 Φάγεται
1492 801 1603 874 γὰρ
1635 801 1759 856 Ma-

174 894 375 963 νασσῆς
407 893 504 946 τοῦ
552 892 814 964 Ἐφραῖμ,
842 893 937 944 καὶ
970 890 1210 964 Ἐφραῒμ
1236 893 1329 945 τοῦ
1358 893 1648 963 Μανασσῆ,
1678 895 1760 947 ὅτι

173 983 286 1054 ἅμα
314 983 744 1056 πολιορκήσουσι
773 983 863 1036 τὸν
897 981 1122 1036 Ἰούδαν.
1172 985 1295 1036 Ἐπὶ
1333 983 1546 1047 τούτοις
1596 987 1762 1040 πᾶσιν

173 1077 268 1130 οὐκ
300 1077 635 1147 ἀπεστράφη
680 1079 709 1129 ὁ
753 1075 944 1147 θυμὸς,
978 1075 1093 1129 ἀλλ’
1129 1075 1209 1129 ἐτι
1256 1079 1290 1146 ὴ
1330 1077 1451 1148 χεὶρ
1492 1075 1690 1148 ὑψηλή.
1739 1095 1757 1128 ι

181 1169 270 1232 Ὧς
303 1168 681 1239 ὲπαναστῆναι
721 1166 948 1236 ἀδελφὸν
993 1165 1238 1238 ἀδελφῷ,
1272 1168 1367 1220 καὶ
1413 1165 1620 1237 μηδένα
1666 1167 1762 1220 τοῦ

174 1260 345 1322 πέλας
377 1259 675 1328 φείσασθαι
701 1276 714 1288 ·
750 1260 958 1321 πάντας
989 1257 1045 1311 δὲ
1076 1257 1324 1330 ἀλλήλοις
1358 1259 1667 1330 χρήσασθαι
1690 1259 1766 1324 ὡς

175 1353 493 1424 πολεμίοις·
540 1353 616 1416 ὡς
648 1353 728 1415 είς
767 1350 1022 1404 τοσοῦτον
1068 1351 1284 1405 ἐλάσειν
1321 1351 1767 1424 ἀναφλεγομένην

175 1447 361 1509 αὐτοῖς
404 1445 505 1516 τὴν
545 1445 683 1516 πρὸς
715 1443 967 1514 ἀλλήλοις
1001 1445 1210 1510 στάσιν,
1243 1445 1338 1499 καὶ
1369 1445 1462 1498 τὸν
1499 1445 1766 1517 ἐμφύλιον

174 1538 436 1608 πόλεμον,
464 1537 541 1601 ὡς
568 1537 662 1590 καὶ
693 1536 791 1599 τὰς
813 1534 906 1590 δύο
933 1536 1126 1605 φυλὰς,
1149 1536 1247 1609 τὴν
1272 1535 1368 1590 τοῦ
1405 1538 1644 1610 Ἐφραῒμ
1673 1536 1769 1591 καὶ

175 1628 272 1699 τὴν
290 1625 386 1681 τοῦ
411 1626 708 1698 Μανασσῆ,
735 1626 795 1692 ἐξ
827 1626 945 1690 ἐνὸς
975 1627 1181 1699 πατρὸς
1204 1629 1501 1700 γενομένας
1523 1630 1617 1683 τοῦ
1658 1631 1770 1684 Ἴω-

177 1723 306 1790 σὴφ,
351 1721 461 1774 ὑπὸ
494 1718 594 1789 τὴν
635 1720 808 1790 αὐτὴν
854 1721 1015 1784 ὄντας
1051 1719 1350 1791 βασιλείαν,
1401 1723 1528 1793 μίαν
1566 1722 1624 1776 δὲ
1675 1723 1770 1778 καὶ

174 1815 272 1882 τὴν
300 1813 476 1883 αὐτὴν
523 1811 680 1865 πόλιν
717 1811 998 1876 οἰκοῦντας
1020 1812 1356 1884 Σαμάρειαν,
1383 1813 1641 1886 ἀλλήλαις
1675 1816 1771 1868 ἐπ-

174 1902 502 1974 αναστῆναι,
531 1905 626 1957 καὶ¹
650 1904 778 1967 τοὺς
810 1903 1052 1972 ἀλλήλων
1082 1904 1371 1976 βραχίονας
1399 1907 1735 1974 καταφαγεῖν
1753 1922 1766 1935 ⁸

179 1997 381 2069 μηκέτι
433 1997 533 2068 μὲν
585 1995 944 2067 σχολάζοντας
983 1995 1062 2067 τῷ
1107 1997 1245 2050 κατά
1312 1997 1475 2050 Ἰούδα
1529 1998 1767 2069 πολέμῳ,

181 2089 316 2159 μηδὲ
349 2090 419 2159 τῇ
451 2087 740 2159 πολιορκίᾳ
770 2088 870 2158 τῆς
906 2087 1284 2168 Ἰερουσαλὴμ,
1320 2087 1442 2140 καθ’
1477 2087 1683 2142 ἑαυτῶν
1713 2088 1772 2141 δὲ

178 2181 557 2252 ἀκονήσαντας
574 2180 642 2232 τά
667 2179 873 2234 ἑαυτῶν
890 2179 1040 2250 ξίφη,
1064 2181 1290 2244 ἑαυτοὺς
1310 2180 1771 2252 διαχειρίσασθαι,

179 2273 272 2326 καὶ
302 2272 366 2338 ἐξ
395 2272 703 2344 ἀνθρώπων
727 2272 1008 2340 ἀφανίσαι.

731 2366 1129 2420 ΚΕΦΑΛΑΙΟΝ
1169 2367 1226 2421 I'.

254 2479 274 2510 ι
315 2457 459 2512 Οὐαὶ
496 2459 614 2520 τοῖς
665 2457 938 2529 γράφουσι
980 2457 1264 2529 πονηρίαν·
1313 2457 1619 2528 γράφοντες
1665 2455 1774 2530 γὰρ

183 2551 455 2622 πονηρίαν
517 2549 841 2620 γράφουσιν·
891 2548 1233 2613 ἐκκλίνοντες
1281 2549 1460 2620 κρίσιν
1519 2549 1770 2620 πτωχῶν,

186 2640 529 2712 ἁρπάζοντες
561 2641 737 2709 κρῖμα
762 2640 1009 2708 πενήτων
1029 2637 1125 2691 τοῦ
1155 2637 1286 2692 λαοῦ
1318 2656 1441 2710 μου·
1469 2629 1609 2692 ὥστε
1634 2635 1774 2692 εἶναι

183 2732 372 2794 αὐτοῖς
407 2731 584 2801 χήραν
612 2729 693 2792 είς
720 2727 1050 2800 διαρπαγὴν,
1086 2729 1182 2783 καὶ
1208 2729 1444 2802 ὀρφανὸν
1475 2731 1555 2794 είς
1583 2747 1774 2802 προνο-

186 2825 315 2896 μήν.
362 2841 381 2874 ι
431 2820 540 2874 Τοῦ
588 2821 922 2891 καλουμένου
953 2817 1047 2874 οὖν
1102 2822 1338 2896 Ἰσραὴλ,
1373 2823 1517 2893 λέγω
1563 2824 1628 2896 δὴ
1680 2825 1775 2878 τοῦ

187 2915 318 2970 λαοῦ
341 2914 457 2968 τῶν
501 2913 768 2967 Ἰουδαίων
801 2914 860 2966 ὲν
894 2913 1181 2985 Σαμαρείᾳ
1208 2913 1648 2986 βασιλευομένου,
1683 2919 1778 2971 καὶ

182 3006 359 3060 ταῦτα
383 3005 526 3078 πρὸς
550 3008 662 3068 τοῖς
687 3005 976 3076 προτέροις
1005 3006 1033 3058 ὁ
1054 3005 1246 3077 παρὼν
1269 3006 1424 3076 λόγος
1457 3011 1774 3080 κατηγορεῖ,

187 3101 417 3157 φάσκων
456 3096 652 3159 αὐτοὺς
683 3095 823 3166 πρὸς
855 3093 971 3166 ἔριν
1003 3097 1096 3149 καὶ
1144 3095 1479 3168 φιλονεικίαν
1519 3096 1628 3150 τῶν
1678 3097 1776 3160 τὰς

186 3191 411 3261 ἀληθεῖς
452 3188 550 3242 τοῦ
595 3189 731 3241 Θεοῦ
779 3185 1117 3258 προφητείας
1164 3187 1633 3258 παραγραφόντων
1679 3186 1779 3250 τὰς

188 3279 698 3352 ψευδοπροφητείας
720 3277 1052 3330 συντάττειν.
1077 3272 1259 3331 Ἦσαν
1286 3277 1439 3347 γοῦν,
1470 3273 1612 3350 ἦσαν
1645 3277 1778 3348 ψευ-

189 3373 532 3445 δοπροφῆται
577 3372 840 3438 πλεῖστοι,
889 3372 1003 3425 ὅσοι
1050 3373 1108 3424 ἐν
1161 3371 1240 3442 τῷ
1301 3371 1520 3444 Ἰσραὴλ
1563 3373 1781 3428 ἐναντία

192 3466 579 3536 φθεγγόμενοι,
611 3464 705 3518 καὶ
730 3462 948 3518 ἐναντία
977 3463 1281 3535 γράφοντες
1307 3467 1418 3526 τοῖς
1443 3465 1667 3536 ἀληθέσι
1686 3464 1782 3521 τοῦ

191 3557 326 3610 Θεοῦ
347 3556 681 3628 προφήταις.
712 3556 777 3608 υἱ
797 3555 853 3608 δέ
869 3555 1024 3608 αὐτοὶ
1042 3555 1136 3608 καὶ
1157 3554 1480 3627 συγγραφὰς
1505 3555 1785 3614 ἐποιοῦντο

196 3649 566 3722 παρανόμους,
607 3649 704 3703 καὶ
747 3647 928 3719 πάσης
974 3648 1240 3719 πονηρίας
1276 3649 1508 3719 μεστάς·
1547 3649 1784 3722 πένητας

193 3742 445 3812 οἰκτροὺς
470 3740 953 3804 κατεδυνάστευον,
979 3739 1284 3811 βιαζόμενοί
1313 3757 1371 3793 τε
1401 3741 1784 3796 ἐπλεονέκτουν

196 3832 598 3903 ἀπεριστάτους
639 3833 910 3903 ὀρφανοὺς
938 3832 1034 3885 καὶ
1078 3830 1274 3902 χήρας.
1319 3830 1608 3896 Τοιούτους
1645 3831 1690 3884 δ’
1719 3831 1784 3886 ἂν

196 3924 370 3988 εἴποις
395 3923 494 3980 καὶ
525 3923 653 3986 τοὺς
680 3922 770 3976 διὰ
811 3921 1102 3993 μοχθηρῶν
1137 3921 1588 3993 συγγραμμάτων
1617 3923 1786 3977 εἰσέτι

200 4018 289 4071 καὶ
313 4016 415 4071 νῦν
437 4013 864 4085 διαστρέφοντας
892 4013 1000 4066 τῶν
1028 4013 1432 4086 ἀκεραιοτέρων
1453 4013 1553 4077 τὰς
1585 4014 1784 4084 ψυχάς.

273 4127 292 4161 ι
336 4107 451 4163 Καὶ
476 4107 530 4159 τί
559 4108 879 4176 ποιήσουσιν
903 4108 962 4160 ἐν
1001 4108 1068 4176 τῇ
1103 4105 1287 4178 ήμέρᾳ
1315 4105 1412 4177 τῆς
1446 4107 1784 4177 ἐπισκοπῆς;

201 4202 236 4272 ή
261 4200 373 4272 γὰρ
403 4199 586 4270 θλίψις
614 4201 744 4270 ὑμῖν
773 4199 1055 4271 πόρρωθεν
1079 4198 1219 4270 ἥξει.
1251 4199 1362 4253 Καὶ
1387 4199 1524 4270 πρὸς
1544 4200 1663 4255 τίνα
1695 4215 1790 4253 κα-

196 4292 537 4363 ταφεύξεσθε
554 4292 649 4345 τοῦ
677 4289 1040 4363 βοηθηθῆναι;
1071 4293 1166 4344 καὶ
1190 4290 1292 4345 ποῦ
1315 4291 1669 4361 καταλείψετε
1690 4289 1788 4362 τὴν

197 4385 354 4452 δόξαν
373 4386 405 4438 ti
413 4385 552 4456 μῶν,
573 4384 670 4438 τοῦ
694 4385 769 4455 μὴ
784 4386 1047 4456 ἐμπεσεῖν
1072 4386 1154 4448 είς
1177 4385 1513 4457 ἀπαγωγήν;
1548 4403 1566 4436 ι
1608 4385 1789 4440 Ἀπει-

1860 529 2055 572 census
2076 513 2144 566 ab
2172 511 2316 579 igne.
2351 504 2522 559 Homo
2547 496 2735 553 fratris
2759 493 2842 548 sui
2885 507 2992 546 non
3045 484 3393 543 miserebitur
3423 501 3438 537 :

1860 608 1955 663 sed
1988 600 2286 660 declinabit
2313 598 2381 651 ad
2410 595 2715 652 dexteram,
2751 584 2877 656 quia
2910 583 3132 645 esuriet,
3167 589 3224 635 et
3253 591 3437 634 come-

1859 697 2001 751 deta
2041 690 2299 754 sinistris,
2333 695 2390 740 et
2412 698 2519 736 non
2557 677 2896 735 saturabitur
2939 673 3100 728 homo
3145 668 3439 724 comedens

1860 801 2056 846 carnes
2129 777 2336 838 brachii
2413 774 2518 829 sui.
2591 765 2888 824 Devorabit
2942 764 3090 816 enim
3161 757 3439 814 Manasses

1862 876 2141 949 Ephraim,
2177 884 2233 929 et
2260 867 2520 940 Ephraim
2570 862 2882 922 Manassen,
2921 854 3052 925 quia
3084 849 3245 906 simul
3295 847 3441 902 obsi-

1863 941 2065 1028 debunt
2087 966 2306 1021 Judam.
2348 963 2406 1016 ln
2438 958 2524 1012 liis
2553 952 2806 1011 omnibus
2837 964 2945 1003 non
2979 958 3174 1000 aversa
3210 952 3294 997 est
3321 941 3400 994 ira
3420 977 3443 1002 ,ς
3502 979 3504 981 .

1863 1065 1957 1120 sed
1990 1061 2166 1117 adhuc
2202 1068 2395 1110 manus
2425 1048 2666 1106 excelsa.
2712 1063 2731 1097 ι
2766 1044 2845 1098 ita
2885 1050 2945 1095 ut
2975 1039 3223 1106 insurgat
3273 1034 3442 1087 frater

1867 1157 1920 1210 in
1943 1154 2188 1214 fratrem,
2225 1161 2291 1201 ac
2326 1157 2487 1199 nemo
2519 1139 2768 1211 proximo
2799 1149 2898 1190 suo
2946 1140 3137 1200 parcat
3169 1145 3184 1180 :
3219 1137 3443 1180 omnes-

1865 1261 1974 1318 que
2001 1252 2186 1299 mutuo
2218 1244 2385 1309 agant
2406 1244 2465 1290 ut
2501 1231 2704 1287 inimici
2722 1269 2738 1296 ,
2765 1230 2838 1282 ita
2866 1234 2925 1280 ut
2950 1231 3139 1279 coorta
3167 1229 3223 1275 et
3249 1218 3447 1272 ardens

1868 1314 2014 1392 inter
2064 1341 2325 1400 utrosque
2380 1325 2602 1388 seditio,
2643 1331 2699 1375 et
2731 1317 2893 1374 civile
2952 1314 3153 1371 bellum
3181 1325 3246 1365 eo
3277 1320 3451 1376 usque

1865 1428 2066 1494 veniat,
2094 1432 2154 1479 ut
2173 1424 2293 1477 dua:
2320 1419 2424 1474 illa;
2463 1415 2636 1470 tribus
2661 1409 2916 1482 Ephraim
2945 1416 3002 1460 et
3032 1402 3338 1463 Manasses,
3378 1409 3449 1450 ex

1867 1534 1978 1576 uno
2003 1491 2157 1590 patre
2176 1512 2380 1583 Ioseph
2399 1520 2560 1572 ortae,
2589 1520 2657 1560 ac
2704 1502 2805 1559 sub
2830 1500 3214 1590 eodemregno
3243 1491 3447 1590 degen-

1871 1624 1973 1675 tes,
2001 1578 2165 1679 atque
2194 1578 2360 1661 unam
2385 1599 2750 1667 eamdemque
2775 1592 2968 1648 urbem
3025 1584 3326 1642 incolentes
3348 1578 3450 1635 Sa-

1873 1672 2126 1765 mariam,
2150 1696 2341 1753 contra
2376 1708 2437 1749 se
2469 1701 2658 1746 mutuo
2695 1687 3002 1754 insurgant,
3029 1693 3094 1734 ac
3124 1674 3346 1732 brachia
3367 1672 3450 1726 in-

1804 1782 1843 1838 Β
1873 1795 2044 1849 vicem
2072 1791 2354 1854 devorent,
2387 1784 2528 1840 bello
2553 1788 2744 1838 contra
2773 1775 2969 1832 Judam
3027 1769 3328 1832 inferendo,
3385 1778 3457 1818 ae

1868 1883 2139 1942 obsidioni
2166 1877 2574 1947 Hierosolyma,
2593 1887 2699 1927 non
2725 1870 2865 1926 ultra
2883 1873 3164 1927 vacantes,
3192 1859 3288 1916 sed
3313 1871 3454 1913 con-

1873 1991 1958 2035 tra
1987 1993 2048 2034 se
2077 1985 2266 2031 mutuo
2285 1971 2494 2044 gladios
2516 1977 2801 2030 acuentes,
2824 1972 2886 2019 ut
2903 1977 2965 2019 se
2987 1957 3298 2016 vulneribus
3321 1969 3456 2010 con-

1871 2071 2058 2127 liciant
2080 2083 2144 2123 ac
2159 2065 2396 2122 deleant.

2487 2351 2720 2411 CAPUT
2755 2350 2828 2409 Χ.

1949 2469 2112 2524 Vsus.
2152 2463 2273 2521 1-2.
2330 2480 2351 2514 ι
2392 2461 2485 2516 γε
2537 2454 2906 2515 scribentibus
2954 2448 3268 2506 malitiam:
3326 2457 3455 2500 nam

1875 2562 2199 2623 scribentes,
2232 2553 2494 2610 malitiam
2515 2549 2763 2606 scribunt
2789 2564 2802 2600 :
2833 2542 3166 2600 declinantes
3191 2539 3457 2611 judicium

1878 2665 2198 2722 pauperum,
2235 2646 2508 2716 rapientes
2536 2639 2799 2710 judicium
2836 2636 3058 2706 inopum
3092 2630 3275 2703 populi
3301 2628 3408 2684 mei
3436 2646 3455 2695 ;

1876 2743 1952 2797 ita
1985 2751 2044 2796 ut
2071 2740 2141 2796 sit
2176 2738 2283 2794 illis
2321 2736 2486 2791 vidua
2511 2735 2566 2788 in
2609 2731 2875 2802 rapinam,
2899 2736 2956 2781 et
2975 2723 3254 2793 orphanus
3285 2721 3338 2776 in
3369 2721 3454 2776 di-

1880 2833 2204 2901 reptionem.
2240 2848 2259 2882 ι
2296 2827 2450 2883 illum
2483 2826 2740 2880 lsraelem
2774 2821 3006 2884 dictum,
3051 2813 3306 2869 videlicet
3358 2808 3458 2867 Ju-

1880 2926 2092 2980 daicum
2121 2921 2376 2993 p0pulum
2424 2931 2590 2989 regno
2633 2910 2902 2969 Samaria:
2939 2908 3236 2971 subditum,
3267 2907 3334 2961 de
3373 2904 3464 2959 his

1879 3019 2031 3082 item,
2072 3023 2266 3086 praeter
2296 3026 2360 3066 ea
2388 3025 2508 3080 qua:
2535 3005 2784 3078 superius
2837 3010 3136 3059 memorata
3160 3006 3307 3061 sunt,
3361 3010 3457 3050 ac-

1881 3116 2034 3164 cusat
2064 3105 2372 3175 Scriptura,
2403 3101 2612 3164 dicens,
2639 3113 2732 3152 eos
2756 3097 2824 3152 ob
2841 3093 3239 3151 contentionem
3256 3099 3313 3144 et
3340 3087 3458 3143 dis-

1880 3198 2242 3269 ceptationem
2292 3207 2503 3257 eorum,
2531 3189 2624 3260 qui
2654 3202 2813 3244 veras
2842 3186 2935 3242 Dei
2961 3181 3274 3256 prophetias
3306 3177 3461 3234 adul-

1884 3289 2156 3354 terabant,
2191 3283 2331 3340 falsa
2363 3281 2624 3337 vaticinia
2653 3276 3019 3335 comminisci.
3058 3274 3225 3327 Erant
3251 3272 3456 3340 itaque,

1883 3389 2042 3438 erant
2086 3375 2578 3450 pseudoproplietze
2623 3371 2800 3437 multi,
2851 3371 2903 3423 in
2938 3366 3136 3423 Israele
3184 3362 3459 3419 contraria

1883 3473 2165 3544 loquentes
2197 3478 2251 3525 et
2273 3465 2548 3523 contraria
2601 3463 2904 3518 scribentes
2953 3459 3042 3523 iis,
3077 3473 3196 3526 qua:
3223 3455 3333 3509 veri
3363 3453 3459 3508 Dei

1885 3543 2160 3633 prophetae
2197 3558 2502 3614 tradebant.
2530 3553 2697 3608 Iidem
2729 3566 2860 3605 vero
2893 3549 2992 3618 ipsi
3019 3547 3219 3614 scripta
3251 3543 3462 3599 nefaria

1885 3654 2138 3717 edebant,
2167 3658 2221 3706 et
2244 3648 2396 3705 omni
2441 3644 2795 3716 improbitate
2835 3640 3039 3698 referta
3077 3655 3092 3692 :
3126 3638 3179 3690 in
3229 3638 3462 3690 miseros

1885 3757 2152 3816 pauperes
2187 3741 2520 3797 dominatum
2555 3735 2908 3799 exercebant,
2961 3747 3025 3788 ac
3073 3729 3340 3786 violenter
3365 3742 3462 3782 su-

1888 3835 2162 3903 perbeque
2191 3832 2426 3900 agebant
2453 3829 2504 3883 in
2533 3828 2808 3897 orphanos
2837 3833 2891 3877 et
2920 3823 3114 3877 viduas
3162 3817 3468 3890 patrocinio

1887 3936 2159 3984 carentes.
2196 3923 2354 3980 Tales
2377 3924 2504 3978 item
2535 3923 2744 3978 dixeris
2767 3936 2882 3986 eos,
2922 3919 3015 3988 qui
3047 3917 3210 3972 hodie
3245 3928 3467 3987 perver-

1887 4021 1962 4076 sis
1991 4018 2210 4088 scriptis
2242 4014 2632 4085 simpliciorum
2663 4013 2875 4066 animas
2907 4019 3177 4065 evertunt.

1958 4109 2121 4162 Vsus.
2155 4107 2277 4161 3-4.
2317 4121 2339 4157 ι
2376 4104 2441 4159 Et
2461 4105 2588 4174 quid
2614 4103 2819 4157 facient
2849 4101 2902 4156 in
2958 4101 3045 4155 die
3085 4094 3463 4154 visitationisi

1888 4217 2014 4256 nam
2038 4200 2310 4255 tribulatio
2349 4198 2501 4253 vobis
2532 4211 2562 4250 e
2586 4196 2878 4266 longinquo
2909 4194 3107 4248 veniet.
3134 4191 3200 4247 Et
3221 4190 3286 4245 ad
3312 4189 3465 4262 cujus

1888 4293 2147 4347 auxilium
2199 4289 2563 4360 confugietis?
2594 4285 2654 4342 Et
2712 4286 2804 4341 ubi
2864 4283 3184 4354 relinquetis
3232 4281 3461 4352 gloriam

1888 4398 2145 4450 vestram,
2181 4399 2247 4439 ne
2268 4384 2477 4438 cadatis
2506 4382 2558 4436 in
2584 4376 3001 4436 abductionem?
3031 4395 3049 4429 ι
3087 4374 3468 4431 Cnmminatur

200 4476 284 4530 λεῖ
304 4477 485 4531 τοίνυν
513 4476 742 4540 ἐκείνοις
767 4477 793 4528 6
815 4476 1154 4548 προφητικὺς
1177 4476 1333 4546 λόγος
1359 4476 1601 4547 φάσκων·
1630 4495 1648 4528 ι
1673 4477 1776 4530 Kal

1890 4494 2020 4550 ergo
2055 4478 2125 4532 iis
2150 4475 2497 4547 preplieticus
2544 4486 2725 4528 sermo
2773 4471 3004 4524 dicens:
3044 4485 3062 4518 ι
3102 4465 3168 4519 Ει
3195 4463 3324 4532 quid
3378 4461 3463 4516 fa-

197 4568 250 4622 τί
281 4570 600 4640 ποιήσουσιν
631 4568 690 4622 ἐν
718 4571 785 4640 τῇ
817 4567 1001 4640 ἡμέρᾳ
1013 4568 1114 4638 τῆς
1133 4568 1491 4638 ἐπισκοπῆς»
1514 4568 1634 4622 καθ’
1662 4569 1728 4640 ἢν
1756 4571 1792 4643 ἡ

202 4660 384 4731 θλίψις
413 4661 509 4715 καὶ
536 4661 570 4730 ἡ
603 4660 745 4714 κατά
771 4660 978 4714 τούτοιν
1007 4661 1145 4732 ὀργὴ
1174 4660 1455 4733 πόρρωθεν
1480 4660 1635 4732 ﬁgat;
1668 4663 1791 4716 Ma-

204 4753 346 4824 κράν
374 4753 488 4824 γὰρ
519 4747 686 4806 οὖσαν
722 4752 892 4823 αὑτήν
913 4769 1068 4823 φησι,
1096 4751 1186 4806 διὰ
1217 4751 1280 4804 τὸ
1308 4751 1706 4806 ἀπελαύνεσθαι
1734 4754 1792 4821 ἐξ

199 4843 338 4916 ἐμοῦ
357 4844 452 4897 τοῦ
470 4843 626 4898 Θεοῦ·
643 4845 819 4915 ὑμεῖς,
837 4838 882 4898 ὧ
911 4841 1078 4908 οῦτοι,
1094 4844 1229 4916 πρὸς
1246 4843 1340 4908 οὒς
1355 4845 1526 4900 ταῦτα
1557 4846 1792 4916 λέγεται,

201 4937 395 5007 ῶσπερ
432 4935 741 5008 βιαζόμενοι
782 4936 904 4990 καθ’
939 4937 1148 4993 ἑαυτῶν
1178 4938 1348 5008 αὐτὴν
1381 4937 1785 4993 ἐπεσπάσασθε·

200 5025 270 5100 ἦς
300 5027 658 5099 ἐπελθούσης,
689 5027 781 5082 ἐπὶ
808 5029 929 5083 τίνα
961 5029 1367 5098 καταφεύξεσθε
1386 5029 1482 5083 τοῦ
1516 5029 1787 5102 βοηθηθῆ..

202 5138 324 5184 ναις
381 5137 404 5171 ι
444 5121 569 5173 Ἐπὶ
598 5121 735 5174 πᾶσι
777 5120 990 5186 τούτοις
1029 5123 1129 5176 οὐκ
1177 5122 1504 5192 ἀπεστράφη
1539 5124 1572 5194 ή
1616 5124 1784 5194 ὀργή·

204 5213 320 5267 ἀλλ’
350 5212 434 5266 ἔτι
464 5213 498 5282 ἡ
525 5212 648 5284 χεὶρ
680 5213 881 5285 ὑψηλή.
917 5233 936 5266 ι
979 5214 1379 5285 Ἐπιμενόντων
1404 5214 1513 5286 γὰρ
1543 5217 1654 5279 τοῖς
1688 5216 1787 5268 ad—

203 5307 318 5368 τοῖς
354 5305 534 5375 ἀτοπή
544 5320 676 5373 μασι
701 5303 811 5358 τῶν
843 5305 932 5358 διὰ
961 5306 1054 5359 τοῦ
1085 5306 1244 5374 λόγου
1275 5306 1788 5377 κατηγορουμένων,

207 5391 504 5447 ἀκόλουθον
527 5388 599 5464 ἦν
627 5393 723 5447 καὶ
740 5394 839 5465 τὴν
862 5398 981 5449 κατ’
1005 5396 1188 5452 αὐτῶν
1213 5395 1528 5468 παράμονον
1544 5397 1790 5464 γίνεσθαι

208 5490 402 5562 ὀργήν.

287 5605 306 5636 ι
340 5585 478 5639 Οὐαὶ
519 5585 846 5658 Ἀσσυρίοις,
881 5586 914 5655 ἡ
952 5584 1145 5656 ῥάϐδος
1185 5583 1280 5637 τοῦ
1329 5582 1504 5655 θυμοῦ
1537 5601 1656 5654 μου·
1694 5584 1788 5638 καὶ

213 5678 351 5749 ὀργή
387 5680 537 5732 ἐστιν
562 5679 622 5732 ὲν
646 5682 765 5742 ταῖς
793 5679 980 5750 χερσὶν
1004 5677 1204 5732 αὐτῶν.
1237 5678 1348 5749 Τὴν
1378 5679 1547 5749 ὀργήν
1577 5695 1676 5748 μου
1710 5679 1791 5740 είς

215 5768 363 5834 ἔθνος
412 5771 615 5841 ἄνομον
661 5767 961 5841 ἀποστελῶ,
1003 5771 1097 5825 καὶ
1137 5768 1214 5840 τῷ
1257 5768 1371 5840 λαῷ
1404 5767 1520 5838 ἐμῷ
1552 5766 1792 5833 συντάξω

1889 4573 2034 4628 cient
2071 4570 2124 4624 in
2157 4569 2244 4624 die
2269 4567 2621 4632 visitationis,
2658 4585 2676 4619 ι
2705 4580 2811 4634 qua
2844 4561 3121 4616 tribulatio
3151 4569 3204 4612 et
3239 4559 3318 4612 ira
3348 4571 3466 4626 pro-
3545 4609 3567 4634 _,

1891 4662 1976 4719 cui
2010 4661 2140 4732 ipsis
2160 4659 2378 4714 veniet?
2407 4657 2540 4713 Nam
2567 4673 2690 4712 cum
2720 4671 2782 4710 ea
2827 4653 3016 4724 procul
3046 4651 3296 4715 exsistat,
3339 4648 3465 4717 quia
3545 4630 3573 4670 Ἴ

1892 4757 2008 4822 ipsa
2042 4770 2072 4809 a
2102 4769 2188 4808 me
2215 4752 2326 4808 Deo
2354 4751 2631 4806 eliminata
2665 4756 2785 4814 est;
2813 4762 2910 4802 vos
2943 4760 3094 4812 sane,
3127 4742 3327 4814 quibus
3351 4741 3468 4795 hinc

1893 4849 2168 4914 dicuntur,
2197 4845 2351 4916 quasi
2389 4845 2439 4898 vi
2479 4852 2699 4898 utentes
2739 4848 2933 4895 contra
2964 4851 3060 4891 vos
3118 4837 3286 4904 ipsos,
3343 4847 3462 4885 cam

1893 4939 2233 4994 attraxistis:
2272 4953 2377 5008 qua
2411 4933 2854 5007 superveniente,
2898 4929 2967 4986 ad
3011 4928 3169 4999 cujus
3205 4924 3466 4981 auxilium

1893 5031 2262 5104 confugietis?
2297 5049 2315 5082 ι
2350 5030 2525 5100 Super
2573 5027 2660 5082 his
2707 5023 2958 5079 omnibus
2993 5037 3097 5078 non
3134 5031 3329 5073 aversa
3382 5022 3468 5069 est

1895 5126 2014 5189 ira;
2041 5125 2135 5179 sed
2163 5124 2342 5178 adhuc
2366 5135 2554 5176 manus
2587 5118 2819 5174 excelsa.
2845 5116 3018 5171 iNam
3048 5114 3114 5168 iis
3130 5111 3220 5180 qui
3245 5112 3296 5163 in
3327 5123 3467 5178 prae-

1895 5216 2035 5272 senti
2063 5225 2413 5278 accusantur,
2445 5213 2630 5269 eadem
2655 5211 2710 5264 in
2741 5208 3079 5264 absurditate
3106 5201 3470 5274 permanenti-

1900 5307 2021 5374 bus,
2042 5321 2383 5376 consequens
2407 5314 2546 5366 erat,
2582 5311 2642 5357 ut
2671 5302 2752 5357 ira
2777 5313 2993 5372 quoque
3029 5303 3394 5368 permaneret.

1967 5579 2132 5634 Vsus.
2157 5576 2274 5634 5-6.
2305 5597 2324 5630 ι
2360 5577 2451 5634 Va:
2476 5576 2740 5649 Assyriis,
2777 5575 2943 5645 virga:
2993 5572 3194 5628 furoris
3229 5571 3330 5626 mei
3367 5588 3380 5624 :
3413 5579 3467 5625 et

1900 5675 1982 5729 ira
2017 5683 2104 5728 est
2138 5674 2190 5728 in
2223 5671 2469 5727 manibus
2501 5685 2710 5726 eorum.
2745 5669 2883 5722 Iram
2939 5679 3114 5721 meam
3148 5665 3202 5719 in
3251 5671 3466 5734 gentem

1904 5763 2143 5834 iniquam
2171 5761 2399 5830 mittam,
2428 5769 2479 5818 et
2505 5760 2700 5831 populo
2738 5773 2856 5816 meo
2885 5756 3193 5826 praicipiam
3224 5765 3280 5809 ut
3303 5751 3466 5808 faciat
