3850 6210
377 281 478 338 159

1043 277 1313 336 EUSEBII
1351 279 1835 337 CESARIENSIS
1872 280 2022 338 OPP.
2065 282 2246 338 PARS
2284 281 2374 336 ΙΙΙ.
2414 313 2484 323 -
2521 275 2936 333 EXEGETICA.

3544 267 3647 322 160

371 403 542 474 spolia
577 414 632 458 et
656 403 1154 473 depopulationem,
1184 415 1240 459 et
1269 406 1557 461 conculcet
1597 406 1867 473 civitates,
1899 416 1953 463 et

2066 408 2284 479 ποιῆσαι
2327 406 2501 460 σκῦλα
2543 404 2636 458 καὶ
2674 398 2973 473 προνομὴν,
3024 395 3119 450 καὶ
3159 394 3498 448 καταπατεῖν
3545 392 3647 454 τάς

370 505 646 565 ponateas
673 495 726 549 in
753 497 1052 563 pulverem.
1086 513 1104 546 ι
1138 497 1214 548 Ad
1243 496 1356 550 lucc
1381 511 1550 565 usque
1585 497 1957 566 perseveravit

370 585 650 640 accusatio
674 586 894 655 populi;
933 595 1056 656 post
1081 602 1270 654 quam,
1315 599 1714 657 consequenter
1745 589 1813 643 ad
1855 589 1956 643 mi-

370 691 470 729 nas
503 692 532 730 a
567 677 852 747 prophetia
888 679 1220 744 ermntiatas,
1256 694 1360 732 non
1395 679 1487 733 diu
1516 680 1720 751 Assyrii
1751 681 1952 734 irrum-

372 776 562 836 pentes
595 767 898 824 Samariam
924 770 1195 834 obsident,
1221 779 1273 824 et
1304 779 1471 825 totam
1509 771 1744 840 ipsorum
1779 774 1956 842 regio-

374 874 497 913 nem
525 860 948 929 depopulantur,
985 877 1290 932 novemque
1311 861 1551 917 Judaica:
1575 864 1752 933 gentis
1782 866 1957 920 tribus

375 952 430 1006 in
464 951 810 1023 Assyriorum
830 961 1030 1006 terram
1057 955 1296 1022 captivas
1321 955 1616 1009 abducunt.
1646 955 1775 1010 Post
1797 971 1956 1009 enar—

377 1054 546 1099 ratam
578 1061 706 1115 ergo
733 1046 914 1114 populi
947 1047 1110 1099 Israel
1150 1047 1278 1102 dicti
1323 1047 1715 1116 captivitatem,
1761 1049 1826 1102 ad
1862 1065 1956 1104 eos

375 1137 467 1204 qui
491 1136 545 1191 in
569 1135 936 1206 captivitatem
952 1137 1289 1192 abduxerant
1312 1153 1490 1194 sermo
1515 1139 1864 1195 transfertur.
1890 1141 1954 1195 Hi

375 1243 543 1298 porro
567 1240 725 1282 erant
752 1231 983 1302 Assyrii,
1027 1230 1224 1300 quibus
1257 1231 1373 1286 haec
1410 1235 1697 1302 praesentia
1724 1235 1956 1288 commi—

376 1328 558 1375 natur.
583 1321 736 1386 Quod
767 1333 970 1385 autem,
1005 1336 1128 1376 cum
1170 1323 1284 1377 hac
1341 1323 1679 1389 dicerentur,
1709 1325 1822 1395 jam
1868 1341 1960 1395 po-

373 1412 532 1482 pulus
561 1412 628 1467 ab
651 1414 894 1486 Assyriis
916 1415 1210 1470 translatus
1225 1423 1279 1470 et
1308 1415 1558 1470 Samaria
1583 1418 1804 1472 obsessa
1826 1417 1958 1473 fuis-

376 1513 480 1566 set,
529 1503 655 1558 binc
696 1505 876 1576 palam
924 1513 1028 1568 est,
1077 1505 1220 1576 quod
1251 1506 1448 1561 ibidem
1481 1523 1547 1562 ex
1603 1508 1954 1580 Assyriorum

374 1597 519 1665 regis
549 1611 781 1665 persona
830 1597 1062 1663 dicatur,
1110 1615 1129 1649 ‹
1159 1596 1289 1668 Cepi
1329 1598 1616 1662 Arabiam,
1657 1610 1712 1654 et
1761 1600 1958 1654 Dama-

383 1701 537 1741 scum
589 1696 644 1741 et
698 1686 1530 1758 Samariam:quemadmodum
1587 1691 1728 1758 illas,
1778 1692 1858 1747 sic
1903 1701 1957 1746 et

2059 500 2266 565 πόλεις,
2295 500 2390 552 καὶ
2418 497 2591 551 θεῖναι
2623 495 2794 556 αὑτάς
2827 489 3234 572 είςακονιορτόν.
3269 507 3286 538 i
3325 485 3502 556 Μέχρι
3537 484 3648 555 γὰρ

2057 589 2164 644 τῶν
2195 589 2610 662 προειρημένων
2637 587 2767 656 ἔστη
2788 583 2856 638 τὰ
2885 583 2984 652 τῆς
3005 579 3098 633 τοῦ
3122 575 3252 631 λαοῦ
3273 576 3611 647 κατηγορίας
3629 615 3648 642 ,

2062 679 2180 749 μεθ’
2221 681 2286 752 ἣν
2317 677 2628 741 ἀκολούθως
2653 679 2767 740 τοῖς
2799 673 2889 728 διὰ
2914 673 3014 743 τῆς
3047 668 3386 742 προφητείας
3413 666 3648 738 ἠπειλη-

2061 773 2264 844 μένοις,
2299 774 2399 827 οὐκ
2427 775 2507 837 εἰς
2536 769 2754 844 μακρὰν
2784 765 3066 839 πόρρωθεν
3087 763 3406 824 ἐπιστάντες
3452 760 3650 813 Ἀσσύ-

2063 879 2188 934 ριοι,
2225 863 2573 934 πολιορκοῦσι
2599 862 2699 933 τὴν
2726 859 3060 930 Σαμάρειαν,
3089 855 3184 909 καὶ
3215 856 3394 906 πᾶσαν
3421 853 3522 922 τὴν
3547 850 3652 921 χὼ-

2063 971 2160 1026 ραν
2204 953 2383 1007 αὐτῶν
2415 952 2655 1027 δῃοῦσιν,
2697 951 2823 1014 ὅλας
2858 967 2917 1002 τε
2960 947 3118 1002 ἐννέα
3163 946 3336 1016 φυλάς
3370 945 3465 998 τοῦ
3509 947 3648 999 Ἰου-

2057 1044 2220 1099 δαίων
2267 1045 2452 1108 ἔθνους
2502 1041 2879 1114 αἰχμαλώτους
2927 1040 3007 1102 είς
3044 1038 3145 1108 τὴν
3201 1035 3502 1107 Ἀσσυρίων
3541 1037 3651 1089 άπ-

2059 1137 2271 1206 ἁγουσι.
2298 1135 2452 1191 Μετὰ
2473 1133 2566 1188 οὖν
2590 1135 2690 1206 τὴν
2709 1132 2802 1186 τοῦ
2819 1131 2948 1184 λαοῦ
2969 1128 3063 1185 τοῦ
3081 1129 3415 1200 καλουμένου
3432 1127 3652 1200 Ἰσραὴλ

2058 1227 2434 1299 αἰχμαλωσίαν
2481 1227 2510 1280 ὁ
2541 1225 2697 1294 λόγος
2731 1222 3044 1295 μεταϐαίνει
3086 1222 3180 1274 ἐπὶ
3211 1221 3338 1284 τοὺς
3367 1219 3653 1290 αἰχμαλω-

2057 1322 2378 1385 τεύσαντας.
2407 1316 2589 1374 Ἦσαν
2612 1319 2668 1373 δὲ
2692 1313 2837 1372 οὗτοι
2882 1316 3178 1386 Ἀσσύριοι,
3221 1308 3302 1377 οἷς
3322 1311 3390 1365 τά
3420 1310 3652 1384 προκεί-

2063 1429 2199 1482 μενα
2229 1411 2460 1466 ἀπειλεῖ.
2494 1412 2616 1465 Ὅτι
2647 1410 2703 1464 δέ
2730 1409 2946 1481 άπῆκτο
2969 1407 3074 1460 ὑπὸ
3115 1404 3417 1476 Ἀσσυρίων
3445 1406 3474 1457 ὁ
3495 1402 3647 1466 λαὸς,

2059 1506 2153 1558 καὶ
2185 1504 2588 1577 πεπολίορκητο
2621 1505 2654 1575 ἡ
2700 1501 3004 1573 Σαμάρεια,
3037 1499 3128 1552 ὅτε
3157 1497 3227 1550 τά
3271 1495 3410 1568 μετὰ
3456 1497 3651 1566 χεῖρας

2059 1597 2296 1666 ἐλέγετο,
2325 1597 2482 1669 δῆλον
2520 1595 2777 1666 τυγχάνει
2822 1597 2887 1647 ὲκ
2929 1591 3023 1646 τοῦ
3069 1590 3324 1659 λέγεσθαι
3355 1591 3412 1642 ὲν
3460 1588 3650 1650 αὐτοῖς

2059 1689 2124 1743 ἐκ
2159 1687 2450 1761 προσώπου
2489 1688 2582 1742 τοῦ
2613 1687 2721 1742 τῶν
2765 1683 3064 1756 Ἀσσυρίων
3095 1681 3389 1752 βασιλέωςο
3424 1697 3443 1731 ‹
3481 1678 3651 1732 Ἐλα-

373 1791 564 1833 omnes
616 1779 951 1848 principatus
997 1780 1241 1849 capiam;
1284 1799 1304 1832 ι
1337 1796 1399 1838 ac
1436 1797 1668 1848 rursum,
1699 1801 1719 1834 ι
1758 1782 1956 1849 Quem-

2066 1781 2154 1836 ϐον
2194 1781 2454 1854 Ἀραϐίαν
2484 1783 2578 1836 καὶ
2614 1778 2902 1852 Δαμασκὸν
2932 1777 3026 1830 καὶ
3051 1775 3361 1848 Σαμάρειαν
3385 1791 3398 1803 ·
3430 1773 3488 1826 ὃν
3519 1773 3654 1844 τρό-

374 1867 664 1922 admodum
730 1866 835 1924 feci
895 1869 1178 1932 Samaria),
1223 1879 1280 1925 et
1325 1871 1579 1928 omnibus
1629 1875 1955 1931 manufactis

373 1957 518 2027 ejus,
545 1960 623 2015 sic
647 1959 839 2016 faciam
874 1960 1250 2033 Jerosolymze.
1295 1982 1314 2016 ι
1348 1963 1518 2018 Docet
1543 1973 1726 2020 autem
1784 1969 1956 2022 histo-

375 2050 456 2103 ria
491 2050 543 2104 in
576 2052 765 2106 diebus
794 2053 976 2106 Aclraz
1009 2055 1326 2110 ascendisse
1378 2070 1560 2125 regem
1607 2055 1952 2128 AsSyriorum

374 2143 705 2207 Samariam,
733 2155 787 2198 et
815 2145 1094 2200 obsedisse
1127 2146 1309 2202 illam:
1339 2162 1402 2202 ac
1427 2159 1558 2202 tunc
1587 2149 1805 2216 quidem
1831 2165 1956 2220 par-

372 2240 481 2288 tem
521 2235 702 2304 populi
730 2237 998 2306 captivam
1030 2237 1290 2294 duxisse:
1340 2241 1440 2294 sub
1486 2240 1717 2295 Ezechia
1771 2251 1954 2296 autem

370 2323 575 2383 Achazi
599 2342 921 2384 successore
957 2328 1270 2384 universum
1306 2329 1564 2401 populum
1607 2331 1956 2389 transtulisse

372 2416 428 2475 in
458 2416 732 2490 Assyrios.

440 2690 612 2751 Vatis.
654 2693 772 2748 7-9.
809 2711 829 2746 ι
863 2693 983 2763 lpse
1008 2702 1189 2749 autem
1235 2707 1343 2748 non
1393 2693 1472 2748 sic
1501 2696 1790 2765 cogitavit,
1819 2706 1872 2751 et
1901 2695 1955 2751 in

373 2788 552 2843 anima
582 2801 688 2841 non
725 2786 804 2842 sic
828 2785 1126 2840 arbitratus
1157 2793 1240 2840 est
1264 2801 1279 2851 ;
1303 2786 1396 2839 sed
1426 2797 1634 2841 avertet
1655 2802 1810 2844 mens
1838 2787 1957 2855 ejus

379 2879 447 2934 ad
481 2887 670 2950 gentes
703 2877 1150 2932 exterminandas
1204 2893 1309 2931 non
1360 2893 1586 2948 paucas.
1616 2879 1679 2934 Et
1709 2880 1753 2934 si
1797 2881 1954 2935 dixe-

373 2971 488 3026 rint
521 2971 593 3035 ei,
630 2968 709 3024 Tu
753 2971 903 3025 solus
935 2986 994 3025 es
1025 2973 1282 3044 princeps
1320 2994 1334 3028 :
1364 2972 1735 3045 respondebit,
1762 2974 1954 3029 Annon

372 3067 489 3136 cepi
515 3066 791 3137 regionem
827 3080 988 3136 supra
1014 3066 1342 3138 Babylonem
1374 3077 1430 3124 et
1449 3067 1771 3134 Cbalanem,
1804 3067 1957 3138 cujus

375 3159 541 3214 turris
569 3136 832 3211 azdilicata
855 3166 939 3211 est
965 3177 979 3212 :
1005 3167 1059 3211 et
1080 3136 1197 3228 cepi
1221 3160 1503 3226 Arabiam,
1533 3169 1589 3214 et
1613 3136 1956 3228 Damascum,
1987 3136 2028 3194 (ἶ

373 3258 430 3304 et
457 3247 798 3304 Samariam?
821 3267 838 3299 ι
871 3247 1008 3303 Cum
1040 3266 1239 3318 meam,
1284 3253 1482 3322 inquit,
1515 3263 1837 3323 potestatem
1867 3269 1959 3310 ac-

376 3340 600 3410 ceperit,
631 3353 736 3393 non
761 3341 840 3394 sic
868 3339 954 3395 ille
983 3342 1282 3397 arbitratus
1304 3353 1417 3408 est,
1450 3345 1544 3398 sed
1579 3343 1756 3398 elatus
1779 3354 1959 3402 mente

376 3433 498 3498 fuit,
531 3447 598 3487 ac
629 3432 672 3486 si
709 3433 965 3502 p0pulum
1000 3449 1179 3488 meum
1209 3437 1425 3505 propria
1467 3437 1666 3491 virtute
1695 3437 1960 3491 debellas-

375 3537 477 3583 set.
508 3525 619 3580 Nec
646 3524 738 3578 illo
764 3535 1058 3579 contentus
1106 3527 1342 3592 excidio,
1380 3529 1623 3583 infinitas
1661 3529 1800 3584 alias
1827 3544 1960 3598 gen-

375 3628 458 3673 tes
483 3634 542 3673 se
593 3619 906 3673 invasurum
947 3621 1228 3674 minatur:
1263 3622 1392 3690 quia
1437 3621 1583 3676 illam
1613 3623 1960 3691 praestantio-

375 3725 492 3763 rem
519 3724 582 3763 ac
619 3711 718 3763 sub
748 3707 843 3762 Dei
881 3710 1043 3764 tutela
1068 3710 1302 3777 positam
1339 3711 1730 3768 debellaverat.
1757 3712 1960 3779 Quaru-

373 3801 562 3855 obrem
588 3800 654 3854 iis
685 3801 775 3870 qui
808 3799 1040 3869 subjecti
1069 3801 1322 3867 fuerant,
1358 3804 1686 3859 mirantibus
1713 3820 1860 3870 eum,
1895 3820 1960 3862 ac

373 3890 705 3957 dicentibus,
739 3910 758 3943 ι
792 3890 871 3946 Tu
899 3892 1050 3947 solus
1084 3909 1142 3948 es
1174 3894 1452 3964 princeps,
1485 3913 1504 3946 ι
1542 3896 1838 3965 respondet
1870 3896 1960 3952 ille

373 3985 462 4039 his
490 3983 717 4039 verbis:
754 3983 835 4038 Me
886 3985 1188 4054 principem
1240 3987 1476 4041 nondum
1510 3990 1718 4043 vocetis
1781 4003 1958 4057 neque

376 4076 682 4140 dominum,
715 4076 1160 4146 quandoquidem
1195 4092 1388 4133 omnes
1425 4078 1664 4149 undique
1710 4081 1959 4150 regiones

375 4169 612 4227 nondum
639 4170 756 4238 cepi
787 4186 800 4221 :
828 4179 1105 4234 caeterum,

453 4261 616 4317 Vnus.
662 4260 755 4317 l0.
799 4278 819 4312 ‹
873 4261 1342 4327 Quemadmodum
1395 4262 1497 4318 has
1546 4265 1707 4333 cepi,
1769 4265 1851 4321 sic
1903 4275 1962 4321 et

375 4369 570 4410 omnes
613 4353 953 4424 principatus
1010 4352 1242 4422 capiam.
1300 4353 1843 4426 Ululate,scu|ptilia
1903 4358 1957 4412 in

375 4445 675 4504 Jerusalem
708 4454 762 4499 et
797 4443 1074 4500 Samaria.
1114 4463 1132 4496 ι
1161 4446 1244 4500 Ad
1269 4445 1414 4516 ipsos
1437 4447 1696 4518 Assyrios
1733 4462 1950 4503 eorum-

375 4553 483 4608 que
509 4537 826 4608 principem.
859 4535 950 4604 qui
989 4535 1103 4590 haec
1137 4548 1245 4590 tam
1270 4548 1590 4606 arroganter
1615 4540 1950 4610 proferebat,

376 4643 684 4686 sermonem
737 4626 941 4695 dirigit.
968 4624 1063 4680 Va:
1113 4627 1376 4697 Assyriis,
1420 4629 1520 4694 ait,
1548 4631 1675 4698 quia
1725 4646 1830 4685 non
1871 4632 1954 4684 in~

377 4719 702 4776 tellexerunt
724 4717 859 4772 iram
892 4731 1090 4780 meam,
1119 4726 1309 4772 contra
1347 4719 1684 4775 facinorosos
1712 4720 1832 4776 illos
1854 4736 1949 4776 exe

375 4814 624 4876 citatam,
662 4809 823 4864 talem
859 4809 994 4878 ipsis
1037 4807 1335 4864 inferendae
1359 4809 1583 4866 ultionis
1628 4819 1953 4880 pOIestatem

377 4905 643 4960 indidisse
672 4921 685 4955 :
724 4903 818 4956 sed
851 4901 1220 4971 opinabantur
1249 4915 1308 4956 se
1361 4913 1551 4974 suapte
1595 4903 1794 4960 virtute
1819 4919 1956 4976 gen-

378 5004 458 5050 tes
486 4991 804 5050 debellasse.

450 5087 614 5143 Vsus.
644 5085 730 5141 11.
761 5102 780 5136 ι
811 5082 1282 5152 Quemadmodum
1305 5084 1451 5140 enim
1489 5071 1592 5139 feci
1622 5083 1884 5142 Samaria:
1903 5097 1958 5143 et

379 5181 710 5238 manufactis
732 5179 882 5249 ejus:
919 5179 998 5234 sic
1049 5179 1243 5234 faciam
1272 5180 1660 5251 Hierosolyma:
1687 5193 1743 5236 et
1801 5183 1956 5239 idolis

377 5276 516 5344 ejus.
543 5293 562 5326 ι
587 5273 1018 5343 Hierosolymam
1055 5273 1240 5341 itaque
1270 5273 1528 5327 Samarire
1559 5273 1704 5340 paria
1731 5289 1956 5344 perpes-

377 5382 562 5422 suram
588 5363 989 5420 interminatur.
1024 5362 1150 5418 Haec
1181 5378 1347 5432 porro
1372 5365 1646 5434 praedicit,
1675 5367 1956 5421 auditores

379 5460 447 5513 ad
472 5457 888 5513 conversionem
921 5464 977 5512 et
1012 5455 1390 5526 paenitentiam
1433 5471 1759 5526 provocans,
1793 5467 1957 5527 atque

379 5547 612 5618 exempli
643 5546 934 5601 formidine
960 5548 1025 5600 ad
1055 5545 1489 5615 resipiscentium
1529 5548 1784 5603 inritans.
1838 5549 1954 5603 Non

381 5639 525 5693 enim
549 5638 827 5708 Assyrius,
860 5638 1056 5706 inquit,
1081 5638 1196 5692 lucc
1220 5648 1409 5693 contra
1444 5636 1747 5693 Samariam
1773 5652 1957 5710 patrno

383 5733 498 5801 vit;
527 5731 620 5788 sed
649 5747 750 5803 ego
792 5732 956 5799 Deus,
993 5732 1158 5807 idque
1183 5732 1252 5788 ob
1289 5731 1587 5789 incolarum
1617 5733 1734 5808 ejus
1763 5735 1954 5805 impie-

2063 1892 2163 1928 πον
2189 1873 2392 1939 ταύτας
2426 1874 2638 1938 ἔλαϐον,
2657 1873 2751 1926 καὶ
2785 1873 2962 1936 πάσας
2991 1869 3292 1941 τὰς’ἁρχὰς
3324 1867 3589 1938 λήψομαιο
3623 1885 3648 1918 ι

2062 1968 2156 2021 καὶ
2192 1965 2371 2020 πάλιν·
2405 1984 2423 2016 ι
2455 1967 2552 2018 Ὃν
2579 1965 2780 2036 τρόπον
2814 1965 3048 2034 ἐποίησα
3081 1961 3365 2033 Σαμαρείᾳ
3395 1961 3488 2013 καὶ
3512 1961 3652 2014 πᾶσι

2060 2063 2173 2124 τοῖς
2193 2060 2594 2130 χειροποιήτοις
2613 2058 2804 2128 αὐτῆς,
2823 2055 2966 2109 οὕτω
2984 2056 3195 2125 ποιήσω
3220 2052 3530 2124 Ἱερουσαλή
3542 2069 3601 2122 μ.
3622 2069 3648 2103 ι

2061 2150 2172 2203 Καὶ
2195 2153 2227 2221 ἡ
2265 2149 2475 2222 ἱστορία
2499 2149 2556 2202 δέ
2582 2148 2847 2211 διδάσκει,
2873 2147 2955 2199 ὅτι
2981 2147 3039 2199 ἐν
3061 2149 3182 2208 ταῖς
3209 2144 3446 2214 ἡμέραις
3481 2140 3654 2211 Ἀχὰζ

2061 2243 2228 2314 ἀνέϐη
2252 2244 2280 2296 ό
2315 2241 2566 2313 βασιλεὺς
2605 2241 2904 2311 Ἀσσυρίων
2929 2241 3008 2302 εἰς
3041 2238 3373 2309 Σαμάρειαν,
3407 2237 3500 2290 καὶ

2060 2334 2346 2407 λιόρκησεν
2379 2335 2548 2405 αὑτήν
2573 2350 2586 2363 ⁸
2632 2334 2724 2386 καὶ
2765 2333 2906 2395 τέως
2938 2331 3036 2400 μέν
3075 2331 3195 2384 τότε
3247 2330 3413 2402 μέρος
3449 2347 3504 2382 τι
3553 2326 3654 2382 τοῦ

2061 2428 2191 2482 λαοῦ
2215 2425 2670 2498 ᾐχμαλώτευσεν·
2708 2425 2800 2478 ἐπὶ
2835 2425 2892 2477 δέ
2941 2422 3184 2486 Ἐζεκίου
3227 2422 3322 2476 τοῦ
3348 2423 3437 2476 τὸν
3481 2421 3656 2491 Ἀχάξ

2059 2519 2474 2591 διαδεδεγμένου
2509 2519 2687 2572 πάντα
2730 2517 2820 2571 τὸν
2845 2516 2970 2570 λαὸν
2998 2515 3276 2586 ἀπῴκισεν
3326 2516 3404 2578 εἰς
3453 2515 3654 2566 Ἀσσυ-

2063 2611 2234 2682 ρίους.

2139 2720 2157 2752 ι
2190 2701 2360 2765 Αὐτὸς
2385 2701 2442 2754 δέ
2469 2701 2567 2773 οὐχ
2597 2700 2768 2764 οὕτως
2798 2697 3127 2770 ἐνεθυμήθη,
3157 2699 3252 2752 καὶ
3283 2701 3349 2770 τῇ
3382 2697 3526 2768 ψυχῇ
3551 2696 3655 2766 οὺχ

2062 2796 2234 2858 οὕτως
2261 2795 2590 2860 λελόγισται,
2622 2793 2756 2848 ἀλλὰ
2790 2776 3096 2857 ’ἀπαλλάξει
3129 2795 3156 2846 ὁ
3197 2792 3322 2855 νοῦς
3361 2790 3525 2844 αὑτοῦ
3556 2791 3657 2843 καὶ

2061 2885 2158 2940 τοῦ
2191 2886 2318 2956 ἔθνη
2361 2884 2742 2960 ἐξολοθρεῦσαι
2772 2885 2872 2937 οὐκ
2901 2885 3077 2950 ὀλίγα.
3125 2885 3236 2937 Καὶ
3281 2883 3375 2936 ἐάν
3423 2881 3656 2935 εἴπωσιν

2063 2977 2214 3048 αὐτῷ
2233 2994 2246 3006 ·
2281 2977 2352 3029 Σὺ
2385 2976 2544 3046 μόνος
2573 2969 2623 3027 εἶ
2643 2975 2826 3046 ἄρχων
2848 2992 2859 3000 ·
2893 2975 2989 3027 καὶ
3010 2977 3152 3046 ἐρεῖ’
3190 2975 3304 3026 Οὐκ
3334 2972 3521 3027 ἔλαϐον
3550 2973 3656 3046 τὴν

2063 3070 2248 3141 χώραν
2268 3069 2372 3141 ,τὴν
2398 3069 2584 3123 ἐπάνω
2614 3066 2934 3132 Βαϐυλῶνος
2958 3067 3049 3121 καὶ
3079 3065 3353 3138 Χαλάνης,
3377 3061 3437 3120 οὗ
3463 3051 3492 3119 ό
3518 3066 3660 3136 πύρ-

2064 3176 2159 3228 γος
2193 3157 2543 3230 ᾠκοδομήθη,
2573 3158 2668 3212 καὶ
2698 3157 2888 3210 ἔλαϐον
2935 3157 3215 3230 Ἀραϐίαν,
3242 3159 3336 3211 καὶ
3361 3156 3657 3228 Δαμασκὸν

2065 3253 2160 3306 καὶ
2203 3252 2560 3324 Σαμάρειαν;
2612 3271 2630 3302 i
2679 3251 2790 3323 Τὴν
2834 3252 2973 3322 ἐμὴν
3016 3251 3214 3314 τοίνυν,
3267 3254 3421 3322 φησι,
3471 3248 3660 3305 λαϐὼν

2063 3343 2331 3407 ἐξουσίαν,
2370 3343 2470 3412 οὐχ
2499 3341 2672 3405 οὕτως
2717 3341 3046 3412 ἐνεθυμήθη,
3090 3341 3205 3394 ἀλλ’
3251 3340 3534 3412 ὑπερήρθη
3572 3339 3658 3413 τῷ

2063 3434 2332 3506 λογισμῷ,
2364 3434 2440 3498 ὡς
2467 3433 2646 3503 οἰκείᾳ
2671 3433 2903 3504 δυνάμει
2938 3432 3032 3486 τοῦ
3065 3432 3197 3503 ἐμοῦ
3230 3434 3658 3504 περιγενόμενος

2062 3526 2216 3585 λαοῦ.
2250 3525 2404 3591 Εἶτα,
2443 3525 2518 3598 μὴ
2561 3525 2851 3598 ἀρκεσθεὶς
2887 3528 2954 3596 τῇ
2985 3524 3190 3578 τούτων
3219 3524 3522 3597 πολιορκίᾳ,
3549 3543 3658 3596 μυ-

2066 3619 2158 3690 ρία
2199 3617 2333 3672 ἄλλα
2361 3617 2489 3689 ἔθνη
2529 3614 2891 3688 μετέρχεσθαι
2916 3615 3147 3679 ἀπειλεῖ,
3179 3616 3254 3680 ὡς
3280 3615 3374 3670 τοῦ
3406 3618 3657 3688 κρείττο⁶

2061 3728 2154 3774 τος
2184 3710 2276 3764 καὶ
2300 3708 2420 3780 Θεῷ
2444 3707 2805 3778 ἀνακειμένου
2837 3709 3140 3778 κρατήσας.
3169 3709 3260 3761 Διὸ
3281 3709 3344 3780 δὴ
3381 3708 3490 3762 τῶν
3517 3710 3658 3763 ὑπο-

2063 3803 2285 3875 χειρίων
2332 3799 2481 3872 αὑτῷ
2526 3801 2835 3872 γενομένων
2883 3798 3276 3871 θαυμαζόντων
3323 3801 3509 3859 αὑτὸν.
3555 3803 3658 3858 καὶ

2061 3895 2354 3964 λεγόντων,
2381 3915 2400 3945 ι
2436 3894 2509 3946 Συ
2547 3893 2706 3964 μόνος
2741 3889 2790 3945 εί
2833 3892 3039 3964 ἄρχων,
3075 3909 3094 3942 ›
3130 3892 3485 3964 ἀποκρίνεται
3514 3894 3655 3967 πρὸς

2063 3989 2263 4051 αὐτοὺς
2311 3987 2407 4042 καὶ
2450 3985 2628 4054 λέγει·
2678 3985 2904 4056 Μήποτε
2951 3983 3165 4038 καλεῖτε
3209 3984 3466 4055 ἄρχοντα.
3515 3988 3654 4058 μηδὲ

2067 4079 2276 4151 κύριον·
2305 4079 2427 4131 ἐπεὶ
2459 4077 2684 4148 μηδέπω
2726 4077 2904 4140 πάσας
2934 4075 3174 4147 εἰλήφειν
3212 4077 3308 4141 τὰς
3337 4079 3653 4150 ἁπανταχοῦ

2063 4171 2246 4242 χώρας
2266 4187 2280 4200 ο
2317 4169 2478 4240 πλὴν,

2139 4281 2158 4314 ι
2193 4263 2288 4315 Ὃν
2317 4262 2516 4333 τρόπον
2542 4258 2748 4323 ταύτας
2778 4259 2992 4323 ἔλαϐον,
3020 4257 3163 4313 οὕτω
3203 4263 3298 4315 καὶ
3347 4263 3524 4326 πάσας
3552 4264 3656 4327 τὰς

2062 4354 2236 4427 ἀρχὰς
2268 4351 2532 4424 λήψομαι.
2579 4350 2901 4415 Ὀλολύξατε
2939 4351 3010 4405 τὰ
3041 4354 3252 4423 γλυπτά
3279 4357 3336 4408 ἐν
3377 4357 3654 4427 Ἰερουσα-

2064 4447 2177 4518 λὴμ
2203 4445 2298 4498 καὶ
2322 4447 2380 4497 ἐν
2411 4443 2715 4516 Σαμαρείᾳ.
2755 4463 2774 4495 ι
2804 4445 2948 4515 Πρὸς
2973 4446 3171 4510 αὐτούς
3203 4464 3264 4500 τε
3297 4449 3422 4511 τοὺς
3465 4448 3654 4501 Ἀσσυ-

2068 4538 2210 4612 ρίους
2240 4537 2332 4590 καὶ
2355 4537 2444 4590 τὸν
2472 4535 2707 4606 ἄρχοντα
2732 4536 2932 4596 αὐτῶν,
2960 4537 3183 4592 τοιαῦτα
3223 4539 3654 4604 καταλαζονευον

2065 4629 2259 4702 μένους
2287 4628 2636 4682 ἀποτείνεται
2673 4627 2876 4694 λέγων’
2920 4629 3056 4681 Οὐαὶ
3099 4629 3422 4700 Ἀσσυρίοις,
3463 4631 3544 4682 ὅτι
3576 4631 3660 4703 μὴ

2064 4723 2304 4793 συνῆκαν
2343 4720 2419 4784 ὡς
2457 4720 2567 4788 ἄρα
2593 4722 2627 4790 ἠ
2659 4720 2766 4791 ἐμὴ
2797 4721 2933 4792 ὀργὴ
2983 4723 3016 4792 ὴ
3061 4722 3200 4775 κατὰ
3244 4723 3353 4775 τῶν
3394 4723 3657 4794 πλημμε-

2063 4812 2298 4866 λούντων
2327 4811 2427 4881 τὴν
2456 4809 2703 4876 ἐξουσίαν
2727 4811 2910 4875 αὐτοῖς
2938 4812 3037 4883 τῆς
3062 4813 3327 4885 τοσαύτης
3365 4816 3536 4886 ὀργῆς
3563 4816 3656 4870 δέ-

2065 4906 2267 4958 δωκεν·
2303 4902 2441 4956 ἀλλὰ
2482 4905 2549 4974 τῇ
2580 4903 2790 4956 ἐαυτῶν
2823 4903 3052 4974 δυνάμει
3097 4907 3498 4977 κεκρατηκέναι
3544 4909 3656 4961 τῶν

2064 4993 2236 5048 ἐθνῶν
2267 4993 2554 5048 ὑπέλαϐον.
2785 5068 2787 5070 η

2140 5105 2158 5137 ι
2201 5088 2296 5140 ’Ὸν
2323 5088 2522 5156 τρόπον
2549 5083 2658 5156 γὰρ
2688 5085 2922 5157 ἐποίησα
2958 5087 3243 5160 Σαμαρείᾳ
3280 5090 3510 5154 καὶτοῖς
3540 5109 3656 5161 χει-

2070 5182 2375 5251 ροποιήτοις
2398 5178 2588 5248 αὐτῆς,
2624 5176 2766 5231 οὕτω
2798 5180 3009 5250 ποιήσω
3044 5180 3138 5233 καὶ
3176 5180 3532 5255 Ἰερουσαλὴμ
3559 5187 3655 5236 καὶ

2065 5275 2176 5335 τοῖς
2202 5270 2440 5336 εἰδώλοις
2473 5271 2660 5341 αὐτῆς.
2711 5289 2729 5322 ι
2775 5271 2854 5324 Τά
2901 5273 2990 5324 ἴσα
3021 5272 3200 5327 τοίνυν
3248 5277 3312 5346 τῇ
3365 5275 3655 5347 Σαμαρείᾳ

2066 5365 2157 5418 καὶ
2202 5363 2298 5434 τὴν
2337 5362 2693 5436 Ἰερουσαλὴμ
2723 5363 3007 5416 πείσεσθαι
3039 5365 3269 5419 ἀπειλεῖ.
3305 5366 3566 5438 Προλέγει
3592 5368 3666 5421 δέ-

2063 5455 2234 5508 ταῦτα
2266 5453 2706 5526 προκαλούμενος
2741 5455 2821 5518 εἰς
2851 5455 3189 5527 ἐπιστροφὴν
3223 5459 3318 5510 καί
3357 5457 3672 5528 μετάνοιαν-

2057 5551 2184 5612 τους
2218 5547 2536 5612 ἀκούοντας,
2565 5547 2714 5618 φόϐῳ
2739 5565 2797 5600 τε
2837 5546 2932 5600 τοῦ
2965 5549 3401 5620 παραδείγματος
3424 5549 3652 5622 ’σωφρο-

2061 5638 2222 5703 νίζων
2256 5640 2472 5704 αὐτούς.
2502 5641 2578 5694 Οὐ
2609 5639 2718 5710 γάρ
2758 5643 2786 5693 ὁ
2842 5640 3143 5711 Ἀσσύριος,
3191 5642 3375 5713 φησὶν,
3420 5643 3652 5715 ἐποίησε

2062 5733 2130 5790 τὰ
2158 5734 2297 5790 κατὰ
2322 5736 2420 5808 τῆς
2451 5733 2783 5809 Σαμαρείας,
2811 5732 2924 5788 ἀλλ’
2953 5733 3064 5804 ἐγὼ
3087 5735 3113 5789 ὁ
3137 5736 3268 5798 Θεὸς
3292 5735 3377 5794 διὰ
3408 5737 3505 5800 τὰς
3537 5738 3649 5793 τῶν
