  <div class='ocr_page' id='page_1' title='image "/cluster/home/n/w/nwhite01/storage/ocr_20150623/24/nnc1.0046978259/090.png"; bbox 0 0 3850 6210; ppageno 0'>
   <div class='ocr_carea' id='block_1_1' title="bbox 165 340 259 396">
    <p class='ocr_par' dir='ltr' id='par_1_1' title="bbox 165 340 259 396">
     <span class='ocr_line' id='line_1_1' title="bbox 165 340 259 396; baseline -0.053 0"><span class='ocrx_word' id='word_1_1' title='bbox 165 340 259 396; x_wconf 66' lang='grc'><strong>161</strong></span> 
     </span>
    </p>
   </div>
   <div class='ocr_carea' id='block_1_2' title="bbox 1123 320 2436 386">
    <p class='ocr_par' dir='ltr' id='par_1_2' title="bbox 1123 320 2436 386">
     <span class='ocr_line' id='line_1_2' title="bbox 1123 320 2436 386; baseline -0.005 -1"><span class='ocrx_word' id='word_1_2' title='bbox 1123 323 1628 386; x_wconf 79' lang='lat' dir='ltr'><strong>COMMENTARIA</strong></span> <span class='ocrx_word' id='word_1_3' title='bbox 1671 324 1738 379; x_wconf 88' lang='lat' dir='ltr'><strong>IN</strong></span> <span class='ocrx_word' id='word_1_4' title='bbox 1778 321 2030 379; x_wconf 82' lang='lat' dir='ltr'><strong>ISAIAM.</strong></span> <span class='ocrx_word' id='word_1_5' title='bbox 2071 352 2140 364; x_wconf 91' lang='lat'><strong>--</strong></span> <span class='ocrx_word' id='word_1_6' title='bbox 2175 320 2331 377; x_wconf 80' lang='lat' dir='ltr'><strong>CAP.</strong></span> <span class='ocrx_word' id='word_1_7' title='bbox 2368 320 2436 379; x_wconf 78' lang='grc' dir='ltr'><strong>Χ.</strong></span> 
     </span>
    </p>
   </div>
   <div class='ocr_carea' id='block_1_3' title="bbox 3339 318 3445 374">
    <p class='ocr_par' dir='ltr' id='par_1_3' title="bbox 3339 318 3445 374">
     <span class='ocr_line' id='line_1_3' title="bbox 3339 318 3445 374; baseline -0.009 0"><span class='ocrx_word' id='word_1_8' title='bbox 3339 318 3445 374; x_wconf 64' lang='grc'><strong>162</strong></span> 
     </span>
    </p>
   </div>
   <div class='ocr_carea' id='block_1_4' title="bbox 162 439 1783 528">
    <p class='ocr_par' dir='ltr' id='par_1_4' title="bbox 162 445 1763 528">
     <span class='ocr_line' id='line_1_4' title="bbox 162 445 1763 528; baseline -0.007 -18"><span class='ocrx_word' id='word_1_9' title='bbox 162 454 465 528; x_wconf 73' lang='grc' dir='ltr'><strong>οἰκητόρων</strong></span> <span class='ocrx_word' id='word_1_10' title='bbox 491 451 774 516; x_wconf 78' lang='grc' dir='ltr'>ἀσεϐείας.</span> <span class='ocrx_word' id='word_1_11' title='bbox 798 448 1008 505; x_wconf 82' lang='grc' dir='ltr'>Οὐκοῦν</span> <span class='ocrx_word' id='word_1_12' title='bbox 1034 448 1180 504; x_wconf 89' lang='grc' dir='ltr'><strong>κατά</strong></span> <span class='ocrx_word' id='word_1_13' title='bbox 1202 447 1297 502; x_wconf 82' lang='grc' dir='ltr'><strong>τὸν</strong></span> <span class='ocrx_word' id='word_1_14' title='bbox 1316 446 1411 501; x_wconf 86' lang='grc' dir='ltr'><strong>τοῦ</strong></span> <span class='ocrx_word' id='word_1_15' title='bbox 1431 447 1645 501; x_wconf 81' lang='grc' dir='ltr'><strong>δικαίου</strong></span> <span class='ocrx_word' id='word_1_16' title='bbox 1675 445 1763 498; x_wconf 84' lang='grc' dir='ltr'><strong>λό-</strong></span> 
     </span>
    </p>
   </div>
   <div class='ocr_carea' id='block_1_5' title="bbox 1893 439 3446 528">
    <p class='ocr_par' dir='ltr' id='par_1_5' title="bbox 1893 439 3446 510">
     <span class='ocr_line' id='line_1_5' title="bbox 1893 439 3446 510; baseline -0.001 -12"><span class='ocrx_word' id='word_1_17' title='bbox 1893 453 2027 498; x_wconf 87' lang='lat' dir='ltr'><strong>ates.</strong></span> <span class='ocrx_word' id='word_1_18' title='bbox 2054 441 2223 510; x_wconf 77' lang='lat' dir='ltr'><strong>Igitur</strong></span> <span class='ocrx_word' id='word_1_19' title='bbox 2247 441 2544 497; x_wconf 90' lang='lat' dir='ltr'><strong>secundum</strong></span> <span class='ocrx_word' id='word_1_20' title='bbox 2576 440 2851 509; x_wconf 71' lang='lat' dir='ltr'><strong>aequitatis</strong></span> <span class='ocrx_word' id='word_1_21' title='bbox 2888 439 3057 508; x_wconf 83' lang='lat' dir='ltr'><strong>leges,</strong></span> <span class='ocrx_word' id='word_1_22' title='bbox 3099 454 3200 510; x_wconf 90' lang='lat' dir='ltr'><strong>par</strong></span> <span class='ocrx_word' id='word_1_23' title='bbox 3221 449 3306 494; x_wconf 92' lang='lat' dir='ltr'><strong>est</strong></span> <span class='ocrx_word' id='word_1_24' title='bbox 3347 453 3446 496; x_wconf 70' lang='lat' dir='ltr'><strong>eos</strong></span> 
     </span>
    </p>
   </div>
   <div class='ocr_carea' id='block_1_6' title="bbox 163 543 1759 623">
    <p class='ocr_par' dir='ltr' id='par_1_6' title="bbox 163 543 1759 623">
     <span class='ocr_line' id='line_1_6' title="bbox 163 543 1759 623; baseline -0.005 -17"><span class='ocrx_word' id='word_1_25' title='bbox 163 571 255 623; x_wconf 87' lang='grc' dir='ltr'><strong>γον</strong></span> <span class='ocrx_word' id='word_1_26' title='bbox 289 553 385 606; x_wconf 74' lang='grc' dir='ltr'>καὶ</span> <span class='ocrx_word' id='word_1_27' title='bbox 424 553 555 614; x_wconf 78' lang='grc' dir='ltr'>τοὺς</span> <span class='ocrx_word' id='word_1_28' title='bbox 603 547 662 603; x_wconf 86' lang='grc' dir='ltr'><strong>ἐν</strong></span> <span class='ocrx_word' id='word_1_29' title='bbox 693 552 759 622; x_wconf 78' lang='grc' dir='ltr'>τῇ</span> <span class='ocrx_word' id='word_1_30' title='bbox 801 546 1156 621; x_wconf 85' lang='grc' dir='ltr'>Ἰερουσαλὴμ</span> <span class='ocrx_word' id='word_1_31' title='bbox 1190 546 1336 611; x_wconf 76' lang='grc' dir='ltr'>είκὸς</span> <span class='ocrx_word' id='word_1_32' title='bbox 1385 543 1759 617; x_wconf 87' lang='grc' dir='ltr'>παραδοθήσε-</span> 
     </span>
    </p>
   </div>
   <div class='ocr_carea' id='block_1_7' title="bbox 168 632 1760 714">
    <p class='ocr_par' dir='ltr' id='par_1_7' title="bbox 168 632 1760 714">
     <span class='ocr_line' id='line_1_7' title="bbox 168 632 1760 714; baseline -0.007 -17"><span class='ocrx_word' id='word_1_33' title='bbox 168 644 287 698; x_wconf 83' lang='grc' dir='ltr'>σθαι</span> <span class='ocrx_word' id='word_1_34' title='bbox 311 645 380 714; x_wconf 81' lang='grc' dir='ltr'>τῇ</span> <span class='ocrx_word' id='word_1_35' title='bbox 409 643 501 714; x_wconf 76' lang='grc' dir='ltr'>ἴσῃ</span> <span class='ocrx_word' id='word_1_36' title='bbox 532 640 844 713; x_wconf 72' lang='grc' dir='ltr'><strong>πολιορκίᾳ,</strong></span> <span class='ocrx_word' id='word_1_37' title='bbox 876 638 953 703; x_wconf 85' lang='grc' dir='ltr'>ὠς</span> <span class='ocrx_word' id='word_1_38' title='bbox 974 638 1044 692; x_wconf 74' lang='grc' dir='ltr'>τὰ</span> <span class='ocrx_word' id='word_1_39' title='bbox 1083 636 1287 707; x_wconf 83' lang='grc' dir='ltr'>ἀδελφά</span> <span class='ocrx_word' id='word_1_40' title='bbox 1313 632 1760 709; x_wconf 76' lang='grc' dir='ltr'>μεταχειριζομέ-</span> 
     </span>
    </p>
   </div>
   <div class='ocr_carea' id='block_1_8' title="bbox 165 730 1273 804">
    <p class='ocr_par' dir='ltr' id='par_1_8' title="bbox 165 730 1273 804">
     <span class='ocr_line' id='line_1_8' title="bbox 165 730 1273 804; baseline -0.007 -14"><span class='ocrx_word' id='word_1_41' title='bbox 165 753 286 799; x_wconf 82' lang='grc' dir='ltr'>νους</span> <span class='ocrx_word' id='word_1_42' title='bbox 310 735 431 798; x_wconf 87' lang='grc' dir='ltr'>τοῖς</span> <span class='ocrx_word' id='word_1_43' title='bbox 458 734 529 787; x_wconf 76' lang='grc' dir='ltr'><strong>τά</strong></span> <span class='ocrx_word' id='word_1_44' title='bbox 567 732 933 804; x_wconf 88' lang='grc' dir='ltr'>προλεχθέντα</span> <span class='ocrx_word' id='word_1_45' title='bbox 959 730 1273 784; x_wconf 80' lang='grc' dir='ltr'>πεπονθόσι.</span> 
     </span>
    </p>
   </div>
   <div class='ocr_carea' id='block_1_9' title="bbox 239 817 1762 895">
    <p class='ocr_par' dir='ltr' id='par_1_9' title="bbox 239 817 1762 895">
     <span class='ocr_line' id='line_1_9' title="bbox 239 817 1762 895; baseline -0.003 -17"><span class='ocrx_word' id='word_1_46' title='bbox 239 846 259 878; x_wconf 76' lang='grc' dir='ltr'><strong>ι</strong></span> <span class='ocrx_word' id='word_1_47' title='bbox 293 825 411 880; x_wconf 77' lang='grc' dir='ltr'>Καὶ</span> <span class='ocrx_word' id='word_1_48' title='bbox 441 825 617 887; x_wconf 77' lang='grc' dir='ltr'>ἔσται,</span> <span class='ocrx_word' id='word_1_49' title='bbox 653 825 783 877; x_wconf 79' lang='grc' dir='ltr'>ὅταν</span> <span class='ocrx_word' id='word_1_50' title='bbox 816 822 1107 893; x_wconf 81' lang='grc' dir='ltr'><strong>συντελέσῃ</strong></span> <span class='ocrx_word' id='word_1_51' title='bbox 1141 821 1347 895; x_wconf 84' lang='grc' dir='ltr'>Κύριος</span> <span class='ocrx_word' id='word_1_52' title='bbox 1387 821 1565 876; x_wconf 86' lang='grc' dir='ltr'>πάντα</span> <span class='ocrx_word' id='word_1_53' title='bbox 1592 817 1762 873; x_wconf 80' lang='grc' dir='ltr'>ποιῶν</span> 
     </span>
    </p>
   </div>
   <div class='ocr_carea' id='block_1_10' title="bbox 1861 529 3447 605">
    <p class='ocr_par' dir='ltr' id='par_1_10' title="bbox 1861 529 3447 605">
     <span class='ocr_line' id='line_1_10' title="bbox 1861 529 3447 605; baseline -0.001 -17"><span class='ocrx_word' id='word_1_54' title='bbox 1861 532 1956 605; x_wconf 88' lang='lat' dir='ltr'><strong>qui</strong></span> <span class='ocrx_word' id='word_1_55' title='bbox 1988 534 2041 587; x_wconf 91' lang='lat' dir='ltr'><strong>in</strong></span> <span class='ocrx_word' id='word_1_56' title='bbox 2066 529 2464 604; x_wconf 81' lang='lat' dir='ltr'><strong>Hierosolymis</strong></span> <span class='ocrx_word' id='word_1_57' title='bbox 2494 533 2693 603; x_wconf 84' lang='lat' dir='ltr'><strong>degunt</strong></span> <span class='ocrx_word' id='word_1_58' title='bbox 2718 533 2834 601; x_wconf 88' lang='lat' dir='ltr'><strong>pari</strong></span> <span class='ocrx_word' id='word_1_59' title='bbox 2857 532 3127 587; x_wconf 82' lang='lat' dir='ltr'><strong>obsidioni</strong></span> <span class='ocrx_word' id='word_1_60' title='bbox 3155 541 3209 587; x_wconf 90' lang='lat' dir='ltr'><strong>et</strong></span> <span class='ocrx_word' id='word_1_61' title='bbox 3235 533 3447 587; x_wconf 83' lang='lat' dir='ltr'><strong>excidio</strong></span> 
     </span>
    </p>
   </div>
   <div class='ocr_carea' id='block_1_11' title="bbox 1864 621 3447 695">
    <p class='ocr_par' dir='ltr' id='par_1_11' title="bbox 1864 621 3447 695">
     <span class='ocr_line' id='line_1_11' title="bbox 1864 621 3447 695; baseline 0 -15"><span class='ocrx_word' id='word_1_62' title='bbox 1864 624 2024 690; x_wconf 89' lang='lat' dir='ltr'><strong>tradi,</strong></span> <span class='ocrx_word' id='word_1_63' title='bbox 2053 626 2181 694; x_wconf 85' lang='lat' dir='ltr'><strong>quia</strong></span> <span class='ocrx_word' id='word_1_64' title='bbox 2216 624 2316 695; x_wconf 85' lang='lat' dir='ltr'><strong>ipsi</strong></span> <span class='ocrx_word' id='word_1_65' title='bbox 2354 624 2505 694; x_wconf 86' lang='lat' dir='ltr'><strong>paria</strong></span> <span class='ocrx_word' id='word_1_66' title='bbox 2535 624 2626 691; x_wconf 88' lang='lat' dir='ltr'><strong>iis,</strong></span> <span class='ocrx_word' id='word_1_67' title='bbox 2661 622 2753 694; x_wconf 87' lang='lat' dir='ltr'><strong>qui</strong></span> <span class='ocrx_word' id='word_1_68' title='bbox 2786 621 2903 692; x_wconf 86' lang='lat' dir='ltr'><strong>jam</strong></span> <span class='ocrx_word' id='word_1_69' title='bbox 2950 632 3250 679; x_wconf 87' lang='lat' dir='ltr'><strong>memorata</strong></span> <span class='ocrx_word' id='word_1_70' title='bbox 3300 624 3447 695; x_wconf 82' lang='lat' dir='ltr'><strong>passi</strong></span> 
     </span>
    </p>
   </div>
   <div class='ocr_carea' id='block_1_12' title="bbox 1862 726 2463 786">
    <p class='ocr_par' dir='ltr' id='par_1_12' title="bbox 1862 726 2463 786">
     <span class='ocr_line' id='line_1_12' title="bbox 1862 726 2463 786; baseline -0.005 -16"><span class='ocrx_word' id='word_1_71' title='bbox 1862 726 2011 780; x_wconf 89' lang='lat' dir='ltr'><strong>sunt,</strong></span> <span class='ocrx_word' id='word_1_72' title='bbox 2052 726 2463 786; x_wconf 77' lang='lat' dir='ltr'><strong>perpetrarent.</strong></span> 
     </span>
    </p>
   </div>
   <div class='ocr_carea' id='block_1_13' title="bbox 1932 804 3445 876">
    <p class='ocr_par' dir='ltr' id='par_1_13' title="bbox 1932 804 3445 876">
     <span class='ocr_line' id='line_1_13' title="bbox 1932 804 3445 876; baseline 0.001 -14"><span class='ocrx_word' id='word_1_73' title='bbox 1932 804 2100 863; x_wconf 76' lang='lat' dir='ltr'><strong>Vens.</strong></span> <span class='ocrx_word' id='word_1_74' title='bbox 2132 807 2220 862; x_wconf 71' lang='grc'><strong>12.</strong></span> <span class='ocrx_word' id='word_1_75' title='bbox 2275 825 2293 859; x_wconf 77' lang='grc' dir='ltr'><strong>ι</strong></span> <span class='ocrx_word' id='word_1_76' title='bbox 2327 807 2396 862; x_wconf 87' lang='lat' dir='ltr'><strong>Et</strong></span> <span class='ocrx_word' id='word_1_77' title='bbox 2433 806 2573 871; x_wconf 89' lang='lat' dir='ltr'><strong>erit,</strong></span> <span class='ocrx_word' id='word_1_78' title='bbox 2634 821 2760 861; x_wconf 90' lang='lat' dir='ltr'><strong>cum</strong></span> <span class='ocrx_word' id='word_1_79' title='bbox 2816 806 3123 876; x_wconf 91' lang='lat' dir='ltr'><strong>impleverit</strong></span> <span class='ocrx_word' id='word_1_80' title='bbox 3178 807 3445 863; x_wconf 83' lang='lat' dir='ltr'><strong>Dominus</strong></span> 
     </span>
    </p>
   </div>
   <div class='ocr_carea' id='block_1_14' title="bbox 167 898 1783 988">
    <p class='ocr_par' dir='ltr' id='par_1_14' title="bbox 167 909 1765 988">
     <span class='ocr_line' id='line_1_14' title="bbox 167 909 1765 988; baseline -0.006 -16"><span class='ocrx_word' id='word_1_81' title='bbox 167 921 224 973; x_wconf 86' lang='grc' dir='ltr'><strong>ἐν</strong></span> <span class='ocrx_word' id='word_1_82' title='bbox 260 915 342 987; x_wconf 79' lang='grc' dir='ltr'>τῷ</span> <span class='ocrx_word' id='word_1_83' title='bbox 385 917 505 988; x_wconf 74' lang='grc' dir='ltr'>ὄρει</span> <span class='ocrx_word' id='word_1_84' title='bbox 534 912 674 968; x_wconf 83' lang='grc' dir='ltr'>Σιὼν</span> <span class='ocrx_word' id='word_1_85' title='bbox 704 915 797 968; x_wconf 76' lang='grc' dir='ltr'><strong>καὶ</strong></span> <span class='ocrx_word' id='word_1_86' title='bbox 836 912 1215 986; x_wconf 79' lang='grc' dir='ltr'>Ἰερουσαλὴμ,</span> <span class='ocrx_word' id='word_1_87' title='bbox 1255 910 1624 982; x_wconf 74' lang='grc' dir='ltr'><strong>ἐπισκέψομαι</strong></span> <span class='ocrx_word' id='word_1_88' title='bbox 1670 909 1765 963; x_wconf 76' lang='grc' dir='ltr'>ἐπὶ</span> 
     </span>
    </p>
   </div>
   <div class='ocr_carea' id='block_1_15' title="bbox 1893 898 3450 988">
    <p class='ocr_par' dir='ltr' id='par_1_15' title="bbox 1893 898 3450 963">
     <span class='ocr_line' id='line_1_15' title="bbox 1893 898 3450 963; baseline -0.001 -9"><span class='ocrx_word' id='word_1_89' title='bbox 1893 901 2045 955; x_wconf 65' lang='grc' dir='ltr'>νηιηίιι</span> <span class='ocrx_word' id='word_1_90' title='bbox 2087 900 2267 955; x_wconf 87' lang='lat' dir='ltr'><strong>facere</strong></span> <span class='ocrx_word' id='word_1_91' title='bbox 2295 900 2347 954; x_wconf 90' lang='lat' dir='ltr'><strong>in</strong></span> <span class='ocrx_word' id='word_1_92' title='bbox 2400 909 2584 954; x_wconf 91' lang='lat' dir='ltr'><strong>monte</strong></span> <span class='ocrx_word' id='word_1_93' title='bbox 2624 898 2754 954; x_wconf 86' lang='lat' dir='ltr'><strong>Sion</strong></span> <span class='ocrx_word' id='word_1_94' title='bbox 2786 909 2841 953; x_wconf 91' lang='lat' dir='ltr'><strong>et</strong></span> <span class='ocrx_word' id='word_1_95' title='bbox 2877 900 2931 953; x_wconf 90' lang='lat' dir='ltr'><strong>in</strong></span> <span class='ocrx_word' id='word_1_96' title='bbox 2965 899 3288 963; x_wconf 83' lang='lat' dir='ltr'><strong>Jerusalem,</strong></span> <span class='ocrx_word' id='word_1_97' title='bbox 3317 899 3450 954; x_wconf 87' lang='lat' dir='ltr'><strong>visi-</strong></span> 
     </span>
    </p>
   </div>
   <div class='ocr_carea' id='block_1_16' title="bbox 165 1002 1762 1078">
    <p class='ocr_par' dir='ltr' id='par_1_16' title="bbox 165 1002 1762 1078">
     <span class='ocr_line' id='line_1_16' title="bbox 165 1002 1762 1078; baseline -0.006 -14"><span class='ocrx_word' id='word_1_98' title='bbox 165 1011 254 1064; x_wconf 79' lang='grc' dir='ltr'><strong>τὸν</strong></span> <span class='ocrx_word' id='word_1_99' title='bbox 275 1007 406 1063; x_wconf 86' lang='grc' dir='ltr'>νοῦν</span> <span class='ocrx_word' id='word_1_100' title='bbox 429 1007 523 1061; x_wconf 77' lang='grc' dir='ltr'><strong>τὸν</strong></span> <span class='ocrx_word' id='word_1_101' title='bbox 553 1007 750 1078; x_wconf 86' lang='grc' dir='ltr'>μέγαν,</span> <span class='ocrx_word' id='word_1_102' title='bbox 785 1007 877 1060; x_wconf 74' lang='grc' dir='ltr'><strong>ἐπὶ</strong></span> <span class='ocrx_word' id='word_1_103' title='bbox 912 1006 1003 1059; x_wconf 81' lang='grc' dir='ltr'><strong>τὸν</strong></span> <span class='ocrx_word' id='word_1_104' title='bbox 1027 1005 1263 1077; x_wconf 78' lang='grc' dir='ltr'>ἄρχοντα</span> <span class='ocrx_word' id='word_1_105' title='bbox 1287 1003 1396 1057; x_wconf 90' lang='grc' dir='ltr'><strong>τῶν</strong></span> <span class='ocrx_word' id='word_1_106' title='bbox 1438 1002 1762 1074; x_wconf 84' lang='grc' dir='ltr'>’Δσσυρίων,</span> 
     </span>
    </p>
   </div>
   <div class='ocr_carea' id='block_1_17' title="bbox 168 1095 1760 1171">
    <p class='ocr_par' dir='ltr' id='par_1_17' title="bbox 168 1095 1760 1171">
     <span class='ocr_line' id='line_1_17' title="bbox 168 1095 1760 1171; baseline -0.004 -17"><span class='ocrx_word' id='word_1_107' title='bbox 168 1102 263 1155; x_wconf 75' lang='grc' dir='ltr'>καὶ</span> <span class='ocrx_word' id='word_1_108' title='bbox 292 1103 391 1154; x_wconf 75' lang='grc' dir='ltr'><strong>ἐπὶ</strong></span> <span class='ocrx_word' id='word_1_109' title='bbox 432 1100 495 1154; x_wconf 86' lang='grc' dir='ltr'><strong>τὸ</strong></span> <span class='ocrx_word' id='word_1_110' title='bbox 536 1100 669 1170; x_wconf 75' lang='grc' dir='ltr'>ὕψος</span> <span class='ocrx_word' id='word_1_111' title='bbox 710 1100 808 1170; x_wconf 85' lang='grc' dir='ltr'><strong>τῆς</strong></span> <span class='ocrx_word' id='word_1_112' title='bbox 848 1097 1007 1171; x_wconf 82' lang='grc' dir='ltr'><strong>δόξης</strong></span> <span class='ocrx_word' id='word_1_113' title='bbox 1043 1098 1153 1151; x_wconf 86' lang='grc' dir='ltr'><strong>τῶν</strong></span> <span class='ocrx_word' id='word_1_114' title='bbox 1187 1095 1485 1169; x_wconf 82' lang='grc' dir='ltr'><strong>ὀφθαλμῶν</strong></span> <span class='ocrx_word' id='word_1_115' title='bbox 1514 1095 1700 1149; x_wconf 85' lang='grc' dir='ltr'>αὐτοῦ.</span> <span class='ocrx_word' id='word_1_116' title='bbox 1740 1115 1760 1146; x_wconf 78' lang='grc'><strong>›</strong></span> 
     </span>
    </p>
   </div>
   <div class='ocr_carea' id='block_1_18' title="bbox 180 1187 1767 1262">
    <p class='ocr_par' dir='ltr' id='par_1_18' title="bbox 180 1187 1767 1262">
     <span class='ocr_line' id='line_1_18' title="bbox 180 1187 1767 1262; baseline -0.004 -16"><span class='ocrx_word' id='word_1_117' title='bbox 180 1192 521 1256; x_wconf 78' lang='grc' dir='ltr'>’Δκολούθως</span> <span class='ocrx_word' id='word_1_118' title='bbox 541 1190 632 1245; x_wconf 92' lang='grc' dir='ltr'><strong>διά</strong></span> <span class='ocrx_word' id='word_1_119' title='bbox 654 1189 764 1244; x_wconf 89' lang='grc' dir='ltr'><strong>τῶν</strong></span> <span class='ocrx_word' id='word_1_120' title='bbox 787 1190 1166 1262; x_wconf 82' lang='grc' dir='ltr'>προκειμένων</span> <span class='ocrx_word' id='word_1_121' title='bbox 1193 1187 1482 1253; x_wconf 81' lang='grc' dir='ltr'><strong>διδάσκων,</strong></span> <span class='ocrx_word' id='word_1_122' title='bbox 1511 1188 1593 1240; x_wconf 87' lang='grc' dir='ltr'><strong>ὅτι</strong></span> <span class='ocrx_word' id='word_1_123' title='bbox 1628 1187 1767 1250; x_wconf 88' lang='grc' dir='ltr'>τέως</span> 
     </span>
    </p>
   </div>
   <div class='ocr_carea' id='block_1_19' title="bbox 174 1279 1769 1359">
    <p class='ocr_par' dir='ltr' id='par_1_19' title="bbox 174 1279 1769 1359">
     <span class='ocr_line' id='line_1_19' title="bbox 174 1279 1769 1359; baseline -0.003 -20"><span class='ocrx_word' id='word_1_124' title='bbox 174 1287 271 1359; x_wconf 77' lang='grc' dir='ltr'><strong>μὲν</strong></span> <span class='ocrx_word' id='word_1_125' title='bbox 328 1284 609 1356; x_wconf 82' lang='grc' dir='ltr'>’Δσσύριοι</span> <span class='ocrx_word' id='word_1_126' title='bbox 638 1282 736 1336; x_wconf 78' lang='grc' dir='ltr'>καὶ</span> <span class='ocrx_word' id='word_1_127' title='bbox 761 1284 789 1337; x_wconf 98' lang='lat'><strong>6</strong></span> <span class='ocrx_word' id='word_1_128' title='bbox 815 1282 1021 1336; x_wconf 89' lang='grc' dir='ltr'>τούτων</span> <span class='ocrx_word' id='word_1_129' title='bbox 1056 1283 1261 1355; x_wconf 75' lang='grc' dir='ltr'>ἄρχων,</span> <span class='ocrx_word' id='word_1_130' title='bbox 1313 1283 1363 1334; x_wconf 84' lang='grc' dir='ltr'>εἰ</span> <span class='ocrx_word' id='word_1_131' title='bbox 1403 1282 1499 1335; x_wconf 73' lang='grc' dir='ltr'>καὶ</span> <span class='ocrx_word' id='word_1_132' title='bbox 1539 1279 1769 1334; x_wconf 86' lang='grc' dir='ltr'>τοιαῦτα</span> 
     </span>
    </p>
   </div>
   <div class='ocr_carea' id='block_1_20' title="bbox 171 1371 1769 1447">
    <p class='ocr_par' dir='ltr' id='par_1_20' title="bbox 171 1371 1769 1447">
     <span class='ocr_line' id='line_1_20' title="bbox 171 1371 1769 1447; baseline -0.004 -16"><span class='ocrx_word' id='word_1_133' title='bbox 171 1380 331 1431; x_wconf 77' lang='grc' dir='ltr'>ὁποῖα</span> <span class='ocrx_word' id='word_1_134' title='bbox 374 1376 673 1447; x_wconf 89' lang='grc' dir='ltr'>δεδήλωται</span> <span class='ocrx_word' id='word_1_135' title='bbox 735 1373 1233 1447; x_wconf 82' lang='grc' dir='ltr'>ἀπήυθαδιάσαντο,</span> <span class='ocrx_word' id='word_1_136' title='bbox 1289 1372 1388 1444; x_wconf 80' lang='grc' dir='ltr'><strong>τὴν</strong></span> <span class='ocrx_word' id='word_1_137' title='bbox 1453 1371 1769 1444; x_wconf 86' lang='grc' dir='ltr'>Σαμάρειαν</span> 
     </span>
    </p>
   </div>
   <div class='ocr_carea' id='block_1_21' title="bbox 171 1463 1772 1541">
    <p class='ocr_par' dir='ltr' id='par_1_21' title="bbox 171 1463 1772 1541">
     <span class='ocr_line' id='line_1_21' title="bbox 171 1463 1772 1541; baseline -0.005 -17"><span class='ocrx_word' id='word_1_138' title='bbox 171 1470 490 1541; x_wconf 79' lang='grc' dir='ltr'>ύπσχείριον</span> <span class='ocrx_word' id='word_1_139' title='bbox 547 1465 906 1539; x_wconf 82' lang='grc' dir='ltr'>πεποιημένοι</span> <span class='ocrx_word' id='word_1_140' title='bbox 958 1467 1054 1521; x_wconf 80' lang='grc' dir='ltr'><strong>καὶ</strong></span> <span class='ocrx_word' id='word_1_141' title='bbox 1097 1466 1197 1537; x_wconf 85' lang='grc' dir='ltr'>τὴν</span> <span class='ocrx_word' id='word_1_142' title='bbox 1254 1463 1564 1537; x_wconf 83' lang='grc' dir='ltr'>Δαμασκὸν,</span> <span class='ocrx_word' id='word_1_143' title='bbox 1623 1465 1772 1534; x_wconf 81' lang='grc' dir='ltr'>ὅμως</span> 
     </span>
    </p>
   </div>
   <div class='ocr_carea' id='block_1_22' title="bbox 171 1555 1767 1631">
    <p class='ocr_par' dir='ltr' id='par_1_22' title="bbox 171 1555 1767 1631">
     <span class='ocr_line' id='line_1_22' title="bbox 171 1555 1767 1631; baseline -0.005 -16"><span class='ocrx_word' id='word_1_144' title='bbox 171 1563 352 1629; x_wconf 73' lang='grc' dir='ltr'>ἕξουσι</span> <span class='ocrx_word' id='word_1_145' title='bbox 381 1561 445 1613; x_wconf 79' lang='grc' dir='ltr'><strong>τὸ</strong></span> <span class='ocrx_word' id='word_1_146' title='bbox 474 1560 757 1631; x_wconf 82' lang='grc' dir='ltr'>ἐνδόσιμον</span> <span class='ocrx_word' id='word_1_147' title='bbox 793 1558 888 1613; x_wconf 90' lang='grc' dir='ltr'><strong>τοῦ</strong></span> <span class='ocrx_word' id='word_1_148' title='bbox 921 1559 1116 1630; x_wconf 88' lang='grc' dir='ltr'>χρόνου</span> <span class='ocrx_word' id='word_1_149' title='bbox 1152 1557 1316 1630; x_wconf 89' lang='grc' dir='ltr'>μέχρι</span> <span class='ocrx_word' id='word_1_150' title='bbox 1346 1555 1543 1629; x_wconf 80' lang='grc' dir='ltr'>καιροῦ</span> <span class='ocrx_word' id='word_1_151' title='bbox 1584 1573 1732 1619; x_wconf 86' lang='grc' dir='ltr'>τινος</span> <span class='ocrx_word' id='word_1_152' title='bbox 1753 1572 1767 1586; x_wconf 78' lang='grc'><em>’</em></span> 
     </span>
    </p>
   </div>
   <div class='ocr_carea' id='block_1_23' title="bbox 177 1646 1775 1725">
    <p class='ocr_par' dir='ltr' id='par_1_23' title="bbox 177 1646 1775 1725">
     <span class='ocr_line' id='line_1_23' title="bbox 177 1646 1775 1725; baseline -0.005 -18"><span class='ocrx_word' id='word_1_153' title='bbox 177 1653 295 1725; x_wconf 81' lang='grc' dir='ltr'>μεθ’</span> <span class='ocrx_word' id='word_1_154' title='bbox 328 1653 389 1707; x_wconf 83' lang='grc' dir='ltr'><strong>δν</strong></span> <span class='ocrx_word' id='word_1_155' title='bbox 417 1652 521 1705; x_wconf 80' lang='grc' dir='ltr'><strong>οὐκ</strong></span> <span class='ocrx_word' id='word_1_156' title='bbox 548 1650 628 1705; x_wconf 76' lang='grc' dir='ltr'>ἔτι</span> <span class='ocrx_word' id='word_1_157' title='bbox 676 1652 1002 1723; x_wconf 81' lang='grc' dir='ltr'>συστήσεται</span> <span class='ocrx_word' id='word_1_158' title='bbox 1040 1649 1219 1704; x_wconf 78' lang='grc' dir='ltr'>αὐτῶν</span> <span class='ocrx_word' id='word_1_159' title='bbox 1257 1651 1290 1721; x_wconf 87' lang='grc' dir='ltr'><strong>ή</strong></span> <span class='ocrx_word' id='word_1_160' title='bbox 1327 1649 1492 1721; x_wconf 86' lang='grc' dir='ltr'>ἀρχὴ,</span> <span class='ocrx_word' id='word_1_161' title='bbox 1541 1646 1640 1718; x_wconf 80' lang='grc' dir='ltr'>τῆς</span> <span class='ocrx_word' id='word_1_162' title='bbox 1673 1664 1775 1717; x_wconf 86' lang='grc' dir='ltr'>μα-</span> 
     </span>
    </p>
   </div>
   <div class='ocr_carea' id='block_1_24' title="bbox 174 1739 1769 1818">
    <p class='ocr_par' dir='ltr' id='par_1_24' title="bbox 174 1739 1769 1818">
     <span class='ocr_line' id='line_1_24' title="bbox 174 1739 1769 1818; baseline -0.005 -19"><span class='ocrx_word' id='word_1_163' title='bbox 174 1748 314 1818; x_wconf 78' lang='grc' dir='ltr'>κρᾶς</span> <span class='ocrx_word' id='word_1_164' title='bbox 343 1746 444 1800; x_wconf 73' lang='grc' dir='ltr'><strong>καὶ</strong></span> <span class='ocrx_word' id='word_1_165' title='bbox 467 1744 794 1808; x_wconf 80' lang='grc' dir='ltr'>πολυτελοῦς</span> <span class='ocrx_word' id='word_1_166' title='bbox 834 1743 1112 1815; x_wconf 81' lang='grc' dir='ltr'>βασιλείας</span> <span class='ocrx_word' id='word_1_167' title='bbox 1145 1743 1227 1807; x_wconf 82' lang='grc' dir='ltr'><strong>είς</strong></span> <span class='ocrx_word' id='word_1_168' title='bbox 1269 1742 1332 1796; x_wconf 84' lang='grc' dir='ltr'><strong>τὸ</strong></span> <span class='ocrx_word' id='word_1_169' title='bbox 1364 1739 1628 1803; x_wconf 85' lang='grc' dir='ltr'>παντελὲς</span> <span class='ocrx_word' id='word_1_170' title='bbox 1667 1756 1769 1792; x_wconf 79' lang='grc' dir='ltr'>κα-</span> 
     </span>
    </p>
   </div>
   <div class='ocr_carea' id='block_1_25' title="bbox 172 1837 647 1909">
    <p class='ocr_par' dir='ltr' id='par_1_25' title="bbox 172 1837 647 1909">
     <span class='ocr_line' id='line_1_25' title="bbox 172 1837 647 1909; baseline -0.002 -18"><span class='ocrx_word' id='word_1_171' title='bbox 172 1837 647 1909; x_wconf 74' lang='grc' dir='ltr'>ταλυθησομένης.</span> 
     </span>
    </p>
   </div>
   <div class='ocr_carea' id='block_1_26' title="bbox 247 1917 1777 1999">
    <p class='ocr_par' dir='ltr' id='par_1_26' title="bbox 247 1917 1777 1999">
     <span class='ocr_line' id='line_1_26' title="bbox 247 1917 1777 1999; baseline -0.007 -19"><span class='ocrx_word' id='word_1_172' title='bbox 247 1946 269 1980; x_wconf 76' lang='grc' dir='ltr'><strong>ι</strong></span> <span class='ocrx_word' id='word_1_173' title='bbox 314 1923 458 1981; x_wconf 66' lang='lat' dir='ltr'><strong>Eine</strong></span> <span class='ocrx_word' id='word_1_174' title='bbox 482 1926 614 1999; x_wconf 83' lang='grc' dir='ltr'>γὰρ,</span> <span class='ocrx_word' id='word_1_175' title='bbox 646 1928 705 1980; x_wconf 84' lang='grc' dir='ltr'><strong>ἐν</strong></span> <span class='ocrx_word' id='word_1_176' title='bbox 745 1927 811 1997; x_wconf 80' lang='grc' dir='ltr'>τῇ</span> <span class='ocrx_word' id='word_1_177' title='bbox 844 1923 988 1995; x_wconf 84' lang='grc' dir='ltr'>ίσχύῖ</span> <span class='ocrx_word' id='word_1_178' title='bbox 1020 1923 1253 1994; x_wconf 89' lang='grc' dir='ltr'>ποιήσω,</span> <span class='ocrx_word' id='word_1_179' title='bbox 1284 1921 1381 1974; x_wconf 81' lang='grc' dir='ltr'><strong>καὶ</strong></span> <span class='ocrx_word' id='word_1_180' title='bbox 1426 1921 1484 1973; x_wconf 90' lang='grc' dir='ltr'><strong>ἐν</strong></span> <span class='ocrx_word' id='word_1_181' title='bbox 1515 1922 1582 1992; x_wconf 80' lang='grc' dir='ltr'>τῇ</span> <span class='ocrx_word' id='word_1_182' title='bbox 1615 1917 1777 1989; x_wconf 63' lang='grc' dir='ltr'>σοφίᾳ</span> 
     </span>
    </p>
   </div>
   <div class='ocr_carea' id='block_1_27' title="bbox 170 2010 1778 2091">
    <p class='ocr_par' dir='ltr' id='par_1_27' title="bbox 170 2010 1778 2091">
     <span class='ocr_line' id='line_1_27' title="bbox 170 2010 1778 2091; baseline -0.007 -17"><span class='ocrx_word' id='word_1_183' title='bbox 170 2020 275 2091; x_wconf 76' lang='grc' dir='ltr'>τῆς</span> <span class='ocrx_word' id='word_1_184' title='bbox 303 2021 579 2083; x_wconf 86' lang='grc' dir='ltr'>συνέσεως</span> <span class='ocrx_word' id='word_1_185' title='bbox 602 2018 786 2088; x_wconf 62' lang='grc' dir='ltr'>ἀφελῶ</span> <span class='ocrx_word' id='word_1_186' title='bbox 807 2018 931 2089; x_wconf 84' lang='grc' dir='ltr'>ὅρια</span> <span class='ocrx_word' id='word_1_187' title='bbox 957 2013 1151 2079; x_wconf 88' lang='grc' dir='ltr'>ἐθνῶν,</span> <span class='ocrx_word' id='word_1_188' title='bbox 1175 2014 1270 2068; x_wconf 72' lang='grc' dir='ltr'><strong>καὶ</strong></span> <span class='ocrx_word' id='word_1_189' title='bbox 1293 2012 1391 2085; x_wconf 82' lang='grc' dir='ltr'>τὴν</span> <span class='ocrx_word' id='word_1_190' title='bbox 1421 2014 1573 2083; x_wconf 82' lang='grc' dir='ltr'>ἰσχὺν</span> <span class='ocrx_word' id='word_1_191' title='bbox 1600 2010 1778 2065; x_wconf 80' lang='grc' dir='ltr'>αὐτῶν</span> 
     </span>
    </p>
   </div>
   <div class='ocr_carea' id='block_1_28' title="bbox 175 2101 1779 2185">
    <p class='ocr_par' dir='ltr' id='par_1_28' title="bbox 175 2101 1779 2185">
     <span class='ocr_line' id='line_1_28' title="bbox 175 2101 1779 2185; baseline -0.009 -16"><span class='ocrx_word' id='word_1_192' title='bbox 175 2113 562 2185; x_wconf 78' lang='grc' dir='ltr'>προνομεύσω.</span> <span class='ocrx_word' id='word_1_193' title='bbox 599 2131 620 2164; x_wconf 73' lang='grc' dir='ltr'><strong>ι</strong></span> <span class='ocrx_word' id='word_1_194' title='bbox 674 2111 767 2184; x_wconf 80' lang='grc' dir='ltr'><strong>Μὴ</strong></span> <span class='ocrx_word' id='word_1_195' title='bbox 811 2110 936 2174; x_wconf 81' lang='grc' dir='ltr'>δοὺς</span> <span class='ocrx_word' id='word_1_196' title='bbox 970 2108 1081 2180; x_wconf 86' lang='grc' dir='ltr'>γὰρ</span> <span class='ocrx_word' id='word_1_197' title='bbox 1128 2106 1287 2173; x_wconf 85' lang='grc' dir='ltr'>δόξαν</span> <span class='ocrx_word' id='word_1_198' title='bbox 1331 2103 1411 2176; x_wconf 82' lang='grc' dir='ltr'>τῷ</span> <span class='ocrx_word' id='word_1_199' title='bbox 1457 2104 1597 2176; x_wconf 80' lang='grc' dir='ltr'>Θεῷ,</span> <span class='ocrx_word' id='word_1_200' title='bbox 1643 2101 1779 2174; x_wconf 88' lang='grc' dir='ltr'>μηδέ</span> 
     </span>
    </p>
   </div>
   <div class='ocr_carea' id='block_1_29' title="bbox 173 2192 1781 2277">
    <p class='ocr_par' dir='ltr' id='par_1_29' title="bbox 173 2192 1781 2277">
     <span class='ocr_line' id='line_1_29' title="bbox 173 2192 1781 2277; baseline -0.009 -16"><span class='ocrx_word' id='word_1_201' title='bbox 173 2206 563 2277; x_wconf 75' lang='grc' dir='ltr'>λογισάμενος,</span> <span class='ocrx_word' id='word_1_202' title='bbox 593 2206 676 2260; x_wconf 82' lang='grc' dir='ltr'>ὅτι</span> <span class='ocrx_word' id='word_1_203' title='bbox 706 2205 734 2258; x_wconf 93' lang='lat'><strong>6</strong></span> <span class='ocrx_word' id='word_1_204' title='bbox 764 2202 872 2256; x_wconf 87' lang='grc' dir='ltr'><strong>τῶν</strong></span> <span class='ocrx_word' id='word_1_205' title='bbox 901 2200 1039 2256; x_wconf 84' lang='grc' dir='ltr'>ὅλων</span> <span class='ocrx_word' id='word_1_206' title='bbox 1082 2199 1214 2263; x_wconf 82' lang='grc' dir='ltr'>Θεὸς</span> <span class='ocrx_word' id='word_1_207' title='bbox 1244 2196 1410 2262; x_wconf 82' lang='grc' dir='ltr'>αὐτὸς</span> <span class='ocrx_word' id='word_1_208' title='bbox 1437 2192 1506 2268; x_wconf 82' lang='grc' dir='ltr'>ἦν</span> <span class='ocrx_word' id='word_1_209' title='bbox 1547 2199 1576 2249; x_wconf 90' lang='lat'><strong>6</strong></span> <span class='ocrx_word' id='word_1_210' title='bbox 1602 2211 1781 2267; x_wconf 86' lang='grc' dir='ltr'>παρα-</span> 
     </span>
    </p>
   </div>
   <div class='ocr_carea' id='block_1_30' title="bbox 175 2286 1779 2371">
    <p class='ocr_par' dir='ltr' id='par_1_30' title="bbox 175 2286 1779 2371">
     <span class='ocr_line' id='line_1_30' title="bbox 175 2286 1779 2371; baseline -0.011 -15"><span class='ocrx_word' id='word_1_211' title='bbox 175 2301 301 2364; x_wconf 71' lang='grc' dir='ltr'>δοὺς</span> <span class='ocrx_word' id='word_1_212' title='bbox 324 2299 478 2371; x_wconf 82' lang='grc' dir='ltr'>αύτῷ</span> <span class='ocrx_word' id='word_1_213' title='bbox 507 2299 603 2352; x_wconf 76' lang='grc' dir='ltr'>καὶ</span> <span class='ocrx_word' id='word_1_214' title='bbox 622 2298 714 2351; x_wconf 80' lang='grc' dir='ltr'><strong>τὸν</strong></span> <span class='ocrx_word' id='word_1_215' title='bbox 750 2293 967 2366; x_wconf 80' lang='grc' dir='ltr'>Ἰσραήλ</span> <span class='ocrx_word' id='word_1_216' title='bbox 997 2295 1092 2347; x_wconf 77' lang='grc' dir='ltr'><strong>καὶ</strong></span> <span class='ocrx_word' id='word_1_217' title='bbox 1124 2291 1218 2345; x_wconf 84' lang='grc' dir='ltr'>τὸν</span> <span class='ocrx_word' id='word_1_218' title='bbox 1253 2289 1481 2353; x_wconf 86' lang='grc' dir='ltr'>Ἰούδαν,</span> <span class='ocrx_word' id='word_1_219' title='bbox 1513 2288 1608 2341; x_wconf 69' lang='grc' dir='ltr'><strong>καὶ</strong></span> <span class='ocrx_word' id='word_1_220' title='bbox 1641 2286 1779 2340; x_wconf 86' lang='grc' dir='ltr'>πάν-</span> 
     </span>
    </p>
   </div>
   <div class='ocr_carea' id='block_1_31' title="bbox 175 2380 1779 2462">
    <p class='ocr_par' dir='ltr' id='par_1_31' title="bbox 175 2380 1779 2462">
     <span class='ocr_line' id='line_1_31' title="bbox 175 2380 1779 2462; baseline -0.012 -13"><span class='ocrx_word' id='word_1_221' title='bbox 175 2412 275 2456; x_wconf 85' lang='grc' dir='ltr'>τας</span> <span class='ocrx_word' id='word_1_222' title='bbox 306 2395 440 2456; x_wconf 74' lang='grc' dir='ltr'>τοὺς</span> <span class='ocrx_word' id='word_1_223' title='bbox 480 2389 755 2462; x_wconf 81' lang='grc' dir='ltr'>τιμωρίας</span> <span class='ocrx_word' id='word_1_224' title='bbox 800 2386 1004 2452; x_wconf 81' lang='grc' dir='ltr'>ἀξίους,</span> <span class='ocrx_word' id='word_1_225' title='bbox 1045 2384 1189 2457; x_wconf 83' lang='grc' dir='ltr'>μέγα</span> <span class='ocrx_word' id='word_1_226' title='bbox 1222 2381 1513 2454; x_wconf 73' lang='grc' dir='ltr'>ἐφρόνησε,</span> <span class='ocrx_word' id='word_1_227' title='bbox 1564 2380 1779 2451; x_wconf 86' lang='grc' dir='ltr'>διανοή-</span> 
     </span>
    </p>
   </div>
   <div class='ocr_carea' id='block_1_32' title="bbox 178 2471 1778 2554">
    <p class='ocr_par' dir='ltr' id='par_1_32' title="bbox 178 2471 1778 2554">
     <span class='ocr_line' id='line_1_32' title="bbox 178 2471 1778 2554; baseline -0.011 -15"><span class='ocrx_word' id='word_1_228' title='bbox 178 2483 297 2548; x_wconf 79' lang='grc' dir='ltr'>θεὶς</span> <span class='ocrx_word' id='word_1_229' title='bbox 329 2483 430 2537; x_wconf 71' lang='grc' dir='ltr'>καὶ</span> <span class='ocrx_word' id='word_1_230' title='bbox 474 2482 612 2554; x_wconf 74' lang='grc' dir='ltr'>πρὸς</span> <span class='ocrx_word' id='word_1_231' title='bbox 660 2479 851 2533; x_wconf 85' lang='grc' dir='ltr'>ἐαυτὸν</span> <span class='ocrx_word' id='word_1_232' title='bbox 904 2471 1095 2541; x_wconf 78' lang='grc' dir='ltr'>εἰπὼν,</span> <span class='ocrx_word' id='word_1_233' title='bbox 1142 2475 1286 2529; x_wconf 88' lang='grc' dir='ltr'>κατά</span> <span class='ocrx_word' id='word_1_234' title='bbox 1325 2472 1416 2527; x_wconf 80' lang='grc' dir='ltr'>τὸν</span> <span class='ocrx_word' id='word_1_235' title='bbox 1460 2471 1778 2543; x_wconf 85' lang='grc' dir='ltr'>Σύμμαχον,</span> 
     </span>
    </p>
   </div>
   <div class='ocr_carea' id='block_1_33' title="bbox 186 2563 1777 2645">
    <p class='ocr_par' dir='ltr' id='par_1_33' title="bbox 186 2563 1777 2645">
     <span class='ocr_line' id='line_1_33' title="bbox 186 2563 1777 2645; baseline -0.009 -16"><span class='ocrx_word' id='word_1_236' title='bbox 186 2594 210 2629; x_wconf 77' lang='grc' dir='ltr'><strong>ι</strong></span> <span class='ocrx_word' id='word_1_237' title='bbox 253 2576 347 2629; x_wconf 83' lang='grc' dir='ltr'>Ἐν</span> <span class='ocrx_word' id='word_1_238' title='bbox 377 2576 449 2645; x_wconf 83' lang='grc' dir='ltr'>τῇ</span> <span class='ocrx_word' id='word_1_239' title='bbox 475 2573 705 2644; x_wconf 81' lang='grc' dir='ltr'>δυνάμει</span> <span class='ocrx_word' id='word_1_240' title='bbox 734 2570 833 2643; x_wconf 82' lang='grc' dir='ltr'>τῆς</span> <span class='ocrx_word' id='word_1_241' title='bbox 863 2570 1046 2643; x_wconf 74' lang='grc' dir='ltr'>χειρὸς</span> <span class='ocrx_word' id='word_1_242' title='bbox 1071 2568 1327 2640; x_wconf 85' lang='grc' dir='ltr'>ἐποίησα,</span> <span class='ocrx_word' id='word_1_243' title='bbox 1360 2585 1379 2618; x_wconf 74' lang='grc' dir='ltr'><strong>ι</strong></span> <span class='ocrx_word' id='word_1_244' title='bbox 1413 2563 1602 2620; x_wconf 78' lang='grc' dir='ltr'>καὶτὰ</span> <span class='ocrx_word' id='word_1_245' title='bbox 1629 2563 1777 2633; x_wconf 79' lang='grc' dir='ltr'>ἑξῆς.</span> 
     </span>
    </p>
   </div>
   <div class='ocr_carea' id='block_1_34' title="bbox 259 2658 1785 2733">
    <p class='ocr_par' dir='ltr' id='par_1_34' title="bbox 259 2658 1785 2733">
     <span class='ocr_line' id='line_1_34' title="bbox 259 2658 1785 2733; baseline -0.007 -14"><span class='ocrx_word' id='word_1_246' title='bbox 259 2685 280 2719; x_wconf 74' lang='grc' dir='ltr'><strong>ι</strong></span> <span class='ocrx_word' id='word_1_247' title='bbox 324 2667 439 2721; x_wconf 74' lang='grc' dir='ltr'>Καὶ</span> <span class='ocrx_word' id='word_1_248' title='bbox 469 2666 636 2719; x_wconf 86' lang='grc' dir='ltr'>σείσω</span> <span class='ocrx_word' id='word_1_249' title='bbox 664 2665 847 2728; x_wconf 81' lang='grc' dir='ltr'>πόλεις</span> <span class='ocrx_word' id='word_1_250' title='bbox 874 2660 1324 2733; x_wconf 85' lang='grc' dir='ltr'>κατοικουμένας,</span> <span class='ocrx_word' id='word_1_251' title='bbox 1358 2659 1453 2713; x_wconf 73' lang='grc' dir='ltr'><strong>καὶ</strong></span> <span class='ocrx_word' id='word_1_252' title='bbox 1475 2658 1574 2730; x_wconf 84' lang='grc' dir='ltr'>τὴν</span> <span class='ocrx_word' id='word_1_253' title='bbox 1602 2659 1785 2711; x_wconf 82' lang='grc' dir='ltr'>οἰκου-</span> 
     </span>
    </p>
   </div>
   <div class='ocr_carea' id='block_1_35' title="bbox 184 2750 1782 2834">
    <p class='ocr_par' dir='ltr' id='par_1_35' title="bbox 184 2750 1782 2834">
     <span class='ocr_line' id='line_1_35' title="bbox 184 2750 1782 2834; baseline -0.008 -20"><span class='ocrx_word' id='word_1_254' title='bbox 184 2762 356 2834; x_wconf 83' lang='grc' dir='ltr'>μένην</span> <span class='ocrx_word' id='word_1_255' title='bbox 388 2759 521 2831; x_wconf 84' lang='grc' dir='ltr'>ὅλην</span> <span class='ocrx_word' id='word_1_256' title='bbox 550 2757 938 2829; x_wconf 73' lang='grc' dir='ltr'>καταλήψομαι</span> <span class='ocrx_word' id='word_1_257' title='bbox 978 2759 1045 2828; x_wconf 80' lang='grc' dir='ltr'>τῇ</span> <span class='ocrx_word' id='word_1_258' title='bbox 1080 2754 1226 2829; x_wconf 77' lang='grc' dir='ltr'>χειρὶ</span> <span class='ocrx_word' id='word_1_259' title='bbox 1266 2753 1342 2817; x_wconf 83' lang='grc' dir='ltr'>ὡς</span> <span class='ocrx_word' id='word_1_260' title='bbox 1393 2751 1636 2815; x_wconf 80' lang='grc' dir='ltr'>νοσσιὰν,</span> <span class='ocrx_word' id='word_1_261' title='bbox 1685 2750 1782 2803; x_wconf 75' lang='grc' dir='ltr'><strong>καὶ</strong></span> 
     </span>
    </p>
   </div>
   <div class='ocr_carea' id='block_1_36' title="bbox 180 2841 1780 2922">
    <p class='ocr_par' dir='ltr' id='par_1_36' title="bbox 180 2841 1780 2922">
     <span class='ocr_line' id='line_1_36' title="bbox 180 2841 1780 2922; baseline -0.008 -14"><span class='ocrx_word' id='word_1_262' title='bbox 180 2853 259 2918; x_wconf 81' lang='grc' dir='ltr'><strong>ῶς</strong></span> <span class='ocrx_word' id='word_1_263' title='bbox 283 2852 763 2922; x_wconf 83' lang='grc' dir='ltr'>καταλελειμμένα</span> <span class='ocrx_word' id='word_1_264' title='bbox 794 2850 877 2905; x_wconf 86' lang='grc' dir='ltr'><strong>ὠά</strong></span> <span class='ocrx_word' id='word_1_265' title='bbox 907 2848 1056 2920; x_wconf 82' lang='grc' dir='ltr'>ἀρῶ·</span> <span class='ocrx_word' id='word_1_266' title='bbox 1095 2847 1191 2901; x_wconf 70' lang='grc' dir='ltr'>καὶ</span> <span class='ocrx_word' id='word_1_267' title='bbox 1233 2846 1332 2899; x_wconf 77' lang='grc' dir='ltr'><strong>οὐκ</strong></span> <span class='ocrx_word' id='word_1_268' title='bbox 1371 2845 1517 2898; x_wconf 78' lang='grc' dir='ltr'>ἔστιν</span> <span class='ocrx_word' id='word_1_269' title='bbox 1559 2842 1619 2907; x_wconf 82' lang='grc' dir='ltr'>ὃς</span> <span class='ocrx_word' id='word_1_270' title='bbox 1663 2841 1780 2896; x_wconf 89' lang='grc' dir='ltr'>δια-</span> 
     </span>
    </p>
   </div>
   <div class='ocr_carea' id='block_1_37' title="bbox 183 2933 1783 3015">
    <p class='ocr_par' dir='ltr' id='par_1_37' title="bbox 183 2933 1783 3015">
     <span class='ocr_line' id='line_1_37' title="bbox 183 2933 1783 3015; baseline -0.009 -16"><span class='ocrx_word' id='word_1_271' title='bbox 183 2944 448 3015; x_wconf 73' lang='grc' dir='ltr'>φεύξεταί</span> <span class='ocrx_word' id='word_1_272' title='bbox 484 2961 574 3015; x_wconf 89' lang='grc' dir='ltr'><strong>με,</strong></span> <span class='ocrx_word' id='word_1_273' title='bbox 608 2943 641 3014; x_wconf 83' lang='grc' dir='ltr'><strong>ἦ</strong></span> <span class='ocrx_word' id='word_1_274' title='bbox 676 2943 907 3014; x_wconf 78' lang='grc' dir='ltr'>ἀντείπῃ</span> <span class='ocrx_word' id='word_1_275' title='bbox 942 2957 1051 3012; x_wconf 92' lang='grc' dir='ltr'>μοι.</span> <span class='ocrx_word' id='word_1_276' title='bbox 1084 2937 1176 3010; x_wconf 82' lang='grc' dir='ltr'><strong>Μὴ</strong></span> <span class='ocrx_word' id='word_1_277' title='bbox 1204 2935 1596 3007; x_wconf 82' lang='grc' dir='ltr'>δοξασθήσεται</span> <span class='ocrx_word' id='word_1_278' title='bbox 1628 2933 1783 3007; x_wconf 81' lang='grc' dir='ltr'>ἀξίνη</span> 
     </span>
    </p>
   </div>
   <div class='ocr_carea' id='block_1_38' title="bbox 187 3024 1783 3107">
    <p class='ocr_par' dir='ltr' id='par_1_38' title="bbox 187 3024 1783 3107">
     <span class='ocr_line' id='line_1_38' title="bbox 187 3024 1783 3107; baseline -0.009 -14"><span class='ocrx_word' id='word_1_279' title='bbox 187 3040 314 3095; x_wconf 73' lang='grc' dir='ltr'>ἄνευ</span> <span class='ocrx_word' id='word_1_280' title='bbox 343 3037 443 3091; x_wconf 88' lang='grc' dir='ltr'><strong>τοῦ</strong></span> <span class='ocrx_word' id='word_1_281' title='bbox 488 3037 818 3100; x_wconf 52' lang='grc' dir='ltr'>κόπτοντος</span> <span class='ocrx_word' id='word_1_282' title='bbox 851 3034 885 3107; x_wconf 76' lang='grc' dir='ltr'><strong>ἢ</strong></span> <span class='ocrx_word' id='word_1_283' title='bbox 920 3032 1269 3104; x_wconf 78' lang='grc' dir='ltr'>ὑψωθήσεται</span> <span class='ocrx_word' id='word_1_284' title='bbox 1301 3029 1477 3102; x_wconf 88' lang='grc' dir='ltr'>πρίων</span> <span class='ocrx_word' id='word_1_285' title='bbox 1524 3027 1652 3082; x_wconf 79' lang='grc' dir='ltr'>ἄνευ</span> <span class='ocrx_word' id='word_1_286' title='bbox 1687 3024 1783 3079; x_wconf 91' lang='grc' dir='ltr'><strong>τοῦ</strong></span> 
     </span>
    </p>
   </div>
   <div class='ocr_carea' id='block_1_39' title="bbox 185 3118 1859 3215">
    <p class='ocr_par' dir='ltr' id='par_1_39' title="bbox 185 3118 1859 3215">
     <span class='ocr_line' id='line_1_39' title="bbox 185 3118 1859 3215; baseline -0.01 -28"><span class='ocrx_word' id='word_1_287' title='bbox 185 3130 444 3195; x_wconf 61' lang='grc' dir='ltr'>ἕλκοντος</span> <span class='ocrx_word' id='word_1_288' title='bbox 474 3129 660 3191; x_wconf 77' lang='grc' dir='ltr'>αὐτὸν,</span> <span class='ocrx_word' id='word_1_289' title='bbox 697 3128 771 3191; x_wconf 88' lang='grc' dir='ltr'><strong>ῶς</strong></span> <span class='ocrx_word' id='word_1_290' title='bbox 797 3126 862 3181; x_wconf 77' lang='grc' dir='ltr'>ἄν</span> <span class='ocrx_word' id='word_1_291' title='bbox 893 3143 978 3189; x_wconf 90' lang='grc' dir='ltr'><strong>τις</strong></span> <span class='ocrx_word' id='word_1_292' title='bbox 1008 3126 1118 3197; x_wconf 79' lang='grc' dir='ltr'><strong>ἄρῃ</strong></span> <span class='ocrx_word' id='word_1_293' title='bbox 1159 3119 1416 3215; x_wconf 18' lang='grc' dir='ltr'>ράϐδρνῃή</span> <span class='ocrx_word' id='word_1_294' title='bbox 1455 3118 1640 3215; x_wconf 80' lang='grc' dir='ltr'>ξύλον;</span> <span class='ocrx_word' id='word_1_295' title='bbox 1674 3119 1787 3215; x_wconf 77' lang='grc' dir='ltr'>Καὶ</span> <span class='ocrx_word' id='word_1_296' title='bbox 1813 3155 1859 3215; x_wconf 77' lang='lat' dir='ltr'><strong>C</strong></span> 
     </span>
    </p>
   </div>
   <div class='ocr_carea' id='block_1_40' title="bbox 188 3208 1784 3296">
    <p class='ocr_par' dir='ltr' id='par_1_40' title="bbox 188 3208 1784 3296">
     <span class='ocr_line' id='line_1_40' title="bbox 188 3208 1784 3296; baseline -0.009 -17"><span class='ocrx_word' id='word_1_297' title='bbox 188 3225 289 3296; x_wconf 70' lang='grc' dir='ltr'>οὔχ</span> <span class='ocrx_word' id='word_1_298' title='bbox 300 3223 500 3288; x_wconf 72' lang='grc' dir='ltr'>οὕτως,</span> <span class='ocrx_word' id='word_1_299' title='bbox 522 3220 637 3274; x_wconf 85' lang='grc' dir='ltr'>ἀλλ’</span> <span class='ocrx_word' id='word_1_300' title='bbox 659 3217 949 3273; x_wconf 89' lang='grc' dir='ltr'>ἀποστελεῖ</span> <span class='ocrx_word' id='word_1_301' title='bbox 972 3216 1177 3286; x_wconf 84' lang='grc' dir='ltr'>Κύριος</span> <span class='ocrx_word' id='word_1_302' title='bbox 1194 3210 1421 3268; x_wconf 77' lang='grc' dir='ltr'>Σαϐαὼθ</span> <span class='ocrx_word' id='word_1_303' title='bbox 1444 3214 1525 3275; x_wconf 89' lang='grc' dir='ltr'>εἰς</span> <span class='ocrx_word' id='word_1_304' title='bbox 1556 3209 1672 3295; x_wconf 30' lang='grc' dir='ltr'>τὴν.</span> <span class='ocrx_word' id='word_1_305' title='bbox 1686 3208 1784 3281; x_wconf 83' lang='grc' dir='ltr'><strong>σήν</strong></span> 
     </span>
    </p>
   </div>
   <div class='ocr_carea' id='block_1_41' title="bbox 188 3302 1789 3391">
    <p class='ocr_par' dir='ltr' id='par_1_41' title="bbox 188 3302 1789 3391">
     <span class='ocr_line' id='line_1_41' title="bbox 188 3302 1789 3391; baseline -0.01 -19"><span class='ocrx_word' id='word_1_306' title='bbox 188 3319 358 3390; x_wconf 78' lang='grc' dir='ltr'>τιμὴν</span> <span class='ocrx_word' id='word_1_307' title='bbox 405 3314 658 3387; x_wconf 83' lang='grc' dir='ltr'>ἀτιμίαν,</span> <span class='ocrx_word' id='word_1_308' title='bbox 689 3314 785 3367; x_wconf 71' lang='grc' dir='ltr'><strong>καὶ</strong></span> <span class='ocrx_word' id='word_1_309' title='bbox 823 3313 905 3376; x_wconf 81' lang='grc' dir='ltr'><strong>είς</strong></span> <span class='ocrx_word' id='word_1_310' title='bbox 937 3311 1036 3380; x_wconf 84' lang='grc' dir='ltr'><strong>τὴν</strong></span> <span class='ocrx_word' id='word_1_311' title='bbox 1083 3308 1182 3381; x_wconf 81' lang='grc' dir='ltr'>σὴν</span> <span class='ocrx_word' id='word_1_312' title='bbox 1228 3307 1383 3374; x_wconf 82' lang='grc' dir='ltr'>δόξαν</span> <span class='ocrx_word' id='word_1_313' title='bbox 1418 3302 1789 3391; x_wconf 63' lang='grc' dir='ltr'>πῦρκαιόμε-</span> 
     </span>
    </p>
   </div>
   <div class='ocr_carea' id='block_1_42' title="bbox 190 3395 1795 3478">
    <p class='ocr_par' dir='ltr' id='par_1_42' title="bbox 190 3395 1795 3478">
     <span class='ocr_line' id='line_1_42' title="bbox 190 3395 1795 3478; baseline -0.009 -14"><span class='ocrx_word' id='word_1_314' title='bbox 190 3424 280 3464; x_wconf 77' lang='grc' dir='ltr'><strong>νον</strong></span> <span class='ocrx_word' id='word_1_315' title='bbox 313 3407 677 3478; x_wconf 77' lang='grc' dir='ltr'>καυθήσεται.</span> <span class='ocrx_word' id='word_1_316' title='bbox 720 3424 739 3456; x_wconf 75' lang='grc' dir='ltr'><strong>ι</strong></span> <span class='ocrx_word' id='word_1_317' title='bbox 779 3403 923 3475; x_wconf 83' lang='grc' dir='ltr'>Πρὸς</span> <span class='ocrx_word' id='word_1_318' title='bbox 954 3401 1143 3455; x_wconf 87' lang='grc' dir='ltr'>τοῦτον</span> <span class='ocrx_word' id='word_1_319' title='bbox 1193 3398 1285 3453; x_wconf 82' lang='grc' dir='ltr'><strong>τὸν</strong></span> <span class='ocrx_word' id='word_1_320' title='bbox 1327 3397 1677 3468; x_wconf 83' lang='grc' dir='ltr'>ὑπερήφανον</span> <span class='ocrx_word' id='word_1_321' title='bbox 1703 3395 1795 3450; x_wconf 89' lang='grc' dir='ltr'>λο-</span> 
     </span>
    </p>
   </div>
   <div class='ocr_carea' id='block_1_43' title="bbox 192 3485 1790 3570">
    <p class='ocr_par' dir='ltr' id='par_1_43' title="bbox 192 3485 1790 3570">
     <span class='ocr_line' id='line_1_43' title="bbox 192 3485 1790 3570; baseline -0.009 -17"><span class='ocrx_word' id='word_1_322' title='bbox 192 3499 415 3570; x_wconf 78' lang='grc' dir='ltr'>γισμὸν,</span> <span class='ocrx_word' id='word_1_323' title='bbox 472 3495 584 3549; x_wconf 77' lang='grc' dir='ltr'>εἴτε</span> <span class='ocrx_word' id='word_1_324' title='bbox 638 3512 726 3560; x_wconf 82' lang='grc' dir='ltr'><strong>τις</strong></span> <span class='ocrx_word' id='word_1_325' title='bbox 792 3490 1146 3561; x_wconf 84' lang='grc' dir='ltr'>ἀντικειμένη</span> <span class='ocrx_word' id='word_1_326' title='bbox 1192 3487 1419 3560; x_wconf 90' lang='grc' dir='ltr'>δύναμις</span> <span class='ocrx_word' id='word_1_327' title='bbox 1473 3485 1790 3556; x_wconf 85' lang='grc' dir='ltr'>ἐτύγχανεν,</span> 
     </span>
    </p>
   </div>
   <div class='ocr_carea' id='block_1_44' title="bbox 190 3577 1793 3663">
    <p class='ocr_par' dir='ltr' id='par_1_44' title="bbox 190 3577 1793 3663">
     <span class='ocr_line' id='line_1_44' title="bbox 190 3577 1793 3663; baseline -0.011 -16"><span class='ocrx_word' id='word_1_328' title='bbox 190 3590 383 3663; x_wconf 74' lang='grc' dir='ltr'>ὥσπερ</span> <span class='ocrx_word' id='word_1_329' title='bbox 414 3592 444 3644; x_wconf 91' lang='lat'><strong>6</strong></span> <span class='ocrx_word' id='word_1_330' title='bbox 470 3588 654 3661; x_wconf 81' lang='grc' dir='ltr'>ἄρχων</span> <span class='ocrx_word' id='word_1_331' title='bbox 686 3584 966 3657; x_wconf 86' lang='grc' dir='ltr'>βασιλείας</span> <span class='ocrx_word' id='word_1_332' title='bbox 994 3580 1242 3654; x_wconf 90' lang='grc' dir='ltr'>Περσῶν,</span> <span class='ocrx_word' id='word_1_333' title='bbox 1278 3580 1372 3635; x_wconf 59' lang='grc' dir='ltr'><strong>καλ¹</strong></span> <span class='ocrx_word' id='word_1_334' title='bbox 1401 3581 1431 3633; x_wconf 94' lang='lat'><strong>6</strong></span> <span class='ocrx_word' id='word_1_335' title='bbox 1464 3577 1650 3651; x_wconf 77' lang='grc' dir='ltr'>ἄρχων</span> <span class='ocrx_word' id='word_1_336' title='bbox 1692 3577 1793 3649; x_wconf 87' lang='grc' dir='ltr'>βα-</span> 
     </span>
    </p>
   </div>
   <div class='ocr_carea' id='block_1_45' title="bbox 196 3670 1790 3750">
    <p class='ocr_par' dir='ltr' id='par_1_45' title="bbox 196 3670 1790 3750">
     <span class='ocr_line' id='line_1_45' title="bbox 196 3670 1790 3750; baseline -0.009 -14"><span class='ocrx_word' id='word_1_337' title='bbox 196 3681 403 3744; x_wconf 84' lang='grc' dir='ltr'>σιλείας</span> <span class='ocrx_word' id='word_1_338' title='bbox 450 3680 674 3750; x_wconf 81' lang='grc' dir='ltr'>Μήδων,</span> <span class='ocrx_word' id='word_1_339' title='bbox 726 3677 823 3731; x_wconf 76' lang='grc' dir='ltr'><strong>καὶ</strong></span> <span class='ocrx_word' id='word_1_340' title='bbox 869 3676 898 3729; x_wconf 93' lang='lat'><strong>6</strong></span> <span class='ocrx_word' id='word_1_341' title='bbox 944 3675 1129 3746; x_wconf 85' lang='grc' dir='ltr'>ἄρχων</span> <span class='ocrx_word' id='word_1_342' title='bbox 1162 3671 1439 3743; x_wconf 87' lang='grc' dir='ltr'>βασιλείας</span> <span class='ocrx_word' id='word_1_343' title='bbox 1486 3670 1790 3740; x_wconf 61' lang='grc' dir='ltr'>Ἑλλήνων</span> 
     </span>
    </p>
   </div>
   <div class='ocr_carea' id='block_1_46' title="bbox 193 3760 1789 3842">
    <p class='ocr_par' dir='ltr' id='par_1_46' title="bbox 193 3760 1789 3842">
     <span class='ocr_line' id='line_1_46' title="bbox 193 3760 1789 3842; baseline -0.008 -15"><span class='ocrx_word' id='word_1_344' title='bbox 193 3772 335 3828; x_wconf 78' lang='grc' dir='ltr'>οὕτω</span> <span class='ocrx_word' id='word_1_345' title='bbox 356 3770 471 3842; x_wconf 87' lang='grc' dir='ltr'><strong>γάρ</strong></span> <span class='ocrx_word' id='word_1_346' title='bbox 495 3769 637 3822; x_wconf 68' lang='grc' dir='ltr'>εἴποι</span> <span class='ocrx_word' id='word_1_347' title='bbox 668 3766 734 3821; x_wconf 81' lang='grc' dir='ltr'><strong>ἀν</strong></span> <span class='ocrx_word' id='word_1_348' title='bbox 762 3783 847 3827; x_wconf 83' lang='grc' dir='ltr'><strong>τις</strong></span> <span class='ocrx_word' id='word_1_349' title='bbox 874 3765 969 3818; x_wconf 72' lang='grc' dir='ltr'>καὶ</span> <span class='ocrx_word' id='word_1_350' title='bbox 994 3764 1234 3835; x_wconf 80' lang='grc' dir='ltr'>ἄρχοντα</span> <span class='ocrx_word' id='word_1_351' title='bbox 1264 3760 1545 3833; x_wconf 84' lang='grc' dir='ltr'>βασιλείας</span> <span class='ocrx_word' id='word_1_352' title='bbox 1591 3762 1789 3815; x_wconf 84' lang='grc' dir='ltr'>Ἀσσυ-</span> 
     </span>
    </p>
   </div>
   <div class='ocr_carea' id='block_1_47' title="bbox 195 3851 1798 3938">
    <p class='ocr_par' dir='ltr' id='par_1_47' title="bbox 195 3851 1798 3938">
     <span class='ocr_line' id='line_1_47' title="bbox 195 3851 1798 3938; baseline -0.009 -20"><span class='ocrx_word' id='word_1_353' title='bbox 195 3865 327 3938; x_wconf 84' lang='grc' dir='ltr'>ρίων</span> <span class='ocrx_word' id='word_1_354' title='bbox 354 3860 642 3932; x_wconf 86' lang='grc' dir='ltr'>γεγονέναι</span> <span class='ocrx_word' id='word_1_355' title='bbox 662 3857 786 3911; x_wconf 84' lang='grc' dir='ltr'>τινὰ</span> <span class='ocrx_word' id='word_1_356' title='bbox 805 3857 895 3910; x_wconf 81' lang='grc' dir='ltr'><strong>τὸν</strong></span> <span class='ocrx_word' id='word_1_357' title='bbox 923 3854 1379 3924; x_wconf 80' lang='grc' dir='ltr'>ἀλαζονευόμενον</span> <span class='ocrx_word' id='word_1_358' title='bbox 1420 3851 1634 3915; x_wconf 77' lang='grc' dir='ltr'>καὶτὰς</span> <span class='ocrx_word' id='word_1_359' title='bbox 1663 3869 1798 3924; x_wconf 87' lang='grc' dir='ltr'>προ-</span> 
     </span>
    </p>
   </div>
   <div class='ocr_carea' id='block_1_48' title="bbox 196 3938 1795 4027">
    <p class='ocr_par' dir='ltr' id='par_1_48' title="bbox 196 3938 1795 4027">
     <span class='ocr_line' id='line_1_48' title="bbox 196 3938 1795 4027; baseline -0.009 -16"><span class='ocrx_word' id='word_1_360' title='bbox 196 3957 463 4027; x_wconf 77' lang='grc' dir='ltr'>κειμένας</span> <span class='ocrx_word' id='word_1_361' title='bbox 486 3952 672 4021; x_wconf 80' lang='grc' dir='ltr'>φωνάς</span> <span class='ocrx_word' id='word_1_362' title='bbox 697 3948 1072 4020; x_wconf 81' lang='grc' dir='ltr'>φθεγξάμενον</span> <span class='ocrx_word' id='word_1_363' title='bbox 1093 3962 1108 3976; x_wconf 88' lang='grc'><strong>·</strong></span> <span class='ocrx_word' id='word_1_364' title='bbox 1153 3945 1267 3999; x_wconf 70' lang='grc' dir='ltr'>εἴτε</span> <span class='ocrx_word' id='word_1_365' title='bbox 1292 3938 1385 3999; x_wconf 80' lang='grc' dir='ltr'><strong>οὖν</strong></span> <span class='ocrx_word' id='word_1_366' title='bbox 1415 3944 1553 4017; x_wconf 84' lang='grc' dir='ltr'>πρὸς</span> <span class='ocrx_word' id='word_1_367' title='bbox 1584 3942 1795 4011; x_wconf 85' lang='grc' dir='ltr'>τοῦτον,</span> 
     </span>
    </p>
   </div>
   <div class='ocr_carea' id='block_1_49' title="bbox 197 4036 1801 4119">
    <p class='ocr_par' dir='ltr' id='par_1_49' title="bbox 197 4036 1801 4119">
     <span class='ocr_line' id='line_1_49' title="bbox 197 4036 1801 4119; baseline -0.008 -18"><span class='ocrx_word' id='word_1_368' title='bbox 197 4049 307 4101; x_wconf 78' lang='grc' dir='ltr'>εἴτε</span> <span class='ocrx_word' id='word_1_369' title='bbox 324 4045 470 4119; x_wconf 77' lang='grc' dir='ltr'>πρὸς</span> <span class='ocrx_word' id='word_1_370' title='bbox 489 4044 584 4097; x_wconf 82' lang='grc' dir='ltr'><strong>τὸν</strong></span> <span class='ocrx_word' id='word_1_371' title='bbox 609 4041 970 4096; x_wconf 76' lang='grc' dir='ltr'>Βαϐυλωνίων</span> <span class='ocrx_word' id='word_1_372' title='bbox 991 4038 1218 4111; x_wconf 86' lang='grc' dir='ltr'>βασιλέα</span> <span class='ocrx_word' id='word_1_373' title='bbox 1240 4038 1329 4091; x_wconf 83' lang='grc' dir='ltr'><strong>τὸν</strong></span> <span class='ocrx_word' id='word_1_374' title='bbox 1354 4036 1801 4111; x_wconf 85' lang='grc' dir='ltr'>πολιορκήσαντα</span> 
     </span>
    </p>
   </div>
   <div class='ocr_carea' id='block_1_50' title="bbox 197 4126 1801 4214">
    <p class='ocr_par' dir='ltr' id='par_1_50' title="bbox 197 4126 1801 4214">
     <span class='ocr_line' id='line_1_50' title="bbox 197 4126 1801 4214; baseline -0.009 -19"><span class='ocrx_word' id='word_1_375' title='bbox 197 4141 294 4214; x_wconf 79' lang='grc' dir='ltr'><strong>τήν</strong></span> <span class='ocrx_word' id='word_1_376' title='bbox 307 4135 799 4212; x_wconf 70' lang='grc' dir='ltr'>’1ερουσαλὴμ,κα“ι</span> <span class='ocrx_word' id='word_1_377' title='bbox 812 4134 904 4188; x_wconf 83' lang='grc' dir='ltr'><strong>τὸν</strong></span> <span class='ocrx_word' id='word_1_378' title='bbox 920 4134 1044 4188; x_wconf 81' lang='grc' dir='ltr'>ναὸν</span> <span class='ocrx_word' id='word_1_379' title='bbox 1063 4131 1444 4204; x_wconf 84' lang='grc' dir='ltr'>ἐμπρήσαντα,</span> <span class='ocrx_word' id='word_1_380' title='bbox 1466 4130 1642 4185; x_wconf 89' lang='grc' dir='ltr'>πάντα</span> <span class='ocrx_word' id='word_1_381' title='bbox 1656 4145 1716 4182; x_wconf 88' lang='grc' dir='ltr'><strong>τε</strong></span> <span class='ocrx_word' id='word_1_382' title='bbox 1731 4126 1801 4182; x_wconf 82' lang='grc' dir='ltr'><strong>τά</strong></span> 
     </span>
    </p>
   </div>
   <div class='ocr_carea' id='block_1_51' title="bbox 198 4221 1801 4305">
    <p class='ocr_par' dir='ltr' id='par_1_51' title="bbox 198 4221 1801 4305">
     <span class='ocr_line' id='line_1_51' title="bbox 198 4221 1801 4305; baseline -0.009 -17"><span class='ocrx_word' id='word_1_383' title='bbox 198 4234 348 4305; x_wconf 82' lang='grc' dir='ltr'>αὐτῷ</span> <span class='ocrx_word' id='word_1_384' title='bbox 399 4229 574 4301; x_wconf 84' lang='grc' dir='ltr'>σκεύη</span> <span class='ocrx_word' id='word_1_385' title='bbox 621 4227 743 4299; x_wconf 83' lang='grc' dir='ltr'>ἱερά</span> <span class='ocrx_word' id='word_1_386' title='bbox 788 4227 884 4281; x_wconf 73' lang='grc' dir='ltr'>καὶ</span> <span class='ocrx_word' id='word_1_387' title='bbox 929 4224 1255 4296; x_wconf 86' lang='grc' dir='ltr'>ἀναθήματα</span> <span class='ocrx_word' id='word_1_388' title='bbox 1295 4222 1505 4286; x_wconf 88' lang='grc' dir='ltr'>ἐλόντα,</span> <span class='ocrx_word' id='word_1_389' title='bbox 1553 4221 1649 4276; x_wconf 74' lang='grc' dir='ltr'><strong>καὶ</strong></span> <span class='ocrx_word' id='word_1_390' title='bbox 1686 4222 1801 4284; x_wconf 84' lang='grc' dir='ltr'>τοῖς</span> 
     </span>
    </p>
   </div>
   <div class='ocr_carea' id='block_1_52' title="bbox 199 4311 1801 4386">
    <p class='ocr_par' dir='ltr' id='par_1_52' title="bbox 199 4311 1801 4386">
     <span class='ocr_line' id='line_1_52' title="bbox 199 4311 1801 4386; baseline -0.01 -6"><span class='ocrx_word' id='word_1_391' title='bbox 199 4324 363 4380; x_wconf 75' lang='grc' dir='ltr'>αὐτοῦ</span> <span class='ocrx_word' id='word_1_392' title='bbox 405 4320 650 4384; x_wconf 78' lang='grc' dir='ltr'>εἰδώλοις</span> <span class='ocrx_word' id='word_1_393' title='bbox 678 4316 945 4372; x_wconf 89' lang='grc' dir='ltr'>ἀναθέντα</span> <span class='ocrx_word' id='word_1_394' title='bbox 976 4318 1034 4370; x_wconf 89' lang='grc' dir='ltr'><strong>ἐν</strong></span> <span class='ocrx_word' id='word_1_395' title='bbox 1077 4315 1215 4386; x_wconf 79' lang='grc' dir='ltr'>αὐτῇ</span> <span class='ocrx_word' id='word_1_396' title='bbox 1266 4313 1568 4379; x_wconf 77' lang='grc' dir='ltr'>Βαϐυλῶνι,</span> <span class='ocrx_word' id='word_1_397' title='bbox 1608 4311 1801 4384; x_wconf 86' lang='grc' dir='ltr'>ὥσπερ</span> 
     </span>
    </p>
   </div>
   <div class='ocr_carea' id='block_1_53' title="bbox 198 4405 1797 4480">
    <p class='ocr_par' dir='ltr' id='par_1_53' title="bbox 198 4405 1797 4480">
     <span class='ocr_line' id='line_1_53' title="bbox 198 4405 1797 4480; baseline -0.009 -9"><span class='ocrx_word' id='word_1_398' title='bbox 198 4416 345 4471; x_wconf 87' lang='grc' dir='ltr'>δεινά</span> <span class='ocrx_word' id='word_1_399' title='bbox 379 4413 481 4467; x_wconf 71' lang='grc' dir='ltr'>καὶ</span> <span class='ocrx_word' id='word_1_400' title='bbox 514 4409 925 4480; x_wconf 83' lang='grc' dir='ltr'>ἀπονενοημένα</span> <span class='ocrx_word' id='word_1_401' title='bbox 953 4406 1301 4478; x_wconf 74' lang='grc' dir='ltr'>τολμήσαντα</span> <span class='ocrx_word' id='word_1_402' title='bbox 1331 4408 1527 4470; x_wconf 76' lang='grc' dir='ltr'>εἰπεῖν,</span> <span class='ocrx_word' id='word_1_403' title='bbox 1561 4405 1797 4477; x_wconf 87' lang='grc' dir='ltr'>ἀποκρί-</span> 
     </span>
    </p>
   </div>
   <div class='ocr_carea' id='block_1_54' title="bbox 1868 993 3451 1065">
    <p class='ocr_par' dir='ltr' id='par_1_54' title="bbox 1868 993 3451 1065">
     <span class='ocr_line' id='line_1_54' title="bbox 1868 993 3451 1065; baseline 0.001 -17"><span class='ocrx_word' id='word_1_404' title='bbox 1868 996 1995 1049; x_wconf 89' lang='lat' dir='ltr'><strong>tabo</strong></span> <span class='ocrx_word' id='word_1_405' title='bbox 2017 1002 2255 1050; x_wconf 81' lang='lat' dir='ltr'><strong>mentem</strong></span> <span class='ocrx_word' id='word_1_406' title='bbox 2287 1008 2567 1064; x_wconf 86' lang='lat' dir='ltr'><strong>magnam,</strong></span> <span class='ocrx_word' id='word_1_407' title='bbox 2613 993 2916 1063; x_wconf 79' lang='lat' dir='ltr'><strong>principem</strong></span> <span class='ocrx_word' id='word_1_408' title='bbox 2967 993 3337 1065; x_wconf 83' lang='lat' dir='ltr'><strong>Assyriorum,</strong></span> <span class='ocrx_word' id='word_1_409' title='bbox 3393 1002 3451 1049; x_wconf 86' lang='lat' dir='ltr'><strong>et</strong></span> 
     </span>
    </p>
   </div>
   <div class='ocr_carea' id='block_1_55' title="bbox 1868 1084 3450 1155">
    <p class='ocr_par' dir='ltr' id='par_1_55' title="bbox 1868 1084 3450 1155">
     <span class='ocr_line' id='line_1_55' title="bbox 1868 1084 3450 1155; baseline -0.001 -13"><span class='ocrx_word' id='word_1_410' title='bbox 1868 1086 2253 1142; x_wconf 74' lang='lat' dir='ltr'><strong>celsitudinem</strong></span> <span class='ocrx_word' id='word_1_411' title='bbox 2306 1085 2495 1155; x_wconf 67' lang='lat' dir='ltr'><strong>gloriae</strong></span> <span class='ocrx_word' id='word_1_412' title='bbox 2530 1085 2812 1139; x_wconf 78' lang='lat' dir='ltr'><strong>oculorum</strong></span> <span class='ocrx_word' id='word_1_413' title='bbox 2868 1084 3009 1153; x_wconf 85' lang='lat' dir='ltr'><strong>ejus.</strong></span> <span class='ocrx_word' id='word_1_414' title='bbox 3045 1105 3063 1137; x_wconf 74' lang='grc' dir='ltr'><strong>ι</strong></span> <span class='ocrx_word' id='word_1_415' title='bbox 3101 1084 3198 1139; x_wconf 85' lang='lat' dir='ltr'><strong>His</strong></span> <span class='ocrx_word' id='word_1_416' title='bbox 3251 1099 3450 1140; x_wconf 90' lang='lat' dir='ltr'><strong>conse-</strong></span> 
     </span>
    </p>
   </div>
   <div class='ocr_carea' id='block_1_56' title="bbox 1869 1177 3452 1249">
    <p class='ocr_par' dir='ltr' id='par_1_56' title="bbox 1869 1177 3452 1249">
     <span class='ocr_line' id='line_1_56' title="bbox 1869 1177 3452 1249; baseline 0 -17"><span class='ocrx_word' id='word_1_417' title='bbox 1869 1189 2100 1249; x_wconf 78' lang='lat' dir='ltr'><strong>quenter</strong></span> <span class='ocrx_word' id='word_1_418' title='bbox 2121 1178 2300 1243; x_wconf 88' lang='lat' dir='ltr'><strong>docet,</strong></span> <span class='ocrx_word' id='word_1_419' title='bbox 2319 1178 2572 1247; x_wconf 85' lang='lat' dir='ltr'><strong>Assyrios</strong></span> <span class='ocrx_word' id='word_1_420' title='bbox 2597 1177 2813 1231; x_wconf 86' lang='lat' dir='ltr'><strong>tandem</strong></span> <span class='ocrx_word' id='word_1_421' title='bbox 2836 1187 2890 1232; x_wconf 86' lang='lat' dir='ltr'><strong>et</strong></span> <span class='ocrx_word' id='word_1_422' title='bbox 2912 1193 3098 1233; x_wconf 84' lang='lat' dir='ltr'><strong>eorum</strong></span> <span class='ocrx_word' id='word_1_423' title='bbox 3126 1178 3452 1248; x_wconf 87' lang='lat' dir='ltr'><strong>principem,</strong></span> 
     </span>
    </p>
   </div>
   <div class='ocr_carea' id='block_1_57' title="bbox 1869 1267 3454 1340">
    <p class='ocr_par' dir='ltr' id='par_1_57' title="bbox 1869 1267 3454 1340">
     <span class='ocr_line' id='line_1_57' title="bbox 1869 1267 3454 1340; baseline 0.002 -20"><span class='ocrx_word' id='word_1_424' title='bbox 1869 1268 1968 1324; x_wconf 86' lang='lat' dir='ltr'><strong>etsi</strong></span> <span class='ocrx_word' id='word_1_425' title='bbox 1999 1283 2120 1323; x_wconf 92' lang='lat' dir='ltr'><strong>cum</strong></span> <span class='ocrx_word' id='word_1_426' title='bbox 2160 1268 2273 1334; x_wconf 89' lang='lat' dir='ltr'><strong>tali,</strong></span> <span class='ocrx_word' id='word_1_427' title='bbox 2298 1268 2444 1337; x_wconf 90' lang='lat' dir='ltr'><strong>quali</strong></span> <span class='ocrx_word' id='word_1_428' title='bbox 2465 1268 2574 1337; x_wconf 84' lang='lat' dir='ltr'><strong>jam</strong></span> <span class='ocrx_word' id='word_1_429' title='bbox 2619 1267 2954 1322; x_wconf 86' lang='lat' dir='ltr'><strong>declaratum</strong></span> <span class='ocrx_word' id='word_1_430' title='bbox 2987 1277 3093 1332; x_wconf 92' lang='lat' dir='ltr'><strong>est,</strong></span> <span class='ocrx_word' id='word_1_431' title='bbox 3142 1268 3454 1340; x_wconf 80' lang='lat' dir='ltr'><strong>arrogantia</strong></span> 
     </span>
    </p>
   </div>
   <div class='ocr_carea' id='block_1_58' title="bbox 1870 1358 3454 1432">
    <p class='ocr_par' dir='ltr' id='par_1_58' title="bbox 1870 1358 3454 1432">
     <span class='ocr_line' id='line_1_58' title="bbox 1870 1358 3454 1432; baseline -0.001 -16"><span class='ocrx_word' id='word_1_432' title='bbox 1870 1360 2099 1432; x_wconf 81' lang='lat' dir='ltr'><strong>egerint,</strong></span> <span class='ocrx_word' id='word_1_433' title='bbox 2139 1358 2448 1415; x_wconf 89' lang='lat' dir='ltr'><strong>Samariam</strong></span> <span class='ocrx_word' id='word_1_434' title='bbox 2482 1367 2537 1414; x_wconf 89' lang='lat' dir='ltr'><strong>et</strong></span> <span class='ocrx_word' id='word_1_435' title='bbox 2581 1360 2909 1414; x_wconf 78' lang='lat' dir='ltr'><strong>Damascum</strong></span> <span class='ocrx_word' id='word_1_436' title='bbox 2965 1361 3320 1432; x_wconf 79' lang='lat' dir='ltr'><strong>subegerint,</strong></span> <span class='ocrx_word' id='word_1_437' title='bbox 3373 1370 3454 1415; x_wconf 86' lang='lat' dir='ltr'><strong>ta-</strong></span> 
     </span>
    </p>
   </div>
   <div class='ocr_carea' id='block_1_59' title="bbox 1872 1451 3455 1523">
    <p class='ocr_par' dir='ltr' id='par_1_59' title="bbox 1872 1451 3455 1523">
     <span class='ocr_line' id='line_1_59' title="bbox 1872 1451 3455 1523; baseline -0.001 -15"><span class='ocrx_word' id='word_1_438' title='bbox 1872 1468 1993 1509; x_wconf 92' lang='lat' dir='ltr'><strong>men</strong></span> <span class='ocrx_word' id='word_1_439' title='bbox 2029 1455 2096 1508; x_wconf 86' lang='lat' dir='ltr'><strong>ad</strong></span> <span class='ocrx_word' id='word_1_440' title='bbox 2128 1462 2339 1508; x_wconf 90' lang='lat' dir='ltr'><strong>certum</strong></span> <span class='ocrx_word' id='word_1_441' title='bbox 2394 1467 2567 1521; x_wconf 89' lang='lat' dir='ltr'><strong>usque</strong></span> <span class='ocrx_word' id='word_1_442' title='bbox 2608 1451 2901 1506; x_wconf 91' lang='lat' dir='ltr'><strong>terminum</strong></span> <span class='ocrx_word' id='word_1_443' title='bbox 2936 1467 3154 1506; x_wconf 90' lang='lat' dir='ltr'><strong>usuram</strong></span> <span class='ocrx_word' id='word_1_444' title='bbox 3190 1454 3455 1523; x_wconf 85' lang='lat' dir='ltr'><strong>temporis</strong></span> 
     </span>
    </p>
   </div>
   <div class='ocr_carea' id='block_1_60' title="bbox 1872 1545 3451 1615">
    <p class='ocr_par' dir='ltr' id='par_1_60' title="bbox 1872 1545 3451 1615">
     <span class='ocr_line' id='line_1_60' title="bbox 1872 1545 3451 1615; baseline -0.003 -11"><span class='ocrx_word' id='word_1_445' title='bbox 1872 1547 2192 1613; x_wconf 90' lang='lat' dir='ltr'><strong>habituros;</strong></span> <span class='ocrx_word' id='word_1_446' title='bbox 2247 1560 2354 1613; x_wconf 91' lang='lat' dir='ltr'><strong>quo</strong></span> <span class='ocrx_word' id='word_1_447' title='bbox 2384 1545 2593 1615; x_wconf 89' lang='lat' dir='ltr'><strong>elapso,</strong></span> <span class='ocrx_word' id='word_1_448' title='bbox 2626 1546 2914 1615; x_wconf 90' lang='lat' dir='ltr'><strong>imperium</strong></span> <span class='ocrx_word' id='word_1_449' title='bbox 2949 1562 3137 1601; x_wconf 90' lang='lat' dir='ltr'><strong>eorum</strong></span> <span class='ocrx_word' id='word_1_450' title='bbox 3173 1562 3277 1600; x_wconf 95' lang='lat' dir='ltr'><strong>non</strong></span> <span class='ocrx_word' id='word_1_451' title='bbox 3312 1546 3451 1601; x_wconf 85' lang='lat' dir='ltr'><strong>ultra</strong></span> 
     </span>
    </p>
   </div>
   <div class='ocr_carea' id='block_1_61' title="bbox 1875 1635 3458 1707">
    <p class='ocr_par' dir='ltr' id='par_1_61' title="bbox 1875 1635 3458 1707">
     <span class='ocr_line' id='line_1_61' title="bbox 1875 1635 3458 1707; baseline 0.003 -17"><span class='ocrx_word' id='word_1_452' title='bbox 1875 1636 2157 1700; x_wconf 88' lang='lat' dir='ltr'><strong>consistet,</strong></span> <span class='ocrx_word' id='word_1_453' title='bbox 2192 1635 2448 1691; x_wconf 91' lang='lat' dir='ltr'><strong>diuturno</strong></span> <span class='ocrx_word' id='word_1_454' title='bbox 2489 1636 2582 1691; x_wconf 86' lang='lat' dir='ltr'><strong>illo</strong></span> <span class='ocrx_word' id='word_1_455' title='bbox 2626 1652 2691 1692; x_wconf 87' lang='lat' dir='ltr'><strong>ac</strong></span> <span class='ocrx_word' id='word_1_456' title='bbox 2717 1636 2933 1692; x_wconf 85' lang='lat' dir='ltr'><strong>ﬂorenti</strong></span> <span class='ocrx_word' id='word_1_457' title='bbox 2960 1637 3188 1707; x_wconf 89' lang='lat' dir='ltr'><strong>imperio</strong></span> <span class='ocrx_word' id='word_1_458' title='bbox 3214 1636 3458 1694; x_wconf 85' lang='lat' dir='ltr'><strong>funditus</strong></span> 
     </span>
    </p>
   </div>
   <div class='ocr_carea' id='block_1_62' title="bbox 1876 1742 2089 1783">
    <p class='ocr_par' dir='ltr' id='par_1_62' title="bbox 1876 1742 2089 1783">
     <span class='ocr_line' id='line_1_62' title="bbox 1876 1742 2089 1783; baseline 0.005 -1"><span class='ocrx_word' id='word_1_459' title='bbox 1876 1742 2089 1783; x_wconf 85' lang='lat' dir='ltr'><strong>everso.</strong></span> 
     </span>
    </p>
   </div>
   <div class='ocr_carea' id='block_1_63' title="bbox 1948 1908 3460 1977">
    <p class='ocr_par' dir='ltr' id='par_1_63' title="bbox 1948 1908 3460 1977">
     <span class='ocr_line' id='line_1_63' title="bbox 1948 1908 3460 1977; baseline 0.002 -12"><span class='ocrx_word' id='word_1_460' title='bbox 1948 1908 2117 1966; x_wconf 78' lang='lat' dir='ltr'><strong>Vens.</strong></span> <span class='ocrx_word' id='word_1_461' title='bbox 2159 1909 2247 1965; x_wconf 79' lang='lat' dir='ltr'><strong>l5.</strong></span> <span class='ocrx_word' id='word_1_462' title='bbox 2288 1928 2307 1962; x_wconf 78' lang='grc' dir='ltr'><strong>ι</strong></span> <span class='ocrx_word' id='word_1_463' title='bbox 2347 1909 2492 1964; x_wconf 84' lang='lat' dir='ltr'><strong>Dixit.</strong></span> <span class='ocrx_word' id='word_1_464' title='bbox 2517 1910 2685 1976; x_wconf 84' lang='lat' dir='ltr'><strong>enim,</strong></span> <span class='ocrx_word' id='word_1_465' title='bbox 2717 1911 2772 1966; x_wconf 87' lang='lat' dir='ltr'><strong>In</strong></span> <span class='ocrx_word' id='word_1_466' title='bbox 2807 1910 3132 1968; x_wconf 85' lang='lat' dir='ltr'><strong>fortitudine</strong></span> <span class='ocrx_word' id='word_1_467' title='bbox 3159 1912 3460 1977; x_wconf 90' lang='lat' dir='ltr'><strong>faciam,et</strong></span> 
     </span>
    </p>
   </div>
   <div class='ocr_carea' id='block_1_64' title="bbox 1877 2001 3464 2075">
    <p class='ocr_par' dir='ltr' id='par_1_64' title="bbox 1877 2001 3464 2075">
     <span class='ocr_line' id='line_1_64' title="bbox 1877 2001 3464 2075; baseline 0.003 -19"><span class='ocrx_word' id='word_1_468' title='bbox 1877 2003 1932 2056; x_wconf 91' lang='lat' dir='ltr'><strong>in</strong></span> <span class='ocrx_word' id='word_1_469' title='bbox 1970 2003 2238 2073; x_wconf 84' lang='lat' dir='ltr'><strong>sapientia</strong></span> <span class='ocrx_word' id='word_1_470' title='bbox 2275 2001 2578 2072; x_wconf 82' lang='lat' dir='ltr'><strong>prudentiae</strong></span> <span class='ocrx_word' id='word_1_471' title='bbox 2604 2018 2738 2058; x_wconf 72' lang='lat' dir='ltr'><strong>meae</strong></span> <span class='ocrx_word' id='word_1_472' title='bbox 2772 2002 3018 2057; x_wconf 81' lang='lat' dir='ltr'><strong>auferam</strong></span> <span class='ocrx_word' id='word_1_473' title='bbox 3051 2008 3311 2059; x_wconf 90' lang='lat' dir='ltr'><strong>terminos</strong></span> <span class='ocrx_word' id='word_1_474' title='bbox 3329 2020 3464 2075; x_wconf 79' lang='lat' dir='ltr'><strong>gen-</strong></span> 
     </span>
    </p>
   </div>
   <div class='ocr_carea' id='block_1_65' title="bbox 1881 2094 3464 2167">
    <p class='ocr_par' dir='ltr' id='par_1_65' title="bbox 1881 2094 3464 2167">
     <span class='ocr_line' id='line_1_65' title="bbox 1881 2094 3464 2167; baseline 0.003 -19"><span class='ocrx_word' id='word_1_475' title='bbox 1881 2094 2035 2159; x_wconf 89' lang='lat' dir='ltr'><strong>tium,</strong></span> <span class='ocrx_word' id='word_1_476' title='bbox 2062 2103 2114 2147; x_wconf 89' lang='lat' dir='ltr'><strong>et</strong></span> <span class='ocrx_word' id='word_1_477' title='bbox 2131 2094 2503 2149; x_wconf 89' lang='lat' dir='ltr'><strong>fortitudinem</strong></span> <span class='ocrx_word' id='word_1_478' title='bbox 2523 2108 2717 2149; x_wconf 90' lang='lat' dir='ltr'><strong>earum</strong></span> <span class='ocrx_word' id='word_1_479' title='bbox 2741 2094 3054 2150; x_wconf 89' lang='lat' dir='ltr'><strong>devastabo.</strong></span> <span class='ocrx_word' id='word_1_480' title='bbox 3082 2115 3102 2148; x_wconf 76' lang='grc' dir='ltr'><strong>ι</strong></span> <span class='ocrx_word' id='word_1_481' title='bbox 3130 2096 3237 2150; x_wconf 92' lang='lat' dir='ltr'><strong>Deo</strong></span> <span class='ocrx_word' id='word_1_482' title='bbox 3262 2097 3464 2167; x_wconf 83' lang='lat' dir='ltr'><strong>quippe</strong></span> 
     </span>
    </p>
   </div>
   <div class='ocr_carea' id='block_1_66' title="bbox 1880 2186 3462 2259">
    <p class='ocr_par' dir='ltr' id='par_1_66' title="bbox 1880 2186 3462 2259">
     <span class='ocr_line' id='line_1_66' title="bbox 1880 2186 3462 2259; baseline 0.003 -21"><span class='ocrx_word' id='word_1_483' title='bbox 1880 2187 2105 2257; x_wconf 75' lang='lat' dir='ltr'><strong>gloriam</strong></span> <span class='ocrx_word' id='word_1_484' title='bbox 2139 2202 2246 2241; x_wconf 91' lang='lat' dir='ltr'><strong>non</strong></span> <span class='ocrx_word' id='word_1_485' title='bbox 2278 2186 2551 2255; x_wconf 84' lang='lat' dir='ltr'><strong>tribuens,</strong></span> <span class='ocrx_word' id='word_1_486' title='bbox 2579 2201 2754 2257; x_wconf 91' lang='lat' dir='ltr'><strong>neque</strong></span> <span class='ocrx_word' id='word_1_487' title='bbox 2798 2201 2984 2242; x_wconf 89' lang='lat' dir='ltr'><strong>secum</strong></span> <span class='ocrx_word' id='word_1_488' title='bbox 3023 2196 3282 2259; x_wconf 85' lang='lat' dir='ltr'><strong>reputans</strong></span> <span class='ocrx_word' id='word_1_489' title='bbox 3334 2189 3462 2243; x_wconf 91' lang='lat' dir='ltr'><strong>uni-</strong></span> 
     </span>
    </p>
   </div>
   <div class='ocr_carea' id='block_1_67' title="bbox 1878 2272 3466 2353">
    <p class='ocr_par' dir='ltr' id='par_1_67' title="bbox 1878 2272 3466 2353">
     <span class='ocr_line' id='line_1_67' title="bbox 1878 2272 3466 2353; baseline 0.002 -17"><span class='ocrx_word' id='word_1_490' title='bbox 1878 2298 2163 2338; x_wconf 91' lang='lat' dir='ltr'><strong>versorum</strong></span> <span class='ocrx_word' id='word_1_491' title='bbox 2188 2281 2357 2337; x_wconf 92' lang='lat' dir='ltr'><strong>Deum</strong></span> <span class='ocrx_word' id='word_1_492' title='bbox 2384 2272 2526 2347; x_wconf 85' lang='lat' dir='ltr'><strong>esse,</strong></span> <span class='ocrx_word' id='word_1_493' title='bbox 2556 2282 2649 2353; x_wconf 89' lang='lat' dir='ltr'><strong>qui</strong></span> <span class='ocrx_word' id='word_1_494' title='bbox 2680 2282 2779 2352; x_wconf 88' lang='lat' dir='ltr'><strong>ipsi</strong></span> <span class='ocrx_word' id='word_1_495' title='bbox 2808 2293 2862 2338; x_wconf 90' lang='lat' dir='ltr'><strong>et</strong></span> <span class='ocrx_word' id='word_1_496' title='bbox 2884 2282 3140 2339; x_wconf 86' lang='lat' dir='ltr'><strong>Israelem</strong></span> <span class='ocrx_word' id='word_1_497' title='bbox 3171 2292 3226 2340; x_wconf 88' lang='lat' dir='ltr'><strong>et</strong></span> <span class='ocrx_word' id='word_1_498' title='bbox 3246 2282 3466 2350; x_wconf 76' lang='lat' dir='ltr'><strong>.Iudam,</strong></span> 
     </span>
    </p>
   </div>
   <div class='ocr_carea' id='block_1_68' title="bbox 1881 2371 3467 2445">
    <p class='ocr_par' dir='ltr' id='par_1_68' title="bbox 1881 2371 3467 2445">
     <span class='ocr_line' id='line_1_68' title="bbox 1881 2371 3467 2445; baseline 0.003 -18"><span class='ocrx_word' id='word_1_499' title='bbox 1881 2384 1935 2428; x_wconf 91' lang='lat' dir='ltr'><strong>et</strong></span> <span class='ocrx_word' id='word_1_500' title='bbox 1964 2388 2156 2427; x_wconf 90' lang='lat' dir='ltr'><strong>omnes</strong></span> <span class='ocrx_word' id='word_1_501' title='bbox 2184 2371 2318 2426; x_wconf 92' lang='lat' dir='ltr'><strong>alios</strong></span> <span class='ocrx_word' id='word_1_502' title='bbox 2365 2372 2632 2443; x_wconf 84' lang='lat' dir='ltr'><strong>supplicio</strong></span> <span class='ocrx_word' id='word_1_503' title='bbox 2684 2373 2875 2445; x_wconf 88' lang='lat' dir='ltr'><strong>dignos</strong></span> <span class='ocrx_word' id='word_1_504' title='bbox 2916 2375 3256 2443; x_wconf 88' lang='lat' dir='ltr'><strong>tradiderat;</strong></span> <span class='ocrx_word' id='word_1_505' title='bbox 3295 2375 3467 2431; x_wconf 72' lang='lat' dir='ltr'><strong>altum</strong></span> 
     </span>
    </p>
   </div>
   <div class='ocr_carea' id='block_1_69' title="bbox 1882 2462 3461 2532">
    <p class='ocr_par' dir='ltr' id='par_1_69' title="bbox 1882 2462 3461 2532">
     <span class='ocr_line' id='line_1_69' title="bbox 1882 2462 3461 2532; baseline 0.001 -15"><span class='ocrx_word' id='word_1_506' title='bbox 1882 2464 2151 2532; x_wconf 85' lang='lat' dir='ltr'><strong>sapiebat,</strong></span> <span class='ocrx_word' id='word_1_507' title='bbox 2171 2462 2444 2532; x_wconf 84' lang='lat' dir='ltr'><strong>cogitans,</strong></span> <span class='ocrx_word' id='word_1_508' title='bbox 2474 2471 2531 2516; x_wconf 93' lang='lat' dir='ltr'><strong>et</strong></span> <span class='ocrx_word' id='word_1_509' title='bbox 2561 2462 2628 2517; x_wconf 89' lang='lat' dir='ltr'><strong>ad</strong></span> <span class='ocrx_word' id='word_1_510' title='bbox 2665 2463 2907 2532; x_wconf 86' lang='lat' dir='ltr'><strong>seipsum</strong></span> <span class='ocrx_word' id='word_1_511' title='bbox 2932 2463 3140 2528; x_wconf 88' lang='lat' dir='ltr'><strong>dicens,</strong></span> <span class='ocrx_word' id='word_1_512' title='bbox 3164 2466 3461 2520; x_wconf 89' lang='lat' dir='ltr'><strong>secundum</strong></span> 
     </span>
    </p>
   </div>
   <div class='ocr_carea' id='block_1_70' title="bbox 1884 2542 3262 2623">
    <p class='ocr_par' dir='ltr' id='par_1_70' title="bbox 1884 2542 3262 2623">
     <span class='ocr_line' id='line_1_70' title="bbox 1884 2542 3262 2623; baseline -0.001 -14"><span class='ocrx_word' id='word_1_513' title='bbox 1884 2542 2293 2623; x_wconf 76' lang='lat' dir='ltr'><strong>Symmachum,</strong></span> <span class='ocrx_word' id='word_1_514' title='bbox 2337 2570 2356 2604; x_wconf 75' lang='grc' dir='ltr'><strong>ι</strong></span> <span class='ocrx_word' id='word_1_515' title='bbox 2389 2549 2446 2605; x_wconf 85' lang='lat' dir='ltr'><strong>In</strong></span> <span class='ocrx_word' id='word_1_516' title='bbox 2471 2552 2675 2608; x_wconf 90' lang='lat' dir='ltr'><strong>virtute</strong></span> <span class='ocrx_word' id='word_1_517' title='bbox 2708 2567 2902 2608; x_wconf 90' lang='lat' dir='ltr'><strong>manus</strong></span> <span class='ocrx_word' id='word_1_518' title='bbox 2928 2552 3054 2619; x_wconf 90' lang='lat' dir='ltr'><strong>feci,</strong></span> <span class='ocrx_word' id='word_1_519' title='bbox 3095 2572 3115 2606; x_wconf 76' lang='grc' dir='ltr'><strong>ι</strong></span> <span class='ocrx_word' id='word_1_520' title='bbox 3150 2562 3262 2609; x_wconf 90' lang='lat' dir='ltr'><strong>etc.</strong></span> 
     </span>
    </p>
   </div>
   <div class='ocr_carea' id='block_1_71' title="bbox 1954 2643 3467 2719">
    <p class='ocr_par' dir='ltr' id='par_1_71' title="bbox 1954 2643 3467 2719">
     <span class='ocr_line' id='line_1_71' title="bbox 1954 2643 3467 2719; baseline 0.002 -21"><span class='ocrx_word' id='word_1_521' title='bbox 1954 2644 2118 2700; x_wconf 78' lang='lat' dir='ltr'><strong>Vens.</strong></span> <span class='ocrx_word' id='word_1_522' title='bbox 2149 2643 2337 2698; x_wconf 72' lang='grc'><strong>14-16.</strong></span> <span class='ocrx_word' id='word_1_523' title='bbox 2387 2662 2406 2695; x_wconf 75' lang='grc' dir='ltr'><strong>ι</strong></span> <span class='ocrx_word' id='word_1_524' title='bbox 2445 2644 2509 2697; x_wconf 88' lang='grc' dir='ltr'>Ει</span> <span class='ocrx_word' id='word_1_525' title='bbox 2557 2645 2915 2699; x_wconf 81' lang='lat' dir='ltr'><strong>commovebo</strong></span> <span class='ocrx_word' id='word_1_526' title='bbox 2948 2645 3112 2719; x_wconf 87' lang='lat' dir='ltr'><strong>urbes</strong></span> <span class='ocrx_word' id='word_1_527' title='bbox 3146 2645 3419 2701; x_wconf 86' lang='lat' dir='ltr'><strong>habitatas</strong></span> <span class='ocrx_word' id='word_1_528' title='bbox 3449 2687 3467 2712; x_wconf 95' lang='lat'><strong>,</strong></span> 
     </span>
    </p>
   </div>
   <div class='ocr_carea' id='block_1_72' title="bbox 1883 2736 3469 2808">
    <p class='ocr_par' dir='ltr' id='par_1_72' title="bbox 1883 2736 3469 2808">
     <span class='ocr_line' id='line_1_72' title="bbox 1883 2736 3469 2808; baseline -0.001 -15"><span class='ocrx_word' id='word_1_529' title='bbox 1883 2748 1939 2793; x_wconf 92' lang='lat' dir='ltr'><strong>et</strong></span> <span class='ocrx_word' id='word_1_530' title='bbox 1964 2737 2285 2791; x_wconf 86' lang='lat' dir='ltr'><strong>universqu</strong></span> <span class='ocrx_word' id='word_1_531' title='bbox 2312 2738 2497 2791; x_wconf 89' lang='lat' dir='ltr'><strong>orbem</strong></span> <span class='ocrx_word' id='word_1_532' title='bbox 2522 2736 2981 2805; x_wconf 88' lang='lat' dir='ltr'><strong>comprehendam</strong></span> <span class='ocrx_word' id='word_1_533' title='bbox 3014 2752 3176 2792; x_wconf 86' lang='lat' dir='ltr'><strong>manu</strong></span> <span class='ocrx_word' id='word_1_534' title='bbox 3207 2738 3360 2808; x_wconf 87' lang='lat' dir='ltr'><strong>quasi</strong></span> <span class='ocrx_word' id='word_1_535' title='bbox 3388 2740 3469 2792; x_wconf 90' lang='lat' dir='ltr'><strong>ni-</strong></span> 
     </span>
    </p>
   </div>
   <div class='ocr_carea' id='block_1_73' title="bbox 1887 2825 3470 2898">
    <p class='ocr_par' dir='ltr' id='par_1_73' title="bbox 1887 2825 3470 2898">
     <span class='ocr_line' id='line_1_73' title="bbox 1887 2825 3470 2898; baseline 0.001 -17"><span class='ocrx_word' id='word_1_536' title='bbox 1887 2827 2035 2890; x_wconf 79' lang='lat' dir='ltr'><strong>dum,</strong></span> <span class='ocrx_word' id='word_1_537' title='bbox 2060 2825 2286 2896; x_wconf 86' lang='lat' dir='ltr'><strong>etqnasi</strong></span> <span class='ocrx_word' id='word_1_538' title='bbox 2315 2840 2417 2881; x_wconf 91' lang='lat' dir='ltr'><strong>ova</strong></span> <span class='ocrx_word' id='word_1_539' title='bbox 2446 2825 2705 2881; x_wconf 91' lang='lat' dir='ltr'><strong>derelicta</strong></span> <span class='ocrx_word' id='word_1_540' title='bbox 2730 2825 2971 2880; x_wconf 88' lang='lat' dir='ltr'><strong>auferam</strong></span> <span class='ocrx_word' id='word_1_541' title='bbox 3004 2841 3019 2878; x_wconf 92' lang='lat'><strong>:</strong></span> <span class='ocrx_word' id='word_1_542' title='bbox 3054 2836 3108 2881; x_wconf 92' lang='lat' dir='ltr'><strong>et</strong></span> <span class='ocrx_word' id='word_1_543' title='bbox 3136 2842 3243 2883; x_wconf 92' lang='lat' dir='ltr'><strong>non</strong></span> <span class='ocrx_word' id='word_1_544' title='bbox 3272 2834 3357 2882; x_wconf 92' lang='lat' dir='ltr'><strong>est</strong></span> <span class='ocrx_word' id='word_1_545' title='bbox 3377 2829 3470 2898; x_wconf 87' lang='lat' dir='ltr'><strong>qui</strong></span> 
     </span>
    </p>
   </div>
   <div class='ocr_carea' id='block_1_74' title="bbox 1888 2917 3474 2991">
    <p class='ocr_par' dir='ltr' id='par_1_74' title="bbox 1888 2917 3474 2991">
     <span class='ocr_line' id='line_1_74' title="bbox 1888 2917 3474 2991; baseline 0 -16"><span class='ocrx_word' id='word_1_546' title='bbox 1888 2919 2112 2990; x_wconf 79' lang='lat' dir='ltr'><strong>cﬂ&#39;ugiat</strong></span> <span class='ocrx_word' id='word_1_547' title='bbox 2139 2935 2248 2983; x_wconf 90' lang='lat' dir='ltr'><strong>me,</strong></span> <span class='ocrx_word' id='word_1_548' title='bbox 2280 2928 2375 2972; x_wconf 86' lang='lat' dir='ltr'><strong>aut</strong></span> <span class='ocrx_word' id='word_1_549' title='bbox 2398 2918 2739 2973; x_wconf 85' lang='lat' dir='ltr'><strong>contradicat</strong></span> <span class='ocrx_word' id='word_1_550' title='bbox 2794 2918 2948 2973; x_wconf 89' lang='lat' dir='ltr'><strong>mihi.</strong></span> <span class='ocrx_word' id='word_1_551' title='bbox 2984 2917 3238 2990; x_wconf 87' lang='lat' dir='ltr'><strong>Nunquid</strong></span> <span class='ocrx_word' id='word_1_552' title='bbox 3271 2918 3474 2991; x_wconf 84' lang='lat' dir='ltr'><strong>gloria-</strong></span> 
     </span>
    </p>
   </div>
   <div class='ocr_carea' id='block_1_75' title="bbox 1888 3011 3474 3081">
    <p class='ocr_par' dir='ltr' id='par_1_75' title="bbox 1888 3011 3474 3081">
     <span class='ocr_line' id='line_1_75' title="bbox 1888 3011 3474 3081; baseline 0 -13"><span class='ocrx_word' id='word_1_553' title='bbox 1888 3013 2031 3068; x_wconf 90' lang='lat' dir='ltr'><strong>bitur</strong></span> <span class='ocrx_word' id='word_1_554' title='bbox 2063 3013 2273 3068; x_wconf 88' lang='lat' dir='ltr'><strong>securis</strong></span> <span class='ocrx_word' id='word_1_555' title='bbox 2314 3012 2433 3067; x_wconf 89' lang='lat' dir='ltr'><strong>sine</strong></span> <span class='ocrx_word' id='word_1_556' title='bbox 2462 3011 2742 3067; x_wconf 58' lang='lat' dir='ltr'><strong>cadente?</strong></span> <span class='ocrx_word' id='word_1_557' title='bbox 2784 3023 2878 3066; x_wconf 91' lang='lat' dir='ltr'><strong>aut</strong></span> <span class='ocrx_word' id='word_1_558' title='bbox 2921 3012 3249 3067; x_wconf 82' lang='lat' dir='ltr'><strong>exaltabitur</strong></span> <span class='ocrx_word' id='word_1_559' title='bbox 3295 3028 3474 3081; x_wconf 86' lang='lat' dir='ltr'><strong>serra,</strong></span> 
     </span>
    </p>
   </div>
   <div class='ocr_carea' id='block_1_76' title="bbox 1890 3103 3473 3174">
    <p class='ocr_par' dir='ltr' id='par_1_76' title="bbox 1890 3103 3473 3174">
     <span class='ocr_line' id='line_1_76' title="bbox 1890 3103 3473 3174; baseline -0.001 -14"><span class='ocrx_word' id='word_1_560' title='bbox 1890 3106 2007 3160; x_wconf 76' lang='lat' dir='ltr'><strong>sine</strong></span> <span class='ocrx_word' id='word_1_561' title='bbox 2036 3104 2286 3159; x_wconf 86' lang='lat' dir='ltr'><strong>trahente</strong></span> <span class='ocrx_word' id='word_1_562' title='bbox 2316 3103 2482 3171; x_wconf 90' lang='lat' dir='ltr'><strong>illam,</strong></span> <span class='ocrx_word' id='word_1_563' title='bbox 2519 3113 2578 3157; x_wconf 92' lang='lat' dir='ltr'><strong>ut</strong></span> <span class='ocrx_word' id='word_1_564' title='bbox 2630 3105 2751 3174; x_wconf 87' lang='lat' dir='ltr'><strong>quis</strong></span> <span class='ocrx_word' id='word_1_565' title='bbox 2782 3103 2973 3159; x_wconf 74' lang='lat' dir='ltr'><strong>eﬂcrat</strong></span> <span class='ocrx_word' id='word_1_566' title='bbox 3030 3105 3237 3174; x_wconf 84' lang='lat' dir='ltr'><strong>virgam</strong></span> <span class='ocrx_word' id='word_1_567' title='bbox 3271 3115 3365 3159; x_wconf 90' lang='lat' dir='ltr'><strong>aut</strong></span> <span class='ocrx_word' id='word_1_568' title='bbox 3405 3105 3473 3159; x_wconf 84' lang='lat' dir='ltr'><strong>li-</strong></span> 
     </span>
    </p>
   </div>
   <div class='ocr_carea' id='block_1_77' title="bbox 1891 3194 3476 3268">
    <p class='ocr_par' dir='ltr' id='par_1_77' title="bbox 1891 3194 3476 3268">
     <span class='ocr_line' id='line_1_77' title="bbox 1891 3194 3476 3268; baseline 0 -18"><span class='ocrx_word' id='word_1_569' title='bbox 1891 3196 2103 3268; x_wconf 75' lang='lat' dir='ltr'><strong>gnum?</strong></span> <span class='ocrx_word' id='word_1_570' title='bbox 2140 3198 2211 3249; x_wconf 85' lang='lat' dir='ltr'><strong>At</strong></span> <span class='ocrx_word' id='word_1_571' title='bbox 2242 3211 2346 3250; x_wconf 91' lang='lat' dir='ltr'><strong>non</strong></span> <span class='ocrx_word' id='word_1_572' title='bbox 2386 3195 2486 3262; x_wconf 90' lang='lat' dir='ltr'><strong>sic,</strong></span> <span class='ocrx_word' id='word_1_573' title='bbox 2518 3195 2610 3249; x_wconf 90' lang='lat' dir='ltr'><strong>sed</strong></span> <span class='ocrx_word' id='word_1_574' title='bbox 2642 3195 2821 3249; x_wconf 85' lang='lat' dir='ltr'><strong>mittet</strong></span> <span class='ocrx_word' id='word_1_575' title='bbox 2861 3196 3120 3250; x_wconf 91' lang='lat' dir='ltr'><strong>Dominus</strong></span> <span class='ocrx_word' id='word_1_576' title='bbox 3155 3194 3395 3250; x_wconf 85' lang='lat' dir='ltr'><strong>Sabaoth</strong></span> <span class='ocrx_word' id='word_1_577' title='bbox 3421 3196 3476 3251; x_wconf 89' lang='lat' dir='ltr'><strong>in</strong></span> 
     </span>
    </p>
   </div>
   <div class='ocr_carea' id='block_1_78' title="bbox 1894 3285 3481 3359">
    <p class='ocr_par' dir='ltr' id='par_1_78' title="bbox 1894 3285 3481 3359">
     <span class='ocr_line' id='line_1_78' title="bbox 1894 3285 3481 3359; baseline -0.001 -14"><span class='ocrx_word' id='word_1_578' title='bbox 1894 3293 2155 3346; x_wconf 77' lang='lat' dir='ltr'><strong>honorem</strong></span> <span class='ocrx_word' id='word_1_579' title='bbox 2181 3298 2330 3343; x_wconf 90' lang='lat' dir='ltr'><strong>tuam</strong></span> <span class='ocrx_word' id='word_1_580' title='bbox 2359 3289 2734 3358; x_wconf 78' lang='lat' dir='ltr'><strong>ignominiam,</strong></span> <span class='ocrx_word' id='word_1_581' title='bbox 2758 3289 2887 3342; x_wconf 86' lang='lat' dir='ltr'><strong>etin</strong></span> <span class='ocrx_word' id='word_1_582' title='bbox 2912 3288 3139 3359; x_wconf 75' lang='lat' dir='ltr'><strong>gloriam</strong></span> <span class='ocrx_word' id='word_1_583' title='bbox 3161 3297 3309 3341; x_wconf 91' lang='lat' dir='ltr'><strong>tuum</strong></span> <span class='ocrx_word' id='word_1_584' title='bbox 3340 3285 3481 3358; x_wconf 82' lang='lat' dir='ltr'><strong>ignis</strong></span> 
     </span>
    </p>
   </div>
   <div class='ocr_carea' id='block_1_79' title="bbox 1893 3379 3481 3449">
    <p class='ocr_par' dir='ltr' id='par_1_79' title="bbox 1893 3379 3481 3449">
     <span class='ocr_line' id='line_1_79' title="bbox 1893 3379 3481 3449; baseline -0.003 -13"><span class='ocrx_word' id='word_1_585' title='bbox 1893 3383 2217 3436; x_wconf 87' lang='lat' dir='ltr'><strong>comburens</strong></span> <span class='ocrx_word' id='word_1_586' title='bbox 2246 3380 2593 3435; x_wconf 91' lang='lat' dir='ltr'><strong>accendetur.</strong></span> <span class='ocrx_word' id='word_1_587' title='bbox 2631 3398 2650 3431; x_wconf 73' lang='grc' dir='ltr'><strong>ι</strong></span> <span class='ocrx_word' id='word_1_588' title='bbox 2682 3380 2761 3432; x_wconf 86' lang='lat' dir='ltr'><strong>Ad</strong></span> <span class='ocrx_word' id='word_1_589' title='bbox 2796 3380 2936 3435; x_wconf 84' lang='lat' dir='ltr'><strong>hanc</strong></span> <span class='ocrx_word' id='word_1_590' title='bbox 2963 3379 3249 3447; x_wconf 85' lang='lat' dir='ltr'><strong>superbam</strong></span> <span class='ocrx_word' id='word_1_591' title='bbox 3269 3382 3481 3449; x_wconf 80' lang='lat' dir='ltr'><strong>cogita-</strong></span> 
     </span>
    </p>
   </div>
   <div class='ocr_carea' id='block_1_80' title="bbox 1892 3468 3480 3539">
    <p class='ocr_par' dir='ltr' id='par_1_80' title="bbox 1892 3468 3480 3539">
     <span class='ocr_line' id='line_1_80' title="bbox 1892 3468 3480 3539; baseline -0.001 -13"><span class='ocrx_word' id='word_1_592' title='bbox 1892 3472 2133 3538; x_wconf 85' lang='lat' dir='ltr'><strong>tionem;</strong></span> <span class='ocrx_word' id='word_1_593' title='bbox 2187 3471 2300 3525; x_wconf 86' lang='lat' dir='ltr'><strong>sive</strong></span> <span class='ocrx_word' id='word_1_594' title='bbox 2351 3485 2413 3527; x_wconf 89' lang='lat' dir='ltr'><strong>ea</strong></span> <span class='ocrx_word' id='word_1_595' title='bbox 2473 3468 2756 3537; x_wconf 88' lang='lat' dir='ltr'><strong>cujusdam</strong></span> <span class='ocrx_word' id='word_1_596' title='bbox 2804 3469 3132 3524; x_wconf 75' lang='lat' dir='ltr'><strong>adversaria:</strong></span> <span class='ocrx_word' id='word_1_597' title='bbox 3193 3471 3480 3539; x_wconf 75' lang='lat' dir='ltr'><strong>potestatis</strong></span> 
     </span>
    </p>
   </div>
   <div class='ocr_carea' id='block_1_81' title="bbox 1896 3560 3479 3631">
    <p class='ocr_par' dir='ltr' id='par_1_81' title="bbox 1896 3560 3479 3631">
     <span class='ocr_line' id='line_1_81' title="bbox 1896 3560 3479 3631; baseline -0.001 -16"><span class='ocrx_word' id='word_1_598' title='bbox 1896 3560 2081 3628; x_wconf 85' lang='lat' dir='ltr'><strong>fuerit,</strong></span> <span class='ocrx_word' id='word_1_599' title='bbox 2101 3561 2279 3631; x_wconf 87' lang='lat' dir='ltr'><strong>quaiis</strong></span> <span class='ocrx_word' id='word_1_600' title='bbox 2303 3569 2421 3616; x_wconf 86' lang='lat' dir='ltr'><strong>erat</strong></span> <span class='ocrx_word' id='word_1_601' title='bbox 2450 3561 2704 3631; x_wconf 86' lang='lat' dir='ltr'><strong>princeps</strong></span> <span class='ocrx_word' id='word_1_602' title='bbox 2728 3562 2878 3630; x_wconf 86' lang='lat' dir='ltr'><strong>regni</strong></span> <span class='ocrx_word' id='word_1_603' title='bbox 2908 3560 3224 3623; x_wconf 89' lang='lat' dir='ltr'><strong>Persarum,</strong></span> <span class='ocrx_word' id='word_1_604' title='bbox 3253 3568 3307 3613; x_wconf 87' lang='lat' dir='ltr'><strong>et</strong></span> <span class='ocrx_word' id='word_1_605' title='bbox 3330 3562 3479 3629; x_wconf 84' lang='lat' dir='ltr'><strong>prin-</strong></span> 
     </span>
    </p>
   </div>
   <div class='ocr_carea' id='block_1_82' title="bbox 1896 3649 3468 3727">
    <p class='ocr_par' dir='ltr' id='par_1_82' title="bbox 1896 3649 3468 3727">
     <span class='ocr_line' id='line_1_82' title="bbox 1896 3649 3468 3727; baseline -0.003 -18"><span class='ocrx_word' id='word_1_606' title='bbox 1896 3668 2027 3724; x_wconf 89' lang='lat' dir='ltr'><strong>ceps</strong></span> <span class='ocrx_word' id='word_1_607' title='bbox 2055 3653 2205 3724; x_wconf 84' lang='lat' dir='ltr'><strong>regni</strong></span> <span class='ocrx_word' id='word_1_608' title='bbox 2237 3653 2542 3720; x_wconf 85' lang='lat' dir='ltr'><strong>Medorum,</strong></span> <span class='ocrx_word' id='word_1_609' title='bbox 2572 3664 2627 3708; x_wconf 91' lang='lat' dir='ltr'><strong>et</strong></span> <span class='ocrx_word' id='word_1_610' title='bbox 2655 3653 2907 3722; x_wconf 85' lang='lat' dir='ltr'><strong>princeps</strong></span> <span class='ocrx_word' id='word_1_611' title='bbox 2930 3649 3083 3721; x_wconf 84' lang='lat' dir='ltr'><strong>regni</strong></span> <span class='ocrx_word' id='word_1_612' title='bbox 3110 3649 3424 3727; x_wconf 68' lang='lat' dir='ltr'><strong>Graecorum</strong></span> <span class='ocrx_word' id='word_1_613' title='bbox 3452 3666 3468 3704; x_wconf 91' lang='lat'>:</span> 
     </span>
    </p>
   </div>
   <div class='ocr_carea' id='block_1_83' title="bbox 1896 3742 3479 3816">
    <p class='ocr_par' dir='ltr' id='par_1_83' title="bbox 1896 3742 3479 3816">
     <span class='ocr_line' id='line_1_83' title="bbox 1896 3742 3479 3816; baseline -0.003 -15"><span class='ocrx_word' id='word_1_614' title='bbox 1896 3746 1975 3802; x_wconf 88' lang='lat' dir='ltr'><strong>sic</strong></span> <span class='ocrx_word' id='word_1_615' title='bbox 2008 3747 2155 3799; x_wconf 91' lang='lat' dir='ltr'><strong>enim</strong></span> <span class='ocrx_word' id='word_1_616' title='bbox 2214 3746 2488 3816; x_wconf 90' lang='lat' dir='ltr'><strong>quispiam</strong></span> <span class='ocrx_word' id='word_1_617' title='bbox 2549 3745 2752 3800; x_wconf 84' lang='lat' dir='ltr'><strong>dixerit</strong></span> <span class='ocrx_word' id='word_1_618' title='bbox 2816 3756 2939 3798; x_wconf 88' lang='lat' dir='ltr'><strong>esse</strong></span> <span class='ocrx_word' id='word_1_619' title='bbox 2990 3742 3291 3813; x_wconf 83' lang='lat' dir='ltr'><strong>principem</strong></span> <span class='ocrx_word' id='word_1_620' title='bbox 3326 3742 3479 3812; x_wconf 86' lang='lat' dir='ltr'><strong>regni</strong></span> 
     </span>
    </p>
   </div>
   <div class='ocr_carea' id='block_1_84' title="bbox 1896 3828 3476 3907">
    <p class='ocr_par' dir='ltr' id='par_1_84' title="bbox 1896 3828 3476 3907">
     <span class='ocr_line' id='line_1_84' title="bbox 1896 3828 3476 3907; baseline -0.001 -16"><span class='ocrx_word' id='word_1_621' title='bbox 1896 3836 2267 3907; x_wconf 83' lang='lat' dir='ltr'><strong>Assyriorum,</strong></span> <span class='ocrx_word' id='word_1_622' title='bbox 2303 3844 2627 3904; x_wconf 84' lang='lat' dir='ltr'><strong>arroganter</strong></span> <span class='ocrx_word' id='word_1_623' title='bbox 2654 3844 2928 3906; x_wconf 88' lang='lat' dir='ltr'><strong>agentem,</strong></span> <span class='ocrx_word' id='word_1_624' title='bbox 2976 3828 3148 3903; x_wconf 76' lang='lat' dir='ltr'><strong>atque</strong></span> <span class='ocrx_word' id='word_1_625' title='bbox 3184 3832 3283 3888; x_wconf 89' lang='lat' dir='ltr'><strong>has</strong></span> <span class='ocrx_word' id='word_1_626' title='bbox 3311 3847 3476 3889; x_wconf 85' lang='lat' dir='ltr'><strong>voces</strong></span> 
     </span>
    </p>
   </div>
   <div class='ocr_carea' id='block_1_85' title="bbox 1897 3925 3479 3998">
    <p class='ocr_par' dir='ltr' id='par_1_85' title="bbox 1897 3925 3479 3998">
     <span class='ocr_line' id='line_1_85' title="bbox 1897 3925 3479 3998; baseline -0.003 -15"><span class='ocrx_word' id='word_1_627' title='bbox 1897 3930 2234 3983; x_wconf 89' lang='lat' dir='ltr'><strong>emittentem</strong></span> <span class='ocrx_word' id='word_1_628' title='bbox 2265 3943 2281 3993; x_wconf 91' lang='lat'><strong>;</strong></span> <span class='ocrx_word' id='word_1_629' title='bbox 2325 3927 2443 3982; x_wconf 84' lang='lat' dir='ltr'><strong>sive</strong></span> <span class='ocrx_word' id='word_1_630' title='bbox 2476 3926 2541 3980; x_wconf 91' lang='lat' dir='ltr'><strong>ad</strong></span> <span class='ocrx_word' id='word_1_631' title='bbox 2572 3927 2737 3991; x_wconf 90' lang='lat' dir='ltr'><strong>hunc,</strong></span> <span class='ocrx_word' id='word_1_632' title='bbox 2764 3926 3009 3995; x_wconf 89' lang='lat' dir='ltr'><strong>inquam,</strong></span> <span class='ocrx_word' id='word_1_633' title='bbox 3043 3927 3162 3980; x_wconf 88' lang='lat' dir='ltr'><strong>sive</strong></span> <span class='ocrx_word' id='word_1_634' title='bbox 3198 3925 3264 3980; x_wconf 89' lang='lat' dir='ltr'><strong>ad</strong></span> <span class='ocrx_word' id='word_1_635' title='bbox 3296 3941 3479 3998; x_wconf 82' lang='lat' dir='ltr'><strong>regem</strong></span> 
     </span>
    </p>
   </div>
   <div class='ocr_carea' id='block_1_86' title="bbox 1898 4017 3480 4092">
    <p class='ocr_par' dir='ltr' id='par_1_86' title="bbox 1898 4017 3480 4092">
     <span class='ocr_line' id='line_1_86' title="bbox 1898 4017 3480 4092; baseline -0.003 -17"><span class='ocrx_word' id='word_1_636' title='bbox 1898 4018 2341 4092; x_wconf 88' lang='lat' dir='ltr'><strong>Babyloniorum,</strong></span> <span class='ocrx_word' id='word_1_637' title='bbox 2381 4019 2474 4090; x_wconf 91' lang='lat' dir='ltr'><strong>qui</strong></span> <span class='ocrx_word' id='word_1_638' title='bbox 2510 4018 2943 4089; x_wconf 82' lang='lat' dir='ltr'><strong>Hierosolymam</strong></span> <span class='ocrx_word' id='word_1_639' title='bbox 2986 4017 3222 4083; x_wconf 87' lang='lat' dir='ltr'><strong>obsedit,</strong></span> <span class='ocrx_word' id='word_1_640' title='bbox 3251 4027 3307 4073; x_wconf 92' lang='lat' dir='ltr'><strong>et</strong></span> <span class='ocrx_word' id='word_1_641' title='bbox 3348 4029 3480 4074; x_wconf 88' lang='lat' dir='ltr'><strong>tem-</strong></span> 
     </span>
    </p>
   </div>
   <div class='ocr_carea' id='block_1_87' title="bbox 1899 4108 3484 4185">
    <p class='ocr_par' dir='ltr' id='par_1_87' title="bbox 1899 4108 3484 4185">
     <span class='ocr_line' id='line_1_87' title="bbox 1899 4108 3484 4185; baseline -0.002 -17"><span class='ocrx_word' id='word_1_642' title='bbox 1899 4115 2048 4185; x_wconf 87' lang='lat' dir='ltr'><strong>plum</strong></span> <span class='ocrx_word' id='word_1_643' title='bbox 2085 4113 2350 4179; x_wconf 87' lang='lat' dir='ltr'><strong>incendit,</strong></span> <span class='ocrx_word' id='word_1_644' title='bbox 2380 4121 2435 4167; x_wconf 90' lang='lat' dir='ltr'><strong>et</strong></span> <span class='ocrx_word' id='word_1_645' title='bbox 2463 4112 2646 4168; x_wconf 89' lang='lat' dir='ltr'><strong>omnia</strong></span> <span class='ocrx_word' id='word_1_646' title='bbox 2679 4125 2834 4166; x_wconf 90' lang='lat' dir='ltr'><strong>sacra</strong></span> <span class='ocrx_word' id='word_1_647' title='bbox 2862 4125 2988 4165; x_wconf 89' lang='lat' dir='ltr'><strong>vasa</strong></span> <span class='ocrx_word' id='word_1_648' title='bbox 3021 4110 3138 4182; x_wconf 87' lang='lat' dir='ltr'><strong>ejus</strong></span> <span class='ocrx_word' id='word_1_649' title='bbox 3168 4119 3223 4165; x_wconf 86' lang='lat' dir='ltr'><strong>et</strong></span> <span class='ocrx_word' id='word_1_650' title='bbox 3257 4108 3484 4167; x_wconf 86' lang='lat' dir='ltr'><strong>donaria</strong></span> 
     </span>
    </p>
   </div>
   <div class='ocr_carea' id='block_1_88' title="bbox 1903 4203 3487 4275">
    <p class='ocr_par' dir='ltr' id='par_1_88' title="bbox 1903 4203 3487 4275">
     <span class='ocr_line' id='line_1_88' title="bbox 1903 4203 3487 4275; baseline -0.003 -15"><span class='ocrx_word' id='word_1_651' title='bbox 1903 4205 2150 4272; x_wconf 90' lang='lat' dir='ltr'><strong>abstulit,</strong></span> <span class='ocrx_word' id='word_1_652' title='bbox 2182 4222 2248 4262; x_wconf 88' lang='lat' dir='ltr'><strong>ac</strong></span> <span class='ocrx_word' id='word_1_653' title='bbox 2289 4206 2342 4259; x_wconf 90' lang='lat' dir='ltr'><strong>in</strong></span> <span class='ocrx_word' id='word_1_654' title='bbox 2400 4205 2512 4275; x_wconf 86' lang='lat' dir='ltr'><strong>ipsa</strong></span> <span class='ocrx_word' id='word_1_655' title='bbox 2542 4203 2817 4274; x_wconf 85' lang='lat' dir='ltr'><strong>Babylone</strong></span> <span class='ocrx_word' id='word_1_656' title='bbox 2850 4203 3005 4258; x_wconf 88' lang='lat' dir='ltr'><strong>idolis</strong></span> <span class='ocrx_word' id='word_1_657' title='bbox 3045 4204 3158 4258; x_wconf 90' lang='lat' dir='ltr'><strong>suis</strong></span> <span class='ocrx_word' id='word_1_658' title='bbox 3192 4217 3487 4259; x_wconf 84' lang='lat' dir='ltr'><strong>consecra-</strong></span> 
     </span>
    </p>
   </div>
   <div class='ocr_carea' id='block_1_89' title="bbox 1903 4293 3483 4368">
    <p class='ocr_par' dir='ltr' id='par_1_89' title="bbox 1903 4293 3483 4368">
     <span class='ocr_line' id='line_1_89' title="bbox 1903 4293 3483 4368; baseline -0.001 -18"><span class='ocrx_word' id='word_1_659' title='bbox 1903 4298 2017 4363; x_wconf 89' lang='lat' dir='ltr'><strong>vit;</strong></span> <span class='ocrx_word' id='word_1_660' title='bbox 2055 4307 2246 4367; x_wconf 89' lang='lat' dir='ltr'><strong>utpote</strong></span> <span class='ocrx_word' id='word_1_661' title='bbox 2276 4296 2368 4366; x_wconf 88' lang='lat' dir='ltr'><strong>qui</strong></span> <span class='ocrx_word' id='word_1_662' title='bbox 2392 4296 2576 4368; x_wconf 86' lang='lat' dir='ltr'><strong>gravia</strong></span> <span class='ocrx_word' id='word_1_663' title='bbox 2611 4304 2667 4350; x_wconf 91' lang='lat' dir='ltr'><strong>et</strong></span> <span class='ocrx_word' id='word_1_664' title='bbox 2705 4295 2892 4349; x_wconf 88' lang='lat' dir='ltr'><strong>insana</strong></span> <span class='ocrx_word' id='word_1_665' title='bbox 2924 4293 3172 4365; x_wconf 85' lang='lat' dir='ltr'><strong>proferre</strong></span> <span class='ocrx_word' id='word_1_666' title='bbox 3202 4310 3367 4349; x_wconf 89' lang='lat' dir='ltr'><strong>ausus</strong></span> <span class='ocrx_word' id='word_1_667' title='bbox 3389 4308 3483 4348; x_wconf 90' lang='lat' dir='ltr'><strong>es-</strong></span> 
     </span>
    </p>
   </div>
   <div class='ocr_carea' id='block_1_90' title="bbox 1904 4385 3487 4462">
    <p class='ocr_par' dir='ltr' id='par_1_90' title="bbox 1904 4385 3487 4462">
     <span class='ocr_line' id='line_1_90' title="bbox 1904 4385 3487 4462; baseline -0.006 -13"><span class='ocrx_word' id='word_1_668' title='bbox 1904 4403 2008 4457; x_wconf 89' lang='lat' dir='ltr'><strong>set,</strong></span> <span class='ocrx_word' id='word_1_669' title='bbox 2024 4394 2318 4462; x_wconf 88' lang='lat' dir='ltr'><strong>respondet</strong></span> <span class='ocrx_word' id='word_1_670' title='bbox 2337 4387 2691 4461; x_wconf 86' lang='lat' dir='ltr'><strong>propheticus</strong></span> <span class='ocrx_word' id='word_1_671' title='bbox 2707 4402 2886 4442; x_wconf 88' lang='lat' dir='ltr'><strong>sermo</strong></span> <span class='ocrx_word' id='word_1_672' title='bbox 2907 4403 2921 4439; x_wconf 88' lang='lat'><strong>:</strong></span> <span class='ocrx_word' id='word_1_673' title='bbox 2948 4385 3172 4451; x_wconf 90' lang='lat' dir='ltr'><strong>Deinde,</strong></span> <span class='ocrx_word' id='word_1_674' title='bbox 3198 4385 3487 4440; x_wconf 88' lang='lat' dir='ltr'><strong>oonmium</strong></span> 
     </span>
    </p>
   </div>
   <div class='ocr_carea' id='block_1_91' title="bbox 206 4477 1783 4574">
    <p class='ocr_par' dir='ltr' id='par_1_91' title="bbox 206 4477 1783 4574">
     <span class='ocr_line' id='line_1_91' title="bbox 206 4477 1783 4574; baseline -0.01 -11"><span class='ocrx_word' id='word_1_675' title='bbox 206 4526 347 4562; x_wconf 70' lang='grc' dir='ltr'>θεται</span> <span class='ocrx_word' id='word_1_676' title='bbox 380 4502 654 4574; x_wconf 76' lang='grc' dir='ltr'>φάσκωνὸ</span> <span class='ocrx_word' id='word_1_677' title='bbox 676 4477 1012 4573; x_wconf 63' lang='grc' dir='ltr'>προέρητικδς</span> <span class='ocrx_word' id='word_1_678' title='bbox 1033 4477 1211 4567; x_wconf 79' lang='grc' dir='ltr'>λόγος’</span> <span class='ocrx_word' id='word_1_679' title='bbox 1232 4491 1500 4569; x_wconf 79' lang='grc' dir='ltr'>Εϊτα,(1ϐ)</span> <span class='ocrx_word' id='word_1_680' title='bbox 1526 4491 1571 4550; x_wconf 85' lang='grc' dir='ltr'><strong>ῶ</strong></span> <span class='ocrx_word' id='word_1_681' title='bbox 1595 4496 1783 4549; x_wconf 86' lang='grc' dir='ltr'>πάντω</span> 
     </span>
    </p>
   </div>
   <div class='ocr_carea' id='block_1_92' title="bbox 1893 4477 3491 4574">
    <p class='ocr_par' dir='ltr' id='par_1_92' title="bbox 1919 4477 3491 4549">
     <span class='ocr_line' id='line_1_92' title="bbox 1919 4477 3491 4549; baseline -0.005 -8"><span class='ocrx_word' id='word_1_682' title='bbox 1919 4484 2263 4549; x_wconf 82' lang='lat' dir='ltr'><strong>stultissime,</strong></span> <span class='ocrx_word' id='word_1_683' title='bbox 2295 4498 2400 4538; x_wconf 91' lang='lat' dir='ltr'><strong>non</strong></span> <span class='ocrx_word' id='word_1_684' title='bbox 2424 4479 2578 4536; x_wconf 86' lang='lat' dir='ltr'><strong>vides</strong></span> <span class='ocrx_word' id='word_1_685' title='bbox 2594 4495 2701 4535; x_wconf 89' lang='lat' dir='ltr'><strong>non</strong></span> <span class='ocrx_word' id='word_1_686' title='bbox 2715 4493 2878 4549; x_wconf 90' lang='lat' dir='ltr'><strong>posse</strong></span> <span class='ocrx_word' id='word_1_687' title='bbox 2901 4478 3157 4543; x_wconf 87' lang='lat' dir='ltr'><strong>securim,</strong></span> <span class='ocrx_word' id='word_1_688' title='bbox 3192 4477 3342 4532; x_wconf 92' lang='lat' dir='ltr'><strong>nullo</strong></span> <span class='ocrx_word' id='word_1_689' title='bbox 3359 4493 3491 4547; x_wconf 92' lang='lat' dir='ltr'><strong>ope-</strong></span> 
     </span>
    </p>
   </div>
   <div class='ocr_carea' id='block_1_93' title="bbox 198 4588 1799 4670">
    <p class='ocr_par' dir='ltr' id='par_1_93' title="bbox 198 4588 1799 4670">
     <span class='ocr_line' id='line_1_93' title="bbox 198 4588 1799 4670; baseline -0.008 -17"><span class='ocrx_word' id='word_1_690' title='bbox 198 4597 599 4670; x_wconf 76' lang='grc' dir='ltr'>ἀφρονέστατε,</span> <span class='ocrx_word' id='word_1_691' title='bbox 626 4595 688 4647; x_wconf 84' lang='grc' dir='ltr'><strong>ού</strong></span> <span class='ocrx_word' id='word_1_692' title='bbox 713 4593 966 4662; x_wconf 73' lang='grc' dir='ltr'>συνορᾷς,</span> <span class='ocrx_word' id='word_1_693' title='bbox 995 4590 1078 4643; x_wconf 84' lang='grc' dir='ltr'>ὅτι</span> <span class='ocrx_word' id='word_1_694' title='bbox 1106 4588 1233 4643; x_wconf 76' lang='grc' dir='ltr'>οὔτε</span> <span class='ocrx_word' id='word_1_695' title='bbox 1265 4588 1432 4656; x_wconf 86' lang='grc' dir='ltr'>πέλυξ</span> <span class='ocrx_word' id='word_1_696' title='bbox 1454 4588 1645 4641; x_wconf 87' lang='grc' dir='ltr'>ἐαυτόν</span> <span class='ocrx_word' id='word_1_697' title='bbox 1667 4604 1799 4641; x_wconf 87' lang='grc' dir='ltr'>ποτε</span> 
     </span>
    </p>
   </div>
   <div class='ocr_carea' id='block_1_94' title="bbox 200 4679 1799 4761">
    <p class='ocr_par' dir='ltr' id='par_1_94' title="bbox 200 4679 1799 4761">
     <span class='ocr_line' id='line_1_94' title="bbox 200 4679 1799 4761; baseline -0.008 -17"><span class='ocrx_word' id='word_1_698' title='bbox 200 4692 485 4761; x_wconf 81' lang='grc' dir='ltr'>κινήσειεν</span> <span class='ocrx_word' id='word_1_699' title='bbox 518 4688 614 4740; x_wconf 73' lang='grc' dir='ltr'><strong>ἐπὶ</strong></span> <span class='ocrx_word' id='word_1_700' title='bbox 646 4685 824 4757; x_wconf 77' lang='grc' dir='ltr'>κοπήν</span> <span class='ocrx_word' id='word_1_701' title='bbox 864 4682 1043 4748; x_wconf 82' lang='grc' dir='ltr'>ξύλου,</span> <span class='ocrx_word' id='word_1_702' title='bbox 1083 4681 1160 4753; x_wconf 82' lang='grc' dir='ltr'>μὴ</span> <span class='ocrx_word' id='word_1_703' title='bbox 1203 4680 1391 4752; x_wconf 84' lang='grc' dir='ltr'>ἐτέρου</span> <span class='ocrx_word' id='word_1_704' title='bbox 1425 4679 1799 4751; x_wconf 79' lang='grc' dir='ltr'>ἐνεργοῦντος,</span> 
     </span>
    </p>
   </div>
   <div class='ocr_carea' id='block_1_95' title="bbox 203 4770 1800 4852">
    <p class='ocr_par' dir='ltr' id='par_1_95' title="bbox 203 4770 1800 4852">
     <span class='ocr_line' id='line_1_95' title="bbox 203 4770 1800 4852; baseline -0.008 -15"><span class='ocrx_word' id='word_1_705' title='bbox 203 4783 326 4837; x_wconf 70' lang='grc' dir='ltr'>οὔτε</span> <span class='ocrx_word' id='word_1_706' title='bbox 359 4781 542 4852; x_wconf 81' lang='grc' dir='ltr'>πρίων</span> <span class='ocrx_word' id='word_1_707' title='bbox 574 4779 737 4832; x_wconf 90' lang='grc' dir='ltr'>διέλοι</span> <span class='ocrx_word' id='word_1_708' title='bbox 763 4776 829 4830; x_wconf 80' lang='grc' dir='ltr'>ἂν</span> <span class='ocrx_word' id='word_1_709' title='bbox 854 4775 923 4830; x_wconf 85' lang='grc' dir='ltr'><strong>τά</strong></span> <span class='ocrx_word' id='word_1_710' title='bbox 952 4773 1089 4846; x_wconf 81' lang='grc' dir='ltr'>πρὸς</span> <span class='ocrx_word' id='word_1_711' title='bbox 1119 4770 1285 4826; x_wconf 86' lang='grc' dir='ltr'>αὐτοῦ</span> <span class='ocrx_word' id='word_1_712' title='bbox 1326 4772 1652 4844; x_wconf 78' lang='grc' dir='ltr'>πριζόμενα,</span> <span class='ocrx_word' id='word_1_713' title='bbox 1693 4789 1800 4843; x_wconf 84' lang='grc' dir='ltr'><strong>μη-</strong></span> 
     </span>
    </p>
   </div>
   <div class='ocr_carea' id='block_1_96' title="bbox 203 4863 1801 4940">
    <p class='ocr_par' dir='ltr' id='par_1_96' title="bbox 203 4863 1801 4940">
     <span class='ocr_line' id='line_1_96' title="bbox 203 4863 1801 4940; baseline -0.009 -9"><span class='ocrx_word' id='word_1_714' title='bbox 203 4874 354 4940; x_wconf 72' lang='grc' dir='ltr'>δενὸς</span> <span class='ocrx_word' id='word_1_715' title='bbox 391 4875 667 4936; x_wconf 72' lang='grc' dir='ltr'>ἕλκοντος,</span> <span class='ocrx_word' id='word_1_716' title='bbox 720 4867 841 4923; x_wconf 76' lang='grc' dir='ltr'>οὐδὲ</span> <span class='ocrx_word' id='word_1_717' title='bbox 881 4866 1077 4940; x_wconf 77' lang='grc' dir='ltr'>ῥάΰδος</span> <span class='ocrx_word' id='word_1_718' title='bbox 1125 4863 1346 4935; x_wconf 81' lang='grc' dir='ltr'>τύψειεν</span> <span class='ocrx_word' id='word_1_719' title='bbox 1386 4865 1451 4920; x_wconf 80' lang='grc' dir='ltr'>ἄν</span> <span class='ocrx_word' id='word_1_720' title='bbox 1493 4882 1633 4932; x_wconf 89' lang='grc' dir='ltr'>τινα,</span> <span class='ocrx_word' id='word_1_721' title='bbox 1678 4863 1801 4917; x_wconf 84' lang='grc' dir='ltr'><strong>ούδέ</strong></span> 
     </span>
    </p>
   </div>
   <div class='ocr_carea' id='block_1_97' title="bbox 208 4955 1800 5040">
    <p class='ocr_par' dir='ltr' id='par_1_97' title="bbox 208 4955 1800 5040">
     <span class='ocr_line' id='line_1_97' title="bbox 208 4955 1800 5040; baseline -0.008 -18"><span class='ocrx_word' id='word_1_722' title='bbox 208 4969 365 5037; x_wconf 81' lang='grc' dir='ltr'>ξύλον</span> <span class='ocrx_word' id='word_1_723' title='bbox 392 4966 649 5040; x_wconf 83' lang='grc' dir='ltr'>πλήξειεν</span> <span class='ocrx_word' id='word_1_724' title='bbox 678 4961 997 5034; x_wconf 81' lang='grc' dir='ltr'>αὐτομάτως</span> <span class='ocrx_word' id='word_1_725' title='bbox 1030 4957 1181 5013; x_wconf 87' lang='grc' dir='ltr'>κινού</span> <span class='ocrx_word' id='word_1_726' title='bbox 1190 4976 1386 5031; x_wconf 87' lang='grc' dir='ltr'>μενον;</span> <span class='ocrx_word' id='word_1_727' title='bbox 1414 4955 1535 5029; x_wconf 84' lang='grc' dir='ltr'>Χρὴ</span> <span class='ocrx_word' id='word_1_728' title='bbox 1566 4956 1631 5010; x_wconf 84' lang='grc' dir='ltr'><strong>δὲ·</strong></span> <span class='ocrx_word' id='word_1_729' title='bbox 1649 4955 1800 5025; x_wconf 87' lang='grc' dir='ltr'>λογί-</span> 
     </span>
    </p>
   </div>
   <div class='ocr_carea' id='block_1_98' title="bbox 210 5049 1802 5131">
    <p class='ocr_par' dir='ltr' id='par_1_98' title="bbox 210 5049 1802 5131">
     <span class='ocr_line' id='line_1_98' title="bbox 210 5049 1802 5131; baseline -0.011 -12"><span class='ocrx_word' id='word_1_730' title='bbox 210 5066 430 5130; x_wconf 78' lang='grc' dir='ltr'>σασθαι,</span> <span class='ocrx_word' id='word_1_731' title='bbox 459 5063 543 5116; x_wconf 83' lang='grc' dir='ltr'>ὅτι</span> <span class='ocrx_word' id='word_1_732' title='bbox 568 5060 693 5115; x_wconf 72' lang='grc' dir='ltr'>οὔτε</span> <span class='ocrx_word' id='word_1_733' title='bbox 726 5078 808 5114; x_wconf 91' lang='grc' dir='ltr'><strong>σοι</strong></span> <span class='ocrx_word' id='word_1_734' title='bbox 828 5059 1057 5131; x_wconf 86' lang='grc' dir='ltr'>διακόνῳ</span> <span class='ocrx_word' id='word_1_735' title='bbox 1080 5057 1195 5112; x_wconf 75' lang='grc' dir='ltr'>ὄντι</span> <span class='ocrx_word' id='word_1_736' title='bbox 1220 5055 1321 5127; x_wconf 84' lang='grc' dir='ltr'><strong>τῆς</strong></span> <span class='ocrx_word' id='word_1_737' title='bbox 1347 5050 1442 5106; x_wconf 91' lang='grc' dir='ltr'><strong>τοῦ</strong></span> <span class='ocrx_word' id='word_1_738' title='bbox 1466 5049 1602 5105; x_wconf 82' lang='grc' dir='ltr'>Θεοῦ</span> <span class='ocrx_word' id='word_1_739' title='bbox 1632 5050 1802 5123; x_wconf 84' lang='grc' dir='ltr'>ὀργῆς</span> 
     </span>
    </p>
   </div>
   <div class='ocr_carea' id='block_1_99' title="bbox 206 5143 1804 5225">
    <p class='ocr_par' dir='ltr' id='par_1_99' title="bbox 206 5143 1804 5225">
     <span class='ocr_line' id='line_1_99' title="bbox 206 5143 1804 5225; baseline -0.011 -16"><span class='ocrx_word' id='word_1_740' title='bbox 206 5155 447 5225; x_wconf 79' lang='grc' dir='ltr'>τοσαύτη</span> <span class='ocrx_word' id='word_1_741' title='bbox 478 5154 662 5224; x_wconf 82' lang='grc' dir='ltr'>παρῆν</span> <span class='ocrx_word' id='word_1_742' title='bbox 690 5150 940 5224; x_wconf 83' lang='grc' dir='ltr'>δύναμις,</span> <span class='ocrx_word' id='word_1_743' title='bbox 972 5151 1048 5215; x_wconf 85' lang='grc' dir='ltr'><strong>ὡς</strong></span> <span class='ocrx_word' id='word_1_744' title='bbox 1087 5148 1298 5222; x_wconf 85' lang='grc' dir='ltr'>μυρίων</span> <span class='ocrx_word' id='word_1_745' title='bbox 1324 5143 1492 5199; x_wconf 86' lang='grc' dir='ltr'>ἐθνῶν</span> <span class='ocrx_word' id='word_1_746' title='bbox 1525 5156 1804 5209; x_wconf 86' lang='grc' dir='ltr'>κατακρα-</span> 
     </span>
    </p>
   </div>
   <div class='ocr_carea' id='block_1_100' title="bbox 207 5232 1800 5321">
    <p class='ocr_par' dir='ltr' id='par_1_100' title="bbox 207 5232 1800 5321">
     <span class='ocr_line' id='line_1_100' title="bbox 207 5232 1800 5321; baseline -0.013 -17"><span class='ocrx_word' id='word_1_747' title='bbox 207 5249 400 5321; x_wconf 75' lang='grc' dir='ltr'>τῆσαι,</span> <span class='ocrx_word' id='word_1_748' title='bbox 434 5248 533 5302; x_wconf 68' lang='grc' dir='ltr'><strong>καὶ</strong></span> <span class='ocrx_word' id='word_1_749' title='bbox 578 5245 769 5300; x_wconf 87' lang='grc' dir='ltr'>τούσδε</span> <span class='ocrx_word' id='word_1_750' title='bbox 810 5244 909 5316; x_wconf 87' lang='grc' dir='ltr'><strong>μέν</strong></span> <span class='ocrx_word' id='word_1_751' title='bbox 954 5244 1197 5304; x_wconf 87' lang='grc' dir='ltr'>κόπτειν,</span> <span class='ocrx_word' id='word_1_752' title='bbox 1249 5234 1549 5307; x_wconf 87' lang='grc' dir='ltr'>ἐτέρουςδέ</span> <span class='ocrx_word' id='word_1_753' title='bbox 1596 5232 1800 5295; x_wconf 84' lang='grc' dir='ltr'>παίειν,</span> 
     </span>
    </p>
   </div>
   <div class='ocr_carea' id='block_1_101' title="bbox 211 5322 1800 5409">
    <p class='ocr_par' dir='ltr' id='par_1_101' title="bbox 211 5322 1800 5409">
     <span class='ocr_line' id='line_1_101' title="bbox 211 5322 1800 5409; baseline -0.013 -15"><span class='ocrx_word' id='word_1_754' title='bbox 211 5340 400 5406; x_wconf 72' lang='grc' dir='ltr'>πόλεις</span> <span class='ocrx_word' id='word_1_755' title='bbox 425 5358 489 5394; x_wconf 88' lang='grc' dir='ltr'><strong>τε</strong></span> <span class='ocrx_word' id='word_1_756' title='bbox 546 5338 674 5403; x_wconf 82' lang='grc' dir='ltr'>ὅλας</span> <span class='ocrx_word' id='word_1_757' title='bbox 703 5332 1269 5409; x_wconf 67' lang='grc' dir='ltr'>ἐξανδραποδίζεσθαι,</span> <span class='ocrx_word' id='word_1_758' title='bbox 1300 5329 1394 5385; x_wconf 81' lang='grc' dir='ltr'>καὶ</span> <span class='ocrx_word' id='word_1_759' title='bbox 1427 5327 1594 5399; x_wconf 87' lang='grc' dir='ltr'>μυρία</span> <span class='ocrx_word' id='word_1_760' title='bbox 1623 5322 1800 5395; x_wconf 86' lang='grc' dir='ltr'>πλήθη</span> 
     </span>
    </p>
   </div>
   <div class='ocr_carea' id='block_1_102' title="bbox 213 5415 1804 5507">
    <p class='ocr_par' dir='ltr' id='par_1_102' title="bbox 213 5415 1804 5507">
     <span class='ocr_line' id='line_1_102' title="bbox 213 5415 1804 5507; baseline -0.016 -17"><span class='ocrx_word' id='word_1_761' title='bbox 213 5431 721 5507; x_wconf 73' lang='grc' dir='ltr'>καταστρωννύναι,</span> <span class='ocrx_word' id='word_1_762' title='bbox 758 5415 957 5492; x_wconf 81' lang='grc' dir='ltr'>παντὸς</span> <span class='ocrx_word' id='word_1_763' title='bbox 989 5427 1228 5497; x_wconf 89' lang='grc' dir='ltr'>πρίονος,</span> <span class='ocrx_word' id='word_1_764' title='bbox 1264 5421 1359 5476; x_wconf 76' lang='grc' dir='ltr'>καὶ</span> <span class='ocrx_word' id='word_1_765' title='bbox 1390 5417 1674 5479; x_wconf 85' lang='grc' dir='ltr'>πελέκυος,</span> <span class='ocrx_word' id='word_1_766' title='bbox 1708 5415 1804 5466; x_wconf 77' lang='grc' dir='ltr'><strong>καὶ</strong></span> 
     </span>
    </p>
   </div>
   <div class='ocr_carea' id='block_1_103' title="bbox 216 5505 1801 5601">
    <p class='ocr_par' dir='ltr' id='par_1_103' title="bbox 216 5505 1801 5601">
     <span class='ocr_line' id='line_1_103' title="bbox 216 5505 1801 5601; baseline -0.018 -17"><span class='ocrx_word' id='word_1_767' title='bbox 216 5530 417 5601; x_wconf 72' lang='grc' dir='ltr'>ῥάϐδου</span> <span class='ocrx_word' id='word_1_768' title='bbox 436 5505 652 5599; x_wconf 74' lang='grc' dir='ltr'>χείρονι</span> <span class='ocrx_word' id='word_1_769' title='bbox 677 5522 974 5594; x_wconf 85' lang='grc' dir='ltr'>γενομένῳ,</span> <span class='ocrx_word' id='word_1_770' title='bbox 1001 5521 1049 5573; x_wconf 79' lang='grc' dir='ltr'>εἰ</span> <span class='ocrx_word' id='word_1_771' title='bbox 1077 5517 1150 5590; x_wconf 79' lang='grc' dir='ltr'><strong>μή</strong></span> <span class='ocrx_word' id='word_1_772' title='bbox 1174 5514 1306 5577; x_wconf 84' lang='grc' dir='ltr'>Θεὸς</span> <span class='ocrx_word' id='word_1_773' title='bbox 1333 5508 1401 5584; x_wconf 76' lang='grc' dir='ltr'>ἦν</span> <span class='ocrx_word' id='word_1_774' title='bbox 1423 5512 1451 5564; x_wconf 88' lang='grc' dir='ltr'>ὁ</span> <span class='ocrx_word' id='word_1_775' title='bbox 1474 5512 1538 5581; x_wconf 83' lang='grc' dir='ltr'>τῇ</span> <span class='ocrx_word' id='word_1_776' title='bbox 1567 5510 1634 5579; x_wconf 78' lang='grc' dir='ltr'>σῇ</span> <span class='ocrx_word' id='word_1_777' title='bbox 1657 5505 1801 5579; x_wconf 84' lang='grc' dir='ltr'>χειρί</span> 
     </span>
    </p>
   </div>
   <div class='ocr_carea' id='block_1_104' title="bbox 288 5652 1805 5787">
    <p class='ocr_par' dir='ltr' id='par_1_104' title="bbox 288 5652 1805 5787">
     <span class='ocr_line' id='line_1_104' title="bbox 288 5652 1805 5787; baseline -0.017 -61"><span class='ocrx_word' id='word_1_778' title='bbox 288 5669 406 5742; x_wconf 74' lang='grc'><strong>(16)</strong></span> <span class='ocrx_word' id='word_1_779' title='bbox 447 5667 549 5725; x_wconf 84' lang='lat' dir='ltr'><strong>Hic</strong></span> <span class='ocrx_word' id='word_1_780' title='bbox 576 5664 796 5721; x_wconf 81' lang='lat' dir='ltr'><strong>Eusebii</strong></span> <span class='ocrx_word' id='word_1_781' title='bbox 832 5665 1188 5787; x_wconf 51' lang='lat' dir='ltr'><strong>intergretem</strong></span> <span class='ocrx_word' id='word_1_782' title='bbox 1222 5656 1338 5740; x_wconf 74' lang='lat' dir='ltr'><strong>fere</strong></span> <span class='ocrx_word' id='word_1_783' title='bbox 1380 5654 1491 5726; x_wconf 87' lang='lat' dir='ltr'><strong>agit</strong></span> <span class='ocrx_word' id='word_1_784' title='bbox 1541 5652 1805 5733; x_wconf 78' lang='lat' dir='ltr'><strong>Hierony-</strong></span> 
     </span>
     <span class='ocr_line' id='line_1_105' title="bbox 288 5723 1801 5787; baseline -0.01 0"><span class='ocrx_word' id='word_1_785' title='bbox 288 5758 385 5787; x_wconf 67' lang='lat' dir='ltr'><strong>us:</strong></span> <span class='ocrx_word' id='word_1_786' title='bbox 424 5754 551 5787; x_wconf 80' lang='lat' dir='ltr'><strong>nam</strong></span> <span class='ocrx_word' id='word_1_787' title='bbox 576 5740 660 5787; x_wconf 86' lang='lat' dir='ltr'><strong>sic</strong></span> <span class='ocrx_word' id='word_1_788' title='bbox 689 5736 873 5787; x_wconf 85' lang='lat' dir='ltr'><strong>habet.</strong></span> <span class='ocrx_word' id='word_1_789' title='bbox 906 5751 926 5785; x_wconf 73' lang='grc' dir='ltr'><strong>ι</strong></span> <span class='ocrx_word' id='word_1_790' title='bbox 1043 5730 1363 5786; x_wconf 76' lang='lat' dir='ltr'><strong>stultissime</strong></span> <span class='ocrx_word' id='word_1_791' title='bbox 1392 5723 1801 5779; x_wconf 80' lang='lat' dir='ltr'><strong>mortalrum....</strong></span> 
     </span>
    </p>
   </div>
   <div class='ocr_carea' id='block_1_105' title="bbox 222 5723 1801 5798">
    <p class='ocr_par' dir='ltr' id='par_1_105' title="bbox 222 5723 1801 5798">
     <span class='ocr_line' id='line_1_106' title="bbox 222 5723 1801 5798; baseline -0.015 -2"><span class='ocrx_word' id='word_1_792' title='bbox 222 5723 343 5797; x_wconf 70' lang='grc' dir='ltr'><strong>ωιίὲ</strong></span> <span class='ocrx_word' id='word_1_793' title='bbox 424 5723 551 5796; x_wconf 75' lang='lat' dir='ltr'><strong>nam</strong></span> <span class='ocrx_word' id='word_1_794' title='bbox 576 5740 660 5792; x_wconf 89' lang='lat' dir='ltr'><strong>sic</strong></span> <span class='ocrx_word' id='word_1_795' title='bbox 689 5736 873 5798; x_wconf 87' lang='lat' dir='ltr'><strong>habet,</strong></span> <span class='ocrx_word' id='word_1_796' title='bbox 906 5751 926 5785; x_wconf 72' lang='grc' dir='ltr'><strong>ι</strong></span> <span class='ocrx_word' id='word_1_797' title='bbox 961 5723 1007 5787; x_wconf 83' lang='grc' dir='ltr'><strong>Ο</strong></span> <span class='ocrx_word' id='word_1_798' title='bbox 1043 5727 1363 5786; x_wconf 72' lang='lat' dir='ltr'><strong>Stultissime</strong></span> <span class='ocrx_word' id='word_1_799' title='bbox 1392 5723 1801 5798; x_wconf 63' lang='lat' dir='ltr'><strong>mortalium...</strong></span> 
     </span>
    </p>
   </div>
   <div class='ocr_carea' id='block_1_106' title="bbox 224 5792 1810 5878">
    <p class='ocr_par' dir='ltr' id='par_1_106' title="bbox 224 5792 1810 5878">
     <span class='ocr_line' id='line_1_107' title="bbox 224 5792 1810 5878; baseline -0.015 -12"><span class='ocrx_word' id='word_1_800' title='bbox 224 5792 496 5878; x_wconf 49' lang='lat' dir='ltr'><strong>quomodo</strong></span> <span class='ocrx_word' id='word_1_801' title='bbox 527 5810 571 5864; x_wconf 82' lang='lat' dir='ltr'><strong>si</strong></span> <span class='ocrx_word' id='word_1_802' title='bbox 597 5805 807 5863; x_wconf 82' lang='lat' dir='ltr'><strong>securis</strong></span> <span class='ocrx_word' id='word_1_803' title='bbox 845 5792 1110 5874; x_wconf 75' lang='lat' dir='ltr'><strong>glorietur</strong></span> <span class='ocrx_word' id='word_1_804' title='bbox 1145 5806 1335 5856; x_wconf 84' lang='lat' dir='ltr'><strong>contra</strong></span> <span class='ocrx_word' id='word_1_805' title='bbox 1362 5810 1484 5852; x_wconf 89' lang='lat' dir='ltr'><strong>eum</strong></span> <span class='ocrx_word' id='word_1_806' title='bbox 1520 5792 1613 5864; x_wconf 90' lang='lat' dir='ltr'><strong>qui</strong></span> <span class='ocrx_word' id='word_1_807' title='bbox 1646 5804 1810 5848; x_wconf 79' lang='lat' dir='ltr'><strong>secu-</strong></span> 
     </span>
    </p>
   </div>
   <div class='ocr_carea' id='block_1_107' title="bbox 1903 4577 3489 4650">
    <p class='ocr_par' dir='ltr' id='par_1_107' title="bbox 1903 4577 3489 4650">
     <span class='ocr_line' id='line_1_108' title="bbox 1903 4577 3489 4650; baseline -0.009 -12"><span class='ocrx_word' id='word_1_808' title='bbox 1903 4592 2076 4646; x_wconf 87' lang='lat' dir='ltr'><strong>rante,</strong></span> <span class='ocrx_word' id='word_1_809' title='bbox 2106 4579 2173 4634; x_wconf 89' lang='lat' dir='ltr'><strong>ad</strong></span> <span class='ocrx_word' id='word_1_810' title='bbox 2207 4579 2414 4650; x_wconf 88' lang='lat' dir='ltr'><strong>lignum</strong></span> <span class='ocrx_word' id='word_1_811' title='bbox 2450 4577 2765 4633; x_wconf 81' lang='lat' dir='ltr'><strong>caedendum</strong></span> <span class='ocrx_word' id='word_1_812' title='bbox 2793 4589 2853 4630; x_wconf 90' lang='lat' dir='ltr'><strong>se</strong></span> <span class='ocrx_word' id='word_1_813' title='bbox 2879 4586 3133 4638; x_wconf 89' lang='lat' dir='ltr'><strong>movere;</strong></span> <span class='ocrx_word' id='word_1_814' title='bbox 3165 4587 3342 4642; x_wconf 90' lang='lat' dir='ltr'><strong>neque</strong></span> <span class='ocrx_word' id='word_1_815' title='bbox 3370 4587 3489 4626; x_wconf 86' lang='lat' dir='ltr'><strong>ser-</strong></span> 
     </span>
    </p>
   </div>
   <div class='ocr_carea' id='block_1_108' title="bbox 1901 4665 3489 4744">
    <p class='ocr_par' dir='ltr' id='par_1_108' title="bbox 1901 4665 3489 4744">
     <span class='ocr_line' id='line_1_109' title="bbox 1901 4665 3489 4744; baseline -0.009 -14"><span class='ocrx_word' id='word_1_816' title='bbox 1901 4691 2018 4731; x_wconf 90' lang='lat' dir='ltr'><strong>ram</strong></span> <span class='ocrx_word' id='word_1_817' title='bbox 2052 4673 2196 4744; x_wconf 86' lang='lat' dir='ltr'><strong>ligna</strong></span> <span class='ocrx_word' id='word_1_818' title='bbox 2250 4670 2431 4741; x_wconf 89' lang='lat' dir='ltr'><strong>posita</strong></span> <span class='ocrx_word' id='word_1_819' title='bbox 2479 4683 2688 4731; x_wconf 87' lang='lat' dir='ltr'><strong>secare,</strong></span> <span class='ocrx_word' id='word_1_820' title='bbox 2721 4666 2935 4722; x_wconf 92' lang='lat' dir='ltr'><strong>nemine</strong></span> <span class='ocrx_word' id='word_1_821' title='bbox 2981 4665 3272 4732; x_wconf 87' lang='lat' dir='ltr'><strong>trahente;</strong></span> <span class='ocrx_word' id='word_1_822' title='bbox 3313 4677 3489 4730; x_wconf 89' lang='lat' dir='ltr'><strong>neque</strong></span> 
     </span>
    </p>
   </div>
   <div class='ocr_carea' id='block_1_109' title="bbox 1904 4752 3485 4837">
    <p class='ocr_par' dir='ltr' id='par_1_109' title="bbox 1904 4752 3485 4837">
     <span class='ocr_line' id='line_1_110' title="bbox 1904 4752 3485 4837; baseline -0.011 -17"><span class='ocrx_word' id='word_1_823' title='bbox 1904 4767 2113 4837; x_wconf 87' lang='lat' dir='ltr'><strong>virgam</strong></span> <span class='ocrx_word' id='word_1_824' title='bbox 2134 4761 2453 4832; x_wconf 82' lang='lat' dir='ltr'><strong>quempiam</strong></span> <span class='ocrx_word' id='word_1_825' title='bbox 2484 4765 2792 4830; x_wconf 90' lang='lat' dir='ltr'><strong>percutere,</strong></span> <span class='ocrx_word' id='word_1_826' title='bbox 2821 4768 2994 4824; x_wconf 90' lang='lat' dir='ltr'><strong>neque</strong></span> <span class='ocrx_word' id='word_1_827' title='bbox 3026 4752 3233 4824; x_wconf 89' lang='lat' dir='ltr'><strong>lignum</strong></span> <span class='ocrx_word' id='word_1_828' title='bbox 3289 4760 3485 4820; x_wconf 86' lang='lat' dir='ltr'><strong>suopte</strong></span> 
     </span>
    </p>
   </div>
   <div class='ocr_carea' id='block_1_110' title="bbox 1908 4848 3490 4927">
    <p class='ocr_par' dir='ltr' id='par_1_110' title="bbox 1908 4848 3490 4927">
     <span class='ocr_line' id='line_1_111' title="bbox 1908 4848 3490 4927; baseline -0.011 -14"><span class='ocrx_word' id='word_1_829' title='bbox 1908 4868 2052 4913; x_wconf 88' lang='lat' dir='ltr'><strong>motu</strong></span> <span class='ocrx_word' id='word_1_830' title='bbox 2079 4854 2326 4927; x_wconf 89' lang='lat' dir='ltr'><strong>quemvis</strong></span> <span class='ocrx_word' id='word_1_831' title='bbox 2360 4849 2608 4907; x_wconf 83' lang='lat' dir='ltr'><strong>caedere?</strong></span> <span class='ocrx_word' id='word_1_832' title='bbox 2629 4848 2986 4920; x_wconf 82' lang='lat' dir='ltr'><strong>Cugitandum</strong></span> <span class='ocrx_word' id='word_1_833' title='bbox 3001 4858 3131 4900; x_wconf 88' lang='lat' dir='ltr'><strong>sane</strong></span> <span class='ocrx_word' id='word_1_834' title='bbox 3150 4850 3289 4908; x_wconf 90' lang='lat' dir='ltr'><strong>erat,</strong></span> <span class='ocrx_word' id='word_1_835' title='bbox 3312 4856 3490 4913; x_wconf 90' lang='lat' dir='ltr'><strong>neque</strong></span> 
     </span>
    </p>
   </div>
   <div class='ocr_carea' id='block_1_111' title="bbox 1910 4937 3482 5016">
    <p class='ocr_par' dir='ltr' id='par_1_111' title="bbox 1910 4937 3482 5016">
     <span class='ocr_line' id='line_1_112' title="bbox 1910 4937 3482 5016; baseline -0.011 -13"><span class='ocrx_word' id='word_1_836' title='bbox 1910 4949 2027 5016; x_wconf 89' lang='lat' dir='ltr'><strong>tibi,</strong></span> <span class='ocrx_word' id='word_1_837' title='bbox 2063 4949 2158 5002; x_wconf 70' lang='lat' dir='ltr'><strong>iraa</strong></span> <span class='ocrx_word' id='word_1_838' title='bbox 2186 4946 2278 5002; x_wconf 92' lang='lat' dir='ltr'><strong>Dei</strong></span> <span class='ocrx_word' id='word_1_839' title='bbox 2311 4945 2581 5007; x_wconf 90' lang='lat' dir='ltr'><strong>ministro,</strong></span> <span class='ocrx_word' id='word_1_840' title='bbox 2626 4941 2786 4995; x_wconf 90' lang='lat' dir='ltr'><strong>talem</strong></span> <span class='ocrx_word' id='word_1_841' title='bbox 2821 4937 3063 4993; x_wconf 82' lang='lat' dir='ltr'><strong>adfuisse</strong></span> <span class='ocrx_word' id='word_1_842' title='bbox 3115 4941 3439 5006; x_wconf 86' lang='lat' dir='ltr'><strong>potestatem</strong></span> <span class='ocrx_word' id='word_1_843' title='bbox 3467 4975 3482 4999; x_wconf 92' lang='lat'><strong>,</strong></span> 
     </span>
    </p>
   </div>
   <div class='ocr_carea' id='block_1_112' title="bbox 1911 5023 3485 5107">
    <p class='ocr_par' dir='ltr' id='par_1_112' title="bbox 1911 5023 3485 5107">
     <span class='ocr_line' id='line_1_113' title="bbox 1911 5023 3485 5107; baseline -0.011 -12"><span class='ocrx_word' id='word_1_844' title='bbox 1911 5050 1969 5094; x_wconf 91' lang='lat' dir='ltr'><strong>ut</strong></span> <span class='ocrx_word' id='word_1_845' title='bbox 1993 5038 2234 5094; x_wconf 81' lang='lat' dir='ltr'><strong>infinitas</strong></span> <span class='ocrx_word' id='word_1_846' title='bbox 2269 5044 2456 5107; x_wconf 87' lang='lat' dir='ltr'><strong>gentes</strong></span> <span class='ocrx_word' id='word_1_847' title='bbox 2486 5036 2757 5096; x_wconf 88' lang='lat' dir='ltr'><strong>domares,</strong></span> <span class='ocrx_word' id='word_1_848' title='bbox 2801 5042 2976 5099; x_wconf 89' lang='lat' dir='ltr'><strong>neque</strong></span> <span class='ocrx_word' id='word_1_849' title='bbox 3017 5035 3075 5081; x_wconf 91' lang='lat' dir='ltr'><strong>ut</strong></span> <span class='ocrx_word' id='word_1_850' title='bbox 3103 5024 3238 5080; x_wconf 88' lang='lat' dir='ltr'><strong>alios</strong></span> <span class='ocrx_word' id='word_1_851' title='bbox 3266 5023 3485 5094; x_wconf 90' lang='lat' dir='ltr'><strong>quidem</strong></span> 
     </span>
    </p>
   </div>
   <div class='ocr_carea' id='block_1_113' title="bbox 1910 5114 3488 5197">
    <p class='ocr_par' dir='ltr' id='par_1_113' title="bbox 1910 5114 3488 5197">
     <span class='ocr_line' id='line_1_114' title="bbox 1910 5114 3488 5197; baseline -0.013 -8"><span class='ocrx_word' id='word_1_852' title='bbox 1910 5132 2169 5194; x_wconf 73' lang='lat' dir='ltr'><strong>crederes,</strong></span> <span class='ocrx_word' id='word_1_853' title='bbox 2194 5127 2329 5182; x_wconf 91' lang='lat' dir='ltr'><strong>alios</strong></span> <span class='ocrx_word' id='word_1_854' title='bbox 2352 5134 2683 5197; x_wconf 80' lang='lat' dir='ltr'><strong>percuteres,</strong></span> <span class='ocrx_word' id='word_1_855' title='bbox 2703 5120 2953 5177; x_wconf 85' lang='lat' dir='ltr'><strong>civitates</strong></span> <span class='ocrx_word' id='word_1_856' title='bbox 2976 5117 3214 5187; x_wconf 82' lang='lat' dir='ltr'><strong>integras</strong></span> <span class='ocrx_word' id='word_1_857' title='bbox 3243 5114 3488 5182; x_wconf 82' lang='lat' dir='ltr'><strong>captivas</strong></span> 
     </span>
    </p>
   </div>
   <div class='ocr_carea' id='block_1_114' title="bbox 1906 5215 3486 5290">
    <p class='ocr_par' dir='ltr' id='par_1_114' title="bbox 1906 5215 3486 5290">
     <span class='ocr_line' id='line_1_115' title="bbox 1906 5215 3486 5290; baseline -0.012 -7"><span class='ocrx_word' id='word_1_858' title='bbox 1906 5229 2154 5290; x_wconf 88' lang='lat' dir='ltr'><strong>duceres,</strong></span> <span class='ocrx_word' id='word_1_859' title='bbox 2188 5238 2254 5279; x_wconf 87' lang='lat' dir='ltr'><strong>ac</strong></span> <span class='ocrx_word' id='word_1_860' title='bbox 2289 5223 2632 5278; x_wconf 89' lang='lat' dir='ltr'><strong>innumeram</strong></span> <span class='ocrx_word' id='word_1_861' title='bbox 2684 5215 3090 5272; x_wconf 88' lang='lat' dir='ltr'><strong>multitudinem</strong></span> <span class='ocrx_word' id='word_1_862' title='bbox 3131 5221 3441 5282; x_wconf 89' lang='lat' dir='ltr'><strong>prolereres</strong></span> <span class='ocrx_word' id='word_1_863' title='bbox 3468 5251 3486 5279; x_wconf 94' lang='lat'><strong>,</strong></span> 
     </span>
    </p>
   </div>
   <div class='ocr_carea' id='block_1_115' title="bbox 1907 5303 3489 5390">
    <p class='ocr_par' dir='ltr' id='par_1_115' title="bbox 1907 5303 3489 5390">
     <span class='ocr_line' id='line_1_116' title="bbox 1907 5303 3489 5390; baseline -0.011 -16"><span class='ocrx_word' id='word_1_864' title='bbox 1907 5320 2098 5390; x_wconf 89' lang='lat' dir='ltr'><strong>quavis</strong></span> <span class='ocrx_word' id='word_1_865' title='bbox 2120 5313 2487 5381; x_wconf 87' lang='lat' dir='ltr'><strong>scrra,securi</strong></span> <span class='ocrx_word' id='word_1_866' title='bbox 2512 5317 2568 5365; x_wconf 88' lang='lat' dir='ltr'><strong>et</strong></span> <span class='ocrx_word' id='word_1_867' title='bbox 2598 5309 2750 5380; x_wconf 88' lang='lat' dir='ltr'><strong>virga</strong></span> <span class='ocrx_word' id='word_1_868' title='bbox 2783 5307 3066 5363; x_wconf 83' lang='lat' dir='ltr'><strong>acerbiur:</strong></span> <span class='ocrx_word' id='word_1_869' title='bbox 3097 5305 3200 5359; x_wconf 90' lang='lat' dir='ltr'><strong>nisi</strong></span> <span class='ocrx_word' id='word_1_870' title='bbox 3226 5303 3372 5357; x_wconf 89' lang='lat' dir='ltr'><strong>Deus</strong></span> <span class='ocrx_word' id='word_1_871' title='bbox 3404 5304 3489 5356; x_wconf 85' lang='lat' dir='ltr'><strong>his</strong></span> 
     </span>
    </p>
   </div>
   <div class='ocr_carea' id='block_1_116' title="bbox 1910 5390 3489 5479">
    <p class='ocr_par' dir='ltr' id='par_1_116' title="bbox 1910 5390 3489 5479">
     <span class='ocr_line' id='line_1_117' title="bbox 1910 5390 3489 5479; baseline -0.013 -14"><span class='ocrx_word' id='word_1_872' title='bbox 1910 5408 2188 5479; x_wconf 83' lang='lat' dir='ltr'><strong>suppliciis</strong></span> <span class='ocrx_word' id='word_1_873' title='bbox 2215 5405 2408 5475; x_wconf 84' lang='lat' dir='ltr'><strong>dignos</strong></span> <span class='ocrx_word' id='word_1_874' title='bbox 2436 5400 2531 5456; x_wconf 88' lang='lat' dir='ltr'><strong>tibi</strong></span> <span class='ocrx_word' id='word_1_875' title='bbox 2564 5398 2901 5454; x_wconf 89' lang='lat' dir='ltr'><strong>tradidisset.</strong></span> <span class='ocrx_word' id='word_1_876' title='bbox 2935 5394 3090 5449; x_wconf 86' lang='lat' dir='ltr'><strong>Nunc</strong></span> <span class='ocrx_word' id='word_1_877' title='bbox 3144 5406 3308 5463; x_wconf 89' lang='lat' dir='ltr'><strong>porro</strong></span> <span class='ocrx_word' id='word_1_878' title='bbox 3353 5390 3489 5446; x_wconf 86' lang='lat' dir='ltr'><strong>nihil</strong></span> 
     </span>
    </p>
   </div>
   <div class='ocr_carea' id='block_1_117' title="bbox 1909 5483 3492 5567">
    <p class='ocr_par' dir='ltr' id='par_1_117' title="bbox 1909 5483 3492 5567">
     <span class='ocr_line' id='line_1_118' title="bbox 1909 5483 3492 5567; baseline -0.014 -12"><span class='ocrx_word' id='word_1_879' title='bbox 1909 5515 2097 5557; x_wconf 83' lang='lat' dir='ltr'><strong>eurum</strong></span> <span class='ocrx_word' id='word_1_880' title='bbox 2140 5498 2409 5567; x_wconf 82' lang='lat' dir='ltr'><strong>cogitans,</strong></span> <span class='ocrx_word' id='word_1_881' title='bbox 2444 5491 2581 5547; x_wconf 88' lang='lat' dir='ltr'><strong>altos</strong></span> <span class='ocrx_word' id='word_1_882' title='bbox 2608 5487 2832 5559; x_wconf 87' lang='lat' dir='ltr'><strong>spiritus</strong></span> <span class='ocrx_word' id='word_1_883' title='bbox 2863 5485 3085 5556; x_wconf 85' lang='lat' dir='ltr'><strong>cepisti;</strong></span> <span class='ocrx_word' id='word_1_884' title='bbox 3116 5483 3189 5538; x_wconf 86' lang='lat' dir='ltr'><strong>ita</strong></span> <span class='ocrx_word' id='word_1_885' title='bbox 3217 5492 3273 5536; x_wconf 93' lang='lat' dir='ltr'><strong>ut</strong></span> <span class='ocrx_word' id='word_1_886' title='bbox 3302 5489 3352 5536; x_wconf 91' lang='lat' dir='ltr'><strong>te</strong></span> <span class='ocrx_word' id='word_1_887' title='bbox 3381 5497 3492 5534; x_wconf 82' lang='lat' dir='ltr'><strong>ma-</strong></span> 
     </span>
    </p>
   </div>
   <div class='ocr_carea' id='block_1_118' title="bbox 1915 5627 3492 5703">
    <p class='ocr_par' dir='ltr' id='par_1_118' title="bbox 1915 5627 3492 5703">
     <span class='ocr_line' id='line_1_119' title="bbox 1915 5627 3492 5703; baseline -0.013 -5"><span class='ocrx_word' id='word_1_888' title='bbox 1915 5645 2017 5699; x_wconf 91' lang='lat' dir='ltr'><strong>rim</strong></span> <span class='ocrx_word' id='word_1_889' title='bbox 2048 5648 2217 5703; x_wconf 89' lang='lat' dir='ltr'><strong>tenet,</strong></span> <span class='ocrx_word' id='word_1_890' title='bbox 2239 5649 2295 5693; x_wconf 88' lang='lat' dir='ltr'><strong>et</strong></span> <span class='ocrx_word' id='word_1_891' title='bbox 2330 5650 2485 5693; x_wconf 85' lang='lat' dir='ltr'><strong>serra</strong></span> <span class='ocrx_word' id='word_1_892' title='bbox 2519 5641 2704 5691; x_wconf 89' lang='lat' dir='ltr'><strong>contra</strong></span> <span class='ocrx_word' id='word_1_893' title='bbox 2730 5630 2878 5687; x_wconf 90' lang='lat' dir='ltr'><strong>illum</strong></span> <span class='ocrx_word' id='word_1_894' title='bbox 2917 5644 2947 5684; x_wconf 87' lang='lat' dir='ltr'><strong>a</strong></span> <span class='ocrx_word' id='word_1_895' title='bbox 2975 5643 3083 5701; x_wconf 89' lang='lat' dir='ltr'><strong>quo</strong></span> <span class='ocrx_word' id='word_1_896' title='bbox 3115 5627 3349 5684; x_wconf 81' lang='lat' dir='ltr'><strong>trahitur</strong></span> <span class='ocrx_word' id='word_1_897' title='bbox 3379 5639 3394 5678; x_wconf 88' lang='lat'><strong>:</strong></span> <span class='ocrx_word' id='word_1_898' title='bbox 3433 5629 3492 5679; x_wconf 80' lang='lat' dir='ltr'><strong>ct</strong></span> 
     </span>
    </p>
   </div>
   <div class='ocr_carea' id='block_1_119' title="bbox 1914 5715 2303 5779">
    <p class='ocr_par' dir='ltr' id='par_1_119' title="bbox 1914 5715 2303 5779">
     <span class='ocr_line' id='line_1_120' title="bbox 1914 5715 2303 5779; baseline -0.01 -9"><span class='ocrx_word' id='word_1_899' title='bbox 1914 5715 2116 5779; x_wconf 86' lang='lat' dir='ltr'><strong>dicant,</strong></span> <span class='ocrx_word' id='word_1_900' title='bbox 2147 5729 2167 5764; x_wconf 75' lang='grc' dir='ltr'><strong>ι</strong></span> <span class='ocrx_word' id='word_1_901' title='bbox 2197 5720 2303 5766; x_wconf 88' lang='lat' dir='ltr'><strong>etc.</strong></span> 
     </span>
    </p>
   </div>
  </div>
