3862 6210
395 281 498 336 165

1040 222 1305 333 ElJSEBll
1343 270 1827 330 CESARIENSIS
1862 269 2015 325 OPP.
2057 268 2237 326 PARS
2275 268 2363 323 Ill.
2404 298 2471 307 —-
2510 263 2921 322 EXEGETICA.

3544 261 3646 315 164

390 415 552 469 gnam
583 398 729 453 illam
754 407 991 460 mentem
1012 410 1143 451 esse
1168 403 1410 464 putares.
1444 391 1563 447 Non
1601 390 1744 446 enim
1780 404 1968 458 pacem

2074 386 2348 459 παραδοὺς
2376 386 2500 447 τοὺς
2531 382 2736 436 τούτων
2763 382 2966 448 ἀξίους.
2998 380 3134 435 Νυνὶ
3157 379 3214 434 δὲ
3245 380 3449 435 τούτων
3481 380 3646 450 μηδὲν

389 490 539 546 illam
575 491 703 556 Dei,
725 503 844 558 quae
868 497 1108 543 mentem
1131 500 1346 540 onmem
1374 492 1665 552 exsuperat
1690 481 1760 538 ob
1784 480 1970 536 oculos

390 580 670 651 ponebas:
718 578 815 633 sed
842 589 895 633 te
919 576 1159 631 omnium
1206 574 1502 627 maximum
1536 587 1658 627 esse
1697 580 1873 637 ratus,
1905 584 1969 625 ac

392 671 643 742 superbis
675 670 852 725 oculis
905 678 1097 723 contra
1132 667 1302 721 Deum
1348 666 1545 731 elatus,
1586 663 1826 733 gentium
1860 673 1969 717 ter-

392 764 570 817 minos
596 761 929 818 confundere
958 759 1230 827 cogitasti,
1273 772 1411 827 quos
1457 756 1699 811 deﬁnivit
1732 755 1871 811 Deus
1914 763 1970 809 et

390 852 617 923 pulchre
670 850 966 914 ordinavit,
1006 866 1025 900 ι
1057 849 1284 916 Quando
1318 850 1611 918 separaba’t
1658 848 1970 903 Altissimus

386 954 602 1016 gentes,
633 953 690 998 ut
714 942 1105 999 disseminabat
1129 940 1270 997 filios
1296 942 1507 1008 Adam;
1542 942 1826 998 constituit
1857 950 1969 994 ter-

391 1035 569 1089 minos
627 1034 869 1105 gentium
929 1030 1225 1086 secundum
1285 1046 1571 1086 numerum
1651 1030 1967 1100 angelorum

393 1123 489 1180 Dei
522 1125 589 1180 ⁶⁰.
634 1143 655 1177 ι
703 1122 783 1178 Tu
828 1137 958 1177 vero
1000 1121 1263 1191 sapientia
1323 1132 1379 1175 et
1426 1122 1628 1176 erranti
1687 1121 1968 1192 prudentia

392 1227 485 1273 tua
517 1217 816 1272 arbitratus
852 1230 914 1271 es
935 1228 1099 1286 posse
1132 1223 1185 1270 te
1214 1230 1243 1268 a
1281 1215 1393 1269 Deo
1422 1215 1590 1285 probe
1641 1214 1969 1269 constitutos

392 1308 655 1362 terminos
690 1306 794 1361 alio
835 1304 1155 1368 transferre,
1182 1314 1345 1374 atque
1373 1313 1541 1359 totum
1566 1305 1753 1360 orbem
1775 1305 1967 1362 ditioni

390 1410 499 1455 tua:
530 1400 798 1469 subigere.
837 1397 972 1452 Nam
1015 1396 1315 1463 aestimasti,
1346 1396 1621 1450 neminem
1666 1395 1731 1449 iis
1756 1396 1969 1467 prOSpi-

386 1506 518 1547 cere
542 1490 629 1545 vel
674 1488 1032 1561 patrocinari,
1091 1488 1375 1557 Deumque
1424 1488 1672 1542 homines
1711 1488 1804 1557 qui
1842 1497 1969 1543 sunt

388 1600 555 1655 super
586 1594 783 1639 terram
818 1580 951 1637 nihil
985 1593 1178 1635 curare
1206 1596 1221 1632 :
1268 1580 1621 1647 quamobrem
1655 1590 1847 1650 gentes
1877 1595 1969 1635 or-

389 1680 475 1734 bis
505 1675 769 1739 universi,
801 1673 955 1744 quasi
984 1671 1157 1741 pullos
1199 1672 1467 1737 desertos,
1519 1683 1613 1727 aut
1640 1689 1743 1729 ova
1773 1673 1967 1729 dereli-

2068 478 2444 549 λογισάμενος,
2480 476 2691 546 ἐπῆρας
2718 473 2966 537 σεαυτὸν,
3010 472 3085 536 ὡς
3126 471 3416 526 ὑπολαϐεῖν
3452 470 3650 525 σαυτὸν

2067 569 2206 625 εἶναι
2238 572 2329 624 τὸν
2378 570 2551 641 μέγαν
2583 567 2731 622 νοῦν.
2781 568 2856 620 Οὑ
2890 565 2999 637 γὰρ
3032 565 3154 619 ἔθου
3198 565 3304 635 πρὸ
3350 562 3650 634 ὀφθαλμῶν

2068 667 2166 737 τὴν
2196 665 2422 738 εἰρήνην
2450 662 2545 716 τοῦ
2574 660 2708 715 Θεοῦ
2741 661 2837 731 τὴν
2868 660 3241 731 ὑπερέχουσαν
3276 658 3455 711 πάντα
3487 657 3645 711 νοῦν·

2069 759 2163 811 καὶ
2202 756 2418 811 πάντων
2465 753 2719 825 μέγιστον
2773 751 3003 821 νομίσας
3050 744 3190 829 εῖναι
3227 748 3438 814 ἑαυτὸν,
3474 748 3649 819 ὑπερ-

2069 845 2295 918 ηφάνοις
2310 844 2367 896 δὲ
2395 842 2691 913 ὀφθαλμοῖς
2723 839 3089 921 κατεπαρθεὶς
3118 838 3213 892 τοῦ
3247 837 3407 903 Θεοῦ,
3439 838 3651 910 διενοή-

2069 936 2168 1006 θης
2210 935 2278 988 τά
2308 936 2434 1006 ὅρια
2468 933 2578 986 τῶν
2609 932 2778 986 ἐθνῶν
2814 932 3080 1003 συγχέειν,
3124 932 3159 985 ὃ.
3196 933 3223 985 6
3254 930 3386 994 Θεὸς
3430 930 3650 1002 διώρισε

2068 1028 2163 1083 καὶ
2187 1026 2397 1093 διέταξε
2430 1025 2629 1090 καλῶς,
2653 1026 2812 1080 «Ὅτε
2832 1024 3133 1097 διεμέριζεν
3148 1026 3274 1095 ἔθνη
3301 1028 3332 1078 6
3366 1025 3651 1093 ”Υψιστος,

2067 1121 2142 1185 ὡς
2168 1121 2474 1191 διέσπειρεν
2504 1120 2651 1181 υἱοὺς
2689 1118 2876 1189 Ἀδάμ·
2910 1118 3137 1189 έστησεν
3157 1118 3279 1189 ὅρια
3309 1118 3478 1171 ἐθνῶν
3509 1116 3652 1170 κατὰ

2068 1211 2301 1284 ἀριθμὸν
2331 1211 2575 1280 ἀγγέλων
2605 1208 2760 1262 Θεοῦ.
2785 1229 2802 1261 ι
2833 1211 2905 1263 Σὺ
2930 1209 2985 1262 δὲ
3014 1212 3080 1280 τῇ
3115 1210 3341 1263 σεαυτοῦ
3370 1209 3533 1280 σοφίᾳ
3557 1209 3651 1261 καὶ

2066 1308 2134 1375 τῇ
2160 1303 2550 1375 πεπλανημένη
2585 1302 2796 1355 συνέσει
2829 1301 3011 1373 ᾠήθης
3044 1301 3303 1355 δύνασθαι
3336 1301 3648 1373 μεταθεῖναι

2071 1396 2170 1464 μὲν
2220 1396 2345 1459 τοὺς
2380 1394 2486 1448 ὑπό
2534 1393 2629 1447 τοῦ
2676 1393 2810 1447 Θεοῦ
2859 1390 2918 1447 εὑ
2965 1392 3417 1463 διατεταγμένους
3463 1393 3645 1464 ὄρους,

2070 1487 2376 1558 ὑποχείριον
2423 1486 2482 1539 δὲ
2550 1483 2729 1556 σαυτῷ
2777 1484 2875 1557 τὴν
2923 1485 3246 1557 οἰκουμένην
3294 1484 3646 1555 ποιήσασθαι.

2068 1578 2287 1650 Μηδένα
2334 1579 2443 1651 γὰρ
2496 1580 2698 1650 ὲφορᾷν
2752 1578 2885 1649 μηδὲ
2937 1578 3445 1648 ἀντιλαμϐάνεσθαι,
3514 1577 3649 1648 μηδὲ

2068 1668 2187 1739 Θεῷ
2218 1668 2430 1739 μέλλειν
2461 1668 2571 1723 τῶν
2619 1669 2711 1721 ἐπὶ
2752 1669 2852 1739 γῆς
2894 1666 3194 1739 ἀνθρώπων
3246 1668 3526 1739 ἐνόμισας·
3568 1667 3649 1721 διὸ

384 1778 500 1833 cla,
526 1777 579 1822 te
602 1776 887 1836 capturum
916 1764 1170 1833 opinatus
1207 1776 1289 1816 es.
1338 1763 1569 1832 Oportet
1599 1765 1766 1835 igitur
1814 1775 1963 1820 recta

2074 1761 2254 1832 ὥσπερ
2306 1760 2536 1813 νεοττῶν
2588 1761 2830 1831 ἐρήμων,
2878 1760 2911 1831 ἢ
2948 1760 3069 1813 ὠῶν
3114 1760 3645 1831 καταλελειμμένων,

389 1856 720 1928 cogitatione
765 1865 980 1924 putare,
1043 1862 1096 1906 te
1134 1867 1203 1907 ne
1246 1867 1341 1909 eos
1375 1855 1592 1925 quidem
1641 1870 1778 1926 quos
1838 1857 1965 1911 sub-

382 1948 567 2018 egisti,
600 1948 720 2002 sine
748 1954 877 2002 nutu
925 1944 1021 1999 Dei
1059 1945 1353 2001 domuisse.
1404 1945 1560 2003 Unde
1587 1962 1821 2017 namque
1869 1948 1964 2004 tibi

390 2041 513 2096 talis
540 2047 781 2111 potestas
825 2037 1110 2101 adfuisset,
1151 2039 1257 2093 nisi
1294 2040 1436 2094 Deus
1489 2039 1542 2093 id
1581 2039 1963 2110 permisisset,

386 2149 564 2203 neque
586 2143 637 2188 te
665 2142 725 2187 ut
752 2132 1116 2190 instrumento
1167 2135 1234 2188 ad
1286 2132 1701 2203 castigationem
1744 2140 1801 2187 et
1837 2147 1966 2202 sup-

385 2224 609 2296 plicium
636 2238 846 2289 eorum,
880 2224 973 2293 qui
995 2225 1339 2293 correptione
1367 2232 1422 2279 et
1445 2223 1802 2280 conversione
1831 2238 1966 2295 opus

387 2314 682 2377 habebant,
701 2328 830 2368 usus
860 2314 1095 2369 luisset?

461 2404 627 2461 Vatis.
661 2404 751 2472 17,
797 2403 882 2459 18.
917 2422 937 2456 ι
968 2404 1034 2459 Et
1056 2404 1163 2459 erit
1184 2403 1369 2460 lumen
1394 2403 1561 2460 lsrael
1595 2404 1650 2460 in
1681 2405 1882 2477 ignem,
1912 2414 1967 2462 et

388 2495 754 2553 sanctiﬁcabit
776 2495 925 2550 illum
946 2496 998 2551 in
1021 2495 1146 2567 igne
1177 2505 1367 2553 urente
1392 2514 1408 2552 :
1430 2506 1483 2552 et
1509 2499 1789 2554 devorabit
1810 2500 1963 2570 quasi

387 2588 571 2643 fenum
604 2587 816 2641 silvam.
844 2586 1028 2661 lnilla
1070 2589 1156 2645 die
1186 2590 1601 2657 exstinguentur
1638 2599 1871 2655 montes,
1913 2598 1967 2641 et

386 2676 558 2734 colles
595 2687 651 2732 et
684 2677 857 2733 silvae.
886 2696 909 2729 -ι
948 2679 1069 2748 ipse
1104 2679 1196 2749 qui
1229 2679 1359 2735 olim
1384 2680 1638 2750 populum
1666 2693 1823 2735 suum
1849 2679 1969 2734 illu-

388 2769 631 2825 minabat
656 2772 794 2826 Deus
819 2812 835 2837 ,
876 2780 935 2826 et
978 2771 1359 2827 sanctiﬁcabat
1387 2772 1534 2825 illum
1561 2812 1577 2838 ,
1608 2770 1707 2826 tibi
1735 2772 1968 2841 superbo

391 2862 531 2934 ignis
558 2862 788 2918 elIectus
817 2870 921 2918 est.
970 2860 1081 2917 Pro
1118 2861 1212 2917 illo
1244 2872 1423 2917 autem
1450 2901 1467 2928 ,
1507 2880 1525 2914 ι
1563 2862 1631 2917 Εῑ
1658 2862 1967 2917 sanctiﬁca-

388 2954 468 3007 bit
503 2952 648 3006 illum
681 2953 734 3006 in
764 2952 887 3021 igne
926 2959 1137 3014 urente.
1175 2969 1195 3004 ι
1230 2949 1598 3022 Symmachus
1623 2992 1640 3017 ,
1679 2970 1698 3005 ι
1729 2951 1797 3006 Et
1842 2967 1968 3008 san-

390 3053 509 3099 ctus
545 3043 662 3113 ejus
689 3042 740 3096 in
775 3042 1069 3102 ﬂammam.
1112 3061 1132 3096 ι
1176 3042 1311 3098 Nam
1342 3044 1465 3109 tibi,
1498 3042 1696 3114 inquit.
1717 3043 1963 3114 Assyrio,

389 3133 483 3204 qni
519 3133 684 3204 impie
711 3142 766 3188 et
806 3135 1015 3194 tumide
1041 3134 1283 3205 cogitare
1315 3149 1482 3190 ausus
1508 3149 1587 3200 es,
1620 3142 1842 3191 sanctus
1890 3133 1969 3189 ls-

391 3227 526 3291 rael,
550 3237 604 3281 et
622 3226 714 3297 qui
746 3226 875 3282 olim
903 3225 1018 3294 ejus
1054 3226 1146 3280 lux
1176 3225 1298 3292 fuit,
1337 3227 1388 3280 in
1414 3225 1685 3281 ﬂammam
1716 3234 1771 3282 et
1794 3226 1971 3298 ignem

393 3318 605 3372 evadet.
624 3314 865 3372 Collibus
895 3330 1043 3384 vero,
1078 3317 1356 3371 montibus
1386 3326 1441 3372 et
1478 3316 1652 3381 silvis,
1680 3330 1712 3371 e
1744 3330 1806 3370 re
1831 3330 1974 3370 com-

394 3416 551 3477 parat
578 3406 724 3461 illam
753 3407 1100 3478 Assyriorum
1136 3405 1575 3473 multitudinem;
1601 3405 1767 3462 duces
1793 3414 1972 3460 autem

391 3516 600 3563 eorum,
626 3509 681 3554 et
706 3500 797 3570 qui
836 3499 960 3555 aliis
988 3505 1278 3569 praeerant,
1309 3498 1465 3568 quasi
1482 3498 1649 3555 colles
1675 3507 1732 3556 et
1759 3509 1974 3554 montes

389 3590 545 3646 dicit.
587 3590 692 3645 Sed
747 3591 823 3645 illi
864 3591 1085 3661 quidem
1126 3593 1583 3662 exstinguentnr;
1633 3590 1689 3646 id
1721 3599 1851 3656 est,
1895 3590 1973 3646 illi

390 3682 527 3736 olim
556 3697 749 3753 graves
779 3692 835 3737 et
864 3682 1149 3749 ardentes,
1181 3684 1268 3739 vel
1298 3684 1476 3746 inviti,
1509 3681 1690 3753 frigidi
1716 3684 1967 3739 evadent.

395 3771 542 3828 Mors
569 3774 770 3844 quippe
798 3773 919 3828 illos
948 3774 1234 3830 devorabit
1257 3814 1273 3840 ,
1306 3783 1517 3830 tantum
1542 3789 1649 3829 non
1678 3784 1735 3829 et
1761 3776 1973 3831 animas

392 3881 522 3921 cum
548 3866 869 3937 cet-poribus
899 3867 1213 3921 absumens.
1240 3867 1393 3934 Quod
1430 3874 1608 3922 autem
1645 3868 1840 3923 anima:
1860 3883 1971 3924 non

398 3973 506 4013 una
551 3972 677 4013 cum
709 3958 1028 4027 corporibus
1061 3956 1341 4028 tollantur,
1376 3960 1575 4029 cuique
1624 3959 1971 4016 manifestum

393 4060 480 4106 est
510 4068 528 4103 ⁴ε
556 4051 700 4119 quod
740 4051 933 4103 anitum
967 4050 1279 4106 ﬁrmitatem
1315 4050 1643 4107 subindicat.
1693 4050 1828 4107 Cum
1877 4051 1972 4108 sil-

396 4157 521 4195 vam
557 4142 726 4205 dicit,
779 4141 1176 4196 multitudinem
1223 4157 1343 4212 quae
1386 4157 1510 4197 cum
1557 4157 1684 4213 rege
1716 4142 1970 4213 Assyrio-

397 4246 517 4286 rum
553 4240 671 4286 erat
695 4232 916 4285 denotat
954 4250 967 4287 :
1000 4233 1307 4288 Carmelum
1337 4248 1505 4301 vero,
1529 4243 1590 4289 ut
1610 4234 1688 4289 ait
1723 4232 1974 4304 Symma-

394 4324 533 4378 chus
554 4363 571 4391 ,
616 4323 731 4393 ejus
765 4324 981 4379 divitias
1018 4333 1294 4394 nuncupat
1316 4364 1334 4390 ,
1382 4339 1591 4380 necnon
1620 4324 1922 4394 voluptates
1951 4341 1968 4379 :

398 4430 519 4484 qua:
548 4415 876 4471 absumenda
919 4414 1051 4470 dicit
1084 4415 1153 4470 ab
1185 4415 1376 4471 ultrice
1414 4415 1657 4488 praedicti
1688 4415 1829 4485 ignis
1855 4415 1970 4471 vio-
2001 4448 2047 4504 ι)

395 4506 582 4561 lentia.

474 4688 637 4746 Vens.
676 4690 763 4745 19.
802 4710 822 4743 ί
858 4691 923 4745 Ει
946 4691 1230 4746 devorabit
1260 4691 1329 4746 ab
1355 4692 1533 4745 anima
1560 4705 1732 4761 usque
1762 4692 1829 4747 ad
1856 4705 1973 4747 car-

396 4798 495 4839 nes
527 4800 542 4837 :
580 4794 637 4837 et
660 4783 766 4837 erit
796 4783 885 4852 qui
914 4782 1082 4854 fugiet
1103 4783 1258 4853 quasi
1292 4782 1504 4854 fugiens
1531 4798 1561 4836 a
1580 4782 1797 4838 ﬂamina
1819 4799 1973 4840 uren-

395 4881 468 4927 te.
513 4872 580 4926 Et
610 4873 700 4943 qui
731 4873 1107 4942 relinquentur
1142 4888 1209 4929 ex
1244 4874 1374 4942 ipsis
1401 4888 1659 4928 numerus
1689 4882 1888 4940 erunt,
1917 4885 1974 4930 et

401 4978 537 5033 puer
557 4963 758 5019 scribet
789 4979 902 5018 eos.
946 4982 964 5016 ι
1005 4962 1139 5019 Cum
1176 4964 1321 5029 haec,
1350 4964 1546 5035 inquit,
1582 4963 1808 5035 Assyrio
1836 4980 1971 5021 con—

402 5056 647 5125 tigerint,
681 5054 772 5110 ille
798 5055 919 5124 fuga
945 5068 1002 5109 se
1025 5054 1305 5125 proripiet,
1335 5064 1493 5131 atque
1519 5068 1709 5109 omnes
1736 5054 1826 5124 qui
1850 5070 1969 5110 cum

400 5146 495 5201 illo
521 5155 725 5209 erunt,
772 5146 1002 5214 idipsum
1044 5154 1226 5214 agent.
1277 5144 1430 5212 Quod
1478 5144 1523 5198 si
1563 5144 1781 5213 quidam
1815 5146 1972 5215 pauci

401 5234 801 5305 relinquantur,
853 5245 931 5289 tot
960 5245 1161 5303 erunt,
1207 5244 1269 5290 ut
1301 5236 1474 5305 possit
1514 5236 1688 5304 quivis
1716 5237 1973 5307 puerulus

403 5326 616 5381 illorum
656 5341 935 5381 numerum
974 5328 1189 5397 assequi
1218 5367 1233 5391 ,
1277 5342 1342 5382 ac
1371 5327 1577 5396 scripto
1610 5329 1931 5398 consignare
1954 5369 1969 5393 ,

403 5418 609 5487 reliqua
658 5419 1001 5474 multitudine
1044 5418 1110 5473 de
1148 5419 1325 5473 medio
1372 5418 1603 5473 sublata.
1640 5417 1765 5475 llaec
1794 5430 1849 5475 et
1886 5435 1975 5475 se-

400 5507 636 5562 cundum
678 5506 911 5561 litteram
951 5519 1007 5563 et
1033 5509 1326 5564 secundum
1360 5516 1598 5565 mentem
1628 5508 1770 5566 dicta
1802 5519 1928 5567 sunt
1956 5528 1971 5577 ;

476 5686 521 5717 ‘°
554 5687 707 5742 Deut.
750 5701 919 5753 χχιιι,
966 5686 1017 5742 8.

2066 1850 2334 1915 ὑπέλαϐες
2368 1853 2661 1924 κρατήσειν
2692 1852 2799 1904 τῶν
2825 1853 2918 1904 ἐπὶ
2949 1852 3050 1922 τῆς
3090 1852 3416 1923 οἰκουμένης
3449 1853 3640 1905 ἐθνῶν.

2063 1946 2155 1997 Δεῖ
2176 1939 2269 1997 οῦν
2303 1943 2448 2016 ὀρθῷ
2473 1943 2716 2015 λογισμῷ
2747 1943 3114 2015 διανοηθῆναι,
3136 1945 3220 1997 ὅτι
3244 1946 3336 1997 καὶ
3360 1944 3541 1999 αὑτῶν
3570 1938 3647 1998 ὧν

2064 2033 2396 2105 ἐκράτησας,
2446 2034 2546 2086 οὑκ
2603 2034 2729 2088 ἄνευ
2794 2033 2929 2087 Θεοῦ
2982 2033 3249 2105 νεύματος
3304 2037 3643 2107 περιεγένου.

2064 2127 2235 2181 Πόθεν
2265 2128 2372 2198 γάρ
2408 2143 2489 2179 σοι
2524 2125 2707 2197 παρῆν
2734 2126 2958 2196 τοιαύτη
2992 2127 3230 2195 ἐξουσία,
3268 2130 3342 2200 μὴ
3380 2129 3476 2182 τοῦ
3509 2128 3644 2182 Θεοῦ

2068 2218 2573 2288 συγκεχωρηκότος,
2604 2218 2699 2269 καὶ
2729 2215 2918 2289 ὥσπερ
2949 2218 3163 2290 ὀργάνῳ
3191 2219 3540 2293 χρησαμένου
3566 2237 3650 2272 σοι

2065 2306 2158 2360 ἐπὶ
2183 2306 2449 2377 τιμωρίαν
2480 2306 2574 2361 καὶ
2596 2306 2813 2361 κόλασιν
2839 2307 2948 2361 τῶν
2975 2310 3305 2381 ἐπιστροφῆς
3345 2311 3647 2381 δεομένων;

2146 2417 2165 2451 r
2199 2399 2310 2453 Καὶ
2336 2399 2488 2453 ἔσται
2512 2399 2573 2452 τὸ
2598 2398 2714 2468 φῶς
2739 2399 2833 2452 τοῦ
2870 2400 3084 2473 Ἰσραὴλ
3112 2404 3191 2466 είς
3220 2402 3350 2474 πῦρ,
3371 2405 3467 2456 καὶ
3496 2405 3651 2472 ἁγιά-

2068 2509 2151 2545 σει
2176 2491 2338 2545 αὑτὸν
2378 2493 2434 2545 ὲν
2468 2492 2602 2563 πυρὶ
2635 2493 2908 2563 καιομένῳ
2928 2510 2941 2523 ·
2971 2495 3065 2547 καὶ
3107 2496 3480 2563 καταφάγεται
3517 2496 3652 2550 ὡσεὶ

2068 2585 2262 2655 χόρτον
2296 2583 2394 2655 τὴν
2431 2584 2583 2655 ὓλην.
2615 2586 2693 2657 Τῇ
2733 2585 2917 2656 ἡμέρᾳ
2945 2586 3129 2658 ἐκείνῃ
3179 2586 3650 2660 ἀποσϐεσθήσεται

2066 2674 2136 2728 τὰ
2160 2675 2261 2747 δρη
2288 2676 2385 2728 καὶ
2403 2676 2452 2727 οί
2478 2675 2675 2746 βουνοὶ,
2710 2676 2803 2729 καὶ
2834 2677 2882 2729 οἱ
2908 2676 3122 2749 δρυμοί.
3154 2697 3171 2729 ι
3208 2678 3377 2742 Αὐτὸς
3415 2681 3444 2732 6
3482 2680 3651 2734 πάλαι

2068 2766 2320 2835 φωτίζων
2345 2765 2436 2821 τὸν
2462 2767 2656 2820 ἑαυτοῦ
2690 2767 2816 2822 λαὸν
2844 2769 2994 2835 Θεὸς,
3030 2771 3125 2823 καὶ
3166 2773 3409 2839 ἁγιάζων
3444 2774 3611 2826 αὑτὸν
3634 2816 3650 2838 ,

2070 2858 2154 2910 σοὶ
2196 2856 2275 2929 τῷ
2317 2859 2651 2932 ὑπερηφάνῳ
2690 2862 2972 2933 γινόμενος
3020 2862 3153 2934 πῦρ.
3225 2865 3368 2918 Ἀντὶ
3414 2866 3473 2919 δὲ
3519 2867 3649 2931 τοῦ,

2075 2963 2094 2998 t
2130 2947 2240 3001 Kal.
2270 2946 2490 3017 ἁγιάσει
2521 2949 2684 3002 αὑτὸν
2718 2951 2775 3003 ἐν
2810 2952 2944 3022 πυρὶ
2990 2953 3283 3024 καιομένῳ,
3316 2972 3335 3005 ι
3364 2956 3393 3007 6
3424 2955 3653 3026 Σύμμα-

2075 3054 2202 3108 χος,
2254 3056 2273 3089 ι
2316 3040 2428 3093 Καὶ
2469 3042 2499 3094 6
2539 3041 2693 3110 ἅγιος
2737 3042 2900 3096 αὑτοῦ
2952 3045 3030 3107 εἰς
3082 3044 3273 3114 φλόγα.
3320 3064 3339 3097 ι
3373 3046 3466 3099 Σοὶ
3510 3047 3652 3119 γὰρ,

2074 3131 2231 3201 φησὶ,
2264 3130 2343 3204 τῷ
2389 3132 2674 3206 Ἀσσυρίῳ,
2705 3132 2876 3206 ἀσεϐῆ
2906 3137 3001 3188 καὶ
3024 3137 3306 3209 ὑπέρογκα
3330 3137 3652 3207 λογίσασθαι

2073 3222 2451 3296 τετολμηκότι,
2473 3226 2501 3277 6
2523 3224 2677 3294 ἅγιος
2712 3227 2945 3300 Ἰσραὴλ,
2974 3229 3069 3281 καὶ
3094 3231 3123 3282 ὀ
3156 3229 3323 3282 πάλαι
3345 3230 3460 3299 φῶς
3485 3231 3651 3285 αὑτοῦ

2076 3313 2334 3382 γεγονὼς,
2370 3318 2450 3380 εἰς
2481 3316 2655 3386 φλόγα
2699 3319 2792 3372 καὶ
2823 3320 2903 3383 εἰς
2945 3319 3056 3392 πῦρ
3084 3323 3385 3393 γενήσεται.
3431 3322 3653 3387 Βουνοῖς

2073 3407 2133 3460 δὲ
2162 3408 2256 3462 καὶ⁹
2286 3408 2435 3480 ὄρεσι
2463 3411 2556 3463 καὶ
2580 3411 2802 3482 δρυμοῖς
2830 3411 3151 3486 παρεικάζει
3172 3413 3370 3479 καλῶς,
3400 3415 3571 3487 αὑτήν
3590 3433 3651 3468 τε

2076 3496 2183 3550 τῶν
2226 3498 2529 3570 Ἀσσυρίων
2568 3500 2797 3572 πληθὺν,
2833 3501 2928 3555 καὶ
2958 3504 3083 3566 τοὺς
3109 3502 3440 3575 ἡγουμένους
3480 3506 3652 3575 αὑτῆς

2075 3588 2170 3641 καὶ
2196 3588 2303 3643 τῶν
2334 3589 2508 3646 ἄλλων
2528 3591 2915 3663 ὑπερέχοντας,
2940 3593 3189 3667 καθάπερ
3221 3594 3440 3665 βουνοὺς
3461 3596 3494 3667 ἢ
3525 3596 3653 3668 ὅρη.

2088 3679 2228 3732 Ἀλλ’
2253 3676 2399 3736 οῦτοι
2423 3682 2521 3753 μὲν
2548 3683 3070 3756 ἀποσϐεσθήσονται,
3096 3690 3389 3751 τουτέστιν,
3411 3689 3460 3741 oi
3482 3688 3654 3742 πάλαι

2074 3771 2240 3826 δεινοὶ
2268 3775 2362 3828 καὶ
2398 3774 2611 3847 θερμοὶ,
2656 3779 2751 3831 καὶ
2782 3778 2879 3849 οὑχ
2908 3777 3124 3842 ἑκόντες
3150 3778 3650 3851 καταψυγήσονται.

2075 3864 2467 3935 Καταφάγεται
2503 3867 2612 3939 γὰρ
2646 3870 2843 3934 αὑτοὺς
2872 3870 2901 3923 6
2940 3869 3195 3934 θάνατος,
3242 3871 3521 3943 μονονουχὶ
3557 3874 3655 3926 καὶ

2074 3954 2251 4027 ψυχὰς
2283 3958 2536 4013 δαπανῶν
2570 3962 2665 4015 καὶ
2693 3963 2871 4033 σῶμα.
2907 3964 3028 4016 Ὅτι
3065 3963 3162 4033 μὲν
3189 3963 3298 4034 γὰρ
3351 3965 3410 4017 οὑ
3458 3981 3655 4017 συναν-

2075 4046 2307 4118 ᾕρηνται
2335 4052 2447 4114 τοῖς
2471 4050 2716 4122 σώμασιν
2736 4054 2997 4125 αὶψυχαὶ,
3023 4055 3184 4110 παντί
3211 4073 3289 4126 τῳ
3318 4057 3486 4126 σαφές
3511 4059 3649 4112 ἐστι·

2078 4140 2410 4210 ὑπεμφαίνει
2439 4143 2496 4197 δὲ
2522 4143 2692 4215 δήπου
2718 4145 2781 4198 τὸ
2803 4146 2903 4216 τῆς
2925 4145 3105 4218 ψυχῆς
3132 4147 3401 4211 εὑσθενές.
3436 4150 3654 4221 Δρυμὸν

2073 4232 2131 4284 δὲ
2175 4232 2369 4302 λέγων,
2418 4236 2486 4289 τὰ
2529 4237 2706 4309 πλήθη
2739 4240 2805 4293 τὰ
2855 4240 2951 4293 σὺν
2982 4238 3060 4310 τῷ
3109 4238 3317 4310 βασιλεῖ
3354 4242 3655 4316 Ἀσσυρίων

2073 4323 2249 4394 δηλοῖ·
2286 4326 2583 4398 Κάρμηλον
2609 4328 2687 4396 δὲ,
2717 4330 2792 4394 ὡς
2815 4331 2843 4384 6
2873 4330 3166 4403 Σύμμαχός
3188 4351 3341 4406 φησι,
3368 4335 3458 4389 τὸν
3489 4336 3654 4391 πλοῦ-

2074 4429 2164 4467 τον
2206 4414 2372 4468 αὑτοῦ
2413 4418 2507 4471 καὶ
2539 4419 2638 4489 τὴν
2689 4420 2917 4493 τρυφὴν,
2961 4422 3105 4494 ἆπερ
3146 4424 3322 4477 πάντα
3366 4426 3655 4493 ἀναλωθή-

2077 4506 2265 4560 σεσθαί
2314 4527 2477 4581 φησιν
2529 4513 2634 4565 ὑπὸ
2693 4514 2791 4585 τῆς
2835 4513 3162 4586 κολαπικῆς
3209 4516 3495 4588 δυνάμεως
3555 4520 3651 4574 τοῦ

2076 4600 2462 4671 προλεχθέντος
2482 4604 2669 4675 πυρός.

2152 4711 2169 4742 ι
2207 4694 2315 4747 Καὶ
2354 4695 2729 4764 καταφάγεται
2765 4697 2874 4750 ἀπὸ
2917 4697 3094 4768 ψυχῆς
3124 4697 3228 4762 ἕως
3272 4699 3512 4771 σαρκῶν,
3561 4703 3655 4756 καὶ

2073 4782 2225 4837 ἔσται
2251 4786 2280 4838 6
2306 4785 2541 4854 φεύγων,
2576 4788 2651 4851 ὡς
2671 4790 2700 4841 6
2724 4790 2938 4859 φεύγων
2962 4792 3072 4846 ἀπὸ
3115 4793 3309 4862 φλογὸς
3335 4794 3653 4864 καιομένης.

2074 4876 2185 4929 Καὶ
2233 4878 2282 4930 oi
2331 4880 2783 4949 καταλειφθέντες
2808 4884 2903 4936 ἀπ’
2934 4885 3114 4938 αὑτῶν
3140 4884 3370 4958 ἀριθμὸς
3415 4885 3654 4949 ἔσονται,

2077 4968 2171 5020 καὶ
2198 4968 2404 5022 παιδίον
2426 4971 2625 5041 γράψει
2661 4973 2877 5038 αὐτούς.
2910 4995 2928 5027 ι
2972 4976 3243 5037 Ἐπειδὰν,
3287 4978 3439 5049 φησὶ,
3481 4977 3656 5031 ταῦτα

2077 5056 2155 5128 τῷ
2194 5059 2462 5131 Ἀσσυρίῳ
2493 5063 2694 5133 συμϐῇ,
2726 5064 2953 5136 δρασμῷ
2994 5067 3337 5138 χρησάμενος
3376 5068 3655 5136 φεύξεται,

2078 5148 2212 5201 οἵτε
2254 5150 2352 5203 σὺν
2394 5151 2544 5223 αύτῷ
2590 5154 2789 5218 πάντες
2821 5157 2977 5210 τοῦτο
3006 5160 3322 5230 πράξουσιν.
3365 5162 3427 5213 El
3461 5161 3518 5213 δέ
3553 5180 3655 5214 που

2080 5236 2303 5307 βραχεῖς
2330 5258 2472 5305 τινες
2497 5243 2927 5314 καταλειφθείεν,
2967 5250 3206 5302 τοσοῦτοι
3240 5250 3473 5314 ἔσονται,
3512 5253 3654 5307 ὥστε

2078 5327 2337 5385 δύνασθαι
2364 5334 2457 5385 καὶ
2485 5335 2547 5387 τὸ
2569 5335 2728 5406 τυχὸν
2761 5339 2965 5393 παιδίον
2994 5340 3082 5393 τὸν
3099 5341 3329 5413 ἀριθμὸν
3353 5344 3534 5396 αὐτῶν
3562 5364 3655 5399 πε-

2082 5420 2344 5489 ριλαϐεῖν,
2380 5426 2473 5478 καὶ
2496 5432 2681 5500 γραφῇ
2717 5431 3071 5502 παραδοῦναι,
3095 5432 3188 5487 τοῦ
3208 5433 3394 5488 λοιποῦ
3419 5437 3659 5507 πλήθους

2081 5513 2438 5582 ἀπολωλότος.
2472 5518 2657 5574 Ταῦτα
2687 5524 2780 5577 καὶ
2807 5524 2940 5595 πρὸς
2973 5524 3116 5592 λέξιν
3142 5526 3358 5599 εἴρηται
3397 5529 3493 5584 καὶ
3521 5531 3661 5602 πρὸς
