3862 6210
234 269 343 324 165

1183 264 1686 323 COMMENTARIA
1724 263 1792 319 IN
1828 264 2082 321 ISAIAM.
2122 295 2189 308 -—-
2220 264 2373 321 CAP.
2414 264 2482 320 Χ.

3397 271 3500 326 166

232 388 509 443 διάνοιαν·
554 385 691 460 πρὸς
741 384 839 456 μὲν
869 384 1035 449 λεςιν,
1078 384 1428 456 ἁνηνεγμένα
1456 382 1549 435 ἐπὶ
1584 382 1677 436 τὸν
1705 382 1821 436 Να-

1941 383 2222 438 secundum
2256 381 2490 437 litteram
2528 382 2772 452 quidem,
2819 385 2865 439 si
2906 385 2973 439 ad
3004 384 3502 444 Nabuchodonoso-

234 479 625 550 σουχοδονόσορ
647 517 662 541 ,
714 478 807 529 τὸν
855 477 1215 548 ἐμπρήσαντα
1260 475 1353 529 τὸν
1407 475 1535 528 ναὸν
1580 474 1674 528 καὶ
1723 474 1822 545 τὴν

233 574 391 627 πόλιν
416 589 433 603 ο
470 571 608 643 πρὸς
625 570 681 623 δὲ
710 570 969 634 διάνοιαν,
1003 568 1097 622 ἐπὶ
1122 569 1222 639 τὴν
1251 568 1636 639 ἀντικειμένην
1662 566 1823 619 δύνα-

239 684 354 737 μιν,
388 658 460 735 ἧς
500 664 570 717 τά
610 662 908 734 λελεγμένα
965 662 1023 715 ὲν
1064 663 1131 731 τῇ
1176 660 1483 732 προφητείᾳ
1523 658 1822 730 παθούσης,

236 755 522 829 καθῃρέθη
570 754 767 808 αὐτίκα
799 754 835 824 ὴ
866 751 974 805 τῶν
1018 751 1277 805 ἐναντίων
1314 748 1617 821 Ἀσσυρίων
1661 749 1825 802 δυνα-

240 862 422 899 στεια.

314 957 335 989 ι
366 938 485 991 Καὶ
515 936 665 989 ἔσται
697 937 756 988 ὲν
784 937 850 1004 τῇ
884 933 1071 1005 ἡμέρᾳ
1126 932 1343 1007 ἐκείνῃ,
1373 930 1556 985 οὐκέτι
1596 948 1827 1003 προστε-

235 1030 467 1100 θήσεται
496 1028 558 1080 τδ
610 1025 975 1092 καταλειφθὲν
1039 1024 1275 1097 Ἰσραὴλ,
1322 1023 1417 1077 καὶ
1464 1024 1515 1077 οί
1563 1022 1827 1086 σωθέντες

233 1120 330 1173 τοῦ
374 1117 573 1172 Ἰακὼϐ
602 1116 784 1170 οὐκέτι
813 1116 885 1185 μὴ
916 1114 1234 1178 πεποιθότες
1264 1108 1397 1168 ὦσιν
1434 1114 1528 1168 ἐπὶ
1552 1115 1677 1177 τοὺς
1708 1113 1826 1167 ἁδι-

236 1214 518 1283 κήσαντας
567 1209 785 1272 αὐτοὺς,
832 1207 968 1261 ἀλλά
1001 1207 1214 1260 ἔσονται
1243 1206 1565 1270 πεποιθότες
1606 1207 1699 1260 ἐπὶ
1736 1204 1827 1259 τὸν

235 1302 372 1354 Θεὺν
392 1301 486 1353 τὸν
520 1300 674 1367 ἆγιον
700 1297 794 1350 τοῦ
829 1296 1041 1367 Ἰσραὴλ
1068 1298 1134 1367 τῇ
1160 1295 1408 1368 ἀληθείᾳ..
1440 1296 1550 1350 Kal.
1587 1294 1736 1348 ἔσται
1766 1293 1828 1347 τὸ

236 1390 601 1459 καταλειφθὲν
642 1388 737 1441 τοῦ
786 1386 980 1441 Ἰακὼὸ
1014 1388 1106 1441 ἐπὶ
1140 1387 1271 1441 Θεὸν
1323 1387 1596 1459 ἰσχύοντα.
1636 1407 1654 1437 ι
1691 1388 1828 1457 Φησὶ

234 1474 313 1555 τῷ
349 1482 554 1553 καιρῷ,
586 1481 709 1534 καθ’
742 1479 801 1533 ὃν
832 1480 1012 1533 πάντα
1048 1478 1119 1531 τὰ
1152 1476 1519 1551 προλεχθέντα
1552 1480 1694 1532 κατὰ
1731 1479 1827 1533 τοῦ

235 1574 574 1644 δηλωθέντος
589 1572 850 1643 ἄρχοντος
871 1570 980 1624 τῶν
1014 1570 1313 1641 Ἀσσυρίων
1344 1568 1412 1621 δι’
1438 1568 1615 1641 ἔργων
1650 1569 1830 1641 χωρή-

239 1683 408 1729 σειεν,
460 1666 509 1718 oi
547 1662 989 1735 περιλειφθέντες
1019 1659 1114 1715 τοῦ
1146 1660 1826 1733 αἰχμαλαπισθέντοςζλαοῦ

1925 488 2038 529 rem
2082 471 2411 539 referamur,
2440 474 2533 544 qui
2570 474 2827 543 templum
2877 475 3117 531 incendit
3168 488 3223 533 et
3266 478 3496 544 urbem;

1926 564 2222 619 secundum
2264 574 2497 620 mentem
2544 580 2695 630 vero,
2728 568 2773 621 si
2802 566 2868 620 ad
2894 577 3218 635 potestatem
3245 564 3499 626 adversa-

1927 655 2084 720 riam,
2118 670 2239 725 qua:
2272 669 2394 709 cum
2424 670 2510 719 ea,
2542 671 2663 727 qua:
2694 657 2746 710 in
2783 658 3065 727 prophetia
3097 658 3364 725 feruntur,
3383 675 3503 731 per-

1927 760 2084 814 pessa
2136 753 2306 809 esset,
2360 746 2795 802 adversariorum
2845 747 3197 819 Assyriorum
3254 753 3498 820 potentia

1927 836 2215 893 confestim
2240 837 2450 892 sublata
2482 847 2589 892 est.

1996 928 2161 983 Vens.
2185 927 2278 992 20,
2302 927 2393 983 21.
2426 946 2444 978 ι
2475 926 2541 982 Et
2573 927 2679 982 erit
2708 927 2762 982 in
2798 928 2885 983 die
2913 927 3024 995 illa,
3059 943 3165 984 non
3193 929 3333 985 ultra
3364 931 3503 1000 adji-

1925 1020 2101 1075 cietur
2130 1019 2403 1073 residuum
2428 1016 2612 1082 Israel,
2640 1028 2698 1073 et
2730 1019 2820 1088 qui
2854 1018 2991 1074 salvi
3011 1019 3209 1075 fuerint
3235 1037 3302 1076 ex
3333 1019 3504 1079 Iacob

1929 1128 2034 1166 non
2066 1112 2208 1168 ultra
2262 1112 2517 1167 Ilduciam
2544 1113 2821 1168 habebunt
2850 1114 2901 1167 in
2932 1114 3055 1169 illos
3093 1115 3186 1182 qui
3219 1128 3280 1169 se
3305 1115 3504 1186 injuria

1928 1203 2258 1271 aﬂ‘ecerunt;
2304 1207 2399 1259 sed
2451 1204 2700 1260 ﬁduciam
2740 1206 3015 1261 habebunt
3064 1206 3119 1261 in
3170 1207 3281 1263 Deo
3311 1217 3505 1265 sancto

1929 1298 2095 1353 Israel
2123 1298 2175 1352 in
2205 1298 2461 1357 veritate.
2501 1298 2568 1352 Et
2597 1300 2702 1353 erit
2736 1300 3012 1355 residuum
3041 1298 3207 1357 Jacob
3238 1302 3291 1356 in
3334 1302 3503 1357 Deum

1928 1387 2145 1445 fortem.
2207 1408 2226 1441 ›
2288 1389 2406 1456 Quo
2455 1400 2719 1460 tempore,
2762 1391 2977 1462 inquit,
3021 1393 3279 1462 praedicta
3323 1395 3504 1450 omnia

1929 1490 2116 1535 contra
2167 1491 2524 1537 memoratum
2573 1483 2873 1554 principem
2913 1486 3260 1557 Assyriorum
3288 1526 3304 1553 ,
3344 1501 3508 1558 opere

1930 1570 2383 1641 complebuntur;
2432 1572 2523 1642 qui
2573 1588 2639 1626 ex
2669 1571 2978 1629 Iudaeorum
3024 1576 3223 1646 populo
3253 1576 3307 1632 in
3337 1562 3508 1648 capti-

1929 1664 2151 1718 vitatem
2187 1663 2422 1719 abducto
2471 1664 2673 1721 residui
2710 1674 2893 1732 erunt,
2920 1667 2991 1722 ab
3035 1668 3252 1723 inimica
3289 1669 3510 1737 regione

235 1756 349 1810 τῶν
382 1756 677 1820 Ἰουδαίων,
709 1755 813 1826 τῆς
844 1753 1113 1825 πολεμίας
1153 1753 1339 1825 χώρας
1369 1751 1641 1824 ἐλεύθεροι
1670 1754 1826 1823 γενό-

1941 1756 2085 1812 ἱὺθτὶ
2117 1758 2430 1820 evadentes,
2477 1767 2532 1812 et
2561 1759 2613 1814 in
2650 1761 2923 1830 propriam
2960 1764 3186 1826 reversi,
3230 1777 3336 1817 non
3366 1763 3508 1816 ultra

240 1866 418 1921 μενοι,
444 1851 543 1903 καὶ¹
572 1850 653 1912 είς
670 1848 771 1919 τὴν
794 1847 998 1901 οίκείαν
1022 1846 1427 1911 ἐπανελθόντες,
1444 1845 1627 1899 οὐκέτι
1656 1863 1828 1918 προσ-

240 1941 459 2008 έξουσιν
504 1936 587 2005 οἷς
627 1940 795 1993 πάλαι
820 1942 1107 2012 προσεῖχον
1149 1938 1368 2010 δαίμοσι
1412 1942 1689 2013 πονηροῖς,
1716 1943 1829 2006 τοῖς

232 2032 340 2098 τὰς
359 2033 545 2105 ψυχάς
568 2033 748 2087 αὐτῶν
767 2032 1072 2104 ⁴ίγδικηκόσι,
1090 2033 1185 2085 καὶ
1206 2033 1422 2087 πάντων
1444 2032 1626 2096 αὐτοῖς
1642 2032 1828 2086 κακῶν

234 2127 440 2191 αἰτίοις
477 2124 791 2198 γενομένοις
810 2142 825 2156 ο
853 2126 991 2180 ἀλλά
1017 2125 1097 2196 τῷ
1123 2123 1242 2196 Θεῷ
1279 2124 1466 2179 λοιπὸν
1502 2124 1826 2195 προσέξουσι

238 2217 413 2286 μόνῳ,
452 2217 550 2270 ἃτε
596 2216 846 2287 λυτρωτῇ
893 2215 989 2268 καὶ
1036 2213 1250 2285 Σωτῆρι
1303 2210 1483 2267 αὐτῶν
1533 2210 1826 2283 γενομένῳ.

252 2306 594 2378 Ἐπληροῦτο
617 2307 675 2359 δὲ
695 2306 791 2359 καὶ
813 2304 986 2359 ταῦτα
1010 2304 1148 2375 πρὸς
1185 2301 1332 2370 λέξιν
1361 2302 1505 2357 κατὰ
1534 2301 1717 2374 Κῦρον
1738 2302 1831 2355 τὸν

238 2396 472 2470 Περσῶν
507 2397 749 2468 βασιλέα,
780 2396 839 2460 ὃς
872 2398 1080 2459 πάντας
1116 2395 1287 2466 ἀνῆκε
1307 2396 1433 2457 τοὺς
1456 2394 1514 2447 ὲν
1539 2396 1604 2466 τῇ
1630 2396 1831 2464 αἰχμα-

242 2490 414 2562 λωσίᾳ
464 2490 786 2553 ἰουδαίουςο
827 2489 949 2543 καθ’
973 2488 1033 2543 ὃν
1081 2487 1274 2560 καιρὸν
1307 2489 1357 2541 οἱ
1389 2487 1519 2557 περὶ
1546 2486 1637 2540 τὸν
1670 2488 1833 2558 Ζορο-

240 2581 431 2645 ὕάόελ,
482 2582 577 2635 καὶ⁹
622 2580 827 2652 Ἰησοῦν
851 2581 943 2634 τὸν
987 2579 1081 2634 τοῦ
1121 2580 1372 2634 Ἰωσεδὲκ
1418 2578 1512 2633 τὸν
1550 2579 1701 2652 ίερέα
1741 2580 1833 2634 τὸν

249 2673 447 2742 μέγαν,
474 2672 529 2725 οἴ
556 2689 617 2725 τε
651 2673 766 2742 ἃμα
791 2672 869 2744 τῷ
896 2671 1121 2743 Ἐσδρᾳ,
1151 2672 1245 2726 καὶ
1268 2670 1500 2742 Νεεμία,
1523 2672 1623 2742 τῆς
1657 2670 1829 2724 Βαθυ-

243 2763 413 2827 λῶνος
456 2763 865 2828 ἐπανελθόντες,
895 2764 986 2815 τὸν
1018 2764 1143 2817 ναὸν
1175 2764 1424 2834 ἡγειραν,
1450 2763 1543 2815 καὶ
1557 2762 1653 2834 τὴν
1679 2763 1834 2817 πόλιν

244 2856 417 2924 αὐτὴν
442 2854 815 2909 ἀνεκτίσαντο.

318 2965 338 2995 ι
378 2945 490 2998 Καὶ
516 2946 613 2996 ἐὰν
653 2945 876 3014 γένηται
897 2947 925 2997 6
957 2944 1083 3007 λαὸς
1127 2945 1342 3016 Ἰσραὴλ
1361 2946 1437 3009 ὡς
1462 2947 1496 3017 ἡ
1532 2946 1714 3016 ἄμμος
1735 2944 1834 3015 τῆς

245 3033 544 3105 θαλάσσης,
592 3034 654 3087 τὸ
684 3034 1033 3104 κατάλειμμα
1085 3034 1264 3087 αὐτῶν
1293 3034 1618 3106 σωθήσεται.
1667 3054 1685 3087 ι
1722 3035 1831 3105 Τὴν
1873 3040 1877 3055 '

248 3128 523 3200 ἄχρηστον
557 3126 766 3197 πληθὺν
803 3127 832 3179 6
860 3126 1015 3195 λόγος
1041 3128 1295 3197 σημαίνει
1341 3127 1437 3180 τοῦ
1481 3127 1688 3191 ἔθνους,
1727 3127 1835 3180 τῶν
1863 3125 1905 3182 C

252 3220 389 3290 μετὰ
438 3219 537 3290 τὴν
577 3218 838 3271 ἐπάνοδον
870 3218 970 3289 τὴν
1006 3218 1116 3271 άπὸ
1147 3216 1465 3280 Βαϐυλῶνος
1498 3217 1834 3288 οἰκησάντων

248 3312 342 3382 τὴν
374 3310 562 3382 χώραν
594 3308 755 3381 μέχρι
778 3309 888 3362 τῶν
928 3307 1248 3379 Ῥωμαϊκῶν
1281 3307 1516 3379 χρόνων
1550 3302 1693 3360 οὗτοι
1727 3305 1837 3377 γάρ

248 3400 385 3474 ἦσαν
412 3403 487 3467 ὠς
510 3405 544 3474 η
566 3402 750 3474 ἄμμος
777 3399 877 3472 τῆς
900 3398 1196 3471 θαλάσσης,
1218 3399 1275 3466 ἐξ
1306 3391 1382 3453 ὧν
1407 3398 1581 3469 μόνων
1605 3395 1835 3467 διεσώθη

251 3495 308 3547 τὺ
339 3494 725 3565 κατάλειμμα·
758 3494 810 3545 οἱ
850 3491 909 3559 ἐξ
946 3492 1125 3546 αὐτῶν
1154 3492 1233 3555 εἰς
1274 3490 1369 3545 τὸν
1399 3489 1634 3562 Χριστὸν
1675 3505 1839 3541 πεπι-

252 3585 539 3648 στευκότες
567 3583 809 3656 μαθηταὶ
836 3583 1002 3637 αὑτοῦ
1029 3584 1123 3636 καὶ
1151 3582 1461 3647 ἀπόστολοι,
1494 3580 1588 3635 καὶ
1619 3581 1839 3650 εὐαγγε-

253 3678 393 3731 σταξ.
414 3678 657 3749 Ψάμμος
675 3676 784 3749 γὰρ
800 3675 1077 3746 θαλάσσης
1095 3674 1157 3728 τὸ
1180 3675 1278 3745 μὲν
1296 3672 1500 3746 πλῆθος
1522 3673 1837 3746 ἀναρίθμη-

250 3786 339 3822 τον
361 3769 475 3839 ἔχει
500 3785 515 3799 ο
541 3768 716 3831 ἄλλως
741 3766 797 3821 δὲ
814 3767 1083 3839 ἄχρηστος
1117 3766 1351 3838 ὑπάρχει
1378 3764 1513 3835 πρὸς
1540 3765 1834 3835 γεωργίαν.

264 3863 515 3917 Ἐπειδὰν
558 3857 651 3915 οὖν
678 3862 706 3914 6
739 3859 886 3924 λαὸς,
915 3860 1099 3930 φησὶν,
1138 3857 1355 3929 Ἰσραὴλ
1404 3859 1479 3920 είς
1511 3855 1714 3927 πλῆθος
1745 3857 1837 3911 ἀνο

252 3955 554 4026 αρίθμητον
576 3952 735 4024 χυθῇ,
759 3952 1031 4022 ἄχρηστον
1047 3950 1103 4003 δὲ
1123 3950 1350 4022 γένηται
1371 3950 1427 4001 ὲν
1454 3950 1521 4019 τῇ
1542 3947 1682 4001 κατά
1706 3948 1838 4000 Θεὸν

253 4045 624 4118 καρποφορίᾳ,
658 4042 959 4114 τηνικαῦτα
996 4043 1057 4096 τὸ
1103 4042 1203 4113 μὲν
1251 4040 1453 4111 πλῆθος
1506 4039 1686 4093 αὐτῶν
1731 4040 1838 4091 άπ-

255 4137 454 4191 ολεῖται
476 4154 489 4166 ·
555 4136 713 4206 μόνον
774 4134 838 4206 δὴ
890 4134 951 4188 τὸ
1005 4133 1357 4203 κατάλειμμα
1420 4130 1599 4184 αὐτῶν
1663 4129 1838 4200 σωθή-

256 4245 427 4282 σεται.

328 4341 348 4374 ι
400 4324 523 4375 Ὀτι
553 4321 712 4389 λόγον
742 4319 1181 4391 συντετμημένον
1202 4319 1408 4392 Κύριος
1434 4320 1649 4393 ποιήσει
1679 4321 1736 4371 ὲν
1768 4321 1834 4390 τῇ

256 4414 549 4488 οἰκουμένῃ
573 4415 692 4487 ὅλῃ.
732 4433 751 4465 ι
779 4414 973 4484 Σαφῶς
995 4414 1103 4486 ἄρα
1129 4413 1189 4466 τὺ
1216 4412 1548 4482 Εὐαγγέλιον
1580 4412 1680 4483 τῆς
1700 4412 1837 4466 Και-

256 4505 352 4572 νῆς
379 4503 602 4573 ᾐνίξατο
624 4503 919 4575 Διαθήκης,
935 4505 992 4555 ὲν
1015 4503 1108 4573 ὅλῃ
1130 4505 1196 4573 τῇ
1225 4502 1516 4574 οἰκουμένῃ
1544 4499 1835 4572 κηρυχθέν.

257 4594 536 4663 Συντετμη
546 4594 706 4664 μένος
739 4594 850 4665 γὰρ
870 4590 939 4665 ἦν
962 4595 990 4645 6
1020 4593 1176 4662 λόγος
1202 4593 1231 4645 ὁ
1262 4590 1629 4660 εὐαγγελικδςς
1661 4590 1739 4660 τῷ
1764 4591 1837 4661 μὴ

256 4684 531 4755 περιέχειν
564 4685 742 4739 πάντα
765 4686 832 4739 τά
863 4683 1014 4756 παρὰ
1032 4683 1111 4755 τῷ
1140 4684 1347 4753 Μωῦσῇ
1378 4680 1832 4753 παραγγέλματα.

257 4775 377 4827 Τῶν
400 4775 457 4828 δὲ
482 4775 858 4847 προκειμένων
893 4775 1073 4847 ῥητῶν
1107 4774 1379 4845 μέμνηται
1410 4773 1505 4826 καὶ
1530 4774 1558 4825 6
1591 4772 1839 4824 Ἀπόστο-

257 4865 366 4930 λος,
403 4865 593 4919 τοῦτον
627 4867 799 4937 λέγων
830 4867 920 4921 τὸν
942 4866 1144 4938 τρόπον
1163 4882 1176 4896 ⁸
1203 4885 1221 4916 ‹
1259 4867 1317 4918 '0
1352 4865 1577 4927 Ἡσαΐας
1604 4864 1662 4916 δὲ
1685 4862 1834 4931 λέγει

258 4960 398 5029 ὑπὲρ
435 4957 529 5011 τοῦ
578 4959 823 5031 Ἰσραήλ·
879 4958 1006 5012 Ἐὰν
1110 4958 1140 5010 ὁ
1167 4956 1401 5028 ἀριθμὸς
1438 4956 1544 5009 τῶν
1571 4953 1704 5007 υἱῶν
1739 4953 1835 5007 τοῦ

268 5048 485 5120 Ἰσραὴλ
520 5049 597 5113 ὡς
635 5053 669 5121 ἡ
715 5051 898 5121 ἄμμος
933 5050 1034 5120 τῆς
1077 5049 1375 5118 θαλάσσης,
1418 5047 1481 5100 τὸ
1523 5045 1837 5116 ὑπόλειμμα

261 5142 585 5211 σωθήσεται.
647 5140 821 5207 Λόγον
889 5140 998 5211 γὰρ
1062 5138 1330 5193 συντελῶν
1382 5138 1475 5192 καὶ
1542 5138 1834 5207 συντέμνον

257 5236 476 5303 ποιήσει
510 5232 717 5304 Κύριος
748 5234 839 5286 ἐπὶ
863 5234 963 5305 τῆς
991 5234 1113 5304 γῆς.
1151 5252 1169 5284 ι

332 5346 350 5376 ι
399 5326 499 5380 Διὰ
532 5326 689 5379 τοῦτο
721 5326 846 5379 τάδε
880 5326 1026 5395 λέγει
1056 5324 1258 5395 Κύριος
1304 5322 1531 5378 Σαόαώθ
1552 5338 1565 5351 ⁸
1602 5321 1694 5393 Μὴ
1736 5339 1833 5389 (ξο-

260 5421 374 5483 δοῦ,
405 5422 435 5473 6
468 5419 597 5483 λαός
626 5436 747 5490 μου,
782 5420 832 5472 οί
866 5418 1249 5482 κατοικοῦντες
1287 5418 1344 5470 ὲν
1376 5415 1535 5480 Σιὼν,
1563 5415 1671 5468 ἀπὸ
1710 5415 1830 5467 Ἀσς

262 5514 478 5585 συρίων,
498 5513 578 5565 ὅτι
606 5514 663 5565 ὲν
690 5511 868 5582 ράὗδῳ
914 5510 1141 5578 πατάξει
1162 5526 1242 5564 σε’
1272 5508 1485 5582 πληγὴν
1509 5508 1619 5580 γὰρ
1648 5508 1837 5576 ὲπάγω

327 5723 368 5753 ⁸⁸
407 5724 563 5778 ltom.
602 5736 655 5777 Ix
708 5722 795 5775 27.

1931 1850 2214 1904 attendent
2264 1850 2331 1905 iis
2358 1890 2374 1915 ,
2417 1850 2614 1920 quibus
2656 1863 2818 1906 antea
2866 1853 3106 1908 animum
3157 1854 3510 1925 adhibebant,

1930 1941 2271 1999 daemonibus
2299 1943 2572 2011 malignis,
2604 1945 2697 2016 qui
2742 1947 2955 2003 animas
2990 1962 3120 2004 suas
3152 1946 3426 2016 laeseram,
3457 1960 3512 2004 et

1930 2034 2172 2089 omnium
2212 2035 2317 2090 sibi
2345 2035 2609 2091 malorum
2632 2053 2798 2093 causa
2828 2039 3078 2108 fuerant;
3110 2040 3203 2095 sed
3248 2040 3361 2096 Deo
3395 2048 3511 2095 lano

1931 2126 2051 2181 dem
2086 2125 2189 2181 soli
2227 2126 2668 2197 applicabuntur,
2700 2138 2886 2199 utpote
2930 2129 3023 2199 qui
3067 2131 3378 2202 redemptor
3410 2131 3513 2187 sibi

1930 2225 1984 2269 et
2021 2215 2284 2271 Servator
2322 2214 2550 2272 effectus
2595 2218 2689 2273 sit.
2723 2216 2847 2272 Haec
2875 2232 3005 2272 vero
3033 2218 3212 2288 reipsa
3246 2217 3513 2289 completa

1932 2318 2054 2364 sunt
2102 2308 2229 2379 Cyri
2289 2308 2580 2364 Persarum
2631 2310 2776 2379 regis
2828 2319 3092 2379 tempore,
3155 2310 3247 2379 qui
3299 2306 3514 2365 Iudaeos

1932 2415 2121 2455 omnes
2150 2401 2204 2454 in
2230 2400 2549 2469 captivitate
2578 2411 2801 2472 agentes
2830 2401 3062 2468 remisit,
3112 2417 3237 2457 cum
3278 2401 3514 2456 Zoroba-

1936 2492 2042 2558 bel,
2073 2491 2234 2549 Jesus
2280 2494 2421 2548 filius
2457 2493 2687 2548 .losedec
2724 2491 2996 2547 Sacerdos
3032 2507 3283 2563 magnus,
3317 2502 3373 2546 et
3420 2492 3515 2562 qui

1935 2601 2055 2640 cum
2082 2584 2250 2641 Esdra
2280 2595 2335 2641 et
2357 2584 2617 2640 Nebemia
2647 2590 2825 2650 erant,
2861 2598 2929 2637 ex
2958 2581 3234 2653 Babylone
3270 2584 3514 2649 reversi,

1935 2677 2194 2748 templum
2229 2678 2572 2741 excitarunt,
2620 2676 2919 2747 urbemque
2952 2676 3126 2746 ipsam
3168 2686 3518 2731 restaurave-

1939 2780 2087 2826 runt.

2008 2953 2175 3012 Vens.
2204 2953 2297 3009 22.
2335 2972 2354 3007 ι
2388 2953 2455 3008 Ει
2484 2953 2530 3009 si
2569 2952 2734 3007 fuerit
2762 2950 2994 3022 pOpqus
3024 2948 3190 3006 Israel
3222 2950 3364 3006 sicut
3394 2964 3519 3004 are-

1939 3063 2005 3100 na
2039 3045 2226 3112 maris,
2259 3044 2536 3100 residuum
2566 3041 2684 3112 ejus
2715 3042 3036 3098 salvabitur.
3071 3059 3090 3094 ι
3139 3040 3514 3098 Promiscuam

1938 3152 1993 3194 et
2018 3137 2264 3195 inutilem
2298 3136 2475 3205 gemis
2505 3134 2902 3191 multitudinem
2929 3173 2946 3200 ,
2982 3147 3104 3202 quae
3134 3139 3253 3202 post
3285 3132 3515 3188 reditum

1940 3247 2004 3286 ex
2034 3229 2308 3300 Babylone
2342 3241 2518 3297 usque
2547 3226 2611 3281 ad
2650 3224 2893 3279 Romana
2946 3232 3187 3293 tempora
3238 3223 3516 3294 regionem

1942 3322 2208 3387 incoluit,
2268 3321 2475 3376 indicat
2529 3318 2887 3390 propheticus
2934 3329 3118 3371 sermo
3163 3332 3176 3371 :
3221 3316 3275 3370 bi
3324 3316 3521 3385 quippe

1939 3417 2095 3464 erant
2116 3409 2261 3462 sicut
2295 3422 2461 3461 arena
2493 3407 2659 3461 maris
2683 3446 2697 3470 ,
2729 3420 2961 3475 quorum
2996 3405 3275 3460 residuum
3309 3415 3518 3461 tantum

1939 3497 2165 3554 salutem
2227 3506 2577 3552 consecutum
2629 3507 2734 3549 est.
2788 3493 2853 3548 III
2888 3509 3050 3563 porro
3100 3509 3168 3549 ex
3213 3494 3321 3548 illis
3363 3505 3522 3549 erant

1939 3588 2031 3658 qui
2064 3576 2117 3642 in
2148 3587 2428 3642 Christum
2459 3586 2835 3651 crediderunt,
2898 3585 3151 3654 discipuli
3198 3584 3336 3653 ejus,
3389 3599 3519 3654 apo-

1940 3679 2067 3736 stoli
2109 3688 2163 3734 et
2198 3677 2569 3747 evangelista.
2605 3675 2741 3730 Nam
2774 3691 2940 3730 arena
2973 3676 3142 3731 maris
3171 3678 3524 3735 multitudine

1938 3766 2157 3835 quidem
2198 3764 2634 3829 innumerabilis,
2666 3778 2851 3817 verum
2911 3764 3120 3820 inutilis
3153 3773 3239 3820 est
3268 3767 3339 3821 ad
3373 3770 3520 3838 agri-

1938 3857 2228 3913 culturam.
2257 3856 2391 3911 Cum
2434 3870 2566 3926 ergo
2595 3855 2822 3926 populus
2858 3856 3046 3920 Israel,
3080 3857 3276 3927 inquit,
3301 3859 3356 3913 in
3384 3860 3522 3914 mul-

1941 3949 2227 4006 titudinem
2272 3949 2620 4003 innumeram
2653 3946 2880 4003 diﬂ'usus
2923 3949 3109 4012 fuerit.
3146 3950 3219 4003 ita
3250 3960 3428 4006 tamen
3466 3961 3525 4005 ut

1940 4040 2142 4096 inutilis
2179 4041 2251 4096 sit
2282 4041 2348 4096 ad
2377 4038 2612 4095 fructum
2656 4042 2955 4097 secundum
2992 4042 3159 4096 Deum
3188 4040 3517 4107 ferendum;

1940 4144 2065 4188 tunc
2093 4132 2381 4188 multitudo
2407 4132 2624 4203 quidem
2651 4147 2841 4186 eorum
2873 4132 3098 4203 peribit,
3151 4147 3216 4187 ac
3250 4134 3380 4188 sola:
3407 4132 3525 4202 ejus

1941 4224 2180 4292 reliquiae
2205 4222 2435 4277 salutem
2470 4232 2898 4291 consequentur.

2009 4315 2173 4371 Vens.
2224 4315 2315 4371 23.
2377 4334 2396 4367 ι
2454 4314 2591 4383 Quia
2641 4317 2872 4371 verbum
2925 4316 3304 4372 abbreviatum
3360 4317 3524 4374 faciet

1945 4409 2203 4463 Dominus
2234 4410 2285 4463 in
2319 4410 2570 4464 universa
2617 4420 2782 4463 terra.
2815 4428 2834 4460 ι
2867 4409 3218 4480 Evangelium
3253 4408 3386 4463 Novi
3418 4410 3523 4464 Te—

1944 4498 2197 4553 stamenti
2232 4497 2378 4552 clare
2424 4498 2735 4554 subindicat
2761 4539 2776 4564 ,
2812 4500 2954 4569 quod
2990 4501 3040 4551 in
3086 4499 3339 4553 universa
3376 4508 3521 4554 terra

1946 4593 2295 4661 przcdicatum
2334 4601 2436 4647 est.
2473 4593 2861 4647 Abbreviatum
2896 4593 3093 4662 quippe
3135 4600 3255 4647 erat
3298 4593 3521 4647 verbum

1945 4680 2315 4750 evangelicum
2345 4722 2359 4745 ,
2409 4682 2552 4749 quod
2608 4682 2797 4763 omnia
2849 4681 3051 4753 Moysis
3099 4693 3370 4752 praecepta
3413 4698 3519 4737 non

1942 4772 2421 4842 complecteretur.
2457 4771 2582 4826 Haec
2614 4772 2759 4827 dicta
2811 4780 3206 4828 commemorat
3251 4772 3523 4841 apostolus

1943 4865 2028 4919 bis
2070 4866 2251 4919 verbis
2280 4865 2348 4931 ⁶¹,
2387 4883 2406 4915 ι
2441 4864 2641 4920 lesaias
2699 4874 2878 4920 autem
2925 4865 3055 4919 dicit
3108 4868 3174 4919 de
3219 4864 3381 4919 Israel
3419 4864 3520 4919 :Si

1940 4952 2105 5009 fuerit
2164 4969 2424 5009 numerus
2488 4955 2720 5009 filiorum
2784 4954 2952 5010 Israel
3011 4965 3268 5023 tanquam
3348 4968 3519 5009 arena
3610 4992 3615 4999 ς

1943 5046 2150 5111 maris,
2199 5045 2444 5114 reliquia:
2493 5043 2657 5099 salvat
2712 5044 2866 5102 flent.
2914 5043 3154 5099 Verbum
3192 5044 3339 5099 enim
3384 5058 3519 5098 con-

1941 5151 2239 5204 summans,
2275 5145 2328 5191 et
2376 5138 2698 5192 abbrevians
2739 5136 2998 5191 Dominus
3029 5135 3193 5192 faciet
3225 5150 3386 5204 super
3418 5145 3524 5190 ter-

1942 5243 2078 5283 ram.
2117 5246 2136 5279 ι

2016 5317 2177 5374 Vens.
2212 5318 2305 5372 2i.
2350 5318 2686 5387 «Propterea
2749 5317 2864 5372 haec
2914 5316 3046 5372 dicit
3107 5316 3368 5373 Dominus
3412 5317 3516 5374 Sa-

1942 5410 2125 5475 baoth,
2157 5410 2277 5465 Noli
2315 5411 2531 5477 timere,
2561 5410 2757 5481 popule
2803 5426 2977 5478 meus,
3004 5410 3097 5480 qui
3154 5410 3412 5465 habitatis
3462 5412 3516 5467 in

1945 5505 2099 5571 Sion,
2141 5504 2209 5560 ab
2241 5503 2503 5573 Assyriis,
2532 5504 2657 5574 quia
2707 5505 2760 5560 in
2797 5505 2945 5575 virga
2974 5503 3244 5577 percutiet
3272 5511 3366 5558 te:
3393 5502 3513 5576 pla-
