3862 6210
373 255 476 312 167

1043 251 1312 309 EUSEBH
1351 252 1828 310 CESARIENSIS
1867 252 2018 309 OPP.
2060 251 2239 307 PARS
2275 249 2362 306 111.
2403 281 2473 290 -
2513 248 2934 306 EXEGETICA.

3537 253 3640 311 168

369 385 494 440 gam
523 371 670 424 enim
705 369 957 424 inducam
1004 385 1167 440 super
1195 379 1268 432 te,
1297 381 1353 423 ut
1394 371 1581 425 videas
1609 369 1751 423 viam
1783 369 1946 440 Egy-

2057 369 2152 422 ὲπὶ
2186 367 2275 430 σὲ,
2311 365 2406 420 τοῦ
2446 367 2576 419 ἰδεῖν
2611 365 2729 419 ὁδὸν
2763 363 3062 433 Αἰγύπτου.
3108 382 3126 414 ι
3169 361 3433 435 Παραιδεῖ
3463 366 3646 420 τοίνυν

367 461 468 530 pti.
496 480 514 512 ι
555 459 817 515 Hortatur
873 462 1058 530 itaque
1107 475 1174 514 ne
1231 461 1418 514 timeat
1462 461 1722 532 Assyrios
1767 479 1781 515 :
1830 475 1955 514 nam

369 559 657 602 venturum
706 549 924 618 quidem
979 551 1056 601 ait
1095 564 1286 602 eorum
1326 563 1505 618 regem
1555 561 1611 603 et
1652 550 1956 604 Jerusalem

369 653 808 710 Oppugnaturum
836 655 977 703 esse,
1007 649 1063 693 nt
1094 639 1213 707 ejus
1247 640 1434 694 incolae
1475 640 1694 694 brevem
1741 641 1955 711 plagnn

370 733 744 800 experiantur,
777 746 875 787 ceu
912 731 1061 800 virga
1105 731 1382 799 percussi;
1431 740 1485 782 at
1527 730 1676 783 illum
1725 746 1784 785 re
1821 729 1958 785 infe-

371 837 456 879 cta
487 823 782 894 fugientem
812 837 1158 877 reversurum
1187 837 1330 876 esse.
1370 821 1501 887 Quae
1532 837 1664 877 sane
1687 821 1956 892 completa

371 927 518 979 sunt,
552 916 782 970 Ezecbia
816 914 928 968 filio
975 915 1159 968 Achaz
1205 913 1256 966 in
1301 911 1596 967 Jerusalem
1645 923 1946 984 regnante:

372 1011 462 1078 qui
496 1015 578 1063 vir
614 1009 714 1062 fuit
744 1025 848 1062 non
890 1009 1030 1074 patri
1069 1007 1299 1072 similis,
1334 1013 1428 1062 sed
1456 1008 1635 1073 justus
1677 1016 1732 1061 et
1775 1009 1955 1062 omni-

372 1102 530 1155 mode
558 1101 866 1170 religiosus.
901 1101 1012 1154 Etsi
1051 1099 1234 1170 igitur,
1268 1114 1354 1152 me
1385 1099 1436 1153 id
1468 1100 1835 1168 permittente,
1860 1116 1954 1155 rex

365 1207 563 1248 eerum
596 1195 647 1247 in
688 1205 741 1249 te
791 1195 1094 1261 irrumpat,
1164 1200 1402 1246 attamen
1449 1192 1516 1246 ad
1559 1193 1955 1261 correptionem

373 1294 584 1338 tantum
619 1286 771 1354 virga
804 1287 1072 1353 percutiet
1107 1293 1179 1349 te,
1229 1297 1334 1337 non
1384 1298 1508 1336 cum
1554 1283 1748 1353 gladiis
1777 1295 1831 1336 et
1862 1283 1956 1336 ha-

372 1374 473 1426 stis
503 1374 701 1428 bellico
733 1389 883 1428 more
915 1375 1094 1427 victor
1148 1374 1322 1425 irruet
1374 1370 1427 1423 in
1483 1381 1556 1426 te.
1611 1371 1738 1425 l-Jrec
1791 1385 1956 1442 porro

369 1463 542 1533 virgis
577 1461 777 1517 inﬂicta
809 1462 903 1516 tibi
942 1462 1094 1532 plaga
1133 1477 1238 1514 non
1281 1469 1480 1528 praeter
1516 1460 1782 1514 rationem
1817 1461 1952 1514 erit:

370 1571 594 1610 causam
619 1556 818 1624 quippe
841 1570 940 1608 cur
971 1555 1200 1624 Assyrio
1226 1568 1544 1609 concessum
1575 1554 1647 1607 sit
1681 1562 1737 1605 ut
1770 1555 1954 1606 mode-

367 1658 487 1721 rata
531 1658 583 1702 se
638 1647 792 1717 plaga
851 1645 1079 1711 alliciat,
1124 1662 1229 1700 non
1281 1649 1498 1715 ignores
1541 1645 1952 1714 oportetzquia

2063 458 2138 530 μὴ
2181 457 2464 526 φοϐεῖσθαι
2511 455 2636 519 τοὺς
2679 456 3028 528 Ἀσσυρίουςο
3062 454 3214 525 ἥξειν
3248 455 3347 526 μὲν
3388 456 3499 528 γὰρ
3549 458 3647 512 καὶ

2060 550 2510 623 ἐπιστρατεύσειν
2556 548 2699 603 κατά
2741 550 2841 619 τῆς
2883 548 3238 620 Ἰερουσαλὴμ
3297 550 3386 602 τὸν
3438 548 3648 603 τούτων

2062 645 2307 716 βασιλέα,
2338 645 2474 716 πρὸς
2503 643 2565 694 τὸ
2606 641 2863 714 βραχείας
2897 641 3226 711 πειραθῆναι
3259 642 3473 713 πληγῆς
3515 645 3645 706 τοὺς

2059 735 2117 787 ἐν
2160 735 2298 805 αὐτῇ
2341 733 2763 797 κατοικοῦντας,
2812 731 3002 805 ὥσπερ
3052 731 3232 803 ῥάϐδῳ
3273 733 3604 803 παιομένους
3628 749 3643 761 ·

2058 827 2341 897 ἄπρακτον
2373 825 2430 879 δέ
2464 826 2625 880 αὐτὸν
2659 825 3050 898 ὑποστρέψειν,
3100 827 3243 896 φυγῇ
3277 825 3643 896 χρησάμενον.

2073 918 2405 991 Ἐπληροῦτο
2449 919 2505 972 δὲ
2557 920 2650 973 καὶ
2696 919 2870 974 ταῦτα
2895 919 2988 972 ἐπὶ
3027 919 3269 983 Ἐζεκίου
3318 917 3435 970 υἱοῦ
3478 915 3649 986 Ἀχὰζ

2062 1009 2436 1080 βασιλεύοντος
2470 1013 2528 1064 ἐν
2569 1009 2943 1082 Ἰερουσαλὴμ,
2983 1009 3175 1081 ἀνδρὸς
3225 1008 3550 1079 γενομένου,
3582 1007 3646 1060 οὐ

2063 1099 2206 1153 κατὰ
2255 1099 2346 1152 τὸν
2386 1099 2623 1170 πατέρα,
2663 1099 2872 1152 δικαίου
2911 1099 2969 1151 δέ
3001 1091 3196 1162 ἄλλως,
3222 1099 3319 1151 καὶ
3363 1095 3649 1164 θεοφιλοῦς

2060 1197 2203 1250 κατά
2237 1197 2413 1250 πάντα
2437 1196 2657 1267 τρόπον.
2695 1197 2758 1249 Εἰ
2784 1195 2876 1248 καὶ
2907 1195 2976 1248 τά
3012 1193 3248 1265 μάλιστα
3283 1189 3406 1256 οὖν,
3453 1191 3644 1263 φησὶν,

2060 1287 2194 1358 ἐμοῦ
2232 1288 2637 1359 ἐπιτρέποντος,
2675 1288 2770 1341 καὶ
2798 1289 2854 1341 ἐν
2891 1288 2972 1340 σοὶ
2995 1285 3342 1340 ἐπελεύσεται
3373 1285 3402 1336 ὁ
3434 1284 3648 1338 τούτων

2062 1386 2338 1457 βασιλεὺς,
2362 1389 2512 1458 ὅμως
2537 1387 2594 1440 ἐν
2643 1388 2822 1460 ῥάϐδῳ
2852 1374 3247 1457 ἐπιστρεπτικῇ
3294 1385 3528 1450 πατάξει
3558 1401 3645 1449 σε,

2062 1479 2178 1534 ἀλλ’
2210 1481 2272 1533 οὐ
2306 1478 2534 1551 ξίφεσιν,
2563 1479 2681 1532 οὐδὲ
2707 1479 2897 1551 δόρασι
2918 1477 3156 1549 πολέμου
3185 1478 3336 1547 νόμῳ
3360 1478 3648 1547 κρατήσας

2060 1573 2471 1637 ἐπεξελεύσεταί
2512 1590 2614 1628 σοι.
2657 1573 2766 1626 Καὶ
2805 1571 2943 1642 αῦτη
2978 1571 3034 1624 δέ
3069 1573 3103 1642 ἡ
3140 1569 3226 1624 διὰ
3259 1569 3454 1642 ῥάϐδου
3497 1567 3648 1622 κατά

2061 1662 2156 1715 σοῦ
2189 1661 2370 1732 πληγὴ
2404 1661 2503 1713 οὐκ
2531 1661 2684 1713 ἔσται
2717 1661 3058 1731 παράλογος·
3100 1659 3161 1713 τὸ
3190 1660 3298 1731 γὰρ
3335 1660 3507 1713 αἴτιον
3543 1658 3644 1712 τοῦ

370 1739 512 1791 enim
559 1738 660 1790 viae
697 1738 749 1790 in
781 1735 1077 1806 Egyptum
1116 1737 1293 1789 denuo
1323 1749 1373 1790 te
1406 1735 1750 1798 commisisti,
1782 1734 1946 1788 idolo-

2059 1723 2480 1826 συγχωρηθήναι
2539 1754 2628 1807 τὸν
2693 1723 2978 1825 Ἀσσύριον
3011 1723 3017 1724 ⁷
3049 1723 3391 1824 πεπεισμένη
3455 1749 3642 1822 πληγῇ

369 1829 539 1882 iatrite
587 1829 789 1883 Acbazi
849 1837 1091 1896 tempore
1136 1827 1384 1891 deditus;
1420 1829 1540 1882 ideo
1597 1842 1693 1881 vos
1744 1827 1951 1898 Assyrii

367 1919 532 1988 virga:
563 1919 782 1982 tradidi,
817 1927 874 1971 ut
923 1920 989 1972 ad
1033 1934 1221 1972 sanam
1273 1928 1509 1972 mentem
1553 1928 1608 1972 et
1641 1921 1955 1972 conversio-

370 2024 491 2061 nem
517 2011 854 2064 reducerem.

439 2317 603 2373 Vens.
631 2319 722 2385 25,
757 2319 848 2374 26.
893 2339 909 2372 ι
936 2320 1127 2375 Adhuc
1157 2321 1300 2375 enim
1363 2320 1662 2390 paululum,
1689 2330 1740 2375 et
1765 2336 1950 2376 cessa-

368 2410 450 2466 bit
481 2412 560 2464 ira
591 2428 603 2463 :
634 2411 790 2465 furor
829 2421 1008 2465 autem
1048 2429 1200 2467 meus
1227 2427 1389 2482 super
1419 2412 1704 2466 consilium
1738 2429 1946 2466 eorum.

363 2501 433 2560 Et
483 2505 767 2560 suscitabit
821 2505 961 2558 Deus
1018 2521 1181 2574 super
1231 2521 1325 2560 eos
1381 2507 1679 2559 secundum
1735 2507 1947 2576 plagam

365 2599 599 2654 Madiam
640 2603 691 2654 in
719 2601 837 2655 loco
873 2601 1235 2656 tribulationis
1267 2619 1279 2654 :
1307 2612 1360 2655 et
1394 2601 1546 2655 furor
1572 2601 1689 2672 ejus
1716 2601 1769 2655 in
1806 2603 1948 2656 viam

363 2693 432 2747 ad
471 2707 642 2757 mare,
678 2695 728 2747 in
771 2694 911 2746 viam
965 2692 1202 2764 Egypti.
1237 2712 1256 2745 ι
1296 2692 1351 2747 Si
1388 2693 1608 2762 quidem
1642 2693 1795 2747 vobis
1825 2709 1947 2747 cum

367 2799 497 2853 rege
524 2795 712 2839 vestro
742 2783 970 2836 Ezecbia
1004 2786 1069 2836 ad
1111 2784 1388 2837 meliorem
1423 2781 1636 2852 frugem
1671 2793 1950 2837 reverten-

372 2875 540 2939 tibus,
569 2891 633 2930 ac
666 2874 833 2928 Deum
865 2873 1306 2942 agnoscentibus,
1334 2873 1633 2942 indignatio
1672 2887 1790 2926 mea
1817 2889 1949 2929 con-

368 2977 450 3019 tra
489 2980 587 3020 VOS
622 2979 850 3018 accensa
900 2961 1174 3017 CCSSQbil:
1205 2978 1288 3016 Ille
1318 2972 1497 3016 autem
1539 2973 1737 3017 γυςιηρ
1783 2964 1945 3018 saluti

369 3056 769 3126 patrocinante,
809 3055 1066 3124 Assyrius
1104 3055 1335 3122 turpiter
1366 3069 1464 3123 per
1494 3063 1732 3108 vestram
1766 3057 1945 3126 regio-
1975 3090 2020 3152 c

367 3163 514 3211 nem,
545 3161 751 3214 perque
791 3157 1004 3199 vestras
1047 3145 1210 3199 urbes
1242 3144 1433 3214 fugiet,
1473 3161 1502 3198 a
1535 3146 1655 3200 loco
1687 3148 1740 3200 in
1769 3146 1946 3202 locum

361 3253 486 3294 sese
518 3238 642 3308 fuga
679 3239 1006 3292 subducens.

439 3354 602 3410 Vatis.
631 3351 819 3408 27-55.
840 3352 936 3406 (Et
969 3354 1074 3407 erit
1099 3352 1150 3406 in
1183 3354 1269 3407 die
1303 3354 1389 3406 illa
1421 3371 1434 3406 :
1460 3354 1734 3411 auferetur
1756 3354 1947 3425 jugum

360 3451 480 3520 ejus
504 3451 574 3506 ab
613 3452 840 3504 humero
867 3458 977 3514 tuo,
1005 3459 1059 3503 et
1094 3449 1255 3504 timor
1285 3448 1402 3519 ejus
1426 3465 1590 3519 super
1627 3459 1698 3516 te,
1735 3461 1790 3502 et
1824 3465 1950 3503 cor-

361 3555 647 3613 rumpetur
685 3543 872 3613 jugum
924 3542 991 3595 ab
1031 3542 1279 3597 humeris
1323 3543 1544 3597 vestris.
1579 3536 1773 3596 Veniet
1800 3542 1946 3596 enim

363 3638 419 3692 in
455 3638 729 3690 civitatem
760 3637 952 3706 Angze,
1005 3644 1060 3689 et
1094 3634 1352 3688 transibit
1393 3637 1446 3687 in
1495 3634 1781 3705 Maggedo,
1811 3645 1867 3689 et
1893 3635 1947 3689 in

361 3727 643 3785 Machmas
675 3736 842 3796 ponet
886 3741 1014 3780 vasa
1062 3740 1178 3780 sua.
1223 3725 1289 3778 Et
1343 3727 1596 3779 transibit
1641 3727 1860 3792 vallem,
1893 3735 1950 3780 et

357 3821 544 3876 veniet
590 3823 644 3874 in
695 3822 878 3890 Attgte.
913 3817 1104 3873 Timor
1134 3818 1510 3887 apprehendet
1537 3818 1705 3871 Rama
1745 3819 1947 3872 civita-

360 3922 470 3968 tem
514 3911 668 3966 Saul.
715 3911 911 3980 Fugiet
957 3911 1069 3964 lilia
1114 3909 1337 3976 Gallim,
1369 3910 1621 3964 audietur
1647 3910 1697 3962 in
1735 3909 1944 3966 Laisa:

360 4005 614 4059 audietur
647 4004 702 4056 in
750 4002 1050 4056 Anatboth.
1099 4001 1167 4054 Et
1200 4001 1482 4069 obstupuit
1521 3999 1844 4067 Madebena,
1891 4011 1946 4055 ct

358 4095 698 4152 habitatores
728 4093 937 4149 Gibbir.
974 4091 1344 4147 Consolamini
1368 4092 1531 4148 hodie
1554 4093 1605 4146 in
1634 4094 1719 4148 via
1744 4105 1801 4147 ut
1831 4111 1948 4147 ma-

360 4201 508 4245 neat.
549 4188 918 4244 Consolamini
968 4203 1130 4242 tnanu
1177 4199 1438 4253 montem,
1474 4188 1644 4242 filiam
1693 4187 1848 4253 Sion,
1884 4198 1940 4241 et

357 4281 528 4338 colles
568 4282 621 4336 in
670 4278 993 4336 Jerusalem.
1034 4280 1173 4334 Ecce
1217 4279 1530 4335 dominator
1562 4280 1824 4335 Dominus
1847 4278 1940 4334 Sa-

356 4372 524 4428 baoth
577 4371 934 4427 conturbabit
986 4370 1252 4440 gloriosos
1304 4386 1427 4424 cum
1483 4370 1827 4435 fortitudine,
1888 4383 1945 4425 et

2056 1843 2365 1914 χρήσασθαι
2403 1842 2544 1896 κατὰ
2572 1842 2666 1896 σοῦ
2698 1844 2772 1914 μὴ
2804 1844 3022 1912 ἀγνόει·
3067 1842 3256 1914 ἐπειδὴ
3291 1841 3399 1913 γὰρ
3430 1843 3497 1913 τῇ
3533 1841 3645 1911 ὁδῷ

2054 1936 2330 2005 Αἰγύπτου
2364 1937 2525 1990 πάλιν
2570 1936 2796 1990 σεαυτὸν
2843 1937 3170 2000 ἐκδέδωκας,
3225 1934 3647 2006 είδωλολατρείᾳ

2056 2027 2447 2100 προσεσχηκὼς
2473 2028 2614 2082 κατὰ
2634 2029 2760 2093 τοὺς
2796 2028 3024 2100 χρόνους
3059 2027 3245 2098 ’Λχάζ,
3267 2027 3455 2080 τούτου
3479 2027 3645 2098 χάριν

2055 2122 2200 2191 ὑμᾶς
2230 2123 2293 2191 τῇ
2325 2119 2505 2191 ῥάϐδῳ
2537 2118 2631 2171 τοῦ
2675 2119 2961 2191 Ἀσσυρίου
3006 2117 3366 2188 παραδέδωκα
3405 2117 3485 2180 είς
3531 2134 3643 2171 σω-

2055 2211 2352 2282 φρονισμὸν
2384 2212 2478 2264 καὶ
2497 2210 2854 2280 ἐπιστροφήν.

2129 2322 2148 2355 ι
2190 2305 2311 2357 Ἔτι
2345 2303 2453 2375 γὰρ
2481 2303 2677 2374 μικρὸν
2709 2305 2804 2356 καὶ
2827 2302 3096 2356 παύσεται
3128 2303 3160 2373 ἡ
3190 2301 3365 2373 ὀργή·
3399 2299 3506 2354 ὁδὶ
3542 2299 3650 2355 θυ-

2056 2397 2154 2468 μός
2191 2414 2292 2466 μου
2327 2397 2420 2448 ἐπὶ
2448 2397 2547 2468 τὴν
2595 2394 2787 2467 βουλὴν
2817 2394 3018 2449 αὐτῶν.
3066 2396 3178 2449 Καὶ
3211 2397 3395 2467 ἐγερεῖ
3432 2397 3460 2449 6
3506 2393 3651 2458 Θεὸς

2051 2491 2138 2542 ἐπ’
2155 2489 2352 2553 αὐτοὺς
2367 2487 2506 2541 κατά
2521 2487 2618 2560 τὴν
2649 2485 2864 2558 πληγὴν
2885 2486 3113 2558 Μαδιάμ
3132 2487 3188 2540 ἐν
3210 2487 3363 2558 τόπῳ
3385 2486 3644 2556 θλίψεωςο

2052 2579 2147 2633 καὶ
2179 2581 2206 2632 6
2241 2579 2410 2650 θυμὸς
2433 2578 2598 2632 αὑτοῦ
2633 2580 2697 2649 τῇ
2729 2577 2832 2648 ὀδῷ
2860 2581 2926 2649 τῇ
2953 2577 3096 2632 κατὰ
3121 2579 3421 2645 θάλασσαν,
3446 2580 3525 2641 εἰς
3542 2577 3650 2648 τὴν

2050 2671 2168 2725 ὁδὸν
2217 2672 2316 2743 τὴν
2366 2675 2491 2725 κατ’
2516 2673 2815 2742 Αἴγυπτον.
2854 2693 2871 2724 ι
2926 2671 3360 2727 Μεταϐαλόντων
3392 2670 3492 2741 μὲν
3521 2669 3642 2742 γὰρ

2053 2763 2207 2834 ὑμῶν
2240 2765 2333 2817 ἐπὶ
2361 2763 2431 2818 τά
2458 2765 2714 2836 κρείττω,
2763 2766 2856 2818 καὶ
2909 2765 3002 2820 τὸν
3046 2764 3180 2818 Θεὸν
3223 2762 3647 2832 ἐπεγνωκότων,

2052 2853 2167 2925 ἅμα
2191 2854 2269 2925 τῷ
2287 2856 2538 2928 ὑμετέρῳ
2564 2856 2774 2927 βασιλεῖ
2813 2857 3050 2929 Ἐζεκίᾳ.
3076 2858 3170 2910 καὶ
3201 2859 3234 2928 ή
3266 2856 3652 2928 ἀγανάκτησίς

2055 2966 2155 3020 μου
2192 2951 2224 3020 ἡ
2269 2949 2390 3003 καθ’
2425 2950 2578 3021 ὑμῶν
2619 2950 2918 3004 παύσεται⁸
2953 2950 3088 3023 ἐμοῦ
3129 2951 3186 3004 δὲ
3223 2952 3325 3021 τῆς
3366 2950 3648 3022 ὑμετέρας

2053 3041 2327 3113 σωτηρίας
2389 3040 2893 3113 ὑπερασπίζοντος,
2954 3039 3209 3109 φεύξεται
3266 3041 3294 3092 ὀ
3355 3038 3651 3111 Ἀσσύριος

2053 3132 2398 3202 ἀσχημόνως,
2447 3131 2534 3185 διὰ
2571 3132 2673 3201 τῆς
2711 3131 2984 3203 ὑμετέρας
3017 3130 3201 3202 χώρας
3246 3130 3340 3184 καὶ
3392 3128 3482 3182 διὰ
3530 3127 3652 3185 τῶν

2053 3224 2334 3295 ὑμετέρων
2360 3225 2566 3278 πόλεων
2592 3225 2755 3278 τόπον
2788 3226 2851 3278 ἐκ
2872 3223 3039 3277 τόπου
3070 3222 3462 3295 διαδιδράσκων

2127 3372 2146 3404 ι
2186 3355 2307 3413 Καὶ,
2331 3354 2481 3408 ἐσται
2523 3356 2582 3408 ἐν
2626 3357 2692 3426 τῇ
2729 3355 2917 3427 ἡμέρᾳ
2968 3355 3175 3426 ἐκείνῃ,
3206 3353 3648 3425 ἀφαιρεθήσεται

2053 3444 2261 3514 ὁζυγὸς
2292 3446 2458 3500 αὑτοῦ
2492 3447 2600 3500 ἀπὸ
2628 3448 2722 3500 τοῦ
2762 3446 2911 3518 ὤμου
2949 3463 3065 3510 σου,
3097 3447 3190 3500 καὶ
3219 3445 3434 3515 ὁνφόϐος
3473 3445 3646 3500 αὑτοῦ

2051 3536 2143 3589 ἐπὶ
2167 3535 2285 3600 σοῦ,
2321 3538 2414 3590 καὶ
2448 3537 2928 3610 καταφθαρήσεται
2951 3539 2980 3590 ὁ
3007 3537 3172 3606 ζυγὸς
3201 3537 3310 3591 ἀπὸ
3342 3537 3450 3590 τῶν
3471 3535 3648 3607 ὤμων

2053 3629 2226 3699 ὑμῶν.
2258 3626 2414 3693 ’Ἥξει
2447 3629 2556 3702 γάρ
2582 3632 2662 3693 εἰς
2684 3629 2782 3701 τὴν
2809 3630 2964 3682 πόλιν
3006 3628 3219 3699 Ἀγγαὶ,
3256 3629 3350 3683 καὶ
3375 3629 3648 3701 παρελεύ-

2054 3737 2208 3774 σεται
2235 3722 2314 3784 εἰς
2351 3719 2644 3789 Μαγγεδὼ,
2676 3720 2771 3774 καὶ
2801 3723 2858 3775 ἐν
2885 3721 3127 3792 Μαχμάς
3171 3720 3327 3792 θήσει
3354 3721 3422 3774 τὰ
3466 3720 3642 3794 σκεύη

2050 3812 2237 3870 αὑτοῦ,
2298 3813 2410 3866 Καὶ
2444 3813 2841 3884 παρελεύσεται
2879 3814 3176 3886 φάραγγα,
3233 3813 3328 3867 καὶ
3373 3813 3494 3884 ἥξει
3559 3815 3646 3878 εἰς

2062 3901 2276 3971 Ἀγγαί.
2299 3902 2466 3966 Φόϐος
2496 3902 2727 3974 λήψεται
2773 3903 2952 3975 Ῥαμά
2977 3903 3132 3957 πόλιν
3153 3903 3347 3958 Σαούλ.
3375 3904 3643 3969 Φεύξεται

2049 3993 2298 4066 θυγάτηρ
2328 3993 2566 4064 Γαλλείμ
2587 4011 2601 4025 ο
2639 3994 3006 4048 ἐπακούσεται
3054 3996 3113 4049 ἐν
3158 3996 3358 4062 Λαῖσά,
3390 3996 3639 4050 ἐπακού-

2051 4109 2202 4146 σεται
2234 4095 2292 4145 ἐν
2321 4093 2580 4148 Ἀναθὼθ.
2614 4093 2723 4146 Καὶ
2743 4093 2935 4165 ἐξέστη
2965 4095 3278 4167 Μαδεϐήνὰ,
3303 4097 3397 4149 καὶ
3428 4099 3478 4149 οἱ
3500 4114 3641 4161 κᾳτ-

2047 4184 2326 4249 οικοῦντες
2367 4181 2608 4257 Γιϐϐείρ.
2640 4171 3015 4257 Παρακαλεῖτε
3053 4189 3290 4259 σήμερον
3319 4190 3376 4242 ἐν
3405 4187 3512 4258 ὀδῷ
3541 4189 3641 4242 τοῦ

2050 4278 2250 4345 μεῖναι.
2293 4277 2674 4348 Παρακαλεῖτε
2707 4281 2773 4350 τῇ
2804 4278 2950 4350 χειρὶ
2979 4279 3040 4332 τὸ
3071 4280 3198 4352 ὅρος
3219 4280 3318 4352 τὴν
3357 4281 3642 4354 θυγατέρα

2046 4367 2206 4429 Σιὼν,
2241 4368 2337 4421 καὶ
2366 4370 2416 4421 οἱ
2450 4368 2629 4438 βουνοὶ
2657 4372 2705 4422 οἱ
2732 4372 2788 4423 ἐν
2819 4371 3190 4443 Ἰερουσαλήμ.
3227 4372 3357 4426 Ἰδοὺ
3389 4375 3418 4426 6
3443 4373 3645 4428 δεσπό-

358 4463 563 4518 excelsi
605 4461 801 4529 injuria
829 4469 1206 4526 conterentur,
1237 4469 1292 4514 et
1324 4460 1775 4515 Immilialmntnr.
1803 4480 1820 4512 ι
1860 4461 1939 4513 Tu

2056 4475 2144 4529 της
2165 4459 2368 4530 Κύριος
2403 4459 2628 4514 Σαϐαὼθ
2659 4463 3018 4533 συνταράσσει
3044 4465 3170 4527 τοὺς
3200 4464 3443 4528 ἐνδόξους
3498 4468 3640 4538 μετά

361 4556 580 4625 quippe,
611 4554 689 4606 ait
728 4553 820 4606 ille
860 4554 1116 4622 populum
1163 4567 1323 4606 suum
1377 4552 1681 4621 allomiens,
1721 4553 1940 4607 liberet

359 4645 505 4699 omni
547 4653 692 4697 metu
744 4658 945 4697 vacuus
980 4646 1128 4696 eris:
1163 4641 1259 4710 qui
1313 4656 1442 4696 vero
1478 4641 1744 4710 fugiebat,
1791 4643 1940 4712 prius

355 4737 535 4792 veniet
566 4736 622 4790 in
666 4735 946 4790 civitatem
991 4735 1189 4804 Angm;
1239 4734 1366 4787 inde
1395 4747 1524 4788 vero
1557 4734 1722 4788 alium
1772 4735 1826 4788 in
1869 4733 1942 4787 lo-

353 4844 480 4886 cum
529 4827 944 4899 commigrabit;
998 4827 1179 4894 ibique
1249 4824 1626 4897 defatigatus,
1688 4827 1940 4881 sarcinas

356 4929 520 4990 ponet
548 4934 676 4975 suas
708 4937 721 4973 :
757 4920 952 4974 deinde
988 4919 1154 4974 istinc
1193 4918 1302 4972 alio
1355 4918 1631 4984 transibit,
1668 4919 1810 4971 unde
1845 4935 1940 4972 ve-

356 5015 471 5069 niet
500 5013 553 5067 in
583 5013 773 5068 urbem
799 5027 960 5082 quam
1000 5022 1202 5066 vocant
1233 5010 1416 5064 Saulis
1448 5028 1461 5063 :
1495 5021 1676 5080 postea
1709 5025 1841 5064 vero
1883 5013 1933 5064 in

360 5107 524 5160 alium
553 5108 729 5163 locum
763 5127 776 5163 :
806 5119 973 5180 atque
1003 5110 1082 5164 sic
1111 5109 1343 5178 turpiter
1365 5108 1432 5162 de
1463 5107 1642 5161 medio
1682 5106 1935 5170 tolletur;

358 5210 455 5250 vos
483 5208 661 5252 autem
687 5197 1126 5264 consolahitnini,
1147 5207 1198 5251 et
1221 5197 1472 5252 solatium
1495 5197 1798 5265 accipietis,
1831 5213 1935 5249 non

355 5289 588 5358 amplius
631 5291 978 5362 Assyriorum
1024 5291 1157 5360 jngo
1187 5289 1408 5345 subditi.
1441 5288 1514 5344 Ut
1559 5291 1704 5344 enim
1757 5291 1825 5343 ab
1855 5289 1937 5342 in-

353 5389 584 5450 gruente
617 5381 813 5451 illaque
858 5382 1010 5438 brevi
1047 5383 1400 5452 correptione
1440 5397 1547 5434 non
1583 5380 1813 5452 fugiant,
1841 5382 1932 5434 sed

353 5484 732 5540 permaneant,
786 5491 806 5524 ι
831 5472 1224 5539 Consolamini,
1253 5494 1271 5526 ι
1315 5475 1414 5541 ait,
1466 5491 1484 5524 ι
1519 5473 1684 5527 filiam
1720 5472 1877 5542 Sion,
1912 5491 1930 5523 ι

353 5563 605 5618 videlicet
641 5565 974 5621 habitatores
1005 5565 1333 5622 Jerusalem.

351 5654 784 5727 ἐπελευσομένην
837 5655 1104 5722 παιδείαν,
1156 5677 1174 5707 ι
1227 5655 1638 5726 Παρακαλεῖτε,

379 5745 670 5820 ιερουσαλή
679 5763 736 5817 μ.

2051 4550 2260 4620 ἰσχύος
2303 4552 2398 4605 καὶ
2429 4554 2478 4605 οἱ
2507 4550 2701 4624 ὑψηλοὶ
2730 4556 2794 4625 τῇ
2825 4554 2984 4626 ῦϐρει
3031 4557 3502 4628 συντριϐήσονται,
3541 4559 3641 4612 καὶ

2046 4643 2566 4716 ταπεινωθήσονται.
2599 4664 2617 4695 ›
2647 4647 2718 4699 Σὺ
2756 4647 2854 4717 μὲν
2881 4643 2996 4713 οὖν,
3038 4648 3201 4720 φησὶν
3226 4649 3362 4720 πρὸς
3393 4647 3485 4702 τὸν
3507 4647 3640 4703 λαὸν

2047 4734 2235 4799 αὐτοῦ,
2276 4735 2375 4808 ἔσῃ
2407 4735 2694 4809 ἐλεύθερος
2723 4739 2817 4791 καὶ
2845 4741 3044 4802 παντὸς
3074 4739 3494 4812 ἀπηλλαγμένος
3541 4742 3643 4810 φό-

2045 4827 2175 4880 ϐου·
2210 4830 2239 4880 6
2273 4828 2330 4881 δὲ
2370 4829 2609 4899 φεύγων,
2647 4830 2911 4902 πρότερον
2949 4831 3050 4902 μὲν
3078 4831 3200 4901 ἥξει
3234 4834 3315 4895 εἰς
3345 4832 3446 4903 τὴν
3481 4832 3640 4886 πόλιν

2058 4918 2250 4986 Ἀγγαί
2269 4936 2282 4948 ·
2324 4915 2442 4973 εἶτα
2473 4920 2682 4973 ἐκεῖθεν
2706 4921 3100 4992 παρελεύσεται
3123 4923 3203 4986 είς
3231 4923 3416 4994 ἕτερον
3443 4923 3634 4989 τόπον,

2045 5014 2138 5065 καὶ
2161 5012 2465 5082 ἀποκαμὼν
2513 5013 2747 5066 ἐνταῦθα
2781 5015 2848 5067 τά
2875 5014 3042 5085 σκεύη
3063 5014 3229 5068 αὑτοῦ
3261 5015 3598 5085 ἀποϐήσεται
3616 5033 3630 5046 ·

2044 5103 2233 5156 ἔπειτα
2266 5104 2583 5175 διαϐήσεται
2638 5106 2888 5159 ἐντεῦθεν
2932 5107 3195 5177 ἀλλαχοῦ·
3248 5106 3504 5161 κάκεῖθεν
3551 5112 3636 5173 εἰς

2042 5197 2142 5266 τὴν
2188 5198 2525 5268 καλουμένην
2585 5199 2739 5251 πόλιν
2784 5199 2984 5252 Σαούλ·
3025 5195 3142 5252 εἶτα
3185 5203 3264 5264 εἰς
3320 5202 3505 5272 ἕτερον
3539 5203 3633 5255 τό-

2045 5306 2177 5342 πον·
2237 5292 2330 5343 καὶ
2388 5289 2562 5366 οὕτως
2618 5290 2970 5362 ἀσχημονῶν,
3032 5293 3245 5363 ἀφανὴς
3302 5294 3630 5364 γενήσεται’

2043 5381 2199 5450 ὑμεῖς
2223 5383 2278 5436 δέ
2301 5382 2853 5454 παρακαληθήσεσθε,
2872 5387 2967 5437 καὶ
2984 5385 3336 5456 παραμυθίας
3350 5385 3630 5452 τεύξεσθε,

2045 5474 2241 5546 μηκέτι
2284 5477 2634 5548 ὑποκείμενοι
2671 5476 2749 5547 τῷ
2771 5476 2920 5548 ζυγῴ
2951 5477 3058 5530 τῶν
3099 5477 3418 5548 Ἀσσυρίων.
3458 5477 3632 5550 Ὑπὲρ

2043 5566 2148 5639 γὰρ
2176 5568 2272 5620 τοῦ
2307 5569 2381 5641 μὴ
2418 5569 2641 5638 φεύγειν
2675 5571 2770 5624 καὶ
2803 5573 3092 5643 καρτερεῖν
3124 5571 3223 5641 τὴν
3260 5570 3397 5642 πρὸς
3445 5568 3632 5638 ὀλίγον

1689 5674 1706 5703 ι
1758 5656 1924 5726 φησὶ,
1973 5672 1992 5705 t
2029 5655 2130 5726 τὴν
2163 5657 2436 5729 θυγατέρα
2501 5661 2660 5724 Σιὼν,
2693 5679 2711 5712 ι
2779 5661 2980 5733 δηλαδὴ
3013 5661 3140 5725 τοὺς
3179 5659 3522 5728 ἐνοικοῦντας
3560 5664 3630 5735 τῇ
