3862 6210
156 296 261 352 109

1095 248 1594 354 COMMENTARIA
1639 293 1707 350 lN
1747 293 1998 353 ISAIAM.
2042 326 2107 336 --
2146 293 2297 351 CAP.
2342 293 2433 350 XI.

3308 296 3411 350 170

229 429 249 462 ι
287 409 400 463 Καὶ
432 409 728 468 πεσοῦνται
761 414 808 466 οί
848 413 1041 485 ὑψηλοὶ
1083 415 1355 486 μαχαίρᾳ·
1394 416 1422 468 6
1455 414 1511 467 δὲ
1561 413 1729 467 Λίϐα-

1908 409 2068 466 Vsus.
2100 409 2190 465 54.
2228 426 2246 461 ι
2276 409 2338 463 Et
2399 406 2589 465 cadent
2634 411 2830 464 excelsi
2879 409 3053 480 gladio
3133 448 3147 463 .
3174 407 3412 467 Libanus

155 520 241 568 νος
263 505 362 558 σὺν
399 504 506 567 τοῖς
545 502 767 576 ὑψηλοῖς
809 508 1074 560 πεσεῖται.
1112 526 1130 559 ι
1166 507 1306 579 Ὅρα
1339 506 1396 560 δέ
1426 523 1546 578 μοι,
1577 506 1736 569 ὅσους

156 594 246 647 καὶ
272 592 469 657 ὁσάκις
509 594 749 665 ὑψηλοὺς
776 596 1092 666 ὠνόμασεν·
1126 589 1200 649 ὧν
1246 596 1305 649 τὸ
1345 595 1600 667 σύστημα
1657 594 1737 664 τῷ

156 685 392 756 Λιϐάνῳ,
431 686 527 738 καὶ
559 688 680 751 ταῖς
712 688 769 740 ἐν
794 685 941 757 αύτῷ
968 686 1331 758 ὑψηλοτάταις
1355 687 1571 758 κέδροις
1627 686 1735 754 ἀφ-

154 781 344 849 ομοιοῖ.
364 778 461 831 Διὸ
488 778 703 849 εἴρηται
725 778 986 850 ἀλλαχοῦ·
1027 797 1044 829 ι
1078 775 1230 832 Εἶδον
1247 779 1340 833 τὸν
1368 779 1539 851 ἀσεϐῆ
1570 779 1740 849 ὑπερ-

156 870 458 942 υψούμενον
535 870 631 924 καὶ
700 872 1057 942 ἐπαιρόμενον
1095 871 1171 935 ὡς
1223 871 1325 935 τὰς
1380 871 1602 940 κέδρους
1642 869 1737 924 τοῦ

152 961 426 1015 Λιϐάνου·
480 979 499 1013 ι
536 962 631 1015 καὶ
682 962 741 1015 ἐν
787 962 955 1033 ἑτέρῳ
1004 962 1201 1016 πάλιν·
1245 981 1263 1014 ι
1319 962 1473 1032 Φωνὴ
1529 960 1738 1034 Κυρίου

155 1052 538 1123 συντρίϐοντος
590 1052 837 1123 κέδρους,
891 1054 986 1107 καὶ
1040 1052 1315 1123 συντρίϐει
1364 1051 1570 1123 Κύριος
1640 1050 1739 1116 τὰς

154 1144 377 1215 κέδρους
428 1142 524 1196 τοῦ
568 1144 833 1198 Λιϐάνου·
885 1146 981 1200 καὶ
1011 1146 1263 1199 λεπτυνεί
1306 1143 1475 1210 αὑτὰς
1518 1144 1595 1208 ώς
1646 1143 1738 1197 τὸν

156 1236 357 1308 μόσχον
385 1235 480 1288 τὸν
507 1234 755 1289 Λίϐανον.
800 1256 818 1288 ι

681 1328 1079 1381 ΚΕΦΑΛΑΙΟΝ
1118 1329 1220 1381 IA'.

230 1439 250 1472 ι
289 1421 407 1473 Καὶ
460 1419 801 1488 ἐξελεύσεται
846 1419 1037 1491 ῥάϐδος
1067 1420 1132 1472 ἐκ
1174 1419 1273 1490 τῆς
1307 1417 1464 1491 ῥίζης
1508 1416 1734 1482 Ἰεσσαὶ,

156 1511 247 1565 καὶ
303 1510 470 1574 ἄνθος
531 1512 597 1564 ἐκ
646 1511 747 1580 τῆς
797 1508 953 1581 ῥίζης
1004 1508 1352 1580 ἀναϐήσεται.
1403 1528 1421 1561 t
1469 1508 1593 1571 Πῶς
1629 1508 1738 1561 τῶν

156 1601 577 1673 προειρημένων
614 1601 869 1654 ἁπάντων
902 1600 1055 1653 ἔσται
1094 1599 1351 1670 συντριϐὴ
1385 1598 1480 1652 καὶ
1508 1598 1735 1662 πτῶσις,

158 1694 494 1764 παρίστησιν
538 1692 698 1763 ἑξῆς,
745 1692 809 1745 ἐκ
854 1691 1012 1762 ῥίζης
1066 1691 1265 1746 Ἰεσσαὶ
1313 1689 1736 1763 προελεύσεσθαι

161 1784 352 1837 ὁάϐδον
381 1782 661 1849 θεσπίζων
679 1801 693 1813 ·
727 1783 848 1854 ῆτις
873 1782 1085 1853 ῥάϐδος,
1116 1781 1325 1845 πάντας
1346 1783 1470 1846 τοὺς
1506 1780 1741 1852 ὑψηλοὺς

159 1874 521 1946 συντρίψασα,
583 1860 935 1927 ταπεινώσει.
986 1872 1077 1926 Διὸ
1133 1872 1530 1943 ἐπισυνῆπται·
1572 1890 1589 1921 ι
1633 1871 1742 1923 Καὶ

157 1963 507 2032 ἐξελεύσεται
544 1965 742 2037 ῥάϐδος
768 1965 832 2017 ἐκ
863 1964 962 2034 τῆς
1003 1964 1159 2035 ῥίζης
1198 1964 1416 2018 Ἰεσσαί.
1452 1982 1469 2015 t
1518 1963 1664 2017 ’Δντὶ
1684 1962 1741 2016 δὲ

155 2056 270 2123 τοῦ,
314 2077 335 2108 ι
372 2060 442 2111 ἐκ
472 2057 571 2128 τῆς
600 2056 779 2129 ῥίζης,
811 2076 829 2108 t
861 2084 927 2093 —
960 2074 979 2106 t
1018 2055 1127 2109 ἀπὸ
1150 2054 1358 2126 κορμοῦ
1379 2075 1397 2107 ι
1438 2054 1742 2126 συμφώνως

155 2149 517 2219 ήρμήνευσαν
564 2150 612 2200 οἱ
643 2146 838 2200 λοιποί.
886 2145 996 2199 Καὶ
1040 2144 1149 2217 γὰρ
1197 2139 1265 2214 ἦν
1298 2146 1332 2216 ἡ
1381 2145 1521 2215 φυλὴ
1574 2144 1670 2198 καὶ
1708 2146 1743 2217 ἡ

157 2237 367 2307 πατριὰ
398 2238 459 2304 ἐξ
482 2233 550 2309 ἦς
572 2236 843 2309 προῆλθεν
866 2237 895 2289 6
926 2236 1135 2307 Σωτὴρ,
1171 2235 1356 2304 ὥσπερ
1388 2252 1474 2299 τις
1504 2235 1741 2306 κορμὸς,

159 2332 362 2404 μηκέτι
406 2332 637 2396 κλάδους
678 2331 838 2402 ἔχων,
877 2330 963 2384 διὰ
1004 2330 1065 2382 τὸ
1097 2328 1467 2383 ἐκλελοιπέναι
1503 2330 1631 2393 τοὺς
1679 2330 1744 2381 ἐκ

156 2424 413 2495 διαδοχῆς
470 2424 636 2479 Δαυῒδ
668 2424 921 2495 βασιλέας
973 2422 1106 2494 μετὰ
1157 2423 1256 2494 τὴν
1310 2424 1391 2486 είς
1438 2420 1735 2475 Βαϐυλῶνα

158 2515 572 2586 αἰχμαλωσίαν·
620 2515 700 2569 διό
749 2533 836 2587 μοι
892 2515 1037 2568 δοκεῖ
1067 2514 1272 2585 κορμὸς
1317 2511 1630 2583 ὠνομάσθαι
1684 2511 1747 2565 τὸ

159 2610 299 2662 κατὰ
335 2608 517 2678 σάρκα
548 2607 707 2677 γένος
720 2607 814 2661 τοῦ
832 2605 1016 2669 Δαυῒδ,
1043 2598 1104 2659 οῦ
1122 2608 1150 2658 6
1167 2604 1348 2676 πατὴρ
1374 2599 1441 2675 ἦν
1468 2606 1496 2657 6
1528 2602 1744 2657 Ἰεσσαί.

160 2700 265 2754 Τὸν
314 2700 511 2771 χρόνον
552 2701 733 2754 τοίνυν
789 2698 909 2753 καθ’
941 2698 1001 2752 ὃν
1047 2698 1114 2753 τὰ
1165 2696 1542 2770 προειρημένα
1571 2695 1744 2759 ἔσται,

158 2790 454 2861 παριστὰς,
509 2790 893 2861 συνάπτειητὴν
921 2792 1001 2854 είς
1027 2789 1346 2861 ἀνθρώπους
1381 2788 1612 2859 πάροδον
1650 2787 1745 2841 τοῦ

1842 509 2023 555 autem
2059 514 2179 555 cum
2211 497 2437 555 excelsis
2470 501 2649 553 cadet.
2679 519 2699 549 ι
2741 499 2872 553 Vide
2899 500 3031 554 mihi
3077 514 3238 569 quam
3265 516 3410 570 saepe

1839 602 1890 645 et
1924 591 2136 660 quoties
2162 590 2409 645 excelsos
2443 589 2706 653 nominet,
2733 604 2961 660 quorum
2995 601 3198 646 ctenim
3240 591 3410 646 Liba-

1841 697 1911 737 no
1933 691 1986 737 et
2013 681 2130 749 ejus
2152 678 2429 735 altissimis
2455 681 2633 735 cedris
2661 679 2892 735 similem
2924 680 3074 735 dicit.
3117 679 3297 748 Quare
3325 681 3410 734 di-

1840 784 1985 829 ctum
2038 781 2121 828 est
2173 772 2299 826 alibi
2327 773 2411 825 υτ
2448 790 2465 823 ι
2497 770 2618 825 V'idi
2655 771 2876 840 impium
2910 771 3407 841 superexaltatum,

1837 873 1894 921 et
1938 864 2204 919 elevatum
2256 863 2396 917 sicut
2443 863 2635 916 cedros
2683 860 2909 927 Libani;
2939 880 2959 914 ›
3023 869 3078 917 et
3123 861 3255 916 alias
3309 861 3412 916 ite-

1840 972 1957 1010 rum
1980 956 2024 987 ⁸³
2056 970 2070 1006 :
2105 972 2123 1005 ι
2164 952 2281 1008 Vox
2305 952 2513 1009 Domini
2543 952 2937 1025 confringentis
2968 954 3180 1019 cedros,
3208 961 3261 1005 et
3292 966 3417 1008 con-

1840 1045 2029 1116 fringit
2082 1043 2337 1098 Dominus
2371 1043 2562 1098 cedros
2595 1042 2785 1098 Libani
2816 1058 2831 1095 :
2862 1050 2918 1097 et
2949 1041 3281 1097 comminuet
3318 1054 3415 1096 eas

1841 1144 2096 1206 tanquam
2122 1136 2345 1190 vitulum
2374 1133 2657 1190 Libanum.
2687 1152 2706 1187 ι

2453 1316 2685 1375 CAPUT
2723 1317 2815 1373 XI.

1913 1411 2078 1468 Vsus.
2097 1414 2149 1468 l.
2193 1430 2212 1464 ι
2244 1411 2310 1467 Ει
2334 1410 2644 1481 egredietur
2666 1410 2812 1481 virga
2839 1411 2907 1466 de
2942 1410 3126 1467 radice
3145 1411 3334 1482 Jessae,
3364 1424 3421 1473 et

1838 1501 1937 1559 llos
1984 1505 2050 1560 de
2097 1506 2281 1560 radice
2333 1504 2654 1557 ascendet.»
2693 1501 2811 1568 Quo
2837 1511 2994 1572 pacto
3026 1504 3418 1573 praedictorum

1840 1597 2083 1652 omnium
2113 1596 2372 1651 contritio
2402 1604 2457 1650 et
2490 1594 2642 1648 ruina
2684 1594 2863 1648 futura
2902 1593 2974 1649 sit
3015 1593 3212 1650 deinde
3249 1595 3421 1650 decla-

1843 1695 1966 1751 rat;
1998 1702 2062 1741 ex
2095 1686 2287 1740 radice
2333 1684 2499 1740 Jessaa
2534 1683 2868 1753 prodituram
2897 1683 3103 1755 virgam
3134 1700 3257 1740 esse
3286 1686 3422 1741 vati-

1775 1753 1817 1809 Β
1848 1778 2038 1832 cinans
2069 1796 2081 1834 :
2112 1793 2233 1848 qua:
2256 1764 2403 1847 virga
2441 1791 2633 1832 onmes
2674 1776 2932 1832 sublimes
2969 1788 3213 1833 conteret
3242 1789 3297 1834 et
3322 1779 3421 1833 liu-

1848 1868 2099 1924 miliabit.
2152 1868 2331 1934 Quare
2384 1866 2611 1922 subdit:
2648 1884 2665 1918 t
2699 1867 2763 1921 Et
2814 1869 3128 1939 egredietur
3160 1869 3313 1940 virga
3355 1871 3421 1924 de

1846 1959 2028 2016 radice
2060 1959 2246 2015 Jessae.
2282 1978 2300 2013 ι
2340 1958 2445 2014 Pro
2482 1960 2573 2015 illo
2617 1968 2814 2024 autem,
2851 1978 2870 2011 ι
2927 1960 2993 2016 de
3047 1962 3252 2027 radice,
3277 1981 3297 2016 ι
3331 1978 3420 2017 re-

1846 2051 1979 2122 liqui
2042 2066 2233 2107 omnes
2290 2052 2639 2121 interpretes,
2693 2066 2769 2106 ta
2807 2063 3049 2109 trunco»
3117 2064 3421 2111 verterunt.

1846 2143 2062 2200 Etenim
2115 2144 2289 2199 tribus
2333 2153 2387 2199 et
2434 2144 2659 2208 familia,
2695 2160 2760 2199 ex
2786 2159 2890 2215 qua
2924 2145 3173 2201 Salvator
3195 2148 3419 2217 prodiit,

1849 2248 1947 2289 ceu
1981 2234 2202 2304 quidam
2240 2245 2463 2290 truncus
2490 2242 2626 2302 erat,
2668 2235 2754 2304 qui
2786 2236 3023 2291 nondum
3064 2251 3245 2292 ramos
3287 2239 3423 2292 emi-

1851 2335 2022 2391 serat,
2053 2325 2179 2395 quia
2207 2336 2327 2395 post
2380 2326 2752 2397 captivitatem
2784 2327 2835 2380 in
2860 2325 3158 2398 Babylone,
3190 2343 3258 2383 ex
3291 2344 3421 2384 suc—

1848 2416 2098 2472 cessione
2154 2416 2371 2471 Davidis
2420 2432 2578 2487 reges
2629 2416 2980 2483 defecerant;
3041 2416 3166 2473 ideo
3208 2417 3422 2473 videtur

1850 2507 1983 2561 mihi
2023 2516 2246 2562 truncus
2276 2507 2458 2561 vocari
2508 2523 2678 2576 genus
2729 2506 2949 2562 Davidis
2977 2507 3280 2562 secundum
3307 2523 3422 2564 car-

1850 2612 1994 2662 nem,
2025 2597 2179 2668 cujus
2220 2607 2374 2666 pater
2403 2607 2522 2652 erat
2562 2596 2752 2653 Jessw.
2803 2596 3037 2667 Tempus
3093 2597 3277 2669 itaque
3314 2613 3422 2668 quo

1856 2688 1943 2743 illa
1973 2689 2129 2759 prius
2160 2698 2461 2744 memorata
2518 2687 2694 2743 futura
2734 2697 2863 2743 sunt
2896 2689 3201 2755 declarans,
3233 2692 3423 2745 admo-

1858 2779 1984 2834 dum
2012 2788 2317 2849 opportune
2346 2779 2545 2834 Christi
2574 2779 2642 2834 ad
2682 2780 2930 2834 homines
2964 2780 3253 2836 adventum
3294 2780 3422 2835 sub-

160 2880 399 2953 Χριστοῦ
438 2881 646 2953 σφόδρα
685 2881 976 2953 εὐκαίρως.
1037 2879 1252 2951 Ἐπειδὴ
1292 2877 1402 2951 γὰρ
1435 2877 1741 2949 προεδίδαξε

1851 2872 2048 2943 jungit.
2077 2870 2213 2938 Quia
2258 2872 2403 2927 enim
2457 2872 2512 2925 in
2543 2872 2968 2941 prmcedentibus
2997 2886 3061 2927 ea
3086 2886 3207 2941 quae
3232 2872 3299 2926 ad
3330 2887 3421 2927 or-

160 2971 245 3025 διὰ
279 2971 391 3025 τῶν
424 2971 734 3042 ἔμπροσθεν
772 2970 839 3025 τὰ
874 2970 1004 3045 περὶ
1028 2972 1130 3042 τῆς
1162 2972 1226 3023 ἐκ
1247 2969 1524 3042 Παρθένου
1560 2970 1752 3038 γεννή-

1854 2972 1964 3018 tum
1992 2978 2057 3018 ex
2095 2962 2315 3034 Virgine
2360 2962 2679 3034 spectabant
2724 2963 3041 3030 edocuerat,
3072 2971 3236 3034 atque
3262 2977 3419 3020 voca.

163 3078 321 3126 σεως.
344 3063 446 3126 τάς
469 3080 528 3116 τε
552 3062 875 3133 ἐπωνύμους
898 3061 1265 3134 προσηγορίας
1298 3059 1407 3113 τῶν
1431 3059 1741 3131 ἐπινοουμέ-

1855 3057 1983 3112 bula
2018 3055 2384 3127 intelligibilcs
2429 3056 2548 3126 ejus
2596 3057 2825 3111 virtutes
2854 3055 3148 3111 indicantia
3193 3056 3423 3127 pretnleo

164 3173 269 3208 νων
299 3156 357 3207 ἐν
375 3153 527 3224 αύτῷ
552 3154 854 3224 δυνάμεων,
886 3152 1196 3217 ἀκολούθως
1231 3152 1323 3205 ἐπὶ
1344 3151 1436 3205 τοῦ
1457 3151 1744 3220 παρόντος,

165 3242 225 3309 ἐξ
262 3244 454 3297 ὁποίου
487 3244 697 3313 γένους,
741 3246 835 3297 καὶ
890 3245 1051 3307 ποίας
1099 3243 1275 3313 φυλῆς
1334 3242 1746 3316 προελεύσεται,

164 3334 328 3387 ὁποῖά
356 3350 418 3386 τε
448 3333 784 3405 κατορθώσει
819 3336 853 3406 ἠ
890 3335 972 3397 είς
1022 3333 1345 3406 ἀνθρώπους
1401 3334 1564 3388 αὑτοῦ
1605 3335 1749 3407 πάρ-

166 3425 306 3490 οδος,
340 3427 746 3497 προαναφωνεῖ.

240 3539 261 3572 ι
306 3521 422 3573 Καὶ
458 3518 832 3573 ἀναπαύσεται
864 3519 952 3573 ἐπ’
977 3518 1142 3574 αὐτὸν
1181 3517 1411 3591 Πνεῦμα
1448 3516 1543 3572 τοῦ
1587 3516 1745 3581 Θεοῦ,

170 3613 388 3684 πνεῦμα
439 3610 632 3681 σοφίας
682 3611 775 3665 καὶ
825 3611 1113 3676 συνέσεως,
1164 3610 1386 3679 πνεῦμα
1427 3610 1621 3681 βουλῆς
1654 3610 1749 3664 καὶ

172 3705 375 3776 ἰσχύος,
422 3704 642 3774 πνεῦμα
671 3702 929 3771 γνώσεως
971 3703 1067 3756 καὶ
1110 3702 1424 3767 εὐσεϐείας·
1476 3703 1749 3774 ἐμπλήσει

170 3797 331 3850 αὐτὸν
351 3795 573 3864 πνεῦμα
602 3793 769 3864 φόϐου
794 3791 950 3847 Θεοῦ.
971 3793 1046 3847 Οὐ
1064 3795 1205 3849 κατὰ
1228 3793 1326 3865 τὴν
1354 3793 1510 3861 δόξαν
1536 3795 1746 3867 κρινεῖ,

168 3888 287 3941 οὑδέ
316 3889 459 3941 κατὰ
496 3888 597 3957 τὴν
639 3884 830 3939 λαλιάν
864 3884 1090 3953 ἐλέγξει.
1132 3903 1151 3936 ›
1179 3883 1405 3956 Εὖροιεν
1447 3884 1556 3957 γὰρ
1591 3884 1656 3939 ἂν
1696 3884 1747 3937 οἱ

171 3977 418 4041 θέλοντες
434 3979 583 4041 ὅπως
600 3978 629 4029 6
654 3976 845 4049 Σωτὴρ
867 3975 1025 4046 ἡμῶν
1053 3975 1147 4029 καὶ
1172 3975 1376 4047 Κύριος
1400 3976 1461 4029 ού
1489 3974 1629 4029 κατὰ
1650 3975 1749 4047 τὴν

170 4068 324 4132 δὸξαν
351 4068 559 4138 ἔκρινε.
585 4067 829 4139 Μηδενὸς
849 4066 958 4137 γὰρ
976 4065 1263 4137 πρόσωπον
1288 4065 1580 4136 λαμϐάνων
1611 4064 1745 4136 (16),

1854 3156 1969 3215 rat;
2000 3155 2395 3219 consequenter
2421 3148 2475 3202 in
2508 3148 2758 3218 prtesenti
2789 3162 2896 3217 quo
2924 3162 2989 3204 ex
3036 3162 3234 3218 genere
3263 3157 3318 3204 et
3351 3163 3419 3203 ex

1852 3255 1956 3309 qua
1988 3240 2157 3304 tribu,
2195 3254 2315 3309 qua:
2368 3254 2534 3311 opera
2597 3240 2712 3309 ejus
2761 3240 2828 3294 ad
2883 3240 3132 3295 homines
3160 3241 3425 3296 adventus

1851 3332 2096 3388 editurus
2126 3334 2218 3400 sit,
2243 3334 2590 3403 praenuntiat.

1920 3515 2084 3572 Vatis.
2117 3516 2171 3582 2,
2203 3516 2257 3572 5.
2299 3516 2409 3572 ιΕι
2455 3518 2756 3586 requiescet
2811 3531 2972 3587 super
3015 3530 3140 3572 eum
3187 3515 3422 3587 Spiritus

1852 3607 1973 3675 Dei,
2026 3609 2249 3678 spiritus
2308 3609 2590 3676 sapientiae
2629 3619 2685 3663 et
2738 3608 3134 3679 intelligentiae,
3188 3607 3419 3677 spiritus

1850 3699 2064 3757 consilii
2092 3709 2148 3755 et
2180 3698 2535 3758 fortitudinis.
2565 3700 2789 3769 spiritus
2815 3699 3056 3755 scientiae
3093 3708 3148 3754 et
3180 3700 3423 3769 pietatis.

1851 3792 2100 3862 Replebit
2126 3806 2251 3846 eum
2301 3790 2526 3862 Spiritus
2579 3791 2789 3847 timoris
2818 3789 2938 3847 Dei.
2975 3788 3093 3845 Non
3125 3790 3411 3846 secundm

1850 3883 2160 3954 opinionem
2209 3881 2511 3948 judicabit,
2564 3894 2741 3950 neque
2805 3881 3100 3936 secundum
3154 3878 3422 3950 loquelam

1849 3979 2108 4042 arguet.»
2159 3970 2344 4026 Cuivis
2400 3970 2601 4025 volenti
2660 3970 2822 4026 facile
2867 3979 2952 4025 est
3011 3971 3424 4041 deprehendere

1849 4077 1957 4132 quo
1985 4070 2143 4133 pacto
2168 4060 2424 4116 Salvator
2451 4071 2506 4117 et
2542 4060 2806 4117 Dominus
2839 4070 3045 4125 noster,
3084 4077 3191 4117 non
3224 4076 3425 4117 secun~

173 4159 368 4230 ῆλεγχε
397 4160 494 4212 σὺν
517 4159 803 4230 παρῥησία
832 4157 998 4228 πολλῇ
1032 4156 1162 4210 ποτὲ
1198 4156 1298 4228 μὲν
1328 4157 1455 4221 τοὺς
1477 4173 1741 4228 γραμμαρ

1851 4154 1974 4210 dum
2003 4153 2314 4224 opinionem
2346 4152 2649 4232 judicabat.
2699 4152 2907 4209 Nullius
2958 4153 3101 4208 enim
3135 4168 3421 4223 personam

168 4225 400 4315 {algae-ai.
423 4225 790 4323 Φαρισαίους,
808 4250 937 4303 ποτέ
969 4225 1025 4304 δὲ
1052 4250 1178 4312 τοὺς
1201 4225 1486 4322 *ἀρχιερεῖς
1506 4225 1650 4303 ἔνδον
1687 4250 1741 4303 ἐν

1851 4245 2143 4316 accipiens.
2176 4248 2337 4301 modo
2385 4225 2609 4301 Scribas
2648 4255 2703 4300 et
2753 4244 3084 4312 Pharisaeos,
3115 4261 3240 4301 mox
3274 4261 3425 4301 sum-

167 4344 244 4415 τῷ
280 4342 417 4413 ναῷ,
443 4337 526 4406 οἷς
570 4344 665 4397 καὶ
717 4343 931 4412 ἔλεγεν·
967 4361 986 4394 ι
1035 4341 1354 4413 Ἀρθήσεται
1394 4342 1486 4409 ἀφ’
1509 4341 1665 4412 ὑμῶν
1710 4343 1741 4413 ἠ

1851 4351 1967 4391 mos
1992 4336 2277 4407 pontiﬁces
2324 4337 2382 4392 is
2428 4337 2626 4406 templo
2660 4335 2890 4391 ﬁdenter
2920 4337 3202 4407 arguebat,
3225 4338 3426 4407 quibus

170 4436 442 4507 βασιλεία,
468 4436 565 4489 καὶ
588 4435 869 4507 δοθήσεται
897 4434 1037 4487 ἔθνει
1074 4432 1316 4486 ποιοῦντι
1342 4433 1467 4496 τοὺς
1497 4433 1741 4504 καρποὺς

1851 4428 2011 4483 etiam
2070 4432 2186 4484 haec
2244 4430 2457 4484 dicebat
2492 4444 2505 4480 :
2542 4448 2561 4481 ι
2583 4429 2875 4485 Auferetur
2902 4445 2932 4484 a
2967 4429 3121 4484 vobis
3172 4444 3421 4499 regnum,

168 4529 358 4599 αὐτῆς.
403 4546 424 4579 ι
471 4526 608 4580 Ἀλλ’
625 4527 746 4580 οὐδὲ
765 4526 904 4580 κατὰ
929 4525 1028 4594 τὴν
1057 4524 1245 4578 λαλιὰν
1273 4525 1501 4595 ῆλεγχεν
1520 4541 1534 4556 ⁸
1563 4526 1614 4577 οἱ
1647 4523 1741 4595 μὲν

1854 4529 1910 4575 et
1943 4520 2161 4574 dabitur
2192 4520 2339 4591 genti
2377 4520 2598 4575 facienti
2657 4520 2869 4576 fructus
2895 4519 3010 4588 ejus
3028 4519 3094 4572 “.
3120 4538 3140 4571 ι
3174 4518 3282 4575 Sed
3318 4535 3419 4574 nec

168 4618 277 4689 γὰρ
310 4618 621 4689 προσῄεσαν
637 4616 788 4688 αύτῷ
815 4616 1064 4684 λέγοντες
1083 4634 1097 4647 ·
1131 4635 1149 4667 ι
1179 4614 1494 4680 Διδάσκαλε,
1517 4614 1739 4686 οἴδαμεν

1852 4613 2147 4668 secundum
2173 4611 2441 4681 loquelam
2471 4613 2735 4683 arguebat
2763 4628 2778 4667 :
2808 4628 2933 4667 nam
2972 4612 3065 4667 alii
3096 4612 3271 4681 ipsum
3306 4612 3423 4665 adl-

169 4708 248 4762 kz
287 4707 499 4778 ἀληθὴς
530 4704 601 4770 εἴ,
636 4727 655 4759 ι
695 4706 787 4760 καὶ
810 4707 878 4760 τὰ
902 4704 1048 4776 ἐξῆς.
1088 4706 1148 4759 'O
1172 4705 1228 4759 δὲ
1260 4706 1319 4757 ού
1352 4704 1495 4758 κατὰ
1522 4704 1620 4775 τὴν
1647 4704 1743 4757 λα-

169 4798 288 4853 λιάν
316 4798 501 4853 αὐτῶν
528 4799 725 4870 ἤλεγχε
747 4814 761 4829 ·
792 4797 871 4851 διὸ
909 4796 1067 4869 εἰδὼς
1099 4796 1198 4861 τὰς
1230 4796 1495 4869 πονηρίας
1538 4796 1739 4862 αὐτῶν,

170 4890 350 4961 ελεγε·
383 4910 403 4943 ι
441 4891 507 4945 Τί
542 4908 609 4963 με
639 4889 945 4962 πειράζετε,
979 4887 1303 4961 ὑποκριταί;
1335 4908 1354 4940 ι

1849 4705 1979 4759 bant
2025 4704 2266 4759 dicentes
2323 4720 2338 4757 :
2400 4720 2421 4755 ι
2453 4703 2752 4772 Magister,
2805 4703 3009 4759 scimus
3062 4702 3188 4772 quia
3256 4716 3423 4755 verax

1850 4808 1910 4850 es
1949 4793 2018 4859 ",
2050 4812 2070 4846 ι
2103 4803 2213 4847 etc.
2246 4792 2339 4848 llle
2370 4808 2500 4848 vero
2550 4809 2655 4847 non
2706 4795 3004 4849 secundum
3032 4792 3303 4861 loquelam
3329 4806 3423 4847 eo-

1852 4895 1970 4935 rum
1997 4882 2257 4951 arguebat
2282 4896 2298 4933 :
2330 4895 2502 4951 quare
2530 4896 2734 4952 gnarus
2786 4882 3008 4936 malitiae
3059 4896 3250 4937 eorum
3279 4881 3423 4935 dicc-

1854 4973 1991 5029 bat:
2026 4992 2045 5025 ι
2083 4973 2221 5039 Quid
2246 4987 2333 5029 me
2369 4976 2614 5039 tentatis,
2645 4974 2976 5043 hypocrita?
3004 4992 3024 5026 ι

243 5089 264 5123 ι
303 5069 471 5124 Ἀλλά
506 5071 683 5142 κρινεῖ
725 5068 967 5140 ταπεινῷ
995 5067 1195 5139 κρίσιν,
1237 5067 1332 5122 καὶ
1362 5065 1571 5135 ἐλέγξει
1621 5067 1741 5131 τοὺς

1916 5061 2083 5119 Vsas.
2114 5064 2175 5119 4.
2211 5083 2230 5117 ι
2260 5062 2368 5120 Sed
2403 5062 2669 5134 judicabit
2699 5062 2884 5117 humili
2923 5061 3218 5130 judicium,
3246 5070 3303 5117 et
3331 5075 3421 5114 ar-

174 5164 456 5224 ταπεινοὺς
479 5162 578 5231 τῆς
600 5160 724 5231 γῆς,
748 5161 840 5215 καὶ
870 5156 1102 5223 πατάξει
1130 5158 1229 5230 τὴν
1254 5158 1358 5228 γῆν
1390 5156 1468 5228 τῷ
1493 5158 1636 5229 λόγῳ
1654 5156 1741 5211 τοῦ

1851 5165 1973 5227 guet
2004 5155 2237 5211 humiles
2266 5164 2446 5221 terrae,
2480 5164 2538 5210 et
2565 5156 2838 5225 percutiet
2862 5164 3065 5211 terram
3100 5153 3267 5207 verbo
3307 5152 3423 5206 oris

177 5252 441 5321 στόματος
469 5250 654 5303 αὐτοῦ.
701 5269 722 5302 ι
765 5250 998 5321 Νοήσυις
1025 5249 1081 5302 δέ
1109 5249 1193 5313 τὸ,
1231 5267 1249 5300 ι
1285 5248 1520 5313 Πατάξει
1542 5250 1644 5320 γῆν
1674 5247 1741 5320 τᾷ

1851 5248 1956 5304 sui.
1985 5267 2005 5302 ι
2048 5247 2180 5302 Illud
2218 5257 2425 5316 autem,
2486 5266 2507 5300 ι
2538 5247 2817 5304 Percutiet
2863 5257 3067 5303 terram
3111 5245 3276 5300 verbo
3308 5244 3422 5299 oris

176 5339 312 5412 λάγιρ
352 5340 446 5394 τοῦ
481 5340 746 5410 στόματος
778 5338 966 5403 αὑτοῦ,
1014 5356 1034 5392 ι
1081 5339 1176 5392 καὶ
1207 5337 1401 5402 ἄλλως,
1448 5336 1741 5401 ἐπακούσας

1851 5341 1955 5400 sui.
2005 5359 2025 5394 ι
2082 5339 2368 5408 intelliges,
2414 5339 2460 5395 si
2517 5339 2709 5396 audias
2756 5353 2882 5396 eum
2926 5338 3055 5395 alibi
3119 5337 3419 5402 dicentem,

242 5453 456 5509 “Psal.
514 5467 702 5518 nxvr,
735 5450 824 5507 55.
902 5450 949 5482 “
980 5449 1123 5506 Psal.
1169 5464 1362 5508 xxvnt.
1400 5449 1454 5505 5.
1530 5451 1577 5482 “
1605 5450 1797 5507 Matth.
1830 5466 1945 5518 ut,
1980 5451 2069 5507 45.
2148 5452 2194 5485 ⁸⁵
2224 5450 2418 5506 Matth.
2452 5466 2589 5520 xx",
2619 5450 2701 5507 l6.

244 5574 355 5644 (l6)
390 5570 751 5645 Hieronymus
774 5574 841 5627 ad
867 5572 1204 5635 hunclocum
1227 5573 1305 5627 sic
1333 5570 1525 5645 Latine
1548 5573 1735 5629 Graeca
1843 5576 2097 5645 quitur...
2168 5574 2450 5645 Auferetttr
2499 5588 2532 5627 α
2586 5562 2752 5645 vobis,
2807 5586 2827 5622 ι
2887 5578 2943 5627 et
3004 5577 3240 5633 caetera,
3299 5542 3422 5635 quae

186 5641 482 5717 mustum,
514 5660 555 5717 t_
580 5642 786 5717 Nullius
822 5648 969 5717 enim
996 5657 1293 5717 personam
1337 5644 1538 5717 accipit
1566 5646 1616 5698 in
1642 5644 1737 5713 ju-
1844 5641 1982 5717 pene
2013 5647 2080 5702 ad
2108 5641 2336 5703 verbum
2366 5643 2457 5700 ille
2482 5641 2849 5711 prosecuitur.

184 5716 318 5771 dicio
344 5734 359 5771 :
386 5716 484 5769 sed
520 5711 735 5767 Scribis
766 5722 821 5767 et
850 5712 1137 5767 Pharisaeis
1171 5728 1235 5771 ac
1268 5711 1603 5785 principibus
1646 5711 1735 5770 lo-

454 5807 731 5868 Pnttoa.
760 5807 879 5868 Gl.
911 5808 1148 5872 XXIV.

3055 5808 3091 5866 6
