3862 6210
432 297 526 353 I71

1100 295 1371 353 EUSEBII
1410 295 1886 354 CESABIENSIS
1924 297 2073 353 OPP.
2117 297 2298 354 PARS
2337 298 2422 356 ΙΙΙ.
2464 332 2534 344 -
2571 299 2984 359 EXEGETICA.

3599 305 3696 362 ΠΞ

434 442 452 475 ι
489 419 666 474 Nolite
701 425 892 486 putare
915 415 1059 486 quod
1087 417 1332 471 venerim
1365 430 1551 486 pacem
1596 418 1811 471 mittere
1841 431 1993 483 super

2108 419 2272 472 αὐτοῦ
2306 419 2574 488 λέγοντος,
2611 438 2629 471 ι
2659 420 2752 492 Μὴ
2785 421 3068 492 νομίσητε,
3106 422 3188 476 δτι
3220 416 3384 494 ἦλθον
3413 423 3595 496 βαλεῖν
3621 431 3699 482 εί-

431 523 662 568 terram:
697 526 803 564 non
842 509 959 564 veni
992 523 1178 578 pacem
1209 509 1446 574 mittere,
1479 510 1572 564 sed
1608 509 1844 580 gladium
1878 512 1947 566 ⁸⁸.
1979 531 1998 564 ο

425 605 648 661 Gladius
676 616 855 660 autem
888 612 1011 659 erat
1036 604 1261 659 verbum
1296 603 1408 658 oris
1467 603 1602 674 ejus,
1652 619 1760 674 quo
1803 613 2003 658 terram

425 706 480 751 et
506 707 750 751 terrenos
799 709 1008 758 eorum,
1055 694 1148 764 qui
1181 694 1234 748 in
1262 693 1435 762 ipsum
1484 695 1850 760 crediderant,
1877 710 2005 751 sen-

425 803 520 845 sus
552 790 617 844 de
650 788 827 842 medio
861 787 1102 842 tollebat.
1158 805 1176 838 ι
1206 785 1278 841 Et
1310 787 1362 840 in
1395 786 1588 856 spiritu
1615 802 1712 852 per
1750 787 1890 843 labia
1921 788 2006 842 in-

425 881 655 935 terliciet
703 880 951 948 impium.
994 897 1012 930 ι
1059 876 1351 931 lntcrliciet
1402 877 1651 946 impium,
1700 877 1891 932 atheos
1940 893 2006 933 ac

424 972 616 1042 impios
645 972 916 1025 daemones
941 970 994 1023 in
1026 968 1219 1038 spiritu
1259 969 1546 1037 increpans
1567 978 1621 1024 et
1655 969 1847 1040 procul
1881 970 2002 1025 abi-

423 1081 556 1137 gens
585 1067 753 1120 verbo
787 1080 882 1134 per
908 1064 1047 1119 labia
1082 1063 1252 1130 ipsius
1278 1061 1530 1131 prolato;
1579 1063 1654 1116 ita
1692 1073 1750 1117 ut
1781 1064 1854 1116 illi
1884 1063 2003 1117 cla-

421 1169 571 1215 ment
603 1170 658 1213 et
698 1159 900 1219 dicant,
941 1177 959 1208 ‹
992 1155 1129 1225 Quid
1155 1153 1309 1209 nobis
1351 1166 1408 1210 et
1446 1157 1567 1220 tibi,
1597 1155 1697 1210 Fili
1730 1155 1868 1210 Dei?
1911 1171 2002 1211 ve-

423 1252 551 1307 nisti
600 1259 727 1306 ante
785 1261 997 1316 tempus
1027 1260 1281 1320 torquere
1336 1263 1453 1303 nos.
1512 1245 1770 1301 Novimus
1799 1256 1852 1300 te
1878 1246 2000 1316 quis

420 1348 515 1413 sis,
548 1353 770 1401 sanctus
795 1345 887 1398 Dei
920 1343 985 1398 ⁸⁷.
1017 1363 1036 1395 ›

489 1437 658 1492 Vsus.
690 1437 743 1491 5.
787 1455 804 1487 ι
831 1437 896 1490 Et
938 1435 1044 1490 erit
1079 1435 1289 1505 justitia
1340 1434 1551 1488 cinctus
1591 1433 1802 1487 lumbos
1847 1445 1994 1496 suos,

419 1539 474 1586 et
507 1531 739 1585 veritate
769 1528 1194 1584 circumvolutus
1223 1527 1392 1582 latera
1423 1541 1538 1581 sua.
1576 1546 1594 1579 ι
1625 1524 1994 1591 Quemadmo-

419 1623 545 1677 dum
592 1621 735 1677 enim
781 1635 874 1675 rex
907 1635 1043 1674 znna
1083 1635 1269 1686 aurea,
1317 1627 1374 1674 et
1417 1617 1688 1688 lapidibus
1742 1617 1996 1684 pretiosis

418 1711 798 1784 praecingitur,
830 1713 908 1767 sic
949 1720 1005 1766 et
1042 1712 1090 1766 ei
1125 1713 1215 1781 qui
1267 1711 1319 1765 in
1365 1710 1643 1780 prophetia
1683 1708 1859 1763 fertur
1898 1723 1994 1762 zo-

2116 512 2283 583 ρήνην
2333 513 2424 566 ἐπὶ
2453 511 2550 584 τὴν
2579 511 2704 583 γῆν⁸
2739 517 2840 568 οὑκ
2869 509 3033 585 ἦλθον
3067 513 3246 585 βαλεῖν
3279 519 3523 591 εἰρήνην,
3563 521 3700 578 ἀλλὰ

2116 602 2412 674 μάχαιραν.
2448 622 2466 654 ι
2492 604 2749 674 Μάχαιρα
2773 603 2830 657 δὲ
2857 600 2925 675 ἦν
2953 606 2980 657 ὁ
2999 603 3155 674 λόγος
3179 604 3273 659 τοῦ
3306 609 3569 680 στόματος
3605 614 3699 667 αὐ-

2110 693 2227 759 τοῦ,
2254 693 2321 746 δι’
2346 686 2407 746 οῦ
2435 693 2533 766 τὴν
2566 693 2670 764 γῆν
2702 694 2797 747 καὶ
2821 694 2889 747 τά
2919 694 3094 767 γεώδη
3137 699 3460 771 φρονήματα
3487 702 3699 768 τῶν¹είς

2110 783 2271 836 αὐτὸν
2309 785 2749 838 πεπιστευκότων
2777 785 2990 865 ἀνῄρει.
3029 804 3061 865 (ἦ
3096 788 3205 841 Καὶ
3236 789 3294 842 ὲν
3321 773 3698 862 πνεύμάτιδνά

2110 876 2332 946 χειλέων
2386 877 2563 931 ἀνελεῖ
2605 877 2794 948 ἀσεϐῆ.
2840 897 2859 930 ι
2887 864 3109 933 ’Ἄνελεῖ
3131 881 3311 936 τοίνυν
3343 883 3537 955 ἀσεϐῆ,
3585 890 3698 950 τοῖς

2109 967 2291 1031 ἀθέοις
2325 969 2418 1020 καὶ
2443 966 2662 1022 ἀσεϐέσι
2690 967 2938 1039 δαίμοσιν
2971 970 3242 1042 ἐπιτιμῶν
3289 971 3368 1044 τῷ
3401 975 3696 1046 πνεύματι,

2110 1059 2204 1113 καὶ
2231 1057 2450 1132 μακράν
2471 1058 2667 1124 αὐτοὺς
2690 1057 2932 1114 ἐλαύνων
2955 1059 3032 1130 τῷ
3051 1059 3141 1115 διά
3155 1061 3264 1114 τῶν
3283 1062 3504 1133 χειλέων
3531 1065 3696 1119 αὑτοῦ

2109 1151 2502 1222 προφερομένῳ
2529 1150 2690 1222 λόγῳ·
2727 1151 2803 1216 ὡς
2832 1150 2960 1223 βοᾷν
2997 1151 3194 1215 αὐτοὺς
3219 1154 3313 1206 καὶ
3344 1153 3542 1223 λέγειν’
3571 1174 3593 1207 ‹
3632 1157 3699 1215 Τί

2107 1244 2239 1315 ἡμῖν
2271 1246 2367 1298 καὶ
2419 1247 2522 1312 σοὶ,
2561 1244 2654 1297 Υἱὲ
2681 1244 2776 1297 τοῦ
2802 1244 2970 1310 Θεοῦ;
3018 1240 3182 1316 ἦλθες
3223 1246 3328 1317 πρὸ
3361 1247 3555 1319 καιροῦ
3601 1249 3698 1318 βα-

2108 1335 2322 1390 σανίσαι
2348 1337 2514 1418 ἡμᾶς.
2541 1337 2773 1408 Οἷδαμέν
2800 1353 2857 1390 σε
2885 1337 2970 1401 τίς
3003 1333 3070 1402 εἷ,
3105 1339 3134 1391 ό
3163 1337 3315 1407 ἀγιος
3345 1339 3441 1411 τοῦ
3469 1339 3634 1394 Θεοῦ.
3668 1359 3690 1393 ι

2183 1445 2202 1478 ι
2225 1428 2336 1482 Καὶ
2354 1427 2505 1482 ἔσται
2527 1427 2839 1501 δικαιοσύνῃ
2864 1428 3170 1501 ὲζωσμένος
3183 1429 3280 1503 τὴν
3309 1431 3482 1501 ὀσφὺν
3502 1432 3693 1521 αύτοῦ,

2104 1517 2198 1572 καὶ
2232 1517 2460 1590 ἀληθείᾳ
2485 1519 2768 1590 είλημένος
2795 1520 2893 1585 τὰς
2934 1519 3173 1592 πλευράς
3212 1521 3400 1579 αὑτοῦ.
3432 1543 3450 1575 ι
3481 1517 3696 1596 Ὥσπερ

2103 1611 2212 1682 γάρ
2246 1611 2500 1682 βασιλεὺς
2532 1611 2673 1684 ζώνῃ
2696 1615 2872 1684 χρυσῇ
2903 1614 2996 1666 καὶ⁹
3015 1612 3180 1678 λίθοις
3216 1614 3530 1671 πολυτελέσι
3553 1615 3696 1682 ζών-

2103 1720 2280 1766 νυται,
2298 1703 2390 1758 τὸν
2413 1703 2575 1760 αὑτὸν
2590 1705 2791 1776 τρόπον
2820 1707 2916 1758 καὶ
2937 1704 3015 1776 τῷ
3035 1708 3498 1780 προφητευομένῳ
3514 1707 3696 1782 ζώνην

420 1783 545 1863 nam
579 1803 1108 1874 assignatjustitiam
1142 1803 1529 1857 etveritatem.
1552 1798 1796 1857 Hisitem
1830 1801 1993 1856 Verbi

2101 1795 2348 1868 ἀφορίζει
2377 1796 2474 1867 τὴν
2500 1795 2847 1869 δικαιοσύνην
2891 1797 2985 1850 καὶ
3023 1799 3119 1871 τὴν
3144 1797 3420 1870 ἀλήθειαν.
3456 1800 3694 1854 Δυνατὺν

417 1899 592 1955 deilas
625 1897 846 1968 intelligi
887 1907 1086 1968 potest.
1131 1897 1251 1966 Ipse
1277 1895 1474 1966 quippe
1514 1903 1635 1949 erat
1661 1893 1900 1962 justitia,
1937 1900 1995 1946 ut.

417 1995 579 2050 docet
605 1992 894 2062 Apostolus
943 1991 1029 2046 his
1076 1991 1278 2053 verbis,
1327 2009 1346 2040 ‹
1375 1987 1476 2056 Qui
1509 1986 1685 2041 factus
1714 1996 1800 2041 est
1840 1986 1994 2041 nobis

417 2086 684 2155 sapientia
714 2099 744 2138 a
787 2084 916 2143 Deo.
953 2082 1160 2152 justitia
1191 2095 1413 2151 quoque
1442 2087 1496 2134 et
1526 2077 1910 2139 sanctificatio,
1941 2085 1994 2128 et

416 2175 720 2244 redemptio
742 2172 808 2227 ⁸⁸.
839 2191 857 2224 ι
899 2172 1015 2241 Ipse
1047 2183 1263 2240 quoque
1301 2167 1562 2222 Servator
1587 2167 1641 2221 in
1679 2165 1995 2236 Evangeliis

416 2265 622 2319 dixisse
637 2263 915 2325 scribitur,
941 2281 958 2313 ι
991 2259 1101 2331 Ego
1128 2275 1247 2313 sum
1269 2259 1382 2323 lux,
1401 2258 1672 2313 et'veritas
1689 2267 1743 2311 et
1761 2258 1864 2309 vita
1889 2256 1987 2309 ⁸⁸.»

417 2356 544 2411 Haec
590 2355 778 2426 igitur,
815 2353 1015 2408 veritas
1045 2351 1255 2407 scilicet
1289 2361 1346 2404 et
1382 2348 1596 2418 justitia
1632 2349 1770 2418 ejus,
1801 2348 1892 2418 qui
1925 2363 1992 2401 ex

415 2448 601 2503 radice
645 2446 816 2502 Jessae
856 2445 1156 2516 prodierat,
1219 2441 1668 2512 constringebant
1718 2440 1892 2494 latera
1939 2449 1995 2495 et

415 2539 628 2596 lumbos
654 2541 709 2592 in
748 2538 894 2607 regio
932 2545 987 2590 et
1033 2533 1257 2589 militari
1299 2533 1485 2588 habitu
1514 2574 1530 2600 ,
1567 2546 1818 2586 sermone
1878 2531 1996 2598 ejus

415 2644 605 2688 contra
632 2631 872 2688 occultos
894 2639 947 2686 et
987 2625 1290 2684 invisibiles
1326 2627 1510 2682 hostes
1544 2630 1862 2695 apparatum
1896 2622 1994 2678 de-

415 2729 678 2784 olarante.

489 2904 652 2960 Vsus.
686 2903 740 2958 6.
789 2922 807 2955 ι
836 2902 906 2957 Et
942 2901 1102 2957 simul
1157 2907 1341 2970 pascet
1372 2897 1547 2968 lupus
1573 2913 1698 2954 cum
1735 2910 1896 2969 agno,
1938 2905 1993 2953 et

415 2997 616 3067 pardus
647 3010 769 3049 cum
798 2994 953 3048 haedo
989 2994 1314 3048 accubabit:
1343 3001 1397 3048 et
1427 2991 1650 3056 vitulus,
1685 3000 1739 3046 et
1783 3001 1993 3057 taurus,

415 3098 470 3143 et
497 3092 580 3143 leo
608 3087 770 3143 simul
800 3096 1051 3156 pascent,
1082 3095 1136 3142 et
1173 3099 1308 3156 puer
1335 3085 1594 3155 parvulus
1625 3093 1750 3154 aget
1779 3099 1907 3140 eos:
1938 3092 1994 3138 et

2097 1886 2153 1940 δὲ
2182 1887 2269 1940 διὰ
2306 1887 2508 1940 τούτων
2539 1887 2633 1942 καὶ
2671 1887 2769 1960 τὴν
2820 1881 3046 1960 θεότητά
3086 1888 3181 1942 τοῦ
3215 1891 3391 1959 Λόγου
3429 1891 3689 1946 νοεῖσθαι’

2097 1979 2259 2042 αὐτὸς
2277 1979 2385 2050 γὰρ
2413 1975 2479 2051 ἦν
2509 1981 2542 2052 η
2571 1979 2908 2052 δικαιοσύνη,
2927 1980 3002 2045 ὼς
3026 1980 3265 2035 διδάσκει
3294 1981 3467 2052 λέγων
3488 1986 3516 2037 ό
3534 1984 3693 2040 Ἀπό-

2099 2071 2302 2134 στολος·
2340 2089 2359 2123 ι
2399 2069 2498 2136 Ὀς
2529 2072 2760 2146 ἐγενήθη
2795 2075 2927 2144 ἡμῖν
2961 2075 3124 2144 σοφία
3153 2074 3261 2128 ἀπὸ
3285 2074 3444 2140 Θεοῦ,
3476 2076 3692 2130 δικαιο-

2099 2162 2231 2233 σύνη
2261 2181 2320 2216 τε
2361 2165 2455 2218 καὶ
2485 2165 2771 2236 ἁγιασμὸς,
2798 2167 2891 2220 καὶ
2909 2165 3302 2239 ἀπολύτρωσις.
3338 2186 3357 2220 ι
3397 2168 3506 2222 Καὶ
3527 2169 3692 2234 αὐτὸς

2095 2253 2152 2306 δὲ
2181 2256 2208 2307 ὁ
2231 2254 2420 2328 Σωτὴρ
2455 2258 2513 2310 ἐν
2558 2256 2912 2326 Εὐαγγελίοις
2963 2257 3204 2330 εἰρηκὼς
3247 2260 3690 2333 ἀναγέγραπται,

2103 2364 2120 2396 ι
2163 2347 2304 2417 Ἐγώ
2344 2350 2457 2420 είμι
2486 2349 2548 2403 τὸ
2575 2349 2709 2419 φῶς,
2733 2351 2828 2405 καὶ
2853 2353 2888 2422 ὴ
2914 2351 3161 2423 ἀλήθεια,
3185 2353 3281 2407 καὶ
3300 2354 3334 2424 ἡ
3357 2352 3491 2426 ζωή.
3533 2374 3552 2406 ι
3582 2347 3694 2406 Λῦ-

2095 2453 2185 2490 ται
2220 2439 2400 2493 τοίνυν
2429 2442 2462 2512 ἡ
2489 2439 2716 2512 ἀλήθεια
2756 2442 2850 2496 καὶ
2879 2444 2912 2514 ή
2955 2442 3273 2517 δικαιοσύνη
3313 2444 3405 2498 τὸν
3434 2448 3497 2499 ἐκ
3530 2445 3693 2520 ῥίζης

2109 2529 2307 2585 Ἰεσσαὶ
2339 2549 2730 2606 περιεσφιγγον
2752 2535 2989 2608 πλευράς
3019 2537 3113 2591 καί⁸
3145 2539 3318 2608 ὀσφὺν
3349 2540 3406 2594 ὲν
3423 2539 3696 2613 βασιλικῷ

2097 2623 2190 2676 καὶ
2237 2624 2297 2677 ὲν
2346 2625 2723 2697 στρατιωτικῷ
2772 2629 3032 2699 σχήματι,
3057 2629 3119 2682 τὸ
3147 2629 3288 2684 κατὰ
3323 2629 3433 2684 τῶν
3462 2633 3697 2702 ἀφανῶν

2096 2714 2190 2768 καὶ
2221 2714 2469 2786 ἀοράτων
2508 2715 2783 2771 πολεμίων
2825 2717 3161 2792 παράστημα
3187 2719 3354 2774 αὐτοῦ
3390 2721 3698 2792 ἐμφαίνον-

2096 2820 2187 2868 τος
2211 2803 2304 2857 τοῦ
2339 2803 2523 2873 λόγου.

2174 2915 2192 2948 t
2229 2898 2338 2950 Και
2390 2897 2906 2971 συμϐοσκηθήσεται
2953 2899 3118 2965 λύκος
3168 2901 3306 2973 μετά
3349 2904 3534 2975 ἀρνὸς,
3591 2907 3695 2960 καὶ

2097 2989 2364 3062 πάρδαλις
2394 2993 2867 3047 συναναπαύσεται
2910 2995 3104 3066 ἐρίφῳ*
3137 2996 3231 3049 καὶ
3268 2999 3559 3069 μοσχάριον
3591 3001 3695 3052 καὶ

2095 3083 2295 3155 ταῦρος
2343 3084 2437 3138 καὶ
2486 3083 2622 3139 λέων
2658 3085 2774 3156 ἅμα
2823 3086 3274 3160 βοσκηθήσονται,
3325 3090 3418 3142 καὶ
3471 3090 3695 3144 παιδίον

416 3182 512 3236 bos
540 3190 593 3236 et
622 3196 782 3234 ursus
812 3194 914 3234 una
953 3189 1268 3249 pascentur,
1301 3185 1356 3232 et
1391 3176 1554 3232 catuli
1585 3192 1789 3240 eorum.
1832 3175 1992 3231 simul

2101 3149 2290 3250 μικρὸν
2320 3177 2437 3244 ἄξει
2463 3177 2677 3242 αὐτούς·
2699 3149 2798 3233 καὶ
2819 3149 2944 3250 βοῦς
2967 3149 3062 3233 καί
3107 3149 3308 3252 ἄρκτος
3337 3183 3451 3254 ἅμα
3485 3182 3694 3257 βοσκη-

415 3281 599 3336 erunt,
651 3281 709 3326 et
752 3271 836 3326 leo
885 3269 1039 3340 quasi
1095 3270 1193 3323 bos
1234 3269 1487 3322 comedet
1535 3267 1739 3338 paleas.
1788 3285 1807 3320 ι
1855 3264 1990 3334 Lupi

413 3367 632 3436 quidem
656 3366 798 3420 inter
824 3362 1074 3418 homines
1111 3371 1235 3416 sunt
1262 3360 1365 3414 viri
1394 3375 1618 3432 rapaces
1645 3379 1658 3416 :
1690 3375 1718 3413 a
1751 3359 1992 3430 nequitia

413 3469 546 3511 Vero
579 3470 675 3511 sua
701 3454 1042 3524 resipiscent,
1092 3452 1168 3506 ita
1213 3459 1272 3505 ut
1317 3465 1438 3506 cum
1496 3450 1649 3520 agnis
1677 3448 1897 3504 mitibus
1941 3461 1997 3503 et

412 3547 712 3604 mansuetis
741 3560 931 3600 eorum
961 3542 1157 3597 animae
1191 3541 1290 3598 sub
1323 3556 1428 3597 uno
1453 3541 1705 3597 Ecclesiae
1736 3541 1864 3597 ovili
1896 3539 1994 3594 de-

411 3651 562 3717 gant.
593 3641 700 3697 Alii
729 3657 862 3697 vero
896 3641 1052 3711 longe
1081 3639 1454 3705 imtnaniores,
1485 3648 1647 3709 atque
1693 3638 1992 3692 vehemen-

414 3747 500 3791 ter
532 3733 741 3790 efferati
773 3733 892 3798 viri,
921 3732 1053 3786 nihil
1079 3747 1107 3786 a
1151 3730 1336 3802 pardis
1362 3730 1759 3799 discrepantes,
1799 3728 1992 3783 bellum

415 3827 750 3882 ferocitatem
781 3824 1134 3892 deponentes,
1165 3837 1275 3875 una
1301 3835 1421 3876 cum
1451 3819 1618 3874 haedis
1642 3819 1994 3888 simpliciori-

412 3920 513 3974 bus
539 3934 604 3973 ac
635 3916 938 3971 mitioribus
961 3911 1434 3968 accubabunt.Alii
1451 3925 1578 3965 vero
1592 3910 1730 3965 leoni
1751 3911 1992 3966 moribus

412 4025 675 4084 perquam
709 4008 938 4070 similes,
967 4006 1342 4062 crudelitatem
1372 4015 1424 4061 et
1452 4006 1804 4059 voracitatem
1833 4019 1988 4059 suam

413 4112 712 4167 mutantes,
740 4115 844 4155 una
876 4116 999 4155 cum
1034 4098 1339 4154 infantibus
1382 4097 1640 4151 Ecclesia:
1669 4111 1864 4150 recens
1902 4111 1992 4150 or-

415 4195 504 4260 tis,
537 4197 690 4264 quasl
727 4203 916 4248 taurus
945 4201 1001 4247 et
1028 4189 1229 4246 vitulus
1271 4199 1519 4260 pascent,
1551 4190 1740 4244 eodem
1772 4191 1892 4244 cibo
1921 4205 1987 4244 ex

412 4286 611 4343 divinis
660 4284 953 4356 Scripturis
998 4282 1168 4352 petito
1214 4291 1448 4336 utentes.
1508 4281 1662 4349 Quod
1719 4285 1761 4337 si
1800 4283 1989 4338 videas

410 4382 592 4453 regios
621 4381 766 4434 viros
796 4376 1055 4447 dignitate
1083 4383 1138 4431 et
1168 4373 1487 4445 praestantia
1527 4373 1580 4427 in
1617 4375 1724 4429 hac
1757 4374 1864 4428 vita
1888 4389 1982 4429 or-

2095 3270 2374 3343 θήσονται,
2434 3272 2528 3325 καὶ
2563 3272 2681 3344 ἅμα
2735 3273 2805 3328 τά
2851 3274 3040 3328 παιδία
3093 3275 3272 3328 αὐτῶν
3309 3276 3542 3343 ἔσονται,
3591 3280 3693 3333 καὶ

2092 3362 2334 3428 λέων.ὼς
2361 3363 2487 3435 βοῦς
2527 3365 2760 3434 φάγεται
2801 3365 3001 3437 ἄχυρα.
3047 3386 3065 3418 ι
3103 3367 3272 3421 Λύκοι
3303 3369 3400 3439 μὲν
3429 3364 3520 3422 οὖν
3548 3371 3600 3423 οἱ
3625 3371 3693 3425 ἐν

2092 3455 2395 3528 ἀνθρώποις
2413 3458 2762 3530 ἀρπακτικοί’
2785 3458 3089 3530 μεταϐαλοῦ
3098 3477 3148 3513 σι
3170 3461 3227 3514 δὲ
3240 3461 3339 3533 τῆς
3357 3461 3689 3535 μοχθηρίας,

2090 3545 2167 3609 ώς
2213 3547 2351 3617 μετά
2403 3547 2584 3620 ἀρνῶν
2629 3548 2850 3620 ἡμέρων
2883 3549 2978 3602 καὶ
3007 3550 3199 3622 πράων
3225 3550 3324 3614 τὰς
3351 3551 3526 3622 ψυχὰς
3577 3553 3692 3606 ὑπὸ

2095 3638 2222 3710 μίαν
2259 3639 2585 3711 Ἐκκλησίαν
2615 3638 2997 3709 ἀγελάζεσθαι.
3020 3640 3275 3695 Ἀλλοιδὲ
3301 3641 3569 3716 ὠμότεροι
3586 3644 3692 3696 καὶ

2093 3729 2295 3801 σφόδρα
2333 3731 2745 3804 ἀπηγριωμένα
2777 3733 2989 3804 ἀνδρες,
3039 3733 3192 3786 οὐδὲν
3223 3733 3537 3807 παρδάλεων
3565 3735 3691 3790 δια-

2091 3823 2365 3895 φέροντες,
2403 3823 2464 3877 τὸ
2493 3823 2584 3876 τοῦ
2620 3823 2785 3895 θηρὸς
2817 3822 3046 3895 φοϐερὸν
3080 3823 3438 3896 ἀποθέμενοι,
3467 3825 3690 3897 ἐρίφοις

2089 3913 2206 3985 ἅμα
2239 3916 2348 3976 τοῖς
2372 3913 2758 3988 ἁπλουστέροις
2775 3915 2870 3969 καὶ
2895 3917 3298 3990 ἀκεραιοτέροις
3333 3918 3687 3971 συναναπαύ-

2091 4023 2295 4061 σονται.
2339 4007 2449 4060 Καὶ
2496 4007 2671 4062 λέοντι
2702 4008 2759 4062 δὲ
2807 4010 2935 4075 τοὺς
2976 4011 3212 4083 τρόπους
3244 4011 3686 4082 παρεικασμένοι

2087 4099 2255 4164 ἄλλοι,
2284 4098 2344 4151 τὸ
2372 4099 2663 4172 ὠμόθυμον
2695 4104 2789 4157 καὶ
2827 4104 3159 4177 σαρκοϐόρον
3193 4101 3326 4175 ἦθος
3348 4102 3687 4170 ἐναλλάξανο

2087 4209 2197 4259 τες,
2224 4191 2359 4263 ὁμοῦ
2387 4197 2499 4259 τοῖς
2527 4194 2584 4248 ὲν
2617 4199 2682 4268 τῇ
2717 4197 3013 4269 Ἐκκλησία
3041 4199 3302 4265 νεογνοῖς,
3325 4195 3516 4268 ὥσπερ
3545 4195 3688 4250 ταῦ-

2091 4299 2182 4353 ρος
2223 4284 2318 4337 καὶ
2360 4284 2577 4356 μόσχος,
2617 4287 3067 4360 βοσκηθήσονται,
3099 4288 3198 4359 τῆς
3241 4287 3413 4359 αὐτῆς
3449 4288 3516 4340 ὲκ
3567 4285 3685 4340 τῶν

2089 4374 2246 4431 θείων
2274 4376 2447 4446 λόγων
2492 4379 2923 4451 μεταληψόμενοι
2954 4380 3158 4452 τροφῆς
3212 4379 3346 4451 (17).
3397 4381 3462 4434 Et
3490 4380 3548 4433 δὲ
3580 4381 3686 4434 καὶ

410 4485 589 4542 natos,
617 4474 673 4528 in
723 4469 962 4528 Ecclesia
1012 4468 1107 4523 Dei
1155 4483 1279 4523 eum
1341 4467 1670 4537 pauperibus
1700 4482 1764 4523 ex
1801 4467 1983 4520 infima

2101 4465 2400 4535 βασιλικούς
2426 4488 2554 4524 ποτε
2576 4471 2792 4542 ἄνδρας,
2821 4470 3090 4543 ἀξιώματι
3117 4472 3212 4526 καὶ
3240 4473 3532 4544 ὑπεροχαῖς
3554 4474 3686 4535 ταῖς

408 4569 567 4641 plebe
600 4575 980 4636 congregatos,
1025 4577 1094 4619 ne
1135 4563 1404 4617 cnncteris
1453 4561 1638 4616 dicere
1681 4561 1845 4615 etiam
1883 4559 1986 4615 hac

411 4662 625 4718 ratione
682 4657 959 4727 impletam
1013 4669 1134 4710 esse
1163 4653 1532 4724 Scripturam.
1561 4651 1764 4708 Omnes
1801 4653 1990 4722 itaque

405 4756 518 4825 iam
545 4760 872 4808 memoratos
899 4750 1074 4818 lupos,
1101 4762 1297 4817 agnos,
1348 4745 1567 4814 pardos,
1618 4744 1821 4809 haedos,
1872 4743 1987 4797 leo-

411 4863 529 4914 nes,
586 4844 785 4899 vitulos
837 4855 893 4898 et
951 4851 1166 4904 tauros,
1231 4850 1288 4892 ut
1347 4837 1566 4902 dicitur,
1615 4850 1749 4906 puer
1811 4833 1990 4892 infans

411 4949 554 5011 aget.
597 4937 732 4993 lllud
765 4947 944 4990 autem
1001 4951 1022 4984 ι
1052 4940 1194 5000 aget,
1228 4949 1248 4984 ι
1298 4929 1458 4999 quasi
1507 4945 1526 4980 ι
1559 4928 1930 4998 congregabit,
1963 4945 1984 4980 ι

409 5034 612 5090 dictum
633 5041 736 5086 est.
783 5026 942 5096 Quod
997 5026 1111 5096 ipsa
1157 5038 1218 5078 re
1265 5031 1476 5092 gestum
1524 5021 1834 5090 perspicere
1865 5019 1992 5075 licet

411 5127 500 5192 iis,
521 5125 612 5196 qui
641 5121 933 5193 prtesulum
963 5117 1159 5173 multos
1183 5115 1370 5170 vident
1405 5113 1458 5167 in
1493 5112 1735 5168 Ecclesia
1759 5111 1982 5176 Christi,

407 5218 478 5273 ob
531 5215 698 5274 animi
747 5211 1155 5280 simplicitatem
1200 5215 1254 5262 et
1302 5205 1696 5269 innocentiam,
1743 5203 1873 5258 nihil
1917 5203 1986 5258 ab

408 5309 706 5365 infantibus
735 5306 1046 5374 discrepare
1077 5321 1091 5358 :
1119 5300 1223 5356 etsi
1258 5309 1439 5354 tamen
1471 5295 1712 5368 praefecti
1755 5296 1865 5350 sint
1891 5310 1984 5351 eo-

409 5416 550 5467 rum,
589 5400 679 5469 qui
721 5399 787 5453 ab
816 5397 962 5453 omni
993 5408 1196 5466 genere
1253 5393 1306 5447 in
1348 5405 1512 5446 unum
1561 5394 1982 5459 congregantur.

406 5495 540 5550 Cum
563 5508 724 5565 porro
756 5492 855 5559 ait,
909 5509 931 5542 ι
961 5489 1028 5545 Ει
1055 5491 1154 5544 hos
1189 5499 1247 5544 et
1276 5501 1435 5542 ursus
1475 5491 1765 5556 pascentur
1825 5479 1988 5534 simul

2094 4561 2235 4616 κατὰ
2247 4563 2336 4616 τὸν
2368 4563 2478 4633 βίον
2500 4565 2914 4635 τετιμημένους,
2945 4564 3158 4618 θεάσοιο
3183 4566 3240 4618 ὲν
3267 4567 3334 4635 τῇ
3380 4563 3684 4635 Ἐκκλησίᾳ

2093 4654 2187 4708 τοῦ
2213 4654 2370 4720 Θεοῦ,
2405 4655 2542 4726 μετά
2572 4657 2816 4728 πενήτων
2849 4657 2942 4710 καὶ
2979 4655 3213 4710 εὐτελῶν
3250 4656 3683 4726 συναγομένους,

2099 4746 2174 4815 μὴ
2195 4745 2342 4798 ὄκνει
2367 4746 2547 4815 λέγειν
2581 4748 2673 4800 καὶ
2699 4747 2842 4800 οὓτω
2872 4746 3262 4820 πεπληρῶσθαι
3297 4746 3394 4818 τὴν
3424 4747 3679 4820 Γραφήν.

2097 4835 2312 4899 Πάντας
2357 4835 2537 4890 τοίνυν
2580 4836 2715 4908 ὁμοῦ
2748 4839 2875 4901 τοὺς
2922 4837 3284 4901 ἀποδοθέντας
3331 4836 3531 4901 λύκους
3581 4840 3684 4892 καὶ

2093 4927 2285 5000 ἄρνας,
2316 4928 2412 4982 καὶ
2434 4928 2750 5001 παρδάλεις,
2782 4928 2879 4982 καῖ
2909 4929 3150 5000 ἐρίφους,
3179 4929 3273 4982 καὶ
3313 4928 3557 4995 λέοντας,
3582 4931 3683 4983 καὶ

2096 5020 2347 5091 μόσχους,
2371 5021 2466 5076 καὶ
2491 5021 2744 5093 ταύρους,
2780 5022 2990 5076 παιδίον
3010 5023 3202 5094 νήπιον
3228 5021 3378 5087 ἄξειν
3400 5021 3682 5077 λέλεκται;

2093 5112 2166 5166 Τὸ
2186 5113 2263 5179 δὲ,
2305 5132 2323 5166 ι
2355 5112 2494 5180 ἄξει,
2536 5134 2556 5168 ι
2586 5116 2708 5169 ἀντὶ
2737 5114 2851 5180 τοῦ,
2881 5134 2899 5167 ‹
2940 5115 3174 5181 συνάξει,
3213 5133 3231 5165 ι
3269 5115 3510 5183 λέγεται.
3546 5115 3682 5186 Ἐρ-

2091 5222 2172 5276 γῳ
2205 5207 2261 5260 δὲ
2311 5207 2428 5262 ἔστι
2487 5207 2823 5280 παραλαϐεῖν
2873 5209 2968 5262 καὶ
3008 5207 3184 5270 τοῦτο,
3233 5207 3475 5280 ὁρῶντας
3503 5208 3564 5260 ὲν
3606 5210 3680 5279 τῇ

2106 5295 2400 5370 Ἐκκλησία
2432 5297 2665 5372 Χριστοῦ
2704 5298 2830 5362 τοὺς
2869 5297 3151 5361 πλείστους
3177 5296 3286 5350 τῶν
3315 5295 3682 5368 προεστώτων

2093 5387 2161 5440 δι’
2186 5389 2464 5462 ἁπλότητα
2489 5391 2665 5462 ψυχῆς
2689 5391 2782 5444 καὶ
2813 5390 3050 5444 ἀκακίαν
3073 5389 3224 5443 οὐδὲν
3249 5389 3456 5460 νηπίων
3483 5389 3680 5459 διαφέ-

2096 5497 2305 5552 ροντας
2335 5483 2484 5554 ὅμως
2509 5483 2551 5536 δ’
2580 5478 2674 5537 οὖν
2710 5482 3046 5554 ἡγουμένους
3080 5480 3188 5535 τῶν
3214 5481 3322 5535 ἀπὸ
3349 5479 3553 5545 παντὸς
3581 5481 3680 5550 γέ-

480 5611 525 5644 “
555 5607 745 5664 Matth.
773 5625 834 5676 ι,
859 5607 950 5662 54.
1023 5607 1066 5638 ⁸⁷
1099 5602 1293 5661 Matth.
1323 5615 1448 5668 vut,
1486 5599 1578 5656 29.
1665 5597 1709 5627 "
1740 5595 1908 5650 lCor.
1943 5594 1993 5662 1,?

2158 5594 2203 5626 "
2228 5593 2386 5652 Joan.
2414 5612 2526 5665 uv,
2550 5595 2583 5652 6

479 5727 588 5798 (t7)
630 5724 783 5780 Hunc
831 5725 964 5782 item
1022 5721 1224 5787 locum,
1274 5717 1463 5790 paucis
1523 5715 1845 5784 immutatis,
1885 5712 2141 5785 exprimit
2195 5714 2577 5784 Hieronvmus,
2632 5733 2664 5799 ξι
2695 5714 2850 5784 Quod
2878 5711 3123 5784 quotidie
3168 5711 3449 5770 cernimus
3480 5711 3536 5767 in
3571 5708 3674 5768 Ec-

403 5798 593 5856 clesia.
620 5815 638 5851 ι
675 5806 780 5852 etc.
