3862 6210
195 362 298 419 4⁷3

1148 359 1646 420 (ἸΟΜΜΕΝΤΑΒΙΑ
1688 357 1755 414 ΙΝ
1795 356 2050 415 lSAlAM.
2090 391 2157 403 ——
2195 359 2350 417 CAP.
2389 354 2484 418 XI.

3357 349 3461 415 171

193 495 315 541 νοῦς
332 475 478 532 κατά
497 474 558 530 τὸ
577 477 711 531 αὐτὸ
732 478 1135 550 συναγομένων.
1153 478 1339 533 Εἰπὼν
1359 479 1438 544 δὲ,
1469 498 1488 531 ι
1518 478 1631 533 Καὶ
1657 475 1782 548 βοῦς

1890 486 1940 532 et
1965 494 2069 533 una
2098 486 2259 533 erunt
2285 476 2448 534 catuli
2481 489 2694 543 eorum,
2718 491 2741 530 ι
2778 475 2866 532 hic
2894 486 3110 546 quoque
3139 484 3455 531 mansueto.

194 571 284 624 καὶ
321 570 524 642 ἄρκτος
557 570 987 643 βοσκηθήσονται
1014 572 1152 644 ἅμα,
1184 573 1279 627 καὶ
1312 574 1429 644 ἅμα
1463 572 1679 627 ἔσονται
1711 571 1781 626 τὰ

195 661 379 724 παιδία
410 662 615 727 αὐτῶν,
645 682 674 714 -›
706 663 985 718 κάνταῦθα
1009 663 1229 736 ἡμέρων
1265 683 1326 718 τε
1380 666 1473 720 καὶ¹
1500 667 1581 730 είς
1605 683 1783 738 γεωρ-

193 755 314 825 γίαν
336 755 520 825 ψυχῆς
549 756 872 827 ἐπιτηδείων
917 757 1148 830 ἀνδρῶν,
1183 759 1276 812 καὶ
1300 757 1475 812 ἄλλων
1496 759 1783 832 ἀπηγριω-

193 848 369 918 μένων
410 850 527 911 τοῖς
572 849 817 918 τρόποις,
861 851 961 922 τὴν
994 851 1086 903 ἐπὶ
1113 850 1173 903 τὸ
1195 851 1326 904 αὐτὸ
1361 852 1644 906 κοινωνίαν
1669 853 1784 906 δια-

189 939 414 1010 γράφει.
473 940 548 992 Σὺ
580 935 674 994 οὖν
723 939 990 994 πλουσίων
1027 960 1087 996 τε
1113 940 1204 996 καὶ
1232 942 1498 1012 πενήτων,
1531 943 1784 1014 πονηρῶν

188 1049 246 1084 τε
278 1033 375 1085 καὶ
403 1031 627 1099 ἀγαθῶν
654 1029 849 1097 παῖδας
873 1034 1013 1105 ὀρῶν
1045 1035 1544 1108 συγκρατουμένους
1564 1036 1655 1090 ἐπὶ
1683 1036 1783 1108 τῆς

201 1121 554 1192 Ἐκκλησίας,
617 1123 990 1196 μαρτυρήσεις
1041 1127 1106 1196 τῇ
1163 1125 1470 1197 προφητείᾳ
1525 1127 1778 1202 φησάσην

197 1233 214 1265 ι
246 1216 358 1269 Καὶ
380 1214 502 1286 ἅμα
517 1214 587 1268 τὰ
615 1215 803 1268 παιδία
829 1217 1008 1270 αὐτῶν
1035 1217 1266 1271 ἔσονται.
1301 1237 1320 1270 ι
1371 1218 1429 1272 ’0
1453 1221 1784 1293 σαρκοϐόρος

189 1305 369 1358 τοίνυν
400 1306 503 1377 τὴν
527 1303 688 1376 φύσιν
715 1306 872 1372 λέων,
897 1307 1120 1380 ἀχύροις
1140 1309 1470 1382 τρεφόμενος
1501 1312 1781 1384 ποηφάγου

191 1393 330 1460 ζώου
374 1396 558 1468 δίκην,
608 1397 894 1468 ἄνθρωπος
921 1397 987 1452 ἂν
1029 1401 1114 1470 εἴη
1146 1400 1307 1454 πάλιν
1360 1400 1632 1474 θηριώδης
1687 1403 1783 1458 καὶ

193 1486 430 1557 ἀπηνὴς,
459 1487 589 1560 ψιλῇ
647 1491 713 1560 τῇ
753 1489 895 1556 λέξει
957 1489 1056 1560 τῆς
1091 1489 1239 1554 Θείας
1292 1491 1498 1565 χαίρων
1537 1493 1781 1566 Γραφῆς.

203 1577 398 1650 ’ϐιμὲν
426 1581 536 1654 γάρ
585 1581 864 1637 λανθάνων
893 1585 950 1636 ἐν
999 1584 1306 1657 ἀποκρύφῳ
1347 1582 1490 1650 νοῦς,
1531 1586 1694 1652 αὐτὸς
1718 1586 1784 1642 ἂν

191 1671 275 1744 είη
306 1674 337 1726 6
371 1673 548 1744 πυρὸς
566 1674 659 1728 καὶ
686 1674 714 1726 6
734 1673 920 1746 ψυχῶν
938 1675 1203 1748 τρόφιμος
1236 1662 1412 1746 λόγος·
1445 1679 1478 1748 ή
1511 1677 1569 1731 δέ
1597 1677 1784 1732 τοῦτον

193 1765 599 1839 περιϐάλλουσα
624 1765 766 1832 λέξις
797 1767 858 1821 τὸ
889 1765 1113 1840 ἄχυρον.

1883 586 2026 638 rum,
2059 579 2113 626 et
2147 571 2214 624 ad
2245 570 2442 624 animae
2471 568 2862 641 agriculturam
2913 567 3243 624 idoneorum
3284 566 3461 621 homi-

1883 675 2036 725 num,
2088 659 2431 727 aliorumque
2481 660 2729 714 moribus
2780 657 3152 722 efferatarum,
3209 672 3457 712 commu-

1883 753 2097 806 nionem
2131 751 2409 806 describit.
2469 751 2551 806 Tn
2602 765 2734 820 ergo
2782 750 2871 820 qui
2914 749 3134 804 divitum
3165 757 3220 804 et
3255 763 3459 818 paupe-

1884 860 2026 912 rum,
2076 845 2446 914 improbornm
2496 851 2552 898 et
2595 844 2860 898 bonorum
2923 842 3063 898 filios
3109 843 3162 898 in
3215 844 3454 899 Ecclesia

1885 938 2140 994 collectos
2191 939 2360 1002 vides,
2437 936 2737 1007 prophetiae
2791 935 3171 990 testimonium
3221 934 3454 1000 reddes,

1884 1045 2004 1100 qua:
2031 1030 2130 1096 ait,
2175 1049 2194 1082 ι
2222 1030 2288 1084 Ει
2309 1028 2468 1085 simul
2506 1027 2673 1083 catuli
2698 1042 2888 1082 eorum
2919 1035 3098 1082 erunt.
3144 1043 3163 1078 ι
3192 1025 3303 1080 Leo
3350 1025 3456 1081 ita.

1884 1138 1990 1192 que
2038 1133 2232 1177 natura
2268 1121 2610 1186 carnivorus,
2657 1120 2835 1174 instar
2887 1117 3144 1173 animalis
3184 1117 3456 1173 herbivori

1885 1215 2035 1286 palea
2080 1215 2341 1280 nutritus,
2383 1213 2508 1284 jure
2573 1211 2846 1267 habeatur
2885 1225 2984 1280 pro
3027 1209 3247 1265 homine
3285 1207 3458 1264 feroci

1884 1324 1947 1364 ac
1973 1309 2291 1373 inhumano,
2327 1308 2416 1378 qui
2453 1307 2611 1362 nu‘dae
2659 1305 2858 1359 divina:
2893 1301 3189 1374 Scriptura:
3233 1303 3455 1360 lectioni

1885 1403 2135 1473 gaudeat.
2187 1401 2257 1454 At
2294 1400 2435 1454 enim
2480 1413 2634 1452 mens
2674 1397 2727 1452 in
2779 1395 2992 1450 occulto
3032 1394 3229 1462 latens,
3276 1395 3456 1465 ipsum

1887 1494 2123 1548 triticum
2155 1507 2218 1547 ac
2231 1491 2457 1546 verbum
2492 1489 2776 1543 animabus
2792 1487 3002 1542 alendis
3023 1496 3246 1557 aptum;
3273 1486 3458 1541 littera

1885 1601 2013 1643 vero
2058 1595 2292 1642 mentem
2341 1593 2398 1638 et
2449 1595 2668 1638 sensum
2735 1580 3124 1650 complectens,
3173 1579 3329 1651 palea
3375 1578 3461 1634 fu.

1884 1681 2013 1738 erit.

268 1823 288 1909 ἓ
325 1859 442 1911 Καὶ
491 1823 713 1914 παιδίον
738 1823 1060 1931 νήπιονῆἐῖιτὶ
1103 1861 1362 1934 τρωγλῶν
1396 1863 1658 1927 ἀσπίδων,
1692 1862 1784 1918 καὶ

1960 1856 2125 1915 Vens.
2165 1859 2220 1915 8.
2254 1877 2273 1912 ι
2304 1857 2370 1920 Ει
2395 1871 2528 1929 puer
2567 1856 2746 1912 infans
2777 1857 2829 1912 in
2866 1852 3133 1913 foramina
3185 1855 3456 1927 aspidum,

191 1948 284 2001 ἐπὶ
309 1949 502 2020 κοίτην
548 1949 789 2018 ἐκγόνων
833 1949 1074 2005 ἀσπίδων
1110 1952 1208 2022 τὴν
1244 1955 1402 2024 χεῖρα
1441 1953 1707 2008 ἐπιϐαλεῖ.
1762 1973 1781 2007 ι

191 2038 348 2108 Τάχα
380 2038 440 2092 δὲ
467 2038 713 2110 τρῶγλαι
735 2040 829 2092 καὶ
857 2043 1030 2093 κοῖται
1060 2040 1303 2094 ἀσπίδων
1320 2042 1426 2094 καὶ
1447 2041 1554 2095 τῶν
1578 2041 1788 2106 τούτοις

191 2129 554 2199 γεννημάτων
586 2126 697 2182 εἷεν
714 2129 778 2182 ἂν
793 2130 886 2184 καὶ
913 2131 980 2184 τὰ
996 2129 1224 2201 σώματα
1247 2131 1357 2184 τῶν
1386 2133 1492 2186 ὑπὸ
1517 2133 1788 2204 δαιμόνων

193 2218 620 2289 ἐνοχλουμένων,
653 2214 734 2283 οἷς
781 2219 1169 2291 ἐμφωλεύοντα
1218 2222 1288 2277 τὰ
1340 2223 1648 2295 ἐρπυστικά
1693 2226 1790 2278 καὶ

196 2307 378 2361 ίοὸόλα
399 2306 690 2378 πνεύματα
707 2310 1036 2377 ἐκοιτάζετο,
1054 2311 1327 2382 τρώγλαις
1347 2312 1533 2386 ὥσπερ
1552 2317 1666 2378 τοῖς
1692 2313 1787 2368 τοῦ

195 2395 449 2466 σώματος
476 2397 853 2470 αἰσθητηρίοις
867 2399 1142 2471 χρώμενα.
1179 2402 1360 2456 Ταῦτα
1386 2403 1442 2455 δὲ
1471 2403 1530 2457 τὺ
1551 2405 1788 2477 Χριστοῦ

196 2488 434 2552 παιδίον,
475 2490 619 2561 ἀνήρ
648 2507 731 2554 τις
759 2491 963 2556 ἁπλοῦς
993 2492 1086 2546 καὶ
1112 2492 1209 2565 τὴν
1241 2495 1439 2548 κακίαν
1483 2497 1787 2567 νηπιάζων,

194 2580 261 2650 τῇ
284 2577 383 2631 τοῦ
415 2580 670 2652 Σωτῆρος
697 2581 1000 2638 ἀπελαῦνον
1028 2584 1274 2656 δυνάμει,
1310 2586 1407 2658 τὴν
1436 2589 1592 2660 χεῖρα
1621 2583 1788 2642 αὑτοῦ

197 2669 480 2742 ἐπιτίθησι
537 2672 701 2743 μηδὲν
741 2680 1058 2729 κακοποιεῖν
1110 2677 1432 2749 δυναμένοις
1467 2679 1556 2733 διὰ
1595 2680 1686 2733 τὸν
1723 2682 1789 2735 ἐκ

198 2759 358 2833 ῥίζης
424 2762 626 2817 Ἰεσσαὶ
678 2765 1025 2836 προελθόντα·
1057 2766 1117 2832 ὃς
1172 2768 1419 2833 ἐξουσίαν
1471 2771 1641 2825 ἐδίδου
1673 2775 1788 2837 τοῖς

195 2852 362 2906 αὐτοῦ
401 2854 640 2919 παιδίοις
672 2859 860 2910 πατεῖν
907 2858 1094 2912 ἐπάνω
1142 2859 1317 2930 ὄφεων
1346 2863 1440 2916 καί
1489 2864 1786 2936 σκορπίων,

195 2945 288 2998 καὶ
318 2945 417 3010 ἐπὶ
445 2948 625 3000 πᾶσαν
653 2947 750 3018 τὴν
771 2947 999 3021 δύναμιν
1023 2950 1117 3004 τοῦ
1149 2952 1362 3024 ἐχθροῦ.

269 3053 291 3087 ι
329 3036 446 3090 Καὶ
478 3037 541 3090 οὐ
587 3039 661 3110 μὴ
715 3043 1162 3112 κακοποιήσουσι,
1193 3044 1314 3098 οὐδὲ
1355 3045 1430 3118 μὴ
1470 3046 1786 3120 δυνήσονται

197 3127 464 3183 ἀπολέσαι
516 3129 706 3184 οὐδένα
747 3133 841 3186 ἐπὶ
871 3134 933 3188 τὺ
970 3135 1096 3208 ὅρος
1119 3138 1180 3190 τὸ
1217 3139 1372 3207 ἆγιόν
1404 3157 1520 3194 σου.
1562 3161 1580 3192 ι
1615 3142 1785 3196 Τοῦτο

195 3218 253 3271 δέ
274 3220 392 3273 ἐστι
414 3221 477 3273 τὸ
504 3220 632 3292 ὅρος
663 3222 723 3275 τὸ
748 3223 842 3276 καὶ
886 3224 976 3279 διά
1142 3194 1451 3301 ἔμπροσθεν
1483 3194 1788 3304 δεδηλωμιέζ
1813 3194 1855 3254 C

197 3324 305 3374 νον,
334 3310 440 3362 οὐκ
483 3310 613 3364 ἀλλο
634 3330 686 3366 τι
710 3311 771 3366 ὃν
806 3313 901 3368 τοῦ
940 3317 1262 3387 ἐπουρανίου
1303 3320 1398 3372 καὶ
1430 3320 1785 3390 εύαγγελικοῦ

198 3397 374 3469 λόγου,
407 3402 498 3470 ἐφ’
528 3393 589 3455 οὗ
619 3405 647 3457 ὁ
675 3399 825 3468 οἶκος
854 3405 947 3459 τοῦ
989 3407 1146 3472 Θεοῦ,
1171 3409 1324 3482 καὶὴ
1360 3411 1657 3483 Ἐκκλησία
1686 3414 1787 3467 αύ-

198 3492 286 3546 τοῦ
307 3494 680 3565 ᾠκοδόμηται.
711 3497 828 3551 Ἵνα
841 3499 973 3566 γοῦν
998 3502 1072 3572 μή
1100 3520 1184 3567 τις
1206 3502 1268 3557 τὸ
1299 3505 1532 3560 ἐνταῦθα
1563 3507 1790 3578 λεγόμε-

199 3601 283 3636 νον
323 3584 456 3656 ὅρος
487 3585 686 3660 νομίσῃ
707 3583 847 3642 εῖναι
872 3591 934 3643 τὸ
965 3591 1024 3645 ἐν
1057 3592 1212 3664 μέρει
1240 3595 1442 3663 γωνίας
1457 3597 1558 3666 τῆς
1583 3598 1789 3652 Παλαι-

202 3676 384 3748 στίνης
425 3678 702 3743 Ἰουδαίοις
749 3681 1174 3756 ὑπειλημμένον,
1226 3687 1478 3758 διασαφεῖ
1518 3689 1617 3762 τὴν
1667 3691 1787 3746 διά-

199 3783 344 3820 νοιαν
374 3765 505 3838 ἑξῆς
542 3768 837 3842 ἐπιφέρωνο
868 3791 886 3824 ι
940 3773 1065 3827 Ὀτι
1094 3776 1402 3849 ἐνεπλήσθη
1438 3781 1470 3851 ή
1521 3779 1788 3850 σύμπασα

199 3857 266 3929 γῆ
291 3859 386 3912 τοῦ
414 3860 620 3928 γνῶναι
647 3862 739 3916 τὸν
771 3863 995 3936 Κύριον,
1031 3867 1108 3931 ὡς
1145 3867 1289 3941 ὕδωρ
1315 3870 1450 3924 πολὺ
1476 3872 1787 3926 κατακαλύ-

199 3947 292 4016 vim
337 3949 639 4015 θαλάσσαςο
676 3972 695 4004 ι
730 3953 872 4008 οῦτω
907 3959 1188 4028 σημαίνων
1231 3959 1328 4032 τὴν
1361 3962 1481 4015 καθ’
1511 3963 1640 4035 ὅλης
1689 3966 1788 4036 τῆς

199 4041 528 4111 οἰκουμένης
560 4041 848 4116 ἱδρυμένην
900 4046 1224 4118 Ἐκκλησίαν
1261 4051 1418 4116 Θεοῦ,
1459 4055 1554 4108 καὶ
1587 4055 1686 4128 τὴν
1730 4058 1789 4110 ἐν

201 4130 333 4202 αὐτῇ
361 4134 779 4205 κηρυττομένην
802 4136 1001 4209 εὐσεϐῆ
1023 4139 1246 4207 γνῶσιν,
1273 4143 1373 4214 τὴν
1396 4147 1502 4198 πᾶν
1532 4146 1592 4200 τὸ
1613 4148 1789 4220 ἁλμυ-

205 4220 294 4292 ρὸν
320 4222 424 4293 τῆς
458 4224 658 4288 κακίας
693 4225 787 4279 τοῦ
830 4225 968 4297 βίου,
1000 4228 1190 4304 ὥσπερ
1223 4233 1402 4306 πολλῷ
1447 4235 1526 4307 τῷ
1557 4237 1789 4310 ῥεύματι

203 4316 668 4383 κατακλύζουσαν,
717 4321 812 4373 καὶ
853 4321 1033 4375 πᾶσαν
1071 4321 1250 4395 ψυχῆς
1302 4325 1604 4401 μοχθηρίαν
1653 4331 1783 4398 ἀποο

206 4406 595 4479 καθαίρουσαν.

273 4605 293 4637 ι
334 4586 451 4642 Καὶ
484 4585 636 4643 ἔσται
668 4589 728 4643 ἐν
764 4591 946 4666 ἐκείνῃ
971 4593 1038 4664 τῇ
1074 4591 1260 4666 ἡμέρᾳ
1287 4593 1320 4666 ή
1351 4594 1475 4667 ῥίζα
1513 4595 1609 4650 τοῦ
1647 4598 1780 4652 Ἰεσ-

203 4681 309 4744 σαὶ,
337 4681 434 4734 καὶ
460 4683 490 4734 6
535 4682 891 4754 ἀνιστάμενος
923 4685 1110 4757 ἄρχειν
1144 4685 1331 4741 ἐθνῶν·
1364 4687 1450 4740 ἐπ’
1481 4689 1629 4760 αύτῷ
1654 4689 1782 4761 ἐθνη

200 4768 464 4825 ἐλπιοῦσιο
497 4774 590 4826 καὶ
619 4774 771 4828 ἐσται
799 4777 832 4848 ή
879 4777 1184 4842 ἀνάπαυσις
1231 4778 1396 4833 αὐτοῦ
1424 4783 1579 4853 τιμή.
1615 4801 1633 4832 ι
1696 4783 1784 4836 Ἐν

200 4862 378 4934 ἐκείνῃ
410 4858 505 4917 οὖν
542 4867 608 4936 τῇ
636 4867 842 4939 ἡμέρᾳ,
880 4868 1040 4939 δῆλον
1071 4870 1127 4922 δὲ
1157 4870 1239 4923 ὅτι
1283 4871 1424 4926 κατά
1454 4874 1546 4926 τὸν
1568 4891 1782 4945 προφη-

197 4953 488 5026 τευόμενον
531 4958 742 5028 χρόνον,
776 4951 931 5025 οὗτος
981 4962 1141 5026 αὐτὸς
1171 4965 1234 5016 ἐκ
1266 4963 1366 5034 τῆς
1391 4965 1547 5036 ῥίζης
1586 4965 1785 5020 Ἰεσσαὶ

199 5041 658 5117 ἀναστησόμενος,
692 5050 828 5119 μετά
843 5051 904 5104 τὸ
927 5052 1240 5124 ἀναστῆναι,
1267 5053 1508 5126 δηλονότι
1533 5057 1668 5127 μετὰ
1685 5057 1785 5129 τὴν

198 5132 258 5186 ἐκ
279 5137 494 5208 νεκρῶν
527 5139 839 5206 ἀνάστασιν,
874 5142 974 5195 οὐκ
1012 5144 1273 5198 Ἰουδαίων
1324 5145 1476 5200 ἔσται
1506 5147 1781 5218 βασιλεὺς,

197 5224 314 5278 οὐδὲ
340 5225 537 5298 ὥσπερ
561 5229 722 5294 αὐτὸς
752 5232 781 5284 6
799 5230 962 5285 Δαυῒδ
994 5233 1046 5286 οἴ
1067 5251 1124 5286 τε
1143 5234 1331 5288 τούτου
1370 5236 1622 5307 διάδοχοι,
1653 5237 1784 5308 βρα-

197 5318 348 5387 leta;
394 5319 543 5382 τινος
575 5319 776 5386 γωνίας
803 5324 1088 5395 κρατήσει,
1124 5323 1226 5396 τῆς
1253 5326 1298 5379 δ’
1335 5327 1649 5398 ἁπανταχοῦ
1681 5330 1783 5401 γῆς

198 5408 366 5480 ἄρξει.
401 5411 495 5464 Διὸ
521 5412 772 5482 οὐδαμῶς
817 5414 1047 5470 Θάνατον
1081 5416 1391 5490 ὑπογράφει
1431 5421 1616 5474 αὐτοῦ’
1648 5422 1782 5476 ἀνά-

200 5518 396 5557 παυσιν
420 5504 480 5558 δὲ
507 5507 783 5577 ὀνομάζει,
811 5511 906 5565 καὶ
933 5510 1111 5578 δόξαν,
1141 5511 1237 5566 καὶ
1267 5515 1452 5584 τιμήν.
1485 5513 1654 5568 Τοῦτο
1675 5514 1784 5586 γὰρ

197 5588 260 5666 ἦν
291 5598 353 5652 τὸ
401 5599 558 5665 τέλος
607 5601 709 5671 τῆς
746 5603 839 5657 τοῦ
885 5605 1138 5678 Σωτῆρος
1164 5606 1322 5678 ήμῶν
1349 5609 1429 5671 είς
1463 5606 1783 5680 ἀνθρώπους

198 5687 528 5760 οἰκονομίας
585 5690 614 5744 ὃ
660 5690 723 5763 δὴ
767 5693 861 5747 καὶ
894 5693 1058 5758 αὐτὸς
1088 5697 1116 5749 6
1143 5694 1336 5770 Σωτὴρ
1366 5695 1522 5769 ήμῶν
1546 5694 1780 5764 δεικνὺς,

203 5772 375 5847 ελεγεν
401 5782 464 5853 ἐν
483 5784 551 5854 τῇ
577 5783 714 5854 πρὸς
738 5783 826 5838 τὸν
858 5785 1075 5858 Πατέρα
1101 5787 1252 5860 εὐχῇ·
1276 5807 1294 5842 t
1335 5787 1536 5861 Πάτερ,
1565 5788 1784 5857 δόξασόν

1813 4545 1860 4602 D
1882 4579 1885 4581 _

1889 1950 2024 2005 etin
2067 1950 2264 2005 cubilia
2315 1949 2548 2004 filiorum
2605 1948 2854 2017 aspidum
2910 1963 3127 2002 manum
3166 1946 3394 2018 injiciet.
3431 1965 3452 2002 ι

1889 2041 2180 2097 Foramina
2214 2050 2270 2096 et
2309 2042 2507 2096 cubilia
2542 2042 2791 2111 aspidum
2823 2055 2888 2096 ac
2921 2041 3206 2112 progenies
3245 2054 3460 2103 eorum,

1891 2131 2124 2189 fortasse
2165 2147 2398 2203 corpora
2449 2131 2654 2188 fuerint
2695 2148 2882 2188 eorum
2917 2133 3008 2202 qui
3049 2148 3080 2188 a
3123 2133 3461 2189 daemonibus

1892 2226 2193 2294 agitantur,
2227 2225 2316 2280 ubi
2349 2241 2448 2282 ceu
2479 2227 2534 2280 in
2566 2224 2803 2280 latibulis
2834 2233 2888 2280 et
2927 2223 3099 2280 foveis
3132 2224 3356 2296 reptiles
3383 2224 3460 2279 illi

1891 2327 1946 2372 et
1977 2317 2228 2372 venenati
2259 2317 2482 2388 spiritus
2511 2317 2733 2381 cubant,
2764 2317 3046 2386 corporeis
3083 2317 3337 2371 sensibus
3362 2330 3462 2370 ceu

1891 2408 2250 2464 foraminibus
2279 2417 2510 2464 utentes.
2568 2407 2676 2463 Hos
2723 2422 2889 2476 porro
2939 2421 3071 2478 puer
3121 2408 3346 2472 Christi,
3382 2409 3468 2464 vir

1890 2505 2068 2575 quivis
2095 2505 2322 2575 simplex
2353 2515 2410 2560 et
2437 2504 2646 2558 malitia
2677 2502 2884 2567 infans,
2917 2503 3221 2558 Saivatoris
3264 2505 3467 2559 virtute

1894 2597 2184 2665 depcllens,
2223 2612 2442 2651 manum
2475 2597 2627 2652 su'atn
2674 2596 2740 2652 iis
2783 2594 2980 2665 injicit,
3031 2597 3168 2651 nihil
3207 2596 3334 2651 mali
3372 2597 3460 2651 in-

1892 2688 2037 2744 ferre
2063 2689 2392 2751 valentibus,
2418 2699 2639 2759 propter
2677 2703 2799 2744 eum
2822 2690 2914 2760 qui
2960 2705 3022 2746 ex
3067 2689 3250 2744 radice
3289 2688 3460 2746 Jessa

1889 2781 2111 2853 prodiit,
2169 2782 2261 2852 qui
2307 2791 2627 2850 potestatem
2681 2783 2807 2838 filiis
2839 2783 2952 2838 suis
3018 2781 3167 2837 dedit
3212 2781 3458 2837 calcandl

1889 2889 2051 2945 supra
2097 2885 2380 2946 serpentes
2425 2884 2482 2931 et
2539 2876 2884 2948 scorpiones,
2925 2884 2982 2930 et
3023 2889 3185 2946 supra
3239 2889 3458 2931 omnem

1887 2964 2142 3017 virtutem
2177 2963 2401 3018 inimici.

1959 3052 2123 3109 Vnus.
2150 3053 2204 3110 9.
2267 3054 2378 3109 «Et
2406 3069 2512 3109 non
2560 3055 2852 3122 nocebunt,
2903 3069 3004 3111 nec
3051 3063 3305 3124 poterunt
3331 3069 3457 3124 pero

1889 3146 2018 3200 dere
2054 3160 2383 3214 quemquam
2440 3146 2493 3201 in
2543 3156 2731 3202 monte
2783 3156 2975 3203 sancto
3033 3156 3146 3202 tuo.
3182 3165 3200 3198 ι
3249 3146 3349 3203 Hic
3377 3157 3462 3201 est

1892 3253 2047 3291 mons
2091 3238 2179 3293 ille
2221 3237 2472 3307 superius
2530 3249 2882 3304 memoratus,
2936 3252 3040 3294 nec
3097 3237 3257 3304 alius,
3297 3254 3461 3309 quam

1889 3326 2110 3382 caeleste
2137 3337 2192 3382 et
2221 3330 2594 3400 evangelicum
2622 3330 2870 3396 verbum,
2900 3329 2954 3383 in
2983 3343 3090 3399 quo
3130 3331 3324 3386 domus
3364 3329 3459 3384 Dei

1888 3429 1944 3474 et
1979 3419 2219 3475 Ecclesia
2249 3419 2366 3488 ejus
2396 3421 2664 3475 aediﬁcata
2706 3429 2812 3475 est.
2866 3420 2945 3475 Ne
2989 3421 3114 3491 quis
3155 3421 3325 3493 igitur
3377 3423 3467 3476 hic

1888 3521 2249 3564 memoratum
2279 3519 2539 3575 montem,
2566 3510 2714 3564 illum
2749 3511 2980 3565 aestimet
3003 3525 3145 3578 esse,
3187 3529 3348 3584 quem
3369 3512 3466 3568 Ju-

1889 3601 1991 3656 daei
2043 3601 2358 3670 opinantur,
2408 3602 2458 3655 in
2520 3600 2718 3671 angulo
2758 3601 3058 3657 Palaestinae
3103 3604 3292 3668 situm,
3337 3605 3466 3659 dicti

1890 3701 2122 3748 mentem
2153 3693 2387 3762 explicat
2446 3707 2510 3746 ac
2566 3691 2866 3762 subjungit,
2913 3712 2932 3744 σ
2963 3693 3102 3760 Quia
3141 3695 3344 3764 repleta
3377 3705 3465 3749 est

1889 3787 2140 3841 universa
2218 3796 2364 3842 terra
2425 3785 2732 3856 cognitione
2784 3786 3019 3853 Domini,
3089 3787 3164 3842 ita
3213 3797 3272 3842 ut
3322 3803 3461 3857 aqua

1888 3879 2054 3934 nmlta
2085 3879 2298 3949 operiat
2331 3880 2540 3936 maria:
2575 3898 2595 3932 ι
2636 3880 2714 3934 sic
2753 3878 3003 3935 indicans
3038 3880 3336 3935 Ecclesiam
3365 3879 3461 3934 Dei

1887 3986 1986 4042 per
2014 3980 2188 4026 totum
2210 3972 2399 4026 orbem
2430 3971 2754 4036 stabilitam,
2803 3971 3058 4042 piamque
3086 3973 3461 4044 cognitionem

1888 4066 1942 4120 in
1985 4063 2074 4118 illa
2133 4063 2510 4134 praedicatam,
2555 4078 2676 4133 quae
2713 4074 2883 4119 totam
2924 4065 3181 4135 nequitia:
3238 4063 3462 4132 hujusce

1887 4158 2012 4212 vitae
2062 4157 2392 4227 salsuginem
2433 4170 2532 4212 ceu
2567 4172 2758 4228 magno
2792 4173 3058 4227 aquarum
3090 4156 3257 4214 fluctu
3299 4158 3463 4212 inun-

1889 4249 2003 4314 det,
2041 4256 2096 4303 et
2131 4257 2294 4303 totam
2321 4247 2514 4303 animae
2543 4249 2845 4318 nequitiam
2872 4257 3161 4320 expurget.

1960 4591 2126 4650 Vens.
2153 4591 2242 4647 lo.
2290 4608 2310 4644 ι
2340 4590 2408 4647 Et
2429 4592 2532 4648 erit
2561 4590 2614 4646 in
2649 4591 2736 4647 die
2762 4588 2849 4645 illa
2882 4585 3034 4645 radix
3063 4585 3252 4656 Jessae,
3281 4598 3339 4645 et
3363 4589 3460 4660 qui

1890 4688 2130 4758 exsurgit
2171 4669 2445 4756 imperare
2477 4685 2768 4757 gentibus:
2801 4684 2855 4738 in
2891 4685 3009 4754 ipso
3041 4693 3230 4756 gentes
3275 4698 3464 4753 spera-

1891 4780 2065 4834 bunt:
2107 4788 2163 4834 et
2214 4779 2320 4834 erit
2367 4779 2582 4848 requies
2629 4777 2746 4842 ejus
2798 4777 2989 4832 honor.
3017 4796 3034 4828 ι
3091 4776 3146 4830 In
3190 4775 3281 4830 illa
3333 4791 3466 4846 ergo

1891 4871 1998 4936 die,
2042 4881 2102 4924 ut
2133 4871 2308 4942 palam
2355 4880 2470 4934 est,
2501 4870 2554 4924 in
2589 4879 2835 4940 tempore
2869 4884 2899 4923 a
2935 4867 3216 4939 prophetia
3252 4876 3461 4932 notato,

1889 4963 1978 5019 hic
2007 4964 2121 5033 ipse
2152 4964 2244 5034 qui
2281 4977 2345 5018 ex
2383 4963 2564 5017 radice
2589 4956 2758 5018 Jessae
2791 4969 3140 5016 surrecturus
3172 4969 3279 5024 est,
3317 4971 3466 5029 post-

1888 5071 2052 5127 quam
2094 5056 2430 5121 surrexerit,
2477 5056 2528 5108 id
2571 5064 2687 5118 est,
2724 5063 2847 5124 post
2893 5053 3350 5108 resurrectionem
3399 5068 3466 5108 ex

1887 5151 2137 5213 mortuis,
2186 5163 2291 5201 non
2342 5145 2649 5202 Iudaeorum
2700 5161 2794 5200 rex
2844 5146 2980 5210 erit,
3033 5159 3209 5214 neque
3246 5145 3469 5215 perinde

1887 5247 2049 5304 atque
2079 5237 2244 5290 David
2272 5236 2498 5307 ejusque
2537 5250 2904 5298 successores,
2943 5235 2997 5288 in
3033 5249 3202 5303 parvo
3229 5237 3464 5304 quodam

1885 5329 2081 5401 angulo
2125 5329 2430 5398 imperabit,
2473 5328 2567 5382 sed
2604 5328 2656 5381 in
2699 5328 3008 5381 universam
3043 5337 3246 5382 terram
3295 5329 3469 5399 impe-

1884 5421 2022 5475 rium
2053 5419 2332 5474 obtinebit.
2363 5419 2543 5486 Quare
2572 5434 2834 5488 nusquam
2863 5420 2980 5488 ejus
3009 5429 3236 5475 mortem
3265 5421 3469 5490 scripto

1885 5512 2067 5576 tradit,
2092 5511 2186 5566 sed
2219 5510 2465 5580 requiem
2499 5519 2674 5579 vacat,
2703 5510 2926 5582 gloriam
2959 5519 3016 5565 et
3045 5509 3330 5568 honorem.
3364 5512 3465 5570 Hic

1883 5598 2080 5674 quippe
2121 5601 2429 5659 Servatoris
2463 5603 2633 5659 nostri
2667 5618 2796 5674 erga
2847 5602 3097 5660 homines
3147 5605 3466 5660 oeconomia)

1883 5694 2007 5751 finis
2057 5703 2176 5751 erat
2224 5715 2239 5751 :
2289 5696 2430 5766 quod
2494 5697 2609 5766 ipse
2673 5693 2934 5752 Servator
2995 5695 3201 5754 indicat
3252 5697 3306 5752 in
3361 5711 3459 5760 sua

1886 5790 1952 5848 ad
1999 5789 2215 5847 Patrem
2267 5791 2514 5849 oratione
2557 5791 2645 5849 his
2679 5789 2906 5850 verbis:
2945 5806 2966 5843 ι
2995 5788 3179 5858 Pater,
3222 5788 3461 5862 glorifica
