3862 6210
413 341 516 398 175

1050 338 1322 396 EUSEBII
1361 338 1843 397 CAESARIENSIS
1881 339 2030 397 OPP.
2073 340 2252 397 PARS
2289 339 2378 396 Ill.
2415 370 2486 384 —
2525 339 2942 396 EXEGETICA.

3578 349 3678 404 I76

410 471 500 512 me
545 453 716 527 gloria
765 466 926 523 quam
979 451 1178 518 habui,
1225 459 1516 522 antequam
1569 453 1800 509 mundus
1849 462 1990 509 esset

2097 472 2160 525 με
2191 455 2256 525 τῇ
2288 451 2416 526 δόξῃ
2447 444 2648 527 ᾖείχον
2682 453 2788 524 πρὸ
2830 452 2923 506 τοῦ
2957 451 3047 507 τὸν
3093 453 3298 524 κόσμον
3327 450 3489 525 εἶναι,
3529 463 3678 535 παρὰ

412 549 552 618 apud
593 557 667 603 te.
694 565 715 600 ι

481 640 644 696 Vens.
679 640 767 695 11.
803 657 822 691 ι
849 637 919 694 Et
954 636 1062 693 erit
1089 636 1142 691 in
1175 635 1259 692 die
1302 635 1425 701 illa,
1458 635 1675 704 adjiciat
1726 635 1989 692 Dominus

409 735 694 792 omendere
743 747 959 787 manuni
1010 743 1193 793 suam,
1238 727 1306 783 ad
1367 729 1649 783 zelandum
1715 729 1990 784 residuum

409 826 628 897 populi,
679 823 822 895 quod
874 823 1123 876 relictum
1185 821 1346 876 fuerit
1393 822 1460 874 ab
1499 820 1774 891 Assyriis,
1822 829 1875 874 et
1924 821 1992 874 ab

409 916 641 989 Egypto
664 927 717 971 et
743 931 773 969 a
809 915 1127 984 Babylonia,
1157 923 1212 967 et
1253 912 1319 966 ab
1355 911 1658 980 Ethiopia,
1689 922 1745 966 et
1771 910 1838 965 ab
1869 912 1994 966 Ela-

411 1011 579 1072 initis,
619 1017 673 1063 et
700 1008 769 1062 ab
813 1019 936 1062 ortu
979 1006 1129 1072 solis,
1172 1015 1223 1059 et
1259 1018 1326 1060 ex
1373 1004 1593 1058 Arabia.
1639 1003 1775 1070 Quia
1829 1003 1994 1070 igitur

409 1102 669 1174 propheta
711 1115 861 1164 eum,
887 1100 978 1168 qui
1009 1114 1071 1153 ex
1111 1098 1292 1153 radice
1332 1094 1501 1151 Jessa:
1551 1107 1738 1166 surget
1774 1096 1842 1150 ad
1891 1096 1995 1150 im-

411 1196 708 1264 perandum
737 1193 1006 1262 gentibus,
1039 1190 1365 1246 vaticinatus
1392 1198 1498 1254 est,
1529 1190 1857 1258 adjecitqne,
1886 1207 1906 1240 ι
1939 1188 1991 1242 in

409 1302 533 1343 cum
575 1295 761 1356 gentes
792 1286 1112 1354 sperabunt;
1145 1301 1164 1336 ι
1205 1281 1490 1338 Jndaicum
1528 1282 1656 1336 item
1693 1295 1864 1349 genus
1901 1295 1996 1336 ne-

411 1379 651 1437 cessario
692 1389 956 1435 memorat
1005 1383 1058 1433 in
1105 1376 1394 1448 praesenti;
1450 1389 1522 1430 ne
1571 1375 1692 1444 quis
1747 1374 1994 1444 suspica-

414 1487 567 1534 retur
593 1490 740 1539 eum,
772 1474 864 1546 qui
897 1473 949 1528 in
987 1472 1274 1544 prophetia
1319 1468 1511 1533 fertur,
1553 1467 1748 1540 populo
1779 1482 1846 1521 ex
1888 1467 1994 1522 cir-

409 1570 746 1627 cumcisione
797 1566 935 1623 nihil
975 1565 1229 1620 utilitatis
1283 1562 1572 1617 allaturum
1642 1575 1782 1617 esse.
1825 1560 1993 1615 Docet

411 1665 616 1733 itaque,
662 1676 770 1732 quo
807 1671 966 1730 pacto
1011 1678 1030 1710 ι
1063 1660 1115 1712 in
1160 1656 1247 1712 die
1291 1655 1412 1720 illa;
1440 1673 1458 1706 ι
1497 1654 1550 1709 id
1592 1663 1706 1720 est,
1756 1664 1994 1723 tempore

411 1759 674 1810 adventus
717 1753 809 1824 qui
843 1753 895 1808 in
923 1750 1180 1806 vaticinio
1208 1747 1546 1811 enuntiatur,
1585 1764 1604 1799 ί
1636 1747 1852 1814 adjiciet
1885 1745 1991 1800 Do-

412 1845 594 1900 minus
634 1842 920 1900 ostendere
953 1855 1168 1895 manum
1215 1855 1393 1905 suam,
1424 1840 1491 1892 ad
1524 1837 1809 1892 celandum
1855 1837 1991 1891 resi.
2022 1814 2063 1874 Β

411 1938 576 1992 duum
608 1935 812 2007 populi.
838 1953 856 1987 ι
890 1933 996 1989 Pro
1022 1948 1129 2003 quo
1169 1931 1360 2002 Aquila
1383 1968 1399 1997 ,
1437 1947 1454 1980 ι
1494 1928 1749 1998 Adjiciet,
1793 1927 1989 1998 inquit,

411 2029 671 2085 Dominus
712 2027 951 2083 secundo
983 2041 1196 2080 manum
1234 2039 1410 2085 suam,
1456 2023 1521 2076 ad
1569 2019 1850 2077 zelandum
1908 2034 1993 2073 re-

411 2122 626 2178 siduum
675 2119 860 2191 populi
910 2119 1074 2184 sui“
1117 2117 1500 2189 Symmachus,
1551 2133 1569 2166 ι
1599 2111 1831 2183 Adjiciet
1882 2110 1990 2166 Do-

413 2214 594 2269 minus
626 2212 866 2269 secuudo
913 2224 1130 2264 manum
1171 2223 1348 2273 suam,
1378 2207 1443 2261 ad
1478 2203 1864 2278 possidendum
1905 2218 1993 2259 re-

411 2307 629 2363 siduum
661 2303 842 2375 populi
871 2302 976 2359 sui.
1003 2321 1022 2354 ι
1057 2301 1522 2369 Quemadmodum
1559 2299 1704 2354 enim
1733 2297 1989 2354 amictum

410 2397 694 2457 Iudaicum
725 2394 979 2466 populum
1007 2392 1174 2448 semel
1202 2393 1270 2446 ab
1303 2392 1655 2462 oppressione
1703 2390 1991 2455 liberavit,

416 2503 579 2545 manu
627 2502 724 2544 sua
761 2484 1087 2540 mirabilium
1136 2481 1408 2538 ell'ectrice
1459 2498 1555 2551 per
1608 2481 1842 2552 Moysem
1890 2494 1991 2534 ex-

415 2590 611 2636 tensa:
641 2594 748 2650 qua
782 2593 946 2633 manu
983 2576 1244 2647 stupenda
1288 2575 1374 2628 illa
1410 2575 1654 2646 prodigia
1688 2573 1740 2628 in
1774 2571 1991 2644 [Egypti

414 2673 638 2744 regione
681 2671 880 2738 edidit;
926 2670 1117 2725 eodem
1166 2669 1325 2723 modo
1375 2667 1571 2722 iterum
1617 2663 1838 2735 adiiciet
1887 2679 1994 2718 ma-

412 2783 542 2824 num
575 2781 752 2828 suam,
791 2764 947 2835 quasi
981 2764 1219 2818 secunda
1254 2775 1372 2815 rice
1407 2759 1743 2814 mirabilibus
1770 2757 1990 2814 edendis

411 2859 666 2930 operibus
696 2857 841 2913 illam
887 2869 1149 2920 movens;
1184 2863 1241 2909 ut
1283 2854 1555 2908 residuum
1595 2851 1774 2922 populi
1813 2848 1991 2920 possi-

412 2952 556 3020 deat,
584 2965 648 3006 ac
681 2950 920 3004 studiose
961 2956 1266 3003 conservet.
1317 2944 1452 3017 Nam
1488 2946 1601 3000 sive
1648 2944 1700 2997 in
1743 2941 1994 3014 Assyrio-

415 3060 535 3100 rum
584 3043 847 3113 regione,
890 3041 1006 3098 sive
1054 3040 1109 3095 in
1156 3039 1421 3111 Egypto,
1480 3039 1530 3092 in
1585 3035 1886 3108 Babylone,
1937 3036 1989 3089 in

2094 549 2196 601 σοί.
2241 567 2260 599 ι

2168 659 2185 690 ‹
2219 639 2334 692 Kal.
2361 637 2513 694 ἔσται
2541 640 2606 711 τῇ
2639 638 2823 712 ἡμέρα
2854 639 3061 714 ἐκείνῃ,
3089 642 3388 715 προσθήσει
3416 645 3444 699 6
3477 645 3683 718 Κύριος

2092 731 2186 786 τοῦ
2218 731 2386 796 δεῖξαι
2419 731 2516 803 τὴν
2561 733 2718 804 χεῖρα
2765 731 2951 796 αὑτοῦ,
3005 733 3098 788 τοῦ
3139 735 3378 807 ζηλῶσαι
3407 737 3466 791 τὸ
3506 755 3679 792 κατα-

2092 825 2306 895 λειφθὲν
2341 824 2634 879 ὑπόλοιπον
2677 823 2771 878 τοῦ
2813 825 2964 890 λαοῦ,
3012 827 3040 880 ὃ
3085 828 3152 882 ἂν
3190 830 3524 903 καταλειφθῇ
3575 832 3683 886 ἀπὸ

2092 917 2202 973 τῶν
2250 918 2553 990 Ἀσσυρίων
2595 919 2693 973 καὶ
2731 920 2839 974 ἀπὸ
2875 921 3181 990 Αἰγύπτου,
3209 924 3302 977 καὶ
3357 925 3465 978 ἀπὸ
3497 925 3680 978 Βαϐυ-

2091 1011 2307 1076 λωνίας,
2352 1010 2446 1064 καὶ
2475 1009 2581 1064 ἀπὸ
2608 1010 2912 1076 Αἰθιοπίας,
2947 1013 3041 1066 καὶ
3079 1013 3400 1085 Ἐλαμιτῶν,
3433 1017 3528 1070 καὶ
3573 1017 3682 1070 ἀπὸ

2094 1101 2242 1174 ἡλίου
2284 1099 2579 1164 ἀνατολῶν,
2617 1101 2710 1153 καὶ
2750 1100 2808 1166 ea
2864 1101 3137 1172 Ἀραϐίας.
3181 1123 3200 1156 ι
3249 1104 3462 1177 Ἐπειδὴ
3501 1105 3681 1159 τοίνυν

2092 1195 2184 1249 τὸν
2217 1193 2574 1265 ἀνιστάμενον
2605 1197 2669 1248 ἐκ
2704 1193 2858 1266 ῥίζης
2900 1195 3098 1249 Ἰεσσαί
3149 1195 3335 1268 ἄρξειν
3367 1197 3474 1250 τῶν
3509 1197 3680 1252 ἐθνῶν

2093 1289 2377 1342 ἐθέσπισεν
2403 1289 2432 1340 ό
2463 1287 2766 1358 προφήτης,
2793 1285 2887 1339 καὶ
2916 1288 3214 1358 ἐπήγαγεν,
3249 1289 3329 1342 ὅτι
3366 1309 3383 1340 ι
3429 1291 3515 1342 ἐπ’
3531 1290 3680 1361 αὐτῷ

2092 1380 2221 1453 ἔθνη
2267 1380 2562 1435 ἐλπιοῦσινο
2599 1399 2617 1432 ι
2656 1379 2972 1448 ἀναγκαίως
2999 1381 3092 1433 καὶ
3124 1380 3217 1434 τοῦ
3259 1383 3552 1437 Ἰουδαϊκοῦ
3588 1383 3679 1452 γέ·

2093 1489 2220 1536 νους
2270 1471 2542 1543 μέμνηται
2589 1470 2676 1524 διά
2723 1469 2818 1523 τοῦ
2867 1471 3250 1542 προκειμένου,
3306 1474 3442 1545 πρὸς
3486 1473 3550 1528 τὸ
3604 1477 3678 1547 μὴ

2093 1563 2380 1620 ὑπολαϐεῖν
2404 1563 2493 1617 τὸν
2514 1561 2987 1636 προφητευόμενον
3041 1564 3206 1636 μηδὲν
3243 1564 3548 1637 ὠφελήσειν
3588 1566 3678 1620 τὸν

2093 1662 2158 1714 ὲκ
2180 1658 2480 1731 περιτομῆς
2510 1658 2657 1712 λαόν.
2697 1657 2948 1712 Διδάσκει
2981 1659 3182 1726 τοίνυν,
3213 1658 3288 1723 ὡς
3311 1661 3368 1716 ἐν
3402 1663 3466 1732 τῇ
3499 1661 3680 1735 ἡμέρᾳ

2095 1753 2300 1826 ἐκείνῃ,
2337 1751 2705 1829 τουτέστινεν
2737 1751 2816 1823 τῷ
2859 1752 3036 1824 χρόνῳ
3072 1753 3174 1824 τῆς
3217 1753 3536 1823 ἐπιφανείας
3583 1755 3676 1809 τοῦ

2093 1845 2502 1917 θεσπιξομένου,
2529 1831 2548 1897 i
2592 1845 2888 1916 προσθήσει
2915 1844 3116 1918 Κύριος
3137 1844 3232 1898 τοῦ
3258 1845 3426 1910 δεῖξαι
3447 1847 3545 1918 τὴν
3575 1849 3680 1918 χεῖ-

2095 1957 2162 2010 ρα
2196 1936 2382 2002 αὐτοῦ,
2421 1936 2516 1990 τοῦ
2561 1935 2802 2008 ζηλῶσαι
2842 1936 2903 1989 τὸ
2946 1935 3302 2006 καταλειφθὲν
3335 1937 3427 1990 τοῦ
3461 1937 3611 1992 λαοῦ.
3653 1957 3672 1988 ι

2106 2023 2329 2085 ’Δνθόὗ
2369 2031 2398 2083 ό
2455 2030 2552 2100 μὲν
2600 2027 2854 2093 Ἀκύλας,
2907 2047 2925 2079 ι
2961 2029 3308 2100 Προσθήσει,
3357 2029 3518 2101 φησὶ,
3569 2029 3682 2082 Κύ-

2094 2140 2210 2197 ριος
2230 2121 2477 2194 δεύτερον
2503 2122 2600 2193 τὴν
2634 2123 2792 2193 χεῖρα
2820 2119 3008 2184 αὐτοῦ,
3039 2119 3135 2174 τοῦ
3168 2119 3409 2192 ζηλῶσαι
3447 2122 3510 2176 τὸ
3544 2122 3678 2175 ὑπό-

2093 2215 2302 2285 λειμμα
2327 2211 2420 2266 τοῦ
2444 2211 2574 2265 λαοῦ
2610 2210 2794 2264 αὐτοῦ·
2838 2229 2858 2262 ι
2893 2210 2996 2264 όδὲ
3025 2210 3340 2281 Σύμμαχος,
3378 2228 3395 2261 ι
3435 2210 3678 2281 Προσθή-

2095 2323 2178 2360 σει
2206 2304 2410 2376 Κύριος
2451 2305 2515 2357 ὲκ
2541 2303 2795 2374 δευτέρου
2827 2303 2926 2374 τὴν
2960 2304 3116 2373 χεῖρα
3166 2300 3332 2355 αὐτοῦ
3373 2301 3681 2372 κτήσασθαι

2092 2399 2153 2452 τὸ
2202 2398 2516 2468 ὑπόλειμμα
2545 2395 2638 2449 τοῦ
2684 2394 2816 2449 λαοῦ
2851 2393 3037 2450 αὑτοῦ.
3079 2413 3098 2447 ι
3146 2394 3356 2466 Ὥσπερ
3393 2393 3505 2466 γὰρ
3533 2393 3681 2460 ἅπαξ

2093 2489 2225 2544 ποτὲ
2262 2492 2320 2543 ὲν
2349 2487 2610 2558 Αἰγύπτῳ
2642 2485 3113 2558 καταπονούμενον
3136 2486 3226 2538 τὸν
3256 2485 3363 2540 τῶν
3408 2485 3680 2540 Ἰουδαίων

2090 2584 2218 2638 λαὸν
2245 2581 2586 2655 ἠλευθέρωσε
2602 2581 2702 2652 τῆς
2732 2580 3049 2643 κακώσεως,
3071 2581 3170 2651 τὴν
3197 2583 3355 2651 χεῖρα
3381 2578 3547 2633 αὑτοῦ
3581 2579 3682 2650 τὴν

2093 2677 2516 2750 παραδοξοποιὸν
2532 2678 2619 2732 διὰ
2640 2677 2773 2732 Μωῦ
2783 2675 2917 2739 σέως
2946 2675 3416 2746 προστησάμενος,
3430 2672 3497 2725 δι’
3516 2665 3587 2746 ἧς
3608 2672 3679 2726 τὰ

2095 2770 2638 2843 παράδοξαθαύματα
2649 2767 2943 2841 εἰργάσατο
2959 2769 3050 2820 ἐπὶ
3067 2768 3165 2838 τῆς
3179 2766 3454 2836 Αἰγύπτου
3472 2766 3679 2837 χώρας·

2091 2863 2183 2918 τὸν
2211 2863 2375 2917 αὐτὸν
2410 2863 2612 2932 τρόπον
2647 2862 2946 2935 προσθήσει
2979 2861 3139 2914 πάλιν
3175 2858 3274 2931 τὴν
3299 2861 3457 2931 χεῖρα
3488 2857 3682 2922 αὑτοῦ,

2094 2951 2283 3025 ὥσπερ
2299 2955 2361 3006 ἐκ
2376 2951 2630 3024 δευτέρου
2656 2949 2821 3005 κινῶν
2841 2951 3010 3021 αὐτὴν
3033 2949 3120 3004 διὰ
3142 2949 3456 3021 παραδόξων
3477 2948 3682 3020 ἔργων,

2093 3044 2233 3116 ὑπὲρ
2260 3044 2352 3098 τοῦ
2381 3043 2708 3114 κτήσασθαι,
2728 3043 2823 3096 καὶ
2841 3042 3080 3114 ζηλωτὸν
3110 3043 3330 3114 ποιῆσαι
3347 3042 3406 3095 τὸ
3429 3042 3686 3102 καταλει-

413 3137 716 3205 Ᾰξιιιιὶορίε,
745 3135 798 3190 in
835 3134 1186 3189 Elaniitarutn
1222 3143 1385 3196 terra.
1413 3147 1477 3186 ac
1509 3131 1562 3186 in
1595 3129 1816 3200 reliquis
1841 3128 1990 3184 orbis

2097 3133 2226 3204 φθὲν
2258 3134 2352 3188 τοῦ
2385 3134 2536 3187 λαοῦ.
2571 3133 2695 3187 Είτε
2716 3134 2826 3206 γὰρ
2845 3135 2903 3187 ὲν
2928 3136 2992 3206 τῇ
3021 3134 3127 3187 τῶν
3169 3134 3466 3207 Ἀσσυρίων
3501 3135 3680 3207 χώρᾳ,

413 3231 659 3304 partibus
685 3244 753 3285 ex
795 3228 1016 3284 Judaica
1047 3237 1206 3300 gente
1249 3227 1470 3297 quidam
1504 3225 1733 3295 dispersi
1762 3233 1946 3279 essent
1972 3241 1984 3277 :

411 3339 479 3380 ex
503 3337 691 3378 eorum
723 3335 948 3377 numero
972 3335 1067 3376 eos
1104 3319 1196 3390 qui
1230 3319 1283 3373 in
1309 3316 1988 3380 Christumcrediderunt,

411 3430 478 3471 ac
517 3414 812 3470 secundum
863 3413 1187 3469 electionem
1241 3411 1430 3479 gratite
1479 3409 1756 3465 residuum
1807 3405 1991 3464 ell‘ecti

409 3516 560 3572 sunt,
588 3505 759 3576 gloria
807 3502 1120 3560 alliciendos
1156 3513 1213 3559 et
1239 3502 1484 3558 studiose
1527 3508 1827 3557 servandos
1867 3514 1991 3555 esse

407 3598 615 3654 dictum
657 3603 764 3652 est.
809 3594 963 3662 Quod
1008 3609 1140 3650 sane
1181 3593 1314 3665 ipsis
1354 3593 1610 3663 operibus
1655 3592 1988 3648 declaratum

408 3698 531 3745 est:
563 3703 690 3743 nam
721 3701 818 3758 per
843 3685 1141 3756 discipulos
1177 3695 1233 3740 et
1265 3685 1539 3755 apostolos
1571 3685 1762 3754 ipsius,
1797 3700 1862 3740 ac
1892 3700 1988 3755 per

408 3782 548 3838 alios
578 3795 648 3837 ex
690 3779 911 3842 ludatis,
955 3779 1047 3849 qui
1085 3778 1286 3834 Christi
1333 3779 1553 3834 verbum
1599 3786 1990 3846 susceperunt,

410 3875 656 3932 Ecclesia
694 3872 788 3928 Dei
827 3871 1123 3928 constituta
1163 3881 1286 3928 est:
1317 3887 1417 3942 per
1443 3887 1538 3927 eos
1569 3871 1700 3926 item
1747 3869 1990 3926 Ecclesia

411 3969 652 4039 gentium
684 3967 927 4024 omnium
974 3965 1210 4030 coaluit,
1256 3980 1321 4020 ac
1361 3964 1628 4019 universis
1677 3964 1992 4020 nationibus

408 4059 767 4129 Evangelium
813 4057 1075 4113 traditum
1122 4065 1258 4111 est:
1307 4057 1417 4112 Deo
1461 4056 1654 4126 signis,
1706 4057 1990 4127 prodigiis,

410 4152 688 4221 variisque
731 4150 1021 4205 virtutibus
1050 4164 1114 4203 ac
1159 4148 1365 4218 Spiritu
1407 4157 1596 4204 sancto
1641 4163 1742 4218 per
1784 4149 1990 4218 gratia-

404 4258 530 4299 rum
581 4243 875 4298 divisiones
926 4241 1296 4296 testimonium
1354 4256 1512 4295 suum
1585 4240 1838 4296 addente.
1884 4240 1992 4296 Eos

410 4345 592 4391 autem
627 4335 718 4404 qui
749 4335 995 4390 .verbnm
1044 4334 1112 4389 ab
1145 4333 1252 4388 illis
1305 4333 1656 4403 praedicatum
1705 4346 1988 4400 accepere,

411 4429 516 4486 sub
556 4429 724 4484 tutela
771 4443 870 4483 sua
925 4426 1066 4483 Deus
1111 4427 1355 4484 studiose
1398 4425 1577 4492 fovet,
1619 4435 1676 4482 et
1725 4425 1992 4496 gloriosos

410 4523 556 4594 apud
587 4537 777 4580 omnes
808 4521 990 4578 efﬁcit.

485 4705 649 4763 Vens.
676 4705 764 4761 l2.
809 4723 829 4757 ι
859 4704 926 4760 Ει
955 4703 1154 4760 levabit
1195 4703 1409 4774 signum
1441 4702 1495 4758 in
1536 4710 1746 4772 gentes,
1776 4712 1834 4757 et
1861 4715 1992 4757 con-

408 4800 656 4872 gregabit
698 4797 936 4870 perditos
968 4795 1152 4863 Israel,
1184 4806 1238 4851 et
1270 4796 1546 4866 dispersos
1590 4794 1728 4850 Juda
1763 4808 1990 4862 congre-

406 4894 556 4965 gabit
596 4906 665 4947 ex
711 4899 944 4962 quatuor
990 4890 1092 4944 alis
1144 4897 1324 4944 terrae.
1367 4888 1435 4944 Et
1498 4887 1774 4942 auferetur
1837 4885 1990 4941 zelus

407 4986 707 5059 Ephraim,
770 4993 828 5040 et
894 4983 1099 5038 inimici
1175 4980 1312 5036 Juda
1391 4980 1665 5051 peribunt.
1730 4979 1986 5049 Ephraim

405 5095 513 5135 non
560 5077 898 5136 aamnlahitur
940 5073 1171 5139 ludam,
1219 5083 1274 5129 et
1323 5072 1494 5129 Judas
1547 5087 1656 5126 non
1707 5071 1992 5126 tribulahit

407 5171 729 5242 Ephraimu
773 5168 910 5224 Nam
959 5167 1157 5224 Christi
1212 5165 1463 5235 discipuli
1515 5164 1581 5220 iis
1617 5163 1710 5233 qui
1758 5177 1824 5220 ex
1876 5163 1988 5218 cir-

406 5265 740 5320 cumcisione
780 5269 957 5326 erant,
991 5260 1163 5331 primo
1194 5257 1572 5328 praedicantes,
1605 5272 1669 5312 ex
1707 5257 1841 5326 ipsis
1873 5271 1986 5321 eos,

406 5357 498 5427 qui
534 5355 903 5422 crediderunt,
939 5360 1337 5421 congregarunt
1366 5349 1420 5403 in
1454 5348 1696 5404 Ecclesia
1733 5347 1936 5403 Christi
1969 5367 1984 5403 :

405 5447 499 5518 qni
546 5460 682 5503 sane
712 5445 840 5501 olim
874 5447 1168 5515 perierant,
1213 5450 1274 5496 ut
1323 5441 1583 5496 Servatur
1616 5439 1856 5495 declarat
1902 5438 1990 5493 his

409 5539 608 5605 verbis,
639 5556 660 5592 ι
690 5537 769 5596 lte
791 5539 856 5594 ad
883 5551 1033 5603 oves,
1060 5551 1179 5608 qua:
1200 5533 1477 5605 perierunt
1499 5534 1690 5588 domus
1707 5531 1950 5586 Israel".
1967 5548 1986 5582 ι

406 5630 536 5688 Hac
593 5645 752 5703 porro
800 5629 1053 5686 fecerunt
1105 5629 1161 5685 in
1219 5635 1458 5700 quatuor
1509 5625 1612 5683 alis
1647 5623 1764 5682 sive
1816 5622 1991 5695 plagis

476 5813 524 5846 "
563 5811 752 5867 Matth.
782 5825 841 5878 Χ,
867 5810 922 5865 6.

2096 3229 2207 3282 είτε
2235 3228 2292 3280 ὲν
2317 3225 2596 3298 Αἰγύπτῳ,
2627 3227 2735 3279 εἴτε
2769 3229 2826 3280 ὲν
2855 3225 3154 3289 Βαῆυλῶνι,
3187 3225 3298 3280 εἴτε
3326 3229 3382 3279 ὲν
3397 3225 3679 3299 Αἰθιοπίᾳ,

2092 3318 2201 3372 εἴτε
2225 3319 2282 3371 ὲν
2307 3321 2372 3390 τῇ
2399 3321 2468 3390 γῇ
2485 3319 2610 3387 τῶνΙ
2625 3319 2945 3390 Ἐλαμιτῶν,
2971 3318 3080 3372 εἴτε
3101 3321 3166 3392 τῇ
3186 3319 3346 3392 λοιπῇ
3363 3320 3681 3394 οἰκουμένῃ,

2089 3410 2478 3483 διεσπαρμένοι
2506 3410 2649 3474 τινες
2675 3405 2816 3482 ἦσαν
2846 3411 2938 3464 τοῦ
3003 3411 3276 3466 Ἰουδαίων
3317 3411 3520 3475 ἔθνους·
3555 3412 3686 3465 τούο

2091 3518 2199 3554 των
2213 3500 2390 3554 αὐτῶν
2407 3503 2532 3565 τοὺς
2554 3502 2634 3565 εἰς
2665 3501 2756 3554 τὸν
2779 3501 3014 3572 Χριστὸν
3046 3503 3500 3566 πεπιστευκότας,
3524 3501 3684 3572 λεῖμμ-

2097 3610 2173 3664 μα
2202 3593 2324 3646 κατ’
2357 3591 2588 3664 ἐκλογὴν
2629 3591 2853 3664 χάριτος
2900 3591 3248 3661 γενομένους,
3294 3591 3537 3655 δοξάσειν
3583 3592 3684 3644 καὶ

2093 3685 2342 3756 ποιήσειν
2369 3683 2642 3755 ζηλωτοὺς
2671 3683 2904 3756 εἴρηται.
2937 3685 3002 3736 Ὀ
3039 3683 3103 3754 δὴ
3138 3685 3230 3737 καὶ
3262 3683 3442 3756 ἔργοις
3467 3684 3685 3757 ἐδηλοῦ-

2091 3793 2171 3830 το’
2207 3777 2295 3830 διὰ
2319 3777 2428 3848 γὰρ
2455 3775 2562 3830 τῶν
2593 3775 2758 3830 αὐτοῦ
2793 3775 3051 3848 μαθητῶν
3083 3777 3178 3830 καὶ
3201 3777 3532 3842 ἀποστόλων,
3568 3777 3684 3832 τῶν

2091 3886 2153 3923 τε
2179 3868 2382 3923 λοιπῶν
2410 3867 2518 3923 τῶν
2539 3868 2597 3933 ἐξ
2630 3867 2898 3922 Ἰουδαίων
2928 3868 3020 3922 τὸν
3043 3870 3280 3941 Χριστοῦ
3313 3870 3468 3938 λόγον
3493 3887 3681 3943 παρα-

2093 3959 2514 4032 δεδεγμένων,ἡ
2559 3961 2854 4031 Ἐκκλησία
2897 3961 2991 4015 τοῦ
3021 3963 3156 4016 Θεοῦ
3199 3961 3451 4032 συνέστη,
3501 3964 3596 4016 καὶ
3645 3963 3682 4033 ἡ

2108 4053 2401 4125 Ἐκκλησία
2428 4054 2536 4108 τῶν
2562 4051 2730 4108 ἐθνῶν
2749 4055 3004 4109 ἁπάντων
3019 4055 3086 4108 δι’
3115 4055 3290 4109 αὐτῶν
3319 4053 3682 4124 ἀπετελέσθη,

2093 4144 2278 4198 καὶτὸ
2312 4144 2641 4214 Εὐαγγέλιον
2689 4146 2821 4199 πᾶσι
2866 4145 3116 4199 διεδίδοτο
3154 4149 3266 4210 τοῖς
3315 4145 3513 4209 ἔθνεσι,
3552 4164 3684 4200 συν-

2090 4234 2595 4307 επιμαρτυροῦντος
2617 4233 2711 4288 τοῦ
2741 4233 2876 4287 Θεοῦ
2903 4235 3170 4307 σημείοις,
3203 4237 3296 4290 καὶ
3328 4235 3542 4308 τέρασι,
3581 4239 3682 4291 καὶ

2093 4326 2366 4390 ποικίλαις
2390 4326 2673 4398 δυνάμεσι,
2709 4326 2803 4380 καὶ
2832 4327 3150 4398 Πνεύματος
3180 4329 3336 4396 ἁγίου
3367 4333 3679 4400 μερισμοῖς·

2093 4420 2186 4484 οὓς
2219 4421 2313 4474 καὶ
2342 4420 2616 4493 ζηλωτοὺς
2644 4423 2672 4475 6
2702 4421 2833 4486 Θεὸς
2859 4422 3052 4486 ἐποίει,
3085 4423 3177 4476 καὶ
3211 4423 3362 4495 παρά
3390 4426 3555 4478 πᾶσιν
3589 4426 3683 4478 ὲν-

2025 4523 2068 4578 ι)
2095 4513 2299 4580 δόξους,
2332 4515 2456 4578 τοὺς
2505 4515 2595 4569 τὸν
2639 4515 3143 4587 καταγγελλόμενον
3182 4515 3275 4568 ὑπ’
3318 4515 3498 4570 αὐτῶν
3521 4516 3685 4587 λόγον

2099 4605 2592 4678 παραδεχομένους.
2605 4675 2613 4686 ι

2175 4723 2193 4751 ι
2220 4701 2333 4753 Καὶ
2366 4701 2488 4770 ἀρεῖ
2533 4703 2756 4772 σημεῖον
2790 4704 2870 4766 εἰς
2892 4701 2962 4757 τά
2993 4703 3142 4775 ἔθνη,
3175 4705 3270 4758 κα)⁸
3308 4703 3525 4771 συνάξει
3557 4705 3688 4770 τοὺς

2097 4788 2464 4860 ἀπολομένους
2510 4789 2744 4862 Ἰσραὴλ,
2781 4793 2875 4845 καί
2900 4795 3026 4856 τοὺς
3045 4793 3476 4866 διεσπαρμένους
3513 4792 3687 4846 Ἰούδα

2099 4881 2315 4946 συνάξει
2359 4885 2423 4936 ὲκ
2469 4882 2576 4937 τῶν
2605 4884 2887 4956 τεσσάρων
2933 4886 3218 4958 πτερύγων
3261 4886 3361 4956 τῆς
3391 4885 3518 4956 γῆς.
3572 4887 3688 4939 Καὶ

2095 4974 2522 5048 ἀφαιρεθήσεται
2548 4976 2576 5028 ὁ
2611 4976 2772 5046 ζῆλος
2799 4977 3058 5048 Ἐφραῖμ,
3087 4980 3180 5031 κοιλ⁹
3203 4979 3252 5031 οἱ
3281 4977 3464 5051 ἐχθροὶ
3512 4977 3689 5031 Ἰούδα

2094 5065 2440 5120 ἀπολοῦνται.
2481 5065 2722 5137 Ἐφραίμ
2751 5067 2812 5119 ού
2839 5066 3070 5138 ζηλώσει
3105 5066 3321 5133 Ἰούδαν,
3349 5067 3441 5119 καὶ
3484 5066 3689 5132 Ἰούδας

2093 5157 2154 5210 ού
2203 5156 2378 5227 θλίψει
2440 5157 2696 5229 Ἐφραῖμ.
2729 5177 2748 5209 ι
2805 5157 3047 5229 Πρώτοις
3098 5158 3207 5230 γὰρ
3238 5157 3603 5229 κηρύττοντες
3633 5161 3689 5212 οἱ

2097 5250 2332 5322 Χριστοῦ
2369 5249 2605 5322 μαθηταί
2627 5253 2736 5315 τοῖς
2763 5252 2827 5304 ὲκ
2860 5252 3180 5323 περιτομῆς,
3207 5253 3437 5321 συνῆγον
3468 5253 3597 5316 τοὺς
3625 5252 3688 5320 ἐξ

2098 5343 2277 5398 αὐτῶν
2303 5345 2734 5408 πεπιστευκότας
2750 5345 2828 5408 είς
2843 5343 2939 5418 τὴν
2960 5344 3052 5397 τοῦ
3074 5343 3310 5416 Χριστοῦ
3329 5344 3683 5414 Ἐκκλησίαν,

2098 5437 2265 5492 πάλαι
2291 5437 2451 5502 ὄντας
2491 5437 2879 5510 ἀπολομένους,
2910 5437 3030 5491 καθ’
3067 5437 3095 5490 ὂ
3127 5437 3404 5492 ἐδίδασκεν
3430 5435 3458 5487 ὀ
3492 5437 3689 5508 Σωτὴρ

2097 5532 2289 5603 λέγων·
2325 5551 2343 5584 ι
2373 5531 2676 5603 Πορεύεσθε
2717 5531 2852 5604 πρὸς
2883 5531 2951 5584 τὰ
2981 5531 3230 5603 πρόϐατα
3266 5529 3336 5583 τὰ
3364 5527 3689 5584 ἀπολωλότα

2095 5625 2246 5680 οἴκου
2289 5623 2524 5698 Ἰσραήλ.
2564 5643 2583 5678 ι
2612 5622 2798 5680 Ταῦτα
2823 5622 2879 5680 δὲ
2900 5622 3167 5697 ἔπραττον
3182 5623 3241 5680 ὲν
3271 5625 3389 5688 ταῖς
3419 5621 3689 5694 τέσσαρσι
