3862 6210
229 287 334 343 ΓΠ

1191 291 1694 350 COMMENTABIA
1732 293 1800 352 IN
1837 295 2092 357 ISAIAM.
2131 332 2202 343 —
2237 300 2393 358 CAP.-
2429 299 2524 360 Il.

3385 305 3488 361 178

228 405 458 479 πτέρυξι
487 406 588 479 τῆς
638 411 766 481 γῆς,
790 409 1166 481 διατρέχοντες
1193 413 1459 486 ἀνατολὴν
1501 415 1597 470 καὶ
1641 414 1794 471 δύσιν

1921 427 2116 474 teme:
2150 417 2427 476 Orientem
2471 431 2528 476 et
2557 419 2924 487 Occidentem.
2959 393 3395 494 Septentrionem
3433 435 3488 478 et

227 495 426 567 ἄρκτον
473 497 570 550 καὶ
622 499 988 572 μεσημϐρίαν.
1031 501 1276 572 Πριῦτοις
1310 505 1408 575 μὲν
1460 501 1554 560 οῦν
1589 506 1815 571 ἐκείνοις

230 587 574 657 μετεδίδοσαν
603 590 698 643 τοῦ
723 591 1079 662 εὐαγγελικοῦ
1112 594 1295 664 λόγου,
1333 596 1525 651 ἔπειτα
1568 601 1679 663 τοῖς
1706 599 1816 654 λοι-

225 680 346 741 ποῖς
375 677 586 734 ἔθνεσιν
611 681 931 753 ἐκήρυττον.
965 683 1057 739 Διὸ
1089 685 1354 742 λέλεκται·
1393 707 1412 740 ι
1449 690 1560 744 Καὶ
1599 689 1814 756 συνάξει

223 770 347 832 τοὺς
404 771 755 838 ἀπολωλότας
795 775 1032 849 Ἰσραὴλ,
1083 779 1178 832 καὶ
1223 781 1349 845 τοὺς
1387 781 1815 854 διεσπαρμένους

235 861 425 914 Ἰούδα.
473 881 494 915 ι
531 863 627 927 Τίς
648 864 705 918 δὲ
747 867 962 934 συνάξει
989 867 1022 939 ἢ
1069 872 1098 924 6
1135 871 1489 937 ἀποστολικὸς
1514 875 1691 946 χορὸς,
1722 875 1755 947 ἥ
1785 878 1813 930 ό

218 949 287 1004 δι’
315 951 496 1006 αὐτῶν
524 955 928 1027 κηρυττόμενος
955 960 1020 1010 ἐκ
1049 958 1206 1030 ῥίζης
1242 962 1474 1028 Ἰεσσαί;
1509 964 1813 1036 Συνήγοντό

219 1057 280 1094 τε
328 1042 435 1094 ὑπὸ
501 1044 633 1114 μίαν
687 1046 1053 1119 Ἐκκλησίαν,
1100 1049 1283 1104 οὐκέτι
1332 1051 1638 1120 διεστῶτες,
1692 1054 1812 1110 οὐδὲ

219 1133 594 1206 ἁφωρισμένοι
631 1137 900 1212 ἀλλήλων,
930 1141 1006 1206 ὡς
1035 1143 1096 1197 τὸ
1138 1144 1420 1217 πρότερον.

294 1245 315 1278 ι
361 1230 475 1283 Καὶ
525 1232 958 1304 πετασθήσονται
1003 1236 1062 1288 ἐν
1105 1236 1313 1301 πλοίοις
1347 1238 1681 1310 ἀλλοφύλων,
1717 1240 1812 1296 θά-

218 1316 423 1373 λασσαν
446 1322 566 1392 ἅμα
591 1324 1072 1395 προνομεύσουσιν.
1111 1350 1134 1380 ι
1181 1329 1374 1401 Ἐχρῆν
1390 1329 1568 1384 τοίνυν
1589 1332 1806 1399 αὐτοὺς,

217 1410 286 1464 τὰ
320 1411 449 1484 ἐθνη
470 1415 947 1485 περινοστοῦντας,
986 1418 1205 1483 πάντως
1231 1437 1334 1474 που
1377 1422 1471 1475 καὶ
1496 1425 1562 1494 τῇ
1601 1422 1690 1477 διὰ
1711 1423 1809 1478 θα-

215 1498 424 1572 λάσσης
462 1505 770 1576 χρήσασθαι
804 1507 1020 1578 πορείᾳ.
1064 1509 1274 1581 ’Ὠσπερ
1313 1506 1408 1564 οῦν
1439 1513 1742 1585 ίπτάμενοι,
1773 1507 1808 1590 ᾗ

214 1592 378 1661 τάχος
416 1595 510 1646 καὶ
562 1595 653 1648 τὸν
701 1596 790 1651 διὰ
830 1597 1099 1672 θαλάττης
1136 1600 1337 1672 δρόμον
1369 1602 1602 1674 διήνυονο
1625 1605 1701 1670 ὡς
1749 1608 1808 1659 ἐν

218 1681 415 1754 βραχεῖ
439 1685 618 1757 χρόνῳ
652 1686 924 1754 πλείστοις
956 1690 1133 1744 ἔθνεσι
1165 1692 1228 1745 τὸ
1264 1692 1596 1764 Εὐαγγέλιον
1631 1696 1806 1769 κηρύ-

1919 511 2195 569 Meridiem
2230 525 2628 584 percurrentes.
2675 513 2785 572 Illis
2813 517 2993 587 itaque
3037 517 3214 588 primo
3256 531 3488 586 evange-

1915 601 2080 657 licum
2127 605 2351 660 verbum
2410 603 2786 672 tradiderunt,
2838 606 3034 663 deinde
3080 604 3304 676 reliquis
3351 619 3486 675 gen-

1917 695 2062 752 tibus
2106 697 2489 766 praedicarunt.
2541 699 2900 767 Quamobrem
2945 700 3148 755 dictum
3198 707 3316 763 est,
3373 718 3392 748 ι
3421 697 3488 753 Ει

1915 789 2267 856 congregahit
2309 791 2546 860 perditos
2595 791 2792 854 Israel.
2841 799 2897 846 et
2948 791 3217 859 dispersos
3265 787 3478 845 Iudae.»

1914 876 2047 943 Quis
2078 882 2446 950 congregabit,
2493 883 2595 937 nisi
2645 882 2971 953 apostolicus
3005 882 3226 945 chorus,
3277 883 3393 936 sive
3439 881 3484 936 is

1914 969 2002 1037 qui
2033 969 2101 1024 ab
2140 971 2246 1027 illis
2273 973 2621 1039 praedicatur,
2649 989 2713 1030 ex
2751 975 2935 1028 radice
2980 971 3146 1029 Jessae
3187 974 3379 1028 ortus?
3427 971 3486 1027 ιιι

1913 1076 2018 1114 una
2055 1077 2220 1131 porro
2251 1063 2492 1121 Ecclesia
2527 1074 2656 1121 tunc
2684 1065 3176 1137 congregabantur,
3208 1081 3314 1120 non
3345 1067 3484 1121 ultra

1913 1152 2107 1218 dissiti,
2140 1169 2313 1224 neque
2341 1158 2597 1228 separati,
2632 1167 2686 1212 ut
2725 1168 2904 1212 antea.
3312 1192 3318 1199 κ

1982 1241 2147 1299 Vsus.
2176 1244 2265 1299 14.
2329 1262 2348 1297 ι
2382 1245 2450 1300 Et
2507 1247 2765 1304 volabunt
2810 1249 2862 1301 in
2912 1247 3137 1303 navibus
3185 1245 3487 1319 allophylo-

1912 1348 2063 1400 rum,
2120 1350 2272 1392 mare
2305 1336 2464 1392 simul
2514 1339 2917 1407 praedabuntur.
2950 1357 2968 1392 ι
3027 1338 3276 1409 Oportuit
3322 1339 3488 1409 igitur

1910 1441 2042 1492 eos,
2099 1437 2386 1498 postquam
2448 1439 2638 1502 gentes
2701 1431 3130 1501 circumquaque
3198 1432 3483 1493 adierant.

1909 1519 2075 1574 etiam
2110 1523 2276 1576 maris
2326 1521 2518 1578 itinera
2559 1523 2796 1578 emetiri.
2825 1522 2989 1590 Quasi
3036 1521 3280 1578 volantes
3321 1524 3487 1593 igitur

1911 1623 2070 1677 quam
2101 1608 2351 1664 celeriter
2392 1626 2615 1666 cursum
2661 1613 2827 1668 maris
2875 1611 3268 1681 conﬁciebant,
3310 1614 3386 1668 ita
3429 1621 3486 1669 ut

1909 1699 2060 1754 brevi
2092 1701 2514 1771 quamplurimis
2548 1705 2802 1774 gentibus
2838 1704 3185 1775 Evangelium
3225 1705 3485 1775 praedicu-

210 1773 319 1839 ξαι.
364 1777 479 1829 Καὶ
507 1777 637 1830 ποτὲ
673 1778 773 1848 μὲν
804 1779 1078 1852 διέτρεχον
1112 1783 1304 1855 πεζῆς,
1338 1787 1468 1840 ποτέ
1497 1787 1554 1840 δὲ
1596 1787 1683 1843 διὰ
1708 1789 1798 1844 θα-

1915 1800 2052 1846 rent.
2083 1791 2148 1846 Et
2190 1807 2322 1848 sane
2367 1796 2524 1852 modo
2555 1773 2819 1865 pedibus,
2851 1773 3015 1852 modo
3046 1784 3184 1851 mari
3219 1773 3321 1853 iter
3360 1812 3484 1869 ago-

207 1867 442 1938 λάσσης·
485 1870 589 1922 οὐκ
629 1870 904 1936 Ἰουδαίοις
949 1872 1223 1946 χρώμενοι
1255 1877 1640 1951 κυϐερνήταις,
1691 1881 1806 1935 ἀλλ’

207 1960 472 2030 ἀνδράσιν
501 1962 656 2017 οὔπω
689 1964 780 2018 τὸν
821 1967 1055 2039 Χριστὸν
1106 1971 1615 2044 παραδεδεγμένοις.
1651 1975 1809 2031 Κατὰ

206 2052 367 2107 τοῦτο
396 2053 456 2107 δὲ
490 2056 584 2109 καὶ
617 2057 718 2128 τὴν
744 2059 1016 2115 θάλασσαν
1031 2062 1415 2135 ἐπρονόμευον,
1443 2065 1584 2120 οὕτω
1611 2069 1808 2140 σημαί-

205 2164 392 2211 νοντος
432 2149 531 2202 τοῦ
563 2148 725 2219 λόγου
767 2152 865 2217 τὰς
893 2154 1111 2224 νήσους,
1145 2155 1212 2219 ἃς
1257 2159 1316 2209 ἐν
1361 2158 1575 2230 παρόδῳ
1599 2159 1809 2233 διερχό-

207 2253 385 2306 μενοι,
417 2239 550 2304 τοὺς
576 2243 636 2294 ἐν
663 2243 856 2308 αὐταῖς
897 2247 964 2315 τῇ
1001 2247 1254 2319 σωτηρίῳ
1288 2247 1692 2306 καθυπέταττον
1718 2253 1798 2309 διο

205 2326 502 2401 δασκαλίᾳ.

279 2441 298 2473 ι
337 2423 452 2476 Καὶ
504 2425 634 2488 τοὺς
671 2425 765 2494 ἀφ’
805 2427 958 2496 ἡλίου
1021 2431 1315 2499 ἀνατολῶν,
1343 2436 1437 2488 καὶ
1483 2436 1803 2507 Ἰδουμαίαν,

205 2513 303 2565 καὶ
359 2516 456 2568 ἐπὶ
522 2518 703 2572 Μωὰό
757 2520 974 2592 πρῶτον
1034 2522 1134 2588 τὰς
1199 2529 1388 2598 χεῖρας
1434 2528 1801 2584 ἐπιϐαλοῦσιν.

205 2607 269 2660 οι
323 2608 434 2660 υίοὶ
498 2609 724 2681 Ἀμμὼν
786 2614 992 2687 πρῶτοι
1036 2616 1459 2676 ὑπακούσονται.
1526 2641 1546 2673 ι
1600 2622 1804 2694 Προνο-

207 2694 510 2764 μεύσουσιν
543 2695 656 2766 οὖν,
688 2703 872 2774 φησὶν,
913 2708 961 2759 οἱ
1007 2708 1240 2779 Χριστοῦ
1277 2711 1517 2782 μαθηταὶ
1548 2714 1643 2767 καὶ
1674 2716 1803 2779 τοὺς

205 2787 303 2855 ἀφ’
329 2788 486 2859 ήλίου
539 2792 836 2849 ἀνατολῶν·
883 2797 1220 2869 ἱστοροῦνται
1252 2801 1382 2870 γοῦν
1433 2821 1578 2868 τινες
1622 2806 1802 2859 αὐτῶν

208 2879 375 2952 μέχρι
405 2880 510 2952 τῆς
556 2883 786 2955 Περσῶν
836 2889 932 2942 καὶ
974 2890 1148 2946 Ἰνδῶν
1185 2892 1550 2963 διεληλυθέναι
1595 2896 1797 2969 χώρας.

218 2971 442 3064 ξΕπειδὴ
470 2975 528 3030 δέ
550 2977 766 3034 ἐδόκουν
811 2983 954 3036 κατὰ
984 2986 1111 3049 τοὺς
1133 2988 1358 3059 χρόνους
1391 2989 1485 3043 τοῦ
1519 2993 1798 3064 προφήτου

216 3062 534 3156 Ἰδουμαῖοι,
568 3069 664 3123 καὶ
694 3072 1006 3140 Μωαϐῖται,
1054 3077 1146 3130 καὶ
1195 3079 1545 3150 Ἀμμανῖται,
1578 3083 1647 3136 τὰ
1670 3062 1799 3156 περὶ

203 3153 304 3224 τὴν
338 3156 604 3215 Ἰουδαίαν
639 3162 906 3234 Ἀραὸικὰ
926 3165 1077 3239 ἔθνη,
1106 3169 1341 3238 πολέμια
1371 3170 1466 3224 καὶ
1492 3172 1661 3244 ἐχθρὰ
1674 3153 1804 3243 τυγ-

201 3245 393 3314 χάνειν
421 3248 519 3302 τοῦ
569 3253 701 3324 παρ’
755 3254 1039 3322 Ἰουδαίους
1068 3261 1405 3330 τιμωμένου,
1459 3263 1547 3318 διὰ
1575 3266 1674 3337 τὴν
1707 3266 1800 3321 ἐκ·

200 3353 370 3393 τοπον
400 3341 586 3396 αὐτῶν
615 3344 1078 3416 εἰδωλολατρείανο
1116 3352 1342 3417 εἰκότως
1391 3354 1592 3410 τούτων
1624 3358 1802 3413 αὐτῶν

201 3424 470 3497 ὀνομαστί
521 3433 742 3505 μνήμην
775 3437 802 3488 ὁ
827 3436 985 3506 λόγος
1028 3442 1347 3512 ἐποιήσατο,
1387 3445 1462 3510 ὡς
1496 3447 1590 3500 καὶ
1623 3449 1801 3504 αὐτῶν

204 3521 664 3593 παραδεξομένων
711 3528 809 3600 τὴν
843 3531 947 3584 ὑπὸ
973 3531 1084 3588 τῶν
1112 3535 1424 3592 ἀποστόλων
1463 3539 1801 3613 κηρυχθησο-

204 3617 377 3688 μένην
409 3619 717 3677 εὐσέϐειαν.

277 3726 298 3759 ι
347 3711 460 3764 Καὶ
488 3713 767 3783 ἐρημώσει
805 3717 1008 3789 Κύριος
1051 3720 1150 3792 τὴν
1181 3721 1456 3777 Θάλασσαν
1481 3723 1784 3794 Αἰγύπτου,

204 3803 300 3854 καὶ
329 3802 587 3857 ἐπιϐαλεῖ
639 3807 738 3879 τὴν
787 3813 946 3882 χεῖρα
993 3811 1158 3866 αὐτοῦ
1191 3814 1286 3867 ἐπὶ
1324 3814 1416 3870 τὸν
1460 3817 1706 3886 ποταμὸν
1738 3818 1797 3870 ὲν

201 3893 480 3964 πλεύματι
517 3895 694 3969 βιαίῳ.
741 3917 760 3950 ι
797 3901 1072 3970 Αἴγυπτον
1114 3903 1220 3975 μὲν
1257 3905 1355 3976 τήν
1398 3906 1661 3979 αἰσθητὴν
1688 3908 1796 3961 τῶν

200 3985 521 4054 Αἰγυπτίων
544 3989 727 4062 χώραν
761 3992 1054 4062 ἀναγκαῖον
1087 3996 1369 4066 ὁμολογεῖν
1389 4015 1402 4029 ο
1440 3999 1713 4054 θάλασσαν
1739 4001 1796 4054 δὲ

204 4078 381 4148 αὐτῆς
409 4082 506 4132 καὶ
536 4084 781 4154 ποταμὸν
819 4085 1198 4158 ἀλληγορικῶς
1252 4090 1592 4160 ἐκδέχεσθαι·
1653 4093 1796 4166 ἆπερ

200 4173 368 4241 φησὶν
416 4174 874 4247 ἐρημωθήσεσθαι
917 4179 1061 4234 κατὰ
1097 4181 1225 4245 τοὺς
1284 4183 1794 4255 προφητευομένους

200 4261 450 4333 χῴνους,
483 4265 544 4317 ἐν
589 4261 672 4331 οἷς
717 4268 1049 4342 προσθήσειν
1097 4272 1313 4345 εἴρηται
1364 4277 1393 4328 ὁ
1448 4273 1654 4347 Κύριος
1698 4275 1792 4330 τοῦ

200 4351 373 4418 δεῖξαι
407 4353 510 4425 τὴν
533 4359 689 4428 χεῖρα
715 4359 900 4413 αὐτοῦ.
949 4361 1014 4414 Ἠ
1054 4362 1164 4434 γὰρ
1197 4363 1482 4437 προσθήκη
1534 4383 1793 4437 προγενο-

1909 1881 2076 1950 bant;
2125 1899 2233 1940 non
2287 1883 2489 1942 Judaais
2539 1887 2990 1958 gubernatoribus
3039 1890 3152 1957 usi,
3197 1890 3294 1945 sed
3327 1890 3483 1956 viris,

1908 1975 2000 2045 qui
2047 1979 2284 2032 nondum
2336 1978 2612 2035 Christum
2648 1993 3019 2052 susceperant.
3069 1981 3182 2038 Hac
3221 1997 3484 2038 vero-ra-

1909 2069 2053 2126 tione
2093 2071 2256 2127 etiam
2309 2075 2482 2130 maria
2531 2076 2944 2144 praedabantur;
2981 2078 3066 2135 his
3113 2079 3486 2149 significantur

1909 2162 2100 2220 insula:
2132 2181 2362 2234 quarum
2401 2167 2609 2224 incolas
2637 2171 2762 2224 dum
2795 2169 2848 2223 in
2879 2181 3198 2228 transcursu
3230 2187 3486 2244 peragra-

1908 2266 2048 2324 reut,
2079 2256 2309 2338 salutari
2339 2260 2600 2316 doctrinae
2627 2261 3006 2332 subjiciebant.

1983 2451 2002 2486 ι
2032 2434 2100 2488 Et
2125 2449 2219 2490 eos
2251 2436 2341 2504 qui
2382 2445 2512 2491 sunt
2541 2437 2609 2492 ab
2638 2447 2759 2493 ortu
2795 2436 2946 2504 solis,
2973 2447 3028 2494 et
3062 2437 3353 2496 ldumaeam
3379 2458 3394 2496 ι
3431 2451 3485 2496 et

1907 2525 1959 2580 in
1994 2524 2150 2580 Moab
2184 2529 2362 2597 primo
2399 2543 2592 2584 manus
2625 2529 2887 2600 injicieut.
2916 2529 3036 2585 Filii
3065 2530 3294 2588 Ammon
3323 2532 3483 2602 primi

1904 2619 2226 2673 obedient.»
2276 2618 2691 2686 Praedabuntur,
2740 2622 2934 2692 inquit,
2975 2621 3177 2679 Christi
3229 2624 3482 2695 discipuli

1903 2712 2070 2766 etiam
2101 2727 2196 2768 eos
2226 2713 2316 2782 qui
2347 2713 2416 2767 ab
2447 2724 2570 2769 ortu
2604 2716 2736 2770 solis
2782 2728 2944 2771 sunt:
2979 2725 3237 2772 narratur
3279 2719 3483 2789 quippe

1902 2815 2089 2855 eorum
2142 2803 2402 2872 quosdam
2455 2820 2628 2875 usque
2671 2807 2737 2860 ad
2784 2806 3069 2862 Persarum
3117 2815 3172 2864 et
3224 2808 3479 2864 ludorum

1904 2892 2180 2960 regionem
2234 2904 2568 2964 penetrasse.
2620 2895 2760 2963 Quia
2811 2912 2944 2954 vero
2993 2899 3270 2969 propheta:
3321 2898 3480 2966 hujus

1905 2992 2172 3056 tempore,
2225 2985 2473 3050 Idumaei.
2525 2987 2772 3045 Moabita»
2821 2997 2876 3044 et
2917 2991 3260 3055 Ammonitae.
3293 3001 3480 3060 gentes

1907 3074 2012 3129 illae
2065 3074 2340 3144 Arabicae,
2395 3077 2541 3132 circa
2596 3077 2834 3135 Judaeum
2891 3083 3112 3151 positae,
3165 3081 3372 3138 inimici
3426 3093 3479 3138 et

1907 3168 2090 3224 hostes
2122 3171 2444 3227 videbantur
2467 3187 2588 3228 esse
2627 3172 2736 3227 Deo
2779 3188 2946 3242 penes
2971 3171 3186 3229 Judzros
3215 3174 3384 3240 culto,
3408 3176 3477 3230 ob

1905 3255 2196 3313 absurdam
2253 3276 2420 3330 quam
2486 3261 2741 3317 fovebant
2794 3261 3194 3331 idololatriam;
3241 3263 3366 3334 jure
3412 3279 3479 3322 ac

1905 3353 2099 3407 merito
2135 3353 2170 3407 ii
2218 3355 2536 3410 nominatim
2587 3365 3110 3419 commemorantur,
3159 3364 3347 3424 utpote
3381 3357 3475 3426 qui

1903 3449 2044 3518 piam
2092 3448 2411 3522 religionem
2454 3450 2522 3505 ab
2551 3449 2809 3522 apostolis
2838 3448 3265 3504 annuntiandam
3291 3464 3479 3507 susce-

1900 3541 2046 3614 pturi
2080 3543 2210 3599 sint.

1972 3712 2141 3770 Vsus.
2173 3714 2260 3770 15.
2301 3733 2320 3766 ι
2349 3714 2417 3770 Et
2453 3722 2726 3771 desertum
2781 3713 2967 3768 reddet
3021 3711 3278 3769 Dominus
3325 3725 3475 3768 mare

1898 3804 2122 3879 Egypti
2150 3825 2165 3862 :
2200 3815 2255 3861 et
2299 3806 2506 3877 injiciet
2540 3821 2758 3860 manum
2789 3821 2940 3859 suam
2973 3819 3136 3873 super
3169 3803 3366 3860 ﬂumen
3419 3806 3474 3861 in

1898 3899 2091 3968 Spiritu
2137 3899 2508 3954 vehementi.)
2561 3897 2858 3968 Egyptum
2911 3897 3161 3968 quidem,
3219 3896 3472 3952 sensilem

1899 3991 2045 4044 illam
2072 3989 2454 4062 Egyptiorum
2499 3990 2772 4060 regionem
2801 4002 2923 4044 esse
2961 3987 3272 4043 necessario
3302 3988 3474 4044 conli-

1897 4082 2116 4136 tendum
2170 4091 2290 4148 est;
2341 4081 2436 4135 sed
2479 4095 2630 4134 mare
2675 4088 2728 4134 et
2773 4078 2970 4134 ﬂumen
3017 4080 3134 4149 ejus
3181 4078 3472 4148 allegorice

1894 4171 2249 4240 accipienda:
2290 4186 2407 4241 qua:
2449 4173 2500 4226 in
2537 4181 2782 4240 tempore
2827 4187 2855 4224 a
2901 4171 3186 4240 prophetia
3232 4170 3473 4226 indicato

1895 4265 2155 4318 vastanda
2199 4263 2314 4318 fore
2349 4265 2456 4318 ait:
2504 4264 2721 4334 quando
2750 4265 3009 4319 Dominus
3046 4265 3361 4334 adjecturus
3390 4266 3472 4321 di-

1894 4357 2058 4418 citur,
2087 4363 2146 4410 ut
2194 4359 2449 4410 ostendat
2483 4372 2704 4410 manum
2737 4372 2913 4412 suam.
2962 4357 3170 4412 Etenim
3214 4357 3468 4428 adjectio,

205 4445 392 4514 μένοις
423 4445 745 4519 πράγμασιν
776 4451 935 4522 ἕτερα
988 4455 1324 4527 ὁμοιότροπα
1367 4458 1788 4530 ἐπιγενήσεσθαι

1913 4465 1998 4502 am
2036 4450 2271 4518 peractis
2305 4449 2466 4503 rebus
2496 4449 2599 4502 alia
2635 4449 2834 4504 similia
2868 4449 3109 4504 addenda
3146 4464 3270 4504 esse
3300 4450 3470 4520 signi-

201 4537 372 4609 δηλοῖ.
404 4540 580 4592 Πάλαι
608 4542 707 4612 μὲν
747 4540 841 4598 οῦν
873 4545 964 4598 ἐπὶ
995 4549 1274 4613 Μωῦσέως
1318 4550 1352 4620 ή
1386 4550 1508 4623 χεὶρ
1541 4551 1635 4605 τοῦ
1670 4555 1785 4606 Κυ-

202 4629 321 4698 ρίου
348 4629 589 4702 ἐξήγαγε
612 4635 738 4698 τοὺς
755 4637 904 4701 υἰοὺς
921 4639 1136 4710 Ἰσραὴλ
1153 4639 1212 4705 ἐξ
1227 4641 1506 4709 Αἰγύπτου
1525 4661 1536 4672 ·
1557 4645 1786 4715 διήγαγε

198 4719 255 4773 δὲ
314 4723 416 4793 τὴν
454 4721 731 4778 θάλασσαν
777 4726 876 4797 τὴν
914 4729 1202 4803 Ἐρυθρὰν,
1238 4733 1332 4785 καὶ
1383 4734 1676 4804 εἰσήγαγεν
1705 4737 1786 4801 είς

197 4813 299 4884 τὴν
328 4815 434 4884 γῆν
457 4813 560 4883 τῆς
582 4817 934 4887 ἐπαγγελίας,
964 4823 1062 4892 τὴν
1095 4819 1259 4876 οὖσαν
1293 4825 1604 4895 ἀλλοφύλων
1647 4827 1784 4898 πρό-

200 4919 389 4976 τερονο
418 4907 538 4960 νυνὶ
569 4908 626 4960 δέ
675 4911 769 4962 καὶ
816 4910 901 4965 διὰ
925 4912 1018 4966 τοῦ
1056 4915 1121 4968 ἐκ
1163 4915 1320 4987 ῥίζης
1358 4918 1555 4971 Ἰεσσαὶ
1581 4920 1614 4990 ἡ
1645 4919 1784 4992 αὑτὴ

202 4998 323 5070 χεὶρ
345 4996 440 5050 τοῦ
475 5000 702 5070 Κυρίου,
731 5002 1046 5077 προσθήκην
1068 5007 1288 5075 ἀγαθῶν
1311 5009 1630 5082 ποιουμένη,
1659 5013 1786 5075 τοὺς

201 5089 538 5155 ἀποστόλους
575 5091 669 5146 τοῦ
698 5094 970 5167 Σωτῆρος,
997 5101 1094 5153 καὶ
1122 5101 1246 5164 τοὺς
1273 5103 1516 5174 κήρυκας
1553 5103 1646 5156 τοῦ
1678 5121 1783 5158 σω-

198 5182 391 5253 τηρίου
422 5184 777 5254 Εὑαγγελίου,
813 5188 1095 5254 Ἰουδαίους
1129 5191 1288 5255 ὄντας
1319 5193 1413 5246 καὶ
1431 5192 1490 5260 ἐξ
1518 5194 1782 5250 Ἰουδαίων

199 5274 580 5345 ὁρμωμένους,
629 5279 904 5344 ἐπιδόξους
957 5282 1053 5335 καὶ
1101 5281 1374 5355 ζηλωτοὺς
1421 5287 1594 5341 ἐποίει
1659 5287 1782 5342 καθ’

198 5365 329 5437 δλης
355 5367 458 5438 τῆς
506 5371 848 5442 οἰκουμένης,
892 5373 953 5426 οὐ
1006 5374 1114 5445 μὴν
1147 5374 1282 5429 ἀλλὰ
1337 5378 1431 5430 καὶ
1478 5379 1568 5431 ἐπ’
1610 5379 1781 5451 αὐτῆς

201 5459 503 5527 Αἰγύπτου,
544 5460 675 5516 ἔνθα
700 5463 978 5536 παρῄεσαν
1002 5466 1316 5536 ἀκωλύτως,
1361 5469 1585 5540 μηδενὸς
1607 5473 1779 5541 ἐμπο-

196 5550 301 5604 δὼν
327 5553 517 5618 αὐτοῖς
564 5556 848 5628 γινομένου
869 5576 885 5590 ο
939 5561 1033 5613 καὶ
1079 5560 1298 5632 διῄεσαν
1343 5563 1436 5616 ἐπὶ
1467 5563 1778 5634 καθαιρέσει

1896 4543 2038 4596 licat.
2067 4540 2204 4597 Olim
2239 4541 2459 4610 quidem
2493 4541 2696 4613 Moysis
2741 4553 2980 4612 tempore
3014 4557 3208 4598 manus
3256 4541 3468 4598 Domini

1894 4636 2034 4692 ﬁlios
2076 4635 2240 4691 Israel
2269 4635 2460 4690 eduxit
2490 4650 2556 4690 ex
2597 4634 2857 4707 IEgypto,
2894 4651 2990 4704 per
3035 4650 3185 4691 mare
3223 4633 3466 4690 Rubrum

1892 4729 2130 4784 transire
2161 4728 2310 4794 fecit,
2342 4739 2398 4783 et
2448 4729 2662 4783 induxit
2711 4730 2763 4782 in
2810 4738 3013 4782 terram
3064 4727 3467 4798 promissionis,

1890 4837 2010 4892 quae
2040 4823 2186 4892 prius
2225 4822 2614 4894 all0phylorum
2639 4833 2776 4877 erat.
2805 4820 2958 4876 Nunc
2987 4830 3164 4876 autem
3196 4835 3293 4890 per
3319 4835 3466 4887 eum,

1893 4918 1982 4984 qui
2022 4931 2089 4971 ex
2118 4917 2303 4972 radice
2347 4915 2514 4971 Jessae
2555 4917 2787 4986 prodiit.
2835 4917 2949 4986 ipsa
2991 4915 3202 4970 Domini
3251 4927 3464 4978 manus,

1894 5009 2155 5064 bonorum
2177 5009 2543 5064 accessionem
2570 5007 2826 5074 ali'erens,
2848 5007 3120 5078 apostolos
3144 5005 3462 5069 Salvatnris,

1891 5109 1946 5154 et
1975 5099 2228 5154 salutaris
2258 5099 2536 5169 Evangelii
2569 5112 2847 5167 praecones
2881 5097 3136 5167 ipsosque
3163 5093 3379 5151 Iudaeos
3410 5103 3465 5148 et

1889 5206 1953 5246 ex
1981 5189 2182 5247 Judaeis
2209 5189 2504 5262 profectos,
2531 5190 2793 5260 gloriosos
2815 5197 2867 5246 et
2895 5187 3240 5242 aemulatione
3265 5187 3463 5255 dignos

1889 5299 1985 5357 per
2028 5294 2195 5339 tutum
2235 5285 2422 5338 orbem
2461 5281 2670 5346 ell‘ecit;
2715 5281 2823 5334 imo
2851 5279 3012 5334 etiam
3045 5279 3099 5333 in
3137 5277 3254 5348 ipsa
3295 5276 3463 5350 AEgy-

1888 5387 2002 5448 pto,
2029 5391 2135 5444 quo
2171 5373 2341 5429 libere
2370 5373 2470 5438 illi,
2501 5373 2718 5428 nemine
2756 5371 3029 5436 obstante,
3061 5370 3456 5440 peragrabant,

1889 5478 1944 5522 et
1990 5467 2056 5523 ad
2103 5465 2479 5538 JEgyptiacam
2521 5465 2883 5522 idololatriam
2929 5463 3280 5519 evertendam
3313 5461 3461 5518 ultro

1886 5566 2130 5636 citroque
2179 5563 2550 5634 permeabant.
2577 5563 2656 5617 Ac
2702 5561 2778 5617 illi
2811 5564 3029 5631 quidem
3067 5557 3267 5630 Moysrs
3313 5566 3458 5613 tem-

197 5644 296 5712 τῆς
327 5647 716 5719 Αἰγυπτιακῆς
760 5650 1217 5724 εἰδωλολατρείας.
1279 5655 1388 5708 Καὶ
1429 5657 1478 5708 oi
1530 5655 1628 5725 μὲν
1681 5655 1776 5709 ἐπὶ

1906 5671 2036 5720 tore,
2072 5655 2338 5724 fugientes
2376 5651 2718 5709 Pharaonem
2747 5661 2801 5708 et
2829 5650 3139 5724 Egyptios,
3168 5650 3454 5715 exierunt;

197 5735 475 5804 Μωῦσέως
525 5737 776 5812 ἐξῄεσαν,
823 5741 1112 5812 φεύγοντες
1165 5744 1252 5800 τὸν
1277 5744 1471 5819 Φαραὼ
1519 5746 1612 5802 καὶ
1648 5749 1774 5814 τοὺς

1886 5745 2137 5820 discipuli
2179 5755 2358 5804 autem
2393 5744 2597 5804 Christi
2635 5732 2866 5818 ingressi
2896 5754 3023 5806 sunt
3057 5744 3114 5804 in
3161 5740 3450 5815 Egyptum
