3862 6210
395 294 497 350 179

1065 292 1335 350 EUSEBII
1373 295 1857 354 CAESARIENSIS
1895 295 2044 354 OPP.
2085 296 2267 354 PARS
2304 295 2389 352 Ill.
2428 326 2502 339 —
2535 293 2948 353 EXEGETICA.

3555 296 3658 351 £80

391 411 674 480 spontanei
725 409 982 468 salutaris
1019 411 1170 467 verbi
1215 428 1513 483 prtecnnes.
1563 415 1675 472 Illis
1729 426 1966 490 tempore

2076 414 2435 484 Αἰγυπτίους·
2475 413 2525 467 οἰ
2577 413 2635 467 δὲ
2689 410 2929 486 Χριστοῦ
2985 407 3226 482 μαθηταί
3273 395 3528 482 εἰσῄεσαν
3577 413 3655 475 εἰς

390 502 593 573 Moysis
653 518 806 558 mare
869 501 1056 558 sensili
1115 518 1265 560 more
1328 506 1596 574 divisum,
1646 524 1784 579 aqua
1838 526 1968 568 vero

387 592 630 664 Egyptii
676 593 916 668 ﬂuminis
947 594 1000 648 in
1047 597 1362 666 sanguinem
1394 607 1599 652 mutata
1638 609 1751 666 est;
1785 609 1840 654 at
1875 602 1968 656 bo-

389 704 581 742 norum
613 688 853 743 accessio
880 690 1196 744 memoratis
1239 691 1582 759 temporibus
1629 690 1795 756 facta,
1831 695 1966 748 mari

387 783 604 852 quidem
635 781 890 852 Egyptio
921 783 1306 848 vastationem,
1351 783 1556 838 ﬂumini
1605 801 1734 840 vero
1776 801 1966 841 eorum

387 883 689 928 extremam
739 874 1042 929 siccitatem
1094 875 1358 943 minatur;
1395 887 1452 930 ut
1499 878 1775 946 Evangelii
1827 895 1968 948 pne-

387 980 550 1021 cones
596 966 745 1022 nullo
796 967 955 1023 obice
1000 966 1381 1038 Egyptiorum
1430 972 1680 1043 regiones
1731 973 1966 1026 circum-

387 1069 541 1126 eant,
571 1074 635 1114 ac
679 1059 970 1114 multorum
1004 1063 1220 1130 quidem
1258 1065 1484 1119 deorum
1526 1067 1966 1135 superstitionem

387 1160 666 1216 evertant;
699 1150 792 1205 Dei
825 1160 1008 1205 autem
1039 1153 1129 1220 qui
1158 1169 1320 1223 supra
1344 1155 1524 1210 omnia
1553 1167 1657 1220 est,
1685 1166 1738 1212 et
1766 1157 1967 1212 Christi

387 1241 506 1309 ejus
532 1257 600 1296 ex
641 1242 825 1297 radice
854 1241 1021 1297 Jcssze
1051 1245 1390 1314 prodeuntis,
1435 1248 1682 1302 notitiam
1729 1251 1965 1304 tradant.

386 1335 799 1389 Observandum
843 1343 1023 1388 autem
1073 1346 1156 1391 est
1191 1352 1298 1407 quo
1337 1348 1496 1408 pacto
1546 1354 1650 1393 non
1693 1341 1966 1409 regionem

387 1427 633 1500 Egypti,
673 1430 767 1483 sed
798 1445 947 1484 mare
993 1438 1304 1486 vastaturus
1350 1447 1474 1486 esse
1526 1433 1789 1488 Dominus
1817 1435 1967 1489 dica-

391 1531 498 1583 tur,
529 1522 810 1590 Scriptura
842 1523 1116 1591 c0piosam
1151 1523 1472 1578 idololatriae
1511 1527 1832 1580 varietatem
1887 1529 1969 1584 his

388 1613 681 1668 indicante.
717 1612 820 1668 Pro
867 1613 959 1667 illo
992 1623 1195 1678 autem,
1241 1633 1259 1666 ι
1293 1615 1576 1670 Desertum
1614 1617 1777 1672 laciet
1827 1618 1966 1672 Deus

389 1720 542 1761 mare
569 1705 817 1775 Egypti;
845 1724 863 1758 ›
903 1715 1012 1765 tres
1039 1706 1132 1760 alii
1169 1707 1420 1762 similiter
1445 1707 1784 1772 interpretati
1814 1719 1960 1774 sunt,

394 1798 512 1850 «Et
582 1798 1061 1853 anathematizabit
1131 1799 1398 1856 Dominus
1486 1801 1724 1872 linguam
1803 1803 1969 1858 maris

391 1892 636 1964 Egypti.
666 1913 684 1944 ›
737 1891 793 1947 Si
840 1893 1024 1962 itaque
1078 1893 1299 1948 malitia:
1342 1893 1501 1963 hujus
1545 1899 1672 1950 vitae
1715 1895 1969 1952 colluvies

391 1986 530 2041 mari
562 1995 928 2056 comparatur,
955 1985 1076 2040 vide
1105 2000 1286 2040 annon
1318 1989 1512 2043 merito
1547 1989 1830 2042 atheorum
1869 1991 1971 2043 im-

387 2081 716 2152 piorumque
753 2079 1028 2133 hominum
1059 2078 1296 2147 linguam
1328 2081 1418 2148 qui
1449 2079 1576 2134 olim
1610 2081 1778 2134 Deum
1817 2082 1970 2151 igno-

390 2174 696 2240 rabant,_ut
725 2173 805 2227 sic
838 2173 1052 2228 Pharao
1083 2172 1414 2237 declarabat,
1445 2192 1464 2226 ι
1493 2173 1608 2229 Non
1636 2175 1754 2229 novi
1788 2175 1965 2228 Dnmi-

389 2281 540 2330 num,
567 2273 619 2319 et
661 2263 825 2319 Israel
876 2279 982 2318 non
1029 2264 1323 2329 dimittam,
1355 2283 1375 2316 ι
1415 2266 1971 2322 auathematizaturus

389 2358 650 2413 Dominus
673 2372 795 2413 esse
826 2358 1037 2413 dicatur
1057 2357 1352 2412 secundum
1379 2367 1488 2413 tres
1520 2358 1876 2428 interpretes;
1912 2369 1969 2414 ut

386 2464 456 2502 ne
483 2449 622 2503 ultra
669 2446 990 2518 Egyptiaca
1039 2447 1220 2517 lingua
1276 2449 1679 2507 superstitionis
1723 2465 1967 2507 errorem

386 2539 808 2604 conﬁrmarent;
841 2539 936 2593 sed
984 2538 1197 2606 eloquia
1237 2538 1327 2593 Dei
1382 2540 1649 2608 proferre,
1693 2557 1757 2595 ac
1781 2541 1970 2610 jurare

389 2631 444 2685 in
479 2632 696 2686 nomine
740 2631 954 2686 Domini
1001 2629 1240 2687 Sabaoth
1285 2631 1612 2697 ediscerent,
1646 2637 1788 2704 quod
1821 2636 1971 2690 l'utu-

286 2769 294 2784 .
387 2742 506 2780 rum
536 2715 658 2780 esse
695 2726 748 2778 in
784 2727 1138 2795 sequentibus
1168 2741 1349 2780 sermo
1382 2727 1646 2780 declarat.
1674 2727 1766 2781 Slc
1809 2744 1970 2797 porro

387 2819 848 2871 anathematizato
918 2827 1003 2871 est
1057 2818 1360 2888 Aigyptiaci
1419 2825 1583 2874 maris
1647 2820 1864 2888 lingua,
1912 2832 1970 2877 ut

389 2907 775 2976 malignorum,
807 2925 942 2978 quos
983 2910 1061 2963 illi
1096 2911 1368 2976 colebant,
1404 2913 1703 2966 dmmonum
1749 2915 1966 2968 oracula

388 3003 608 3071 penitus
643 3002 905 3067 silerent,
953 3003 1441 3071 divinationesque,
1483 3019 1546 3059 ac
1599 3007 1754 3061 malae
1800 3019 1964 3072 artes,

390 3108 528 3162 quas
585 3096 1045 3166 prmstigiatorum
1102 3113 1266 3164 opera
1321 3099 1689 3161 exercebant,
1747 3115 1969 3168 prorsus

389 3195 671 3240 cessarent
700 3205 715 3240 :
745 3202 864 3256 quae
897 3189 1076 3241 omnia
1109 3189 1326 3258 impleta
1378 3201 1503 3246 sunt
1536 3203 1657 3260 post
1704 3194 1966 3260 praulica-

389 3275 590 3331 tionem
641 3277 1012 3350 evangelicam
1071 3279 1340 3352 Egyptlis
1387 3283 1608 3340 factam.
1663 3284 1790 3340 Inde
1841 3300 1969 3341 vero

385 3371 550 3424 etiam
603 3386 770 3439 penes
804 3387 903 3426 nos
955 3381 1066 3427 tota
1123 3389 1333 3438 eorum,
1380 3376 1471 3445 qui
1506 3377 1646 3446 apud
1682 3376 1968 3448 Egyptios

385 3461 459 3516 dii
513 3463 989 3533 existimabantur,
1041 3467 1312 3522 exstincta
1377 3469 1553 3524 virtus
1614 3481 1751 3526 est:
1800 3483 1964 3542 atque

385 3554 627 3609 omnium
662 3556 1030 3627 improborum
1069 3568 1125 3614 et
1157 3561 1472 3624 atheorum,
1517 3563 1610 3631 qui
1657 3578 1754 3632 per
1794 3573 1963 3619 totmn

385 3647 572 3704 orbem
633 3647 955 3720 [Egyptiaco
1036 3651 1269 3708 similem
1357 3654 1678 3711 idololatrize
1757 3673 1964 3714 morem

387 3741 770 3808 sectabantur,
837 3743 969 3798 illud
1039 3746 1169 3800 olim
1240 3748 1523 3803 exundans
1587 3757 1644 3804 et
1710 3751 1968 3806 ﬂuctibus

390 3833 654 3900 agitatum
721 3850 908 3902 mare,
968 3844 1267 3898 extremam
1328 3853 1549 3910 passum
1603 3847 1687 3894 est
1737 3841 1963 3896 vastita-

388 3933 518 3983 tem.

465 4225 485 4258 ι
511 4206 578 4262 Et
613 4208 825 4280 injiciet
871 4225 1090 4265 manum
1136 4226 1288 4267 suam
1338 4211 1390 4266 in
1436 4212 1634 4268 llumen
1673 4213 1728 4269 in
1766 4214 1962 4283 spiritu

385 4299 727 4364 vehementi,
782 4309 838 4356 et
892 4305 1163 4371 percutiet
1217 4315 1421 4374 septem
1481 4306 1721 4368 canales.
1771 4308 1847 4363 ita
1907 4319 1966 4363 ut

388 4401 666 4446 transeant
692 4406 788 4462 per
820 4391 948 4447 illud
979 4393 1258 4448 calceati.»
1295 4395 1556 4464 Spiritum
1587 4399 1962 4454 vehementem

2073 509 2343 577 Αἴγυπτον
2384 504 2673 578 αὐτόμολοι
2721 505 2964 575 κήρυκες
3015 502 3108 556 τοῦ
3155 505 3424 576 σωτηρίου
3466 506 3647 575 λόγου.

2083 599 2195 654 Καὶ
2217 602 2328 662 τοῖς
2361 597 2459 668 μὲν
2477 597 2570 650 ἐπὶ
2586 595 2863 658 Μωῦσέως
2878 593 3103 666 διῄρητο
3135 597 3169 667 ἡ
3196 594 3443 652 θάλασσα
3467 597 3658 666 αἰσθη-

2071 691 2178 756 τῶς
2197 709 2209 723 ’
2241 692 2303 744 τὸ
2321 692 2378 745 δὲ
2409 691 2552 763 ὕδωρ
2566 690 2660 744 τοῦ
2693 689 2992 758 Αἰγυπτίου
3022 690 3268 760 ποταμοῦ
3303 691 3659 762 μετεϐάλλετο

2069 785 2150 848 εἰς
2182 777 2320 855 αἷμα
2339 801 2353 814 ·
2380 785 2413 855 ἡ
2439 783 2496 836 δὲ
2518 783 2626 836 τῶν
2652 782 2869 850 ἀγαθῶν
2896 781 3180 855 προσθήκη
3212 783 3306 835 ἐπὶ
3328 782 3438 836 τῶν
3463 782 3656 852 δηλου-

2073 879 2252 948 μένων
2288 875 2495 948 χρόνων
2530 879 2594 947 τῇ
2633 876 2730 946 μὲν
2767 874 3010 948 θαλάσσῃ
3051 874 3288 944 ἐρημίαν
3329 873 3541 927 ἀπειλετ
3587 878 3655 948 τῇ

2071 970 2363 1041 Αἰγυπτία,
2396 969 2476 1040 τῷ
2522 969 2579 1022 δὲ
2635 968 2867 1039 ποταμῷ
2902 967 3080 1022 αὐτῶν
3124 967 3361 1038 παντελῆ
3391 967 3653 1037 ἔκλειψιν,

2075 1063 2213 1135 πρὸς
2245 1063 2307 1115 τὸ
2337 1061 2458 1132 δίχα
2489 1061 2634 1124 τινὸς
2667 1060 2990 1132 κωλύματος
3033 1060 3128 1114 τοῦ
3171 1061 3440 1131 σωτηρίου
3474 1061 3657 1126 Εὐαγ-

2073 1156 2254 1225 γελίου
2303 1155 2551 1225 κήρυκας
2599 1152 2904 1225 περιελθεῖν
2956 1153 3056 1216 τάς
3101 1154 3414 1221 Αἰγυπτίων
3447 1150 3656 1223 χώρας,

2072 1247 2166 1300 καὶ
2195 1244 2505 1316 ἀνατροπὴν
2543 1245 2640 1316 μὲν
2666 1243 2765 1314 τῆς
2798 1243 3061 1298 πολυθέου
3107 1243 3285 1297 αὐτῶν
3322 1244 3656 1314 δεισιδαιμο-

2071 1337 2191 1400 νίας
2235 1335 2598 1407 ἐργάσασθαι,
2639 1333 2734 1389 τοῦ
2762 1335 2819 1388 δὲ
2847 1336 2940 1388 ἐπὶ
2991 1335 3209 1389 πάντων
3254 1335 3388 1388 Θεοῦ
3420 1337 3514 1388 καὶ
3560 1335 3658 1389 τοῦ

2069 1429 2305 1501 Χριστοῦ
2327 1428 2512 1493 αὐτοῦ,
2535 1429 2627 1481 τοῦ
2649 1431 2713 1481 ἐκ
2745 1427 3110 1498 ρίζηςΊεσσαὶ
3138 1427 3510 1499 προελθόντος,
3543 1446 3623 1482 πα

2074 1521 2322 1592 ραδοῦναι
2370 1521 2467 1591 τὴν
2498 1519 2718 1588 γνῶσιν.
2756 1518 3090 1590 ιΘεωρητέον
3134 1519 3192 1572 δὲ
3228 1521 3376 1584 ὅπως
3431 1521 3492 1573 ού
3548 1521 3651 1589 τὴν

2069 1613 2254 1686 χώραν
2286 1613 2583 1682 Αἰγύπτου,
2620 1611 2755 1665 ἀλλὰ
2794 1611 2893 1683 τὴν
2923 1611 3196 1666 θάλασσαν
3228 1613 3397 1682 αὐτῆς
3428 1613 3653 1682 λέγεται

2069 1709 2098 1758 6
2143 1707 2348 1778 Κύριος
2397 1705 2728 1777 ἐρημώσειν,
2758 1704 2850 1757 τοῦ
2898 1704 2999 1775 τῆς
3045 1705 3488 1778 εἰδωλολατρείας
3522 1707 3658 1778 πλή-

2002 1776 2043 1831 B
2069 1798 2194 1862 θους
2217 1776 2358 1852 οὕτω
2389 1776 2738 1867 δηλουμένου.
2780 1797 2922 1850 Ἀντὶ
2963 1796 3144 1868 μέντοι
3174 1796 3291 1861 τοῦ,
3401 1776 3658 1870 Ἐρημὼξ

2072 1907 2152 1942 σει
2187 1890 2390 1962 Κύριος
2419 1889 2514 1961 τὴν
2538 1889 2809 1944 θάλασσαν
2827 1887 3127 1956 Αἰγύπτου,
3154 1907 3171 1940 ι
3191 1889 3239 1942 οἱ
3264 1893 3411 1961 τρεῖς
3433 1889 3656 1961 συμφώ-

2068 1997 2174 2045 νως
2199 1979 2370 2045 οῦτως
2399 1981 2754 2052 ήρμήνευσαν
2773 1997 2786 2010 ο
2827 1998 2846 2031 ι
2878 1980 2990 2032 Καὶ
3019 1980 3404 2052 ἀναθεματίσει
3449 1983 3658 2050 Κύριος

2067 2072 2168 2144 τὴν
2218 2073 2468 2142 γλῶσσαν
2516 2071 2790 2142 θαλάσσης
2846 2070 3148 2140 Αἰγύπτου.
3204 2090 3222 2126 ι
3270 2073 3333 2125 Εἰ
3359 2073 3541 2126 τοίνυν
3585 2073 3661 2128 τὰ

2071 2163 2251 2236 πλήθη
2282 2165 2380 2235 τῆς
2422 2165 2622 2228 κακίας
2651 2164 2744 2218 τοῦ
2780 2164 2897 2235 βίου
2948 2165 3191 2237 θαλάσσῃ
3238 2166 3658 2238 παρεικάζεται,

2069 2257 2172 2328 ὅρα
2222 2257 2272 2309 εί
2317 2257 2556 2326 εὐλόγως
2578 2256 2676 2327 τὴν
2728 2257 2836 2310 τῶν
2865 2256 3038 2312 ἀθέων
3067 2258 3161 2311 καὶ
3193 2257 3406 2312 ἀσεϐῶν
3442 2258 3660 2329 ἀνδρῶν

2069 2349 2343 2418 γλῶσσαν,
2369 2349 2478 2402 τῶν
2508 2349 2675 2404 πάλαι
2695 2351 2786 2403 τὸν
2810 2350 2942 2404 Θεὸν
2971 2350 3330 2420 ἀγνοούντων,
3353 2351 3430 2416 ὡς
3461 2351 3659 2423 ἐδήλου

2067 2442 2243 2510 λέγων
2275 2442 2303 2493 6
2352 2423 2572 2513 Φαραὼ,
2626 2460 2645 2493 ι
2686 2443 2800 2496 Οὐκ
2849 2439 2966 2498 οἶδα
3019 2445 3115 2498 τὸν
3145 2446 3372 2517 Κύριον,
3427 2443 3660 2497 καὶτὸν

2081 2535 2297 2635 Ἰσραήλ
2323 2538 2424 2590 οὐκ
2456 2537 2818 2604 ἐξαποστελῶ,
2862 2558 2881 2591 ι
2899 2539 3317 2610 ἀναθεματίσειν
3341 2540 3431 2594 τὸν
3451 2539 3661 2611 Κύριον

2069 2627 2288 2696 λέγετᾶι
2343 2627 2484 2682 κατὰ
2531 2629 2658 2694 τοὺς
2706 2635 2856 2702 τρεῖς
2897 2633 3267 2703 ἐρμηνευτάςο
3322 2633 3409 2685 ῐνα
3456 2632 3660 2703 μηκέτι

2067 2718 2290 2792 γλώσσῃ
2313 2722 2378 2790 τῇ
2403 2721 2677 2792 Αἰγυπτίᾳ
2695 2720 2792 2792 τὴν
2816 2721 3182 2793 δεισιδαίμονα
3210 2721 3416 2793 πλάνην
3451 2721 3666 2793 κρατύ-

2069 2825 2221 2873 νωσι,
2241 2809 2452 2878 μάθωσι
2475 2810 2530 2863 δὲ
2555 2809 2736 2866 λαλεῖν
2758 2813 2825 2866 τὰ
2845 2812 2941 2866 τοῦ
2962 2813 3095 2866 Θεοῦ
3125 2813 3302 2882 λόγια,
3320 2815 3411 2868 καὶ
3433 2813 3664 2884 ὀμνύειν

2069 2903 2125 2954 ἐν
2159 2901 2236 2972 τῷ
2263 2902 2483 2973 ὀνόματι
2513 2904 2718 2976 Κυρίου
2760 2904 2986 2959 Σαϐαὼθ
3010 2923 3023 2936 ³
3059 2906 3087 2958 ὃ
3118 2906 3180 2976 δὴ
3209 2905 3412 2978 προῖὼν
3445 2908 3473 2959 6
3498 2905 3664 2976 λόγος

2069 2993 2287 3047 ἔσεσθαι
2311 2994 2576 3060 θεσπίζει.
2608 2995 2765 3049 Οῦτω
2793 2997 2850 3049 δέ
2878 2998 3369 3070 ἀνατεθεμάτισται
3406 2999 3509 3070 τῆς
3561 3001 3666 3052 Αἰ-

2071 3085 2304 3153 γυπτίας
2361 3085 2636 3158 θαλάσσης
2675 3090 2708 3159 ή
2744 3087 2983 3157 γλῶσσα,
3015 3089 3090 3152 ῶς
3130 3089 3512 3158 ἀποσιωπῆσαι
3546 3090 3665 3145 τῶν

2071 3179 2204 3247 παρ’
2235 3177 2406 3247 αὐτῆς
2435 3178 2604 3231 πάλαι
2639 3179 2963 3250 τιμωμένων
2993 3181 3245 3251 πονηρῶν
3281 3181 3553 3250 δαιμόνων
3583 3181 3663 3237 τὰ

2068 3271 2376 3340 χρηστήρια
2421 3271 2514 3324 καὶ
2561 3270 2631 3324 τά
2680 3274 2909 3342 μαντεῖα
2931 3289 2944 3302 ·
2980 3271 3227 3350 λελύσθαι
3263 3271 3320 3326 δὲ
3341 3272 3521 3325 αὐτῶν
3560 3274 3664 3327 καὶ

2069 3361 2167 3424 τὰς
2194 3360 2259 3414 δι’
2286 3363 2494 3436 ἀνδρῶν
2520 3364 2732 3435 γοήτων
2762 3364 3118 3434 κακοτεχνίας
3138 3382 3151 3395 ·
3185 3365 3221 3419 ἃ
3262 3365 3325 3438 δὴ
3357 3366 3534 3420 πάντα
3582 3366 3661 3419 δι’

2068 3455 2246 3526 ἐργων
2294 3457 2595 3528 ἐπληροῦτο
2631 3455 2770 3528 μετά
2797 3456 2858 3509 τὸ
2892 3459 3152 3528 κήρυγμα
3191 3457 3252 3512 τὸ
3295 3457 3662 3526 εὐαγγελικδν

2065 3547 2127 3600 τὸ
2150 3565 2218 3618 κη
2229 3547 2419 3620 ρυχθέν
2443 3549 2780 3618 Αἰγυπτίοις.
2817 3548 2908 3614 Ἐξ
2931 3550 3154 3604 ἐκείνων
3179 3551 3235 3603 δὲ
3259 3551 3354 3604 καὶ
3382 3553 3461 3615 εἰς
3499 3553 3663 3626 qna;

2067 3639 2263 3704 αὐτοὺς
2309 3639 2416 3694 τῶν
2449 3640 2576 3713 παρ’
2625 3641 2945 3709 Αἰγυπτίοις
2991 3641 3396 3713 νενομισμένων
3440 3640 3580 3695 θεῶν
3613 3641 3661 3713 ἡ

2067 3734 2219 3786 πᾶσα
2249 3733 2476 3805 δύναμις
2505 3733 2740 3805 ἀπέσϐη,
2772 3734 2867 3786 καὶ
2889 3732 3106 3787 πάντων
3137 3735 3194 3788 δὲ
3215 3735 3322 3788 τῶν
3343 3734 3516 3788 ἀθέων
3548 3734 3656 3788 καὶ

2067 3825 2344 3879 δυσσεϐῶν
2389 3826 2597 3899 ἀνδρῶν
2627 3826 2736 3881 τῶν
2761 3825 2882 3879 καθ’
2907 3825 3038 3898 ὅλης
3065 3827 3166 3897 τῆς
3190 3826 3516 3899 οἰκουμένης
3553 3827 3661 3880 Αἰ-

2067 3916 2474 3990 γυπτιαζόντων
2517 3921 2656 3974 κατά
2707 3921 2797 3974 τὸν
2827 3922 3010 3992 ὅμοιον
3051 3922 3152 3992 τῆς
3210 3921 3660 3994 εἰδωλολατρείας

2066 4011 2264 4081 τρόπον
2303 4012 2335 4082 ὴ
2371 4012 2500 4066 ποτέ
2531 4012 2936 4085 πλημμυροῦσα
2987 4013 3080 4067 καὶ
3133 4015 3518 4086 κυματουμένη
3547 4014 3656 4068 θά-

2065 4102 2238 4156 λασσα
2267 4103 2365 4175 τὴν
2401 4104 2636 4174 ἐσχάτην
2670 4104 2938 4158 πέπονθεν
2968 4105 3221 4175 ἐρημίαν.

2145 4216 2164 4248 ι
2201 4198 2311 4250 Καὶ
2351 4197 2603 4250 ἐπιϐαλεῖ
2627 4197 2726 4269 τὴν
2758 4201 2918 4270 χεῖρα
2957 4197 3123 4252 αὑτοῦ
3157 4199 3247 4252 ἐπὶ
3285 4198 3376 4252 τὸν
3403 4201 3659 4272 ποταμὸν

2067 4288 2124 4343 ἐν
2155 4289 2425 4360 πνεύματι
2482 4289 2662 4362 βιαίῳ,
2711 4290 2807 4344 καὶ⁵
2859 4291 3088 4358 πατάξει
3139 4291 3278 4346 ἐπτά
3333 4292 3654 4364 φάραγγας,

2067 4380 2209 4435 ὥστε
2240 4382 2661 4454 διαπορεύεσθαι
2707 4384 2872 4438 αὐτὸν
2910 4385 2966 4437 ἐν
3001 4385 3327 4456 ὑποδήμασι.
3367 4403 3386 4438 ι
3423 4386 3657 4456 Πνεῦμα

387 4478 519 4532 dicit
543 4493 690 4545 eum,
718 4480 811 4552 qui
842 4483 1050 4550 primus
1078 4481 1454 4555 Egyptiorum
1487 4502 1712 4555 regnum
1742 4491 1958 4554 evertit,

2070 4473 2243 4544 βίαιον
2273 4473 2393 4529 εἷπε
2423 4476 2514 4529 τὸν
2544 4479 2760 4547 πρῶτον
2785 4477 3082 4532 καθελόντα
3111 4478 3208 4549 τὴν
3237 4479 3510 4549 βασιλείαν
3538 4481 3658 4536 τῶν

385 4570 756 4628 Romanorum
792 4573 1002 4628 ducem.
1033 4575 1249 4645 Septem
1278 4593 1408 4633 vero
1435 4581 1672 4645 canales,
1703 4582 1746 4634 si
1783 4583 1966 4638 animo

387 4665 760 4732 perpenderis,
791 4667 871 4721 sic
899 4666 1185 4736 intelliges,
1211 4668 1338 4723 olim
1369 4670 1588 4740 quidem
1623 4670 1784 4725 unius
1813 4670 1964 4726 lluvii

385 4755 685 4810 maximum
726 4757 936 4812 alveum
971 4758 1158 4825 fuisse,
1186 4777 1294 4830 quo
1321 4760 1540 4834 Egypti
1577 4762 1724 4832 regia
1759 4763 1966 4817 indica-

385 4843 588 4900 batur:
617 4859 678 4899 ea
728 4862 859 4903 vero
907 4850 1160 4906 omnibus
1193 4852 1397 4906 circum
1437 4852 1687 4923 gentibus
1728 4853 1968 4924 impera-

383 4931 520 4990 bat:
555 4935 644 4990 illa
675 4948 856 4995 autem
891 4941 1066 4995 soluta
1111 4953 1163 4996 et
1197 4957 1409 5010 eversa,
1442 4937 1704 5013 quosdam
1749 4947 1965 5017 regulos

388 5025 442 5080 in
479 5038 663 5096 partes
694 5031 1042 5086 distributam
1073 5049 1192 5089 eam
1229 5036 1573 5092 obtinuisse:
1609 5053 1840 5106 quorum
1873 5039 1963 5094 alii

386 5123 606 5199 quidem
644 5123 872 5196 Libycas
908 5139 1090 5196 partes
1143 5128 1632 5194 administrabant;
1668 5130 1758 5186 alii
1808 5148 1964 5202 sepa-

385 5212 546 5266 ratim
569 5213 924 5273 Thebaaorum
958 5225 1186 5282 tractus,
1216 5218 1304 5272 alii
1335 5219 1624 5290 ,IEgyptum
1654 5229 1708 5275 et
1730 5222 1966 5278 Alexan-

385 5301 581 5359 driam.
611 5305 679 5361 Et
723 5321 789 5362 ex
828 5309 912 5363 his
959 5308 1045 5363 alii
1078 5309 1295 5380 quidem
1337 5309 1678 5378 przel'ecturis
1717 5315 1963 5369 exornati

386 5403 535 5461 sum,
563 5398 758 5466 quibus
788 5400 1124 5469 publicarum
1152 5408 1207 5454 et
1239 5400 1580 5469 politicarum
1619 5420 1798 5458 rerum
1834 5421 1964 5460 cura

386 5490 697 5544 concredita
731 5491 860 5559 fuit;
887 5493 976 5546 alii
1008 5507 1139 5547 vero
1171 5493 1490 5549 bellicorum
1517 5496 1767 5552 ordinum
1800 5498 1964 5553 duces

386 5579 563 5648 effecti
595 5603 608 5638 :
640 5594 693 5639 ct
722 5586 775 5640 hi
807 5602 996 5642 omnes
1026 5603 1054 5640 a
1089 5587 1278 5653 majori
1331 5597 1600 5656 potestate
1643 5590 1708 5644 ad
1759 5607 1964 5647 memo-

384 5685 532 5734 ratas
579 5676 872 5748 dignitates
917 5680 1126 5746 evecti;
1183 5691 1368 5749 postea
1415 5695 1546 5736 vero
1579 5682 1662 5735 ad
1693 5683 1962 5753 privatam

389 5769 751 5838 conditionem
781 5769 1010 5842 redacti,
1045 5771 1327 5830 carnalibus
1353 5770 1476 5844 jure
1500 5772 1683 5831 collati
1714 5785 1860 5843 sunt,
1896 5778 1963 5834 ad

2066 4569 2380 4637 Αἰγυπτίων
2423 4571 2708 4641 Ῥωμαίων
2729 4569 2985 4643 ἄρχοντα.
3023 4572 3120 4625 Διά
3147 4572 3203 4626 δέ
3230 4574 3338 4626 τῶν
3357 4573 3496 4628 ἐπτά
3541 4592 3656 4644 φα-

2070 4659 2287 4730 ράγγων
2304 4661 2519 4731 νοήσεις
2566 4661 2867 4732 ἐπιστήσας
2895 4662 2987 4714 τὸν
3025 4663 3170 4726 νοῦν,
3213 4664 3288 4727 ῶς
3324 4665 3492 4719 πάλαι
3548 4665 3657 4737 μὲν

2066 4752 2185 4816 ἐνὸς
2221 4753 2464 4822 ποταμοῦ
2494 4753 2674 4825 ῥεῦμα
2705 4754 2982 4824 μέγιστον,
3011 4753 3078 4807 δι’
3106 4748 3168 4808 οὗ
3215 4757 3276 4810 τὸ
3323 4758 3422 4828 τῆς
3484 4757 3656 4827 Αίγύ-

2065 4861 2200 4898 πτου
2237 4845 2505 4916 βασίλειον
2539 4846 2810 4918 ἐδηλοῦτο,
2833 4845 2941 4899 τῶν
2974 4847 3165 4901 αὐτόθι
3210 4849 3426 4903 πάντων
3475 4849 3654 4906 ἐθνῶν

2066 4939 2322 5012 ἐκράτει·
2355 4939 2724 5010 παταχθέντος
2765 4940 2822 4993 δέ
2867 4941 3078 4995 ἐκείνου
3108 4943 3201 4997 καὶ
3229 4942 3499 5007 λυθέντος,
3553 4963 3652 5016 με·

2065 5031 2208 5107 ρικοί
2234 5049 2377 5097 τινες
2419 5033 2676 5103 ἄρχοντες
2723 5032 2901 5088 αὐτῶν
2946 5035 3088 5088 κατά
3111 5037 3333 5109 χρόνους
3379 5037 3648 5108 ήγοῦντοο

2063 5128 2110 5178 οί
2145 5125 2241 5196 μὲν
2270 5125 2341 5178 τὰ
2368 5125 2580 5178 Λιϐύων
2601 5125 2876 5190 διέποντες
2908 5127 3070 5198 μέρη,
3097 5130 3145 5180 οἰ
3168 5129 3223 5182 δὲ
3248 5131 3651 5202 ἀφωρισμένως

2062 5217 2132 5271 τά
2178 5218 2450 5288 Θηϐαίων,
2497 5219 2547 5272 οἰ
2598 5218 2654 5271 δὲ
2702 5218 2874 5288 αὐτῆς
2929 5220 3203 5289 Αἰγύπτου
3248 5225 3340 5276 καὶ
3397 5224 3650 5289 Ἀλεξαν-

2061 5311 2260 5382 δρείας.
2297 5314 2408 5366 Καὶ
2451 5313 2655 5366 τούτων
2702 5315 2751 5366 οί
2809 5313 2906 5384 μὲν
2941 5315 3257 5385 ἡγεμονίαις
3297 5316 3645 5387 τετίμηνται,

2061 5403 2168 5456 τῶν
2189 5402 2494 5474 δημοτικῶν
2539 5404 2632 5456 καὶ
2685 5403 2983 5457 πολιτικῶν
3010 5406 3349 5476 πραγμάτων
3392 5409 3647 5478 ἐγκεχει-

2065 5495 2309 5566 ρισμένοι
2341 5495 2438 5568 τὴν
2473 5495 2758 5567 φροντίδα·
2817 5497 2866 5548 οἱ
2914 5495 2970 5548 δὲ
3022 5497 3421 5568 ἀφωρισμένως
3483 5499 3650 5552 πάλιν

2062 5586 2168 5639 τῶν
2200 5587 2602 5657 στρατιωτικῶν
2629 5586 2994 5659 καθηγοῦνται
3019 5589 3312 5659 ταγμάτων
3334 5607 3347 5619 ·
3385 5590 3478 5642 καί
3500 5587 3648 5644 οῦτοι

2064 5679 2262 5744 πάντες
2295 5680 2398 5734 ὑπὸ
2436 5681 2534 5752 τῆς
2575 5680 2820 5752 μείζονος
2859 5679 3108 5745 ἐξουσίας
3140 5681 3231 5735 ἐπὶ
3260 5681 3358 5745 τὰς
3388 5681 3649 5752 δηλωθεί-

2066 5789 2162 5838 σας
2190 5773 2364 5847 ἀρχὰς
2408 5773 2798 5847 προαγόμενοι*
2846 5774 3081 5829 κᾶπειτα
3119 5773 3504 5842 ἰδιωτεύοντες,
3543 5776 3648 5845 φάη
