3862 6210
189 302 284 358 181
1140 307 1641 366 COMMENTARIA
1678 306 1744 363 IN
1787 305 2042 365 ISAIAM.
2083 339 2153 349 —
2191 309 2342 366 CAP.
2383 309 2497 366 XII.
3357 316 3452 372 182

191 421 376 490 ραγξιν
404 422 636 487 εἰκότως
673 424 1120 497 παρεσλήθησαν,
1153 427 1231 492 ὼς
1259 429 1318 480 ἐν
1351 427 1652 500 παραθέσει
1680 425 1773 480 τοῦ

1883 430 2341 498 comparationem
2418 427 2852 510 ﬂuminis'apud
2911 431 3030 489 illos
3085 445 3447 500 exunuantts,

189 514 353 567 παλαι
375 513 836 586 πλημμυροῦντος
862 517 1045 580 αὐτοῖς
1072 519 1340 590 ποταμοῦ,
1383 519 1527 587 λέγω
1567 518 1631 590 δὴ
1679 515 1772 571 τοῦ

190 603 483 672 βασιλείου,
516 606 576 668 ὃς
598 606 664 677 δὴ
695 605 794 678 τὴν
843 608 1022 661 πᾶσαν
1075 607 1288 678 ἁθρόως
1322 610 1495 680 αὐτην
1520 627 1580 662 τε
1618 607 1776 678 Αἴγυ-

190 713 319 748 πτον
349 697 447 750 καὶ
484 695 557 750 τὰ
607 699 750 767 ἀμφὶ
795 697 1000 770 ταύτην
1054 698 1182 772 ἔθνη
1226 701 1307 752 ἐνὶ
1349 699 1580 771 ῥεύματι
1622 716 1777 772 περι-

187 788 412 852 έκλυζεο
467 791 569 862 μιᾷ
619 790 844 861 δυνάμει
892 790 1146 864 βασιλικῇ
1199 793 1622 866 κατακρατούσῃ
1652 793 1762 848 τῶν

185 881 340 934 ὅλων.

256 991 277 1024 ι
307 974 423 1027 Καὶ
453 972 608 1027 ἔσται
636 975 807 1039 δίοδος
838 973 916 1044 τῷ
946 974 1364 1045 καταλειφθέντι
1409 994 1510 1047 μου
1556 975 1671 1047 λαῷ
1716 977 1776 1029 ἐν

183 1067 479 1138 Αίγύπτῳο
539 1069 634 1120 καὶ
682 1067 835 1120 ἔσται
867 1066 945 1136 τῷ
986 1068 1206 1140 Ἰσραὴλ
1249 1068 1324 1132 ὡς
1365 1071 1398 1140 ἡ
1453 1069 1638 1140 ἡμέρα
1687 1070 1776 1122 ὅτε

185 1158 414 1227 ἐξῆλθεν
471 1161 537 1211 ἐκ
569 1160 670 1230 γῆς
721 1159 1035 1228 Αἰγύπτουο
1076 1181 1094 1213 ι
1137 1162 1211 1225 ὼς
1267 1159 1436 1232 βατὴν
1487 1156 1628 1214 εἶναι
1679 1160 1775 1213 τοῦ

183 1250 368 1304 λοιποῦ
410 1251 512 1322 τὴν
561 1250 838 1320 Αἴγυπτον
866 1256 978 1317 τοῖς
1015 1253 1109 1306 τοῦ
1155 1252 1394 1324 Χριστοῦ
1443 1254 1777 1324 Εὑαγγέλιον

185 1344 536 1413 κηρύττουσι,
588 1345 817 1416 μηδενὸς
858 1345 1108 1416 ἐμποδὼν
1157 1346 1341 1410 αὐτοῖς
1397 1348 1774 1417 ἐνισταμένου,

185 1435 306 1504 μηδ’
353 1435 662 1491 ἐπιϐαίνειν
707 1438 1032 1504 κωλύοντος.
1071 1439 1271 1509 Διόπερ
1307 1438 1384 1501 ὡς
1425 1438 1622 1510 μηκέτι
1656 1457 1778 1494 συν-

181 1526 429 1599 εστώσης
442 1529 540 1599 τῆς
552 1529 863 1598 Αἰγυπτίων
885 1529 1194 1601 βασιλείας,
1219 1528 1295 1594 ὡς
1312 1529 1371 1582 δέ
1403 1529 1501 1600 τῆς
1529 1529 1774 1601 δαιμονι-

182 1620 285 1689 κῆς
352 1621 638 1692 ἐνεργείας
690 1622 790 1691 τῆς
840 1625 901 1676 ἐν
959 1623 1145 1687 αὐτοῖς
1207 1622 1665 1694 ἀποσϐεσθείσης,
1714 1623 1778 1676 τὸ

182 1715 445 1785 κήρυγμα
473 1715 538 1768 τὸ
579 1716 932 1786 εὐαγγελικδν
975 1717 1070 1770 ἐπὶ
1102 1714 1300 1786 σχολῆς
1357 1713 1544 1780 αὐτοῖς
1593 1719 1773 1788 ἐπηγ-

184 1803 427 1872 γέλλετα

698 1895 1098 1950 ΚΕΦΔΛΑΙΟΝ
1157 1898 1259 1955 ΙΒ’.

253 2007 273 2039 ι
313 1987 432 2042 Kal
465 1989 700 2059 ἐρεῖςοέν
743 1991 808 2060 τῇ
845 1987 1029 2060 ἡμέρᾳ
1077 1991 1294 2064 ἐκείνῃο
1352 1991 1646 2063 Εὐλογήσω
1690 2005 1770 2055 σε,

176 2079 405 2151 Κύριε.»
435 2079 655 2152 (18)Ὠς
695 2079 805 2151 γὰρ
838 2082 866 2133 ὁ
890 2081 1166 2144 Μωῦσέως
1181 2082 1308 2146 λαὸς
1337 2083 1486 2155 διέϐη
1523 2083 1652 2137 ποτέ
1675 2082 1774 2152 τὴν

188 2169 462 2242 Ἐρυθρὰν
497 2170 776 2224 θάλασσαν
814 2170 890 2236 ὡς
927 2171 1016 2224 διὰ
1069 2171 1278 2244 ξηρᾶς·
1339 2171 1459 2228 εἶτα
1500 2174 1639 2246 μετὰ
1674 2175 1774 2246 τὴν

175 2261 345 2314 δίοδον
371 2260 474 2332 τὴν
503 2261 648 2333 ᾠδὴν
685 2258 826 2341 ᾖσαν
877 2261 1149 2330 λέγοντες,
1189 2283 1208 2315 ι
1249 2266 1506 2337 ’ᾼσωμεν
1539 2264 1618 2336 τῷ
1664 2267 1776 2319 Κυ-

177 2351 295 2423 ρίῳ,
333 2349 565 2416 ἐνδόξως
604 2351 711 2424 γὰρ
744 2353 1088 2420 δεδόξασται·
1140 2373 1158 2405 ι
1213 2354 1305 2409 τὸν
1355 2356 1519 2412 αὐτὸν
1574 2356 1775 2428 τρόπον

178 2446 272 2498 καὶ
298 2445 848 2516 οἱπροφητευόμενοι
904 2446 999 2500 τοῦ
1050 2433 1301 2519 Σωτῆρος
1346 2447 1505 2518 ἡμῶν
1545 2449 1774 2516 εὐαγγε-

176 2536 377 2600 λισταὶ,
405 2537 563 2590 αὐτοὶ
590 2536 748 2600 ὄντες
772 2539 822 2591 οἱ
843 2538 907 2593 ἐκ
933 2538 1028 2593 τοῦ
1059 2543 1260 2605 παντὸς
1293 2541 1561 2596 Ἰουδαίων
1589 2540 1773 2607 ἔθνους

177 2627 642 2700 περιλειφθέντες,
693 2628 972 2684 ἀκώλυτον
1028 2631 1344 2703 ποιούμενοι
1396 2632 1488 2685 τὸν
1546 2632 1771 2704 δρόμον,

178 2723 273 2776 καὶ
300 2723 490 2775 πᾶσαν
532 2721 902 2794 διατρέχοντες
947 2722 1044 2796 τὴν
1093 2724 1406 2793 Αἰγυπτίων
1437 2725 1644 2796 χώραν,
1682 2729 1775 2781 καὶ

189 2812 473 2875 Ἰουδαίοις
516 2811 617 2881 μὲν
663 2811 1030 2883 κηρύττοντες
1069 2814 1132 2869 τὸ
1185 2815 1519 2884 Εὐαγγέλιω
1564 2818 1622 2871 ἐν
1655 2820 1776 2882 ταῖς

179 2906 532 2972 συναγωγαῖς
619 2905 822 2969 αὐτῶν,
863 2892 1162 2979 ἐκκλησίας
1213 2907 1272 2960 δὲ
1336 2908 1578 2980 Χριστοῦ
1647 2927 1771 2964 συνο

179 2995 442 3060 ιστῶντες
463 2996 531 3049 ἐκ
545 2995 646 3066 τῆς
675 2997 784 3050 τῶν
809 2998 984 3052 ἐθνῶν
1016 2999 1370 3071 ἐπιστροφῆς,
1397 3001 1582 3054 καινὸν
1598 2997 1772 3074 ᾆσμα,

177 3089 439 3161 ἐμφερῶς
465 3094 581 3155 τοῖς
617 3093 711 3145 ἐπὶ
738 3093 1525 3167 Μωῡσέως,εέδίδασκον·ᾄδειν
1541 3098 1668 3161 τοὺς
1706 3097 1772 3152 δι’

177 3183 358 3238 αὐτῶν
377 3183 812 3256 ὠφελουμένους.
839 3185 1079 3241 Τοῦτοδέ
1102 3183 1170 3257 ἦν
1200 3187 1262 3241 τὸ
1286 3189 1641 3261 προφωνηθὲν
1669 3191 1774 3244 ὑπὸ

178 3273 274 3330 τοῦ
308 3275 537 3347 Κυρίου,
597 3278 900 3347 φάσκοντος
935 3279 1023 3333 διὰ
1065 3279 1158 3332 τοῦ
1211 3281 1552 3351 προφητικοῦ
1579 3281 1768 3350 λόγουο

183 3384 206 3419 ι
244 3367 359 3420 Kal
378 3368 530 3441 ἐρεῖς
560 3371 620 3423 ἐν
645 3372 712 3441 τῇ
754 3371 936 3444 ἡμέρᾳ
972 3370 1157 3443 ἐκείνῃ
1176 3390 1189 3402 ·
1224 3373 1517 3445 Εὐλογήσω
1545 3393 1626 3438 σε,
1665 3376 1773 3429 Κύ-

182 3473 289 3528 ριε,
314 3457 450 3512 διότι
504 3459 783 3530 ὠργίσθης
829 3477 940 3530 μοι,
972 3461 1067 3514 καὶ
1107 3461 1457 3537 ἀπέστρεψας
1478 3463 1569 3518 τὸν
1602 3464 1774 3536 θυμόν

181 3567 304 3614 σου,
329 3553 427 3606 καὶ
461 3551 705 3621 ἡλέησάς
736 3570 823 3623 με.
861 3573 880 3604 ι

258 3662 280 3696 ι
327 3643 459 3697 Ἰδοὺ
493 3646 524 3698 ὁ
553 3643 687 3707 Θεός
716 3662 840 3714 μου,
874 3647 1066 3718 Σωτήρ
1113 3665 1236 3718 μου,
1278 3646 1556 3712 πεποιθὼς
1580 3649 1772 3720 ἔσομαι

182 3735 267 3788 ἐπ’
297 3735 470 3806 αὐτῷ,
501 3735 595 3788 καὶ
621 3736 684 3788 οὐ
721 3735 1101 3808 φοδηθήσομαι
1123 3755 1136 3768 ε
1169 3738 1301 3791 διότι
1330 3741 1363 3808 ἡ
1397 3737 1523 3802 δόξα
1555 3757 1655 3810 μου
1680 3741 1774 3793 καὶ

181 3829 213 3896 ἡ
241 3826 455 3889 αἴνεσίς
493 3843 596 3896 μου
610 3825 835 3898 Κύριος,
857 3827 1186 3895 κα“ιέγένετό
1213 3845 1302 3899 μοι
1328 3830 1408 3892 εἰς
1442 3831 1768 3900 σωτῃρίαν,›

181 3919 279 3970 καὶ
310 3915 346 3971 ἃ
369 3916 730 3987 παρακατιὼν
764 3917 996 3972 ἐνταῦθα
1015 3916 1252 3984 διέξεισι.
1289 3918 1362 3972 Τὸ
1384 3918 1535 3987 γοῦν,
1554 3939 1571 3970 ι
1609 3919 1777 3988 ὠργί-

183 4008 323 4078 σθης
380 4026 498 4078 μοι,
534 4027 554 4059 ι
593 4007 979 4080 ἐξομολόγησιν
1029 4010 1312 4082 προτέρων
1361 4011 1774 4082 ἁμαρτημάτων

183 4098 551 4170 παρίστησινο
585 4093 662 4152 ὧν
693 4099 857 4153 ἕνεκα
903 4099 1037 4152 Θεοῦ
1069 4100 1240 4171 ὀργῆς
1287 4096 1428 4172 ἦσαν
1479 4101 1617 4166 ἄξιοι
1670 4102 1776 4173 πρὸ

183 4191 283 4261 τῆς
314 4191 586 4262 σωτηρίου
620 4191 867 4262 κλήσεως
902 4192 951 4244 οἱ
983 4191 1298 4261 Αἰγύπτιοι·
1334 4192 1397 4246 τὸ
1425 4193 1502 4258 δὲ,
1558 4212 1576 4245 ι
1641 4193 1774 4245 Ἀπ-

185 4283 463 4354 ἑστρεψας
492 4283 585 4336 τὸν
615 4283 784 4353 θυμόν
817 4300 908 4336 σου
935 4285 1031 4338 ἀπ’
1056 4286 1212 4357 ἐμοῦ,
1247 4285 1341 4339 καὶ
1365 4286 1604 4358 ἠλέησάς
1639 4302 1726 4355 με,
1749 4304 1770 4337 ι

185 4375 286 4446 τὴν
315 4375 456 4446 μετὰ
491 4374 590 4446 τὴν
627 4375 816 4446 κλῆσιν
852 4376 1186 4449 δωρηθείσαν
1206 4380 1390 4442 αὐτοῖς
1420 4379 1614 4447 ἄφεσιν
1667 4376 1776 4428 τῶν

1799 1792 1846 1852 Β

1878 523 2005 591 regii
2040 522 2182 586 dico,
2209 523 2352 591 quod
2399 537 2612 578 omnem
2658 538 2762 576 una
2800 522 3125 594 Egyptum,
3169 541 3234 580 ac
3291 526 3450 582 simul

1875 623 2065 684 gentes
2119 615 2558 686 circumpositas,
2604 631 2710 670 uno
2755 613 2910 672 alvéo
2957 619 3289 687 inundabat,
3339 634 3447 674 una

1877 704 2021 775 regia
2091 715 2360 776 potestate
2419 705 2474 761 in
2540 707 2822 763 universos
2908 708 3241 765 dominatum
3307 711 3448 767 obti-

1875 811 1979 851 neu
1989 807 2060 850 te.

1947 977 2109 1035 Vsus.
2142 977 2226 1036 l6.
2259 996 2279 1030 ι
2310 977 2375 1034 Ει
2401 979 2505 1034 erit
2537 978 2797 1034 transitus
2828 978 3084 1035 derelicto
3109 978 3304 1050 populo
3331 995 3451 1035 meo

1877 1070 1930 1123 in
1964 1070 2199 1140 )Egypto
2233 1088 2245 1124 :
2277 1079 2333 1125 et
2376 1072 2482 1126 erit
2525 1071 2729 1138 Israeli,
2757 1070 2911 1141 quasi
2959 1071 3094 1138 dies,
3132 1087 3236 1140 qua
3283 1075 3452 1126 exivit

1875 1174 1942 1214 ex
1985 1160 2249 1230 .Egyptc;
2277 1179 2296 1212 ι
2332 1161 2406 1214 ita
2454 1171 2512 1216 ut
2557 1163 2810 1232 deinceps
2854 1161 3124 1233 Egyptus
3174 1164 3450 1236 Evangelii

1875 1251 2078 1306 Christi
2124 1253 2466 1323 praeconibus
2501 1256 2683 1323 pervia
2725 1255 2831 1321 sit,
2879 1255 3024 1310 nullo
3065 1257 3316 1311 obstante
3363 1259 3446 1312 vel

1877 1343 2182 1412 ingressum
2252 1345 2604 1413 prohibente.
2671 1346 3044 1416 Quapropter,
3102 1355 3287 1417 utpote
3334 1349 3445 1417 jam

1875 1434 2090 1489 sublato
2138 1433 2512 1506 Egyptiorum
2559 1451 2745 1506 regno,
2795 1452 2860 1492 ac
2911 1439 3208 1494 daemonica
3258 1453 3448 1508 opera-

1879 1526 2025 1582 tione
2071 1527 2212 1597 apud
2259 1527 2407 1596 ipsos
2434 1529 2733 1597 exstincta,
2773 1529 3085 1602 evangelica
3135 1531 3450 1601 praedicatio

1876 1617 2060 1687 quiete
2091 1616 2533 1672 annuntiabatur.
3459 1622 3471 1625 ’

2470 1885 2700 1942 CAPUT
2737 1886 2849 1942 XII.

1947 1975 2179 2030 VsnsJ.
2223 1975 2320 2031 «Et
2351 1979 2498 2034 dices
2523 1979 2577 2034 in
2605 1979 2690 2034 die
2733 1980 2844 2043 illa,
2880 1979 3201 2036 Benedicam
3231 1992 3300 2049 te,
3341 1981 3448 2039 Do-

1875 2068 2041 2123 mine.
2065 2088 2084 2121 ι
2113 2068 2579 2137 Quemadmodum
2615 2074 2760 2128 enim
2793 2073 2989 2144 Moysis
3030 2075 3256 2144 populus
3297 2090 3448 2133 mare

1877 2157 2114 2215 Rubrum
2134 2200 2152 2227 ,
2183 2163 2338 2231 quasi
2389 2178 2485 2234 per
2516 2164 2744 2230 aridam,
2771 2165 2898 2219 olim
2929 2167 3140 2237 trajecit
3180 2185 3194 2222 :
3232 2183 3297 2223 ac
3329 2176 3450 2238 post

1879 2253 2186 2319 transitum,
2221 2257 2493 2310 canticum
2525 2256 2790 2311 canebant
2820 2258 3088 2325 dicentes,
3126 2261 3450 2315 «Cantemus

1878 2344 2130 2410 Domino,
2180 2347 2418 2417 gloriose
2451 2347 2594 2402 enim
2638 2347 2972 2418 gloriﬁcatus
3025 2351 3209 2405 est“)
3271 2351 3349 2405 sic
3395 2360 3451 2406 et

1876 2438 2224 2506 evangelista:
2252 2437 2552 2495 Salvatoris
2595 2441 2764 2494 nostri
2816 2440 2907 2510 qui
2951 2441 3003 2494 in
3053 2441 3335 2512 prophetia
3370 2440 3448 2497 fc-

1877 2541 2107 2596 runtur,
2163 2531 2324 2586 iidem
2379 2531 2478 2602 ipsi
2532 2533 2779 2588 videlicet
2819 2535 2908 2602 qui
2958 2550 3025 2588 ex
3077 2543 3186 2588 tota
3220 2533 3448 2590 Judatca

1875 2633 2033 2695 gente
2074 2624 2245 2679 relicti
2297 2625 2544 2690 fuerant,
2592 2641 2713 2680 cum
2756 2627 2901 2680 nullo
2947 2629 3198 2683 obstante
3227 2644 3446 2685 cursum

1875 2731 2034 2769 suum
2066 2717 2420 2784 perlicerent,
2451 2733 2516 2772 ac
2563 2727 2728 2773 totam
2754 2717 3132 2789 Egyptiorum
3171 2721 3445 2790 regionem

1875 2807 2271 2876 pervaderent,
2299 2808 2498 2864 Judazis
2523 2811 2739 2880 quidem
2771 2811 3120 2881 Evangelium
3152 2813 3449 2882 pradican-

1877 2903 1956 2950 tes
1987 2897 2041 2951 in
2080 2900 2397 2969 synagogis,
2445 2914 2507 2954 ex
2537 2901 2774 2970 gentittm
2808 2916 2938 2955 vero
2972 2902 3324 2956 conversione
3353 2901 3450 2956 Ec-

1875 2985 2070 3042 clesias
2121 2987 2324 3043 Christi
2383 2990 2815 3052 constituentes;
2888 2990 3163 3044 canticum
3223 3005 3444 3052 novum,

1878 3078 2099 3146 perinde
2135 3088 2298 3148 atque
2349 3079 2424 3134 illi
2483 3091 2722 3150 tempore
2762 3080 2990 3151 Moysis,
3039 3095 3237 3136 canere
3289 3083 3450 3136 doce-

1878 3175 2010 3224 hant
2037 3185 2164 3237 eos,
2191 3172 2282 3240 qui
2309 3185 2472 3240 opera
2510 3185 2606 3226 sua
2651 3171 2886 3226 fructum
2920 3181 3309 3242 perceperant;
3346 3173 3450 3227 hoc

1875 3263 2085 3319 scilicet
2138 3263 2406 3318 canticum
2441 3264 2570 3318 olim
2603 3280 2632 3317 a
2664 3264 2892 3319 Domino
2937 3279 3031 3332 per
3074 3265 3450 3334 propheticum

1875 3370 2180 3412 sermonem
2230 3357 2692 3425 pratttuntialum:
2732 3375 2751 3408 t
2789 3356 2852 3411 Et
2895 3357 3044 3412 dices
3089 3357 3142 3412 in
3195 3357 3285 3413 die
3339 3356 3448 3418 illa,

1875 3449 2198 3505 Benedicam
2234 3459 2303 3516 te,
2336 3449 2584 3515 Domine,
2622 3450 2878 3518 quoniam
2912 3453 3088 3504 iratus
3117 3465 3179 3505 es
3211 3450 3367 3515 mihi,
3394 3460 3448 3505 et

1875 3541 2116 3596 avertisti
2150 3541 2387 3597 furorem
2435 3553 2610 3609 ttmm,
2641 3551 2696 3596 et
2726 3541 2982 3597 misertus
3007 3558 3068 3597 es
3102 3543 3254 3596 mihi.
3282 3562 3302 3596 ι

1950 3635 2114 3691 Vnus.
2143 3636 2199 3691 2.
2233 3656 2250 3687 ι
2279 3636 2414 3691 Ecce
2447 3627 2586 3692 Deus
2616 3653 2768 3692 meus
2787 3677 2801 3702 ,
2834 3636 3075 3691 salvator
3105 3652 3278 3701 meus,
3307 3636 3449 3690 ﬁdu—

1876 3728 2015 3782 ciam
2066 3727 2279 3784 habebo
2324 3729 2376 3783 in
2430 3728 2552 3794 illo,
2597 3737 2651 3784 et
2686 3745 2791 3783 non
2827 3730 3026 3783 timebo
3065 3746 3077 3782 :
3115 3729 3243 3798 quia
3274 3727 3447 3795 gloria

1877 3833 1994 3871 mea
2041 3827 2097 3873 et
2143 3817 2262 3873 laus
2293 3834 2408 3872 mea
2447 3818 2743 3884 Dominus,
2780 3828 2834 3872 et
2878 3817 3052 3888 factus
3085 3829 3169 3874 εει
3205 3818 3338 3872 tnihi
3393 3817 3446 3872 in

1876 3910 2126 3976 salutem,
2153 3929 2173 3962 ι
2210 3917 2265 3966 et
2299 3927 2420 3978 quae
2454 3910 2554 3966 sub
2588 3912 2699 3964 haec
2732 3912 3096 3980 prosequitur.
3127 3910 3264 3965 illud
3291 3923 3447 3981 ergo,

1881 4004 2094 4059 «iratus
2142 4020 2203 4060 es
2253 4004 2405 4067 mihi,
2435 4022 2456 4057 ι
2512 4004 2866 4074 pristinorum
2922 4013 3267 4072 peccatorum
3315 4019 3448 4058 cou-

1877 4091 2164 4149 fessionem
2207 4095 2426 4148 exhibet
2471 4108 2484 4148 :
2541 4109 2771 4162 quorum
2824 4108 2982 4148 causa
3030 4093 3276 4164 Aisyptii
3327 4103 3454 4147 ante

1877 4186 2168 4242 salutarem
2209 4186 2546 4243 vocationem
2607 4187 2685 4240 ira
2738 4185 2830 4240 Dei
2884 4186 3030 4256 digni
3080 4193 3279 4250 erant;
3320 4185 3452 4240 illud

1877 4286 2076 4339 autem,
2109 4295 2128 4328 ι
2156 4275 2412 4330 Avertisti
2446 4277 2678 4331 furorem
2708 4285 2860 4330 tuum
2904 4291 2932 4330 a
2962 4292 3047 4331 me
3067 4317 3082 4340 ,
3113 4285 3167 4330 et
3196 4278 3452 4332 misertus

1879 4385 1938 4423 es
1974 4370 2158 4435 mihi,»
2201 4381 2545 4440 peccatorum
2576 4371 2970 4438 remissionem,
3002 4371 3107 4426 illis
3137 4381 3257 4441 post
3290 4387 3450 4426 voca-

186 4469 607 4541 ἁμαρτημάτων
643 4469 917 4540 σημαίνει.
949 4470 1015 4523 Ἡ
1042 4470 1149 4542 γὰρ
1177 4472 1337 4542 χάρις
1362 4472 1453 4524 καὶ
1484 4473 1516 4540 ἡ
1549 4469 1773 4541 ἀλήθεια

1883 4460 2079 4514 tionem
2135 4475 2469 4525 concessam,
2522 4460 2811 4531 signiﬁcat.
2858 4460 2990 4515 Nam
3025 4465 3199 4532 gratia
3230 4471 3284 4516 et
3312 4463 3461 4517 veri-‘

185 4560 279 4614 διὰ
314 4561 490 4631 Ἰησοῦ
513 4559 750 4631 Χριστοῦ
777 4561 1044 4632 γενομένη
1099 4563 1194 4615 καὶ
1223 4563 1407 4624 αὐτοῖς
1436 4560 1774 4628 Αἰγυπτίοις,

189 4653 285 4707 καὶ
322 4655 462 4707 πᾶσι
488 4655 603 4716 τοῖς
652 4653 744 4706 τὸν
778 4653 905 4706 Υἱὸν
959 4652 1056 4706 τοῦ
1097 4653 1233 4707 Θεοῦ
1264 4653 1774 4724 παραδεδεγμένοις,

188 4744 409 4814 δεσμῶν
457 4743 612 4797 λύσιν
665 4745 760 4798 καὶ
823 4742 1108 4816 ἁμαρτιῶν
1166 4745 1512 4817 συγχώρησιν
1572 4744 1778 4815 ἐδωρή-

192 4854 343 4891 σατο.

208 4926 212 4928 ’
269 4947 290 4980 ι
334 4929 449 4984 Kal
477 4929 778 5000 ἀντλήσατε
812 4927 958 5003 ὓδωρ
1010 4927 1125 4999 μετ’
1171 4927 1508 4998 εὐφροσυνης
1550 4929 1615 4981 ἐκ
1664 4926 1772 4979 τῶν

193 5022 390 5092 πηγῶν
425 5020 522 5074 τοῦ
547 5022 846 5093 Σωτηρίου.
882 5041 901 5073 ι
929 5021 1097 5074 Πάλιν
1122 5018 1493 5090 ἀλληγορικῶς
1540 5018 1773 5072 ἐνταῦθα

195 5111 565 5185 παραδεκτέον
598 5113 660 5165 τὸ
692 5111 833 5185 ὕδωρ
865 5112 1089 5175 καὶτὰς
1122 5110 1305 5180 πηγὰς
1338 5109 1430 5162 τοῦ
1471 5108 1770 5181 Σωτηρίου.

195 5208 427 5276 Νοησεις
458 5205 516 5258 δὲ
544 5204 717 5259 ταῦτα
743 5204 906 5258 αὑτοῦ
937 5204 1184 5273 λέγοντος
1209 5202 1302 5256 τοῦ
1339 5203 1617 5273 Σωτῆροςο
1657 5221 1676 5251 ι
1711 5201 1777 5253 Εἴ

195 5315 278 5360 τις
308 5297 460 5367 διψᾷ,
489 5294 735 5364 ἐρχέσθω
760 5295 894 5367 πρὸς
941 5296 1030 5364 μὲ,
1066 5295 1158 5348 καὶ¹
1189 5294 1416 5348 πινέτω·
1449 5294 1476 5345 ὁ
1501 5291 1774 5345 πιστεύων

197 5393 274 5452 εἰς
300 5390 422 5460 ἐμὲ,
449 5405 469 5438 ι
495 5386 678 5450 καθὼς
694 5383 894 5458 εἶπενὴ
925 5389 1138 5458 Γραφὴ,
1166 5406 1184 5438 ι
1211 5385 1444 5455 ποταμοὶ
1461 5387 1524 5436 ἐκ
1546 5385 1644 5454 τῆς
1661 5401 1774 5436 κοι-

195 5486 314 5550 λίας
346 5487 515 5543 αὒτοῦ
539 5488 820 5560 ῥεύσουσιν
841 5487 1030 5550 ὓδατος
1059 5485 1276 5550 ζῶντος.
1329 5504 1346 5534 ι
1379 5483 1558 5552 Πηγαὶ
1597 5482 1773 5534 τοίνυν

267 5604 312 5634 "
346 5603 520 5658 Exod.
553 5619 647 5667 xv,
684 5605 732 5658 l.
808 5605 851 5635 "
887 5602 1041 5659 Joan.
1073 5618 1180 5668 vn,
1215 5601 1306 5656 37.

1881 4561 1962 4604 tas
1997 4566 2092 4620 per
2124 4549 2308 4606 Jesum
2334 4550 2609 4606 Christum
2637 4553 2804 4620 facta,
2833 4570 2956 4608 cum
2991 4554 3120 4622 ipsis
3145 4551 3446 4623 Egyptiis,

1876 4652 1988 4694 tum
2021 4642 2273 4698 omnibus
2319 4642 2404 4706 iis,
2433 4643 2523 4711 qui
2565 4642 2758 4698 Filium
2797 4643 2888 4698 Dei
2924 4652 3294 4712 susceperant,
3329 4643 3450 4696 viu-

1874 4734 2115 4789 culorum
2151 4735 2499 4804 solutionem,
2540 4748 2594 4792 et
2627 4747 2970 4796 peccatorum
3004 4738 3214 4790 veniam
3243 4737 3410 4792 dedit.

1953 4917 2112 4974 Vsus.
2143 4919 2196 4974 '5.
2234 4937 2253 4968 ι
2285 4919 2348 4974 Et
2378 4919 2594 4974 haurite
2621 4933 2816 4988 aquam
2844 4933 2966 4974 cum
2997 4919 3195 4988 gaudio
3225 4933 3295 4974 ex
3332 4917 3452 4973 fon-

1883 5009 2024 5064 tibus
2048 5010 2336 5065 Salutaris.
2367 5030 2386 5062 ι
2433 5010 2557 5064 Ηωο
2599 5011 2752 5073 item,
2781 5019 2888 5065 tam
2933 5027 3100 5081 aqua,
3139 5026 3302 5080 quam
3334 5011 3450 5064 fon-

1882 5113 1960 5157 tes
1983 5101 2268 5166 Salutaris,
2303 5104 2590 5172 allegorice
2617 5115 2742 5159 sunt
2766 5103 3099 5172 accipienda.
3136 5103 3262 5157 Haec
3285 5118 3450 5169 porro

1881 5195 2156 5266 intelligas
2207 5197 2321 5266 ipso
2353 5198 2642 5252 Servatore
2689 5200 2926 5260 dicente,
2979 5215 2997 5246 ι
3031 5195 3086 5249 Si
3134 5194 3257 5264 quis
3308 5194 3450 5260 sitit,

1881 5290 2062 5343 veniat
2106 5291 2172 5343 ad
2211 5307 2313 5352 me,
2351 5301 2399 5346 et
2449 5291 2593 5345 bibat
2633 5307 2648 5345 :
2691 5290 2783 5360 qui
2835 5290 3008 5344 credit
3048 5291 3100 5345 in
3139 5305 3278 5354 me,»
3311 5291 3454 5346 sicut

1883 5385 2018 5438 dicit
2077 5381 2377 5452 Scriptura,
2420 5403 2438 5436 ι
2477 5384 2695 5438 [lumina
2740 5383 2807 5436 de
2871 5389 3060 5438 ventre
3119 5382 3238 5453 ejus
3281 5381 3451 5437 ﬂuent

1881 5491 2035 5546 aquae
2079 5478 2213 5534 viva:
2253 5477 2362 5532 ⁷³.»
2396 5477 2594 5533 Fontes
2645 5476 2808 5548 igitur
2839 5473 3124 5543 Salutaris,
3169 5489 3451 5532 sermones

274 5748 386 5819 (18)
436 5747 567 5805 Περ
627 5749 754 5804 item
811 5747 1203 5816 Hieronymus,
1262 5745 1350 5801 sed
1411 5743 1625 5800 brevius
1678 5737 1954 5811 exprimit.
