3862 6210
452 338 549 394 183

1093 332 1363 389 EUSEBII
1405 328 1886 391 CESARIENSIS
1928 330 2078 388 OPP.
2121 329 2302 385 PARS
2339 328 2425 383 Ill.
2464 360 2530 374 —-—
2569 324 2975 385 EXEGETICA.

3602 323 3699 378 184

445 450 744 523 evangelici
806 460 967 519 sunt,
1033 464 1097 506 ex
1170 450 1373 524 Spiritu
1433 459 1623 507 sancto
1685 465 1782 506 ceu
1836 450 2005 506 imbre

2140 451 2289 508 Σωτη
2301 447 2414 520 ρίου
2446 448 2593 519 λόγοι
2623 448 2759 501 εἰσὶν
2787 443 3149 515 εὐαγγελικοὶ,
3178 441 3239 510 ἐξ
3276 441 3430 512 ἀγίου
3459 440 3692 514 Πνεύμα-

444 559 646 601 61111881.

518 635 684 691 Vnus.
713 635 770 700 4,
802 633 855 690 5.
913 653 932 686 ι
961 633 1028 689 Et
1054 633 1203 689 dices
1241 634 1294 689 in
1328 633 1416 689 die
1459 633 1549 690 illa
1570 674 1585 699 ,
1615 632 1842 705 Hymnis
1881 632 2025 690 cele-

444 724 598 779 brate
629 725 937 792 Dominum,
976 724 1208 780 clamate
1256 740 1455 780 nomen
1486 725 1603 795 ejus
1648 742 1663 781 :
1709 726 2023 780 annuntiate

444 804 696 885 gentibus
738 814 971 886 gloriosa
1021 815 1157 885 ejus.
1195 814 1520 869 Mementote
1573 818 1827 884 quoniam
1874 814 2025 869 exal-

446 915 616 960 tatum
672 916 757 961 est
812 921 1008 961 nomen
1064 906 1201 976 ejus.
1255 905 1481 977 Hymnis
1515 906 1787 962 celebrate
1827 922 2019 962 nomen

445 997 675 1063 Domini,
708 996 835 1066 quia
868 997 1085 1053 excelsa
1119 997 1247 1052 fecit
1277 1016 1289 1052 :
1323 999 1644 1054 annuntiate
1676 998 1791 1054 haec
1821 999 1871 1055 in
1900 1000 2022 1054 uni-

442 1104 596 1144 versa
639 1099 807 1144 terra.
838 1108 858 1142 ι
891 1088 1045 1155 illud,
1084 1106 1104 1140 ι
1139 1089 1308 1152 dices,
1342 1107 1361 1142 ι
1412 1090 1638 1144 chorum
1662 1090 2020 1161 evangelista-

443 1198 564 1237 rum
591 1181 895 1239 Salvatoris
928 1181 1096 1237 nostri
1125 1180 1431 1251 compellat.
1461 1179 1514 1234 In
1541 1181 1652 1246 illa,
1687 1181 1880 1251 inquit,
1909 1182 2016 1246 die,

443 1272 655 1329 scilicet
704 1282 949 1343 tempore
980 1272 1032 1327 in
1069 1272 1352 1342 prophetia
1394 1273 1717 1344 signiﬁcato,
1755 1284 1811 1327 tu
1844 1287 2018 1343 praeco

442 1362 703 1418 salutaris
748 1361 1059 1432 Evangelii,
1119 1360 1391 1433 Egyptiis
1439 1364 1528 1432 qui
1576 1364 2015 1433 praedicationem

440 1453 799 1524 susceperint,
847 1453 1018 1517 dices,
1065 1470 1083 1503 ι
1115 1451 1341 1524 Hymnis
1386 1455 1655 1510 celebrate
1705 1454 2013 1521 Dominum,

444 1546 681 1600 clamate
734 1545 939 1599 nomini
991 1544 1237 1610 Domini,
1290 1546 1609 1600 annuntiate
1658 1546 1710 1599 in
1763 1548 2015 1615 gentibus

440 1637 674 1701 gloriosa
727 1636 842 1706 ejus
880 1653 894 1690 :
930 1646 1263 1692 mementote
1301 1636 1556 1705 quoniam
1595 1637 1893 1692 exaltatum
1932 1648 2015 1693 est

364 1748 367 1749 ν
441 1742 635 1782 nomen
668 1725 802 1796 ejus.
835 1745 854 1782 ι
900 1725 1024 1780 Haec
1051 1726 1247 1796 quippe
1291 1734 1370 1790 tu,
1401 1727 1603 1781 chorus
1660 1725 2009 1796 apostolicus,

2132 556 2220 603 τος
2249 539 2699 611 ἀνωμὸρωμένοι.

2207 651 2225 683 ‹
2267 633 2376 686 Καὶ
2400 634 2544 703 ἐρεῖς
2575 633 2632 685 ὲν
2655 631 2721 701 τῆ
2752 627 2934 701 ἡμέρα
2959 626 3170 699 ἐκείνῃ·
3199 625 3446 697 ’Υμνεῖτε
3471 625 3696 699 Κύριον,

2130 718 2288 789 βοᾶτε
2320 719 2380 773 τὸ
2409 720 2579 790 ὄνομα
2607 720 2794 783 αὐτοῦ,
2849 717 3205 787 ἀναγγείλατε
3253 719 3365 780 τοῖς
3413 716 3588 770 ἔθνεσι
3632 717 3699 771 τὰ

2127 810 2313 877 ἔνδοξα
2361 812 2548 877 αὐτοῦ,
2610 811 2999 884 μιμνήσκεσθε,
3055 812 3136 863 ὅτι
3182 808 3369 880 ὑψώθη
3423 808 3486 861 τὸ
3529 808 3698 880 ὄνομα

2128 902 2315 959 αὐτοῦ.
2354 905 2661 975 ’Υμνήσατε
2688 904 2747 957 τὸ
2767 903 2935 974 ὄνομα
2958 902 3285 973 Κυρίου,ὂτι
3305 903 3482 973 ὑψηλὰ
3513 903 3698 973 ἐποίη-

2128 1009 2249 1046 σεν·
2286 994 2645 1063 ἀναγγείλατε
2700 994 2874 1048 ταῦτα
2913 996 2970 1047 ὲν
3019 994 3167 1065 πάσῃ
3206 996 3272 1064 τῇ
3320 997 3411 1065 γῇ.
3450 1013 3467 1045 ι
3500 994 3573 1046 Τὸ
3619 994 3695 1056 δὲ,

2130 1103 2149 1135 ι
2194 1086 2360 1156 ἐρεῖς,
2402 1105 2420 1136 ι
2472 1088 2783 1154 προσφωνεῖ
2827 1084 2905 1156 τῷ
2947 1084 3092 1156 χορῷ
3146 1084 3253 1138 τῶν
3297 1083 3697 1153 εὐαγγελιστῶν

2123 1175 2216 1229 τοῦ
2248 1178 2501 1249 Σωτῆρος
2534 1177 2711 1248 ἡμῶν.
2755 1176 2845 1230 Ἐν
2876 1178 3080 1249 ἐκείνῃ,
3106 1178 3258 1248 φησὶ,
3287 1180 3350 1248 τῇ
3385 1177 3587 1248 ἡμέρᾳ,
3612 1177 3695 1249 δη-

2121 1268 2254 1341 λαδὴ
2292 1272 2348 1324 ὲν
2376 1271 2453 1341 τῷ
2486 1271 2964 1342 προφητευομένῳ,
3001 1272 3145 1342 ἐρεῖς
3184 1272 3269 1333 σύ,
3302 1273 3329 1323 6
3374 1268 3549 1341 κήρυξ
3601 1268 3694 1323 τοῦ

2122 1360 2390 1431 σωτηρίου
2441 1360 2794 1429 Εὐαγγελίου,
2822 1362 2933 1425 τοῖς
2967 1360 3027 1412 τὸ
3075 1362 3336 1431 κήρυγμα
3387 1358 3694 1431 παραδεξα-

2124 1451 2309 1521 μένοις
2329 1451 2664 1520 Αἰγυπτίοις.
2697 1469 2715 1502 ι
2749 1450 2997 1521 ’Υμνεῖτε
3026 1450 3249 1522 Κύριον,
3287 1449 3442 1520 βοᾶτε
3472 1449 3551 1519 τῷ
3581 1448 3696 1502 ὀνό-

2121 1553 2251 1607 ματι
2276 1536 2481 1608 Κυρίου
2503 1552 2515 1565 ·
2575 1538 2931 1606 ἀναγγείλατε
2962 1538 3020 1590 ὲν
3063 1541 3175 1601 τοῖς
3202 1537 3375 1591 ἔθνεσι
3402 1538 3470 1591 τὰ
3509 1538 3696 1603 ἔνδοξα

2116 1630 2309 1683 αὐτοῦ·
2346 1630 2741 1701 μιμνήσκεσθε,
2775 1632 2856 1683 ὅτι
2889 1630 3076 1702 ὑψώθη
3124 1629 3186 1683 τὸ
3233 1630 3401 1701 ὄνομα
3441 1630 3629 1686 αὐτοῦ.
3670 1651 3689 1684 ι
3777 1615 3795 1633 ⁸

2116 1720 2302 1774 Ταῦτα
2328 1720 2437 1791 γὰρ
2462 1720 2552 1787 σὺ,
2570 1721 2597 1773 6
2630 1720 2791 1791 χορὸς
2814 1722 2842 1773 6
2878 1720 3249 1784 ἀποστολικὸς,
3278 1720 3543 1774 διδάσκων
3566 1721 3695 1785 τοὺς

441 1832 564 1871 cum
620 1795 915 1887 discipulos
959 1795 1196 1872 docebis,
1220 1826 1364 1881 tuos,
1399 1816 1662 1884 proferes,
1698 1795 2007 1885 praecipiens

2120 1812 2225 1865 ὐπὸ
2257 1814 2317 1865 σὲ
2353 1812 2845 1884 μαθητευομένους,
2877 1813 3039 1883 ἐρεῖς,
3089 1812 3481 1883 παραγγέλλων
3510 1812 3695 1877 αὐτοῖς

440 1907 568 1970 illis,
604 1915 664 1960 ut
692 1920 759 1960 ne
790 1905 1025 1971 sileant;
1072 1906 1164 1958 sed
1218 1904 1468 1959 salutaris
1507 1904 1749 1960 beuelicii
1784 1906 2014 1976 gratiam

438 1998 691 2053 omnibus
720 1997 1064 2061 annuntient,
1097 1996 1437 2065 clamentque
1462 2006 1518 2049 ut
1560 1997 1865 2052 audiantur.

511 2089 674 2147 Vnus.
711 2090 765 2145 6.
808 2107 828 2142 ι
858 2090 1135 2144 Exsultate
1178 2098 1233 2144 et
1276 2088 1572 2154 laetamini,
1619 2090 1711 2158 qui
1756 2089 2015 2145 habitatis

439 2180 595 2248 Sion,
641 2182 766 2249 quia
818 2182 1087 2236 exaltatus
1134 2189 1218 2235 est
1256 2188 1475 2235 sanctus
1525 2179 1685 2235 Israel
1738 2180 1792 2235 in
1838 2183 2013 2238 medio

435 2271 572 2342 ejus.
596 2290 614 2322 ι
647 2270 765 2326 Jam
792 2270 1034 2340 pluribus
1060 2271 1315 2325 traditum
1343 2280 1426 2326 est
1453 2270 1672 2326 Sionem
1701 2286 1822 2329 esse
1845 2287 2012 2329 evan—

436 2361 663 2430 gelicum
694 2361 938 2425 verbum,
976 2362 1027 2414 in
1062 2376 1172 2431 quo
1206 2360 1455 2417 Ecclesia
1483 2361 1576 2417 Dei
1606 2361 1869 2417 aediﬁcata
1904 2371 2008 2417 est.

436 2452 700 2519 Quoniam
744 2452 908 2522 igitur
957 2463 1178 2507 sanctus
1216 2452 1381 2507 Israel
1428 2453 1479 2507 in
1527 2454 1702 2511 medio
1750 2454 2009 2511 Ecclesia:

434 2544 707 2599 exaltatus
745 2555 856 2610 est;
903 2547 1046 2615 jure,
1098 2546 1293 2616 inquit,
1341 2547 1614 2603 exsultate
1661 2558 1716 2602 et
1749 2548 2007 2603 laetamiui

435 2638 524 2705 qui
559 2638 611 2691 in
640 2638 726 2691 illa
778 2639 933 2702 estis,
963 2648 1149 2708 utpote
1194 2638 1282 2707 qui
1342 2648 1590 2693 sanctum
1618 2639 1777 2694 lsrael
1810 2641 1861 2695 in
1896 2656 2009 2695 me-

435 2731 525 2783 dio
555 2740 794 2784 vestrum
842 2730 1113 2794 habeatis;
1162 2730 1458 2785 secundum
1490 2732 1904 2800 promissionem
1939 2732 2009 2787 ab

435 2823 551 2890 ipso
607 2820 805 2876 factam
843 2821 927 2877 his
962 2823 1162 2885 verbis,
1201 2842 1219 2874 ι
1252 2821 1351 2878 Ubi
1400 2824 1524 2888 duo,
1573 2822 1658 2877 vel
1723 2834 1835 2877 tres
1885 2838 2008 2878 con-

435 2914 639 2983 gregati
686 2914 887 2967 fuerint
919 2914 971 2967 in
1024 2914 1243 2968 nomine
1290 2929 1431 2982 meo,
1476 2914 1586 2970 illic
1625 2929 1741 2970 sum
1789 2915 1842 2968 in
1893 2929 2007 2969 me-

433 3003 521 3058 dio
548 3019 735 3059 eorum
758 3004 822 3058 ⁷³.
857 3024 876 3058 ι

1020 3097 1252 3154 CAPUT
1283 3098 1419 3158 Xlll.

504 3184 671 3242 Vens.
719 3186 774 3251 1,
817 3186 870 3241 9.
940 3186 1175 3253 «Visio,
1227 3204 1389 3258 quam
1444 3189 1581 3244 vidit
1642 3188 1811 3244 Isaias
1862 3188 2004 3245 ﬁlius

433 3279 619 3342 Amos.
668 3289 857 3334 contra
886 3279 1242 3352 Babylonem.
1289 3279 1457 3349 Super
1515 3289 1752 3337 montem
1795 3294 2006 3351 campe-

432 3380 602 3424 strem
649 3370 825 3425 levate
879 3372 1135 3442 signum,
1195 3374 1430 3427 exaltate
1484 3386 1668 3426 vocem
1726 3372 1904 3441 ipsis:
1940 3387 2005 3428 ne

433 3463 693 3527 timeatis,
730 3464 989 3518 advocate
1014 3463 1453 3532 manu,.aperite,
1479 3465 1773 3533 principes.
1802 3482 1821 3514 ι
1855 3464 2003 3519 Vati-

430 3550 754 3608 cinatus'ea
803 3568 922 3623 qua:
976 3553 1030 3607 in
1085 3554 1319 3608 adventu
1366 3553 1569 3626 Christi
1619 3553 1801 3608 futura
1854 3558 2000 3621 sunt,

432 3640 573 3698 aliud
617 3644 717 3698 init
758 3656 1136 3713 argumentum
1170 3658 1356 3700 contra
1387 3643 1717 3716 Babylonem
1755 3663 1770 3700 :
1809 3646 2004 3700 deinde

431 3735 723 3791 secundum
765 3738 916 3791 addit
947 3738 1013 3791 de
1046 3737 1372 3803 Philistazis;
1405 3746 1589 3804 postea
1624 3740 1846 3792 tertium
1872 3752 2003 3791 con-

431 3836 515 3880 tra
550 3826 889 3882 Moabitidem
918 3866 935 3892 ,
984 3828 1111 3882 hinc
1159 3839 1347 3882 contra
1395 3827 1741 3892 Damascum,
1787 3839 1843 3883 et
1883 3838 2003 3897 post

310 3968 319 3987 ,
432 3919 546 3973 haec
584 3918 826 3988 sequitur
866 3920 1003 3974 visio
1035 3918 1288 3989 Egypti;
1333 3928 1543 3974 sextum
1598 3919 1811 3985 deinde,
1865 3920 2001 3974 visio

430 4007 697 4071 idumaeas,
730 4009 829 4061 sub
860 4009 994 4070 haec,
1019 4007 1313 4078 assumptio
1338 4008 1589 4075 Arabiae;
1619 4024 1779 4077 quam
1803 4010 2002 4079 excipit

434 4097 570 4151 visio
602 4098 760 4152 vallis
784 4098 936 4163 Sion,
976 4098 1191 4153 demum
1228 4098 1366 4153 visio
1391 4097 1540 4169 Tyri.
1585 4098 1679 4151 Ha;
1714 4113 1876 4168 porro
1903 4102 1998 4153 de—

429 4204 548 4243 cem
601 4191 900 4259 prophetize
947 4198 1133 4245 mutuo
1190 4191 1487 4252 cohaerent,
1547 4190 1613 4244 de
1676 4190 1999 4262 alienigenis

430 4280 683 4348 gentibus
726 4279 965 4349 prolatae,
1017 4281 1343 4350 quibuscum
1382 4281 1571 4334 vallem
1617 4279 1800 4336 Sionis
1851 4296 1999 4335 com-

429 4372 708 4441 plectitur,
744 4387 864 4425 cum
914 4373 1236 4444 alienigenis
1262 4374 1544 4431 Iudaicum
1584 4377 1709 4431 item
1743 4373 1996 4444 populum

2122 1903 2196 1974 μὴ
2232 1905 2443 1973 σιωπᾷν
2466 1920 2479 1935 ·
2504 1902 2847 1972 ἐξαγγέλλειν
2864 1904 2920 1956 δὲ
2942 1907 3054 1967 τοῖς
3083 1905 3216 1957 πᾶσι
3244 1905 3336 1957 καὶ
3366 1906 3442 1968 είς
3463 1904 3694 1971 ὲξάκουο

2118 2008 2243 2045 στον
2278 1992 2406 2063 βοᾷν
2436 1993 2533 2064 τῆς
2568 1992 2833 2063 σωτηρίου
2865 1993 3182 2065 εὐεργεσίας
3206 1994 3306 2065 τὴν
3329 1993 3509 2066 χάριν.

2194 2102 2215 2135 ι
2270 2083 2622 2153 Ἀγαλλιᾶσθε
2671 2087 2762 2138 καὶ
2805 2085 3179 2158 εὐφραίνεσθε,
3213 2088 3262 2139 οἱ
3306 2102 3695 2151 κατοικουντες

2116 2172 2270 2237 Σιὼν,
2290 2175 2371 2227 ὅτι
2397 2173 2583 2245 ὑψώθη
2605 2177 2634 2228 6
2661 2176 2816 2244 ἅγιος
2840 2175 2931 2228 τοῦ
2969 2176 3184 2248 Ἰσραὴλ
3209 2179 3264 2229 ὲν
3284 2177 3431 2248 μέσῳ
3460 2178 3653 2247 αὐτῆς.
3669 2198 3686 2230 ι

2118 2263 2256 2334 Ἤδη
2299 2264 2357 2317 δὲ
2393 2265 2481 2319 διὰ
2528 2265 2787 2319 πλειόνων
2839 2264 2976 2320 Σιὼν
3009 2267 3242 2338 ἀπεδόθη
3277 2269 3305 2320 6
3337 2267 3693 2336 εὐαγγελικὺς

2114 2354 2290 2423 λόγος,
2343 2355 2427 2424 ἐφ’
2472 2349 2533 2409 οῦ
2586 2358 2619 2427 ἡ
2659 2357 2952 2428 Ἐκκλησία
2990 2358 3085 2412 τοῦ
3134 2359 3269 2411 Θεοῦ
3319 2358 3688 2431 ᾠκοδόμηται.

2125 2445 2277 2497 Ἐπεὶ
2329 2446 2509 2499 τοίνυν
2560 2447 2589 2499 ὁ
2632 2447 2785 2515 ἆγιος
2837 2447 2932 2500 τοῦ
2972 2449 3185 2521 Ἰσραὴλ
3230 2448 3414 2519 ὑψώθη
3448 2452 3504 2503 ὲν
3536 2451 3693 2523 μέσῳ

2108 2537 2208 2607 τῆς
2277 2537 2620 2609 Ἐκκλησίεις,
2681 2539 2905 2604 εἰκότως
2975 2541 3321 2609 ἀγαλλιᾶσθε,
3378 2542 3531 2613 φησὶ,
3596 2545 3693 2598 καὶ

2114 2627 2495 2699 εὐφραίνεσθε,
2525 2632 2572 2683 οἱ
2609 2631 2667 2683 ὲν
2692 2632 2829 2701 αὐτῇ
2857 2649 2870 2663 ·
2902 2632 2997 2685 ἅτε
3018 2633 3081 2703 δὴ
3114 2634 3276 2703 μέσον
3297 2633 3455 2687 αὐτὸν
3470 2634 3693 2704 ἔχοντες

2086 2720 2202 2777 ,τὸν
2257 2720 2411 2789 ἀγιον
2463 2720 2557 2775 τοῦ
2615 2723 2847 2794 Ἰσραὴλ,
2898 2724 3037 2777 κατὰ
3092 2725 3190 2794 τὴν
3245 2725 3574 2795 ἐπαγγελίαν
3621 2727 3691 2799 ἢν

2110 2811 2275 2876 αὐτὸς
2308 2812 2598 2884 πεποίηται
2624 2816 2832 2885 φήσας·
2875 2834 2893 2866 ι
2930 2816 3103 2868 Ὅπου
3145 2815 3252 2868 εἰσὶ
3283 2816 3378 2870 δύο
3408 2817 3503 2870 καὶ
3535 2819 3691 2888 τρεῖς

2111 2906 2441 2976 συνηγμένοι
2485 2908 2543 2961 ἐν
2592 2907 2669 2978 τῷ
2697 2907 2918 2978 ὀνόματὶ
2960 2926 3084 2980 μου,
3127 2910 3243 2963 ἐκεῖ
3285 2911 3401 2982 είμι
3435 2911 3495 2965 ὲν
3534 2911 3689 2982 μέσῳ

2106 2997 2302 3051 αὐτῶν.
2337 3015 2354 3049 ι

2623 3089 3016 3144 ΚΕΦΑΛΑΙΟΝ
3054 3089 3150 3144 ΙΓ¹.

2187 3199 2206 3231 ι
2253 3182 2481 3252 Ὀρασις
2525 3183 2590 3251 ἢν
2620 3177 2760 3235 εἶδεν
2795 3182 3020 3245 Ἡσαΐας
3045 3182 3159 3245 υίὸς
3195 3183 3376 3254 Ἀμὼς
3398 3184 3542 3239 κατὰ
3578 3186 3684 3240 Βα-

2107 3271 2365 3337 δυλῶνος.
2402 3274 2518 3325 Ἐπ’
2552 3274 2709 3344 ὅρους
2759 3272 2975 3326 πεδινοῦ
3015 3274 3184 3344 ἄρατε
3237 3278 3482 3346 σημεῖον,
3535 3277 3688 3348 ὑψώ-

2108 3381 2236 3418 σατε
2261 3365 2359 3436 τὴν
2393 3365 2575 3436 φωνὴν
2611 3367 2823 3427 αὐτοῖς·
2861 3366 2936 3437 μὴ
2984 3366 3252 3435 φοϐεῖσθε,
3302 3370 3685 3440 παρακαλεῖτε

2102 3457 2169 3525 τῇ
2238 3455 2402 3525 χειρὶ,
2457 3455 2724 3520 ἀνοίξατε,
2761 3457 2811 3508 οἱ
2860 3457 3137 3527 ἄρχοντες.
3186 3477 3205 3510 ι
3256 3460 3366 3512 Καὶ
3428 3460 3563 3532 μετά
3616 3461 3686 3516 τά

2104 3545 2460 3599 θεσπισθέντα
2489 3546 2554 3598 τὰ
2582 3547 2673 3599 ἐπὶ
2706 3547 2804 3617 τῆς
2832 3548 3129 3617 παρουσίας
3155 3549 3246 3602 τοῦ
3292 3552 3527 3622 Χριστοῦ
3587 3571 3677 3622 γε·

2102 3638 2374 3708 νησόμενα
2399 3638 2588 3708 ἑτέρας
2626 3639 2850 3708 ἄρχεται
2886 3640 3190 3705 ὑποθέσεως
3214 3642 3314 3712 τῆς
3340 3644 3480 3697 κατὰ
3507 3645 3684 3699 Βαϐυ-

2102 3727 2298 3791 λῶνος·
2333 3724 2431 3779 εἷθ’
2461 3728 2585 3798 ἑξῆς
2610 3729 2865 3800 δευτέραν
2913 3731 3093 3803 τίθησι
3137 3734 3237 3804 τὴν
3267 3734 3394 3805 περὶ
3428 3735 3534 3789 τῶν
3571 3738 3679 3791 Φυ-

2101 3819 2376 3872 λιστιαίων
2410 3836 2424 3849 ·
2462 3820 2578 3890 μεθ’
2611 3822 2676 3891 ἢν
2715 3822 2895 3891 τρίτον
2934 3823 3053 3879 ἐστὶ
3076 3824 3135 3877 τὸ
3166 3825 3308 3878 κατά
3333 3827 3433 3897 τῆς
3462 3829 3683 3882 Μωασι.

2100 3910 2242 3974 τιδος
2268 3928 2279 3941 ·
2308 3907 2426 3963 εἶτα
2457 3913 2551 3964 καὶ
2588 3912 2649 3964 τὸ
2681 3914 2823 3967 κατά
2848 3898 3163 3986 Ἀαμασκοῦ,
3206 3918 3296 3970 καὶ
3327 3918 3464 3988 μετὰ
3502 3920 3678 3975 ταῦτα

2100 4002 2294 4066 ὅρασις
2343 4001 2653 4070 Αἰγύπτου·
2690 4000 2789 4056 εἷθ’
2843 4005 3000 4058 ἕκτον
3047 4006 3109 4058 τὸ
3142 4007 3326 4077 ὅραμα
3371 4009 3469 4079 τῆς
3522 4010 3678 4064 Ἰδου·

2106 4093 2302 4162 μαίας·
2365 4094 2554 4146 ἔπειτα
2602 4093 2792 4166 λῆμμα
2845 4098 2909 4167 τῇ
2965 4097 3226 4169 Ἀραϐίᾳ·
3279 4093 3325 4166 ᾧ
3377 4099 3567 4153 ἕπεται
3617 4101 3679 4155 τὸ

2101 4185 2290 4254 ὅραμα
2314 4185 2413 4255 τῆς
2447 4186 2729 4257 φάραγγος
2755 4188 2891 4241 Σιών
2912 4206 2925 4219 ·
2963 4191 3053 4241 καὶ
3083 4191 3176 4243 ἐπὶ
3205 4193 3338 4244 πᾶσι
3387 4192 3446 4245 τὸ
3494 4194 3677 4265 ὅραμα

2104 4278 2297 4348 Τύρου.
2336 4279 2475 4331 Δέκα
2511 4278 2569 4331 δὲ
2610 4273 2769 4332 αὗται
2825 4281 2917 4333 καὶ
2971 4283 3312 4353 συνημμέναι
3350 4286 3676 4354 τυγχάνουσι

2105 4372 2432 4439 προφητεῖαι
2455 4370 2582 4441 περὶ
2612 4370 2721 4423 τῶν
2763 4369 3072 4441 ἀλλοφύλων
3105 4372 3296 4439 ὲθνῶν,
3318 4369 3404 4437 αἷς
3433 4376 3528 4427 καὶ
3578 4376 3678 4446 τὴν

427 4477 679 4518 evocans.
718 4462 829 4518 Cur
875 4476 1051 4519 autem
1081 4464 1271 4518 horum
1307 4476 1514 4520 tantum
1538 4467 1692 4536 quasi
1739 4481 1806 4520 ex
1853 4476 1999 4519 sorte

2116 4461 2367 4531 φάραγγα
2431 4460 2566 4514 Σιὼν
2595 4463 3043 4535 συμπεριείληφε,
3069 4467 3181 4528 τοῖς
3224 4464 3540 4534 ἀλλοφύλοις
3582 4468 3677 4522 καὶ

428 4556 663 4623 quadam
697 4556 979 4624 meminit,
1012 4557 1237 4611 aliarum
1284 4573 1410 4612 vero
1462 4561 1701 4629 gentium
1748 4558 2003 4612 minimc?

429 4646 844 4713 Respondemus
894 4646 1068 4701 nullas
1120 4648 1254 4701 alias
1303 4656 1430 4701 tunc
1485 4646 1741 4717 temporis
1789 4646 2005 4701 Judaeu-

429 4748 549 4787 rum
605 4733 800 4803 populo
854 4734 1078 4789 infestas
1124 4734 1315 4800 fuisse,
1350 4737 1453 4790 nisi
1487 4750 1647 4804 supra
1680 4738 1998 4802 recensitns,

429 4841 550 4895 quae
602 4825 919 4894 frequenter
965 4834 1155 4881 contra
1204 4827 1328 4883 illos
1386 4828 1788 4899 insurgebant:
1839 4830 2003 4885 modo

426 4916 649 4985 quidem
691 4913 1086 4986 Jerosolymam
1134 4917 1454 4984 expilantes,
1496 4922 1653 4973 modo
1696 4935 1882 4974 eorum
1916 4936 2003 4977 re-

424 5007 640 5076 gionem
669 5016 970 5062 vastantes.
1019 5007 1378 5074 Quamobrem
1410 5024 1529 5074 eos,
1558 5010 1647 5078 qui
1678 5012 2002 5066 obsideban-

427 5110 537 5164 tur,
574 5099 885 5155 necessario
923 5098 1199 5168 Scriptura
1230 5100 1386 5155 docet
1416 5116 1475 5156 ea
1498 5142 1513 5167 ,
1548 5117 1674 5171 qua:
1701 5103 2002 5157 obsidenti-

426 5192 530 5245 bus
572 5200 834 5249 eventura
876 5201 1052 5245 erant.
1102 5191 1235 5261 Ipsis
1271 5206 1400 5247 vero
1431 5209 1554 5247 cum
1593 5194 1876 5250 scientiam
1908 5209 2004 5264 per

429 5281 703 5337 Christum
724 5282 1145 5348 conciliandam,
1172 5295 1285 5339 tum
1312 5285 1581 5339 bonorum
1610 5288 1995 5355 promissiones

428 5374 716 5428 annuntiat
745 5391 762 5427 :
798 5375 1156 5444 omnibusque
1187 5376 1493 5444 _universim
1547 5378 1614 5432 de
1656 5378 1862 5447 judicio
1899 5379 1991 5434 Dei

428 5464 589 5519 verba
620 5465 770 5528 facit.
802 5482 992 5521 omnes
1024 5468 1269 5524 homines
1295 5470 1581 5525 cobortans
1605 5469 1671 5523 ad
1706 5469 1792 5539 pie
1815 5471 1994 5524 viven-

427 5554 577 5622 dum,
613 5554 705 5610 Dei
734 5557 1019 5612 tribunalis
1052 5571 1336 5614 memores.
1376 5557 1613 5614 Primam
1641 5556 1804 5630 igitur
1832 5557 1992 5613 visio.

498 5731 545 5765 "
574 5731 763 5789 Matth.
793 5748 944 5804 mu,
977 5734 1067 5793 ‘20.

2102 4552 2191 4605 τὸν
2235 4551 2343 4603 τῶν
2380 4552 2647 4605 Ἰουδαίων
2697 4555 3036 4622 συγκαλέσας
3072 4555 3217 4609 λαόν.
3254 4556 3317 4608 Τί
3367 4556 3567 4627 δήποτε
3619 4557 3676 4611 δὲ

2101 4643 2305 4696 τούτων
2332 4643 2509 4712 μόνων
2534 4641 2721 4713 ὥσπερ
2747 4645 2955 4714 ἁποκλη
2966 4645 3209 4714 ρωτικῶς
3235 4646 3526 4715 μέμνηται,
3554 4646 3676 4715 οὐχὶ
3704 4656 3707 4657 ⁷

2100 4735 2158 4787 δὲ
2194 4735 2289 4787 καὶ
2336 4733 2535 4805 ἐτέρων
2569 4734 2776 4800 ἐθνῶν;
2817 4736 3099 4807 Ἐροῦμεν,
3127 4737 3209 4789 ὅτι
3259 4737 3473 4792 οὐδένες
3523 4738 3675 4791 ἄλλοι

2103 4827 2224 4879 κατ’
2255 4828 2430 4879 ἐκεῖνο
2455 4824 2648 4897 καιροῦ
2680 4826 3051 4898 παρηνόχλουν
3076 4830 3189 4891 τοῖς
3226 4828 3498 4892 Ἰουδαίοις
3549 4828 3583 4900 ἢ
3623 4831 3673 4882 oi

2104 4918 2551 4988 καταλεχθέντες,
2588 4919 2827 4988 συνεχῶς
2855 4919 3039 4982 αὐτοῖς
3072 4921 3492 4990 ἐπανιστάμενοι
3514 4936 3527 4949 ·
3578 4920 3672 4974 καὶ

2102 5010 2232 5063 ποτὲ
2263 5010 2359 5080 μὲν
2388 5009 2485 5081 τὴν
2528 5010 2882 5081 Ἰερουσαλὴμ
2917 5010 3266 5082 πορθοῦντες,
3301 5012 3430 5064 ποτὲ
3467 5012 3528 5064 δὲ
3573 5015 3673 5083 τὴν

2103 5102 2285 5173 χώραν
2305 5104 2482 5158 αὐτῶν
2514 5102 2788 5175 δῃοῦντες.
2826 5103 3020 5174 Διόπερ
3046 5104 3075 5154 6
3118 5104 3275 5172 λόγος
3294 5106 3418 5169 τοὺς
3448 5106 3671 5177 πολιορ-

2104 5193 2403 5263 κουμένους
2434 5196 2753 5263 ἀναγκαίως
2788 5195 3033 5248 ἐδίδασκε
3062 5195 3130 5248 τὰ
3153 5196 3538 5266 συμϐησόμενα
3559 5198 3671 5258 τοῖς

2104 5284 2288 5346 αὐτοῖς
2323 5286 2688 5356 πολιορκοῦσι.
2725 5287 2765 5338 Γ
2766 5287 2928 5340 νῶσιν
2956 5288 3013 5340 δὲ
3060 5288 3245 5349 αὐτοῖς
3282 5288 3378 5358 τὴν
3410 5287 3499 5341 διὰ
3531 5289 3669 5355 Χρι-

2102 5374 2230 5427 στοῦ
2254 5377 2347 5430 καὶ
2372 5378 2594 5445 ἀγαθῶν
2634 5380 2964 5448 ἐπαγγελίας
2990 5378 3427 5449 εὐαγγελίζεται·
3465 5398 3671 5451 κηρυτ-

2100 5484 2184 5520 τει
2223 5484 2283 5520 τε
2311 5468 2610 5533 καθολικῶς
2658 5472 2769 5533 τοῖς
2809 5473 2943 5524 πᾶσι
2974 5472 3063 5525 τὸν
3108 5474 3234 5543 περὶ
3266 5472 3365 5542 τῆς
3409 5472 3503 5525 τοῦ
3533 5471 3667 5525 Θεοῦ

2107 5558 2339 5629 κρίσεως
2364 5557 2537 5629 λόγον,
2568 5561 2889 5633 προτρέπων
2926 5562 3167 5625 ἅπαντας
3206 5560 3525 5633 ἀνθρώπους
3555 5561 3664 5616 θεο-
