3862 6210
155 311 263 367 185

1125 323 1634 385 COMMENTARIA
1668 331 1738 388 IN
1777 334 2038 393 ISAIAM.
2092 369 2150 379 -
2189 337 2344 395 CAP.
2386 339 2525 400 XIII.

155 425 339 534 n.6ch
364 427 509 537 (ibi:
529 428 627 482 τοῦ
646 429 1030 504 δικαιακηρίου
1063 435 1159 489 τοῦ
1180 436 1320 492 Θεοῦ
1351 443 1734 514 μεμνημένους

1862 465 1986 504 nem
2033 449 2189 508 eﬂ‘ert
2237 464 2432 510 contra
2478 455 2848 529 Babylonem,
2893 473 3178 535 postquam
3217 467 3271 522 in
3320 470 3438 539 ipso

155 516 396 607 Πρὼτην
449 514 543 574 οῦν
585 521 768 592 τίθησι
820 524 920 595 τὴν
965 526 1111 580 κατά
1159 528 1480 596 Βαϐυλῶνος
1537 535 1750 607 ὅρασιν,

153 973 344 1044 φύλων
365 976 545 1032 ἐθνῶν
566 978 665 1049 τὴν
712 980 1006 1035 Βαϐυλῶνα
1048 984 1367 1056 προτάσσει.
1396 989 1656 1063 Βασιλικὴ
1695 993 1752 1047 δὲ

149 1065 298 1136 αὕτη
320 1067 437 1121 τῶν
467 1069 773 1142 ’Δσσυρίων
803 1072 976 1137 πόλις,
1006 1076 1237 1148 μεγίστη
1263 1080 1358 1132 καὶ⁵
1380 1080 1748 1155 δυνατωτάτη.

151 1157 429 1227 Δέγονται
461 1159 520 1213 δὲ
557 1161 834 1233 Ἀσσύριοι
877 1165 1083 1236 πρῶτοι
1111 1167 1216 1237 τῆς
1242 1167 1570 1242 οἰκουμένης
1615 1190 1753 1244 κρα-

149 1247 325 1317 τῆσαι
359 1249 448 1317 ἐφ’
473 1249 615 1314 ὅλοις
641 1251 833 1321 χιλίοις
875 1255 971 1307 καὶ
1025 1259 1361 1327 τριακοσίοις
1401 1261 1545 1315 ἔτεσι
1590 1263 1752 1334 μέχρι

151 1338 265 1391 τῶν
302 1339 744 1412 πολιορκούντων
794 1345 892 1414 τὴν
933 1345 1309 1421 Ἰερουσαλὴμ,
1354 1352 1587 1406 καὶτῶν
1620 1356 1751 1408 Ἰου-

150 1427 330 1483 δαίων
389 1431 484 1484 τὸν
531 1432 660 1486 λαὸν
716 1435 1061 1505 αἰχμάλωτον
1136 1440 1453 1509 ἀγαγόντων
1519 1447 1599 1509 εἰς
1650 1447 1751 1519 τὴν

152 1519 349 1572 αὐτῶν
406 1519 615 1594 χώραν.
655 1524 782 1577 Ἐπὶ
825 1524 996 1598 ταύτῃ
1041 1527 1154 1599 γὰρ
1188 1532 1253 1600 τῇ
1297 1531 1410 1584 τῶν
1452 1533 1750 1606 Ἀσσυρίων

62 1619 84 1639 ·
152 1611 382 1680 πράξει,
419 1613 620 1668 αὐτίκα
645 1616 742 1668 καὶ
759 1615 856 1669 οὐκ
879 1619 961 1681 είς
991 1619 1234 1692 μακράν,
1264 1622 1325 1675 τὸ
1350 1624 1552 1696 κράτος
1573 1627 1750 1682 αὐτῶν

153 1704 462 1776 κατελύθη.

1865 541 1986 596 libri
2019 543 2243 600 exordio
2280 545 2546 603 visionem
2593 563 2786 606 contra
2817 554 3115 612 Jerusalem
3169 563 3439 628 praemise-

1861 643 1969 688 rat.
2001 633 2137 702 Quia
2164 637 2308 692 enim
2341 639 2486 694 nulla
2513 653 2597 696 est
2627 660 2988 713 personarum
3020 651 3268 725 acceptio.
3291 654 3437 722 apud

1861 727 2057 790 Deum,
2103 743 2133 782 a
2167 731 2565 800 contribulibus
2605 737 2724 790 suis
2750 752 2930 801 orsus,
2967 739 3019 792 in
3067 743 3286 794 eosdem
3315 757 3438 795 rur-

1859 834 1975 874 sum
2005 836 2312 876 sermonem
2345 829 2617 881 convertit
2643 844 2657 893 ;
2684 828 3002 899 alienigenis
3033 845 3162 885 vero
3186 834 3436 901 gentibus

1861 913 2185 986 Babylonem
2229 921 2531 988 praemittit.
2570 920 2945 992 Regiaautem
2978 921 3064 976 illa
3093 925 3468 1002 Assyriorum_

1859 1011 1989 1065 urbs
2024 1021 2175 1080 erat,
2223 1016 2456 1067 maxima
2505 1022 2669 1083 atque
2725 1016 3122 1084 potentissima.
3175 1021 3439 1077 Dicuntur

1858 1115 2024 1171 porro
2064 1104 2275 1174 Assyrii
2325 1105 2484 1170 primi
2537 1105 2780 1159 onmium
2815 1107 2934 1160 orbi
2969 1107 3264 1178 imperasse
3295 1121 3436 1167 totos

1860 1193 2008 1247 mille
2039 1204 2094 1248 et
2136 1202 2411 1252 trecentos
2455 1213 2668 1261 annos,
2715 1214 2886 1269 usque
2930 1202 2998 1254 ad
3038 1215 3134 1255 eos
3163 1203 3252 1270 qui
3279 1201 3435 1259 Jeros-

1862 1286 2130 1355 solymam
2157 1287 2509 1352 obsederunt,
2543 1303 2606 1340 ac
2632 1287 2944 1344 Iudaeorum
2973 1292 3226 1361 papulnm
3258 1295 3436 1363 capti-

1858 1389 1983 1427 vum
2032 1375 2381 1430 abduxerunt
2422 1377 2475 1430 in
2529 1378 2804 1445 regionem
2847 1395 3023 1434 suam.
3070 1381 3300 1450 Propter
3334 1385 3436 1440 hoc

1857 1463 2003 1519 enim
2048 1465 2391 1536 Assyriorum
2445 1465 2695 1535 facinus,
2739 1484 2841 1524 nec
2880 1471 2972 1526 diu
3026 1483 3212 1542 postea
3242 1487 3435 1532 eorum

1859 1555 2142 1627 imperium
2184 1557 2420 1613 solutum
2454 1567 2556 1616 est.

227 1815 249 1847 ι
309 1795 614 1862 ’Δνοίξατε,
661 1801 712 1853 oi
743 1801 1020 1872 ἄρχοντες.
1059 1822 1079 1856 ι
1111 1805 1298 1860 Ταῦτα
1346 1807 1406 1862 δὲ
1453 1809 1511 1863 τὸ
1563 1813 1619 1865 ἐν
1676 1813 1739 1884 τὰς

1934 1825 1955 1859 ι
1984 1805 2207 1876 Aperite
2228 1809 2521 1879 principes.
2555 1829 2571 1863 ι
2603 1810 2740 1881 illam
2773 1826 2935 1879 porro
2959 1813 3196 1882 Spiritus
3219 1815 3438 1870 divinus

152 1889 416 1960 προφήτῃ
441 1889 670 1960 Πνεῦμα
699 1889 854 1952 θεῖον,
869 1896 933 1948 ὲκ
961 1893 1255 1966 προσώπου
1287 1898 1383 1952 τοῦ
1417 1901 1553 1954 Θεοῦ
1578 1903 1751 1972 Λόγου

149 1980 450 2050 προφέρει.
487 1981 655 2046 Αὐτὸς
679 1986 860 2038 τοίνυν
889 1988 918 2039 ὀ
944 1990 1449 2062 παρακελευόμενος
1476 1997 1588 2058 τοῖς
1614 1997 1752 2067 ἀμφ’

145 2069 322 2122 asta»
346 2070 603 2138 ἀγγέλοις
635 2074 845 2141 ἀνοῖξαι
875 2076 1046 2149 θύρας
1079 2081 1492 2150 κεκλεισμένας,
1525 2087 1617 2140 καὶ
1650 2106 1754 2141 πα-

148 2162 600 2231 ρακελεύσασθαι
635 2170 747 2230 τοῖς
782 2167 928 2222 ἔνδον
973 2166 1090 2224 οὖσι
1140 2173 1420 2244 προϊέναι,
1456 2177 1612 2247 ’ήκειν
1658 2180 1752 2233 καὶ

149 2254 416 2308 σπεύδειν
440 2256 536 2309 ἐπὶ
553 2258 654 2323 τὴν
675 2258 784 2311 τῶν
803 2261 1016 2314 ἀσεϐῶν
1038 2264 1329 2336 τιμωρίαν.
1373 2261 1539 2338 οἶμαι
1569 2268 1626 2322 δὲ
1663 2270 1752 2324 διά

146 2349 363 2400 τούτων
399 2348 695 2419 δηλοῦσθαι
721 2350 821 2422 τὴν
855 2353 1244 2427 ἀφωρισμένην
1281 2359 1403 2422 ταῖς
1443 2359 1753 2432 ἀντικειμέ-

147 2454 272 2502 ναις
297 2438 597 2511 δυνάμεσιν
617 2460 629 2471 ·
660 2444 721 2496 ὲν
840 2443 1028 2516 ὥσπερ
1062 2447 1119 2500 ὲν
1143 2446 1500 2521 δεσμωτηρίῳ
1535 2451 1753 2525 καθειρ-

148 2531 360 2602 γμὲναι
389 2535 744 2604 τυγχάνουσι.
772 2536 882 2590 Καὶ
910 2539 1119 2608 μήποτε
1155 2539 1292 2612 αὕτη
1329 2542 1475 2595 ἐστὶν
1500 2545 1532 2614 ἡ
1560 2545 1751 2598 καλου-

150 2622 293 2693 μένη
319 2623 580 2688 ἄϐυσσος,
607 2626 1077 2698 ὲμπεπληρῶσθαι
1095 2628 1153 2682 δὲ
1175 2631 1485 2701 δρακόντων
1510 2635 1749 2692 διδάσκει

147 2715 176 2764 ὁ
201 2715 441 2784 φάσκων
471 2715 652 2784 λόγος,
688 2737 706 2768 ι
743 2719 1045 2787 Δράκοντες
1073 2722 1169 2775 καὶ
1209 2725 1380 2777 πᾶσαι
1423 2725 1684 2794 ἀϐυσσοι;
1722 2749 1742 2782 ι

150 2806 322 2860 Ὅθεν
353 2809 450 2861 καὶ
489 2807 584 2861 τὸν
629 2810 857 2882 Σωτῆρα
888 2813 1232 2884 παρεκάλουν
1276 2818 1322 2869 oi
1355 2817 1609 2889 δαίμονες
1621 2858 1636 2882 9
1671 2819 1746 2892 μὴ

151 2898 374 2968 πέμψαι
401 2901 621 2965 αὐτοὺς,
645 2903 882 2972 ὁπηνίκα
910 2903 1065 2974 ἔλεγε
1095 2906 1176 2969 τὸ,
1209 2925 1227 2957 ι
1258 2903 1463 2973 τΗλθες
1489 2910 1594 2980 πρὸ
1623 2928 1748 2964 και-

149 2990 251 3061 ροῦ
293 2989 587 3060 βασανίσαι
623 2995 791 3062 ἡμᾶς.
829 3013 848 3046 ι
884 2995 958 3048 Οὐ
997 2995 1107 3067 γὰρ
1138 2998 1368 3066 ἠγνόουν
1404 3002 1592 3072 καιρόν
1624 3019 1748 3058 τινα

147 3081 375 3135 ἔσεσθαι
399 3083 586 3147 αὐτοῖς
614 3085 712 3155 τῆς
735 3086 815 3149 είς
852 3085 950 3158 τὴν
979 3086 1215 3142 ἄϐυσσον
1248 3089 1600 3162 καθείρξεως.

1865 1901 1919 1955 in
1955 1903 2216 1970 propheta
2263 1903 2530 1958 exsistens
2560 1919 2626 1959 ex
2675 1920 2906 1974 persona
2956 1907 3048 1960 Dei
3097 1903 3272 1980 Verbi.
3309 1923 3437 1978 pro-

1860 1992 1986 2047 fert.
2010 1992 2152 2048 Idem
2187 1994 2351 2062 igitur
2389 1995 2504 2062 ipse
2529 2005 2612 2050 est
2649 1996 2740 2065 qni
2783 1996 2990 2066 angelis
3031 1996 3438 2053 circumstanti-

1869 2084 1973 2139 bus
1994 2085 2261 2154 praecipit,
2294 2095 2352 2138 ut
2383 2086 2600 2142 clausas
2628 2097 2813 2155 portas
2835 2089 3102 2156 aperiant,
3127 2088 3437 2156 acjubeant

1857 2191 1952 2231 eos
1982 2178 2074 2246 qui
2103 2178 2242 2232 intra
2281 2190 2410 2234 sunt
2432 2181 2667 2250 prodire,
2695 2182 2953 2236 accedere
2979 2195 3034 2236 et
3069 2181 3330 2237 festinare
3365 2183 3436 2237 ad

1859 2268 2152 2338 impiorum
2179 2271 2526 2340 supplicium.
2557 2270 2793 2327 Estinto
2822 2283 3000 2327 autem
3027 2274 3111 2328 his
3139 2273 3434 2343 signiﬁcari

1859 2361 2126 2416 ultionem
2153 2377 2274 2432 qna:
2307 2364 2634 2419 adversariis
2683 2366 3046 2433 potestatibus
3080 2366 3381 2420 destinatur
3415 2384 3432 2421 :

1858 2454 1909 2508 in
1935 2470 2038 2523 qua
2079 2465 2177 2510 ceu
2208 2457 2261 2509 in
2291 2471 2511 2511 carcere
2543 2457 2955 2512 concluduntur.
2997 2456 3135 2511 Num
3170 2456 3314 2513 forte
3345 2457 3434 2512 illa

1857 2546 2022 2608 fuerit
2051 2547 2305 2616 abyssns,
2348 2557 2407 2602 ut
2440 2559 2688 2613 vocatur,
2734 2564 2899 2618 quam
2945 2550 3274 2605 draconibus
3316 2549 3432 2620 ple-

1857 2654 1984 2694 nam
2019 2640 2095 2693 ait
2128 2640 2410 2707 Scriptura
2450 2643 2537 2696 bis
2562 2641 2768 2705 verbis,
2812 2659 2831 2690 ‹
2865 2640 3136 2698 Dracones
3164 2649 3221 2698 et
3242 2657 3438 2697 omnes

1855 2729 2034 2800 abyssi
2058 2729 2149 2782 '"i
2178 2749 2197 2782 ι
2255 2728 2406 2786 Unde
2447 2740 2503 2784 et
2533 2728 2872 2786 Salvatorem
2913 2733 3182 2798 rogabant
3229 2732 3432 2786 damo-

1854 2835 1974 2884 nes,
2009 2837 2077 2876 ne
2106 2836 2166 2877 se
2206 2821 2298 2875 illo
2342 2821 2602 2889 mitteret,
2664 2837 2788 2876 cum
2834 2823 3109 2886 dicebant,
3175 2841 3194 2873 ι
3224 2819 3432 2875 Venisti

1854 2923 1980 2968 ante
2009 2924 2222 2982 tempus
2253 2923 2504 2983 torquere
2525 2929 2622 2969 nos
2643 2915 2708 2967 "'.
2744 2934 2762 2966 ι
2791 2913 2905 2968 Νοη
2937 2915 3259 2985 ignorabant
3286 2916 3429 2970 enim

1856 3003 2094 3059 futurum
2137 3016 2345 3076 tempus
2392 3022 2516 3064 esse
2556 3023 2664 3077 quo
2727 3008 2781 3062 in
2831 3009 3028 3077 abysso
3073 3007 3432 3064 concludendi

1853 3106 2029 3152 erant.

223 3193 244 3225 ι
296 3173 441 3242 Ἐγὼ
466 3176 750 3230 συντάσσω
777 3179 869 3239 καὶ
892 3178 1005 3246 ἐγὼ
1029 3179 1149 3248 ἄγω
1177 3181 1398 3246 αὐτούς.
1437 3202 1456 3234 ι
1501 3185 1658 3250 Τίνες
1687 3185 1739 3240 δέ

1927 3187 2093 3246 Vens.
2133 3189 2190 3248 5.
2235 3209 2254 3242 ι
2281 3191 2392 3260 Ego
2420 3192 2616 3246 ordino
2643 3200 2699 3247 et
2720 3207 2820 3258 ego
2846 3193 2986 3246 duco
3013 3205 3162 3247 eos.»
3199 3189 3428 3256 Quinam

147 3266 293 3318 εεσιν
337 3260 484 3319 οὗτοι
536 3266 664 3338 ἑξῆς
708 3269 1006 3340 παρίστησι
1048 3270 1326 3342 διασαφῶν
1391 3276 1489 3328 καὶ
1541 3275 1742 3346 λέγων·

158 3373 178 3407 ι
225 3357 490 3424 Γίγαντες
534 3356 785 3430 ἔρχονται
823 3361 1108 3432 πληρῶσαι
1131 3363 1222 3417 τὸν
1255 3363 1425 3436 θυμόν
1457 3384 1592 3437 μου,
1626 3370 1750 3439 χαί-

151 3462 344 3519 ροντες
393 3448 515 3519 ἅμα
557 3451 654 3503 καὶ
701 3450 1032 3522 ὑϐρίζοντες.
1094 3474 1113 3506 ι
1165 3456 1480 3526 Συμφώνως
1529 3459 1584 3513 δὲ
1633 3463 1747 3524 τοῖς

158 3537 570 3608 Ἐϐδομήκοντα
599 3541 946 3611 ἡρμήνευσεν
971 3543 1000 3594 ὁ
1027 3541 1319 3599 Θεοδοτίων
1343 3545 1514 3601 είπών
1535 3564 1548 3580 ο
1583 3567 1600 3598 ι
1637 3549 1746 3601 Καί

148 3644 214 3694 γε
254 3629 499 3682 ἐκάλεσα
551 3631 676 3694 τοὺς
704 3632 965 3700 γίγαντάς
998 3650 1129 3704 μου·
1178 3655 1198 3687 ι
1240 3638 1268 3689 ὁ
1295 3637 1354 3692 δὲ
1390 3638 1619 3704 ’Δκύλας
1654 3641 1746 3694 καὶ

148 3722 179 3772 ὁ
217 3720 520 3792 Σύμμαχος
551 3723 673 3776 ἀντὶ
704 3724 820 3788 τοῦ,
865 3744 883 3776 ι
929 3726 1210 3795 γίγαντας,
1266 3748 1386 3781 ›-‹
1411 3731 1671 3796 δυνατοὺς
1718 3750 1738 3785 ι

149 3815 531 3885 ἡρμήνευε-αν.
563 3815 719 3870 Οὕτω
747 3817 803 3871 δὲ
843 3817 997 3872 καλεῖ
1038 3819 1138 3883 τὰς
1163 3822 1545 3895 τιμωρητικάς
1585 3824 1745 3877 δυνά-

154 3923 296 3976 μεις,
335 3907 405 3960 δι’
446 3900 522 3960 ὧν
572 3909 640 3960 τὰ
666 3909 766 3979 τῆς
813 3911 955 3964 κατά
995 3913 1106 3966 τῶν
1151 3913 1365 3972 ἀσεϐῶν
1407 3916 1576 3987 ὀργῆς
1608 3917 1745 3989 πλη-

153 3999 369 4069 ροῦται.
413 4001 788 4073 Ἐπιχαίρουσι
816 4007 976 4059 κακοί
1007 4025 1174 4072 τινες,
1203 4004 1348 4062 οὗτοι
1377 4012 1426 4062 oi
1461 4011 1744 4084 λεγόμενοι

152 4093 430 4162 γίγαντες,
462 4094 652 4167 ῶσπερ
678 4099 744 4151 τά
783 4102 904 4152 κατ’
937 4100 1105 4170 εὐχὰς
1131 4103 1463 4173 πράττοντες
1485 4122 1498 4136 ο
1526 4106 1744 4177 χαίρον-

150 4201 241 4248 τες
264 4186 362 4238 ἐπὶ
383 4185 464 4258 τῷ
489 4187 733 4259 ὑϐρίζειν
759 4191 852 4244 καὶ
878 4192 1127 4258 κολάζειν
1147 4196 1273 4259 τοὺς
1298 4195 1537 4263 ἀσεϐεῖς,
1558 4197 1653 4252 ἅτε
1676 4199 1740 4254 δί’·

154 4275 229 4346 μὴ
260 4274 480 4344 ἔχοντες
507 4277 785 4348 σπλάγχνα
813 4282 1132 4354 οἰκτιρμῶν.

227 4383 246 4414 ι
275 4364 436 4436 Φωνὴ
462 4365 631 4422 ἐθνῶν
665 4369 874 4423 πολλῶν
905 4373 997 4424 ἐπὶ
1027 4372 1134 4426 τῶν
1165 4373 1358 4445 ὀρέων,
1383 4375 1544 4447 ὁμοία
1571 4377 1741 4432 ἐθνῶν

152 4457 386 4510 πολλῶν.
433 4458 590 4530 Φωνὴ
630 4459 894 4530 βασιλέων
924 4464 1018 4516 καὶ
1068 4463 1238 4518 ἐθνῶν
1282 4468 1656 4539 συνηγμένων.
1714 4489 1733 4522 ι

151 4549 217 4601 0i
246 4549 532 4619 μέλλοντες
567 4551 688 4605 τότε
730 4557 795 4624 τῇ
828 4555 1074 4626 τιμωρίᾳ
1122 4557 1513 4627 παραδίδοσθαι
1556 4560 1740 4628 φωνὰς
1774 4541 1816 4595 D

151 4641 445 4710 ἀφήσουσι,
474 4642 543 4696 τά
567 4645 774 4698 ἑαυτῶν
801 4647 1284 4719 ἐξομολογούμενοι
1315 4650 1464 4704 κακά
1481 4669 1494 4681 ·
1521 4651 1655 4722 ὁμοῦ
1683 4653 1739 4706 δὲ

153 4734 244 4785 καὶ
274 4733 422 4787 κατά
448 4735 641 4788 ταύτὸν
668 4737 738 4790 τά
763 4738 891 4810 ἔθνη
924 4741 1121 4809 πάντα,
1155 4743 1251 4796 καὶ
1277 4745 1326 4795 οί
1352 4743 1556 4798 τούτων
1585 4744 1740 4815 βασι-

151 4825 282 4891 λεῖς,
325 4828 460 4897 μίαν
499 4828 596 4898 τὴν
637 4830 804 4901 αὐτὴν
848 4833 1190 4888 ἀποδώσουσι
1235 4835 1441 4908 φωνὴν,
1481 4837 1741 4908 ὀλοφυρό-

158 4931 304 4983 μενοι
341 4916 445 4980 τὰς
482 4918 690 4971 ἑαυτῶν
727 4922 1034 4994 συμφοράς.
1076 4925 1138 4977 Οἱ
1170 4924 1228 4978 δὲ
1265 4925 1522 4997 ἀνωτέρω
1551 4927 1742 4995 γίγαν-

153 5019 240 5066 τες
323 5006 720 5075 ὔνομασθέντες
795 5009 1097 5082 ὁπλομάχοι
1153 5015 1390 5070 ἐνταῦθα
1457 5017 1739 5086 λέγονται,

159 5097 372 5168 μακρὰν
397 5098 552 5162 ὀντες
586 5099 770 5166 πάλαι,
797 5102 891 5156 καὶ
915 5102 1104 5176 ῶσπερ
1138 5108 1197 5161 ὲν
1219 5106 1487 5178 θεμελίοις
1527 5109 1621 5162 τοῦ
1647 5111 1738 5163 οὺ-

159 5189 314 5257 ρανοῦ
340 5192 847 5264 ἀποκεκλεισμένοι·
875 5196 990 5262 οὓς,
1023 5199 1114 5251 ὅτε
1147 5199 1338 5272 καιρὸς
1369 5199 1540 5267 καλεῖ,
1572 5219 1738 5273 προσ-

155 5282 334 5334 τάττει
356 5281 614 5353 ἔρχεσθαι
637 5287 667 5338 ὁ
691 5287 798 5340 τῶν
828 5288 972 5354 ὅλων,
995 5289 1187 5362 κριτὴς
1214 5291 1308 5343 ἐπὶ
1331 5290 1410 5361 τῷ
1444 5293 1739 5362 καταφθεί-

162 5386 244 5439 ραι
272 5375 458 5426 πᾶσαν
491 5373 590 5444 τὴν
610 5376 718 5430 τῶν
747 5378 934 5433 κακῶν
955 5381 1300 5452 οἰκουμένην,
1331 5383 1467 5452 μετά
1489 5384 1582 5438 τὸν
1607 5385 1735 5455 ἁφο·

159 5463 341 5530 ρισμὺν
376 5461 488 5514 τῶν
518 5463 761 5519 δικαίων.
811 5469 962 5522 Ἐπεὶ
1004 5470 1098 5522 καὶ
1136 5472 1196 5523 ὲν
1233 5473 1345 5535 τοῖς
1383 5473 1732 5543 Εὑαγγελίοις

155 5557 184 5606 ὀ
220 5557 341 5620 Υἱὸς
371 5556 469 5611 τοῦ
516 5558 807 5631 ἀνθρώπου
853 5563 1162 5636 καθήμενος
1203 5567 1297 5620 ἐπὶ
1345 5565 1532 5638 θρόνου
1576 5569 1729 5643 δόξης

222 5736 268 5767 ’⁸
306 5737 449 5796 Psal.
507 5756 736 5809 CXLVIII,
777 5743 829 5798 7.
907 5745 949 5776 "
987 5743 1178 5802 Matth.
1211 5761 1330 5815 vtu,
1366 5745 1456 5804 29.

1853 3281 1891 3337 ii
1949 3287 2060 3338 sint
2099 3282 2201 3338 sub
2246 3284 2361 3338 haec
2415 3283 2655 3338 declarat
2702 3283 2786 3337 his
2841 3283 3042 3347 verbis,
3120 3299 3140 3333 ι
3170 3281 3432 3353 Gigantes

1853 3375 2074 3429 veniunt
2122 3375 2190 3428 ad
2232 3375 2563 3444 implendum
2609 3374 2848 3429 furorem
2889 3389 3092 3438 meum,
3131 3374 3432 3444 gaudentes

1851 3466 2012 3522 simul
2045 3476 2098 3522 et
2125 3466 2486 3522 contumelias
2515 3466 2834 3523 inferentes.
2866 3487 2884 3520 ι
2917 3465 3220 3522 Tbeodotio
3246 3476 3426 3521 autem

1852 3557 2076 3628 perinde
2113 3571 2177 3610 ac
2217 3555 2362 3610 LXX
2410 3559 2490 3611 sic
2548 3555 2936 3624 interpretatus
2984 3564 3088 3618 est,
3143 3553 3256 3609 «Et
3299 3569 3430 3609 vero

1869 3649 2056 3702 vocavi
2082 3651 2330 3717 gigantes
2364 3662 2590 3710 meos”
2629 3647 2820 3714 Aquila
2855 3658 3037 3702 autem
3076 3654 3132 3701 et
3172 3645 3427 3717 Symma-

1850 3740 2004 3804 cbus,
2031 3755 2130 3809 pro
2155 3740 2267 3805 illo,
2309 3758 2328 3792 ι
2355 3740 2625 3809 gigantes,
2655 3759 2674 3791 ι
2719 3739 3057 3810 interpretati
3088 3749 3234 3804 sunt,
3265 3757 3284 3790 ι
3313 3738 3428 3794 for-

1854 3843 1954 3887 tes.
1986 3851 2006 3884 ι
2040 3832 2134 3888 Sic
2157 3848 2322 3902 porro
2349 3842 2510 3886 vocat
2540 3833 2763 3888 ultrices
2794 3834 3040 3898 virtutes,
3069 3832 3226 3901 queis
3261 3831 3342 3884 ira
3373 3839 3429 3885 et

1851 3923 1988 3976 ultio
2027 3931 2218 3976 contra
2245 3922 2441 3992 impios
2468 3933 2776 3977 exercetur.
2823 3921 3072 3976 Gaudent
3113 3921 3282 3989 igitur
3313 3936 3428 3974 ma-

1852 4013 1980 4083 ligni
2022 4013 2266 4082 quidam,
2302 4015 2547 4083 gigantes
2591 4015 2806 4079 vocati,
2843 4014 2998 4083 quasi
3032 4028 3142 4068 rem
3176 4027 3274 4082 pro
3301 4023 3428 4068 voto

1850 4112 2034 4172 agant,
2065 4103 2119 4157 in
2153 4105 2485 4159 contumelia
2513 4113 2570 4160 et
2614 4107 2878 4174 supplicio
2920 4106 3098 4174 impiis
3144 4103 3426 4160 inferendo

1851 4194 1996 4262 lteti;
2030 4204 2215 4266 utpote
2244 4197 2336 4266 qui
2365 4197 2574 4252 viscera
2611 4199 3001 4254 misericordia:
3027 4213 3134 4254 non
3165 4200 3424 4254 habeant.

1924 4371 2086 4428 Vsus.
2125 4373 2181 4427 4.
2230 4391 2248 4425 ι
2279 4374 2392 4428 Vox
2422 4374 2658 4444 gentium
2692 4374 2980 4430 multarum
3028 4376 3081 4430 in
3131 4377 3427 4443 montibus,

1849 4468 2041 4522 similis
2067 4469 2318 4536 gentibus
2354 4469 2556 4522 multis.
2602 4468 2714 4524 Vox
2747 4479 3001 4538 rcgutnet
3027 4470 3267 4539 gentium
3298 4485 3426 4524 con-

1847 4569 2266 4629 gregatarum.»
2332 4559 2431 4625 Qui
2495 4570 2624 4613 tunc
2686 4560 2951 4629 supplicio
2998 4560 3243 4615 tradendi
3276 4570 3422 4626 sunt,

1846 4665 2009 4706 voces
2070 4650 2344 4717 emittent,
2413 4651 2552 4705 ntala
2610 4667 2705 4706 sua
2765 4655 3122 4707 contitentes:
3156 4651 3425 4722 simulque

1845 4741 2036 4795 eodem
2066 4751 2310 4810 letttpore
2335 4750 2524 4810 gentes
2541 4759 2729 4798 omnes
2757 4751 2812 4796 et
2843 4758 3028 4796 earum
3056 4757 3232 4812 reges,
3263 4758 3422 4796 uuam

1845 4843 1901 4886 et
1928 4833 2177 4887 eamdem
2211 4834 2418 4887 dabunt
2449 4849 2634 4888 vocem
2663 4874 2679 4899 ,
2719 4835 3055 4890 calamitates
3083 4849 3211 4888 suas
3233 4835 3424 4904 lugen-

1846 4931 1950 4978 tes.
1976 4923 2052 4978 Illi
2094 4937 2224 4979 vero
2255 4926 2500 4994 praedicti
2549 4927 2814 4996 gigantes,
2855 4927 2944 4981 hic
2981 4926 3180 4982 armati
3220 4927 3416 4982 dicun-

1847 5023 1954 5079 tur,
1982 5017 2073 5084 qui
2106 5017 2234 5071 olim
2277 5017 2468 5086 procul
2510 5029 2688 5088 erant,
2719 5030 2773 5074 et
2795 5020 2954 5089 quasi
2979 5020 3034 5074 in
3059 5021 3182 5075 caeli
3221 5021 3418 5074 funda-

1845 5109 2044 5169 mentis
2085 5109 2303 5176 inclusi,
2331 5128 2468 5181 quos
2497 5114 2587 5167 ubi
2617 5123 2830 5183 tempus
2874 5122 3082 5178 evocat,
3109 5114 3264 5184 jubet
3299 5115 3422 5167 uni-

1843 5215 2122 5258 versorqu
2169 5204 2334 5272 index
2393 5204 2674 5270 accedere,
2723 5216 2784 5260 ut
2833 5216 3002 5260 totum
3042 5205 3417 5276 improborum

1841 5291 2058 5358 orbem,
2111 5304 2234 5362 post
2274 5294 2546 5363 justorum
2607 5298 3064 5367 segregationem,
3111 5299 3415 5352 destruant.

1841 5382 2290 5454 Quandoquidem
2364 5397 2419 5441 et
2469 5387 2524 5440 in
2596 5387 2904 5458 Evangeliis
2951 5388 3119 5444 Filius
3175 5391 3416 5445 hominis

1840 5479 2041 5533 sedens
2069 5477 2121 5532 in
2154 5479 2349 5533 tbrono
2373 5478 2556 5547 gloriae
2588 5496 2719 5544 suae,
2757 5497 2854 5537 eos
2878 5484 2969 5552 qui
2997 5499 3027 5537 a
3059 5483 3266 5538 dextris
3288 5496 3417 5539 sunt

1847 5571 2066 5643 primos
2090 5570 2156 5628 ad
2179 5579 2426 5642 paratum
2470 5573 2600 5645 ipsis
2640 5589 2864 5645 regnum
2909 5588 3036 5634 ante
3070 5579 3415 5638 constitutio-
