3862 6210
456 322 564 386 £37

1135 323 1406 380 EUSEBII
1443 320 1920 381 CESABIENSIS
1956 318 2107 378 OPP.
2149 315 2329 373 PARS
2367 307 2456 371 Ill.
2476 307 2564 374 '4
2605 307 3018 372 EXEGETICA.

3616 313 3719 370 {88

461 464 581 502 nem
605 446 812 512 mundi,
833 456 988 502 vocat
1019 464 1033 501 :
1061 448 1260 517 quibus
1289 449 1582 516 assumptis
1605 455 1659 501 et
1678 448 1746 501 ad
1766 446 2022 516 promissa

2136 439 2302 494 αὐτοῦ
2332 439 2460 501 τοὺς
2499 452 2567 495 εκ
2603 436 2795 502 δεξιῶν
2836 451 3088 505 πρωτους
3126 433 3218 486 επὶ
3253 431 3350 504 τὴν
3385 433 3720 504 ἡτοιμασμέ-

454 539 724 602 deductis,
781 539 834 593 in
875 539 1112 610 reliquas
1163 549 1358 609 gentes
1406 555 1436 595 a
1478 539 1719 596 sinistris
1760 547 2028 609 repertas,

452 632 594 702 ignis
626 632 986 688 comminatio
1016 631 1272 687 infertur.

521 891 760 957 Vans.6,
783 893 836 945 7.
863 910 882 942 ι
912 890 1140 955 Ululate,
1183 906 1353 961 prope
1393 891 1536 946 enim
1583 892 1697 947 dies
1725 892 2033 957 Domini,et

453 987 714 1041 contritio
746 1001 773 1038 a
806 984 1036 1038 Domino
1081 987 1282 1038 veniet.
1325 985 1552 1054 Propter
1582 985 1684 1039 ltoc
1709 987 1886 1041 omnis
1917 1003 2031 1040 ma.

454 1095 558 1135 nus
579 1079 931 1141 dissolvetur,
982 1087 1035 1131 et
1064 1077 1242 1132 omnis
1284 1079 1464 1130 anima
1497 1077 1732 1132 hominis
1762 1079 2029 1134 formida-

455 1175 574 1228 bit:
614 1172 980 1226 turbabuntur
1013 1170 1171 1240 legati
1198 1210 1213 1234 ,
1261 1179 1319 1224 et
1362 1170 1578 1226 dolores
1609 1171 1762 1239 ipsos
1796 1187 2032 1243 occupa-

451 1267 605 1328 bunt,
630 1263 788 1332 quasi
829 1261 1070 1316 mulieris
1111 1261 1488 1332 parturientis.
1517 1281 1536 1314 ι
1581 1261 1828 1317 Nondum
1869 1279 2028 1332 ergo,

460 1355 556 1422 ait,
597 1357 802 1408 instant
829 1371 890 1407 ea
918 1371 1037 1422 quae
1066 1355 1118 1407 in
1147 1354 1569 1409 comminatione
1614 1353 1898 1417 feruntur;
1931 1355 2027 1409 sed

447 1447 848 1517 quamprimum
907 1454 1132 1499 ventura
1187 1455 1333 1500 sunt.
1395 1446 1578 1512 Quare
1639 1455 2030 1516 praevertentes

450 1538 562 1602 illa,
605 1535 766 1600 ﬂetu,
829 1535 1084 1589 lamentis
1130 1547 1187 1591 et
1240 1536 1450 1590 ululatu
1502 1535 1668 1591 Deum
1723 1537 2026 1606 placantes,

449 1630 588 1683 mala
627 1629 859 1683 avertite
891 1644 918 1682 a
955 1629 1108 1684 vobis
1133 1642 1150 1682 :
1173 1627 1396 1698 jamjam
1433 1629 1579 1683 enim
1622 1630 1880 1698 praedicta
1908 1630 2028 1685 dies

2133 550 2231 603 νην
2268 533 2448 593 αὐτοῖς
2487 528 2764 596 βασιλείαν
2809 528 2916 600 πρὸ
2950 526 3256 595 καταϐολῆς
3289 526 3496 596 κόσμου
3528 525 3713 579 καλεί-

2130 618 2205 678 ῶν
2238 621 2706 695 παραληφθέντων
2739 621 2832 674 καὶ¹
2861 619 3218 690 εἰσαχθέντων
3247 618 3340 670 ἑπὶ
3360 617 3460 688 τὴν
3489 619 3718 701 ἐπαγγε-

2131 713 2271 777 λίαν,
2302 713 2395 765 ἑπὶ
2431 730 2503 767 τα
2539 713 2702 766 λοιπὰ
2731 712 2856 782 ἑθνη
2889 710 2957 763 τὰ
2989 713 3047 763 ἑν
3087 711 3200 772 τοῖς
3232 708 3541 780 ἀριστεροῖς
3569 709 3717 780 εὑρε-

2133 804 2410 877 θησόμενα
2443 808 2476 876 ή
2505 805 2702 876 ἀπειλὴ
2733 803 2830 857 τοῦ
2857 803 3029 874 πυρὸς
3063 801 3429 872 ἐξενήνεκται.

2209 917 2228 949 ι
2290 896 2600 962 Ὀλολύξετε
2620 915 2633 927 ·
2667 898 2832 966 ἑγγὺς
2857 895 2966 966 γὰρ
3001 895 3183 967 ήμέρα
3206 891 3433 963 Κυρίου,
3461 891 3556 946 καὶ
3594 910 3717 945 συν-

2130 987 2291 1059 τριϐὴ
2326 986 2477 1057 παρὰ
2508 986 2600 1038 τοῦ
2641 984 2846 1054 Κυρίου
2891 982 3029 1053 ἣξει.
3081 980 3180 1033 Διά
3213 979 3370 1034 τοῦτο
3409 980 3559 1032 πᾶσα
3595 981 3715 1049 χεὶρ

2131 1077 2522 1148 ἑκλυθήσεται,
2553 1077 2647 1130 καὶ
2698 1077 2846 1129 πᾶσα
2893 1072 3040 1142 ψυχὴ
3093 1069 3381 1142 ἀνθρώπου
3415 1068 3711 1122 δειλιάσει·

2130 1169 2567 1242 ταραχθήσονται
2597 1169 2646 1220 οἱ
2683 1164 2958 1238 πρέσϐεις,
2987 1165 3080 1218 καὶ
3119 1163 3306 1226 ὠδῖνες
3341 1163 3537 1226 αὐτοὺς
3568 1162 3716 1228 ἑξού-

2133 1279 2236 1327 σιν,
2284 1262 2359 1326 ὡς
2405 1261 2662 1330 γυναικὸς
2709 1258 3020 1328 τικτούσης.
3073 1275 3092 1309 ι
3143 1255 3310 1310 Οῦπω
3357 1251 3471 1320 οὖν,
3526 1257 3711 1328 φησὶν,

2130 1355 2330 1426 ἑπέστη
2381 1354 2450 1408 τὰ
2497 1352 2874 1424 ὴπειλημέναο
2922 1350 3104 1422 μέλλει
3151 1348 3210 1403 δὲ
3250 1350 3374 1402 ὅσον
3405 1347 3577 1402 οῠπω.
3624 1348 3716 1401 Διὸ

2131 1447 2514 1518 προλαϐόντες,
2561 1442 2824 1514 κλαυθμῷ
2849 1442 2946 1496 καὶ
2979 1440 3184 1513 θρήνῳ,
3224 1441 3320 1494 καὶ
3357 1440 3584 1510 ὀλολυγῇ
3626 1439 3716 1506 ἑξ-

2133 1537 2424 1593 ιλεώσασθε
2444 1537 2514 1590 τὰ
2535 1536 2745 1590 ἑαυτῶν
2763 1533 2926 1588 κακά’
2957 1531 3136 1603 μέλλει
3162 1530 3271 1604 γὰρ
3297 1533 3330 1602 ἡ
3354 1531 3715 1603 προλεχθεῖσα

2130 1632 2314 1703 ήμέρα
2361 1632 2460 1701 τῆς
2491 1629 2663 1701 ὀργῆς
2684 1627 2778 1681 τοῦ
2809 1624 2944 1680 Θεοῦ
2967 1624 3308 1694 ἑφίστασθαι.
3346 1625 3416 1678 Ἦ
3451 1623 3717 1696 πρέσϐεις
3788 1623 3799 1634 ’

449 1728 545 1781 ira:
593 1726 686 1780 Dei
734 1722 963 1778 aﬂntnra
1011 1734 1116 1780 est.
1167 1723 1398 1794 Legatos
1439 1732 1619 1778 autem
1665 1723 1753 1778 hic
1795 1722 2022 1779 fortasse

2133 1724 2364 1778 ἐνταῦθα
2389 1722 2542 1776 καλεῖ
2565 1722 2692 1784 τοὺς
2717 1717 3150 1793 προϊσταμένους
3172 1717 3278 1770 τῶν
3296 1716 3396 1786 τῆς
3421 1715 3713 1787 ἀθεότητος

447 1829 606 1872 vocat
634 1831 750 1880 eos,
777 1817 865 1884 qui
890 1815 1053 1870 dictis
1083 1793 1364 1870 atheorum
1386 1816 1795 1885 patrocinantur
1825 1835 1838 1870 :
1867 1827 2022 1887 atque

2132 1816 2335 1885 λόγων,
2366 1815 2461 1869 καὶ
2505 1815 2630 1890 τοὺς
2668 1810 3070 1884 πρεσϐεύοντας
3104 1807 3245 1882 ὑπὲρ
3291 1809 3392 1879 τῆς
3431 1808 3716 1862 εἰδωλολα-

445 1926 541 1964 cos
578 1909 671 1980 qui
701 1908 1025 1964 idololatriae
1059 1921 1303 1961 errorem
1337 1916 1583 1972 tuentur,
1615 1922 1824 1962 necnon
1846 1908 2032 1964 docto-

450 2018 538 2056 res
557 2003 840 2055 atbeorum
865 2009 919 2053 et
952 1998 1242 2066 impiorum
1279 2001 1593 2070 dogmatum
1618 2037 1636 2066 ,
1671 2015 1808 2070 quos
1837 2015 2028 2055 recen—

445 2091 549 2146 sita
583 2089 765 2145 omnia
809 2087 1085 2142 invadent.

518 2182 681 2236 Vens.
721 2178 913 2234 10-12.
961 2197 979 2230 ι
1009 2177 1145 2232 Nam
1178 2176 1350 2232 stella:
1384 2175 1530 2241 cmli,
1566 2175 1733 2233 Orion
1761 2187 1816 2233 et
1846 2179 2030 2234 omnis

441 2281 668 2329 ornatus
691 2272 835 2337 cmli,
868 2271 1042 2326 lucem
1074 2286 1179 2325 non
1216 2270 1460 2334 dabunt,
1493 2278 1559 2323 et—
1581 2271 2030 2326 obtenebrabitur

441 2363 558 2417 sole
587 2363 800 2417 oriente
823 2404 838 2427 ,
875 2371 930 2417 et
961 2361 1085 2415 luna
1135 2375 1242 2414 non
1273 2361 1421 2416 dabit
1449 2359 1793 2428 splendorem
1845 2377 2024 2420 suum.

444 2457 510 2510 Et
536 2455 805 2511 mandabo
834 2457 952 2510 orbi
983 2455 1240 2509 universo
1285 2453 1426 2508 mala
1452 2493 1467 2518 ,
1501 2465 1556 2509 et
1590 2453 1774 2523 impiis
1803 2464 2026 2526 peccata

441 2562 655 2601 eorum.
684 2545 752 2600 Et
775 2546 996 2616 perdam
1040 2545 1294 2612 injuriam
1331 2545 1643 2613 iniquorum
1662 2555 1718 2600 et
1746 2557 2026 2600 contume-

442 2638 572 2692 liam
610 2639 970 2707 superborum
1007 2636 1332 2706 deprimam.
1365 2655 1384 2689 ι
1428 2637 1639 2692 Etenim
1680 2652 2026 2693 consumma-

445 2730 608 2786 tionis
631 2739 876 2798 tempore
910 2743 1088 2798 neque
1128 2729 1232 2792 sol,
1274 2744 1448 2799 neque
1479 2729 1644 2796 luna,
1681 2745 1856 2800 neque
1889 2729 2025 2786 stel-

443 2821 526 2884 Ιιε,
563 2821 652 2885 iis,
689 2821 780 2891 qui
811 2821 1156 2891 castigationi
1189 2831 1246 2875 et
1275 2821 1541 2890 supplicio
1584 2822 1831 2877 tradendi
1859 2832 2023 2891 sunt,

444 2915 626 2984 lmpiis
672 2913 848 2968 lucem
897 2928 1052 2968 suam
1088 2913 1330 2980 dabunt.
1385 2912 1704 2968 Luminaria
1751 2923 1933 2970 autem
1993 2930 2024 2970 a

444 3007 749 3062 ministerio
781 3021 879 3060 suo
917 3018 1096 3061 ameta
1151 3005 1216 3059 ad
1275 3005 1438 3059 aliam
1476 3006 1866 3077 melioremque
1898 3022 2025 3062 sor-

2131 1905 2314 1978 τρείας
2347 1905 2575 1976 πλάνης,
2612 1903 2738 1968 τούς
2769 1919 2832 1956 τε
2872 1902 3223 1965 διδασκάλους
3250 1901 3358 1955 τῶν
3399 1901 3575 1955 ἀθέων
3620 1902 3718 1955 καὶ

2130 1997 2340 2053 ἀσεϐῶν
2377 1997 2684 2068 δογμάτων,
2723 1993 2819 2058 οὓς
2851 1991 3233 2066 μετελεύσεται
3269 1993 3339 2047 τὰ
3369 1992 3718 2065 κατηριθμη-

2134 2091 2269 2161 μένα
2305 2090 2502 2144 πάντα.

2206 2199 2226 2232 ι
2265 2182 2330 2233 Ui
2367 2180 2476 2252 γὰρ
2508 2179 2737 2250 ἀστέρες
2767 2179 2860 2232 τοῦ
2887 2177 3138 2251 ούρανοῦ,
3179 2177 3272 2231 καὶ
3299 2177 3329 2229 ό
3372 2174 3588 2246 Ὠρίων,
3622 2175 3717 2228 καὶ

2128 2273 2237 2334 πᾶς
2266 2271 2294 2323 ὁ
2329 2270 2532 2341 κόσμος
2563 2269 2655 2322 τοῦ
2697 2267 2952 2340 ούρανοῦ,
2983 2268 3044 2321 τὸ
3077 2267 3192 2337 φῶς
3224 2267 3284 2320 οὐ
3322 2265 3551 2320 δώσουσι
3573 2307 3588 2330 ,
3624 2266 3717 2318 καὶ

2130 2363 2542 2435 σκοτισθήσεται
2572 2363 2664 2416 τοῦ
2701 2363 2852 2434 ἡλίου
2886 2363 3286 2428 ἀνατέλλοντος,
3322 2362 3418 2416 καὶ⁵
3446 2364 3479 2433 ἡ
3515 2361 3716 2434 σελήνη

2125 2458 2187 2509 οὐ
2227 2455 2389 2510 δώσει
2426 2456 2486 2510 τὸ
2522 2457 2726 2526 φέγγος
2768 2457 2960 2528 αὐτῆς.
3006 2458 3117 2511 Καὶ
3156 2455 3472 2526 ἑντελοῦμαι
3525 2457 3595 2525 τῇ
3641 2457 3717 2508 oi.-

2126 2547 2364 2620 κουμένῃ
2394 2547 2491 2620 ὅλῃ
2524 2547 2702 2613 κακὰ,
2745 2549 2840 2602 καὶ
2887 2550 3000 2612 τοῖς
3042 2546 3266 2602 ἀσεϐέσι
3305 2545 3404 2610 τὰς
3441 2545 3717 2616 ἁμαρτίας

2125 2636 2334 2690 αὐτῶνθ
2373 2637 2466 2690 καὶ
2505 2637 2692 2690 ἀπολῶ
2721 2636 2880 2706 ὓϐριν
2914 2638 3152 2708 ἀνόμων,
3187 2636 3281 2690 καὶ
3329 2635 3485 2708 ὓϐριν
3543 2636 3719 2707 ὑπερ-

2125 2728 2348 2799 ηφάνων
2373 2728 2711 2784 ταπεινώσω.
2755 2748 2776 2782 ι
2814 2729 2972 2784 Κατὰ
3014 2729 3123 2801 γὰρ
3154 2729 3246 2782 τὸν
3262 2729 3366 2799 τῆς
3403 2728 3720 2792 συντελείας

2125 2821 2315 2892 καιρὸν
2343 2819 2458 2874 οὔθ’
2490 2824 2520 2875 ό
2563 2821 2734 2891 ἥλιος,
2766 2819 2879 2874 οὔθ’
2918 2822 2952 2891 ή
2993 2820 3211 2892 σελήνη,
3246 2818 3360 2872 οὗθ’
3401 2821 3449 2872 oi
3482 2819 3720 2891 ἀστέρες

2123 2914 2238 2976 τοῖς
2271 2910 2489 2965 κολάσει
2521 2913 2616 2966 καὶ
2645 2911 2884 2985 τιμωρίᾳ
2919 2910 3452 2982 παραδοθησομένοις
3489 2910 3717 2964 ἀσεϐέσι

2123 3005 2184 3058 τὸ
2213 3003 2420 3058 ἑαυτῶν
2449 3004 2564 3074 φῶς
2597 3005 2658 3058 ού
2692 3003 2943 3059 δώσουσι.
2977 3003 3419 3066 Μεταϐάλλοντες
3448 3002 3506 3056 δὲ
3534 3003 3636 3056 καὶ
3667 3003 3718 3055 οἱ

446 3111 553 3154 tem
604 3099 933 3164 transibunt,
983 3097 1140 3166 quasi
1199 3098 1670 3169 regenerationem
1725 3100 2020 3167 quamdam

2132 3098 2410 3169 φωστῆρες
2459 3097 2570 3150 ἀπὸ
2611 3097 2712 3168 τῆς
2767 3097 2975 3150 ἑαυτῶν
3012 3095 3318 3167 ὑπηρεσίας
3373 3097 3468 3148 ἐπὶ
3515 3094 3715 3166 ἑτέραν

441 3201 798 3247 consecutura
821 3229 836 3252 ,
906 3205 1080 3258 neque
1121 3190 1258 3244 ultra
1288 3206 1583 3261 corporum
1634 3191 1866 3245 vanitati
1901 3207 2021 3246 ser-

443 3279 650 3342 vientia
673 3296 688 3345 ;
719 3280 814 3336 sed
840 3277 1070 3333 liberata
1090 3293 1120 3332 a
1141 3280 1405 3334 servitute
1427 3281 1814 3350 corruptionis,
1834 3297 2024 3337 secun-

442 3376 571 3429 dum
599 3371 954 3442 apostolicum
992 3371 1240 3426 verbum.
1279 3371 1490 3427 Caelum
1521 3373 1703 3444 itaque
1737 3387 1894 3430 vocat
1927 3388 2023 3432 aut

445 3467 699 3522 caelestes
757 3473 1074 3536 potestates,
1131 3475 1226 3520 aut
1280 3466 1451 3536 ipsam
1511 3477 1864 3534 creaturam,
1917 3486 2020 3524 una

445 3575 568 3614 cum
622 3559 730 3614 Deo
786 3558 1156 3629 indignantem
1208 3573 1373 3630 super
1422 3559 1654 3624 insania,
1711 3560 2022 3632 arrogantia

444 3659 501 3704 et
529 3649 825 3719 impietate.

514 3823 675 3879 Vens.
716 3825 806 3888 i5,
848 3825 937 3880 M.
983 3844 1003 3877 ι
1033 3825 1099 3880 Et
1144 3832 1304 3880 erunt
1351 3827 1553 3882 residui
1589 3829 1748 3896 quasi
1795 3828 2012 3883 damula

442 3920 691 3990 fugiens,
728 3928 784 3974 et
821 3921 976 3990 quasi
1011 3921 1130 3975 ovis
1167 3935 1374 3987 errans,
1425 3930 1478 3976 et
1511 3937 1618 3976 non
1646 3924 1750 3977 erit
1774 3924 1865 3992 qui
1900 3937 2024 3976 con-

442 4021 647 4083 greget,
679 4013 752 4066 ita
780 4022 836 4068 ut
864 4013 1029 4068 homo
1061 4017 1127 4069 ad
1155 4015 1409 4085 p0pulum
1439 4030 1596 4069 suum
1621 4027 1974 4071 convertatur
2003 4036 2015 4070 :

440 4115 496 4159 et
555 4107 716 4160 homo
773 4106 842 4161 ad
913 4109 1190 4177 regiOnem
1257 4123 1410 4162 suam
1481 4107 1726 4179 fugiet.»
1793 4109 2022 4179 Fugient

440 4195 640 4267 quippe
672 4197 731 4263 ii,
775 4205 834 4253 ut
881 4199 1164 4253 dexterum
1195 4199 1480 4268 quidpiam
1516 4211 1898 4270 assequantur,
1937 4201 2024 4256 vel

440 4299 501 4344 ut
528 4288 832 4360 perfugium
868 4291 1009 4361 apud
1044 4293 1356 4362 quempiam
1398 4307 1465 4348 ex
1509 4292 1655 4349 notis
1688 4294 1969 4351 inveniant
2002 4311 2018 4352 :

438 4384 532 4440 sed
567 4399 673 4440 non
712 4383 990 4439 invenient
1020 4403 1034 4438 :

2125 3189 2313 3259 ἥξουσι
2347 3189 2632 3260 κρείττονα
2663 3187 2837 3258 λῆξιν,
2873 3187 3063 3259 ὥσπερ
3103 3187 3246 3252 τινὸς
3291 3185 3714 3254 παλιγγενεσίας

2121 3280 2469 3352 τευξόμενοι,
2506 3281 2600 3334 καὶ
2651 3280 2847 3351 μηκέτι
2891 3279 2990 3350 μὲν
3022 3282 3087 3350 τῇ
3132 3278 3242 3332 τῶν
3275 3278 3541 3348 σωμάτων
3588 3279 3714 3334 δου-

2122 3373 2370 3437 λεύοντες
2406 3374 2747 3444 ματαιότητι,
2778 3371 3223 3444 ἑλευθερούμενοι
3247 3372 3305 3425 δὲ
3328 3372 3438 3426 ἀπὸ
3461 3373 3563 3442 τῆς
3591 3371 3714 3426 δου-

2121 3466 2272 3530 λείας
2323 3467 2424 3538 τῆς
2479 3465 2718 3538 φθορᾶς,
2772 3464 2915 3518 κατὰ
2976 3464 3068 3517 τὸν
3121 3464 3475 3518 ἀποστολικὸν
3529 3464 3712 3534 λόγον.

2123 3556 2365 3628 Οὐρανὸν
2406 3555 2696 3627 τοιγαροῦν
2726 3555 2876 3624 λέγει
2922 3554 2956 3627 ἢ
2995 3553 3094 3618 τάς
3125 3554 3385 3627 οὐρανίας
3426 3555 3712 3626 δυνάμεις,

2121 3647 2156 3718 ἢ
2196 3649 2292 3701 καὶ
2339 3648 2511 3719 αὐτὴν
2548 3648 2648 3719 τὴν
2694 3647 2872 3701 κτίσιν
2916 3636 3428 3716 ωναγανακτοῦσαν
3457 3645 3536 3718 τῷ
3591 3647 3714 3719 Θεῷ

2122 3741 2216 3795 ἑπὶ
2248 3741 2498 3812 ἀπονοία,
2539 3741 2634 3795 καὶ
2667 3740 2974 3812 ἀλαζονείᾳ,
3014 3739 3109 3792 καὶ
3135 3739 3402 3810 ἀθεότητι.

2199 3852 2219 3885 ι
2271 3833 2384 3888 Καὶ
2417 3832 2631 3887 ἔσονται
2670 3833 2720 3885 οἱ
2758 3830 3250 3901 ,καταλελειμμένοι
3299 3831 3377 3894 ὡς
3429 3830 3714 3902 δορκάδων

2123 3925 2344 3996 φεῦγον,
2376 3923 2471 3978 καὶ
2499 3925 2575 3989 ὡς
2605 3923 2875 3997 πρόϐατον
2911 3921 3284 3994 πλανώμενον,
3312 3923 3407 3976 καὶ
3429 3923 3530 3975 οὐκ
3553 3923 3712 3977 ἑσται

2122 4019 2151 4071 ὁ
2200 4018 2448 4086 συνάγων
2473 4034 2487 4047 °
2542 4017 2683 4070 ὥστε
2743 4017 3030 4088 ἄνθρωπον
3079 4017 3160 4079 είς
3213 4015 3305 4068 τὸν
3357 4015 3485 4069 λαὸν
3537 4014 3711 4069 αὑτοῦ

2124 4106 2566 4178 ἀποστραφῆναι,
2615 4106 2710 4159 καὶ
2741 4105 3028 4177 ἄνθρωπος
3070 4106 3151 4167 εἰς
3191 4103 3290 4174 τὴν
3325 4102 3511 4175 χώραν
3543 4102 3712 4157 αὐτοῦ

2125 4198 2401 4269 φεύξεται.
2448 4217 2466 4249 ι
2503 4197 2794 4262 Φεύξονται
2829 4198 2927 4268 μὲν
2954 4198 3065 4268 γάρ
3095 4196 3146 4247 οἱ
3186 4195 3499 4264 φεύγοντες,
3531 4195 3712 4263 δεξιοῦ

2121 4309 2267 4356 τινος
2300 4294 2504 4362 τυχεῖν,
2543 4292 2577 4362 ἦ
2618 4290 2936 4361 καταφυγὴν
2977 4288 3243 4362 εὐράσθαι
3278 4289 3428 4360 παρά
3455 4306 3566 4343 τινι
3603 4290 3709 4343 τῶν

2122 4385 2436 4457 γνωρίμων,
2469 4385 2530 4437 οὐ
2566 4383 2671 4455 μὴν
2703 4384 3030 4455 εὑρήσουσι’

513 4475 676 4532 Vens.
721 4476 809 4530 15.
853 4495 874 4529 ί
903 4475 1020 4531 Non
1069 4475 1175 4530 erit
1225 4476 1370 4531 enim
1415 4477 1506 4547 qni
1555 4487 1848 4550 congregat
1900 4495 2016 4537 eos.

2135 4443 2150 4445 ⁷
2198 4497 2217 4528 ι
2243 4443 2371 4530 ,Ούκ
2412 4443 2705 4546 ἑσταίγάρ
2824 4443 3070 4541 συνάγων
3117 4473 3334 4538 αὐτούς.
3380 4443 3477 4536 Ὃς
3502 4473 3616 4545 γὰρ
3650 4473 3713 4527 ἀν

438 4566 576 4622 Nam
610 4569 702 4638 qui
734 4579 927 4636 captus
971 4569 1156 4634 fuerit,
1187 4570 1548 4639 opprimetur,
1583 4580 1640 4624 et
1663 4571 1755 4639 qui
1789 4586 2019 4643 congre-

438 4658 546 4728 gati
586 4666 734 4722 sunt,
786 4658 963 4729 gladio
1007 4660 1222 4714 cadent.
1259 4677 1277 4710 ι
1322 4658 1605 4725 Quamvis,
1665 4661 1773 4724 ait,
1827 4676 2016 4716 eorum

438 4747 658 4814 quidam
696 4747 820 4818 fuga
853 4749 1083 4802 salutem
1110 4751 1368 4818 consequi
1400 4758 1693 4813 conentur,
1727 4749 1779 4803 hi
1805 4765 2019 4821 quoque

438 4847 598 4906 captu
626 4838 813 4893 faciles
843 4849 1022 4902 erunt,
1058 4855 1161 4894 non
1185 4840 1360 4894 dantis
1379 4839 1638 4908 perfectis
1669 4840 2013 4905 salientibus,

440 4943 562 4996 quae
597 4929 769 4983 levem
819 4930 1165 5001 velocemque
1217 4945 1440 4985 cursum
1478 4931 1718 4999 habent,
1769 4933 2014 5000 similes;

438 5021 530 5076 sed
563 5022 814 5078 damulis.

513 5111 679 5166 Vsus.
721 5112 808 5166 l6.
853 5111 964 5166 «Et
1005 5111 1143 5166 filios
1186 5127 1372 5167 eorum
1421 5114 1731 5182 discerpent
1769 5115 1826 5170 in
1881 5130 2017 5170 con-

442 5211 627 5268 spectu
659 5216 869 5266 eorum,
914 5212 968 5256 et
1013 5203 1208 5257 domus
1240 5219 1428 5257 eorum
1466 5207 1776 5271 vastabunt,
1815 5215 1870 5260 et
1898 5222 2017 5260 mu-

439 5292 599 5347 lieres
634 5308 822 5348 eorum
855 5293 1152 5349 habebunt.
1185 5315 1204 5348 ›
1250 5297 1486 5350 Perinde
1529 5311 1694 5366 atque
1724 5299 1870 5354 viros
1895 5315 2017 5369 sup-

439 5381 603 5451 plicio
631 5382 875 5448 affectos,
913 5386 1174 5440 mulieres
1201 5401 1417 5456 quoque
1460 5387 1796 5458 irreligiosas
1827 5397 1883 5442 et
1913 5390 2016 5442 im-

442 5474 577 5537 pias.
621 5489 744 5543 quae
795 5477 997 5545 prolem
1030 5478 1355 5543 ediderant,
1405 5479 1628 5548 paribus
1679 5481 2017 5536 cruciatibus

441 5563 1200 5638 aﬂicient:quemadmodum
1257 5579 1314 5626 et
1361 5569 1502 5626 ﬁlios
1548 5586 1737 5628 eorum
1787 5573 2014 5641 impios,

439 5671 671 5726 quorum
717 5661 932 5724 animae.
985 5672 1248 5730 quantum
1300 5663 1369 5720 ad
1415 5680 1630 5732 mores,
1696 5667 2014 5738 parentibus

446 5749 651 5806 malitia
687 5751 888 5808 similes
914 5761 1059 5809 sunt.

2125 4565 2258 4637 ἁλῷ,
2289 4565 2680 4638 ήττηθήσεται,
2727 4564 2824 4618 καὶ
2856 4565 3050 4628 οἵτινες
3079 4563 3408 4636 συνηγμένοι
3439 4563 3569 4627 εἰσὶ,
3618 4581 3713 4616 πε-

2127 4657 2345 4710 σοῦνται
2379 4657 2644 4728 μαχαίρᾳ.
2686 4674 2704 4706 »
2741 4653 2861 4707 Κάν
2890 4671 3034 4718 τινες
3062 4649 3176 4717 οὖν,
3214 4653 3401 4724 φησὶν,
3439 4653 3499 4705 ἐν
3526 4653 3712 4715 αὐτοῖς

2124 4747 2434 4819 πειραθεῖεν
2467 4749 2613 4817 φυγῇ
2645 4745 2744 4818 τὴν
2777 4745 3052 4815 σωτηρίαν
3085 4742 3450 4816 πορίσασθαι·
3491 4743 3590 4796 καὶ
3621 4739 3709 4796 οὖ-

2122 4858 2204 4895 τοι
2239 4840 2496 4894 εὐάλωτοι
2523 4841 2862 4912 γενήσονται,
2897 4840 2956 4892 οὐ
2985 4839 3198 4909 δόρκοις
3225 4837 3452 4900 τελείοις
3485 4838 3709 4906 ἀποπη-

2123 4930 2275 4995 δῶσι,
2312 4930 2512 5000 κοῦφόν
2547 4948 2605 4984 τε
2645 4931 2740 4984 καὶ
2782 4932 2953 5001 ταχὺν
2986 4929 3329 5001 ποιουμένοις
3376 4927 3467 4981 τὸν
3507 4927 3709 5000 δρόμον

2125 5024 2385 5090 ἐοικότες,
2419 5021 2556 5076 ἀλλὰ
2585 5023 2909 5094 δορκαδίοις.

2200 5136 2219 5168 ι
2267 5117 2378 5170 Καὶ
2415 5117 2484 5169 τὰ
2521 5117 2686 5170 τέκνα
2719 5117 2898 5169 αύτῶν
2943 5113 3193 5188 ρήξουσιν
3228 5111 3456 5166 ἑνώπιον
3505 5113 3705 5178 αὐτῶν,

2123 5208 2215 5261 καὶ
2253 5209 2350 5271 τὰς
2384 5209 2562 5272 οἰκίας
2606 5207 2788 5261 αὐτῶν
2833 5205 3284 5278 προνομεύσουσι,
3332 5207 3426 5258 καὶ
3467 5205 3568 5268 τὰς
3611 5224 3707 5274 γυ-

2121 5302 2315 5362 ναῖκας
2344 5299 2523 5354 αὐτῶν
2549 5299 2780 5364 ἕξουσιν.
2817 5318 2836 5351 ι
2877 5300 3106 5368 Ὁμοίως
3131 5297 3240 5368 γὰρ
3269 5296 3514 5368 ape.ng
3549 5299 3706 5350 κολα-

2123 5391 2373 5462 ζομένοις
2404 5391 2630 5461 ἀνδράσι
2678 5394 2771 5445 καὶ
2818 5391 2916 5455 τὰς
2959 5390 3160 5444 τούτων
3200 5391 3466 5459 γυναῖκας
3510 5390 3704 5452 ἀθέους

2126 5484 2220 5537 καὶ
2250 5483 2466 5548 ἀσεϐεῖς
2501 5485 2594 5538 καὶ
2629 5484 2727 5548 τὰς
2760 5483 3092 5555 γειναμένας
3120 5486 3243 5547 ταῖς
3289 5482 3433 5546 ίσαις
3462 5478 3700 5537 ὑποϐάλῖ

2123 5575 2272 5628 λουσι
2299 5575 2621 5648 τιμωρίαις,
2651 5575 2842 5648 ὥσπερ
2867 5572 2962 5630 οὖν
2990 5576 3083 5629 καὶ
3110 5575 3180 5628 τὰ
3208 5575 3374 5628 τέκνα
3410 5574 3591 5628 αὐτῶν
3635 5573 3703 5628 τά

2122 5667 2317 5738 ἀσεϐῆ,
2338 5668 2436 5732 τὰς
2454 5667 2697 5733 οἰκείας,“
2714 5670 2807 5722 καὶ
2827 5672 2892 5740 τῇ
2920 5669 3028 5723 τῶν
3055 5668 3270 5740 τρόπων
3296 5664 3476 5721 αὐτῶν
3500 5665 3701 5738 μοχθη-

2128 5761 2219 5834 pia
2246 5759 2677 5828 ἑξοικειωθείσας
2704 5763 2794 5818 καὶ
2823 5761 3296 5835 παρομοιωθείσας
3317 5758 3512 5831 ψυχάς.
