3862 6210
126 315 212 375 189
1052 318 1562 377 COMMENTARIA
1596 321 1664 376 IN
1701 320 1958 378 ISAIAM.
1999 350 2066 365 —-
2107 320 2266 378 CAP.
2302 319 2444 375 XII}.

3256 315 3362 374 190

185 451 205 486 ι
263 434 392 489 Ἰδοὺ
436 435 689 507 ἐπεγερῶ
725 433 854 506 ὑμῖν
877 435 1026 500 τοὺς
1067 437 1306 508 Μήδους,
1347 437 1397 490 οἰ
1441 440 1500 491 οὐ
1533 439 1681 508 λογί-

1855 438 2024 495 Vsas.
2065 438 2155 494 17.
2203 459 2223 492 ι
2252 438 2392 494 Ecce
2445 433 2721 494 suscitabo
2782 435 2939 493 vobis
2993 435 3201 500 Medos,
3265 437 3354 504 qui

125 527 282 591 ζονται
311 527 592 598 ἀργύριον,
626 527 748 580 οὐδὲ
781 527 1004 598 χρυσίου
1035 529 1224 600 χρείαν
1254 529 1457 600 ἔχουσι,
1489 530 1678 596 τοξεύ-

128 635 252 690 ματα
286 617 583 671 νεανίσκων
623 618 993 690 συντρίψουσι,
1047 639 1068 674 ι
1116 620 1275 689 Μέγα
1318 619 1414 692 μὲν
1438 621 1548 694 γὰρ
1578 622 1674 675 αύ-

124 713 218 773 τοίς
247 711 334 762 ἐπὶ
367 712 490 773 ταῖς
517 709 752 775 τοξείαις
779 712 840 764 τὸ
870 711 1118 783 φύσημα,
1146 712 1324 766 καὶτὸ
1345 713 1594 784 εύτεχνές
1623 715 1679 767 ἐν

125 803 306 867 τούτοις
342 803 623 859 ποιοῦνται
663 805 792 877 περὶ
827 805 1022 858 πολλοῦ
1044 823 1058 836 ·
1095 806 1211 859 ἀλλ’
1240 807 1437 877 ἥττους
1468 807 1680 861 ἔσονται

125 893 217 946 τῶν
249 893 473 966 ἐχθρῶν.
521 895 760 967 Σκληροὶ
793 895 851 948 δὲ
890 896 1032 950 οὕτω
1074 897 1168 950 καὶ
1207 896 1681 970 ἁφιλοικτίρμονες

125 985 166 1037 οἱ
191 986 539 1055 νενικηκότες,
570 987 646 1051 ὡς
684 987 816 1058 μηδὲ
848 987 948 1058 τῆς
981 988 1218 1057 ἐλεεινῆς
1255 987 1471 1058 ἡλικίας
1515 987 1681 1057 φειδὼ

126 1077 366 1130 ποιεῖσθαί
404 1095 547 1131 τινα.
585 1078 676 1150 Τῷ
707 1079 763 1132 δὲ
797 1081 1058 1149 φάσκοντι
1107 1080 1271 1151 λόγῳ,
1305 1100 1324 1131 ι
1389 1081 1520 1134 Ἰδοὺ
1555 1083 1682 1134 ἐπε-

125 1169 249 1239 γερῶ
275 1170 400 1240 ὑμῖν
425 1173 552 1234 τοὺς
586 1172 825 1241 Μήδους,
865 1190 883 1223 ›
935 1176 1204 1244 μαρτυρεῖ
1245 1173 1404 1245 ήτῆς
1441 1174 1681 1246 ἱστορίας

126 1265 338 1329 ἔκϐασις,
379 1267 736 1338 ἀνάγραπτος
770 1263 904 1320 οὖσα
949 1266 1101 1338 παρὰ
1143 1271 1258 1332 τοῖς
1305 1269 1581 1338 Ἑλλήνων
1612 1268 1681 1322 τὰ

125 1358 374 1411 Χαλδαϊκὰ
416 1359 512 1412 καὶ
549 1358 619 1412 τὰ
659 1359 995 1431 Ἀσσυριακὰ
1037 1359 1536 1432 συγ-γραψαμένοις,
1571 1363 1682 1424 τοίς

125 1464 172 1500 τε
201 1450 260 1502 τά
301 1450 523 1520 Μηδικὰ
569 1450 932 1522 ίστορηκόσιν·
976 1444 1051 1504 ὧν
1096 1453 1190 1504 καὶ
1236 1453 1397 1523 ἡμεῖς
1423 1453 1682 1516 πλείστας

125 1541 462 1613 ἀπλεξάμεθα
485 1544 789 1616 μαρτυρίας
813 1546 869 1596 ἐν
897 1547 1011 1608 τοῖς
1040 1543 1351 1614 πονηθεῖσιν
1378 1547 1510 1615 ἡμῖν
1537 1547 1682 1613 Χρο-

127 1634 291 1701 νικοῖς
312 1638 728 1708 συγγράμμασι.
787 1637 1074 1692 Φαίνονται
1127 1637 1307 1691 τοίνυν
1354 1637 1539 1708 Μῆδος
1581 1637 1680 1708 τὴν

136 1727 406 1798 Ἀσσυρίων
431 1728 756 1793 καθελόντες
783 1730 978 1802 ἀρχήν·
1011 1729 1234 1794 τούτους
1257 1747 1318 1782 τε
1348 1729 1529 1802 Κῦρος
1557 1730 1682 1782 ὑπο-

1783 541 2068 603 argentum
2100 547 2206 588 non
2241 540 2456 596 curant,
2484 543 2582 584 nec
2613 544 2748 585 auro
2770 545 2907 598 opus
2948 529 3170 594 habent,
3197 542 3359 582 arcus

1777 623 2039 694 juvenum
2087 631 2394 679 conterent.
2430 639 2450 673 ι
2500 620 2725 690 Magnus
2767 621 2985 690 quidem
3022 619 3128 674 illis
3177 629 3360 672 tumor

1782 715 1924 770 inest
1969 719 2039 772 ob
2083 717 2374 783 sagittandi
2411 716 2661 785 peritiam
2689 754 2706 779 ,
2757 727 2920 782 quam
2966 722 3139 765 artem
3189 712 3361 780 pluris

1781 809 2024 875 faciunt,
2075 809 2166 864 sed
2227 811 2463 865 inimicis
2521 808 2808 863 inferiores
2869 815 3052 860 erunt.
3111 803 3362 859 Victores

1782 917 1945 971 porro
1976 910 2122 954 tanta
2149 903 2350 956 duritie
2375 915 2429 956 et
2455 902 2796 954 immanitate
2837 908 3034 960 erunt,
3065 906 3123 950 ut
3150 911 3216 950 ne
3241 899 3362 965 qui-

1782 995 1901 1048 dem
1932 1003 2128 1049 tenerae
2151 1004 2205 1048 et
2233 996 2300 1049 ad
2329 994 2764 1048 miscricordiam
2790 992 3026 1046 moventi
3062 990 3207 1044 inlati
3236 1005 3363 1058 par-

1782 1093 1926 1139 cant.
1983 1084 2117 1140 Huic
2167 1096 2358 1140 autem-
2399 1086 2579 1150 dicto,
2651 1103 2670 1136 ι
2701 1085 2839 1139 Ecce
2883 1084 3161 1137 suscitabo
3208 1081 3362 1134 vobis

1781 1176 1989 1240 Medos,
2020 1197 2040 1230 ι
2077 1180 2190 1246 ipse
2219 1179 2459 1232 historiae
2481 1186 2708 1232 eventus
2753 1175 3123 1232 testimonium
3161 1173 3312 1228 addit
3342 1184 3362 1226 :

1781 1284 1902 1338 quae
1932 1271 2153 1324 historia
2175 1271 2314 1340 apud
2341 1268 2580 1332 Graecos,
2613 1270 2703 1338 qui
2724 1267 3038 1332 Chaldaica,
3063 1265 3354 1337 Assyriaca

1781 1369 1838 1414 et
1907 1360 2112 1416 Medica
2187 1362 2526 1431 scripserunt
2592 1360 2915 1430 reperitur:
2959 1375 3190 1429 quorum
3263 1373 3363 1411 nos

1783 1453 1952 1507 multa
1990 1453 2296 1508 testimonia
2331 1452 2648 1523 collegimus
2691 1453 2744 1506 in
2790 1451 3067 1506 Chronicis
3101 1465 3224 1521 quae
3249 1449 3366 1504 edi-

1781 1544 1981 1600 dimus.
2037 1543 2175 1599 Medi
2232 1545 2413 1615 itaque
2461 1545 2806 1616 Assyriorum
2843 1545 3131 1613 imperium
3161 1552 3367 1597 everte-

1785 1647 1912 1690 runt
1939 1653 1952 1691 :
1984 1635 2104 1692 illos
2133 1651 2264 1692 vero
2295 1637 2396 1691 sibi
2439 1636 2669 1704 subjecit
2699 1635 2895 1706 Cyrus,
2932 1634 3142 1705 primus
3169 1632 3364 1688 Persa-

1786 1744 1903 1782 rum
1931 1743 2044 1789 rex.
2082 1729 2175 1798 qui
2217 1727 2526 1784 Judaeorum
2567 1729 2942 1799 captivitatem
2982 1725 3188 1780 dimisit
3219 1742 3233 1778 :
3271 1724 3366 1778 de-

127 1820 264 1886 τξας
289 1823 314 1874 ό
345 1821 576 1892 Περσῶν
604 1822 856 1893 βασιλεὺς
891 1823 1125 1895 πρῶτος,
1162 1825 1190 1877 ό
1229 1823 1323 1877 καὶ
1355 1823 1454 1891 τὴν
1481 1824 1680 1893 αἰχμα-

1792 1818 1968 1889 ditque
2003 1817 2206 1875 Judaeis
2241 1835 2339 1890 pro
2377 1819 2547 1875 lubito
2589 1821 2643 1875 in
2677 1819 2953 1890 regionem
2997 1832 3155 1872 suam
3199 1815 3366 1872 remi-

127 1912 295 1965 λωσίαν
329 1913 439 1966 τῶν
482 1915 754 1968 Ἰουδαίων
786 1915 961 1978 άνείς’
1009 1916 1104 1970 καὶ
1135 1915 1258 1978 δοὺς
1290 1914 1538 1980 ἐξουσίαν
1566 1917 1678 1978 τοῖς

127 2005 338 2059 θέλουσιν
372 2007 553 2060 αὐτῶν
580 2010 658 2072 εἰς
687 2009 785 2079 τὴν
818 2008 1022 2062 οἰκείαν
1057 2008 1336 2063 ἐπανιέναι
1367 2006 1679 2083 χώραν,καί⁵

126 2098 393 2170 ἑνεγείρειν
429 2100 524 2153 τὸν
555 2099 683 2153 ναὸν
710 2099 801 2153 τοῦ
837 2099 989 2155 Θεοῦ.

187 2209 204 2240 ι
232 2191 333 2244 Καὶ
361 2192 518 2245 ἔσται
551 2191 828 2256 Βαϐυλὼν,
849 2192 884 2263 ἡ
925 2191 1168 2246 καλεῖται
1202 2191 1410 2257 ἔνδοξος
1440 2191 1550 2246 άπὸ
1579 2191 1677 2263 βα-

129 2281 292 2346 σιλέως
315 2284 619 2347 Χαλδαίων,
654 2284 712 2337 ὃν
739 2284 938 2357 τρόπον
966 2284 1336 2356 κατέστρεψεν
1368 2287 1398 2338 ὁ
1426 2285 1557 2348 Θεὸς
1583 2284 1680 2338 Σό-

128 2373 242 2444 δομα
295 2375 385 2428 καὶ
445 2375 740 2447 Γόμορρα,
801 2376 863 2429 ού
923 2375 1384 2446 κατοικηθήσεται
1447 2377 1526 2439 εἰς
1588 2375 1678 2430 τὸν

129 2463 284 2518 αίῶνα.
326 2483 345 2518 ι
395 2465 681 2536 Ἀοίκητος
717 2465 774 2518 δὲ
813 2465 908 2518 καὶ
953 2463 1232 2528 παντελῶς
1274 2464 1478 2536 ἔρημος
1509 2464 1678 2518 εἰσέτι

128 2555 207 2608 καὶ
230 2555 315 2609 νῦν
344 2558 540 2627 δρᾶται
571 2559 605 2628 ή
653 2556 910 2610 Βαϐυλών
929 2573 942 2586 ·
991 2555 1268 2629 μάρτυρες
1308 2557 1366 2610 δὲ
1394 2556 1596 2611 τούτων
1627 2557 1679 2611 οἰ

129 2648 179 2699 ἐκ
204 2646 300 2700 τῶν
328 2647 512 2701 τόπων
545 2647 771 2701 ἐκείνων
805 2647 940 2719 πρὸς
977 2648 1126 2719 ἡμᾶς
1165 2647 1566 2720 ἀφικνούμενοι.

186 2754 204 2788 ι
251 2738 365 2791 Οὐδ’
411 2738 476 2791 ού
526 2737 601 2808 μὴ
653 2736 966 2790 εἰσέλθωσιν
1013 2741 1093 2800 εἰς
1124 2738 1293 2810 αὐτὴν
1336 2738 1426 2792 διὰ
1468 2739 1679 2795 πολλῶν

128 2827 316 2894 γενεῶν,
346 2829 455 2882 οὐδ’
485 2829 548 2882 οὐ
593 2828 668 2900 μὴ
711 2827 990 2882 διέλθωσιν
1033 2829 1202 2899 αὐτὴν
1245 2828 1513 2900 ΙἌραϐες,
1559 2829 1679 2883 ούδέ

129 2921 352 2989 ποιμένες
378 2921 442 2974 οὐ
491 2919 566 2991 μὴ
595 2919 1014 2973 ἀναπαύσωνται
1045 2921 1104 2972 ἐν
1137 2920 1298 2990 αὐτῇ.
1344 2940 1361 2972 ι
1401 2919 1558 2974 Οὕτω
1587 2922 1681 2994 δη-

127 3009 389 3082 λουμένων,
418 3014 497 3076 ὡς
523 3007 701 3083 οἶμαι,
734 3011 842 3065 τῶν
872 3013 1003 3082 παρ’
1029 3015 1161 3084 ἡμῖν
1197 3011 1544 3083 καλουμένων
1578 3015 1682 3070 Σα-

130 3104 366 3174 ρακηνῶν,
401 3105 476 3168 οἳ,
506 3105 606 3168 τάς
646 3105 1032 3176 πραγματείας
1077 3105 1424 3177 ποιούμενοι,
1455 3108 1549 3162 καὶ
1592 3109 1679 3162 ἐπ’

1783 1909 1972 1979 grandi
1997 1925 2063 1965 ac
2105 1910 2287 1980 templi
2320 1911 2412 1966 Dei
2439 1910 2785 1966 restaurandi
2811 1907 3149 1964 facultatem.

1858 2177 2019 2232 Vens.
2061 2176 2150 2233 l9.
2196 2194 2215 2228 ι
2245 2175 2310 2229 Et
2361 2174 2466 2230 erit
2515 2173 2782 2244 Babylon,
2835 2187 2957 2242 qua:
2999 2180 3226 2227 vocatur
3254 2169 3368 2241 glo-

1783 2271 1927 2327 riosa
1967 2287 1996 2325 a
2047 2285 2175 2340 rege
2218 2268 2620 2333 Chaldaeorum,
2673 2266 3129 2341 quemadmodum
3169 2263 3369 2320 evertit

1783 2366 1925 2420 Deus
1958 2364 2250 2420 Sodomam
2278 2370 2331 2416 et
2361 2360 2722 2417 Gomorrham
2742 2403 2758 2427 ,
2785 2375 2893 2416 non
2931 2359 3276 2414 habitabitur
3306 2359 3362 2412 iu

1784 2457 2062 2514 saeculum.
2093 2475 2112 2509 ι
2165 2453 2469 2510 lnhabitata
2499 2465 2554 2509 et
2584 2454 2853 2508 hactenus
2891 2453 3105 2507 deserta
3138 2459 3222 2505 est
3260 2446 3368 2502 Ba-

1787 2550 1969 2622 bylon.
2012 2563 2174 2615 quam
2205 2563 2320 2604 rem
2357 2544 2720 2601 testiﬁcantur
2755 2545 2851 2616 qui
2881 2559 2951 2601 ex
2993 2542 3128 2600 locis
3161 2542 3268 2598 illis
3299 2542 3368 2596 ad

1784 2655 1884 2697 nos
1923 2639 2168 2694 veniunt.

1861 2751 1880 2786 ι
1906 2731 2024 2787 Non
2077 2730 2453 2802 ingredientur
2496 2728 2550 2784 in
2587 2742 2706 2783 eam
2754 2741 2850 2799 per
2890 2725 3090 2782 multas
3136 2739 3370 2796 genera-

1785 2823 1985 2886 tiones,
2040 2836 2220 2890 neque
2268 2819 2577 2874 transibunt
2617 2832 2715 2888 per
2760 2830 2882 2872 eam
2918 2813 3158 2878 Arabes,
3193 2828 3370 2881 neque

1785 2930 2032 2990 pastores
2090 2914 2438 2984 requiescant
2496 2912 2552 2967 in
2615 2926 2702 2968 ea.
2750 2930 2770 2966 ι
2835 2909 3000 2977 Queis
3052 2907 3369 2979 significan-

1787 3017 1896 3073 tur,
1934 3017 1992 3061 ut
2020 3005 2264 3067 aestimo,
2311 3005 2371 3069 ii,
2406 3003 2498 3073 qui
2550 3003 2692 3074 apud
2733 3016 2832 3057 nos
2866 3000 3126 3056 Saraceni
3171 3013 3371 3053 vocan-

1789 3111 1896 3164 tur,
1932 3097 2027 3168 qui
2063 3099 2488 3168 negotiationem
2519 3103 2805 3159 exercent,
2849 3101 2907 3150 et
2949 3093 3002 3148 in
3042 3093 3160 3162 ipsa
3187 3091 3369 3162 Baby-

129 3171 273 3265 αὐτῆς
296 3196 613 3259 Βαϐυλῶνος
633 3171 704 3248 τὸ*
719 3171 944 3250 παλαιὸν
965 3171 1431 3266 ἐσκηνοποιοῦντο.
1455 3200 1683 3265 Φευκτὺς

1792 3191 1914 3245 Ione
1964 3189 2094 3245 olim
2157 3189 2390 3243 tentoria
2449 3189 2742 3258 ponebant.
2775 3184 2960 3255 Usque
3005 3185 3142 3238 adeo
3187 3191 3368 3238 autem

127 3283 174 3337 δὲ
196 3284 322 3338 οὕτω
347 3289 438 3340 καὶ
467 3291 584 3351 τοῖς
613 3289 856 3361 όμόροις,
886 3291 978 3342 καὶ
1014 3293 1128 3352 τοῖς
1151 3289 1210 3354 ἐξ
1243 3290 1432 3356 ἔθνους
1471 3293 1686 3364 μακροῦ

131 3379 506 3447 περινοστοῦσιν
554 3381 756 3452 αὐτὴν,
809 3382 885 3446 ὡς
945 3382 1079 3454 μηδὲ
1129 3383 1397 3454 ποιμένας
1451 3386 1578 3448 τοὺς
1629 3383 1689 3450 ἐξ

142 3465 360 3538 Ἀράϐων
391 3471 779 3542 κατανεμῆσαί
817 3489 870 3524 τι
919 3471 1027 3525 τῶν
1070 3473 1214 3526 ἰδίων
1255 3472 1588 3545 θρεμμάτων
1629 3476 1688 3528 ἐν

132 3556 264 3628 αὐτῇ,
293 3559 380 3613 διά
423 3578 507 3614 τοι
541 3561 604 3614 τὸ
651 3561 980 3633 ἠρημῶσθαι
1014 3563 1314 3627 παντελῶς.
1381 3564 1577 3618 ’ἰστέον
1607 3565 1684 3630 δέ,

132 3647 197 3699 ότι
220 3648 280 3701 τὰ
315 3650 650 3722 Σαρακήνῶν
683 3651 832 3723 ἔθνη,
862 3653 958 3705 καὶ
993 3653 1186 3724 μέχρις
1230 3653 1402 3724 αὐτῆς
1433 3654 1689 3726 διήκοντα

134 3737 212 3806 τῆς
248 3737 536 3812 Ἀσσυρίων
576 3741 672 3794 καὶ
703 3742 803 3812 τὴν
853 3742 1111 3796 ἐσωτάτω
1139 3744 1413 3815 νεμόμενα
1458 3744 1685 3816 ἔρημον,

139 3829 346 3900 Ἄραϐας
372 3829 662 3905 ὀνομάζει·
699 3832 916 3903 γείτονα
944 3832 1055 3905 γάρ
1089 3833 1272 3905 ἔχουσι
1301 3834 1401 3906 τὴν
1442 3835 1689 3906 Ἀράϐων

142 3921 311 3993 χώραν·

195 4033 211 4064 ι
238 4016 338 4069 Καὶ
377 4016 786 4071 ἀναπαύσονται
828 4019 946 4071 ἐκεῖ
991 4017 1187 4092 θηρίαο
1239 4019 1332 4073 καὶ
1364 4020 1687 4092 ἐμπλησθή-

139 4115 290 4156 σσνται
317 4105 371 4156 αἰ
401 4105 572 4159 οἰκίαι
599 4107 735 4177 ήχου
754 4124 767 4138 ·
803 4108 895 4160 καὶ
923 4109 1331 4164 ἀναπαύσονται
1363 4113 1477 4164 ἐκεῖ
1510 4111 1690 4184 σειρῆ-

139 4207 226 4256 νες,
255 4197 342 4250 καὶ
363 4196 614 4268 δαιμόνια
645 4201 764 4252 ἐκεῖ
792 4200 1141 4271 ὀρχήσονται,
1179 4204 1272 4255 καὶ¹
1312 4202 1686 4276 όνοκένταυροι

140 4285 233 4338 ἐκεῖ
264 4293 712 4363 κατοικήσουσιν·
755 4293 852 4345 καὶ
899 4296 1379 4366 νοσσοποιήσουσιν
1428 4298 1593 4367 ἐχῖνοι
1629 4299 1688 4351 ἐν

138 4380 227 4442 τοῖς
261 4381 420 4446 οἴκοις
458 4383 661 4448 αὐτῶν,
715 4386 850 4455 ταχὺ
901 4385 1119 4459 ἔρχεται
1153 4389 1248 4441 καὶ
1292 4389 1352 4441 ού
1399 4392 1619 4460 χρονιεῖ.
1661 4409 1681 4442 ι

140 4467 237 4522 Τῶν
270 4473 361 4543 μὲν
387 4471 479 4530 οῦν
508 4478 737 4548 ἡμέρων
765 4479 858 4531 καὶ
889 4478 1125 4548 λογικῶν
1158 4478 1312 4544 ζώων
1346 4479 1551 4552 ἔρημον
1588 4500 1688 4537 κα-

139 4568 375 4636 ταστήσας
423 4569 879 4642 τήνεΒαϐυλῶνα,
924 4573 1077 4628 οὐδὲν
1109 4576 1352 4646 οἰκήσειν
1397 4574 1640 4641 θεσπίζει
1666 4593 1681 4608 ο

141 4654 277 4728 θηρία
305 4661 359 4715 δέ
403 4680 530 4718 τινα
575 4664 750 4734 ἄδηλα
779 4667 912 4736 ἡμῖν
961 4665 1056 4720 καὶ
1105 4667 1378 4736 ἄγνωστα,
1425 4667 1684 4739 δαίμονάς

140 4765 262 4815 τινας
282 4755 370 4808 καὶ
397 4756 688 4826 πνεύματά
711 4774 830 4810 τινα
861 4757 1047 4830 ἀπηνῆ
1069 4759 1162 4812 καὶ
1186 4761 1438 4833 ἀνήμερα
1465 4759 1684 4814 ἔσεσθαι

143 4838 186 4889 ἐν
211 4842 329 4913 αὐτῇ
377 4862 528 4915 φησι.
577 4845 669 4898 Διὸ
718 4845 836 4900 ἀντὶ
875 4847 993 4912 τοῦ,
1045 4867 1063 4899 ι
1091 4848 1274 4920 θηρία,
1299 4867 1319 4902 ι
1348 4869 1366 4900 ι
1389 4850 1552 4904 σείειν
1577 4869 1594 4902 ι
1636 4852 1686 4904 οί

142 4928 287 4986 λοιποὶ
312 4937 640 5008 ἑρμηνευταί
666 4937 994 4993 ἐκδεδώκασι
1013 4957 1027 4970 ⁸
1058 4940 1152 4994 καὶ
1178 4941 1298 4994 ἀντὶ
1319 4941 1432 5007 τοῦ,
1463 4961 1481 4994 ι
1511 4942 1688 5014 σειρῆ-

144 5039 230 5085 νες,
264 5045 280 5075 ι
310 5046 327 5078 ι
367 5029 898 5101 στρουθοκαμήλους,
936 5051 955 5082 ι
981 5033 1236 5103 εἰρήκασι
1255 5050 1269 5063 ·
1303 5034 1397 5086 καὶ
1423 5034 1544 5086 ἀντὶ
1563 5033 1682 5100 τοῦ,

152 5135 164 5158 ι
193 5113 565 5192 ὸνοκένταυροι,
607 5138 627 5171 ι
671 5139 689 5170 ι
731 5120 913 5184 σείειν,
954 5141 972 5172 ι
1012 5121 1346 5196 ἀνέγραψαν,
1378 5124 1513 5195 αὐτῇ
1547 5142 1686 5196 χρη-

149 5203 332 5274 σάμενοι
357 5213 420 5280 τῇ
463 5210 706 5282 Ἐϐραΐδι
749 5215 900 5284 φωνῇ
931 5213 1020 5266 διὰ
1044 5213 1106 5267 τὸ
1140 5214 1335 5286 ἄδηλον
1368 5215 1467 5286 τῆς
1508 5218 1685 5288 ίΞβίουτί·-

148 5296 280 5358 wh;-
307 5299 436 5354 ἀλλὰ
469 5303 566 5355 καὶ
590 5304 728 5367 ἀντὶ,
759 5305 1248 5376 «ἐχίνωνμόμοίως
1261 5309 1309 5360 οἰ
1341 5311 1486 5379 τρεῖς
1513 5310 1688 5380 ἑρμη-

139 5391 315 5484 "laurel,
347 5411 364 5441 ι
397 5395 650 5464 σειρῆνας
669 5435 683 5457 ,
721 5415 740 5446 ι
769 5398 1118 5467 ήρμήνευσαν
1141 5415 1155 5429 °
1206 5399 1348 5471 τάχα
1363 5417 1464 5453 που
1492 5401 1580 5454 διὰ
1627 5401 1690 5454 τὸ

152 5482 383 5551 ἀπατηλὸν
403 5487 510 5539 τῶν
538 5487 794 5541 τοιούτων
817 5488 1122 5560 δαιμόνων.
1150 5491 1303 5544 Ἐπεὶ
1330 5493 1460 5564 παρ’
1497 5493 1689 5564 Ἔλλη-

155 5581 216 5618 σιν
251 5573 504 5642 ἠδύσωνοί
547 5596 691 5642 τινες
724 5574 884 5633 αὗται
914 5581 1008 5636 καὶ
1043 5582 1310 5653 ἀπατηλοὶ
1360 5583 1688 5654 γεγενῆσθαι

156 5667 558 5731 μνημονεύονται.
607 5690 626 5721 ι
674 5671 825 5741 Ταχὺ
870 5671 1104 5744 ἔρχεται,
1154 5674 1250 5728 καὶ
1293 5674 1354 5727 ού
1399 5678 1622 5746 χρονιεῖ.
1664 5697 1683 5729 ι

157 5750 300 5821 Ἅπας
313 5775 372 5827 γε
401 5762 507 5834 μὴν
545 5765 638 5818 καὶ
671 5762 1017 5836 νομιζόμενος
1049 5767 1198 5841 παρά
1231 5767 1536 5839 ἀνθρώποις
1587 5787 1691 5841 μα·

1787 3297 1978 3354 perosa
2014 3289 2135 3336 erat
2164 3291 2274 3336 tum
2309 3282 2508 3336 vicinis
2532 3321 2548 3345 ,
2603 3289 2716 3334 tum
2753 3279 3068 3348 longinquis
3117 3285 3174 3331 et
3214 3291 3371 3346 pere-

1787 3375 2136 3446 grinantibus
2169 3373 2457 3446 gentibus,
2488 3382 2545 3427 ut
2585 3387 2654 3427 ne
2695 3381 2942 3441 pastores
2977 3369 3196 3440 quidem
3231 3367 3371 3422 Ara-

1787 3464 1914 3520 bum
1975 3479 2170 3535 pecora
2229 3477 2328 3520 sua
2388 3463 2499 3517 illic
2546 3459 2802 3532 pascendi
2861 3473 3029 3516 causa
3085 3457 3368 3521 ducerent,

1787 3561 1916 3632 quia
1985 3560 2202 3631 penitus
2260 3559 2474 3614 deserta
2529 3564 2584 3612 et
2636 3553 2839 3610 inculta
2887 3560 3023 3609 erat.
3075 3549 3368 3605 Sciendum

1787 3659 1969 3706 autem
2019 3660 2106 3704 est
2157 3647 2562 3703 Saracenorum
2620 3653 2838 3714 gentes,
2892 3656 3016 3711 qua:
3067 3653 3241 3707 usque
3300 3637 3370 3692 ad

1787 3744 1960 3813 ipsam
1990 3741 2338 3813 Assyriorum
2372 3748 2575 3796 terram
2611 3735 2950 3806 pertingunt,
2999 3742 3167 3802 atque
3220 3731 3368 3786 inte-

1788 3836 1991 3890 riorem
2025 3833 2374 3888 solitudinem
2404 3830 2669 3891 incolunt,
2694 3828 2909 3882 Arabas
2949 3827 3038 3881 hic
3061 3824 3368 3894 nominari;

1786 3941 1913 3983 nam
1941 3925 2183 3980 Arabum
2214 3923 2490 3994 regionem
2533 3921 2826 3976 finitimam
2861 3918 3086 3973 habent.

1858 4019 2026 4076 Vens.
2064 4017 2158 4084 2i,
2197 4015 2290 4070 22.
2356 4014 2467 4068 «Et
2523 4013 2866 4068 accubabunt
2920 4011 2992 4066 ibi
3044 4012 3269 4076 bestiae;
3317 4018 3374 4065 et

1787 4111 2147 4184 replebuntur
2174 4109 2370 4163 domus
2395 4107 2598 4162 sonitu.
2635 4105 2700 4159 Et
2735 4103 3081 4175 requiescent
3123 4103 3196 4158 ibi
3232 4108 3371 4158 sire-

1788 4219 1909 4268 nes,
1971 4213 2028 4257 et
2076 4201 2345 4256 daemonia
2379 4199 2452 4253 ibi
2515 4197 2816 4261 saltabunt,
2867 4193 3221 4250 onocentauri
3261 4193 3374 4249 illic

1787 4294 2162 4352 habitabunt:
2197 4302 2253 4348 et
2287 4291 2644 4346 nidificabunt
2703 4289 2971 4345 heriuacii
3019 4289 3073 4342 in
3122 4287 3374 4342 domibus

1787 4401 1998 4450 eorum,
2045 4385 2154 4441 cito
2203 4383 2400 4449 veniet,
2445 4390 2506 4436 et
2541 4396 2648 4434 non
2706 4379 2962 4434 tardabit.
2993 4397 3012 4430 ι
3077 4377 3370 4446 Postquam

1794 4486 2206 4534 mansuetorum
2249 4483 2303 4529 et
2359 4472 2762 4528 rationabiliutn
2804 4471 3118 4526 animalium
3144 4485 3372 4524 vacuam

1793 4573 2128 4644 Babylonem
2171 4571 2558 4632 constituerat,
2606 4583 2635 4622 a
2685 4566 2833 4620 nullo
2870 4562 3218 4620 habitandam
3253 4577 3375 4618 esse

1793 4664 2157 4728 vaticinatur;
2207 4661 2303 4716 sed
2351 4661 2614 4730 quasdam
2648 4659 2862 4728 ignotas
2896 4658 3055 4712 nobis
3096 4655 3276 4719 feras,
3319 4664 3376 4709 et

1796 4756 2074 4811 dzemones
2101 4752 2370 4824 quosdam
2399 4751 2736 4821 spiritusque
2755 4748 3006 4804 crudeles
3032 4758 3085 4803 et
3109 4749 3376 4802 immanes

1797 4847 1874 4903 ibi
1914 4845 2132 4902 futuros
2164 4860 2285 4901 esse
2309 4843 2406 4898 ait.
2439 4844 2619 4910 Quare
2643 4859 2742 4914 pro
2768 4842 2858 4898 illo
2893 4860 2912 4894 ι
2941 4840 3147 4904 bestim,
3172 4858 3192 4892 ι
3245 4839 3373 4894 reli-

1796 4939 1888 5010 qui
1923 4939 2271 5008 interpretes,
2333 4958 2352 4990 ι
2377 4938 2480 4992 siin
2509 4956 2532 4989 ι
2585 4936 2908 5000 ediderunt;
2941 4942 2996 4990 et
3043 4933 3162 4988 loco
3205 4931 3378 5010 illius,

1797 5050 1817 5085 ι
1840 5033 2070 5098 sirenes,
2097 5050 2117 5083 ι
2150 5049 2168 5084 ι
2193 5029 2701 5094 ειτιιιιιοοιιιηοιοε,ι
2724 5029 3016 5091 dixerunt;
3049 5040 3113 5081 ac
3138 5039 3236 5095 pro
3261 5023 3372 5090 illo,

1809 5143 1828 5175 ι
1854 5123 2226 5185 onocentauri,
2261 5130 2394 5186 any
2433 5121 2577 5186 siim,
2603 5139 2622 5174 ι
2666 5122 2794 5175 item
2843 5118 3183 5188 interpretati
3224 5127 3373 5180 sunt,

1794 5216 1910 5284 ipsa
1943 5214 2024 5270 usi
2062 5212 2330 5270 Hebraica
2366 5226 2520 5276 voce,
2566 5213 2636 5267 ob
2688 5211 3032 5282 significatus
3072 5211 3375 5266 obscurita-

1795 5317 1924 5371 tem,
1960 5310 2070 5362 imo
2102 5307 2269 5360 etiam
2317 5321 2420 5376 pro
2465 5324 2484 5358 ι
2515 5305 2830 5369 herinaciis,
2881 5315 2991 5358 tres
3049 5303 3376 5371 interpretes

1793 5399 2035 5469 pariter,
2095 5416 2114 5449 ι
2147 5399 2355 5452 sirenes
2383 5437 2398 5459 .
2439 5416 2458 5449 ι
2536 5396 2891 5452 reddiderunt
2939 5415 2954 5451 :
3005 5397 3258 5451 fortassis
3305 5397 3377 5452 ob

1796 5492 1983 5546 talium
2011 5491 2316 5545 daemonum
2349 5490 2800 5545 fraudulentiam.
2832 5489 2966 5543 Nam
2993 5491 3133 5560 apud
3156 5491 3378 5547 Gnaeos

1795 5583 2014 5639 Sirenes
2088 5582 2384 5637 dulcisome
2442 5590 2496 5637 et
2550 5579 2773 5637 fallaces
2835 5581 3005 5637 fuisse
3056 5594 3373 5637 narrantur.

1804 5691 1823 5725 ι
1852 5671 1975 5728 Cito
2009 5663 2217 5736 veniet,
2257 5681 2312 5726 et
2345 5685 2452 5726 non
2481 5672 2738 5727 tardabit.
2774 5691 2793 5725 ι
2852 5671 3094 5739 Quodvns
3143 5682 3376 5740 tempus,

1799 5766 2016 5827 etiamsi
2051 5765 2423 5838 longissimum
2462 5765 2604 5838 apud
2651 5765 2902 5825 homines
2955 5779 3076 5822 esse
3129 5773 3373 5834 putetur,
