3862 6210
483 321 580 381 ⁸91

1151 319 1419 377 EIJSEBII
1455 319 1935 380 CESARIENSIS
1972 321 2124 380 OPP.
2158 321 2337 379 PARS
2375 322 2465 380 111.
2502 353 2573 364 -
2609 321 3018 381 EXECETICA.

485 435 860 492 brevissimum
894 445 1073 492 tamen
1116 437 1256 506 apud
1318 436 1485 492 Deum
1521 435 1761 505 iudicem
1806 437 2037 492 habetur

2163 436 2424 508 κρότατος
2443 431 2579 490 εῖναι
2600 436 2788 507 χρόνος
2809 435 3146 508 βραχύτατος
3172 434 3323 507 παρά
3340 433 3421 506 τῷ
3435 433 3745 507 Θεῷκριτῇ

483 527 694 584 Etenim
730 526 876 582 mille
899 527 1028 582 anni
1053 528 1105 582 in
1138 539 1436 598 conspectu
1465 528 1604 598 ejus,
1649 537 1907 598 tanquam
1937 528 2058 584 dies

486 621 742 674 hesterna
781 628 1121 690 reputantur,
1153 628 1208 675 et
1246 631 1502 690 tanquam
1533 614 1777 677 custodia
1798 622 1851 676 in
1876 633 2053 678 nocte.

482 712 733 767 Attamen
789 727 894 766 non
929 722 1053 783 post
1093 712 1292 767 multas
1321 728 1589 767 annorum
1636 713 1891 781 periodos
1920 716 2059 768 vati-

482 802 682 856 cinium
719 803 996 872 impletum
1045 813 1169 860 est:
1202 805 1468 876 siquidem
1523 804 1761 878 Babylon
1805 809 1907 862 sub
1943 807 2055 864 Me-

483 897 671 949 dorum
699 895 925 966 imperio
950 911 1112 966 supra
1155 907 1450 952 memorata
1477 912 1730 968 perpessa
1761 909 1868 954 est.

1048 988 1279 1045 CAPUT
1350 988 1489 1046 XIV.

554 1078 721 1137 Vsus.
765 1081 816 1146 l,
855 1079 913 1134 2.
963 1099 982 1131 ι
1012 1079 1080 1136 Et
1113 1081 1462 1136 miserebitur
1489 1081 1748 1138 Dominus
1772 1081 1962 1150 Jacob,
2001 1095 2057 1140 et

480 1170 643 1241 eliget
691 1173 943 1228 lsraelem
983 1183 1083 1233 εει
1135 1176 1484 1245 requiescent
1530 1177 1582 1230 in
1632 1186 1777 1231 terra
1823 1194 1943 1245 sna,
2003 1187 2059 1234 et

480 1267 683 1319 advena
707 1267 1028 1335 adiungetur
1053 1266 1134 1321 eis
1153 1305 1168 1330 ,
1196 1277 1251 1321 et
1275 1267 1600 1338 adiungetur
1630 1268 1810 1324 domui
1844 1269 2037 1328 Jacob.

483 1355 546 1410 Et
575 1356 842 1424 accipient
863 1373 958 1412 eos
987 1369 1194 1428 gentes,
1222 1367 1278 1413 et
1304 1360 1558 1415 inducent
1587 1360 1638 1414 in
1663 1360 1838 1414 locum
1863 1378 2053 1418 suum:

479 1458 534 1502 et
555 1449 906 1518 possidebunt
933 1461 990 1504 et
1025 1451 1538 1521 multiplicabuntur
1568 1467 1733 1524 super
1758 1464 1958 1509 terram
2001 1456 2054 1512 in

479 1554 666 1595 servos
708 1550 765 1594 et
798 1542 1046 1606 ancillas,
1107 1552 1160 1598 et
1215 1551 1373 1596 erunt
1420 1544 1622 1611 captivi
1681 1547 1774 1615 qui
1815 1549 2059 1616 captivos

477 1642 737 1700 ceperant
765 1648 881 1696 eos,
915 1644 970 1688 et
997 1633 1297 1688 dominatui
1335 1651 1526 1690 eorum
1562 1637 1918 1704 subjicientur
1965 1643 2054 1710 qui

477 1723 810 1780 dominatum
833 1727 1182 1782 obtinuerant
1213 1729 1265 1782 in
1289 1744 1404 1783 eos.
1434 1748 1454 1782 ι
1509 1727 1919 1801 Cousequenter
1953 1735 2054 1804 igi-

479 1825 563 1870 tur
593 1829 712 1886 post
734 1832 818 1884 ea,
843 1835 962 1888 quae
993 1831 1183 1874 contra
1234 1821 1558 1894 Babylonem
1592 1825 1736 1881 dicta
1772 1838 1902 1883 sunt
1922 1869 1938 1894 ,
1968 1832 2052 1886 bis

475 1902 689 1961 Judaici
722 1909 901 1977 populi
935 1926 1000 1964 ex
1031 1911 1249 1966 inimica
1274 1923 1419 1966 terra
1457 1916 1507 1969 in
1537 1915 1835 1972 Jerusalem
1869 1936 2055 1976 rever-

475 1998 702 2062 sionem,
739 2017 861 2070 quae
888 2005 988 2056 sub
1030 2003 1173 2074 Cyro
1212 2007 1464 2076 contigit,
1513 2009 1786 2079 significat
1817 2029 1830 2065 :
1863 2013 2049 2066 decla-

475 2106 602 2146 rans
629 2093 749 2148 fore
784 2105 840 2148 ιιι
873 2095 946 2149 illi
976 2110 1098 2165 post
1139 2099 1371 2152 reditum
1408 2101 1458 2152 iu
1501 2105 1722 2169 regione
1763 2119 1859 2158 sua
1895 2107 2051 2174 quie-

472 2192 649 2248 scant,
683 2193 735 2239 et
762 2187 970 2241 advena
1001 2189 1132 2257 ipsis
1171 2189 1518 2260 adiungatur.
1569 2194 1672 2248 Pro
1713 2194 1803 2250 illo
1845 2207 2048 2263 autem,

475 2292 496 2326 ι
519 2276 748 2343 advena,
778 2297 797 2330 ι
829 2278 1018 2350 reliqui
1049 2284 1394 2349 interpretes,
1437 2304 1456 2337 ι
1483 2287 1792 2358 proselytus
1821 2308 1840 2342 ι
1878 2292 2050 2345 inter-

471 2369 665 2436 pretati
698 2379 842 2426 sunt.
888 2371 982 2428 Sic
1024 2377 1170 2429 enim
1204 2380 1280 2433 ait
1317 2395 1410 2436 eos
1468 2383 1518 2435 iu
1586 2394 1728 2437 terra
1779 2399 1874 2439 sua
1933 2401 2046 2441 rem

461 2473 730 2528 prospere
784 2475 1052 2535 gesturos,
1117 2481 1175 2525 ut
1223 2473 1385 2526 etiam
1426 2473 1745 2546 alienigenae
1806 2478 2046 2548 ipsorum

472 2549 786 2618 religionem
820 2556 1234 2629 amplectantur,
1265 2579 1331 2618 ac
1354 2566 1610 2638 proselyti
1650 2567 1802 2638 ﬁant,
1836 2571 2047 2628 domui-

466 2653 575 2714 que
599 2642 770 2700 Jacob
801 2647 1152 2717 adjiciantur.
1319 2643 1332 2657 ’

536 2904 708 2962 Vsus.
745 2908 800 2970 5.
841 2907 896 2963 ι.
944 2929 962 2961 ι
991 2910 1057 2965 Ει
1087 2914 1193 2967 erit
1241 2913 1292 2968 in
1340 2914 1428 2970 die
1469 2917 1558 2970 illa
1611 2921 1960 2990 requiescere
1993 2935 2045 2982 te

469 2997 638 3054 faciet
674 3001 816 3055 Deus
850 3017 880 3055 a
913 3005 1102 3058 dolore
1132 3016 1224 3070 tuo
1247 3017 1300 3061 et
1333 3009 1400 3062 ab
1430 3010 1509 3062 ira
1543 3021 1630 3064 tua
1651 3052 1665 3076 ,
1699 3023 1755 3066 et
1791 3030 1822 3067 a
1867 3017 2042 3071 servi-

2158 528 2480 597 λελόγισται.
2517 528 2678 582 Χίλια
2710 525 2805 582 οὖν
2843 527 2938 600 ἐτη
2973 526 3203 582 ἐνώπιον
3240 526 3405 580 αὐτοῦ
3436 526 3512 591 ὡς
3553 528 3749 598 ήμέρα

2157 616 2191 684 ἠ
2218 613 2343 684 χθὲς
2365 615 2692 684 λελόγισται,
2715 615 2810 670 καὶ
2838 615 2913 680 ὡς
2940 615 3153 689 φυλακὴ
3180 618 3238 671 ὲν
3263 617 3436 670 νυκτί.
3466 617 3627 671 Ἀλλά
3643 622 3749 672 καὶ

2155 709 2256 761 οὐκ
2291 709 2372 773 είς
2402 710 2645 780 μακροὺς
2686 709 2796 764 τῶν
2827 709 3034 780 χρόνων
3065 708 3297 774 κύκλους
3331 711 3431 782 τῆς
3458 709 3748 776 ἐκϐάσεως

2155 801 2226 852 τὰ
2250 800 2608 855 θεσπισθέντα
2635 800 2813 872 ἔτυχε,
2837 801 2904 855 τά
2937 801 3316 874 προρρηθέντα
3339 801 3617 874 παθούσης
3635 801 3747 873 τῆς

2158 895 2474 961 Βαϐυλῶνος
2505 898 2598 951 ἐπὶ
2631 897 2728 968 τῆς
2762 897 2961 969 Μήδων
2989 897 3182 968 ἀρχῆς.

2688 988 3084 1042 ΚΕΦΑΛΑΙΟΝ
3109 989 3202 1042 1Δ’.

2232 1097 2251 1130 ι
2301 1078 2413 1132 Καὶ
2456 1080 2667 1151 ὲλεήσει
2711 1079 2914 1152 Κύριος
2952 1080 3042 1133 τὸν
3087 1079 3297 1142 Ἰακὼϐ,
3329 1081 3424 1134 καὶ
3457 1082 3746 1150 ἐκλέξετα

2157 1171 2236 1223 ἔτι
2269 1170 2358 1224 τὸν
2404 1172 2640 1243 Ἰσραήλ,
2677 1173 2772 1225 καὶ
2803 1173 3206 1226 ἀναπαύσονται
3253 1173 3342 1226 ὲπὶ
3369 1173 3467 1244 τῆς
3501 1173 3606 1244 γῆς
3640 1174 3747 1228 αὑ-

2154 1263 2284 1327 τῶν,
2317 1263 2411 1318 καὶ
2442 1265 2470 1316 6
2495 1262 2731 1336 γειώρας
2757 1263 3186 1339 προστεθήσεται
3212 1264 3350 1336 πρὸς
3382 1265 3610 1330 αὐτούς’
3646 1267 3747 1319 καὶ

2158 1355 2590 1427 προστεθήσεται
2626 1357 2763 1428 πρὸς
2793 1357 2883 1410 τὸν
2908 1353 3054 1410 οἷκον
3094 1357 3305 1411 Ἰακώϐ.
3337 1358 3446 1411 Καὶ
3474 1357 3745 1428 λήψονται

2157 1443 2353 1507 αὐτοὺς
2377 1443 2525 1510 ἔθνη,
2557 1445 2650 1498 καὶ
2673 1444 2978 1512 είσάξουσιν
3007 1449 3086 1510 είς
3105 1446 3196 1500 τὸν
3225 1447 3387 1500 τόπον
3410 1447 3609 1513 αὐτῶν,
3644 1449 3748 1501 καὶ

2159 1534 2770 1606 κατακληρονομήσουσι
2791 1577 2806 1599 ,
2853 1539 2947 1590 καὶ
2992 1537 3454 1610 πληθυνθήσονται
3497 1541 3590 1592 ἐπὶ
3643 1541 3748 1612 τῆς

2158 1625 2260 1694 γῆς
2288 1625 2366 1687 είς
2398 1624 2617 1689 δούλους
2648 1627 2744 1680 καὶ
2779 1627 2988 1692 δούλας,
3025 1629 3120 1682 καὶ
3153 1628 3362 1682 ἔσονται
3399 1629 3746 1701 αἰχμάλωτοι

2160 1717 2208 1769 oi
2240 1717 2782 1788 αίχμαλωτεύσαντες
2825 1721 3043 1784 αὐτοὺς,
3076 1723 3170 1774 καὶ
3208 1722 3659 1794 κυριευθήσονται
3694 1725 3746 1777 oi

2160 1807 2546 1880 κυριεύσαντες
2585 1809 2802 1874 αὐτούς.
2842 1830 2860 1862 ι
2915 1811 3242 1876 Ἀκολούθως
3278 1813 3456 1866 τοίνυν
3492 1813 3636 1884 μετά
3673 1813 3748 1867 τὰ

2155 1897 2520 1968 προλεχθέντα
2567 1899 2710 1952 κατὰ
2746 1899 2845 1970 τῆς
2873 1899 3223 1964 Βαϐυλῶνος,
3254 1901 3343 1954 διά
3386 1900 3594 1954 τούτων
3639 1899 3746 1972 τὴν

2152 1995 2245 2046 ἐπὶ
2279 1994 2461 2066 Κύρου
2494 1995 2791 2067 γενομένην
2822 1995 3158 2068 ἐπιστροφὴν
3185 1995 3277 2048 τοῦ
3308 1996 3417 2050 τῶν
3459 1995 3744 2050 Ἰουδαίων

2151 2084 2281 2140 λαοῦ
2306 2086 2403 2157 τὴν
2427 2087 2533 2139 ἀπὸ
2556 2088 2654 2157 τῆς
2684 2087 2950 2157 πολεμίας
2975 2089 3068 2143 ἐπὶ
3094 2088 3193 2160 τὴν
3245 2089 3605 2162 Ἰερουσαλὴμ
3641 2107 3746 2161 σηο

2155 2179 2354 2249 μαίνει,
2384 2178 2669 2243 διδάσκων,
2711 2180 2788 2244 ὡς
2831 2181 3232 2236 ἀναπαύσονται
3270 2181 3363 2235 ἐπὶ
3394 2183 3492 2254 τῆς
3522 2183 3744 2238 ἑαυτῶν

2151 2265 2332 2339 χώρας
2358 2268 2740 2332 ἐπανελθόντες
2759 2309 2773 2333 ,
2807 2269 2902 2323 καὶ
2933 2269 3010 2334 ὡς
3052 2270 3080 2322 ὁ
3101 2271 3336 2340 γειώρας
3371 2271 3744 2342 προστεθήσε-

2149 2375 2236 2412 ται
2275 2361 2474 2423 αύτοῖς.
2523 2362 2668 2413 Ἀντὶ
2709 2360 2764 2414 δὲ
2795 2361 2912 2426 τοῦ,
2963 2381 2982 2412 ι
3023 2363 3051 2415 6
3091 2361 3349 2433 γειὼρας,
3405 2381 3422 2414 i
3462 2363 3512 2415 οί
3547 2361 3741 2417 λοιποὶ

2149 2451 2510 2522 έρμηνευταὶ,
2552 2471 2570 2504 ι
2629 2453 2658 2505 6
2708 2455 3044 2526 προσήλυτος
3091 2475 3110 2506 ι
3151 2457 3519 2526 ήρμήνευσαν.
3571 2453 3742 2519 οὕτω

2147 2544 2256 2615 γὰρ
2298 2539 2356 2598 εὖ
2400 2544 2625 2616 πράξειν
2650 2547 2845 2610 αὐτοὺς
2879 2548 2972 2601 ἐπὶ
3017 2547 3117 2616 τῆς
3151 2548 3358 2602 ἑαυτῶν
3396 2549 3498 2618 γῆς
3538 2566 3735 2620 φησιν,

2146 2635 2223 2698 ὡς
2257 2636 2350 2688 καὶ
2387 2635 2714 2705 ἀλλοφύλους
2755 2637 3170 2709 ἀντιποιηθῆναι
3199 2638 3297 2708 τῆς
3340 2638 3517 2693 αὐτῶν
3551 2638 3740 2693 θεοσε-

2147 2727 2319 2791 ϐείας,
2365 2727 2617 2796 γενέσθαι
2659 2746 2718 2782 τε
2761 2729 3165 2802 προσηλύτους,
3219 2732 3314 2784 καὶ
3361 2731 3736 2804 προστεθῆναι

2145 2818 2222 2889 τῷ
2245 2820 2376 2890 οῐκῳ
2416 2818 2628 2874 Ἰακώϐ.

2224 2929 2242 2962 ι
2286 2913 2395 2964 Καὶ
2414 2911 2566 2964 ἔσται
2601 2914 2660 2964 ὲν
2696 2913 2764 2982 τῇ
2801 2912 2986 2983 ἡμέρα
3029 2913 3245 2984 ἐκείνῃ,
3281 2911 3590 2966 ἀναπαύσει
3624 2913 3736 2966 Κύ-

2147 3005 2263 3074 ριός
2303 3021 2362 3057 σε
2396 3004 2506 3057 ἀπὸ
2532 3005 2630 3074 τῆς
2658 3005 2852 3075 ὀδύνης
2887 3005 2980 3058 καὶ
3010 3005 3103 3058 τοῦ
3148 3004 3320 3076 θυμοῦ
3365 3005 3595 3067 σου,καὶ
3632 3007 3735 3076 τῆς

468 3102 579 3148 tute
601 3101 692 3147 tua
721 3095 876 3160 dura,
904 3111 1009 3166 qua
1040 3099 1309 3152 servivisti
1333 3101 1413 3154 eis
1436 3117 1451 3153 :
1474 3114 1527 3157 et
1555 3119 1737 3159 sumes
1764 3105 2037 3172 planctum

2152 3096 2385 3160 δουλείας
2414 3112 2506 3148 σου
2550 3096 2647 3165 τῆς
2701 3095 2943 3166 σκληρᾶς
2961 3136 2975 3160 ,
3003 3092 3072 3167 ἦς
3110 3095 3430 3160 ὲδούλευσας
3455 3137 3471 3160 ,
3502 3097 3696 3162 αὐτοῖς
3716 3115 3728 3128 ·

467 3183 612 3238 hunc
662 3201 826 3255 super
883 3203 1064 3258 regem
1125 3187 1452 3259 Babylonis:
1490 3213 1509 3245 ι
1563 3211 1686 3248 nam
1749 3195 1927 3252 Persa:
1986 3209 2040 3252 et

2152 3191 2239 3242 καὶ
2284 3189 2431 3261 λήψῃ
2475 3189 2566 3242 τὸν
2609 3188 2804 3260 θρῆνον
2850 3187 3038 3242 τοῦτον
3086 3189 3178 3241 ἐπὶ
3225 3188 3447 3258 βασιλέα
3483 3190 3733 3244 Βαϐυλῶ-

465 3269 643 3338 Medi,
707 3273 1056 3346 Assyriorum
1120 3277 1346 3347 imperio
1409 3293 1465 3337 et
1538 3285 1670 3353 ipsis
1731 3287 2045 3358 Babyloniis

464 3360 521 3418 iu
549 3365 869 3421 servitutem
900 3370 1157 3440 redactis,
1189 3390 1283 3430 eos
1312 3392 1422 3431 sua:
1460 3378 1650 3433 ditioni
1689 3381 2039 3452 subegerunt.

537 3541 704 3600 Vsus.
745 3546 862 3602 5-8.
909 3569 928 3602 ι
956 3548 1020 3608 Ει
1047 3551 1196 3608 dices
1223 3555 1276 3607 in
1321 3553 1409 3610 die
1443 3555 1527 3610 illa
1554 3599 1570 3624 ,
1606 3558 1887 3624 Quomodo
1926 3577 2044 3617 ces-

463 3639 605 3692 savit
663 3652 906 3707 exactor,
963 3655 1018 3698 et
1070 3649 1305 3701 cessavit
1355 3649 1721 3706 sollicitator?
1771 3651 2042 3709 Contrivit

467 3727 728 3786 Dominus
767 3732 956 3800 iugum
1012 3750 1405 3805 peccatorum,
1453 3739 1641 3811 iugum
1691 3744 2037 3812 principum,

465 3826 781 3891 percutiens
814 3837 1033 3892 gentem
1087 3830 1192 3894 ira,
1233 3833 1388 3900 plaga
1445 3833 1755 3888 insanabili.
1812 3834 2040 3892 Fericns

460 3921 675 3976 gentem
710 3911 860 3982 plaga
895 3915 1008 3980 iraa,
1051 3933 1155 3970 non
1187 3921 1450 3988 pepercit,
1488 3922 1755 3990 requievit
1782 3924 1871 3992 qui
1899 3940 2038 3979 con-

463 4003 604 4059 lidit.
653 4005 845 4061 Omnis
901 4018 1045 4063 terra
1086 4010 1285 4065 clamat
1325 4028 1450 4067 cum
1508 4015 1717 4070 laetitia.
1771 4019 1838 4072 Et
1890 4019 2034 4089 ligna

459 4095 652 4151 Libani
683 4099 858 4152 laetata
901 4111 1026 4155 sunt
1052 4119 1215 4172 super
1255 4114 1305 4157 te
1329 4145 1344 4170 ,
1377 4115 1430 4158 et
1461 4109 1656 4162 cedrus
1685 4108 1876 4164 Libani
1915 4129 1928 4164 :
1969 4128 2035 4166 ex

457 4205 570 4260 quo
623 4200 678 4245 tu
735 4192 1067 4258 dormivisti,
1127 4211 1232 4251 non
1288 4200 1535 4252 ascendit
1593 4201 1684 4270 qui
1733 4205 2035 4260 succideret

457 4302 577 4344 nos.
607 4307 628 4341 ι
663 4289 820 4344 Cedri
863 4290 1028 4358 igitur
1053 4302 1106 4347 et
1133 4293 1288 4360 pinus
1315 4297 1608 4349 secundum
1643 4296 2030 4368 Symmachum

455 4395 672 4436 rursum
735 4383 1047 4453 allegorice,
1116 4395 1377 4456 tyrannos
1431 4389 1695 4456 quosdam
1762 4394 2031 4462 superbos

451 4475 781 4543 signiﬁcant.
843 4492 872 4531 a
935 4476 1230 4547 Babylonia
1281 4479 1553 4543 obsessos,
1611 4493 1667 4536 et
1727 4501 1756 4537 a
1811 4487 2028 4556 prepria
2063 4508 2106 4563 ο

453 4569 675 4634 regione
705 4573 950 4624 succisos
973 4611 988 4634 ,
1037 4585 1175 4640 quos
1205 4575 1272 4625 de
1307 4574 1550 4640 praedicti
1604 4573 2025 4646 Babyloniorum

453 4659 594 4728 regis
623 4661 777 4716 ruina
809 4663 1047 4731 gaudere
1075 4675 1498 4721 consentanequ
1537 4679 1677 4722 erat.

520 4837 686 4894 Vens.
727 4839 781 4894 9.
821 4858 841 4892 ι
880 4839 1123 4896 lnlernus
1148 4841 1335 4895 subter
1366 4843 1721 4898 exacerbatus
1743 4854 2030 4900 estoccur-

448 4943 576 4985 reus
605 4931 746 4984 tibi:
784 4931 942 4985 simul
972 4931 1192 4986 excitati
1235 4941 1360 4986 sunt
1409 4935 1501 4988 tibi
1547 4948 1736 4988 omnes
1780 4936 2026 5005 gigantes

451 5023 541 5093 qui
574 5032 732 5078 terra:
757 5023 1132 5092 imperarunt,
1172 5026 1262 5093 qui
1326 5027 1637 5079 excitarunt
1692 5041 1759 5080 ex
1810 5028 2020 5082 tbrouis

451 5114 564 5167 suis
595 5127 786 5168 omnes
817 5128 972 5183 reges
1015 5114 1278 5184 gentium.
1320 5132 1340 5166 ι
1373 5113 1480 5171 Nos
1505 5130 1722 5184 quoque
1761 5117 1884 5186 jure
1929 5118 2022 5171 Sa-

449 5216 588 5259 taure
616 5206 880 5270 dicemus,
909 5211 1000 5275 qui
1052 5207 1181 5261 olim
1215 5208 1435 5276 quidem
1495 5209 1560 5262 ab
1610 5208 1700 5262 illo
1749 5209 2017 5264 devastati

2147 3299 2264 3345 νοςο
2324 3300 2342 3332 ι
2399 3281 2606 3352 Πέρσαι
2648 3279 2758 3352 γάρ
2808 3280 2899 3333 καὶ
2949 3280 3142 3350 Μῆδοι,
3183 3281 3364 3341 πᾶσαν
3423 3281 3732 3354 Ἀσσυρίων

2146 3373 2348 3446 ἀρχὴν,
2386 3374 2480 3427 καὶ
2525 3374 2720 3436 αὐτοὺς
2767 3372 2891 3436 τοὺς
2935 3371 3330 3436 Βαϐυλωνίους,
3375 3372 3731 3446 ὑποχειρίους

2143 3464 2418 3526 λαϐόντες,
2447 3466 2512 3534 τῇ
2546 3465 2756 3518 ἑαυτῶν
2782 3463 3052 3528 ὑπέταξαν
3083 3464 3328 3534 δυνάμει.

2219 3573 2238 3604 ι
2279 3553 2385 3606 Καὶ
2419 3555 2561 3623 ἐρεῖς
2587 3555 2644 3606 ὲν
2676 3557 2743 3624 τῇ
2777 3554 2960 3625 ἡμέρα
2987 3554 3171 3627 ἐκείνῃ
3191 3571 3203 3584 ο
3248 3554 3372 3618 Πῶς
3398 3557 3723 3612 αναπέπαυ-

2141 3663 2232 3700 ται
2263 3648 2291 3699 6
2325 3645 2600 3710 ἀπαιτῶν,
2639 3646 2732 3698 καὶ
2772 3645 3152 3700 ἀναπέπαυται
3192 3649 3222 3700 6
3254 3647 3725 3722 ὲπισπουδαστής;

2141 3737 2433 3808 Συνέτριψε
2477 3737 2680 3809 Κύριος
2723 3737 2815 3790 τὸν
2849 3734 3010 3805 ζυγὸν
3054 3737 3162 3790 τῶν
3213 3738 3576 3810 ἁμαρτωλῶν,
3635 3743 3728 3794 τὸν

2141 3828 2302 3896 ζυγὸν
2341 3830 2451 3883 τῶν
2491 3829 2790 3900 ἀρχόντων,
2838 3829 3083 3896 πατάξας
3135 3830 3285 3894 ἔθνος
3331 3831 3486 3902 θυμῷ
3536 3834 3724 3905 πληγῇ

2139 3923 2360 3992 ἀνιάτῳ.
2395 3921 2578 3974 Παίων
2603 3919 2754 3983 ἔθνος
2778 3920 2992 3991 πληγὴν
3028 3919 3223 3992 θυμοῦ,
3256 3923 3289 3992 ἢ
3319 3921 3417 3974 οὐκ
3438 3921 3721 3989 ἐφείσατο,

2139 4013 2484 4066 ἀνεπαύσατο
2523 4011 2820 4076 πεποιθώς.
2860 4012 3016 4064 Πᾶσα
3048 4013 3081 4082 ἠ
3119 4013 3189 4083 γῆ
3239 4011 3338 4084 βοᾷ
3377 4015 3493 4082 μετ’
3529 4015 3725 4087 εὐφρο-

2141 4104 2325 4176 σύνης.
2360 4104 2471 4158 Kai.
2501 4104 2570 4157 τά
2615 4103 2746 4170 ξύλα
2790 4101 2884 4156 τοῦ
2916 4104 3146 4157 Λιϐάνου
3191 4104 3581 4176 εύφράνθησαν
3629 4107 3722 4158 ἐπὶ

2141 4198 2245 4260 σοὶ,
2283 4197 2375 4250 καὶ
2402 4198 2434 4267 ὴ
2468 4196 2656 4268 κέδρος
2688 4195 2782 4248 τοῦ
2816 4195 3048 4249 Λιϐάνου
3068 4213 3082 4226 ο
3123 4197 3216 4266 ἀφ’
3241 4189 3302 4249 οὗ
3349 4197 3413 4249 σὺ
3456 4199 3614 4250 κεκοί
3621 4215 3723 4269 μη-

2137 4305 2246 4349 σαι,
2279 4289 2380 4341 οὐκ
2415 4287 2585 4358 ἀνέϐη
2621 4290 2650 4341 6
2677 4288 2891 4341 κόπτων
2923 4290 3088 4358 ἡμᾶς.
3127 4307 3146 4339 ι
3184 4290 3378 4360 Κέδροι
3413 4294 3598 4344 τοίνυν
3628 4291 3720 4345 καὶ

2136 4379 2346 4442 πίτυες,
2388 4380 2529 4433 κατὰ
2557 4380 2646 4433 τὸν
2690 4380 2982 4452 Σύμμαχον
3021 4381 3182 4434 πάλιν
3227 4382 3606 4454 ἀλληγορικῶς
3634 4402 3720 4438 τυ-

2141 4475 2362 4545 ράννους
2393 4471 2544 4536 τινὰς
2573 4473 2918 4544 ἐπηρμένους
2953 4474 3328 4544 σημαίνουσιν,
3359 4476 3462 4528 ὑπὸ
3483 4476 3589 4545 τῆς
3613 4477 3718 4531 Βα-

2138 4564 2404 4627 ϐυλωνίας
2437 4564 2896 4634 πολιορκηθέντας
2935 4567 3029 4620 καὶ
3053 4567 3152 4637 τῆς
3180 4568 3384 4631 οἰκείας
3416 4569 3718 4621 ἀποκοπέν-

2133 4675 2233 4721 τας
2256 4655 2436 4728 χώρας
2455 4673 2468 4687 ·
2497 4655 2587 4721 οὓς
2629 4657 2777 4721 εἰκὸς
2807 4653 2875 4728 ἦν
2911 4658 3239 4729 ἐπιχαρῆναι
3266 4662 3333 4729 τῇ
3371 4657 3580 4713 πτώσει
3620 4658 3714 4714 τοῦ

2132 4746 2292 4818 δηλου
2300 4747 2481 4817 μένου.

2207 4858 2225 4890 ι
2271 4839 2438 4911 ⁹’ᾼδης
2465 4839 2707 4893 κάτωθεν
2737 4838 3038 4910 ὲπικράνθη
3066 4841 3406 4911 συναντήσας
3429 4857 3549 4894 σοι’
3593 4859 3713 4896 συν-

2128 4928 2439 5000 ηγέρθησάν
2492 4947 2574 4983 σοι
2629 4931 2827 4991 πάντες
2855 4933 2903 4982 οἰ
2950 4929 3204 4998 γίγαντες
3241 4932 3290 4983 οἱ
3324 4932 3589 5001 ἄρξαντες
3616 4935 3710 5005 τῆς

2130 5020 2252 5088 γῆς.
2279 5021 2326 5071 οἱ
2354 5020 2662 5090 ἐγείραντες
2687 5022 2751 5072 ὲκ
2777 5018 2886 5071 τῶν
2917 5019 3123 5090 θρόνων
3157 5019 3335 5074 αὐτῶν
3361 5020 3572 5086 πάντας
3617 5023 3708 5093 βα-

2132 5110 2297 5174 σιλεῖς
2330 5111 2520 5165 ἐθνῶν.
2571 5131 2589 5164 ι
2643 5111 2904 5182 Ἐροῦμεν
2942 5112 3000 5164 δὲ
3039 5113 3131 5167 καὶ
3171 5115 3331 5184 ἡμεῖς
3367 5115 3598 5178 εἰκότως
3633 5116 3707 5186 τῷ

2129 5204 2360 5272 Σατανᾷ,
2403 5204 2453 5256 οἱ
2488 5202 2655 5256 πάλαι
2705 5203 2802 5273 μὲν
2841 5204 2968 5274 παρ’
3001 5203 3212 5256 ἐκείνου
3260 5205 3701 5277 πεπορθημένοι·

447 5311 675 5363 sumus;
709 5298 804 5352 sed
831 5297 1041 5352 lirtnam
1070 5300 1284 5353 demtun
1331 5300 1381 5354 in
1425 5299 1643 5355 Christo
1695 5303 2018 5356 sententiam

2152 5295 2331 5366 δραῖον
2361 5294 2418 5348 δὲ
2445 5294 2632 5347 λοιπὸν
2665 5294 2956 5364 ἐσχηκότες
2996 5297 3054 5347 ὲν
3080 5293 3300 5366 Χριστῷ
3329 5296 3389 5348 τὸ
3425 5299 3703 5370 φρόνημα,

447 5389 783 5452 retinuimus,
815 5400 1164 5460 mentemque
1192 5391 1259 5445 ad
1300 5392 1560 5460 pietatem
1595 5393 1767 5449 solide
1806 5395 2019 5448 radica-

447 5488 578 5538 tam.
609 5493 813 5547 corque
836 5481 1274 5537 lloritlissimum:
1314 5499 1333 5534 ι
1373 5481 1450 5536 Ex
1473 5498 1582 5552 quo
1606 5494 1661 5538 tu
1691 5485 2016 5550 dormivisti,

446 5587 552 5626 non
586 5573 830 5627 ascendit
857 5574 946 5642 qui
975 5576 1280 5630 succideret
1320 5591 1438 5630 nos.
1473 5596 1492 5629 ι

515 5661 678 5717 Vsus.
699 5665 883 5720 ιοοιε.
918 5682 938 5716 ι
959 5667 1160 5722 Omnes
1173 5669 1574 5738 respondebunt
1596 5677 1649 5724 et
1673 5668 1853 5723 dicent
1879 5668 1972 5723 tibi
1995 5687 2010 5724 ι

446 5749 512 5808 Et
543 5763 594 5808 tu
624 5763 813 5822 captus
847 5770 904 5811 es
929 5756 1070 5812 sicut
1099 5765 1153 5812 et
1181 5771 1280 5815 uos
1318 5773 1333 5814 :
1368 5758 1424 5816 in
1466 5757 1620 5817 nobis
1646 5770 1828 5816 autem
1856 5773 2013 5827 repu-

2127 5387 2222 5440 καὶ
2267 5386 2390 5441 νοῦν
2445 5389 2526 5450 είς
2572 5387 2855 5440 εὐσέϐειαν
2898 5387 3116 5457 ἀσφαλῆ
3169 5387 3261 5441 καὶ
3316 5380 3700 5461 ὲρῤιξωμένον,

2126 5480 2221 5532 καὶ
2263 5479 2488 5550 καρδίαν
2521 5479 2919 5550 εὐθαλεστάτην
2938 5497 2951 5510 ο
2988 5498 3007 5530 ι
3031 5479 3146 5550 Ἀφ’
3171 5476 3232 5534 οὗ
3263 5482 3326 5535 σὺ
3350 5482 3698 5553 κεκοίμησαι,

2125 5573 2224 5626 οὐκ
2252 5571 2418 5642 ἀνέϐη
2450 5574 2479 5625 ὁ
2517 5572 2731 5626 κόπτων
2769 5573 2938 5642 ἡμᾶς.
2975 5592 2992 5624 ι

2201 5685 2220 5716 ι
2261 5667 2464 5730 Πάντες
2499 5665 2958 5738 ἀποκριθήσονται
2997 5667 3091 5720 καὶ
3123 5665 3306 5738 ὲροῦσί
3347 5683 3446 5720 σοι’
3482 5666 3592 5720 Καὶ
3635 5665 3699 5719 σὺ

2124 5758 2315 5826 ἑάλως,
2347 5757 2532 5826 ὥσπερ
2559 5759 2650 5813 καὶ
2699 5759 2874 5828 ἡμεῖς·
2921 5761 2976 5814 ὲν
3018 5760 3146 5826 ἡμῖν
3192 5759 3249 5814 δὲ
3292 5757 3690 5824 κατελογξσθῒις.
