3862 6210
158 369 265 423 I93

1123 367 1622 423 COMMENTARIA
1661 367 1728 422 IN
1765 363 2027 425 ISAIAM.
2066 397 2138 411 —
2173 365 2328 423 CAP.
2371 364 2511 420 XIV.

3333 357 3434 412 194

156 490 384 562 Κατέϐη
415 491 496 550 είς
518 489 699 562 ᾁδουή
729 489 857 554 δόξα
887 506 1004 557 σου,
1031 492 1063 562 ὴ
1089 492 1259 565 πολλὴ
1284 492 1590 564 εὐφροσύνη
1625 510 1743 546 σου.

1854 501 1996 546 latus
2046 506 2126 546 es.
2159 491 2444 545 Descendit
2487 489 2539 543 in
2572 485 2842 541 infernum
2878 483 3048 557 gloria
3098 489 3211 546 tua,
3262 481 3430 536 multa

161 585 466 641 ’Υποκάτω
507 603 604 639 σου
646 583 950 655 στρώσουσι
1006 585 1190 656 σῆψιν,
1238 587 1332 640 καὶ
1391 587 1452 640 τὸ
1500 588 1746 642 κατακάο

153 678 354 749 λυμμά
392 695 487 731 σου
523 676 764 748 σκώληξ.
818 676 945 740 Πῶς
993 675 1252 740 ἐξέπεσεν
1296 679 1360 731 ἐκ
1392 677 1485 731 τοῦ
1517 679 1746 750 ούρανοῦ

151 771 181 824 ό
227 768 546 839 Ἐωσφόρος
571 769 602 820 ὁ
636 766 782 839 πρωῒ
815 767 1150 824 ἀνατέλλων;
1172 769 1459 841 συνετρίϐη
1479 770 1614 840 πρὸς
1648 771 1747 842 τὴν

151 862 256 931 γῆν
285 863 318 914 ό
349 860 702 915 ἀποστέλλων
748 859 883 930 πρὸς
941 859 1122 914 πάντα
1169 861 1237 914 τὰ
1277 861 1439 932 ἐθνη;
1479 881 1497 913 ›
1539 863 1602 915 Ol
1649 863 1746 934 μὲν

151 952 244 1004 ἐπὶ
265 953 374 1021 γῆς
398 953 573 1014 ὄντες,
612 951 765 1022 φησὶ,
790 949 856 1003 τά
879 951 1135 1022 ἀνωτέρω
1156 951 1421 1023 εἰρημένα
1458 953 1742 1022 φήσουσιν·

151 1046 279 1099 οίδὲ
309 1045 405 1098 τὸν
442 1043 782 1114 ἀνθρώπινον
814 1044 1221 1110 ἀπαλλάξαντες
1261 1045 1395 1115 βίον,
1427 1046 1516 1100 καὶ
1559 1044 1747 1116 ὥσπερ

152 1137 213 1190 ὲν
232 1138 468 1208 δεσμοῖς
495 1141 610 1201 τοῖς
633 1138 729 1191 τοῦ
761 1138 886 1210 ᾅδου
927 1137 1145 1209 χωρίοις
1175 1139 1615 1207 ἀπολειφθέντες,
1655 1139 1748 1194 καὶ

151 1230 312 1284 αὐτοὶ
353 1233 424 1301 τῇ
466 1230 713 1302 ἀπωλείᾳ
767 1230 930 1284 αὐτοῦ
986 1229 1200 1295 λέξουσι
1241 1230 1311 1284 τὰ
1352 1231 1743 1304 ἐπιφερόμενα.

150 1321 376 1386 Φθάσας
405 1323 464 1375 δὲ
488 1323 614 1386 τοὺς
640 1323 760 1376 ἐκεῖ
783 1324 992 1388 πάντας
1021 1326 1050 1377 ό
1087 1324 1241 1396 ᾅδης,
1279 1326 1372 1378 καλ⁸
1404 1326 1436 1396 ἡ
1464 1324 1748 1394 ἐφεστῶσά

149 1415 276 1477 ταῖς
322 1414 438 1467 τῶν
479 1414 821 1485 τεθνηκότων
861 1416 1057 1486 ψυχαῖς
1110 1416 1359 1487 δύναμις,
1417 1415 1606 1487 ὥσπερ
1662 1433 1747 1480 τις

148 1503 536 1575 δεσμωτηρίου
584 1505 926 1575 τυγχάνουσα
964 1506 1219 1578 φρουρὸς,
1271 1506 1514 1560 κάτωθεν
1548 1509 1612 1560 ἐκ
1639 1507 1748 1560 τῶν

153 1595 453 1648 σκοτεινῶν
488 1595 676 1666 μυχῶν
699 1595 835 1666 μετά
868 1595 1038 1664 θυμοῦ
1059 1598 1152 1650 καὶ
1187 1597 1357 1668 ὀργῆς
1379 1599 1749 1670 ἐπαναστήσε-

149 1683 242 1736 ταί
270 1700 378 1736 σοι.
404 1683 608 1736 Τούτου
631 1685 689 1738 δέ
713 1683 860 1738 ὥσπε
869 1703 899 1757 ρ
919 1685 1180 1757 ἄρχοντος
1204 1686 1310 1739 τῶν
1343 1689 1459 1742 ἐκεῖ
1481 1688 1744 1761 κρατοῦν-

149 1773 368 1837 τοςτοῦ
395 1774 598 1828 οἰκείου
645 1775 1015 1848 διεγερθέντος
1059 1776 1272 1847 θρόνου,
1330 1777 1422 1830 καὶ
1473 1780 1521 1830 οἱ
1568 1777 1746 1833 λοιποὶ¹

1852 581 2036 636 laetitia
2071 591 2181 637 tua.
2212 581 2413 637 Subter
2451 589 2504 634 te
2533 586 2775 634 sternent
2801 576 3024 638 tineam,
3048 584 3103 630 et
3127 574 3433 645 operimen-

1854 682 1966 728 tum
2003 683 2152 727 tuum
2186 671 2410 727 vermis.
2444 668 2725 737 Quomodo
2754 667 2951 723 cecidit
3002 665 3066 720 de
3095 664 3234 720 ccelo
3263 662 3432 718 Luci-

1850 765 1953 833 fer,
1987 766 2076 835 qui
2111 779 2269 820 mane
2304 761 2629 818 oriebatur?
2662 760 2932 816 contritus
2980 771 3064 813 est
3113 759 3177 811 ad
3225 766 3430 812 terram

1849 859 1941 929 qui
1975 858 2224 912 mittebat
2248 857 2314 911 ad
2343 870 2533 911 omnes
2563 853 2792 923 gentes?
2835 871 2852 904 ›
2891 849 2990 918 Qui
3025 851 3078 904 in
3107 859 3248 904 terra
3279 841 3424 913 sunt,

1850 949 2046 1019 inquit,
2085 964 2171 1014 ea,
2202 963 2321 1017 quae
2348 946 2598 1015 superius
2628 945 2768 999 dicta
2797 951 2962 1006 sunt,
2991 941 3304 1011 proferent;
3333 937 3425 1008 qui

1851 1053 2028 1096 autem
2057 1041 2294 1096 humana
2323 1041 2432 1093 vita
2461 1037 2657 1101 functi,
2693 1046 2748 1091 et
2781 1037 2834 1088 in
2868 1035 3002 1089 locis
3041 1030 3238 1086 inferni
3273 1025 3428 1100 quasi

1851 1132 1903 1185 in
1933 1131 2160 1185 vinculis
2190 1130 2524 1194 detinentur,
2559 1127 2658 1197 ipsi
2712 1139 2927 1194 quoque
2959 1137 3123 1192 super
3149 1121 3264 1190 ejus
3315 1119 3432 1175 exi-

1854 1223 1927 1277 tio
1960 1236 2171 1291 eaquae
2198 1219 2547 1289 superaddita
2575 1227 2704 1270 sunt
2744 1213 3190 1286 pronuntiabunt.
3229 1209 3433 1291 Omnes

1852 1329 2013 1384 porro
2045 1311 2156 1366 illic
2193 1319 2474 1366 versantes
2508 1317 2840 1377 praeverteris
2877 1303 3160 1366 infernus,
3213 1315 3427 1355 necnon

1851 1404 2025 1458 virtus
2074 1403 2160 1456 illa
2207 1415 2329 1470 qius
2369 1406 2702 1451 mortuorum
2749 1394 3035 1447 animabus
3063 1399 3292 1462 praeest;
3329 1405 3429 1445 ceu

1850 1495 2097 1564 quaedam
2125 1489 2364 1548 carceris
2397 1497 2582 1543 custos
2613 1502 2679 1541 cx
2722 1483 2845 1539 imis
2883 1483 3292 1552 teuebrosisque
3338 1494 3434 1551 pe-

1853 1585 2152 1638 netralibus
2197 1597 2320 1636 cum
2379 1577 2563 1632 furore
2611 1587 2666 1629 et
2709 1575 2789 1640 ira
2837 1574 3082 1644 insurget
3123 1583 3315 1629 contra
3355 1582 3430 1628 te.

1851 1678 1964 1733 Hoc
1997 1686 2176 1731 autem
2214 1674 2458 1746 principe
2488 1672 2610 1726 istic
2638 1671 2960 1742 imperante,
2995 1685 3060 1724 ex
3104 1667 3304 1723 throno
3332 1682 3432 1723 suo

1848 1771 2136 1831 excitato,
2190 1766 2384 1834 reliqui
2412 1781 2600 1819 omnes
2638 1766 2915 1835 gigantes,
2973 1765 3088 1818 sive
3133 1762 3431 1817 secundum

149 1866 364 1930 πάντες
400 1866 676 1942 γίγαντες,
720 1870 769 1920 οί
811 1867 953 1922 κατά
992 1871 1118 1933 τοὺς
1165 1868 1503 1942 ἐρμηνευτὰς
1557 1889 1575 1922 ι
1626 1871 1747 1926 Ῥα-

1856 1861 2092 1930 reliquos
2129 1859 2456 1927 interpretes
2487 1875 2504 1906 ι
2532 1855 2820 1924 Rapbaim,
2856 1873 2874 1905 ι
2908 1869 3014 1908 una
3049 1860 3429 1908 surrexerunt.

150 1958 325 2030 φαῖμ,
369 1978 390 2010 ι
435 1927 858 2030 συνανέστησαν.
903 1960 1060 2025 Τίνες
1096 1961 1152 2014 δὲ
1195 1954 1362 2026 οὗτοι,
1403 1961 1747 2036 διερμηνεύει

146 2051 337 2120 λέγων
359 2067 374 2081 ·
411 2053 474 2106 Oi
509 2053 768 2124 ἄρχοντες
805 2054 905 2123 τῆς
941 2054 1064 2124 γῆς,
1101 2055 1147 2106 οἱ
1194 2053 1506 2124 ἐγείραντες
1538 2057 1602 2108 ἐκ
1641 2055 1748 2109 τῶν

150 2144 368 2216 θρόνων
396 2144 576 2198 αὐτῶν
609 2146 818 2210 πάντας
855 2145 1087 2216 βασιλεῖς
1134 2146 1324 2209 ἐθνῶν,
1377 2146 1471 2200 καὶ
1512 2147 1580 2200 τὰ
1610 2148 1748 2202 αὐτὰ

148 2237 225 2307 τῷ
281 2239 755 2309 κατηγορουμένῳ
801 2239 1010 2309 βασιλεῖ
1062 2239 1381 2305 Βαϐυλῶνος
1421 2242 1745 2312 πράξαντες.

149 2330 212 2384 οἳ
240 2332 345 2384 καὶ
370 2331 588 2401 γυμνὴν
625 2331 720 2385 καὶ
746 2331 948 2403 ἔρημον
976 2332 1070 2386 τοῦ
1099 2333 1351 2404 σώματος
1371 2336 1468 2408 τὴν
1491 2336 1584 2390 τοῦ
1617 2355 1747 2390 ποτε

149 2418 580 2488 βασιλεύσαντος
632 2421 947 2487 Βαϐυλῶνος
995 2424 1172 2495 ψυχὴν
1194 2426 1429 2498 ὁρῶντες
1489 2431 1748 2498 φήσουσιν

149 2514 294 2583 αὐτῇ
319 2529 336 2542 ·
371 2513 485 2566 Καὶ
519 2512 614 2566 σοῦ
638 2515 902 2585 κρείττων
944 2517 1136 2585 γέγονε
1168 2517 1418 2583 θάνατος,
1449 2521 1526 2585 ὡς
1558 2523 1652 2576 καὶ
1688 2523 1748 2576 σὲ

147 2607 345 2678 ὅμοιον
371 2608 505 2677 ἡμῖν
533 2607 864 2676 ἀπελέγξαι;
916 2610 1085 2664 Οὐδὲν
1133 2611 1244 2682 ἄρα
1278 2607 1345 2683 ἦν
1384 2614 1422 2674 ό,
1459 2614 1600 2686 ὑπὲρ
1645 2616 1748 2686 γῆν

153 2696 290 2766 βίος,
330 2700 427 2753 καὶ
453 2701 482 2752 ὁ
517 2699 746 2764 πλοῦτος
779 2701 874 2754 καὶ
916 2704 948 2772 ή
983 2702 1130 2769 δόξα,
1166 2705 1260 2757 καὶ
1302 2707 1334 2776 ή
1377 2706 1616 2777 τοσαύτη
1660 2707 1750 2760 δυ-

149 2790 421 2843 ναστεία·
466 2789 604 2844 ἀλλά
645 2791 753 2844 τῶν
793 2792 1011 2848 πάντων
1054 2794 1279 2850 ἐκείνων
1324 2796 1497 2866 πέρας
1533 2799 1605 2868 γῆ
1654 2798 1749 2852 καὶ

151 2882 356 2944 σποδὸς
409 2883 730 2950 διαδέξεται,
774 2883 992 2957 σκώληξ
1034 2903 1094 2938 τε
1149 2887 1246 2940 καὶ
1296 2887 1515 2959 σαρκῶν
1562 2889 1774 2961 σῆψις·

159 2972 364 3046 Ἡμεῖς
395 2976 454 3029 δέ
493 2993 554 3029 σε
586 2978 648 3031 οὐ
675 2977 866 3049 θνητὸν
903 2977 1224 3050 ἐνομίζομεν
1244 2996 1258 3010 ·
1311 2979 1662 3052 ἀπατώμενοι
1689 2982 1747 3036 δὲ

147 3072 216 3140 τῇ
247 3069 391 3140 περὶ
421 3071 481 3124 σὲ
504 3070 654 3142 δόξῃ,
684 3069 760 3140 τῷ
788 3072 908 3126 κατ’
937 3072 1166 3143 οὐρανὸν
1211 3073 1580 3146 λαμπροτάτῳ
1629 3094 1745 3146 φω-

150 3164 345 3234 στῆρι,
372 3163 453 3232 τῷ
478 3162 571 3215 τὸν
599 3163 748 3234 ἦλιον
768 3164 1231 3236 προσκαλουμένῳ
1267 3166 1560 3240 Ἑωσφόρῳ
1586 3169 1744 3221 ἀπει-

153 3251 421 3321 κάζομεν.
482 3253 558 3308 Σὺ
607 3253 663 3307 δὲ
719 3253 810 3307 ἐπὶ
868 3254 1051 3320 σαυτῷ
1114 3256 1209 3308 καὶ⁴
1264 3255 1485 3326 μείζονα
1538 3258 1746 3313 τούτων

148 3345 413 3417 ἐφρόνεις
452 3346 719 3418 γαυριῶν,
763 3349 860 3403 καὶ
904 3349 1070 3419 μανία
1099 3349 1311 3421 φρενῶν
1349 3350 1747 3422 ἀλαζονευόμε-

151 3456 262 3501 νος,
301 3438 383 3501 ὡς
428 3439 623 3493 σαυτὸν
677 3438 754 3510 τῷ
795 3440 1004 3512 ὑψίστῳ
1049 3440 1168 3512 Θεῷ
1215 3442 1602 3512 παραϐάλλειν,
1651 3445 1747 3497 καὶ

152 3531 301 3603 ὑπὲρ
327 3531 430 3595 τὰς
460 3532 719 3604 οὐρανίας
753 3533 949 3603 ἀψίδας
978 3535 1069 3588 τὸν
1103 3535 1298 3588 σαυτοῦ
1339 3535 1526 3607 θρόνον
1562 3537 1748 3608 θήσειν

151 3621 554 3690 φαντάζεσθαι.
585 3624 770 3678 Ταῦτα
798 3626 894 3697 μὲν
920 3620 1014 3680 οὖν
1044 3627 1173 3698 περὶ
1199 3626 1290 3680 σού
1325 3629 1506 3698 ἡμεῖς,
1533 3627 1748 3699 θνητοῖς

151 3714 443 3786 λογισμοῖς
468 3716 839 3787 ἀπατώμενοι,
867 3717 1222 3788 διενοούμεθα
1241 3735 1254 3749 ·
1291 3719 1516 3774 τοιαῦτα
1557 3721 1613 3774 δὲ
1655 3723 1749 3775 καὶ

155 3805 222 3856 σὺ
241 3803 347 3856 ἐπὶ
381 3805 564 3875 σαυτῷ
592 3805 802 3877 φρενῶν
829 3808 1083 3863 ἐκστάσει
1117 3809 1385 3884 ἐφρόνεις.
1432 3808 1538 3864 ’Ἢν
1567 3813 1610 3866 δ’
1639 3813 1750 3885 ἄρα

154 3897 249 3949 καὶ
279 3895 382 3949 τοῦ
421 3899 556 3968 ’περὶ
589 3898 649 3950 σὲ
691 3898 876 3962 τέλους
921 3900 1141 3970 ἐλεγχος
1171 3903 1200 3955 ὁ
1231 3902 1420 3974 χρόνος
1449 3903 1571 3958 καθ’
1599 3905 1627 3958 δ
1653 3906 1747 3960 ἑά-

153 3986 296 4054 λως·
339 3989 467 4042 οὐδὲ
510 3994 623 4053 τοῖς
663 3993 869 4054 λοιποῖς
907 3992 1218 4061 ἀνθρώποις
1261 3995 1452 4066 ὁμοίαν
1497 3997 1749 4068 ἐσχηκὼς

156 4081 440 4154 τελευτήν.
468 4083 532 4136 Ol
565 4083 667 4154 μὲν
691 4084 802 4156 γάρ
827 4086 911 4154 ἐφ’
944 4086 1194 4156 ἡσυχίας,
1224 4088 1408 4159 ἠρέμα
1429 4090 1524 4143 καὶ
1557 4089 1748 4161 πράως

157 4175 252 4227 ἐπὶ
277 4177 384 4245 τῆς
417 4175 627 4229 ἑαυτῶν
664 4177 866 4240 ἐστίας,
905 4179 968 4231 τὸ
1012 4179 1172 4250 χρέος
1215 4180 1513 4234 ἀπέδοσαν·
1551 4181 1615 4234 σὺ
1665 4182 1745 4246 δὲ,

155 4269 225 4336 τῇ
264 4266 377 4320 τῶν
453 4266 729 4338 πολεμίοιν
771 4271 1014 4344 μαχαίρᾳ
1063 4272 1163 4342 τὴν
1216 4272 1360 4343 ζωὴν
1402 4275 1745 4346 ἀφαιρεθεὶς,

158 4360 358 4429 νεκρδς
409 4357 615 4426 ἄταφος
675 4362 898 4435 ριφήσῃ,
964 4362 1128 4435 θηρσὶ
1197 4363 1330 4435 βορά
1382 4367 1477 4420 καὶ
1538 4368 1748 4432 οἰωνοῖς

159 4449 504 4518 ἐγκείμενος.
553 4450 702 4513 Ἕως
737 4452 837 4522 μὲν
868 4447 960 4505 οὖν
995 4456 1337 4525 συνειστήκει
1383 4457 1416 4528 ή
1468 4456 1745 4521 Βαϐυλὼν,

1852 1953 2082 2021 Quinam
2123 1967 2253 2005 vero
2285 1949 2340 2004 bi
2393 1958 2576 2008 essent
2622 1949 2855 2019 explicat
2899 1949 3088 2002 dicens
3113 1986 3128 2008 ,
3159 1946 3433 2016 principes

1851 2053 2033 2108 teme,
2066 2042 2157 2113 qui
2189 2058 2252 2096 ex
2289 2040 2500 2096 tltronis
2543 2042 2656 2094 suis
2699 2039 3012 2094 excitarunt
3045 2051 3238 2091 omnes
3277 2051 3433 2106 reges

1849 2137 2088 2208 gentium
2128 2156 2139 2190 :
2174 2136 2265 2204 qui
2303 2134 2453 2200 paria
2484 2145 2546 2186 ac
2586 2131 2675 2185 ille
2705 2147 2828 2186 reus
2867 2130 3159 2201 Babylonis
3187 2144 3278 2182 rex
3307 2144 3432 2196 per-

1848 2237 2152 2297 petrarunt.
2189 2227 2252 2282 Hi
2281 2243 2411 2284 vero
2441 2229 2637 2282 nudam
2667 2236 2723 2281 et
2757 2238 2997 2293 corpore
3047 2221 3240 2275 orbam
3284 2220 3430 2273 illius

1849 2325 1975 2380 olim
2013 2323 2324 2394 Babylonici
2362 2323 2504 2394 regis
2535 2320 2775 2375 animam
2826 2328 3143 2380 cernentes,
3196 2316 3274 2370 sic
3309 2329 3428 2368 eam

1849 2415 2249 2486 compellabunt
2281 2431 2294 2467 :
2329 2414 2577 2468 Etiamne
2604 2420 2657 2467 te
2692 2412 2891 2466 fortior
2924 2424 3072 2464 mors
3100 2407 3220 2471 fuit,
3269 2406 3340 2460 ita
3371 2415 3431 2458 ut

1852 2517 1902 2562 te
1934 2507 2163 2562 similem
2217 2508 2374 2562 nobis
2423 2521 2543 2562 esse
2595 2501 3088 2560 evinceretlmhil
3137 2515 3264 2565 ergo
3311 2511 3428 2553 erat

1851 2608 2066 2654 terrena
2111 2598 2201 2663 illa
2232 2598 2365 2662 vita,
2396 2597 2598 2652 divitiae
2622 2638 2638 2664 ,
2680 2595 2848 2667 gloria
2877 2605 2932 2648 et
2971 2603 3117 2648 tanta
3149 2593 3386 2659 potentia
3412 2608 3425 2642 :

1850 2693 1942 2747 sed
1969 2692 2221 2746 onmibus
2249 2691 2332 2744 his
2366 2691 2488 2746 linis
2517 2691 2620 2745 erit
2661 2700 2805 2745 terra
2835 2699 2890 2743 et
2919 2687 3114 2758 pulvis,
3145 2683 3348 2738 vermis
3375 2691 3430 2738 et

1849 2783 2032 2838 carnis
2061 2784 2309 2852 putredo.
2347 2781 2456 2837 Nos
2483 2797 2612 2836 vero
2638 2790 2692 2834 te
2726 2779 3005 2833 mortalem
3037 2777 3260 2832 minime
3304 2789 3428 2831 esse

1849 2873 2172 2945 putabamus
2206 2892 2220 2928 :
2259 2889 2321 2928 ac
2359 2873 2531 2943 gloria
2585 2884 2638 2926 te
2669 2871 3040 2926 circumdante
3092 2868 3304 2940 decepti
3330 2907 3347 2934 ,
3375 2875 3430 2921 te

1861 2967 2298 3036 Splendidissimo
2329 2965 2536 3020 corlesti
2591 2964 2882 3028 luminari,
2937 2962 3214 3031 solemque
3259 2959 3429 3014 advo-

1848 3059 1990 3112 canti
2021 3057 2270 3113 Lucifero
2293 3059 2760 3125 comparabamus.
2798 3055 2877 3108 Tu
2913 3069 3042 3107 vero
3074 3063 3124 3108 te
3156 3052 3315 3106 etiam
3347 3052 3432 3105 his

1849 3149 2108 3220 majorem
2163 3149 2539 3216 arbitrabaris,
2563 3148 2852 3203 lasciviens
2878 3163 2944 3202 ac
2984 3146 3181 3202 mentis
3219 3145 3427 3200 insania

1853 3245 1926 3298 ita
1956 3243 2301 3312 superbiens,
2330 3252 2386 3296 ut
2424 3251 2474 3296 te
2505 3241 2770 3295 altissimo
2812 3238 2922 3294 Deo
2956 3237 3254 3298 c0nferres,
3291 3251 3351 3291 ac
3379 3246 3430 3289 te

1854 3337 2105 3391 thronum
2141 3345 2292 3389 tuum
2328 3349 2490 3403 supra
2547 3333 2795 3388 cmlestes
2842 3330 3080 3385 fornices
3121 3329 3427 3389 positurum

1849 3443 1970 3483 esse
2002 3427 2304 3498 iactitares.
2338 3426 2462 3481 llaec
2491 3426 2654 3496 igitur
2689 3439 2784 3478 nos
2831 3423 3153 3477 mortalibus
3203 3419 3429 3474 ratioci-

1853 3521 1958 3574 niis
1985 3519 2216 3589 decepti,
2266 3519 2331 3574 de
2362 3530 2413 3572 te
2439 3518 2801 3588 cogitavimus
2835 3531 2850 3568 :
2886 3513 3011 3568 talia
3050 3523 3105 3567 et
3136 3522 3189 3566 tu
3247 3523 3431 3567 mente

1851 3621 2045 3682 captus
2078 3613 2144 3667 de
2175 3621 2227 3666 te
2257 3611 2374 3679 ipso
2402 3611 2698 3666 sentiebas.
2738 3608 2808 3663 At
2855 3606 2937 3661 vel
2986 3604 3160 3658 solum
3217 3613 3430 3670 tempus

1811 3770 1814 3773 _
1850 3718 1958 3774 quo
1981 3713 2171 3772 captus
2197 3711 2251 3757 et
2279 3703 2452 3756 victus
2479 3717 2536 3756 es
2561 3744 2576 3768 ,
2625 3699 2970 3754 manifestum
3013 3705 3132 3751 erat
3180 3695 3302 3751 linis
3351 3695 3428 3750 tui

1845 3808 2230 3870 argumentum
2269 3815 2283 3852 :
2322 3813 2496 3868 neque
2525 3796 2758 3851 similem
2793 3795 2912 3850 aliis
2941 3792 3251 3849 hominibus
3284 3807 3432 3845 mor-

1853 3901 1958 3946 tem
1994 3904 2053 3946 es
2099 3897 2439 3945 consecutus.
2491 3889 2567 3943 Illi
2608 3889 2806 3958 quippe
2844 3886 3047 3942 sensim
3073 3925 3088 3952 ,
3155 3884 3341 3954 quiete
3374 3890 3431 3938 et

1850 3982 1992 4037 domi
2023 3983 2265 4037 debitum
2298 3983 2626 4047 solverunt;
2661 3993 2717 4034 tu
2745 3995 2873 4034 vero
2922 3980 3267 4034 inimicorum
3316 3975 3431 4048 gla-

1849 4080 1941 4135 dio
1972 4081 2080 4134 vita
2113 4054 2376 4150 privatus,
2415 4077 2716 4146 insepultus
2743 4076 3083 4147 projicieris,
3114 4083 3170 4129 et
3216 4073 3329 4128 eris
3372 4071 3427 4127 in

1849 4188 2034 4228 escam
2071 4172 2266 4228 bestiis
2295 4181 2351 4226 et
2384 4170 2717 4226 volucribus.
2749 4169 2998 4236 Quandiu
3047 4167 3214 4238 igitur
3252 4166 3431 4236 Baby-

1849 4266 1938 4320 lon
1969 4275 2245 4334 superstes
2283 4264 2401 4327 fuit,
2451 4279 2516 4318 ac
2565 4263 2838 4332 principes
2889 4261 3011 4330 ejus
3061 4276 3282 4331 regnum
3317 4275 3434 4313 ina-

1848 4376 2120 4432 guamque
2143 4359 2408 4415 ditionem
2440 4367 2495 4412 et
2522 4359 2821 4426 potentiam
2846 4355 3199 4418 obtinebant;
3233 4353 3429 4418 virtus.

1849 4467 1971 4522 qua:
1997 4452 2127 4522 ipsis
2150 4448 2406 4520 praefecta
2429 4457 2572 4512 erat,
2605 4463 2797 4516 inagna
2829 4447 3056 4502 fortasse
3080 4443 3426 4514 perficiebat:

163 4538 439 4607 βασίλειόν
467 4557 529 4592 τε
561 4535 631 4612 ἢν
669 4542 764 4594 καὶ
790 4541 1079 4622 δυναστεία
1127 4545 1337 4617 μεγάλη
1370 4547 1479 4601 τῶν
1519 4549 1747 4603 αὐτόθεν

1851 4545 1940 4599 ubi
1972 4553 2153 4598 autem
2179 4545 2358 4614 gentis
2392 4542 2535 4596 illius
2561 4558 2785 4614 regnum
2839 4541 3076 4596 deletum
3121 4548 3224 4603 est,
3278 4536 3430 4607 prin-

160 4634 544 4704 κρατούντων·
579 4634 722 4704 τάχα
760 4652 864 4688 που
907 4637 1002 4689 κα1¹
1034 4637 1068 4707 ἡ
1117 4637 1480 4694 ἐπιστατοῦσα
1522 4639 1748 4712 δύναμις

159 4727 349 4788 αὐτοῖς
379 4725 451 4778 τά
482 4726 695 4796 μεγάλα
727 4728 1094 4802 συνέπραττεν
1115 4747 1129 4764 ·
1179 4732 1300 4786 ἐπεὶ
1329 4732 1386 4786 δὲ
1420 4733 1684 4803 ἠφάνιστο
1711 4738 1745 4808 ἡ

163 4816 417 4886 βασιλεία
445 4817 543 4871 τοῦ
575 4818 782 4885 ἔθνους,
825 4822 920 4875 καὶ
943 4823 972 4875 ὁ
1011 4822 1254 4890 ἐφεστὼς
1311 4824 1494 4889 αὐτοῖς
1541 4826 1746 4897 ἄρχων,

159 4908 409 4981 ὡσπερεὶ
439 4908 735 4983 πληρώσας
759 4913 886 4975 τοὺς
906 4914 1102 4967 ἑαυτοῦ
1134 4915 1380 4987 χρόνους,
1406 4917 1487 4979 εἰς
1518 4917 1610 4972 τὸν
1639 4917 1748 4972 τῶν

168 5003 377 5072 ὁμοίων
435 5003 588 5073 αὺτῷ
621 5004 796 5076 χῶρον
832 4992 1300 5078 παρελαμϐάνετο,
1332 5010 1390 5063 ἐν
1411 5001 1456 5077 ᾧ
1483 5011 1748 5084 συνήντη-
1783 5053 1791 5066 .

164 5110 266 5148 σαν
282 5095 438 5166 αὐτῷ
455 5096 658 5161 πάντες
676 5098 726 5150 οἱ
761 5098 1000 5171 Ῥαφαῖμ
1029 5100 1372 5173 καλούμενοι,
1408 5101 1441 5173 ἢ
1475 5105 1526 5156 o't
1558 5104 1750 5173 γίγαν-

163 5201 287 5250 τες·
322 5181 473 5242 οὗτοι
497 5188 554 5242 δὲ
588 5188 682 5243 καὶ
714 5189 866 5243 αὐτοὶ
901 5190 1159 5263 δυνάμεις
1204 5193 1310 5246 εἰσί
1349 5210 1512 5259 τινες,
1556 5197 1634 5260 αἶ,
1672 5195 1749 5259 ὡς

166 5281 332 5344 εἰκὸς,
359 5276 506 5352 ἦσαν
537 5283 736 5353 ἐτέρων
773 5281 944 5336 ἐθνῶν
977 5285 1118 5339 κατὰ
1161 5286 1386 5358 χρόνους
1433 5288 1532 5341 οὐκ
1574 5287 1749 5359 ὀρθῶς

166 5373 534 5444 ἡγησάμεναι.
557 5375 703 5445 Μήτι
724 5371 820 5429 οὖν
849 5378 1013 5442 αὐτὸς
1060 5371 1216 5442 οὗτος
1244 5381 1272 5432 ὁ
1295 5378 1396 5449 τῆς
1433 5379 1749 5443 Βαϐυλῶνος

167 5460 349 5531 ἄρχων
379 5463 514 5515 ποτε
537 5464 796 5530 γεγονὼς,
821 5465 919 5538 τὴν
941 5466 1136 5520 ἑαυτοῦ
1166 5470 1270 5539 γῆν
1289 5468 1580 5542 διέφθειρε,
1615 5470 1750 5534 Θεὸς

168 5553 292 5623 παρ’
321 5554 510 5616 αὐτοῖς
522 5553 895 5626 νομιζόμενος,
938 5557 1081 5612 οὕτω
1098 5559 1155 5612 δὲ
1175 5560 1269 5613 καὶ
1293 5561 1384 5613 τὸν
1397 5561 1592 5616 ἑαυτοῦ
1620 5561 1748 5616 λαὸν

169 5644 480 5706 ἀπέκτεινε.
511 5646 609 5700 καὶ
637 5648 764 5711 τοὺς
793 5649 985 5704 ἐαυτοῦ
1030 5653 1182 5717 υἱοὺς
1223 5657 1404 5724 σφαγῇ
1437 5654 1748 5728 παραδέδω-

170 5750 281 5795 κεν,
317 5735 399 5798 είς
416 5735 699 5790 ἀπώλειαν
733 5740 845 5803 τοῖς
879 5737 966 5793 ὑπ’
995 5741 1162 5796 αὑτοῦ
1190 5743 1534 5815 ἀρχομένοις,
1565 5745 1656 5800 διὰ
1685 5745 1748 5801 τὸ

171 5825 488 5900 νομισθῆναι
533 5828 666 5900 παρ’
708 5829 894 5897 αὐτοῖς
935 5831 1066 5897 Θεὸς
1108 5829 1244 5889 εἶναι
1274 5835 1541 5904 γεγονώς;
1591 5837 1653 5891 El
1701 5838 1746 5892 δ’

1850 4652 1979 4707 ceps
2004 4651 2218 4706 quoque
2243 4637 2375 4706 ipsis
2401 4636 2693 4708 praefectus
2714 4675 2729 4698 ,
2754 4644 2942 4704 utpote
2968 4631 3079 4700 jam
3113 4646 3210 4687 suo
3243 4629 3428 4699 elapso

1853 4739 2093 4799 tempore
2119 4770 2136 4794 ,
2167 4730 2220 4785 in
2248 4731 2348 4786 sibi
2385 4730 2644 4786 similium
2683 4730 2857 4783 locum
2903 4736 3152 4794 receptus
3185 4733 3301 4790 est,
3337 4723 3427 4777 ubi

1850 4833 2206 4878 occurrerunt
2255 4823 2354 4893 ipsi
2401 4837 2592 4879 omnes
2661 4821 2753 4890 qui
2809 4828 3074 4874 vocantur
3132 4814 3426 4886 Raphaitn,

1849 4913 1968 4968 sive
2035 4915 2325 4984 gigantes:
2361 4917 2419 4970 bi
2469 4916 2634 4971 etiam
2685 4913 2919 4967 virtutes
2987 4911 3234 4979 quaedam
3299 4914 3426 4960 sunt

1850 5022 2006 5076 quae,
2038 5016 2094 5061 ut
2119 5008 2342 5063 credere
2372 5018 2496 5075 est,
2528 5008 2650 5063 aliis
2673 5007 2956 5078 gentibus,
2985 5014 3136 5060 certo
3167 4999 3430 5069 temporis

1850 5096 2032 5164 spatio
2063 5113 2169 5151 non
2202 5106 2348 5168 recte
2387 5097 2740 5168 praefuerant.
2774 5094 2913 5149 Num
2959 5094 3121 5165 igitur
3157 5091 3244 5145 hic
3287 5089 3425 5160 ipse,

1850 5191 1980 5244 olim
2034 5187 2328 5260 Babylonis
2389 5192 2642 5262 princeps
2698 5199 2901 5244 terram
2940 5190 3113 5255 isuam
3163 5181 3427 5250 corrupit,

1849 5281 1994 5336 Deus
2027 5296 2196 5350 penes
2222 5283 2346 5338 illos
2374 5283 2600 5352 populos
2629 5282 3002 5345 existimatus,
3031 5286 3194 5345 atque
3222 5276 3296 5331 ita
3319 5288 3430 5342 po-

1849 5374 2033 5442 pulum
2055 5389 2210 5428 suum
2227 5375 2448 5440 occidit,
2471 5390 2536 5430 ac
2559 5374 2698 5429 filios
2713 5389 2841 5429 suos
2859 5371 2974 5426 neci
2996 5368 3248 5434 tradidit;
3269 5377 3429 5436 atque

1852 5469 1904 5523 in
1936 5468 2233 5538 perniciem
2267 5470 2483 5524 subdito
2518 5468 2618 5524 sibi
2649 5468 2847 5539 populo
2877 5468 2995 5533 fuit,
3027 5465 3153 5536 quia
3192 5463 3260 5517 ab
3295 5459 3428 5532 ipsis

1850 5567 1909 5612 ut.
1931 5557 2073 5612 Deus
2096 5558 2312 5612 habitus
2343 5559 2523 5613 fuerat
2539 5559 2743 5625 ?'Quod
2765 5558 2808 5613 si
2848 5558 2962 5612 haec
2985 5557 3056 5611 ita
3083 5571 3140 5611 se
3164 5553 3426 5616 habeant,

1851 5659 2024 5705 restat
2048 5659 2102 5704 ut
2143 5659 2313 5704 totam
2349 5651 2650 5722 prophetiae
2675 5652 3018 5713 sententiam,
3051 5664 3172 5720 qum
3211 5648 3276 5702 de
3321 5646 3424 5700 Ba-

1850 5742 2065 5814 bylonis
2113 5756 2238 5814 rege
2266 5743 2477 5812 prolata
2507 5753 2631 5809 est,
2669 5745 2723 5799 in
2756 5743 2901 5799 illam
2935 5741 3194 5797 virtutem
3220 5739 3394 5794 refers

1852 5851 1973 5894 mus
2010 5853 2022 5890 :
2055 5851 2176 5908 quae
2233 5837 2360 5909 quia
2417 5836 2509 5896 Dei
2564 5837 2792 5912 gloriam
2835 5837 2978 5911 apud
3014 5837 3115 5895 sibi
3155 5833 3431 5908 subditum
