3862 6210
441 319 564 376 ’195

1127 311 1397 372 EUSEBII
1437 307 1915 370 CESARIENSIS
1953 307 2105 366 OPP.
2145 305 2327 364 PARS
2364 304 2454 360 lll.
2493 334 2565 350 —
2602 301 3017 362 EXEGETICA.

3629 303 3729 361 I96

455 431 713 504 populum
749 438 934 494 nacta,
965 428 1136 484 altum
1171 428 1457 499 sapiebat,
1503 426 1626 496 jure
1671 424 1918 497 arguitur
1956 423 2032 479 hi1

2143 421 2256 493 ἔχει
2281 420 2456 475 ταῦτα
2492 419 2688 484 οὕτως,
2730 419 2848 493 ὥρα
2883 420 2979 476 καὶ
3015 419 3195 474 πάντα
3234 418 3325 474 τὸν
3366 419 3466 492 τῆς
3511 433 3728 492 προφηο

456 525 756 595 Scriptura:
781 523 963 578 verbis
989 539 1005 576 :

2137 513 2286 578 τείας
2313 513 2490 583 λόγον,
2519 511 2612 566 τὸν
2639 513 2768 584 περὶ
2798 511 2892 565 τοῦ
2917 509 3178 582 βασιλέως
3210 511 3526 576 Βαϐυλῶνος
3562 526 3730 583 προσο

452 619 831 692 ενηνεγμὲνον,
887 618 968 681 είς
1005 615 1219 688 ἐκείνην
1256 613 1548 685 ἀναφέρειν
1593 613 1693 685 τὴν
1740 610 1970 682 δύναμιν
1997 627 2011 641 ·
2034 610 2179 681 ήτις,
2215 608 2421 679 ἐπειδὴ,
2452 605 2588 661 Θεοῦ
2621 606 2779 672 δόξαν
2853 606 3004 679 παρὰ
3057 610 3170 670 τοῖς
3230 605 3551 677 ἀρχομένοις
3593 621 3728 677 κτη-

455 711 665 782 σαμένη
718 711 859 782 μέγα
902 709 1220 780 ὲφρόνησεν,
1263 706 1489 771 εἰκότως
1535 702 1896 773 ἀπελέγχεται
1928 701 2033 756 ὑπὸ
2047 699 2141 754 τοῦ
2180 699 2484 769 φάσκοντος
2511 695 2670 766 λόγου
2692 713 2710 730 ο
3333 725 3338 733 ..

458 827 470 840 -
527 806 688 861 Vens.
707 804 892 866 13,14.
918 803 1028 858 «Tu
1049 811 1228 856 autem
1249 802 1432 856 dixisti
1455 803 1507 853 in
1526 808 1705 853 meme
1723 808 1832 864 tua,
1851 800 1904 855 il:
1921 812 2036 854 cm-

454 897 563 952 lum
594 896 902 961 ascendam,
922 904 973 950 et
1008 909 1170 963 supra
1195 893 1378 949 stellas
1399 892 1522 947 caeli
1552 905 1750 960 ponam
1781 891 2034 945 thronum

454 1003 634 1042 meum
665 1002 683 1042 :
725 996 780 1041 et
807 985 998 1040 similis
1031 999 1128 1039 ero
1157 984 1476 1049 Altissimo;
1523 1003 1542 1035 ι
1584 995 1638 1040 et
1665 995 1861 1039 caetera
1894 999 2035 1052 quo-

452 1093 559 1149 que
584 1079 710 1134 huic
744 1078 1136 1148 interpretandi
1167 1075 1361 1129 rationi
1393 1071 1706 1143 aptaveris;
1746 1085 2035 1145 postquam

454 1171 509 1227 in
533 1169 695 1224 obvio
722 1184 913 1232 sensu,
945 1183 1066 1238 quae
1096 1169 1148 1222 in
1190 1167 1476 1237 prophetia
1520 1167 1834 1222 indicantur
1862 1166 2037 1222 sensi-

453 1260 549 1318 bili
580 1261 693 1332 regi
725 1260 1105 1331 applicaveris.

553 1441 718 1497 Vnus.
762 1442 973 1506 24,25.
1029 1461 1047 1495 ι
1105 1440 1234 1498 Haec
1267 1440 1400 1496 dicit
1451 1440 1713 1496 Dominus
1767 1439 2032 1503 Sabaoth,

455 1534 926 1601 Quemadmodum
973 1533 1120 1600 dixi,
1172 1535 1244 1588 ita
1285 1534 1392 1589 erit
1422 1549 1438 1586 :
1473 1542 1527 1589 et
1576 1531 2034 1602 quemadmodum

455 1625 795 1691 deliberavi,
851 1626 924 1679 ita
975 1625 1213 1679 manebit
1246 1641 1261 1677 :
1293 1635 1353 1678 ut
1403 1625 1620 1695 perdam
1664 1623 1924 1694 Assyrios
1981 1621 2035 1676 in

457 1729 601 1774 terra
631 1733 746 1773 mea
777 1727 834 1772 et
861 1719 911 1772 in
942 1718 1218 1774 montibus
1251 1719 1410 1775 meis.
1446 1718 1514 1772 Et
1543 1727 1706 1772 erunt
1735 1718 1787 1771 in
1819 1715 2038 1771 concul-

461 1814 765 1879 cationem,
795 1821 851 1867 et
890 1811 1170 1867 auferetur
1208 1812 1276 1865 ab
1321 1813 1400 1866 eis
1431 1809 1618 1881 jugum
1666 1809 1930 1880 ipsorum,
1982 1819 2038 1864 et

455 1903 625 1981 gloria
655 1917 843 1978 eorum
871 1903 940 1955 ab
968 1901 1211 1955 humeris
1237 1901 1474 1970 ipsorum
1506 1891 1798 1957 auferetur.
1840 1921 1857 1954 ι
1899 1901 2035 1957 Cum

461 1973 615 2061 dicit,
652 2010 673 2046 ι
707 1973 779 2048 Ut
812 1991 1032 2062 perdam
1056 1994 1311 2062 Assyrios
1329 1993 1380 2046 in
1409 2001 1550 2046 terra
1572 2009 1688 2047 mea
1717 1995 1844 2062 etjin
1877 2011 2028 2050 mon-

2217 814 2236 846 ι
2265 795 2336 848 Σὺ
2365 794 2422 847 δὲ
2454 788 2615 856 εἶπας
2645 792 2705 846 ὲν
2733 794 2801 863 τῇ
2838 791 3048 864 διανοίᾳ
3085 807 3178 845 σου
3199 807 3213 822 ·
3250 791 3348 854 Εἰς
3377 790 3468 844 τὸν
3498 789 3730 862 οὐρανὸν

2138 886 2502 958 ἀναϐήσομαι,
2557 886 2652 939 καὶ
2697 887 2882 939 ἐπάνω
2935 883 3044 937 τῶν
3096 885 3312 955 ἄστρων
3357 883 3453 938 τοῦ
3495 880 3729 955 ούρανοῦ

2139 979 2288 1053 θήσω
2327 977 2418 1032 τὸν
2467 979 2654 1051 θρόνον
2687 994 2809 1050 μου,
2849 977 2944 1031 καὶ
2977 977 3170 1048 ἔσομαι
3202 978 3388 1048 ὅμοιος
3432 976 3513 1047 τῷ
3568 976 3729 1045 Ὑψί-

2141 1085 2280 1140 στῳο
2325 1088 2344 1121 ι
2392 1067 2489 1123 καὶ
2521 1068 2589 1122 τά
2608 1067 2772 1122 λοιπά
2804 1068 2861 1122 δὲ
2895 1068 3044 1138 αὐτῷ
3069 1069 3400 1140 ὲφαρμόσεις
3421 1068 3498 1139 τῷ
3533 1069 3730 1122 ἀποδο-

2139 1162 2283 1216 θέντι
2320 1161 2484 1234 λόγῳ,
2519 1162 2658 1234 μετά
2704 1162 2799 1217 τοῦ
2839 1162 2934 1217 καὶ
2974 1161 3052 1233 τῷ
3099 1161 3406 1234 προχείρως
3453 1159 3731 1231 νοουμένῳ

2138 1255 2381 1327 αἰσθητῷ
2416 1254 2626 1326 βασιλεῖ
2660 1253 2729 1308 τὰ
2764 1254 2853 1309 διὰ
2911 1252 3010 1326 τῆς
3045 1253 3380 1325 προφητείας
3427 1250 3732 1323 δηλούμενα

2137 1348 2593 1420 προσαρμόττειν.

2215 1458 2234 1490 ε
2275 1437 2415 1494 Τάδε
2444 1440 2593 1508 λέγει
2626 1437 2833 1510 Κύριος
2865 1435 3118 1491 Σαϐαώθ⁶
3153 1438 3250 1492 Ὃν
3275 1437 3475 1510 τρόπον
3509 1436 3731 1508 εἴρηκα,

2137 1531 2310 1597 οὕτως
2351 1532 2537 1587 ἔσται·
2591 1532 2688 1586 καὶ
2746 1529 2806 1584 ὃν
2865 1530 3066 1602 τρόπον
3116 1529 3510 1600 βεϐούλευμαι,
3557 1527 3734 1594 οὕτως

2142 1627 2324 1697 μενεῖο
2365 1622 2460 1677 τοῦ
2513 1621 2775 1677 ἀπολέσαι
2820 1621 2950 1686 τοὺς
2991 1620 3307 1690 Ἀσσυρίους
3350 1619 3442 1672 ἐπὶ
3491 1619 3596 1690 τῆς
3631 1619 3733 1691 γῆς

2137 1716 2237 1786 τῆς
2270 1717 2429 1786 ἐμῆς,
2469 1714 2564 1768 καὶ
2587 1715 2680 1767 ἐπὶ
2715 1712 2823 1766 τῶν
2861 1711 3032 1784 ὀρέων
3077 1728 3197 1783 μου.
3240 1711 3351 1764 Καὶ
3388 1710 3605 1764 ἔσονται
3654 1712 3733 1773 είς

2137 1807 2533 1878 καταπάτημα,
2566 1803 2660 1859 καὶ
2683 1801 3116 1876 ἀφαιρεθήσεται
3153 1803 3249 1856 ἀπ’
3285 1802 3463 1856 αὐτῶν
3504 1803 3533 1855 6
3567 1799 3733 1869 ζυγὸς

2137 1899 2470 1965 αὐτῶνμκαὶ
2515 1897 2576 1951 τὸ
2616 1895 2776 1961 κῦδος
2817 1895 2996 1949 αὐτῶν
3041 1895 3149 1949 ἀπὸ
3185 1893 3294 1947 τῶν
3338 1893 3503 1964 ῶμων
3546 1894 3732 1947 αὐτῶν

2137 1989 2588 2062 ἀφαιρεθήσεται.
2623 2009 2641 2041 ι
2671 1987 2855 2043 Εἰπὼν
2887 2003 2950 2057 γε
2979 1987 3106 2059 μὴν,
3132 2005 3154 2042 ,ι
3205 1984 3495 2039 Ἀπολέσαι
3530 1985 3730 2038 Ἀσσυ-

458 2083 601 2137 tibus
654 2083 821 2148 meis,
862 2101 882 2135 ι
926 2082 1082 2137 docet
1119 2081 1543 2153 Babyloniorum
1613 2085 1928 2155 regionem,
1980 2095 2032 2141 et

2141 2083 2287 2154 ρίους
2313 2082 2405 2135 ἐπὶ
2436 2084 2534 2154 τῆς
2561 2083 2666 2153 γῆς
2692 2081 2791 2152 τῆς
2831 2081 2993 2151 ὲμῆς,
3027 2080 3122 2132 καὶ
3156 2078 3248 2131 ὲπὶ
3273 2077 3380 2130 τῶν
3413 2076 3589 2148 ὀρέων
3620 2077 3730 2130 τῶν

453 2169 571 2238 ejus
597 2180 807 2227 montes
839 2186 942 2226 non
971 2171 1178 2226 alienos
1210 2173 1311 2227 sibi
1346 2187 1467 2228 esse
1500 2189 1515 2226 :
1558 2190 1683 2228 nam
1708 2214 1724 2241 ,
1759 2193 1778 2227 ι
1812 2177 2026 2233 Domini

453 2272 538 2318 est
564 2273 731 2329 terra,
757 2273 809 2319 et
845 2263 1118 2332 plenitudo
1148 2263 1318 2335 ejus.»
1339 2264 1409 2296 "'
1432 2265 1599 2320 Erunt
1625 2281 1776 2338 ergo,
1803 2269 1900 2332 ait,
1926 2269 2030 2324 As-

453 2357 585 2428 syrii
615 2357 666 2411 in
691 2357 1181 2422 conculcatiouem,
1207 2357 1411 2412 subditi
1436 2358 1525 2422 iis,
1559 2360 1652 2429 qui
1684 2375 1780 2415 eos
1807 2375 2032 2430 supera-

457 2448 561 2502 turi
586 2458 737 2504 sunt.
789 2448 1086 2503 Auferetur
1141 2458 1322 2504 autem
1370 2448 1596 2518 jugum,
1651 2454 1794 2521 quod
1849 2463 2033 2509 stante

454 2537 685 2608 imperio
745 2555 868 2605 suo,
921 2540 1153 2595 subditis
1198 2540 1584 2610 imponebaut;
1625 2543 1814 2613 jugum
1885 2554 2033 2601 certe

452 2643 619 2699 grave
651 2644 716 2685 ac
740 2630 933 2685 durum
967 2627 1074 2684 illis
1137 2647 1152 2684 :
1201 2638 1256 2683 et
1303 2629 1473 2700 gloria
1527 2632 1643 2686 sive
1692 2634 1857 2687 decus
1902 2632 2031 2686 olim

454 2722 696 2778 humeris
727 2721 967 2790 ipsorum
1003 2720 1320 2790 impositum
1349 2759 1365 2784 ,
1408 2718 1706 2778 auferetur.
1754 2723 2030 2790 Quemad-

453 2813 673 2868 modum
725 2813 870 2866 enim
920 2813 986 2867 de
1029 2810 1325 2866 Servatore
1383 2812 1587 2867 dictum
1639 2821 1768 2878 est,
1801 2832 1821 2865 ι
1865 2813 2033 2884 Cujus

453 2904 790 2975 principatus
807 2919 970 2974 super
993 2903 1275 2958 humerum
1293 2904 1407 2974 ejus
1430 2903 1554 2972 7"“;
1581 2923 1602 2958 ι
1632 2905 1714 2960 sic
1727 2915 1781 2961 et
1803 2906 2036 2962 hocloco

455 2994 627 3063 gloria
653 2995 1006 3065 Assyriorum
1037 3007 1205 3062 super
1231 2992 1494 3048 humeros
1527 2993 1792 3062 ipsorum,
1834 2995 2039 3051 dicitur

453 3099 629 3140 esse:
683 3101 845 3155 quam
913 3082 1264 3139 auferendam
1320 3099 1442 3140 esse
1499 3099 1682 3141 sermo
1722 3087 2042 3143 intermina-

457 3184 564 3228 tur.

2137 2174 2306 2246 ἐμῶν,
2349 2193 2368 2226 ι
2393 2174 2655 2236 διδάσκει,
2684 2171 2760 2236 ὡς
2782 2172 2874 2226 καὶ
2901 2173 2934 2243 ἡ
2970 2169 3328 2226 Βαϐυλωνίων
3364 2167 3537 2240 χώρα,
3568 2169 3642 2223 τά
3675 2187 3732 2222 τε

2137 2269 2223 2320 ἐπ’
2254 2267 2422 2339 αὐτῆς
2454 2267 2554 2340 ὅρη
2601 2266 2704 2320 οὐκ
2742 2260 2812 2337 ἦν
2856 2263 3112 2335 ἀλλότρια
3154 2260 3352 2316 αὐτοῦ’
3409 2280 3428 2312 ι
3463 2261 3575 2314 Τοῦ
3628 2261 3734 2333 γάρ

2134 2359 2340 2432 Κυρίου
2395 2361 2428 2430 ή
2469 2361 2539 2430 γῆ
2600 2358 2697 2412 καὶ
2736 2357 2800 2411 τὸ
2844 2356 3117 2429 πλήρωμα
3189 2355 3379 2423 αὐτῆς.
3417 2372 3435 2404 ι
3475 2355 3734 2408 Ἔσονται

2138 2451 2318 2506 τοίνυν
2337 2453 2386 2504 οἱ
2429 2451 2737 2523 Ἀσσύριοι,
2769 2449 2958 2520 φησὶν,
2996 2451 3077 2512 εἰς
3104 2447 3498 2517 καταπάτημα,
3518 2444 3721 2515 ὑποχεί-

2141 2560 2247 2616 ριοι
2279 2543 2560 2613 γενόμενοι
2595 2544 2707 2606 τοῖς
2748 2541 2886 2612 μετὰ
2929 2539 3106 2594 ταῦτα
3153 2538 3332 2593 αὐτῶν
3365 2539 3731 2609 κρατήσασιν.

2151 2633 2604 2704 Ἀφαιρεθήσεται
2626 2630 2683 2684 δὲ
2709 2633 2802 2685 καὶ
2833 2630 2863 2684 6
2904 2631 3087 2700 ζυγὸς,
3123 2629 3182 2682 ὃν
3215 2629 3302 2682 ὅτε
3324 2629 3590 2698 ἐκράτουν
3626 2629 3734 2689 τοῖς

2139 2724 2231 2778 ὑπ’
2274 2723 2453 2778 αὐτῶν
2503 2723 2828 2795 ἀρχομένοις
2877 2724 3158 2794 ὲπήρτων,
3206 2719 3371 2789 ζυγὸν
3420 2716 3596 2789 βαρὺν
3643 2718 3737 2771 καὶ

2137 2814 2543 2869 δυσϐάπακτον
2568 2812 2976 2887 ἀπαιωροῠντες
3005 2813 3190 2876 αὐτοῖς
3208 2829 3222 2842 ·
3265 2812 3361 2866 καὶ
3388 2815 3452 2869 τὸ
3489 2809 3659 2874 κυδος
3682 2809 3736 2862 δὲ

2141 2906 2342 2972 αὐτῶν,
2381 2906 2519 2978 ὅπερ
2549 2904 2696 2958 ἐστὶν
2723 2907 2757 2976 ή
2795 2903 2942 2971 δόξα,
2987 2900 3439 2974 ἀφαιρεθήσεται,
3488 2899 3523 2969 ὴ
3570 2897 3734 2954 πάλαι

2139 3003 2251 3064 τοῖς
2279 2999 2451 3071 ὤμοις
2479 2998 2659 3052 αὐτῶν
2686 2998 3034 3069 ἐπικειμένη.
3090 2996 3180 3058 Ὠς
3209 2993 3320 3066 γὰρ
3353 2994 3445 3046 ἐπὶ
3475 2990 3577 3046 τοῦ
3619 2991 3732 3045 Σω-

2143 3092 2307 3160 τῆρος
2331 3089 2601 3154 λέλεκται,
2642 3108 2661 3139 ι
2693 3081 2768 3141 Οὗ
2799 3089 2832 3159 ή
2860 3088 3002 3158 ἀρχὴ
3035 3087 3128 3139 ἐπὶ
3155 3084 3251 3138 τοῦ
3295 3083 3444 3154 ὤμου
3478 3081 3676 3146 αὑτοῦ,
3712 3100 3730 3132 ι

2144 3179 2318 3244 οὕτως
2367 3179 2604 3233 ἐνταῦθα
2648 3177 2712 3232 τὸ
2756 3177 2914 3242 κῦδος
2965 3177 3072 3233 τῶν
3129 3174 3426 3246 Ἀσσυρίων
3484 3175 3584 3228 ἐπὶ
3629 3173 3732 3228 τῶν

455 3259 624 3334 ὤμων
658 3263 837 3318 αὐτῶν
867 3264 1103 3337 εἴρηται·
1142 3267 1280 3338 ὅπερ
1294 3263 1760 3336 ἀφαιρεθήσεσθαι
1794 3266 1976 3321 αὐτῶν
2014 3270 2044 3323 6
2075 3268 2234 3339 λόγος
2261 3270 2493 3325 ἀπειλεῖ.

525 3353 688 3412 Vsus.
710 3354 801 3417 εδ,
831 3356 925 3413 27.
963 3373 983 3406 ι
1017 3355 1130 3410 Hoc
1159 3365 1242 3409 est
1257 3353 1544 3409 consilium
1581 3355 1724 3422 quod
1759 3356 1903 3424 cepit
1931 3357 2032 3411 Do-

2221 3376 2240 3409 ι
2269 3357 2416 3430 Αὕτη
2448 3361 2481 3429 ἡ
2508 3358 2670 3430 βουλὴ
2709 3359 2776 3431 ἥν
2809 3356 3155 3430 βεϐούλευται
3205 3356 3411 3428 Κύριος
3452 3355 3549 3408 ἐπὶ
3608 3355 3732 3426 ὃλην

455 3446 639 3500 minus
681 3461 845 3515 super
873 3461 1091 3501 omnem
1121 3457 1322 3501 terram
1352 3464 1366 3501 :
1394 3457 1450 3501 et
1480 3447 1597 3501 haec
1622 3457 1706 3501 est
1729 3462 1922 3500 manus
1939 3463 2037 3502 ex-

454 3534 597 3590 celsa
637 3551 799 3604 super
821 3551 1010 3590 omnes
1037 3547 1244 3607 gentes.
1286 3536 1416 3602 Qum
1445 3537 1591 3590 enim
1639 3537 1780 3592 Deus
1819 3546 2039 3593 sanctus

453 3628 730 3692 decrevit,
761 3629 883 3697 quis
917 3629 1242 3700 dissipabit?
1283 3629 1346 3683 Et
1375 3644 1592 3684 manum
1617 3629 1734 3698 ejus
1767 3630 2036 3685 excelsam

453 3723 578 3790 quis
609 3721 860 3777 avertet?
892 3741 910 3772 ι
948 3721 1002 3775 id
1030 3730 1138 3785 est,
1177 3721 1336 3790 quale
1358 3718 1623 3788 judicium
1649 3721 1716 3775 de
1739 3720 2033 3791 Babylone,

453 3816 606 3868 etde
634 3814 750 3884 ejus
778 3813 1176 3868 habitatoribus
1202 3812 1366 3865 latum
1425 3821 1548 3875 est,
1601 3809 1707 3865 tale
1763 3812 1924 3865 etiam
1971 3812 2037 3866 de

454 3907 587 3962 viris
619 3907 869 3961 omnibus
895 3905 1070 3960 atheis
1098 3914 1153 3960 et
1190 3904 1404 3974 impiis,
1435 3905 1526 3972 qui
1561 3902 1746 3957 orbem
1785 3903 2036 3959 obtinuee

457 4005 619 4062 runt,
650 3994 879 4050 feretur.
926 3993 1059 4049 Nam
1107 3995 1406 4049 secundum
1451 3994 1728 4063 aequitatis
1770 3993 2033 4048 rationem

455 4087 606 4156 paria
636 4088 929 4157 patientur,
958 4086 1048 4155 qui
1080 4085 1132 4139 in
1166 4084 1370 4140 similes
1401 4085 1705 4153 impietates
1753 4083 1886 4153 lapsi
1918 4082 2035 4138 fue-

457 4181 586 4233 rint.
633 4177 732 4232 Ubi
765 4175 1229 4243 subintelligamus
1261 4183 1510 4245 oportet,
1541 4183 1731 4244 gentes
1758 4175 1937 4229 atheis
1968 4182 2026 4229 et

2141 3451 2239 3523 τὴν
2265 3452 2610 3524 οἰκουμένην,
2645 3452 2741 3505 καὶ
2761 3450 2900 3523 αὕτη
2931 3453 2964 3522 ἡ
2990 3451 3112 3522 χεὶρ
3145 3451 3178 3520 ἡ
3212 3449 3391 3519 ὑψηλὴ
3425 3447 3518 3500 ἐπὶ
3556 3449 3732 3501 πάντα

2138 3543 2209 3597 τά
2240 3543 2389 3614 ἔθνη.
2433 3546 2500 3596 Ἃ
2549 3544 2659 3616 γάρ
2704 3545 2734 3596 6
2775 3543 2908 3608 Θεὸς
2953 3545 2981 3595 ὁ
3025 3542 3179 3610 ἀγιος
3225 3540 3604 3612 βεϐούλευται,
3655 3540 3732 3600 τίς

2137 3631 2516 3697 διασκεδάσει;
2561 3633 2656 3686 καὶ
2687 3635 2787 3705 τὴν
2825 3635 2986 3704 χεῖρα
3032 3631 3201 3685 αὐτοῦ
3251 3632 3349 3702 τὴν
3393 3628 3611 3701 ὑψηλὴν
3653 3629 3731 3690 τίς

2137 3723 2506 3793 ἀποστρέψει;
2552 3741 2570 3774 ι
2613 3724 2684 3776 ’Ἡ
2729 3723 2826 3776 ειιαῖ¹
2849 3724 2930 3775 ὅτι
2960 3722 3119 3774 ὁποία
3149 3721 3496 3791 ἐξενήνεκται
3549 3719 3731 3790 κρίσις

2137 3814 2266 3883 περὶ
2312 3815 2412 3885 τῆς
2459 3811 2800 3877 Βαϐυλῶνος,
2853 3812 2948 3865 καὶ
2989 3812 3098 3865 τῶν
3143 3811 3350 3880 ταύτης
3403 3811 3730 3881 οἰκητόρων,

2135 3903 2356 3976 τοιαύτη
2377 3921 2462 3967 τις
2490 3903 2646 3957 ἔσται
2686 3903 2782 3957 καὶ
2809 3904 2842 3974 ὴ
2882 3902 3010 3974 περὶ
3033 3901 3251 3956 πάντων
3281 3900 3390 3954 τῶν
3419 3902 3518 3970 τῆς
3555 3902 3731 3952 οἰκου-

2139 3997 2306 4067 μένης
2336 3995 2727 4068 κρατησάντων
2749 3993 2925 4049 ἀθέων
2945 3995 3040 4048 καὶ
3060 3993 3276 4048 ἀσεϐῶν
3315 3991 3528 4063 ἀνδρῶν
3548 4008 3564 4021 ·
3594 3989 3730 4044 κατά

2135 4086 2244 4157 γὰρ
2270 4086 2359 4139 τὸν
2387 4084 2480 4138 τοῦ
2501 4085 2707 4138 δικαίου
2752 4083 2909 4152 λόγον
2941 4084 3222 4155 παρόμοια
3254 4084 3544 4136 πείσονται
3585 4081 3731 4136 οἴτά

2134 4177 2298 4248 ὃμοια
2340 4175 2807 4247 δυσσεϐήσαντες⁸
2845 4173 3350 4246 προσεπινοούντων
3387 4174 3546 4245 ἡμῶν
3578 4173 3726 4241 ἔθνη,

454 4271 634 4340 impiis
661 4269 969 4325 hominibus
1009 4268 1235 4323 refertas
1265 4286 1278 4322 :
1313 4282 1417 4322 non
1445 4267 1590 4321 enim
1622 4268 1738 4322 hazc
1764 4267 1885 4321 sine
1917 4267 2026 4321 ullo

2141 4269 2200 4320 τά
2231 4266 2340 4320 τῶν
2361 4265 2538 4320 ἀθέων
2563 4266 2658 4319 καὶ⁸
2687 4264 2900 4318 ἀσεϐῶν
2941 4264 3181 4337 ἀνδρῶν’
3236 4265 3297 4317 οὐ
3336 4264 3443 4335 γὰρ
3489 4265 3730 4335 ἀκρίτως

423 4428 428 4433 ,
453 4357 787 4422 discrimine,
821 4357 885 4410 de
914 4356 1019 4425 piis
1050 4367 1104 4408 et
1138 4357 1246 4410 Deo
1275 4357 1505 4411 addictis
1533 4357 1687 4422 viris,
1714 4357 2031 4426 accipienda

2141 4358 2304 4412 ταῦτα
2344 4356 2486 4412 κατά
2513 4355 2620 4410 τῶν
2650 4355 2891 4408 εὐσεϐῶν
2931 4356 3026 4408 καὶ⁸
3076 4354 3184 4408 τῶν
3225 4355 3304 4426 τῷ
3347 4353 3467 4424 Θεῷ
3505 4356 3728 4408 ἀνακει-

453 4457 596 4501 sunt.
627 4448 745 4514 Quo
778 4448 943 4518 igitur
983 4447 1140 4501 modo
1170 4462 1328 4501 orsus
1349 4456 1466 4511 est,
1504 4449 1693 4503 eodem
1747 4456 1803 4502 et
1848 4448 2029 4514 desiit,

2136 4448 2310 4520 μένων
2356 4445 2674 4518 ἐκδέχεσθαι
2721 4448 3019 4518 προσήκει.
3094 4447 3309 4518 ’Ὠσπερ
3368 4441 3462 4500 οὖν
3502 4447 3726 4517 ἧρξατο,

455 4539 759 4593 universale
778 4539 871 4594 Dei
908 4538 974 4594 de
995 4537 1247 4593 omnibus
1271 4537 1554 4594 ferendum
1573 4541 1835 4609 judicium
1875 4557 2028 4596 com-

2141 4541 2317 4594 τοῦτον
2348 4541 2444 4594 καὶ
2474 4539 2787 4593 συνετέλεσε
2817 4538 2910 4592 τὸν
2949 4538 3149 4611 τρόπον
3185 4539 3286 4608 τῆς
3325 4539 3468 4592 κατά
3509 4538 3728 4592 πάντων

457 4645 766 4685 memorans
792 4671 807 4697 ,
837 4638 897 4684 ut
943 4645 1133 4685 omnes
1171 4633 1263 4702 qui
1294 4631 1634 4703 Scripturam
1665 4633 1928 4704 legerint,
1961 4635 2026 4689 ad

2141 4631 2426 4702 καθολικῆς
2473 4630 2567 4684 τοῦ
2606 4627 2742 4682 Θεοῦ
2793 4628 3029 4700 κρίσεως
3071 4628 3387 4697 ἀναγκαίως
3423 4627 3728 4698 μνημονεύ-

453 4721 858 4775 conversionem
895 4722 1112 4778 invitet.

525 4900 811 4968 Vens.28,
843 4903 913 4958 29
993 4921 1010 4955 ι
1055 4903 1109 4958 ln
1158 4918 1302 4958 anno
1347 4919 1455 4973 quo
1503 4913 1750 4959 mortuus
1797 4912 1880 4959 est
1937 4919 2032 4960 rex

451 4993 632 5047 Achaz
655 5033 671 5059 ,
696 4992 896 5048 factum
923 5003 1007 5050 est
1033 4994 1251 5050 verbum
1286 4983 1461 5049 istud:
1495 4994 1570 5050 Ne
1599 4996 1874 5062 laetemini,
1899 4996 2030 5050 alie-

453 5084 664 5151 nigenae
691 5099 901 5150 omnes,
930 5086 1223 5140 contritum
1273 5095 1359 5141 est
1408 5086 1554 5141 enim
1600 5085 1792 5157 jugum
1835 5103 2030 5155 percu-

457 5174 636 5229 Iientis
659 5189 753 5229 vos
785 5191 801 5228 :
838 5190 960 5228 nam
994 5190 1058 5229 ex
1089 5175 1295 5230 semine
1346 5187 1663 5246 serpentum
1721 5179 2030 5247 egredietur

455 5265 631 5333 proles
656 5267 876 5334 aspidis,
905 5277 959 5321 et
990 5267 1082 5321 lilii
1112 5283 1301 5322 eorum
1345 5269 1697 5336 egredientur
1748 5279 2030 5333 serpentes

455 5355 718 5409 volantes.
763 5374 782 5408 ι
828 5354 1026 5411 Lateri
1060 5356 1214 5411 vobis
1249 5359 1485 5411 nomlum
1515 5359 1884 5426 permittitur,
1925 5359 2027 5413 etsi

380 5513 383 5517 Α
457 5456 669 5500 mortuo
699 5461 822 5516 rege
849 5447 1052 5516 impio,
1101 5450 1168 5505 de
1214 5465 1326 5521 quo
1373 5449 1502 5503 olim
1552 5448 1893 5520 gaudebatis,
1939 5451 2028 5518 pio

458 5546 636 5591 autem
690 5538 826 5592 viro'
855 5540 1138 5608 imperium
1187 5543 1538 5610 suscipiente,
1576 5552 1635 5598 ut
1663 5543 1716 5597 in
1747 5541 2027 5610 Paralipo-

457 5643 648 5681 menon
673 5627 714 5681 ll
741 5629 874 5682 libro
911 5631 976 5685 de
1003 5630 1232 5690 Ezecltia
1257 5632 1569 5688 declaratur
1590 5672 1607 5696 ,
1653 5644 1710 5688 et
1738 5632 1791 5687 in
1830 5643 2026 5701 quarto

454 5711 782 5782 Regnorum.
811 5717 1272 5784 Quemadmodum
1307 5721 1448 5775 enim
1480 5721 1580 5777 sub
1608 5721 1776 5793 impio
1816 5721 1996 5777 Acha:

525 5831 588 5863 "‘
626 5827 774 5887 Psal.
795 5849 947 5902 χχιιι,
981 5833 1033 5889 1.
1107 5836 1197 5868 ⁷⁸“⁴
1226 5835 1349 5892 lsai.
1381 5849 1466 5906 Ix,
1497 5835 1567 5910 6.!

2061 4714 2106 4769 D
2137 4741 2262 4787 σας’
2288 4723 2428 4776 ῶστε
2463 4721 2788 4794 ἐπιστρέψαι
2817 4719 3028 4784 πάντας
3050 4721 3176 4784 τοὺς
3201 4719 3631 4790 ἐντυγχάνοντας
3661 4721 3723 4789 τῇ

2136 4817 2380 4960 mycenis
2417 4905 2569 4968 ἔτους
2606 4897 2668 4958 οὗ
2713 4904 2981 4959 ἀπέθανεν
3009 4905 3039 4957 6
3069 4903 3321 4974 βασιλεὺς
3371 4902 3560 4974 ’Δχάζ,
3607 4905 3726 4970 ἐγε-

2135 5001 2274 5073 νήθη
2299 4999 2361 5053 τὸ
2387 5000 2540 5070 ῥῆμα
2565 4997 2751 5052 τοῦτο·
2781 4997 2874 5070 Μὴ
2896 4998 3314 5069 εὐφρανθείητε,
3355 4998 3406 5050 οἱ
3433 4997 3723 5068 ἀλλόφυλοι

2135 5095 2364 5156 πάντες·
2399 5091 2689 5163 συνετρίϐη
2719 5091 2829 5162 γὰρ
2861 5093 2890 5145 ὁ
2923 5091 3087 5160 ζυγὸς
3131 5090 3225 5144 τοῦ
3269 5090 3522 5155 παίοντος
3558 5092 3718 5162 ὑμᾶς·

2137 5187 2202 5238 ὲκ
2231 5183 2340 5255 γὰρ
2378 5183 2691 5255 σπέρματος
2723 5183 2899 5252 ὄφεων
2935 5181 3278 5247 ἐξελεύσεται
3315 5183 3516 5252 ἔγγονα
3563 5183 3724 5250 ἀσπίς-

2133 5275 2262 5338 δων,
2287 5275 2382 5328 καὶ
2402 5275 2472 5327 τά
2497 5274 2697 5343 ἔγγονα
2735 5273 2914 5328 αὐτῶν
2951 5273 3324 5341 ἐξελεύσονται
3375 5274 3530 5342 ὄφεις
3564 5273 3720 5327 πετό-

2137 5382 2308 5438 μενοι.
2345 5385 2363 5418 ι
2395 5365 2593 5418 Οὐκέτι
2631 5365 2850 5435 ἀφίεται
2883 5366 3012 5435 ὑμῖν
3053 5365 3463 5438 εὐφραίνεσθαι,
3490 5366 3719 5420 ιάποθαο

2133 5457 2316 5522 νόντος
2367 5457 2465 5529 μὲν
2494 5457 2590 5511 τοῦ
2637 5456 2868 5520 ἀσεϐοῦς
2918 5457 3181 5529 βασιλέως
3227 5459 3312 5528 ἐφ’
3361 5452 3406 5526 ᾧ
3448 5459 3511 5512 τὺ
3555 5458 3719 5512 πάλαι

2133 5551 2389 5622 ἐχάρητε,
2423 5549 2706 5613 θεοσεϐοῦς
2732 5550 2790 5603 δὲ
2826 5549 3020 5622 ἀνδρὸς
3061 5550 3159 5622 τὴν
3197 5551 3373 5623 ἀρχὴν
3404 5550 3718 5622 διαδεξαμέ-

2133 5656 2254 5695 νου·
2298 5641 2374 5704 ὡς
2425 5641 2482 5693 ὲν
2524 5643 2590 5711 τῇ
2637 5641 2869 5714 δευτέρᾳ
2920 5642 3031 5697 τῶν
3098 5643 3593 5714 Παραλειπομένων
3641 5639 3715 5710 τῷ

2147 5729 2361 5804 Ἐζεκίᾳ
2391 5730 2832 5804 μεμαρτύρηται,
2865 5733 2958 5788 καὶ
2985 5734 3044 5788 ὲν
3077 5736 3144 5806 τῇ
3169 5734 3406 5816 τετάρτῃ
3424 5734 3534 5793 τῶν
3557 5735 3713 5790 Pacta
