3862 6210
165 274 270 338 197

1125 293 1631 357 COMMENTARIA
1669 303 1738 358 IN
1779 305 2037 367 ISAIAM.
2083 338 2148 351 —
2181 309 2335 369 CAP.
2379 313 2520 374 XIV.

3349 339 3454 394 198

160 402 346 460 λειῶν.
377 407 594 482 Ὠσπερ
615 408 725 484 γὰρ
750 412 844 467 ἐπὶ
871 413 968 470 τοῦ
1001 416 1236 483 ἀσεϐοῦς
1272 422 1456 493 ’Ᾱχὰζ,
1502 426 1652 491 εἰκὸς
1689 423 1724 500 ἦ

1871 429 2158 502 allophylis
2202 435 2470 502 gaudendi
2518 446 2573 493 et
2625 438 2837 498 laetandi
2885 460 3050 502 causa
3098 450 3323 516 aderat.
3376 457 3450 512 ita

159 499 377 568 χαίρειν
409 501 505 554 καί
553 503 945 575 εὐφραίνεσθαι
998 510 1128 574 τοὺς
1177 512 1531 584 ἀλλοφύλους,
1584 499 1761 585 οὕτως

161 591 258 643 ἐπὶ
305 592 402 644 τοῦ
454 594 666 648 δικαίου
715 598 907 670 ἀνδρὸς
956 601 1051 655 τοῦ
1109 603 1375 672 Ἐζεκίου,
1416 610 1758 687 εὐκαίρωςή

159 684 476 753 προφητεία
527 686 922 764 ἀποτεινομὲνη
985 695 1122 766 πρὸς
1196 699 1396 766 αὐτούς
1462 721 1616 774 φησι·

158 775 583 848 εὑφρανθείητε,
618 779 939 852 ἀλλόφυλοι·
972 787 1141 843 πάλαι
1173 791 1271 861 μὲν
1305 792 1416 865 γὰρ
1445 797 1526 850 ἔτι
1553 775 1760 865 ζῶντος

155 863 251 916 τοῦ
293 865 487 937 Ἀχάζ,
513 871 610 924 καὶ
631 872 700 925 τὰ
728 873 899 946 ἐχθρὰ
929 877 1008 948 τῷ
1046 880 1166 952 Θεῷ
1212 863 1568 955 πράττοντος,
1609 863 1759 957 εἰκὸς

153 950 223 1026 ἧν
248 957 400 1028 ὑμᾶς
418 959 826 1031 εὐφραίνεσθαι,
847 969 1033 1041 ἐπειδὴ
1059 950 1442 1046 συνετέτριπτο
1460 950 1562 1034 τοῦ.
1593 950 1758 1053 Ἀχάξ

153 1047 183 1098 ὁ
211 1047 410 1116 ζυγὸς,
456 1051 532 1112 ὡς
572 1053 648 1124 μὴ
698 1055 958 1112 δύνασθαι
998 1062 1161 1116 αὑτὸν
1212 1066 1535 1124 ὑποτάττειν

154 1140 300 1211 μηδὲ
339 1143 434 1196 τὸν
473 1144 573 1215 τῆς
601 1147 780 1220 ἀρχῆς
820 1151 985 1206 αὑτοῦ
1040 1156 1204 1224 ζυγὸν
1255 1161 1554 1218 ἐπιτιθέναι
1589 1140 1751 1238 ὑμῖν·

150 1232 347 1305 διόπερ
368 1236 702 1309 ἐπληθύνετο
720 1243 790 1296 τά
814 1246 962 1300 κακά
985 1250 1076 1302 καὶ
1100 1250 1292 1325 ὥσπερ
1314 1257 1542 1327 μηδενὸς
1569 1232 1756 1315 παίον-

151 1341 264 1388 τος,
295 1327 331 1396 η
351 1329 655 1402 ἐρπυστική
683 1350 742 1386 τε
769 1337 864 1388 καὶ
895 1337 1099 1404 ἰοϐόλος
1147 1342 1256 1396 τῶν
1297 1347 1552 1420 πονηρῶν
1594 1368 1754 1405 πνευ-

153 1415 346 1486 μάτων
399 1418 628 1491 δύναμις
681 1423 1044 1495 ἐπληθύνετο·
1089 1433 1209 1486 νυνὶ
1245 1434 1301 1488 δὲ
1343 1415 1752 1509 βασιλείαν

148 1509 543 1582 διαδεξαμένου
570 1515 764 1588 ἀνδρὸς
790 1517 1096 1588 θεοσεϐοῦς,
1128 1527 1311 1582 οὐκέτι
1342 1531 1564 1602 χαίρετε
1592 1534 1667 1600 ὡς
1692 1537 1751 1590 τὸ

149 1600 319 1672 πρίν·
360 1603 634 1676 ἐφέστηκε
673 1607 782 1680 γὰρ
809 1610 938 1682 ὑμῖν
972 1615 1001 1666 ὁ
1024 1616 1200 1672 παίων
1238 1621 1332 1674 καὶ
1373 1600 1614 1686 τύπτων,
1657 1629 1752 1682 καὶ

150 1695 509 1764 σωφρονίζων
557 1700 723 1769 ὑμᾶς.
778 1703 1115 1776 Ἐπληροῦτο
1153 1710 1210 1764 δὲ
1249 1715 1344 1767 καὶ
1385 1715 1562 1771 ταῦτα
1609 1720 1747 1792 πρὸς

1862 521 1961 574 sub
1986 521 2133 590 justo
2165 524 2283 579 viro
2311 525 2544 582 Ezechia
2570 569 2586 594 ,
2630 544 2931 602 opportune
2975 537 3258 610 Scriptura
3300 544 3448 614 ipsos

1863 612 2146 682 alloquens
2205 615 2311 682 ait,
2386 618 2464 673 Ne
2539 621 2828 690 laetemini,
2890 627 3206 700 alienigenae
3254 651 3268 688 :
3313 612 3444 691 olim

1859 705 2061 775 quippe
2089 708 2310 762 Aehazo
2344 713 2657 779 superstite,
2695 731 2760 770 ac
2805 731 2995 786 perosa
3041 721 3154 778 Deo
3204 723 3444 783 facinora

1859 797 2074 864 edente,
2104 813 2271 854 causa
2299 803 2454 858 vobis
2479 809 2742 873 gaudendi
2782 822 2935 877 erat,
2974 814 3097 880 quia
3145 820 3440 874 contritum

1857 895 1980 941 erat
2009 889 2208 944 Achazi
2233 891 2456 968 jugum;
2491 896 2562 950 ita
2609 907 2668 952 ut
2719 915 2824 954 non
2879 915 3062 970 posset
3117 922 3216 962 vos
3274 910 3444 978 subji-

1859 990 2020 1043 cere,
2067 994 2242 1049 neque
2295 982 2505 1052 imperii
2556 987 2639 1040 sui
2679 987 2869 1058 jngum
2925 992 3079 1048 vobis
3107 995 3439 1064 imponere:

1857 1079 2193 1140 quapropter
2216 1073 2718 1145 multiplicabantur
2751 1082 2890 1136 mala
2915 1123 2930 1146 ,
2961 1098 3025 1139 ac
3046 1126 3062 1149 ,
3113 1097 3300 1156 utpote
3352 1106 3444 1145 ne-

1858 1160 2004 1214 mine
2038 1165 2406 1231 percntiente,
2439 1168 2710 1237 reptiliutn
2748 1181 2802 1226 et
2849 1185 3238 1232 venenatorum
3275 1179 3442 1249 spiri-

1859 1257 2010 1304 tuum
2048 1252 2406 1324 malignorum
2459 1260 2541 1313 vis
2588 1263 2904 1330 angebatur.
2953 1263 3072 1320 Jam
3127 1284 3258 1324 vero
3287 1282 3440 1340 post-

1856 1353 2019 1406 quam
2066 1343 2152 1396 vir
2201 1343 2491 1416 religiosus
2540 1364 2762 1419 regnum
2808 1360 3060 1425 excepit,
3094 1374 3161 1413 ne
3209 1363 3442 1432 amplius

1854 1431 2109 1488 latemini
2145 1445 2202 1490 ut
2234 1447 2394 1492 antea
2431 1456 2445 1492 :
2481 1440 2808 1498 instatenitn
2841 1446 2995 1504 vobis
3041 1451 3133 1518 qui
3169 1431 3441 1520 percutiat

1853 1534 1908 1576 et
1943 1528 2233 1589 verberet,
2281 1543 2489 1599 vosque
2536 1533 2605 1586 ad
2651 1547 2841 1591 sanam
2903 1548 3140 1596 mentem
3191 1545 3436 1602 reducat.

1853 1612 1979 1669 Haec
2003 1631 2164 1686 porro
2195 1619 2263 1673 ad
2293 1620 2527 1678 litteram
2567 1628 2832 1696 completa
2875 1641 3003 1684 sunt
3045 1634 3148 1687 sub
3178 1633 3434 1705 Ezechia,

1853 1707 1919 1761 de
1952 1723 2059 1777 quo
2080 1710 2282 1768 dictum
2305 1725 2388 1769 est
2417 1716 2469 1770 in
2503 1717 2642 1772 libro
2670 1731 2865 1788 quarto
2889 1721 3226 1794 Regnorum,
3258 1747 3277 1779 ι
3309 1727 3432 1800 Ipse

146 1781 296 1848 λέξιν
341 1787 438 1840 ἐπὶ
480 1789 577 1842 τοῦ
623 1789 885 1859 Ἐζεκίου,
922 1798 1049 1868 περὶ
1084 1792 1146 1853 οὗ
1191 1801 1407 1873 είρηται
1441 1807 1500 1860 ἐν
1546 1812 1610 1880 τῇ

1840 1801 2116 1873 percussit
2158 1781 2768 1877 allophylos.usque-ad
2817 1781 3044 1880 Gazam,
3077 1824 3130 1870 et
3168 1781 3429 1886 usqueratl

144 1876 328 1949 τάρτῃ
355 1877 466 1931 τῶν
495 1880 824 1935 Βασιλειῶν·
871 1904 889 1936 ι
927 1889 1100 1953 Αὐτὸς
1142 1892 1384 1959 ἐπάταξε
1420 1899 1547 1962 τοὺς
1585 1876 1747 1955 ἀλλο-

143 1965 355 2030 Φύλους
377 1969 485 2032 ἕως
516 1969 719 2043 Γάζης,
754 1975 846 2028 καὶ
878 1977 984 2041 ἕως
1012 1979 1178 2050 ὁρίων
1200 1983 1371 2055 αὐτῆς
1393 1988 1503 2041 ἀπὸ
1535 1990 1744 2062 πύργου

143 2055 543 2125 φυλασσόντων
566 2061 672 2128 ἕως
703 2065 911 2131 πόλεως
938 2071 1164 2141 ὀχυρᾶς.
1196 2092 1214 2126 ι
1245 2075 1355 2130 Καὶ
1386 2079 1589 2151 ταύτην
1615 2055 1746 2140 δ’ἰᾶν

142 2148 306 2219 σχοίη
338 2149 440 2221 τὴν
468 2151 708 2207 διάνοιαν
734 2156 796 2209 τὸ
827 2160 1134 2230 εἰρημένον,
1163 2181 1182 2214 ι
1211 2165 1302 2237 Μὴ
1330 2148 1742 2245 εὐφρανθείητε,

138 2239 464 2309 ἀλλόφυλοι,
504 2263 524 2295 ι
562 2246 706 2316 μέγα
734 2249 1061 2319 φρονοῦντες
1088 2255 1181 2308 ἐπὶ
1214 2261 1326 2323 τοῖς
1368 2239 1744 2335 νομιζομένοις

142 2330 276 2401 ὑμῖν
310 2332 475 2397 θεοῖς,
519 2336 598 2408 τῷ
644 2339 858 2410 μηδένα
893 2338 1037 2398 εἶναι
1093 2345 1184 2400 τὸν
1211 2330 1574 2421 συντρίϐοντά
1599 2330 1744 2428 ὑμᾶς

138 2422 228 2477 διὰ
250 2439 360 2496 την
387 2426 484 2480 τοῦ
512 2429 782 2501 παρόντος
823 2435 1015 2506 καιροῦ
1054 2439 1372 2513 μοχθηρίαν.
1409 2445 1472 2499 El
1499 2447 1609 2520 γὰρ
1637 2422 1742 2505 ἰκαί

139 2513 208 2567 τὰ
243 2516 494 2585 μάλιστα
537 2521 824 2595 συνετρίϐη
865 2527 894 2579 ό
925 2525 1089 2596 ζυγὸς
1133 2531 1229 2584 τοῦ
1275 2513 1529 2602 παίοντος
1574 2513 1740 2612 ὑμᾶς,

137 2606 255 2661 ἀλλ’
281 2610 349 2662 ού
386 2612 529 2683 πρὸς
557 2615 713 2686 ὑμῶν
753 2619 969 2686 ἐγένετο
1008 2621 1203 2688 ταῦτα,
1248 2627 1341 2681 ἐπὶ
1383 2630 1538 2703 κακῷ
1575 2606 1632 2688 δέ
1663 2606 1742 2708 τῶ

139 2697 420 2772 ὑμετέρῳ.
459 2703 706 2775 Μηδενὸς
735 2707 844 2780 γὰρ
872 2711 1016 2780 ὑμᾶς
1056 2714 1328 2782 παίοντος,
1376 2697 1520 2793 μηδὲ.
1546 2697 1740 2780 ταπειλ

138 2789 388 2856 νοῦντος,
427 2794 560 2865 μηδὲ
592 2797 1034 2870 ἐπιστρέφοντος,
1077 2805 1244 2877 πολλή
1277 2789 1451 2873 τιςέν
1489 2814 1617 2885 ὑμῖν
1644 2817 1740 2885 γέ-

135 2901 301 2952 γονεν
328 2887 585 2960 ἐπιτριεὴ
617 2891 826 2950 κακῶν.
873 2895 932 2947 Οἱ
977 2897 1086 2967 γὰρ
1133 2899 1301 2954 πάλαι
1358 2902 1536 2973 ὄφεων
1578 2907 1738 2980 δίκην

132 2978 254 3040 ταῖς
309 2978 607 3051 ὑμετέραις
651 2981 853 3054 ψυχαῖς
911 2987 1344 3058 ἐμφωλεύοντες,
1399 2993 1456 3048 ἐν
1516 3014 1575 3050 τε
1621 2978 1738 3064 τοῖς

135 3069 436 3142 ὑμετέροις
468 3075 638 3145 ἱεροῖς
660 3092 720 3128 τε
747 3079 842 3131 καὶ
872 3084 1044 3165 ναοῖς,
1071 3083 1146 3146 ὼς
1178 3085 1240 3158 δὴ
1265 3085 1395 3152 θεοὶ,
1425 3090 1739 3163 ἐφεδρεύον-
1764 3123 1806 3181 C

128 3175 224 3224 τες
247 3164 484 3233 πονηροὶ
512 3165 786 3236 δαίμονες,
820 3169 998 3242 δεινὴν
1041 3164 1204 3246 γονὴν
1245 3179 1338 3231 καὶ
1383 3180 1606 3252 σπέρμα
1640 3201 1736 3237 πο-

131 3254 308 3323 νηρὸν
328 3255 670 3328 ἁπεκύησαν·
702 3260 778 3324 ὡς
795 3264 1024 3330 ἀσπίδας
1045 3265 1104 3331 ἐξ
1127 3268 1306 3323 αὐτῶν
1339 3274 1650 3340 γεννᾶσθαι,
1674 3278 1736 3332 τὸ

130 3346 361 3400 πάντων
394 3348 504 3402 τῶν
528 3351 752 3406 ἰοϐόλων
777 3355 1052 3424 χείριστον
1073 3376 1086 3390 ⁸
1127 3361 1194 3414 ἐκ
1220 3362 1426 3418 τούτων
1459 3383 1518 3420 τε
1553 3369 1736 3423 αὐτῶν

129 3439 334 3503 ἀλλους
364 3443 666 3516 ὑποστῆναι
687 3447 839 3518 ὄφεις
852 3449 940 3503 τὸν
969 3451 1108 3525 ἀέρα
1126 3455 1530 3529 διιπταμένους.
1548 3462 1734 3519 Ταῦτα

135 3533 234 3601 μὲν
273 3530 374 3587 οὖν
401 3537 542 3590 κατά
563 3538 656 3592 τὸν
684 3541 926 3611 παρόντα
952 3547 1146 3616 καιρὸν
1182 3549 1245 3601 οὑ
1284 3554 1417 3622 παρ’
1455 3553 1584 3624 ὑμῖν
1633 3555 1732 3626 μό·-

129 3639 243 3687 νοις
263 3627 384 3688 τοῖς
404 3627 740 3696 ἀλλοφύλοις,
783 3633 880 3705 ἤδη
919 3635 977 3688 δὲ
1011 3638 1104 3690 καὶ
1135 3641 1262 3712 παρ’
1294 3643 1443 3716 αὐτῷ
1483 3646 1562 3718 τῷ
1597 3666 1733 3720 χρη-

133 3715 424 3781 ματίξοντι
453 3717 568 3788 λαῷ
595 3720 730 3775 Θεοῦ
761 3724 992 3796 πληθύει
1018 3745 1031 3758 ·
1068 3729 1144 3793 ὡς
1175 3733 1352 3787 πάντα
1389 3737 1590 3808 τρόπον
1629 3756 1730 3794 πε-

133 3804 463 3876 πληρῶσθαι
500 3809 590 3864 τὸν
621 3813 781 3885 ἀέρα,
819 3817 1190 3890 διιπταμένων
1225 3804 1541 3894 ὄφεωνξκαὶ
1569 3832 1730 3901 ἐκγό-

126 3911 234 3948 νων
257 3897 530 3965 ἀσπίδων,
576 3905 830 3978 πονηρῶν
859 3925 1020 3965 τινων
1053 3913 1149 3966 καὶ
1181 3914 1525 3986 λυμαντικῶν
1567 3941 1730 3977 πνευ-

131 3987 344 4054 μάτων.
386 3990 820 4065 ’Δναδειχθέντος
864 4000 922 4053 δέ
966 4005 1108 4059 κατὰ
1155 4008 1346 4080 καιρὸν
1385 4010 1480 4065 τοῦ
1509 4014 1726 4069 πάντων

127 4076 338 4130 τούτων
367 4079 646 4152 ὀλετῆρος,
699 4087 1009 4157 οἰχήσονται
1053 4095 1148 4147 καὶ
1197 4076 1266 4148 οί⁷
1296 4097 1472 4167 ὄφεις,
1529 4101 1623 4153 καὶ
1665 4103 1725 4155 αἱ

128 4169 362 4235 ἀσπίδες
405 4175 478 4226 τά
526 4192 587 4228 τε
632 4179 839 4234 τούτων
882 4186 1097 4258 πονηρὰ
1135 4188 1360 4258 ἔκγονα·
1403 4194 1480 4257 ὡς
1522 4196 1720 4267 μηκέτι

128 4263 380 4334 ἐνεργεῖν
413 4265 588 4321 ταῦτα
615 4270 675 4322 ἐν
704 4271 1036 4345 ἀνθρώποις.

203 4373 224 4405 ι
261 4355 727 4429 Βοσκηθήσονται,
775 4381 796 4414 ι
832 4367 942 4438 γάρ
971 4384 1127 4439 φησι,
1158 4389 1177 4422 ι
1205 4375 1412 4443 πτωχοὶ
1439 4374 1506 4429 δι’
1529 4376 1715 4432 αὐτοῦ’

1852 1892 2116 1948 terminos
2138 1893 2277 1962 ejus,
2308 1913 2337 1950 a
2375 1901 2506 1953 turri
2534 1900 2831 1957 Custodum
2863 1920 3034 1975 usque
3061 1908 3128 1963 ad
3159 1911 3431 1968 civitatem

1849 1983 2111 2037 munitam
2145 1986 2211 2040 ".
2258 2005 2278 2039 ι
2309 1986 2376 2043 Ει
2416 1989 2531 2045 haec
2571 2005 2789 2060 quoque
2835 1994 2964 2050 dicti
3017 2000 3284 2054 sententia
3315 2000 3433 2057 fuc-

1847 2073 1940 2138 rit,
1989 2092 2008 2126 ι
2046 2074 2126 2132 Ne
2155 2077 2435 2144 laetemini,
2469 2081 2808 2152 alienigenae,
2847 2105 2867 2138 ι
2907 2102 3160 2158 magnum
3191 2095 3432 2149 sentien-

1849 2171 1928 2219 tes
1961 2180 2123 2236 super
2154 2170 2253 2234 iis,
2285 2187 2422 2239 quas
2453 2174 2582 2230 deos
2627 2190 2749 2231 esse
2796 2182 2996 2246 putatis
3016 2222 3032 2248 ,
3063 2185 3217 2252 quasi
3253 2186 3434 2242 nullus

1845 2258 1917 2311 sit
1943 2257 2012 2312 ob
2043 2263 2328 2326 praesentis
2359 2266 2622 2332 temporis
2645 2269 2965 2336 nequitiam,
2994 2275 3086 2341 qui
3118 2289 3215 2329 vos
3239 2288 3430 2331 conte-

1847 2362 1930 2404 rat
1962 2360 2018 2406 et
2052 2354 2344 2422 opprimat.
2386 2353 2613 2412 Etiamsi
2644 2361 2789 2414 enim
2828 2364 3080 2418 attritum
3109 2366 3182 2420 sit
3235 2366 3427 2438 jngum

1843 2443 1980 2512 ejus,
2010 2445 2100 2506 qui
2133 2459 2226 2499 vos
2253 2449 2635 2516 percntiebat;
2685 2451 2738 2508 id
2778 2467 2926 2509 certe
2959 2472 3064 2510 non
3104 2472 3136 2512 e
3164 2474 3222 2513 re
3249 2473 3427 2516 vestra

1844 2533 2040 2602 fuerit;
2091 2537 2199 2592 imo
2252 2539 2431 2607 potius
2476 2541 2531 2595 in
2609 2544 2869 2600 damnum
2916 2557 3157 2604 vestrum
3201 2561 3302 2607 est.
3354 2553 3430 2609 At

1841 2628 1987 2682 enim
2025 2628 2245 2684 nemine
2275 2645 2369 2684 vos
2397 2635 2760 2700 pereutiente,
2810 2639 3028 2694 nemine
3058 2641 3424 2712 deprimente,

1841 2719 1928 2773 vel
1961 2720 2314 2789 cnrripienle,
2355 2739 2546 2792 magna
2590 2727 2642 2782 in
2693 2727 2846 2784 vobis
2892 2729 3156 2788 malorum
3203 2735 3284 2790 vis
3337 2735 3428 2790 in-

1841 2811 2032 2866 valuit.
2066 2811 2204 2867 Nam
2255 2817 2347 2884 qui
2388 2817 2518 2871 olim
2562 2822 2902 2888 serpentium
2933 2824 3105 2878 instar
3132 2825 3185 2879 in
3213 2826 3426 2881 anima-

1840 2918 1962 2958 rum
2001 2916 2305 2960 vestrarum
2338 2908 2580 2965 latibulis
2609 2912 2844 2980 agebant
2867 2954 2883 2979 ,
2917 2903 3085 2984 atque
3135 2917 3190 2972 in
3226 2920 3425 2976 vestris

1840 2997 2084 3052 delubris
2131 3013 2196 3054 ae
2255 3001 2490 3070 templis,
2535 3005 2693 3059 veluti
2739 3005 2850 3070 dii,
2911 3009 3068 3064 sedes
3127 3010 3420 3076 habebant,

1841 3091 2062 3158 maligni
2101 3091 2379 3148 daemones
2408 3133 2423 3153 .
2456 3095 2630 3148 diram
2663 3097 2868 3165 prolem
2903 3113 2968 3154 ac
2995 3114 3180 3154 semen
3213 3101 3422 3171 impro-

1841 3182 1966 3236 butn
1995 3183 2330 3252 emiserunt;
2365 3186 2436 3238 ita
2471 3194 2529 3238 ut
2567 3200 2632 3240 ex
2673 3187 2777 3242 illis
2809 3190 3025 3258 aspides
3049 3192 3418 3261 gignerentur,

1838 3275 1980 3342 quod
2033 3284 2117 3330 est
2173 3278 2416 3332 omnium
2467 3290 2862 3334 venenatorum
2924 3285 3300 3351 teterrimum;
3351 3301 3421 3339 ex

1837 3365 2014 3434 iisque
2039 3365 2130 3420 alii
2165 3368 2296 3422 editi
2341 3369 2450 3423 sint
2497 3380 2781 3438 serpentes
2830 3385 2928 3440 per
2975 3387 3104 3426 aera
3149 3372 3415 3430 volantes.

1837 3453 1964 3510 Haec
2007 3471 2170 3524 porro
2222 3459 2275 3511 in
2328 3458 2609 3526 praesenti,
2677 3475 2782 3514 non
2846 3463 2989 3531 apud
3059 3478 3156 3518 vos
3207 3473 3416 3518 tantum

1834 3545 2166 3616 alienigenas
2190 3588 2206 3614 ,
2240 3549 2334 3602 sed
2359 3552 2522 3604 etiam
2555 3551 2696 3619 apud
2730 3566 2853 3604 eum
2877 3593 2892 3617 ,
2933 3553 3024 3622 qui
3066 3553 3295 3622 populus
3317 3554 3414 3609 Dei

1836 3648 2078 3706 vocatur,
2107 3655 2300 3710 magno
2333 3657 2564 3696 numero
2604 3643 2910 3710 habentur;
2962 3645 3034 3698 ita
3087 3655 3147 3700 ut
3191 3661 3416 3714 prorsus

1830 3746 1926 3786 aer
1973 3735 2250 3801 repleatur
2300 3735 2650 3803 serpentibus
2712 3736 3102 3802 volitantibus,
3175 3752 3238 3792 ae
3289 3738 3416 3794 ﬁliis

1830 3827 2076 3895 aspidtnn
2103 3867 2118 3891 ,
2155 3828 2408 3897 malignis
2435 3829 2648 3884 scilicet
2672 3828 3004 3898 quibusdam
3055 3846 3120 3885 ae
3165 3833 3414 3888 exitiosis

1829 3919 2131 3988 spiritibus.
2164 3918 2302 3973 Cum
2333 3930 2514 3975 autem
2551 3921 2596 3976 is
2619 3959 2635 3988 ,
2667 3921 2757 3990 qui
2805 3921 2920 3975 haec
2952 3922 3133 3977 omnia
3165 3925 3413 3979 sublatu-

1829 4025 1920 4064 rus
1953 4021 2058 4073 est,
2089 4027 2190 4067 suo
2223 4020 2468 4081 tempore
2496 4013 2805 4079 advenerit,
2829 4023 2886 4067 et
2917 4014 3254 4084 apparuerit,
3282 4025 3413 4072 tunc

1827 4111 2134 4169 serpentes,
2166 4103 2404 4171 aSpides,
2428 4118 2488 4157 ea
2499 4117 2727 4172 rumque
2752 4103 2997 4174 improba
3020 4103 3200 4173 proles
3225 4105 3414 4161 absce-

1826 4192 1996 4257 dent;
2039 4191 2109 4245 ita
2143 4199 2202 4246 ut
2230 4194 2346 4248 haec
2369 4193 2424 4247 in
2459 4194 2708 4248 homines
2741 4195 2851 4248 vim
2898 4194 3040 4249 ultra
3095 4209 3202 4249 non
3255 4212 3412 4251 exer-

1824 4298 1917 4338 cca
1926 4293 2004 4337 nt.

1894 4374 2060 4432 Vsus.
2096 4376 2186 4431 50.
2212 4375 2347 4430 Nam
2382 4394 2402 4429 ι
2436 4387 2749 4446 pascentur,
2779 4377 2978 4448 inquit,
3003 4394 3100 4449 per
3127 4396 3248 4434 eum
3273 4394 3408 4450 pau-

126 4445 366 4515 πένητες
421 4448 481 4502 δὲ
535 4449 813 4523 ἄνθρωποι
857 4457 945 4509 ἐπ’
1000 4461 1221 4532 εἰρήνης
1271 4463 1715 4521 ἀναπαύσονται·

1840 4479 1983 4520 Jeres
2020 4484 2033 4519 :
2073 4468 2263 4537 inopes
2289 4475 2472 4521 autem
2501 4467 2750 4524 homines
2786 4469 2838 4523 in
2895 4485 3028 4538 pace
3078 4470 3402 4541 quiescent:

124 4539 308 4595 ἀνελεῖ
348 4541 410 4596 δὲ
445 4543 592 4616 λιμῷ
619 4545 682 4599 τδ
722 4549 944 4622 σπέρμα
991 4569 1106 4616 σου,
1143 4555 1237 4608 καὶ
1272 4557 1334 4610 τὸ
1366 4559 1722 4631 κατάλειμμά

127 4648 220 4684 σου
246 4634 454 4689 ἀνελεῖ.
480 4656 499 4688 ι
530 4637 702 4693 Τοῦτο
729 4643 826 4713 μὲν
856 4639 951 4697 οὖν
988 4645 1050 4700 τὸ
1091 4648 1420 4720 ἐρπυστικὺν
1448 4651 1543 4705 καὶ
1571 4653 1715 4706 ἰοϐό-

124 4723 216 4778 λον
267 4725 427 4794 γένος
463 4727 608 4801 λιμῷ
659 4732 838 4788 ἀνελεῖ
882 4735 912 4787 ὁ
960 4739 1456 4810 προφητευόμενος,
1514 4743 1714 4813 μηκέτι

124 4817 447 4888 ἐπιτρέπων
473 4823 682 4895 τροφὴν
711 4825 813 4897 τὴν
853 4827 1081 4899 συνήθη,
1117 4828 1319 4904 δηλαδὴ
1355 4833 1456 4904 τὴν
1492 4833 1580 4889 διὰ
1615 4835 1714 4889 θυ-

126 4911 262 4964 σιιῖιν
299 4917 370 4985 τῇ
412 4913 699 4990 δαιμονικῇ
756 4919 931 4994 πλάνῃ
981 4924 1388 4996 προσφέρεσθαι
1419 4944 1434 4957 ·
1479 4929 1606 4992 τοὺς
1658 4930 1716 4984 δὲ

123 5001 322 5056 ἑαυτοῦ
341 5009 593 5076 πτωχοὺς
641 5010 919 5082 ἐκθρέψει,
946 5012 1042 5065 καὶ
1077 5015 1136 5068 ἐν
1165 5017 1356 5088 εἰρήνῃ
1387 5017 1712 5086 ἀναπαύσει,

129 5099 328 5167 μηκέτι
379 5102 911 5176 παρενοχλουμένους
971 5109 1078 5164 ὑπὸ
1133 5109 1244 5163 τῶν
1300 5112 1711 5183 παραδοθέντων

129 5189 396 5258 ἑρπετῶν.
422 5192 658 5248 Δύναται
690 5196 876 5266 μέντοι
901 5199 1076 5254 ταῦτα
1118 5200 1214 5254 καὶ
1251 5201 1452 5274 ἑτέρως
1497 5204 1579 5266 εἰς
1616 5203 1710 5258 τὸν

139 5280 390 5347 Ἑζεκίαν
437 5285 809 5358 πληροῦσθαι·
856 5291 980 5356 τοὺς
1021 5291 1132 5365 γὰρ
1167 5291 1334 5347 πάλαι
1380 5294 1523 5348 κατὰ
1576 5293 1710 5348 Θεὸν

128 5379 548 5449 πτωχεύσαντας
575 5381 635 5434 ἐν
662 5383 822 5436 παντὶ
859 5382 940 5454 τῷ
993 5383 1259 5439 Ἰουδαίων
1299 5383 1444 5439 ἔθνει
1481 5385 1713 5456 ἀνεκτή-

129 5486 260 5524 σατο
308 5474 538 5542 τροφαῖς
580 5473 823 5539 λογικαῖς
869 5476 964 5530 καί
1009 5476 1379 5542 διδασκαλίαις
1403 5493 1418 5506 ·
1469 5475 1564 5541 οὓς
1613 5477 1708 5531 καὶ

128 5563 458 5636 κατέστησεν
489 5565 582 5618 ἐπὶ
605 5564 705 5638 τὴν
736 5565 904 5640 καλὴν
926 5567 1095 5641 νομὴν
1126 5567 1222 5622 τοῦ
1257 5569 1358 5641 τῆς
1392 5567 1709 5635 θεοσεϐείας

195 5767 245 5801 ’⁸
270 5766 336 5825 lV
373 5767 507 5840 Reg.
530 5782 690 5835 xvnt,
712 5765 768 5823 8.

1827 4557 1974 4612 fame
1999 4572 2129 4613 vero
2161 4559 2454 4614 interficiet
2489 4573 2676 4615 semen
2699 4570 2872 4625 tuum,
2902 4570 2957 4615 et
2985 4561 3240 4630 reliquias
3286 4571 3405 4618 tuas

1825 4645 2124 4701 interimet.
2167 4667 2186 4700 ι
2225 4647 2340 4704 Hoc
2371 4650 2538 4718 igitur
2574 4651 2768 4720 reptile
2791 4660 2846 4706 et
2869 4662 3194 4706 venenatum
3233 4667 3404 4721 genus

1822 4734 1965 4791 fame
1999 4739 2216 4794 necabit
2243 4740 2310 4808 is,
2351 4741 2447 4809 qui
2475 4741 2527 4794 in
2567 4742 2847 4811 prophetia
2895 4743 3066 4796 fertur
3089 4781 3105 4806 ,
3138 4757 3239 4797 nec
3263 4743 3400 4795 ultra

1822 4830 2102 4900 permittet
2125 4840 2184 4886 ut
2211 4840 2506 4889 consuetus
2537 4834 2712 4898 cibus,
2743 4825 2995 4888 videliCet
3037 4848 3134 4904 per
3191 4834 3403 4888 sacrifi-

1822 4923 2326 4988 cia,-.d:emoniacae
2377 4925 2758 4994 superstitioni
2813 4925 3091 4981 offeratur.
3127 4924 3399 4992 Pauperes

1789 5021 1791 5023 ’
1823 5025 2005 5068 autem
2039 5029 2168 5070 suos
2199 5015 2459 5080 enutriet,
2488 5024 2544 5069 et
2589 5014 2644 5068 in
2699 5029 2832 5082 pace
2881 5015 3166 5085 quiescere
3214 5013 3397 5076 faciet,

1821 5121 1928 5161 non
1951 5105 2088 5160 ultra
2123 5116 2348 5161 vexatos
2372 5121 2401 5160 a
2451 5107 2768 5159 memoratis
2816 5105 3121 5174 reptilibus.
3162 5101 3398 5158 Possunt

1818 5199 1983 5254 etiam
2019 5189 2204 5254 is'thazc
2239 5199 2348 5253 alio
2379 5199 2538 5253 modo
2576 5198 2630 5252 in
2660 5198 2896 5254 Ezechia
2928 5196 3146 5267 impleta
3176 5195 3344 5251 fuisse
3378 5214 3393 5250 :

1818 5290 1935 5360 ipse
1963 5289 2108 5346 enim
2139 5305 2255 5357 eos,
2288 5290 2378 5360 qni
2415 5295 2466 5343 in
2515 5290 2772 5345 universo
2798 5287 3036 5376 _Jud.aico
3080 5289 3275 5360 populo
3307 5303 3397 5343 se—

1817 5384 2054 5439 cundum
2080 5383 2246 5439 Deum
2271 5398 2534 5455 pauperes
2557 5382 2687 5438 olim
2718 5381 2961 5449 fuerant,
2989 5382 3129 5438 cibis
3156 5382 3401 5464 rationa-l

1814 5474 1956 5531 libus
1983 5483 2040 5530 et
2069 5474 2316 5529 doctrina
2354 5474 2660 5541 recreavit;
2704 5488 2842 5544 quos
2885 5473 3013 5527 item
3065 5472 3119 5526 in
3171 5473 3396 5542 Optimis

1815 5566 1953 5641 ejus,
1982 5581 2103 5637 qua:
2129 5568 2272 5638 piam
2296 5566 2614 5636 religionem
2639 5565 2820 5634 docet,
2851 5564 2984 5637 legis
3011 5566 3231 5635 pascuis
3269 5579 3396 5622 con-
