3862 6210
462 290 568 349 199

1162 288 1431 345 EUSEBII
1468 287 1948 345 CESAR‘IENSIS
1985 286 2136 345 OPP.
2181 285 2360 343 PARS
2399 286 2488 347 Ill.
2544 316 2597 328 -
2637 286 3049 347 EXEGETICA.

3612 290 3713 347 200

461 410 669 479 stituit;
702 418 759 465 ut
785 410 988 466 divinis
1020 409 1475 481 cogitationibus,
1498 422 1552 466 et
1577 425 1734 465 sacra
1780 410 2029 467 doctrina

2144 410 2333 479 νόμου,
2399 407 2686 479 βόσκεσθαι
2740 411 2850 471 τοῖς
2924 408 3087 472 θείοις
3158 408 3387 480 νοήμασι
3450 410 3545 462 καὶ
3602 415 3713 473 ταῖς

460 512 817 573 pascerentur
844 512 901 556 et
933 502 1227 557 alerentur.

535 593 700 651 Vens.
743 595 833 650 3|.
885 615 902 648 ι
937 594 1155 651 Ululate
1191 602 1360 663 porta
1411 595 1693 651 civitatum
1722 636 1738 661 ,
1800 596 2037 651 clament

458 688 708 744 civitates
736 689 967 743 turbata:
987 728 1002 753 ,
1051 687 1306 759 allophyli
1361 703 1549 743 omnes
1572 729 1587 755 ,
1624 688 1753 758 quia
1782 690 1850 743 ab
1882 690 2036 758 aqui-

460 778 582 834 lone
611 779 790 835 fumus
824 783 1001 845 venit,
1047 788 1103 833 et
1151 794 1257 833 non
1303 790 1386 833 est
1431 788 1491 834 ut
1539 781 1632 835 sit.
1676 799 1696 833 ι
1728 780 2033 849 Signiﬁcat,

459 872 534 925 uti
567 872 821 938 diximus,
846 872 1191 943 Assyriomm
1227 888 1408 941 regem
1438 914 1453 937 ,
1483 873 1573 942 qui
1612 874 1681 928 ab
1700 873 2035 943 aquilonari-

457 960 559 1015 bus
588 962 832 1031 partibus
860 971 1103 1029 tempore
1134 961 1383 1018 Ezechiae
1407 963 1715 1032 irrumpens
1740 1003 1755 1031 ,
1790 963 2035 1032 allophy-

457 1054 539 1109 los
585 1053 927 1109 Palaestinam
973 1055 1269 1111 incolentes
1326 1056 1548 1111 ditionis
1604 1070 1718 1110 sua:
1766 1056 1933 1121 fecit;
1963 1056 2036 1108 ita

459 1155 517 1197 ut
545 1145 709 1200 urbes
742 1146 957 1215 quidem
987 1147 1294 1212 obsideret,
1324 1162 1511 1201 earum
1541 1147 1768 1216 populos
1794 1146 2038 1216 captivos

457 1237 769 1303 abduceret,
804 1237 1125 1307 urbiumque
1157 1246 1347 1307 portas
1390 1237 1723 1293 incenderet.

529 1418 693 1474 Vsus.
723 1418 812 1474 32.
850 1436 870 1470 ι
897 1419 962 1474 Ει
989 1420 1115 1489 quid
1142 1421 1549 1490 respondebunt
1573 1435 1726 1490 reges
1754 1421 2038 1492 gentium?

460 1510 593 1578 Quia
623 1512 881 1567 Dominus
934 1512 1177 1566 fundavit
1219 1513 1349 1568 Sion
1396 1531 1409 1567 :
1445 1524 1500 1569 et
1539 1529 1637 1584 per
1681 1528 1804 1569 eum
1855 1514 2034 1569 salva-

462 1605 661 1657 buntur
710 1603 943 1658 humiles
981 1619 1011 1658 e
1060 1605 1275 1674 populo.
1318 1624 1336 1657 ι
1370 1605 1665 1659 Maximum
1727 1606 1833 1661 illis
1875 1621 2036 1676 argu-

458 1700 696 1746 mentum
733 1694 873 1759 erit,
927 1694 1093 1748 Deum
1131 1710 1243 1749 suae
1288 1710 1409 1750 esse
1445 1696 1725 1751 custodem
1771 1696 2029 1762 civitatis,

455 1785 596 1853 quod
629 1784 716 1839 illa
764 1784 898 1839 nihil
944 1786 1049 1841 tale
1100 1786 1339 1857 patiatur
1369 1826 1384 1853 ,
1444 1787 1604 1857 quale
1654 1795 1864 1843 cazterae
1898 1787 2033 1842 civi-

458 1886 614 1930 tates.
1712 1882 1721 1894 ’

1036 1967 1269 2025 CAPUT
1325 1968 1444 2027 XV.

529 2058 692 2113 Vsus.
722 2058 773 2112 1.
806 2075 824 2109 ι
878 2056 1118 2113 Verbum
1165 2070 1354 2114 contra
1397 2060 1742 2116 Moabitidem
1797 2081 1811 2118 :
1861 2063 2033 2119 Noctu

456 2151 657 2220 peribit
696 2150 875 2214 Moab,
895 2162 1053 2205 noctu
1084 2151 1227 2205 eiiim
1258 2151 1456 2221 peribit
1486 2170 1674 2210 murus
1701 2155 2031 2221 Moabitidis,

456 2246 633 2299 dolete
677 2245 730 2299 in
773 2241 1201 2313 vobismet'ipsis.
1243 2264 1262 2297 ι
1298 2246 1355 2301 1η
1399 2246 1625 2301 exordio
1671 2249 2031 2317 ignorantiam

458 2336 594 2401 Dei,
627 2352 748 2404 qua!
781 2337 921 2405 apud
954 2337 1101 2403 ipsos
1150 2336 1506 2402 obtinuerat,
1555 2349 1767 2393 noctem
1801 2349 1855 2394 et
1891 2350 2033 2395 teneo

459 2429 586 2483 bras
630 2430 844 2484 vocavit
892 2446 906 2483 :
960 2430 1013 2483 in
1051 2430 1270 2499 ipsaque
1313 2442 1472 2484 nocte
1513 2446 1701 2485 eorum
1737 2432 2032 2500 perniciem

456 2521 576 2576 fore
601 2524 967 2578 comminatur
991 2522 1077 2577 his
1104 2525 1304 2590 verbis,
1337 2544 1355 2577 ι
1393 2523 1564 2578 Noctu
1597 2525 1795 2593 peribit
1828 2524 2034 2580 Moabi-

454 2614 544 2668 tis.
581 2632 601 2665 ι
645 2613 838 2668 Postea
872 2616 937 2670 de
983 2615 1104 2670 loco
1151 2616 1241 2673 ubi
1290 2632 1478 2673 eorum
1518 2618 1824 2672 idololatria
1850 2620 2035 2675 consi-

453 2707 636 2772 debat,
665 2708 782 2763 haec
802 2708 1108 2779 subjungit:

524 2799 687 2857 Vsus.
722 2801 777 2855 2.
814 2819 833 2853 ι
890 2802 1095 2857 Peribit
1142 2803 1285 2857 enim
1327 2810 1381 2856 et
1415 2802 1586 2859 Dibon
1615 2844 1632 2871 ,
1681 2805 1771 2861 ubi
1805 2814 1889 2862 est
1939 2821 2033 2861 ara

455 2900 677 2947 vestra:
712 2892 837 2948 illuc
866 2896 1171 2949 ascendetls
1218 2896 1285 2949 ad
1350 2896 1690 2965 plorandum.
1742 2916 1761 2950 ι
1811 2897 1867 2951 1η
1928 2898 2035 2953 line

454 2993 631 3037 autem
683 2987 1018 3055 prophetiae,
1071 2986 1191 3041 illas
1245 3002 1461 3043 rursum
1528 3004 1650 3043 aras
1699 3004 2032 3045 commemo-

2142 502 2313 571 ἱεραῖς
2363 501 2754 564 διδασκαλίαις,
2789 500 2882 554 καὶ
2923 500 3280 572 ἐντρέφεσθαι
3326 502 3577 573 ποιήσας.

2211 612 2231 646 ι
2273 591 2609 659 Ὀλολύξατε,
2634 591 2799 646 πύλαι
2831 591 3059 656 πόλεων,
3088 591 3508 663 κεκραγέτωσαν
3539 592 3712 654 πόλεις

2137 686 2561 759 τεταραγμέναι,
2590 688 2639 740 οί
2684 686 2971 756 ἀλλόφυλοι
3014 687 3235 750 πάντες,
3280 687 3363 740 ὅτι
3406 686 3515 740 ἀπὸ
3551 686 3715 759 βορρᾶ

2138 779 2344 843 καπνὸς
2381 778 2619 851 ἔρχεται,
2652 778 2745 832 καὶ
2773 779 2874 832 οὐκ
2907 778 3024 831 ἐστι
3064 778 3155 832 τοῦ
3195 774 3352 831 εἶναι.
3402 798 3421 830 ι
3462 778 3714 849 Σημαίνει

2136 871 2213 933 δὲ,
2267 871 2344 934 ὡς
2388 871 2616 942 ἔφημεν,
2666 871 2758 925 τὸν
2812 871 2923 926 τῶν
2980 871 3280 942 Ἀσσυρίων
3344 870 3587 941 βασιλέα,
3640 871 3713 934 ὃς,

2138 962 2378 1016 ἐπελθὼν
2407 962 2514 1016 ἀπὸ
2533 962 2640 1015 τῶν
2665 961 3024 1033 βορειοτέρων
3052 962 3233 1033 μερῶν
3260 962 3401 1014 κατά
3419 963 3546 1025 τοὺς
3577 960 3718 1025 Ἐζε-

2139 1054 2257 1108 κίου
2287 1055 2530 1126 χρόνους,
2559 1056 2685 1118 τοὺς
2715 1054 2813 1124 τὴν
2843 1052 3206 1123 Παλαιστίνην
3244 1053 3528 1117 οἰκοῦντας
3567 1053 3718 1107 ἀλλο-

2139 1147 2360 1216 φύλους,
2395 1145 2752 1217 ἐχειρώσατο·
2779 1138 2855 1210 ώς
2881 1146 3241 1217 πολιορκῆσαι
3275 1146 3374 1217 μὲν
3402 1146 3501 1209 τὰς
3533 1145 3717 1209 πόλεις

2136 1240 2336 1299 αὐτῶν,
2382 1238 2702 1310 αἰχμάλωτα
2748 1236 2804 1290 δὲ
2844 1238 3029 1291 λαϐεῖν
3066 1238 3135 1291 τὰ
3179 1240 3237 1292 ἐν
3277 1238 3469 1302 αὑταῖς
3518 1237 3714 1308 πλήθη,

2140 1331 2420 1403 ἐμπρῆσαι
2442 1330 2498 1383 δὲ
2520 1330 2628 1383 τῶν
2649 1329 2855 1385 πόλεων
2875 1329 2976 1393 τὰς
3004 1329 3197 1393 πύλας.

2215 1439 2234 1472 ι
2282 1421 2393 1474 Καὶ
2429 1420 2483 1473 τί
2536 1420 3000 1491 ἀποκριθήσονται
3056 1419 3298 1489 βασιλεῖς
3349 1417 3553 1484 ἐθνῶν;
3600 1419 3718 1472 Ὅτι

2137 1513 2339 1584 Κύριος
2368 1510 2694 1581 ἐθεμελίωσε
2726 1509 2884 1573 Σιὼν,
2929 1510 3021 1563 καὶ
3070 1509 3136 1563 δι’
3176 1508 3338 1563 αὑτοῦ
3386 1507 3719 1579 σωθήσονται

2135 1605 2186 1658 oi
2213 1603 2457 1658 ταπεινοὶ
2495 1602 2592 1656 τοῦ
2629 1602 2780 1657 λαοῦ.
2819 1623 2837 1655 ι
2873 1604 3147 1673 Μέγιστον
3197 1603 3307 1675 γάρ
3348 1603 3532 1666 αὐτοῖς
3568 1602 3719 1655 ἐσται

2136 1696 2349 1767 δεῖγμα,
2390 1695 2481 1750 τὸν
2511 1694 2643 1748 Θεὸν
2699 1692 2839 1750 εἶναι
2887 1697 2978 1749 τὸν
3020 1696 3122 1767 τῆς
3165 1695 3329 1749 αὐτοῦ
3372 1694 3580 1758 πόλεως
3632 1694 3721 1764 φύ-

2136 1786 2294 1852 λακα,
2316 1786 2375 1839 τὸ
2399 1786 2563 1859 μηδὲν
2590 1786 2783 1842 παθεῖν
2804 1787 2976 1861 αὐτὴν
3006 1788 3189 1859 ὅμοιον
3209 1790 3331 1851 ταῖς
3368 1787 3584 1855 λοιπαῖς
3625 1787 3709 1840 πό-

2135 1877 2301 1933 λεσιν.

2660 1964 3057 2024 ΚΕΦΑΛΑῙΟΝ
3096 1971 3197 2023 ῙΕ’.

2213 2080 2231 2113 ι
2269 2062 2344 2115 Τὸ
2374 2062 2611 2134 ρἧατδ
2645 2061 2785 2116 κατὰ
2813 2062 2911 2133 τῆς
2941 2059 3315 2124 Μωαϐίτιδοςο
3343 2060 3556 2123 Νυκτὸς
3587 2061 3721 2114 ἀπο-

2136 2153 2307 2207 λεῖται
2336 2156 2369 2225 ἡ
2396 2149 2571 2208 Μωόῖό
2595 2172 2610 2186 ο
2660 2153 2852 2216 νυκτὸς
2882 2153 2989 2225 γὰρ
3017 2152 3298 2206 ἀπολεῖται
3328 2152 3389 2205 τὸ
3417 2154 3597 2223 τεῖχος
3622 2153 3718 2222 τῆς

2136 2246 2498 2311 Μωαϐίτιδος,
2535 2246 2792 2300 λυπεῖσθε
2821 2246 2905 2315 ἐφ’
2941 2247 3184 2309 ἑαυτούς.
3225 2264 3243 2298 ι
3275 2244 3438 2298 Ὅθεν
3482 2246 3721 2316 ἀρχόμε-

2136 2355 2223 2402 νος
2253 2338 2351 2411 τὴν
2378 2339 2783 2411 ἐπικρατοῦσαν
2806 2338 2984 2391 αὐτῶν
3008 2337 3230 2407 ἄγνοιαν
3261 2337 3356 2391 τοῦ
3378 2337 3533 2402 Θεοῦ,
3549 2337 3720 2391 νύκτα

2137 2432 2229 2484 καὶ
2257 2432 2445 2495 σκότος
2469 2432 2770 2503 ὠνόμασεν,
2799 2433 2857 2485 ἐν
2890 2431 3025 2501 αὐτῇ
3054 2449 3112 2483 τε
3143 2434 3208 2502 τῇ
3238 2431 3393 2485 νυκτὶ
3433 2431 3532 2484 τὴν
3557 2430 3715 2484 ἀπώ-

2135 2525 2284 2578 λειαν
2322 2524 2500 2578 αὐτῶν
2521 2524 2737 2577 ἔσεσθαι
2765 2522 2977 2576 ἀπειλεῖ
3000 2525 3179 2593 φήσας
3194 2540 3207 2553 ·
3234 2542 3253 2574 ι
3271 2522 3479 2585 Νυκτὸς
3500 2523 3724 2576 ἀπολεῖ-

2134 2618 2282 2688 ταιὴ
2316 2618 2617 2680 Μωαϐῖτις,
2653 2635 2671 2669 ι
2725 2612 2859 2669 Εἶτα
2901 2615 3030 2685 ἑξῆς
3061 2616 3189 2687 περὶ
3217 2613 3313 2668 τοῦ
3358 2614 3557 2679 τόπου,
3586 2614 3647 2667 ἐν

2138 2708 2319 2780 ἵδρυτο
2346 2708 2524 2762 αὐτῶν
2552 2709 2585 2779 ὴ
2618 2706 3047 2777 εἰδωλολατρεία,
3075 2705 3317 2773 ἐπιλέγει
3340 2721 3357 2735 ο

2212 2820 2230 2854 ι
2272 2802 2577 2855 Ἀπολεῖται
2620 2801 2729 2871 γὰρ
2756 2800 2849 2853 καὶ
2892 2786 3110 2871 Δηϐὼν,
3136 2792 3198 2852 οὗ
3239 2798 3268 2850 6
3308 2796 3491 2866 βωμὸς
3521 2797 3685 2867 ὑμῶν

2136 2895 2254 2949 ἐκεῖ
2279 2893 2615 2966 ἀναϐήσεσθε
2650 2892 2879 2947 κλαίειν.
2917 2912 2936 2943 ι
2987 2892 3109 2944 Ἐπὶ
3136 2891 3276 2944 τέλει
3304 2890 3361 2943 δέ
3380 2890 3479 2958 τῆς
3509 2906 3702 2960 προφη

2134 2988 2287 3051 τείας
2346 2986 2454 3040 τῶν
2505 2986 2686 3039 αὐτῶν
2730 2985 2894 3038 πάλιν
2957 2983 3226 3055 μέμνηται
3267 2981 3465 3053 βωμῶν
3503 2980 3685 3049 λέγων
3709 2999 3724 3012 ο

455 3077 731 3133 ratverbis
763 3079 867 3143 bis,
893 3098 912 3131 ‹
942 3079 1074 3146 Quia
1104 3079 1327 3150 fatigata
1358 3089 1443 3133 est
1470 3078 1625 3134 Moab
1645 3120 1659 3144 ,
1685 3098 1704 3132 ι
1734 3090 1788 3135 et
1807 3092 2025 3135 caetera.

2144 3098 2161 3131 ι
2194 3081 2315 3133 Ὅτι
2346 3079 2605 3132 ἐκοπίασε
2635 3075 2833 3141 Μωάϐ,
2877 3095 2895 3127 ι
2929 3076 3023 3129 καὶ
3054 3074 3124 3128 τὰ
3145 3071 3289 3144 ἑξῆς.

531 3168 692 3224 Vsus.
740 3171 795 3225 5.
856 3188 875 3222 ι
932 3171 986 3224 In
1019 3169 1204 3225 Naban
1238 3170 1545 3226 Moabitidis
1578 3171 1781 3227 ululate
1815 3190 1832 3228 :
1868 3188 2031 3244 super

452 3275 613 3317 omne
661 3270 823 3331 caput
872 3262 1121 3317 calvities
1152 3303 1167 3327 ,
1201 3263 1383 3316 omnia
1433 3263 1657 3317 brachia
1702 3264 1885 3318 decisa
1924 3281 1940 3318 :
1977 3265 2028 3318 in

453 3352 647 3423 plateis
672 3352 793 3422 ejus
820 3352 1107 3406 induimiui
1155 3353 1351 3409 saccis.
1384 3371 1402 3404 ι
1438 3352 1528 3407 llis
1562 3368 1728 3423 porro
1757 3354 2033 3423 signiﬁcat

454 3445 775 3500 lnsidentem
807 3445 1002 3514 ponulo
1027 3446 1327 3499 daemonem
1361 3445 1657 3515 tnalignum
1688 3488 1703 3512 ,
1734 3449 1849 3503 sive
1880 3450 2033 3517 prin-

454 3532 629 3605 cipem
670 3536 866 3606 gentis,
904 3547 961 3589 ut
999 3536 1098 3590 sub
1125 3535 1242 3590 hinc
1264 3535 1508 3603 dicitur;
1548 3538 1728 3606 qualis
1755 3539 2034 3609 eratprin-

453 3641 580 3697 σερε
628 3642 723 3683 rex
775 3628 1122 3691 Graecorum,
1173 3637 1228 3682 et
1275 3627 1527 3697 princeps
1576 3628 2029 3701 Babyloniorum.

454 3717 768 3789 Hujusmodi
797 3735 925 3789 ergo
960 3719 1257 3775 daemonem
1297 3720 1349 3775 in
1405 3721 1625 3775 civitate
1672 3720 2029 3775 Moabitarum

454 3809 799 3873 insidentem,
831 3826 859 3863 a
889 3826 996 3879 quo
1018 3826 1075 3865 se
1106 3827 1262 3880 opem
1296 3820 1683 3867 consecuturos
1716 3812 2031 3881 sperabant,

455 3902 511 3955 in
567 3904 947 3970 congressibus
1001 3912 1190 3958 contra
1238 3904 1489 3958 inimicos
1534 3904 1859 3974 capiendum
1910 3918 2034 3959 esse

458 4001 557 4064 ait,
594 3998 719 4068 quia
751 3997 963 4051 animas
990 4012 1177 4051 eorum
1208 3997 1585 4061 conculcabat,
1611 4011 1812 4066 easque
1836 3997 1888 4050 in
1922 4007 2033 4051 ter-

458 4105 572 4143 ram
625 4088 897 4158 respicere
925 4088 1153 4158 cogebat
1181 4126 1195 4152 ,
1252 4090 1323 4142 ita
1371 4097 1429 4142 ut
1470 4104 1630 4144 nemo
1663 4098 1847 4158 posset
1872 4098 2031 4159 caput

455 4180 649 4235 efferre
675 4192 727 4235 et
750 4194 962 4234 sursum
994 4180 1225 4244 intueri;
1254 4195 1421 4250 quare
1446 4181 1541 4243 ait,
1580 4199 1600 4233 ι
1633 4180 1768 4247 Quia
1801 4183 2032 4236 commi-

457 4271 629 4327 litium
662 4282 835 4338 tuum,
859 4281 914 4328 et
948 4273 1198 4344 princeps
1228 4272 1408 4341 periit,
1453 4272 1544 4343 qui
1582 4272 1635 4328 in
1667 4283 1812 4327 terra
1841 4272 2033 4327 auibu-

456 4366 622 4424 labat.
655 4384 676 4419 ι

1050 4457 1278 4514 CAPUT
1318 4457 1461 4514 XVI.

524 4554 693 4609 Vens.
739 4553 859 4609 1-5.
908 4572 928 4606 ι
971 4552 1179 4609 Mittam
1228 4555 1382 4625 quasi
1442 4553 1654 4624 reptilia
1695 4567 1858 4624 super
1919 4563 2031 4608 ter—

456 4664 593 4703 ram.
637 4646 775 4702 Num
808 4657 957 4719 petra
987 4647 1197 4702 deserta
1236 4655 1319 4702 est
1360 4661 1517 4702 mons
1546 4646 1673 4701 lilia:
1703 4646 1882 4702 Sion?
1908 4645 2029 4702 Eris

455 4743 599 4796 enim
633 4743 784 4812 quasi
814 4755 923 4795 ave
947 4740 1196 4795 avolante
1218 4779 1233 4803 ,
1266 4738 1446 4808 pullus
1499 4739 1714 4794 ablatus
1760 4740 1889 4804 eris,
1923 4740 2029 4793 lilia

456 4830 635 4886 Moab.
672 4831 872 4885 Deinde
899 4832 1081 4884 Arnon
1116 4829 1269 4899 plura
1311 4829 1548 4884 delibera
1579 4848 1593 4884 :
1622 4828 1710 4884 fac
1739 4831 2029 4887 tentorium

456 4923 627 4979 luctus
669 4932 724 4977 tu
776 4924 889 4993 ipsa
933 4937 1166 4992 semper.
1218 4921 1273 4976 In
1317 4921 1634 4977 meridianis
1664 4922 1903 4979 tenebris
1952 4922 2031 4976 l'u-

455 5015 625 5084 giunt,
657 5012 1075 5080 obstupuerunt,
1114 5025 1182 5065 ne
1211 5011 1453 5079 graviter
1490 5011 1655 5067 feras.
1690 5011 2029 5067 Habitabunt

455 5105 592 5172 apud
625 5113 675 5157 te
723 5101 933 5173 profugi
965 5101 1139 5158 Moab.
1193 5101 1368 5155 Erunt
1406 5102 1559 5158 vobis
1590 5110 1954 5173 tegumentum
1997 5118 2028 5157 a

456 5197 591 5252 facie
615 5194 1017 5268 persequenlis,
1049 5194 1175 5264 quia
1209 5195 1479 5249 sublatum
1517 5205 1602 5251 est
1641 5196 2019 5251 commilitium

458 5302 644 5356 tuum,
670 5299 725 5345 et
753 5290 1001 5361 princeps
1052 5290 1213 5359 periit
1246 5290 1341 5359 qui
1387 5288 1701 5343 ambulabat
1734 5303 1898 5358 super
1928 5298 2031 5344 ter-

457 5397 591 5436 ram.
634 5382 703 5436 Et
750 5380 1142 5437 restaurabitur
1168 5397 1291 5437 cum
1347 5380 1717 5435 misericordia
1748 5382 1974 5435 thronus
2008 5397 2024 5436 :

456 5480 505 5527 et
533 5473 736 5527 sedebit
774 5474 828 5528 in
859 5488 922 5527 eo
954 5489 1076 5527 cum
1105 5473 1334 5527 veritate
1370 5473 1422 5525 in
1459 5470 1805 5525 tabernaculo
1832 5468 2026 5534 David.

454 5563 703 5635 judicans
733 5572 785 5619 et
811 5579 1058 5634 quzereus
1094 5564 1389 5634 judicium,
1418 5575 1475 5618 et
1507 5562 1768 5619 velociter
1798 5562 2028 5617 reddens

2210 3190 2229 3223 ι
2291 3171 2414 3225 Ἐπὶ
2467 3169 2655 3223 Ναϐὰν
2710 3169 2811 3238 τῆς
2865 3166 3205 3230 Μωαϐίτιδος
3255 3164 3564 3229 ὀλολύξατε,
3631 3165 3724 3219 ἐπὶ

2133 3264 2317 3336 πάσης
2346 3263 2592 3334 κεφαλῆς
2620 3262 2984 3333 φαλάκρωμα,
3033 3262 3233 3323 πάντες
3287 3260 3575 3331 βραχίονες
3617 3276 3723 3314 κα-

2132 3357 2532 3428 τατετμημένοι
2557 3373 2571 3385 ⁸
2607 3357 2665 3409 ἐν
2688 3358 2809 3419 ταῖς
2838 3355 3119 3418 πλατείαις
3138 3353 3308 3423 αὐτῆς
3340 3351 3721 3424 περιζώσασθι

2134 3448 2391 3510 σάκκους.
2430 3467 2448 3500 ι
2482 3447 2745 3518 Σημαίνει
2787 3445 2844 3499 δὲ
2874 3446 2962 3499 διὰ
2987 3446 3194 3499 τούτων
3229 3446 3321 3500 τὸν
3356 3446 3723 3517 ἐφεδρεύοντα

2131 3540 2209 3612 τῷ
2231 3540 2371 3594 ἔθνει
2397 3538 2626 3609 δαίμονα
2651 3538 2906 3611 πονηρὸν,
2936 3539 2969 3609 ἢ
3005 3538 3096 3591 τὸν
3121 3538 3355 3608 ἄρχοντα
3387 3536 3481 3591 τοῦ
3509 3536 3723 3603 ἔθνους,

2131 3631 2209 3695 ὡς
2254 3629 2391 3701 μετὰ
2440 3628 2613 3682 ταῦτα
2638 3628 2872 3700 εἴρηται·
2906 3622 3020 3692 οἷος
3064 3622 3133 3697 ἦν
3173 3628 3202 3680 6
3249 3627 3432 3699 ἄρχων
3465 3627 3724 3697 βασιλεὺς

2143 3725 2413 3794 Ἐλλήνων
2445 3724 2538 3776 καὶ
2576 3723 2604 3775 6
2646 3722 2756 3774 τῶν
2801 3719 3156 3772 Βαϐυλωνίων
3205 3718 3409 3790 ἄρχων.
3462 3718 3723 3772 Τοιοῦτον

2130 3817 2311 3870 τοίνυν
2336 3816 2426 3869 τὸν
2458 3814 2764 3885 καθήμενον
2792 3812 2884 3865 ἐπὶ
2910 3814 3009 3882 τῆς
3034 3809 3335 3864 Μωαϐιτῶν
3366 3810 3577 3872 πόλεως
3601 3809 3722 3863 δαί-

2135 3926 2294 3980 μονα,
2312 3908 2379 3961 δι’
2404 3902 2465 3963 οὗ
2493 3907 2739 3978 ἐνόμιζον
2763 3904 3012 3976 βοηθείας
3041 3904 3327 3972 τυγχάνειν
3359 3903 3417 3956 ἐν
3436 3905 3559 3966 ταῖς
3580 3902 3724 3973 πρὸς

2132 4003 2259 4065 τοὺς
2292 4000 2580 4071 πολεμίους
2616 3997 2930 4069 συμϐολαῖς,
2957 3996 3182 4050 ἀλεσθαί
3208 4000 3226 4019 ⁶
3264 4011 3451 4066 φησιν,
3481 3994 3723 4065 ἐπείπερ

2131 4093 2234 4157 τὰς
2293 4092 2471 4163 ψυχὰς
2526 4091 2704 4143 αὐτῶν
2767 4089 3089 4153 κατεπάτει,
3128 4088 3277 4142 κάτω
3314 4086 3490 4141 νεύειν
3544 4086 3725 4149 αὐτὰς

2134 4185 2304 4238 ποιῶν
2346 4187 2427 4248 εἰς
2476 4183 2614 4253 γῆν·
2663 4182 2740 4245 ὡς
2775 4181 2977 4253 μηδένα
3007 4181 3234 4234 κύπτειν
3279 4178 3413 4250 μηδὲ
3433 4179 3550 4233 ἄνω
3595 4177 3723 4247 βλέ-

2132 4294 2255 4330 πειν
2282 4276 2544 4330 δύνασθαι
2567 4293 2580 4305 °
2625 4275 2705 4329 διό
2731 4290 2893 4345 φησιν
2913 4290 2927 4303 ·
2974 4291 2993 4324 ι
3024 4272 3147 4326 ’Ότι
3187 4271 3329 4342 ἤρθη
3357 4272 3391 4341 ἡ
3424 4269 3721 4340 συμμαχία

2136 4386 2249 4434 σου,
2267 4369 2361 4423 καὶ
2377 4370 2403 4422 ὁ
2419 4370 2601 4440 ἄρχων
2622 4365 2889 4431 ἀπώλετο,
2920 4365 2950 4417 6
2964 4362 3291 4419 καταπατῶν
3313 4362 3404 4415 ἐπὶ
3422 4362 3521 4432 τῆς
3536 4361 3668 4432 γῆς.
3695 4378 3717 4413 ι

2653 4457 3052 4514 ΚΕΦΑΛΑΙΟΝ
3103 4453 3219 4523 tq'.

2210 4572 2228 4605 ι
2278 4552 2584 4607 Ἀποστελῶ
2623 4551 2699 4615 ὡς
2728 4549 2935 4622 ἐρπετὰ
2981 4550 3073 4602 ἐπὶ
3095 4547 3193 4619 τὴν
3222 4547 3346 4617 γῆν.
3390 4544 3481 4616 Μὴ
3539 4544 3727 4616 πέτρα

2134 4646 2341 4719 ἔρημός
2368 4649 2484 4699 ἐστι
2507 4646 2568 4698 τὸ
2615 4644 2741 4716 ὅρος
2774 4641 3044 4715 θυγατρὸς
3078 4638 3252 4705 Σιών;
3292 4639 3431 4710 Ἔσῃ
3478 4637 3594 4709 γὰρ
3646 4638 3727 4699 ὡς

2135 4737 2382 4791 πετεινοῦ
2413 4736 2805 4806 ἀνιπταμένου,
2851 4734 3039 4796 νοσσὸς
3068 4729 3420 4803 ἀφῃρημένος
3460 4728 3584 4799 ἔσῃ,
3630 4729 3727 4782 θυ-

2133 4829 2313 4900 γάτηρ
2340 4827 2537 4882 Μωάϐ.
2576 4827 2809 4879 Ἔπειτα
2850 4824 2909 4880 δέ
2951 4822 3155 4895 Ἀρνῶν
3178 4821 3399 4875 πλείονα
3436 4818 3725 4889 βουλεύου,

2135 4920 2280 4973 ποίει
2311 4935 2369 4972 τε
2399 4918 2607 4988 σκέπην
2624 4918 2852 4980 πένθους
2876 4914 3013 4986 αὑτὴ
3043 4913 3353 4977 διαπαντός.
3384 4911 3473 4963 Ἐν
3502 4927 3729 4981 μεσημ-

2135 5013 2295 5085 ϐρινῇ
2331 5012 2521 5082 σκοτίᾳ
2547 5010 2859 5079 φεύγουσιν,
2886 5008 3203 5078 ἐξέστησαν,
3234 5006 3307 5076 μὴ
3337 5003 3535 5075 ἀχθῇς.
3568 5004 3727 5076 Παρ-

2136 5103 2419 5176 οικήσουσί
2471 5119 2555 5155 σοι
2605 5103 2655 5155 οί
2696 5100 2935 5172 φυγάδες
2977 5097 3173 5152 Μωάϐ.
3214 5097 3468 5149 Ἔσονται
3536 5095 3725 5164 σκέπη

2136 5197 2266 5267 ὑμῖν
2299 5195 2406 5249 ἀπὸ
2434 5192 2726 5266 προσώπου
2776 5190 3084 5253 διώκοντος,
3105 5190 3188 5242 ὅτι
3219 5186 3361 5258 ήρθη
3405 5187 3439 5257 ὴ
3492 5202 3726 5255 συμμα-

2133 5289 2227 5359 χία
2263 5305 2376 5351 σου,
2408 5288 2503 5340 καὶ
2538 5288 2567 5339 6
2599 5286 2782 5358 ἄρχων
2803 5283 3049 5337 ἀπώλετο
3075 5282 3104 5335 6
3130 5279 3469 5334 καταπατῶν
3501 5278 3595 5331 ἐπὶ
3620 5278 3727 5347 τῆς

2133 5381 2257 5451 γῆς.
2312 5379 2422 5433 Καὶ
2460 5377 2883 5450 διορθωθήσεται
2919 5376 3033 5447 μετ’
3073 5374 3256 5435 ἐλέους
3308 5374 3337 5425 6
3366 5371 3578 5442 θρόνος,
3625 5372 3728 5425 καὶ

2132 5472 2404 5527 καθιεῖται
2430 5472 2519 5524 ἐπ’
2546 5469 2712 5524 αὐτοῦ
2742 5469 2876 5542 μετά
2916 5466 3173 5539 ἀληθείας
3217 5467 3275 5519 ἐν
3316 5468 3491 5537 σκηνῇ
3527 5464 3724 5527 Δαυῖδ,

2132 5565 2333 5635 κρίνων
2363 5564 2457 5620 καὶ
2500 5560 2743 5634 ἐκζητῶν
2771 5563 2969 5632 κρῖμα,
3001 5560 3096 5613 καὶ
3136 5554 3381 5616 σπεύδων
3442 5556 3727 5611 δικαιοσύο

529 5722 547 5739 '
579 5715 829 5776 Fortasse
868 5717 1181 5791 legendum,
1227 5718 1530 5778 ἁλώσεσθαι
1580 5720 1665 5777 vel
1702 5719 1964 5778 ὀλεῑσθαι.
2003 5720 2157 5778 Eon.
