3862 6210
155 293 256 348 901

1121 294 1632 350 υυωΜΕΜΑιιιΑ
1672 295 1740 347 1N
1780 293 2036 353 lSAlAM.
2072 323 2143 337 -
2169 294 2324 353 CAP.
2365 292 2505 363 xw.

3329 305 3442 362 202

154 428 259 485 νην
286 430 309 465 ι
352 411 553 485 ,Ὁρᾷς
582 410 644 467 ob
673 412 861 485 θαῦμα
903 411 997 467 τοῦ
1045 413 1206 483 λόγου
1252 415 1312 469 ἐν
1354 414 1433 486 τῷ
1469 413 1741 487 συμπερά-

1857 416 2148 485 justitiam.
2180 435 2200 471 3
2234 414 2717 474 Viden’sermonis
2742 415 3043 475 mirabilem
3076 419 3132 478 in
3181 420 3287 479 line
3315 440 3443 495 pro-

158 522 337 577 σματι
367 506 468 576 τῆς
509 507 850 579 προφητείας
884 506 1295 579 περιεχόμενον.
1328 508 1489 563 Κατά
1514 509 1575 562 τὸ
1618 509 1754 562 αὐτὸ

154 603 271 672 γάρ
324 602 593 667 θεσπίσας
641 604 971 675 ἀφανισμὸν,
1019 603 1434 674 εὐαγγελίζεται
1493 605 1751 672 ἐλπίδας·

157 691 374 764 σκηνὴν
422 692 588 748 Δαυτδ
612 694 814 764 φήσας,
843 692 939 748 καὶ
986 693 1174 765 θρόνον
1220 693 1357 748 Θεοῦ
1399 695 1529 766 παρ’
1570 695 1757 761 αὐτοῖς

154 785 541 856 συστήσασθαι
560 802 574 817 ⁸
607 788 702 842 καὶ
724 785 898 840 ταῦτα
925 784 1142 839 ἔσεσθαι
1167 786 1351 840 οὐκέτι
1388 786 1448 854 ἐξ
1479 787 1756 860 ἀνθρωπί-

154 894 257 949 νης
286 878 443 942 τινὸς
471 876 733 949 σπουδῆς,
758 878 875 933 ἀλλ’
926 876 988 943 ἐξ
1036 877 1219 943 ἐλέους
1264 878 1399 932 Θεοῦ
1445 879 1542 933 καὶ
1568 880 1757 951 φιλαν-

153 968 438 1040 θρωπίας.
491 970 587 1024 Διὸ
631 970 883 1024 λέλεκται
922 969 1066 1024 κατά
1117 969 1210 1024 τὸν
1267 969 1522 1037 Ἀκύλαν,
1568 990 1589 1023 ι
1642 972 1757 1026 Καὶ⁸

152 1063 626 1135 ἐτοιμασθήσεται
682 1064 742 1117 ἐν
791 1062 928 1134 ἐλέῳ
991 1061 1181 1134 θρόνος
1204 1079 1218 1093 ·
1275 1081 1296 1116 3
1348 1061 1492 1118 κατά
1555 1062 1614 1117 δέ
1661 1063 1755 1117 τὸν

151 1154 516 1221 Θεοδστίωνα,
548 1174 570 1208 ι
610 1156 721 1209 Καὶ
763 1154 1218 1228 ὲτοιμασθήσεται
1266 1156 1383 1227 μετ’
1410 1154 1592 1220 ἐλέους
1631 1156 1758 1229 θρό-

150 1262 267 1309 νος.
314 1263 337 1297 3
370 1244 494 1299 Τίνι
547 1245 605 1299 δὲ
654 1244 1134 1318 ἐτοιμασθήσεται,
1167 1245 1202 1317 ἢ
1255 1246 1472 1309 πάντως
1517 1262 1620 1298 που
1676 1245 1757 1317 τῷ

150 1336 403 1409 Χριστῷ,
428 1336 508 1408 τῷ
534 1337 600 1390 ἐκ
628 1336 943 1409 σπέρματος
970 1334 1135 1391 Δαυῒδ
1154 1336 1566 1408 γεγεννημένῳ;
1600 1337 1759 1391 Ἐσε-

154 1429 285 1482 σθαι
317 1430 502 1483 τοίνυν
549 1429 704 1502 παρὰ
750 1431 865 1495 τοῖς
908 1429 1231 1493 Μωαϐίταις
1273 1429 1462 1503 θρόνον
1515 1428 1756 1502 Χριστοῦ

152 1538 349 1593 φησιν,
380 1514 505 1589 ὲνῷ
524 1522 803 1577 -καθιεῖται
833 1522 974 1594 μετὰ
1006 1519 1269 1591 ἀληθείας
1298 1522 1358 1577 ἐν
1397 1523 1572 1594 σκηνῇ
1590 1520 1756 1575 Δαυῖδ

150 1614 651 1686 τεννηθησόμενος.
685 1613 844 1669 Οῦτω
881 1614 940 1668 δὲ
965 1613 1154 1669 καλεῖν
1199 1612 1359 1668 εἴωθε
1390 1613 1453 1667 τὸ
1480 1630 1755 1685 προφητι-

150 1706 253 1761 ubi;
290 1708 515 1779 πνεῦμα
539 1707 639 1780 τὴν
679 1706 1005 1779 Ἐκκλησίαν
1038 1707 1133 1761 τοῦ
1164 1706 1301 1762 Θεοῦ
1326 1723 1341 1738 ο
1376 1706 1502 1761 ἐπεὶ
1531 1707 1626 1761 καὶ
1660 1704 1755 1761 τὸν

1855 508 2057 580 phetiaa
2078 508 2441 566 (economiam
2468 508 2492 565 ?
2519 507 2654 565 Nam
2679 521 2969 583 postquam
3001 515 3274 573 excidium
3301 520 3446 574 vati-

1855 604 2071 661 cinatus
2093 610 2200 672 est,
2223 603 2414 660 eodem
2448 610 2693 672 tempore
2717 618 2867 675 spem
2896 605 3097 661 bonam
3125 608 3440 670 annuntiat.

1856 692 2071 760 dicens,
2107 692 2521 750 tabernaculum
2567 694 2739 751 David
2767 704 2823 750 et
2873 696 3124 753 thronum
3170 698 3265 756 Dei
3296 703 3439 771 apud

1856 781 1979 839 illos
2020 784 2467 843 conStituendum
2516 799 2685 853 esse;
2738 786 2963 855 haecque
3030 803 3140 843 non
3201 790 3439 847 humana

1856 873 2091 944 quadam
2128 889 2296 945 opera
2323 884 2378 930 et
2404 875 2771 932 sollicitudine
2795 917 2809 942 ,
2848 879 2942 932 sed
2970 894 3035 932 ex
3064 880 3441 939 misericordia

1857 977 1915 1022 et
1939 966 2229 1023 clementia
2260 966 2378 1022 Dei.
2403 966 2585 1035 Quare
2604 969 2904 1024 secundum
2932 968 3187 1041 Aquilam
3218 973 3439 1043 dicitur,

1862 1077 1883 1114 ι
1925 1059 2417 1131 Etpraaparabilur
2448 1062 2502 1115 in
2549 1061 2928 1117 misericordia
2973 1063 3241 1131 thronus;
3280 1085 3300 1119 3
3350 1083 3441 1123 se-

1858 1154 2095 1211 cundum
2144 1154 2574 1210 Tlteodotionem
2623 1169 2793 1221 vero,
2846 1173 2866 1207 ι
2920 1155 2985 1209 Ει
3047 1160 3442 1228 pracparabitur

1855 1260 1980 1301 cum
2012 1245 2390 1301 misericordia
2419 1248 2667 1303 thronus.
2707 1265 2727 1299 3
2768 1247 2867 1303 Cui
2896 1258 3077 1304 autem
3109 1250 3443 1321 praeparabi-

1858 1345 1969 1402 tur,
2001 1337 2106 1392 nisi
2134 1336 2296 1407 plane
2317 1337 2539 1393 Christo
2563 1379 2578 1403 ,
2608 1338 2703 1408 qui
2733 1353 2799 1394 ex
2828 1341 3040 1395 semine
3074 1339 3243 1397 David
3282 1354 3443 1400 natus

1856 1436 1941 1485 est
1964 1429 1988 1483 ?
2010 1429 2101 1484 Ait
2126 1429 2293 1501 igitur
2312 1430 2455 1501 apud
2484 1429 2752 1487 Moabitas
2776 1432 2977 1488 Christi
3008 1433 3263 1490 thronum
3292 1434 3443 1492 futu-

1834 1536 1977 1593 rum
2003 1536 2145 1591 esse,
2190 1522 2244 1578 in
2270 1537 2379 1593 quo
2410 1538 2536 1579 cum
2561 1525 2795 1580 veritate
2838 1527 3050 1582 sedebit
3078 1526 3125 1582 is
3153 1528 3246 1599 qui
3274 1528 3329 1584 in
3360 1538 3443 1585 ta-

1856 1612 2153 1669 bernaculo
2186 1612 2355 1669 David
2383 1614 2693 1670 nasciturus
2733 1626 2839 1670 cst.
2893 1615 2986 1672 Sic
3034 1632 3199 1688 porro
3230 1635 3445 1676 nuncu-

1856 1720 1990 1778 pare
2045 1706 2183 1762 solet
2236 1705 2474 1776 Spiritus
2524 1707 2876 1777 propheticus
2932 1709 3236 1767 Ecclesiam
3293 1712 3440 1770 Dei:

149 1799 394 1871 Χριστὸν
426 1800 590 1855 αὐτὸν
621 1799 787 1854 Δαυῒδ
810 1798 1101 1872 ὀνομάζειν
1124 1797 1263 1866 ἔθος,
1288 1796 1379 1852 διὰ
1406 1797 1469 1852 τὸ
1497 1797 1562 1851 ἐκ
1587 1795 1741 1869 σπέρ-

1857 1811 1983 1852 nam
2016 1799 2191 1868 ipsum
2234 1810 2451 1868 quoque
2480 1794 2759 1854 Christum
2792 1799 3049 1855 Davidem
3080 1816 3281 1858 vocare
3310 1817 3443 1859 con-

154 1910 331 1965 ματος
381 1892 549 1946 Δαυῒδ
596 1892 738 1947 κατά
787 1893 967 1964 σάρκα
1011 1889 1372 1963 γεγεννῆσθαι
1426 1890 1612 1945 αὐτόν.
1663 1889 1756 1943 Διὸ

150 1984 366 2055 σκηνὴν
399 1983 500 2054 μὲν
530 1982 698 2036 Δαυῒδ
739 1983 839 2054 τὴν
866 1982 1194 2054 Ἐκκλησίαν
1243 1980 1531 2048 ἀποκαλεῖ,
1564 1981 1756 2053 θρόνον

146 2076 323 2131 eam
362 2077 459 2130 ἐπὶ
481 2075 687 2147 ταύτης
713 2075 805 2129 τὸν
851 2075 951 2147 τῆς
991 2073 1316 2146 Ἐκκλησίας
1351 2073 1647 2146 πρόεδρον,
1692 2072 1754 2139 ὃς

147 2172 244 2225 τὸν
287 2170 608 2243 σωματικὸν
654 2169 844 2241 ἐπέχει
886 2168 1098 2241 θρόνον,
1139 2169 1305 2223 τόπον
1349 2167 1534 2239 τηρῶν
1563 2166 1755 2238 ὥσπερ

147 2263 245 2317 τοῦ
284 2262 553 2335 Χριστοῦ.
588 2262 774 2333 "Amp
799 2262 876 2326 ὡς
925 2263 985 2316 ἐν
1033 2260 1353 2333 μυστηρίοις
1393 2259 1540 2314 κατά
1588 2260 1753 2332 μέσον

148 2356 251 2426 τῆς
272 2352 615 2425 προφητείας
638 2350 1111 2424 παρεμϐέϐληται,
1135 2350 1232 2406 τοῦ
1253 2352 1410 2421 ἁγίου
1435 2349 1754 2422 Πνεύματος

150 2446 342 2518 μόνοις
365 2447 482 2509 τοῖς
501 2444 754 2517 μέλλουσι
790 2444 1049 2509 συνιέναι,
1083 2446 1181 2499 καὶ
1207 2444 1307 2516 τῆς
1342 2442 1549 2499 τούτων
1571 2442 1755 2512 ἀξιοῦ-

150 2539 281 2594 σθαι
312 2538 573 2610 θεωρίας,
597 2537 696 2609 τὴν
719 2536 925 2592 τούτων
949 2537 1153 2607 γνῶσιν
1182 2536 1647 2609 ταμιευσαμένου.

227 2740 249 2773 ι
306 2719 657 2792 Ἦκούσαμεν
690 2718 793 2792 τὴν
826 2717 985 2794 ὓϐριν
1007 2718 1215 2775 Μωάϐ·
1248 2717 1511 2791 ὑϐριστὴς
1543 2715 1752 2787 σφόδρα

148 2813 253 2887 τὴν
299 2814 698 2886 ὑπερηφανίαν,
728 2816 825 2869 καὶ
867 2815 901 2886 ή
954 2812 1112 2886 ὕϐρις
1142 2811 1309 2866 αὐτοῦ
1356 2811 1454 2866 καὶ
1499 2811 1535 2882 ἡ
1587 2810 1750 2882 μῆνις

152 2908 323 2964 αὐτοῦ
344 2925 363 2939 θ
390 2909 492 2979 οὐχ
515 2907 691 2973 οὕτως
718 2907 755 2979 ἠ
802 2904 1036 2979 μαντεία
1083 2921 1202 2970 σου,
1244 2904 1346 2975 οὐχ
1372 2902 1565 2967 οὕτως.
1604 2902 1753 2958 Ὀλο-

148 2999 304 3066 λύξει
336 3000 550 3056 Μωάϐο
598 3002 659 3055 ἐν
710 2999 821 3072 γὰρ
854 3001 922 3071 τῇ
961 2996 1268 3052 Μωαϐίτιδι
1317 2996 1519 3062 πάντες
1567 2994 1751 3049 ὀλολύ-

151 3088 337 3158 ξουσι·
391 3096 508 3157 τοῖς
557 3091 874 3147 κατοικοῦσι
917 3090 975 3144 δὲ
1003 3088 1112 3162 Σὴθ
1147 3078 1484 3161 μελετήσεις,
1521 3088 1616 3143 καὶ
1646 3088 1749 3141 οὐκ

1857 1890 2078 1957 suevit,
2130 1890 2258 1961 quia
2305 1906 2375 1946 ex
2418 1892 2627 1947 semine
2669 1891 2840 1947 David
2888 1895 3185 1950 secundum
3214 1908 3442 1952 carnem

1856 1988 2020 2035 natus
2052 1989 2157 2037 est.
2188 1981 2554 2049 Quamobrem
2582 1983 2883 2041 Ecclesiam
2914 1985 3137 2055 quidem
3181 1987 3442 2043 taberna-

1856 2072 2036 2127 culum
2092 2073 2262 2130 David
2298 2075 2581 2145 appellat,
2637 2077 2893 2132 thronum
2946 2088 3130 2135 autem
3196 2079 3442 2151 ejusdem

1855 2163 2113 2221 Ecclesiae
2125 2166 2435 2236 praesidem,
2450 2168 2542 2238 qui
2559 2183 2877 2238 corporeum
2901 2173 3159 2227 thronum
3187 2181 3441 2241 occupat,

1853 2264 2021 2327 atque
2046 2271 2145 2313 ceu
2170 2256 2374 2313 Christi
2417 2259 2590 2315 locum
2630 2268 2793 2316 tenet.
2840 2260 2994 2328 Quae,
3016 2275 3116 2316 ceu
3145 2262 3202 2317 in
3231 2273 3441 2333 myste-

1853 2349 1974 2415 riis,
2006 2348 2063 2405 in
2110 2349 2292 2405 medio
2337 2350 2632 2421 prophetia:
2658 2351 2863 2407 inserta
2897 2360 3045 2417 sunt,
3071 2350 3277 2423 Spiritu
3312 2369 3443 2408 san-

1859 2450 1949 2496 cto
1980 2440 2174 2498 horum
2197 2442 2453 2498 notitiam
2489 2443 2560 2499 iis
2606 2452 2823 2499 tantum
2855 2444 2946 2515 qui
2973 2443 3332 2512 intellecturi,
3382 2452 3443 2501 et

1852 2532 2116 2590 harumce
2166 2549 2348 2590 rerum
2396 2536 2715 2606 spectaculo
2758 2537 2907 2609 digni
2946 2536 3181 2595 habendi
3235 2543 3437 2610 erant,

1852 2641 2111 2683 reservan
2119 2635 2194 2684 te.

1928 2718 2092 2776 Vens.
2138 2718 2213 2787 6,
2250 2719 2301 2775 7.
2358 2737 2380 2773 ι
2426 2720 2746 2779 Audivimus
2794 2723 3182 2781 contumeliam
3229 2724 3389 2782 Moab
3417 2765 3435 2793 ,

1852 2812 2280 2871 contumeliosus
2303 2812 2462 2869 valde
2485 2816 2761 2885 superbia,
2777 2826 2832 2872 et
2854 2818 3181 2874 contumelia
3208 2819 3347 2890 ejus,
3380 2830 3440 2877 et

1851 2908 1933 2963 ira
1963 2907 2081 2979 ejus
2111 2925 2128 2963 :
2160 2923 2268 2963 non
2317 2909 2396 2964 sic
2430 2908 2699 2966 divinatio
2735 2921 2824 2967 tua
2851 2951 2869 2979 ,
2901 2927 3008 2967 non
3055 2911 3160 2969 sic.
3196 2912 3439 2971 Ululabit

1851 2998 2011 3055 Moab
2046 3018 2061 3055 :
2097 3015 2225 3055 nam
2254 3000 2309 3055 in
2339 2999 2635 3058 Moabitide
2678 3018 2870 3059 omnes
2916 3003 3243 3063 ululabunt:
3275 3007 3438 3062 habi-

1854 3090 2093 3146 tantibus
2121 3089 2256 3147 Setb
2279 3093 2629 3149 meditaberis
2651 3103 2707 3150 et
2730 3110 2836 3149 non
2870 3096 3241 3156 conl'underis.
3271 3118 3292 3153 3
3326 3100 3437 3157 Ge-

151 3186 498 3259 ἐντραπήσῃ.
536 3204 556 3237 3
591 3186 706 3256 Ούχ
730 3185 916 3257 ὅμοιαι
975 3184 1029 3236 αἱ
1059 3181 1290 3255 πράξεις
1313 3184 1427 3246 τοῖς
1449 3181 1551 3253 τῆς
1577 3182 1741 3253 ὑπερ-

1857 3190 1934 3237 sta
1980 3184 2230 3254 superbis
2258 3184 2419 3241 dictis
2448 3186 2644 3242 similia
2674 3202 2781 3243 non
2817 3197 2976 3256 sunt;
3009 3192 3125 3246 sive
3166 3191 3296 3261 quia
3324 3191 3439 3249 Deo

150 3278 388 3349 ηιρανίας
414 3277 593 3347 λόγοις
616 3294 629 3307 ·
656 3277 691 3348 ῆ
726 3276 823 3330 καὶ
844 3274 1031 3347 ἐπειδὴ
1063 3274 1207 3346 μέγα
1230 3272 1491 3347 ἐφρόνουν
1534 3272 1628 3327 ἐπὶ
1668 3270 1749 3345 τῷ

154 3369 368 3424 ἑαυτῶν
404 3368 532 3440 θεῷ,
576 3368 673 3422 καὶ
717 3370 840 3433 ταῖς
869 3366 1061 3421 τούτου
1094 3366 1372 3439 μαντείαις
1393 3383 1407 3397 ο
1451 3364 1550 3437 οὐχ
1581 3363 1747 3431 οὕτω,

153 3465 346 3536 φησιν,
373 3463 550 3528 ἔσται,
586 3463 750 3517 ὁποῖα
800 3459 1129 3533 μαντεύεται
1170 3462 1201 3514 ὁ
1241 3461 1375 3532 παρ’
1409 3460 1593 3524 αὐτοῖς
1634 3457 1753 3515 δαί-

155 3576 299 3630 μων,
330 3553 442 3610 οὐδ’
501 3557 664 3610 ὁποῖα
692 3552 781 3609 διὰ
824 3554 1093 3627 χρησμῶν
1137 3556 1252 3618 τοῖς
1284 3552 1748 3625 ἐξαπατωμένοις,

151 3652 251 3704 καὶ
274 3648 412 3702 Θεὸν
438 3648 601 3703 αὐτὸν
630 3642 773 3701 εἶναι
796 3646 1112 3719 νομίζουσιν
1142 3644 1540 3719 ἐπηγγέλλετοο
1575 3645 1604 3697 ὁ
1640 3643 1751 3718 γὰρ

153 3740 329 3796 ἐπιὼν
349 3740 543 3812 χρόνος
563 3738 770 3793 τούτων
790 3737 970 3793 αὐτῶν
992 3739 1054 3793 τὺ
1083 3737 1281 3809 ψεῦδος
1305 3735 1590 3806 διελέγξει.

228 3854 251 3886 ‹
293 3832 379 3887 Τά
423 3832 583 3887 πεδία
625 3830 862 3885 Ἐσεϐὼν
904 3831 1186 3905 πενθήσει,
1224 3829 1471 3903 ἄμπελος
1495 3828 1750 3901 Σαϐαμὰ,

151 3927 556 3988 καταπίνοντες
579 3924 649 3978 τὰ
671 3924 822 3997 ἔθνη,
867 3924 1297 3997 καταπατήσατε
1329 3922 1429 3987 τάς
1472 3922 1752 3994 ἀμπέλους

152 4019 353 4090 αὐτῆς,
381 4018 489 4081 ἕως
521 4014 705 4088 Ἰαζὴρ
752 4017 813 4070 ού
849 4017 924 4089 μὴ
960 4015 1256 4087 συνάψητε,
1296 4014 1607 4086 πλανήθητε
1650 4012 1752 4087 τὴν

152 4112 395 4185 ἔρημον-
425 4112 477 4163 οἱ
508 4108 915 4181 ἀπεσταλμένοι
942 4107 1461 4179 ἐγκατελείφθησαν,
1494 4106 1751 4177 διέϐησαν

150 4205 261 4278 γὰρ
290 4204 431 4275 πρὸς
451 4202 551 4274 τὴν
574 4202 874 4259 θάλασσαν.
908 4199 1009 4255 Διά
1033 4198 1194 4255 τοῦτο
1222 4199 1529 4270 κλαύσομαι
1555 4199 1631 4263 ὡς
1659 4197 1752 4252 τὸν

150 4294 435 4367 κλαυθμὸν
471 4295 677 4367 Ίαζὴρ,
704 4292 951 4365 ἄμπελον
984 4292 1238 4365 Σαϐαμά.
1284 4291 1365 4345 Τὰ
1414 4291 1606 4364 δένδρα
1656 4307 1751 4344 σου

149 4388 459 4444 κατέϐαλεν
493 4386 730 4441 Ἐσεϐὼν
755 4386 852 4440 καὶ
884 4384 1133 4456 Ἐλεαλὴ,
1158 4385 1242 4438 ότι
1273 4384 1367 4438 ἐπὶ
1396 4382 1476 4454 τῷ
1505 4380 1751 4454 θερισμῷ

1849 3288 1949 3329 suo
1971 3314 1988 3341 ,
2015 3274 2241 3345 ejusque
2276 3274 2549 3332 vaticiniis
2578 3276 2811 3332 multum
2856 3277 3095 3336 lidebant
3126 3297 3142 3337 :
3174 3296 3284 3337 non
3312 3281 3392 3338 ita
3415 3321 3434 3346 ,

1849 3366 2069 3437 inquit,
2098 3369 2210 3422 erit
2253 3376 2315 3423 ut
2339 3367 2675 3424 vaticinatur
2702 3369 2914 3426 daemon
2960 3370 3176 3428 illorum
3199 3412 3219 3441 ,
3259 3387 3437 3444 neque

1850 3468 1911 3515 ut
1939 3459 2029 3526 iis,
2059 3458 2153 3529 qui
2185 3458 2396 3529 decepti
2428 3459 2579 3515 illum
2627 3474 2725 3528 pro
2748 3460 2849 3517 deo
2879 3461 3179 3530 habebant,
3207 3462 3436 3520 oraculo

1848 3549 2208 3620 pollicebatur
2238 3567 2255 3605 :
2290 3548 2532 3605 futurum
2565 3550 2762 3621 quippe
2793 3559 3005 3621 tempus
3044 3553 3168 3610 illos
3211 3556 3438 3611 menda-

1850 3640 1924 3698 cii
1946 3650 2158 3712 arguet.

1921 3823 2090 3884 Vsns.
2144 3824 2312 3882 8-l0.
2367 3844 2388 3880 ‹
2424 3824 2691 3882 Planities
2729 3824 2945 3883 Esebon
2983 3827 3229 3899 lugebit,
3274 3827 3438 3885 vinea

1850 3916 2088 3975 Sabama
2112 3959 2129 3987 ,
2164 3920 2258 3990 qui
2312 3919 2590 3991 deglutitis
2617 3929 2806 3990 gentes
2833 3961 2850 3988 ,
2876 3920 3197 3977 conculcate
3238 3921 3433 3978 vineas

1849 4010 1991 4080 ejus,
2018 4025 2195 4082 usque
2235 4008 2397 4067 Jazer
2437 4025 2507 4066 ne
2553 4010 2861 4084 attingatis,
2897 4020 3082 4068 errate
3123 4027 3220 4083 per
3250 4011 3440 4067 deser-

1850 4112 1967 4160 tum
2000 4120 2015 4158 :
2052 4103 2205 4159 missi
2240 4103 2488 4160 derelicti
2523 4115 2686 4170 sunt,
2722 4106 3161 4174 pertransierunt
3190 4105 3336 4160 enim
3367 4105 3439 4160 ad

1848 4211 2020 4252 mare.
2046 4194 2170 4253 Ideo
2195 4196 2422 4268 plorabo
2452 4206 2729 4268 tamquam
2760 4198 2975 4268 ploratu
3007 4195 3190 4266 Jazer,
3219 4198 3436 4254 vineam

1851 4290 2111 4350 Sabama.
2156 4292 2399 4349 Arbores
2432 4301 2554 4348 tuas
2599 4289 2802 4361 dejecit
2849 4291 3062 4347 Esebon
3114 4300 3169 4346 et
3213 4289 3436 4353 Eleale.

1850 4382 1978 4453 quia
2027 4396 2264 4439 messem
2314 4393 2370 4439 et
2398 4384 2727 4439 vindemiam
2767 4394 2917 4441 tuam
2954 4383 3333 4448 conculcabo,
3382 4392 3439 4439 et

150 4487 248 4540 καὶ
288 4484 388 4538 ἐπὶ
432 4483 513 4554 τῷ
561 4480 822 4555 τρυγητῷ
867 4496 963 4533 σου
1013 4479 1409 4550 καταπατήσω,
1440 4476 1533 4529 καὶ
1568 4475 1741 4530 πάντα

1857 4476 2035 4530 omnia
2082 4478 2301 4532 cadent.
2335 4476 2404 4531 Et
2451 4477 2671 4533 tolletur
2710 4477 2901 4534 laetitia
2937 4491 2993 4534 et
3023 4477 3325 4539 exsultatit}
3366 4476 3437 4538 δίε

149 4576 480 4632 πεσοῦνται.
506 4574 619 4629 Καὶ
646 4572 947 4647 ἀρθήσεται
980 4570 1287 4643 εὐφροσύνη
1316 4570 1412 4623 καὶ
1430 4568 1747 4641 ἀγαλλίαμα

149 4673 215 4725 ἑκ
240 4670 355 4723 τῶν
385 4667 746 4741 ἀμπελώνων,
775 4667 872 4720 καὶ
896 4666 956 4718 ἐν
976 4666 1091 4728 τοῖς
1113 4662 1401 4735 ἀμπελῶσι
1431 4679 1525 4716 σου
1558 4661 1631 4739 Ἰού
1666 4659 1742 4732 μὴ

149 4758 643 4832 εὐφρανθήσονται,
670 4756 767 4810 καὶ
790 4756 850 4809 ού
890 4754 967 4826 μὴ
1010 4754 1345 4824 πατήσουσιν
1366 4747 1505 4806 οἶνον
1544 4752 1625 4815 εἰς
1672 4749 1744 4804 τὰ

148 4852 423 4925 ύπολήνια
446 4868 461 4881 ·
486 4850 764 4904 πέπαυται
786 4849 916 4921 γάρ.
944 4867 964 4899 3
994 4844 1259 4918 Σημαίνει
1277 4845 1335 4898 δὲ
1360 4842 1452 4898 διὰ
1475 4845 1577 4914 τῆς
1597 4843 1742 4898 ὀπώ-

151 4962 252 5015 ρας
282 4942 384 4997 καὶ
403 4941 497 4995 τοῦ
523 4938 808 5013 θερισμοῦ,
842 4939 938 4993 καὶ
980 4936 1071 4991 διὰ
1108 4937 1211 5009 τῆς
1240 4934 1502 4999 πολλάκις
1545 4936 1745 5006 ὀνομα-

148 5036 380 5107 σθείσης
406 5033 655 5105 ἀμπέλου
702 5032 767 5086 τὺ
819 5030 1047 5094 εὐθαλὲς
1093 5029 1191 5084 καὶ
1239 5029 1498 5100 ἄκμαιον,
1542 5028 1639 5080 καὶ
1683 5026 1747 5081 τὸ

146 5147 320 5202 τρυφε
332 5128 426 5199 ρὸν
466 5128 557 5179 καὶ
586 5125 790 5197 ὡραῖον
825 5125 927 5195 τῆς
954 5123 1063 5178 τῶν
1095 5121 1442 5194 δηλουμένων
1481 5120 1650 5192 ζωῆς,
1682 5122 1744 5174 ἐν

145 5218 179 5296 ᾖ
224 5222 424 5291 ὥσπερ
486 5217 776 5289 μεθύοντες
845 5216 1031 5287 διῆγον
1087 5213 1584 5285 ἐνευφραινόμενοι,
1647 5213 1742 5267 καὶ

145 5312 527 5386 ἐντρυφῶντες
551 5311 646 5363 ἐπὶ
667 5311 790 5371 ταῖς
816 5307 998 5372 ἀθέοις
1022 5306 1202 5361 αὐτῶν
1234 5304 1597 5370 δυσσεϐείαις.

222 5424 243 5456 ι
270 5402 377 5457 Διὰ
402 5402 567 5455 τοῦτο
599 5403 635 5471 ὴ
667 5399 848 5454 κοιλία
895 5416 996 5471 μου
1047 5398 1143 5453 ἐπὶ⁵
1186 5395 1363 5452 Μωὰϐ
1408 5396 1486 5460 ὡς
1540 5396 1742 5469 κιθάρα

147 5496 368 5567 ἠχήσει,
395 5493 493 5547 καὶ
536 5490 606 5545 τά
646 5490 800 5554 ἐντός
824 5507 926 5561 μου
953 5489 1085 5543 ὡσεὶ
1108 5490 1289 5558 τεῖχος
1318 5486 1348 5540 ὃ
1378 5486 1740 5551 ἐνεκαίνισας,

150 5590 247 5643 καὶ
280 5588 439 5642 ἔσται
485 5587 567 5649 είς
616 5584 679 5637 τὸ
728 5581 1063 5655 ἐντραπῆναί
1113 5599 1197 5636 σε.
1238 5599 1257 5632 3
1295 5581 1454 5634 Κατὰ
1496 5578 1554 5633 δὲ
1585 5580 1744 5650 λόγον

154 5681 472 5753 βαθύτερον,
495 5677 639 5750 πρὸς
677 5674 839 5730 αὑτὸν
868 5676 963 5729 κα)⁸
982 5674 1079 5728 νῦν
1109 5675 1139 5728 ὁ
1168 5671 1350 5742 λόγος,
1382 5671 1521 5745 πρὸς
1555 5672 1613 5727 ὃν
1646 5673 1743 5726 καὶ

152 5772 233 5839 τὺ,
272 5791 294 5827 ι
325 5770 463 5826 ὡσεὶ
485 5771 667 5838 τεῖχος
687 5766 719 5820 ὃ
751 5765 1110 5829 ἐνεκαίνισας,
1154 5783 1173 5817 3
1199 5761 1400 5837 δηλαδὴ
1442 5761 1538 5819 τὸν
1582 5762 1738 5819 Θεόν.

390 5867 675 5929 Pauor.
728 5861 848 5924 Gn.
908 5861 1141 5924 XXIV.

1853 4568 2031 4625 vineis
2061 4585 2075 4623 :
2103 4578 2160 4623 et
2191 4567 2248 4622 in
2276 4568 2453 4625 vineis
2486 4571 2592 4628 tuis
2622 4571 2969 4638 laetabuntur,
3004 4586 3107 4635 nec
3145 4574 3439 4632 calcabunt

1850 4658 2037 4713 vinum
2073 4659 2129 4714 in
2177 4659 2545 4719 torcularibus
2599 4681 2612 4717 :
2668 4663 2904 4719 cessavit
2935 4664 3105 4718 enim.
3142 4682 3163 4716 3
3197 4661 3303 4719 Per
3331 4681 3435 4719 au-

1853 4758 2098 4805 tumnum
2144 4760 2202 4809 et
2235 4768 2468 4809 messem
2494 4794 2511 4819 ,
2563 4769 2629 4810 ac
2678 4771 2781 4826 per
2824 4756 3037 4810 vineam
3075 4757 3273 4825 saepius
3320 4770 3436 4812 me-

1850 4852 2162 4909 moratam,
2212 4842 2497 4902 llorentem
2526 4887 2543 4913 ,
2594 4848 2959 4920 voluptariam
3019 4858 3076 4903 et
3131 4849 3434 4917 jucundam

1850 4946 2037 4989 eorum
2064 4935 2233 4991 vitam
2270 4936 2516 5005 indicat,
2546 4953 2653 5009 qua
2699 4954 2799 4994 ceu
2848 4939 2988 4994 ebrii
3026 4939 3293 5009 degebant
3335 4938 3431 4995 lse-

1854 5034 2032 5084 tantes
2078 5036 2138 5084 et
2194 5030 2539 5089 lascivientes
2588 5032 2643 5087 in
2697 5030 2922 5087 nefariis
2966 5032 3080 5086 suis
3129 5032 3434 5102 impietati-

1849 5118 1972 5174 bus.

1922 5394 2088 5452 Vm.
2138 5396 2229 5453 Η.
2258 5414 2277 5448 ι
2314 5395 2442 5453 Ideo
2472 5408 2663 5454 venter
2692 5413 2848 5456 meus
2880 5414 3047 5471 super
3073 5398 3232 5455 Moab
3272 5400 3432 5470 quasi

1851 5487 2065 5542 cithara
2108 5487 2367 5554 sonabit,
2411 5497 2468 5543 et
2513 5490 2777 5546 interiora
2831 5505 2949 5546 mea
2991 5491 3149 5561 quasi
3197 5507 3428 5558 murus.

1851 5592 2011 5647 quem
2043 5579 2334 5644 innovasti,
2367 5589 2422 5635 et
2453 5581 2558 5636 erit
2589 5591 2645 5637 Ill
2675 5592 2727 5639 te
2752 5592 3133 5639 revereantur.
3169 5602 3189 5638 3
3221 5584 3434 5640 Secun-

1849 5672 1976 5727 dum
2006 5673 2414 5742 profundiorem
2444 5675 2783 5747 intelligendi.
2814 5679 3083 5733 rationem
3113 5720 3129 5747 ,
3159 5693 3283 5735 eum
3315 5678 3432 5749 jam

1846 5762 2147 5835 alloquitur
2198 5762 2284 5821 cui
2315 5763 2443 5822 dicit
2473 5803 2491 5833 ,
2540 5784 2559 5818 ι
2594 5768 2750 5838 quasi
2786 5783 2979 5826 murus
3012 5783 3173 5840 quem
3202 5767 3431 5825 innova-

3064 5868 3104 5929 ’1
