3862 6210
424 313 532 369 203

1099 306 1365 365 EUSEBll
1403 298 1886 361 CAESARIENSIS
1924 301 2073 359 OPP.
2118 301 2296 359 PARS
2333 300 2424 358 Ill.
2464 331 2532 341 —-
2569 296 2977 356 EXEGETICA.

3581 303 3694 359 204

426 429 537 492 sti,
594 445 612 478 ι
666 423 918 480 videlicet
949 422 1135 476 Deum.
1188 423 1325 489 Quid
1360 437 1492 491 ergo
1521 421 1622 476 sibi
1666 419 1782 474 vult
1836 417 1999 482 illud,

2113 417 2177 469 Τί
2221 409 2315 469 οὗν
2351 414 2598 486 βούλεται
2625 413 2686 466 τὸ
2733 412 3021 484 τολμηρῶς
3061 411 3250 468 δοκοῦν
3300 414 3573 487 εἰρῆσθαι,
3602 417 3690 481 τὸ,

426 516 570 586 quod
604 529 735 570 sane
788 524 990 567 temere
1037 513 1238 567 dictum
1272 512 1539 578 videatur,
1591 529 1609 560 ι
1653 509 1808 572 Erit,
1858 516 1916 562 ut
1951 516 2005 563 te

425 603 818 660 revereantur?
843 621 860 655 ι
892 601 1030 668 Ideo,
1068 600 1262 670 inquit,
1297 601 1480 655 lirmas
1518 599 1648 654 mihi
1681 599 1824 653 intus
1859 599 2006 668 cogi-

429 700 666 753 tationes
695 695 955 767 elargitus
980 710 1039 750 es
1063 736 1078 761 ,
1127 695 1198 748 ita
1236 703 1294 747 ut
1329 693 1420 763 qui
1453 708 1572 748 sese
1603 693 1669 748 ad
1701 702 1752 746 te
1778 691 2004 746 minime

427 797 768 852 convertunt,
795 787 876 841 tui
908 786 1269 841 reverentiam
1299 785 1555 846 habeant,
1578 785 1648 838 ob
1682 791 2002 854 argumenta

427 895 493 935 ex
520 882 702 935 inditis
730 879 861 934 mihi
889 877 1198 948 praevalidis
1241 877 1667 946 cogitationibus
1698 876 1831 945 ipsis
1853 875 2004 930 obla-

429 984 504 1026 ta.
537 973 700 1026 Deest
745 971 924 1040 itaque
968 969 1098 1023 illud
1123 1009 1137 1032 ,
1175 987 1194 1019 ι
1234 969 1374 1037 ipsi,
1417 988 1436 1020 ι
1469 979 1527 1022 ιιι
1557 983 1688 1022 sana
1716 969 2000 1023 verborum

426 1064 693 1118 sententia
723 1062 1002 1128 reddatur,
1037 1080 1056 1112 ι
1091 1061 1157 1114 Ει
1182 1060 1288 1115 erit
1321 1069 1379 1114 ut
1405 1061 1502 1131 ipsi
1539 1061 1898 1116 reverentiam
1927 1061 1999 1115 tui

427 1158 684 1211 habeant.
748 1174 766 1205 ι
812 1153 1274 1220 Quemadmodum
1325 1154 1467 1207 enim
1504 1153 1596 1221 qui
1633 1153 1685 1207 in
1722 1154 1874 1210 bellis
1909 1155 2002 1208 ad-

427 1264 584 1304 versa
616 1248 753 1302 facie
783 1247 1109 1310 consistunt,
1143 1246 1382 1314 quandiu
1418 1261 1573 1315 aequo
1602 1255 1776 1302 marte
1807 1261 2004 1317 pugna-

427 1349 537 1404 tur,
569 1355 675 1394 non
713 1348 861 1410 terga
907 1339 1078 1402 dant,
1108 1351 1281 1406 neque
1324 1338 1511 1408 pedem
1556 1337 1840 1404 referunt;
1878 1354 2001 1394 cum

425 1443 606 1488 autem
652 1432 820 1486 altera
873 1445 999 1500 pars
1035 1428 1332 1500 praevalet,
1369 1438 1497 1484 tunc
1529 1429 1707 1499 fugam
1753 1429 1998 1496 faciunt;

425 1526 500 1579 ita
533 1533 585 1580 et
615 1525 794 1579 anima
832 1523 1178 1593 impudenter
1203 1523 1256 1576 in
1295 1522 1412 1576 acie
1443 1522 1622 1577 stabat
1656 1536 1757 1576 nec
1785 1536 2002 1576 revere-

421 1619 624 1684 batnr;
663 1616 830 1670 verbo
865 1622 1044 1669 autem
1093 1614 1296 1671 elIicaci
1329 1616 1574 1670 convicta
1602 1654 1617 1678 ,
1649 1613 1702 1667 in
1737 1612 2000 1681 pudorem

2113 528 2132 561 ι
2175 511 2368 562 Ἔσται
2389 511 2468 573 εἰς
2489 511 2548 562 τὸ
2580 507 2914 580 ἐντραπῆναί
2945 524 3026 559 σε.
3063 525 3082 558 ›
3111 506 3208 560 Διά
3230 506 3388 560 τοῦτό
3416 525 3527 578 μοι,
3585 526 3695 580 φη-

2108 600 2211 664 σὶν,
2261 600 2510 670 ἰσχυροὺς
2554 597 2792 669 ἐχαρίσω
2832 594 3046 648 ἔνδοθεν
3089 595 3216 658 τοὺς
3260 594 3687 666 διαλογισμούς·

2105 687 2246 742 ὥστε
2268 690 2394 752 τοὺς
2419 689 2513 741 νῦν
2547 689 2621 759 μὴ
2648 685 3073 759 ἐπιστρέφοντας
3115 687 3208 738 ἐπὶ
3247 685 3305 739 σὲ
3351 685 3692 758 ἐντραπῆναί

2107 798 2187 844 σε,
2211 781 2298 833 διὰ
2319 779 2425 832 τῶν
2448 779 2684 850 ἐλέγχων
2713 778 2819 833 τῶν
2846 777 3268 849 προσαγομένων
3299 778 3480 842 αὐτοῖς
3502 779 3567 831 ἐκ
3587 779 3693 850 τῆς

2105 872 2212 926 τῶν
2238 873 2533 944 δεδομένων
2566 889 2653 942 μοι
2669 870 2940 940 λογισμῶν
2971 869 3234 933 εὐτονίας.
3263 870 3453 922 Λείπει
3479 864 3574 923 οὖν
3601 870 3688 937 τὸ,

2112 986 2130 1018 ι
2161 966 2379 1029 αὐτοὺς,
2425 984 2442 1016 ι
2477 965 2565 1017 ἵνα
2587 964 2756 1033 ὑγιῶς
2785 965 2814 1016 ὁ
2845 962 2968 1026 νοῦς
2993 961 3100 1014 τῶν
3127 960 3388 1032 ῥημάτων
3425 960 3691 1032 ἀποδοθῇ,

2111 1076 2128 1108 ι
2163 1057 2277 1109 Καὶ
2316 1055 2468 1108 ἐσται
2495 1056 2575 1117 εἰς
2604 1053 2666 1106 τὸ
2699 1054 3032 1124 ἐντραπῆναι
3065 1051 3263 1114 αὐτούς
3291 1068 3374 1107 σε.
3415 1069 3433 1102 ι
3473 1052 3692 1119 Ὥσπερ

2105 1144 2213 1216 γὰρ
2249 1146 2298 1197 οἱ
2323 1145 2382 1196 ἐν
2409 1147 2523 1207 τοῖς
2552 1143 2809 1215 πολέμοις
2832 1143 3236 1213 ἀντιπρόσωποι
3273 1142 3526 1206 ἑστῶτες,
3580 1142 3694 1205 ἕως

2109 1239 2206 1308 μέν
2233 1235 2504 1300 ἰσοπαλεῖς
2531 1235 2780 1289 δοκοῦσιν
2809 1233 2966 1299 εἶναι,
3007 1235 3068 1288 ού
3120 1235 3410 1306 τρέπονται
3448 1234 3570 1287 οὐδὲ
3593 1237 3693 1288 ὲκ-

2103 1328 2396 1390 κλίνουσιν,
2419 1325 2636 1380 ἐπειδὰν
2655 1326 2710 1380 δέ
2737 1326 2980 1399 ὑπερέχῃ
3013 1325 3192 1378 αὐτῶν
3214 1325 3274 1378 τὸ
3292 1325 3477 1396 ἕτερον
3497 1325 3687 1396 μέρος,

2102 1420 2403 1492 τραπέντες
2435 1419 2756 1489 φεύγουσινο
2789 1419 2932 1471 οὕτω
2964 1417 3058 1470 καλ¹
3087 1417 3230 1488 ψυχὴ
3257 1417 3361 1470 ὑπὸ
3407 1417 3691 1480 ἀναιδείας

2103 1511 2561 1585 παρατεταγμένη
2585 1511 2814 1582 ἕστηκεν
2836 1511 2935 1564 οὐκ
2955 1509 3345 1582 ἐντρεπομένη,
3370 1508 3691 1578 ἐλεγχθεῖσα

2101 1605 2159 1658 δέ
2201 1605 2306 1657 ὑπὸ
2356 1603 2514 1672 λόγου
2541 1601 2957 1672 καθαπτομένου
3001 1599 3192 1669 αὐτῆς,
3240 1599 3501 1670 τρέπεται
3545 1598 3690 1670 πρὸς

423 1718 477 1763 et
509 1707 874 1762 reverentiam
904 1707 1154 1759 vertitur.
1186 1706 1251 1760 Et
1289 1708 1414 1773 quia
1440 1705 1493 1759 in
1527 1704 1741 1759 occulta
1767 1703 1999 1758 hominis

2106 1696 2386 1766 αἰσχύνην.
2415 1696 2525 1749 Ka‘t
2561 1693 2749 1764 ἐπειδὴ
2788 1695 2845 1745 ἐν
2892 1690 2969 1762 τῷ
2998 1689 3226 1762 κρυπτῷ
3251 1689 3346 1744 τοῦ
3389 1688 3687 1762 ἀνθρώπου

421 1809 575 1869 parte
603 1800 720 1853 haec
740 1798 1024 1853 conversio
1050 1796 1300 1861 efficitur,
1326 1796 1585 1867 ἐντροπὴ,
1616 1795 1731 1850 sive
1758 1795 1997 1863 confusio

2106 1759 2383 1859 γίνεται-ὴ
2409 1786 2606 1860 τροπὴ,
2633 1759 2871 1857 ἐντροπὴ
2902 1759 3364 1856 προσηγόρευται.
3400 1759 3506 1836 Διά*
3521 1783 3688 1836 τοῦτο

425 1901 789 1962 nuncupatur.
823 1889 944 1944 ldeo
973 1903 1106 1958 ergo
1136 1898 1328 1942 venter
1357 1887 1573 1942 sonabit
1601 1925 1617 1952 ,
1657 1894 1713 1940 et
1741 1885 1999 1940 interiora

2110 1881 2202 1938 οὖν
2231 1886 2264 1954 ἡ
2305 1883 2481 1938 κοιλία
2504 1882 2722 1953 ήχήσει,
2750 1880 2844 1933 καὶ
2873 1878 2940 1932 τὰ
2972 1878 3142 1944 ἐντὸς,
3173 1880 3323 1931 ὡσεὶ.
3346 1879 3521 1947 τεῖχος
3546 1877 3575 1930 ὃ
3597 1879 3690 1932 ἐν-

425 1984 584 2052 ψιωί
622 1999 808 2038 murus
831 2024 846 2048 ,
894 1997 1055 2054 quem
1083 1983 1360 2036 innovavit
1408 1980 1550 2034 Deus
1584 1978 1856 2048 prophetae
1889 1995 1902 2030 :
1941 1985 2000 2032 ut

423 2085 721 2140 mutentur,
748 2084 804 2130 et
827 2074 1248 2138 confundantur,
1283 2073 1562 2141 Deumque
1604 2077 1995 2125 revereantur:

425 2167 659 2222 antehac
684 2166 834 2220 utilis
857 2167 1084 2236 pudoris
1112 2164 1305 2231 ignari.
1341 2161 1446 2217 Per
1469 2161 1598 2215 illud
1628 2175 1781 2225 sane,

492 2258 656 2314 Vens.
690 2259 777 2312 η.
819 2276 838 2308 ι
891 2257 1026 2323 Quia
1053 2256 1375 2325 defatigatus
1415 2262 1501 2308 est
1525 2252 1679 2307 Moab
1717 2252 1768 2306 in
1801 2251 1995 2306 altari-

420 2348 561 2417 bus‘,
590 2360 643 2405 et
673 2350 1008 2420 ingredietur
1039 2351 1089 2403 in
1138 2349 1444 2402 manufacta
1486 2348 1550 2400 ad
1594 2346 1861 2401 orandum
1885 2385 1902 2412 ,
1943 2353 1999 2398 et

421 2457 527 2497 non
566 2451 821 2511 poterunt
863 2456 1052 2494 eruere
1089 2439 1236 2494 illum
1263 2479 1276 2503 ,
1317 2459 1335 2490 ι
1371 2439 1604 2493 fortasse
1653 2437 1832 2492 omnis
1878 2437 1996 2491 ido-

423 2533 651 2589 lolatria:
687 2533 1106 2587 destructionem
1148 2572 1163 2590 .
1207 2531 1258 2584 in
1309 2529 1413 2585 line
1447 2545 1514 2585 ex
1565 2529 1798 2584 adventu
1835 2527 1997 2585 Verbi

419 2626 657 2681 futuram
687 2665 702 2690 ,
747 2625 1078 2679 vaticinatur
1128 2622 1294 2677 lsaias
1340 2639 1354 2676 :
1401 2622 1524 2690 quia
1559 2635 1750 2676 omnes
1781 2619 1834 2674 in
1867 2634 2000 2676 con-

423 2717 698 2775 struendis
730 2715 943 2785 templis
978 2715 1234 2785 insumpti
1273 2712 1485 2768 labores
1527 2713 1648 2765 vani
1700 2717 1871 2776 sunt,
1912 2712 1998 2764 in-

421 2810 808 2877 fructuosaque
853 2821 977 2877 spes
1028 2807 1080 2860 in
1139 2805 1464 2859 manufactis
1521 2803 1716 2872 posita.
1772 2821 1790 2853 ι
1837 2801 1995 2866 Nam,

420 2903 622 2971 inquit,
667 2901 939 2967 orabunt,
981 2911 1032 2955 et
1074 2913 1178 2953 non
1221 2906 1473 2968 poterunt
1513 2909 1705 2950 eruere
1747 2895 1917 2948 illum.
1973 2913 1992 2946 ›

420 2991 687 3047 Caeterum
745 2992 846 3045 hoc
876 2985 988 3059 jain
1034 2989 1086 3043 in
1142 2989 1372 3042 adventu
1419 2987 1621 3042 Christi
1670 2985 1996 3055 completum

2100 1977 2371 2030 εκαίνισεν
2397 1978 2425 2029 ὁ
2446 1975 2576 2038 Θεὸς
2607 1971 2702 2025 τοῦ
2736 1971 3016 2042 προφήτου
3040 1987 3053 2000 ·
3086 1970 3174 2023 ἵνα
3221 1969 3566 2039 μεταϐάλωσι
3587 1969 3688 2024 καὶ

2098 2067 2427 2139 ἐντραπῶσι,
2458 2064 2551 2119 τοῦ
2596 2062 2859 2118 αἰδεῖσθαι
2914 2061 3067 2123 Θεὸν,
3127 2061 3393 2133 πρότερον
3433 2060 3535 2113 οὐκ
3581 2060 3688 2113 ἐπ-

2103 2162 2376 2231 ιστάμενοι
2403 2163 2499 2230 τὴν
2525 2157 2796 2227 ὠφέλιμον
2823 2153 3105 2224 αἰσχύνην.
3123 2153 3219 2208 Διά
3247 2156 3434 2228 μέντοι
3457 2151 3575 2218 τοῦ,

2176 2273 2194 2305 ι
2233 2255 2354 2306 Ὅτι
2384 2251 2642 2305 ἐκοπίασε
2667 2247 2840 2303 Μωάὁ
2878 2247 2971 2300 ἐπὶ
3027 2249 3140 2311 τοῖς
3174 2246 3401 2318 βωμοῖς,
3445 2245 3542 2299 καὶ
3573 2246 3690 2298 είσ-

2099 2345 2375 2399 ελεύσεται
2411 2345 2490 2406 είς
2526 2342 2596 2395 τὰ
2647 2338 3020 2411 χειροποίητα,
3071 2339 3213 2392 ὥστε
3257 2335 3686 2410 προσεύξασθαι,

2099 2438 2193 2491 καὶ
2221 2437 2280 2490 οὐ
2312 2435 2386 2507 μὴ
2407 2435 2664 2489 δύνωνται
2712 2431 2986 2496 ἐξελέσθαι
3027 2430 3220 2485 αὐτόν’
3253 2449 3271 2482 ›
3298 2429 3437 2499 τάχα
3464 2428 3558 2481 τὸν
3589 2428 3689 2480 ἐπὶ

2097 2530 2241 2584 τέλει
2277 2527 2585 2598 ἀφανισμὸν
2617 2527 2798 2595 πάσης
2843 2524 3290 2595 είδωλολατρείας
3335 2523 3400 2576 ἐκ
3438 2521 3539 2590 τῆς
3583 2517 3686 2574 τοῦ

2099 2622 2258 2691 λόγου
2298 2617 2638 2688 ἐπιφανείας,
2675 2615 3005 2688 προφητεύει
3049 2617 3078 2668 ό
3125 2615 3382 2677 Ἡσαΐας·
3441 2614 3524 2666 ὅτι
3577 2611 3687 2683 μά·-

2099 2731 2236 2767 ταιοι
2272 2713 2470 2774 πάντες
2509 2711 2558 2762 οί
2603 2710 2695 2762 ἐπὶ
2726 2710 2847 2771 ταῖς
2891 2708 3256 2768 κατασκευαῖς
3285 2703 3393 2758 τῶν
3417 2702 3561 2758 ναῶν
3584 2701 3688 2774 μό-

2099 2807 2235 2877 χθοι,
2269 2804 2364 2858 καὶ
2395 2803 2691 2872 ἀνωφελεῖς
2737 2802 2793 2855 αἱ
2836 2803 2915 2864 είς
2955 2799 3024 2852 τὰ
3061 2797 3411 2869 χειροποίητα
3442 2795 3682 2858 ἐλπίδες.

2106 2917 2124 2949 ι
2161 2895 2557 2969 Προσεύξονται
2595 2894 2726 2965 γὰρ,
2760 2893 2913 2962 φησὶ,
2948 2893 3042 2946 xal
3072 2891 3132 2944 ού
3169 2890 3242 2961 μὴ
3291 2888 3554 2942 δύνωνται
3587 2886 3680 2951 ἐξ-

2098 2990 2312 3044 ελέσθαι
2337 2988 2518 3042 αὐτόν.
2550 3006 2569 3038 ›
2591 2985 2760 3039 Τοῦτο
2781 2985 2838 3037 δέ
2867 2983 2961 3036 νῦν
2994 2983 3086 3035 ἐπί
3113 2982 3210 3051 τῆς
3240 2977 3474 3053 Χριστοῦ
3497 2976 3688 3047 ἐπιδη-

421 3094 506 3140 est
550 3103 564 3138 :
612 3083 700 3137 illa
748 3083 945 3153 quippe
990 3082 1117 3137 olim
1170 3081 1376 3134 famosa
1409 3078 1604 3148 templa
1654 3092 1753 3147 pro
1804 3091 1999 3144 scopu-

2106 3083 2230 3153 μίας
2259 3079 2651 3151 πεπλήρωται·
2689 3076 2809 3131 ἀντὶ
2856 3073 3134 3128 σκοπέλων
3166 3072 3262 3142 μὲν
3294 3070 3401 3142 γάρ
3447 3070 3688 3140 ἑστήκα-

420 3175 489 3231 lis
544 3174 814 3230 habentur
859 3196 870 3230 :
930 3188 1030 3228 nec
1075 3173 1216 3228 ultra
1266 3171 1368 3226 illa:
1424 3170 1726 3224 daemonum
1775 3167 2004 3224 fallacia:

420 3260 758 3331 consistunt,
811 3266 1120 3322 adversaria
1189 3264 1276 3318 illa
1336 3271 1598 3333 potestate
1651 3276 1748 3332 per
1803 3268 2001 3331 myste-

422 3361 564 3414 rium
623 3361 803 3416 crucis
854 3360 909 3412 in
962 3367 1075 3414 toto
1131 3356 1262 3412 orbe
1320 3354 1668 3425 prazdicatum
1716 3352 1772 3406 in
1819 3351 2002 3422 fugam

422 3466 603 3506 versa.

400 3532 402 3535 ’
493 3541 659 3598 Vens.
693 3543 795 3608 13,
837 3541 924 3595 14.
975 3558 993 3590 ι
1048 3539 1158 3594 Hoc
1206 3537 1426 3592 verbum
1475 3534 1620 3605 quod
1665 3534 1872 3588 locutus
1919 3540 2003 3587 est

425 3643 684 3699 Dominus
725 3653 886 3710 super
918 3637 1072 3692 Moab
1101 3676 1115 3700 ,
1145 3635 1364 3706 quando
1394 3633 1609 3688 locutus
1629 3633 1733 3686 est.
1764 3631 1832 3684 Et
1857 3643 2002 3684 nunc

423 3735 546 3789 dico
576 3733 630 3786 in
679 3730 854 3784 tribus
885 3729 1041 3783 annis
1083 3741 1346 3780 annorum
1379 3723 1741 3788 mercenarii,
1769 3721 2001 3778 inhono-

422 3839 634 3896 rabitur
667 3836 839 3907 gloria
869 3831 1044 3896 Moab,
1079 3831 1132 3884 in
1160 3830 1414 3885 omnibus
1436 3827 1642 3884 divitiis
1670 3825 1856 3882 multis
1892 3843 1906 3879 :
1943 3833 2000 3879 et

421 3932 762 4000 relinquetur
796 3927 1090 3989 minimus,
1131 3933 1185 3977 et
1224 3938 1327 3977 non
1363 3924 1681 3977 honoratus.
1724 3937 1743 3971 ι
1773 3919 1881 3973 Pro
1907 3918 1998 3973 illo

423 4026 565 4092 apud
597 4018 740 4076 LXX
766 4018 1091 4086 lnterpretes
1116 4013 1280 4081 dicto,
1315 4032 1334 4065 ι
1373 4013 1428 4066 1η
1463 4013 1636 4067 tribus
1665 4011 1823 4065 annis
1860 4025 2001 4065 mer-

423 4113 630 4172 cenarii
678 4109 1094 4166 inhonorabitur
1143 4107 1313 4177 gloria
1363 4103 1519 4159 Moab
1547 4143 1562 4168 ,
1616 4122 1634 4154 ο
1676 4102 2000 4172 interposita

425 4206 568 4277 apud
593 4204 827 4273 reliquos
871 4203 1192 4269 interpretes
1223 4196 1520 4260 distinctio,
1554 4195 1840 4251 clariorem
1871 4209 1997 4250 sen-

425 4300 652 4356 tentiam
701 4296 866 4350 efficit
915 4311 928 4346 :
982 4308 1106 4347 nam
1156 4291 1452 4345 secundum
1484 4287 1736 4358 Aquilam
1778 4287 1997 4351 dicitur,

429 4410 449 4444 ι
489 4391 544 4445 ln
568 4388 741 4444 tribus
770 4385 926 4440 annis
954 4381 1310 4446 mercenarii;
1351 4397 1368 4430 ι
1406 4384 1700 4434 secundum
1744 4378 1998 4449 Symma-

2106 3193 2188 3228 σιν
2223 3175 2271 3226 οἱ
2301 3174 2420 3226 ναοὶ
2451 3169 2786 3241 περιϐόητοι,
2811 3167 2994 3221 οὐκέτι
3024 3165 3081 3218 δέ
3114 3167 3169 3217 αἱ
3207 3163 3316 3216 ἀπὸ
3349 3162 3458 3215 τῶν
3485 3161 3684 3231 δαιμό-

2103 3285 2208 3322 νων
2232 3265 2458 3326 ἀπάται,
2492 3259 2920 3331 φυγαδευθείσης
2959 3256 3059 3326 τῆς
3097 3254 3480 3326 ἀντικειμένης
3519 3251 3687 3307 δυνά-

2105 3376 2249 3431 μεως
2271 3357 2362 3411 διὰ
2391 3356 2452 3409 τὸ
2481 3355 2778 3426 μυστήριον
2802 3350 2896 3404 τοῦ
2933 3347 3166 3418 σταυροῦ
3200 3346 3295 3400 τοῦ
3332 3345 3475 3400 κατὰ
3500 3347 3688 3400 πᾶσαν

2100 3453 2197 3523 τὴν
2225 3449 2546 3521 οἰκουμένην
2571 3464 2706 3516 κεκη
2716 3444 3003 3516 ρυγμένου.

2177 3563 2195 3594 ι
2232 3542 2404 3595 Τοῦτο
2442 3541 2503 3592 τὸ
2546 3539 2696 3611 ῥῆμα
2723 3537 2752 3590 ὂ
2792 3536 3024 3608 ἐλάλησε
3079 3532 3284 3603 Κύριος
3338 3530 3433 3582 ἐπὶ
3481 3526 3684 3592 Μωὰϐ,

2099 3636 2259 3692 ὁπότε
2291 3632 2541 3702 ἐλάλησε.
2571 3630 2681 3684 Καὶ
2706 3629 2800 3682 νῦν
2833 3627 2995 3696 λέγω,
3030 3628 3087 3678 ἐν
3121 3624 3297 3694 τρισὶν
3326 3622 3500 3674 ἐτεσιν
3543 3618 3687 3670 ἐτῶν

2104 3722 2373 3798 μισθωτοῦ
2412 3721 2846 3793 ἀτιμασθήσεται
2877 3720 2910 3788 ἡ
2943 3717 3068 3783 δόξα
3092 3713 3265 3769 Μωάϐ
3289 3716 3346 3767 ἐν
3381 3710 3546 3766 παντὶ
3598 3708 3686 3773 τῷ

2102 3817 2314 3885 πλούτῳ
2336 3814 2415 3885 τῷ
2443 3812 2644 3883 πολλῷ,
2695 3812 2788 3866 καὶ
2816 3807 3313 3880 καταλειφθήσεται
3366 3803 3668 3873 ὀλιγοστὸς,

2101 3911 2195 3965 καὶ
2219 3909 2320 3961 οὐκ
2345 3908 2580 3978 ἔντιμος.
2621 3925 2639 3956 ι
2685 3904 2829 3958 Ἀντὶ
2867 3905 3047 3974 μέντοι
3076 3899 3170 3953 τοῦ
3205 3898 3357 3968 παρά
3401 3898 3515 3959 τοῖς
3545 3893 3675 3946 Ἐὖ-

2098 3999 2403 4070 δομήκοντα
2476 3995 2774 4065 φάσκοντος
2846 3992 3028 4060 λόγου,
3080 4009 3099 4041 ι
3167 3989 3257 4041 Ἐν
3279 3986 3455 4058 τρισὶν
3501 3983 3682 4036 ἐτεσιν

2103 4088 2372 4164 μισθωτοῦ
2419 4085 2849 4158 ἀτιμασθήσεται
2897 4086 2931 4154 ὴ
2987 4082 3112 4148 δόξα
3171 4077 3366 4142 Μωάϐ,
3410 4096 3428 4127 ι
3468 4077 3502 4145 ἠ
3534 4073 3683 4127 κατά

2097 4184 2222 4247 τοὺς
2260 4182 2479 4244 λοιποὺς
2506 4177 2845 4251 ὲρμηνευτάς
2866 4174 3142 4244 διαστολὴ,
3173 4169 3374 4242 μεταξὺ
3397 4166 3680 4239 βληθεῖσα,

2101 4274 2439 4344 σαφεστέραν
2462 4272 2764 4340 κατέστησε
2795 4268 2894 4338 τὴν
2935 4265 3194 4319 διάνοιαν*
3233 4259 3376 4314 κατά
3425 4258 3522 4329 μὲν
3569 4257 3683 4328 γὰρ

2098 4363 2186 4416 τὸν
2229 4362 2457 4416 Ἀκύλαν
2487 4359 2704 4430 εἴρηται
2723 4396 2737 4421 ,
2767 4377 2784 4408 ι
2810 4358 2896 4409 Ἐν
2925 4353 3100 4426 τρισὶν
3133 4350 3276 4403 ἔτεσι
3311 4344 3578 4418 μισθωτοῦ
3605 4362 3619 4374 ·
3656 4363 3676 4396 ι

424 4483 586 4536 chum
614 4493 743 4534 vero
767 4521 782 4544 ,
831 4494 849 4526 ι
887 4475 961 4529 Ex
1006 4489 1070 4529 eo
1107 4483 1350 4541 tempore
1393 4477 1447 4524 et
1494 4485 1640 4524 nunc
1674 4469 1882 4524 locutus
1915 4476 1998 4523 est

2106 4455 2243 4509 κατά
2291 4455 2348 4507 δὲ
2399 4455 2488 4507 τὸν
2531 4453 2843 4524 Σύμμαχον,
2871 4467 2889 4500 ι
2921 4448 3149 4500 Ἔκτοτε
3193 4441 3286 4495 καὶ
3313 4439 3407 4492 νῦν
3453 4436 3683 4536 ἐλάλησε

423 4573 684 4629 Dominus
713 4571 900 4626 dicens
924 4607 939 4632 ,
968 4567 1024 4620 In
1062 4564 1234 4618 tribus
1279 4562 1434 4616 annis
1463 4561 1618 4631 quasi
1651 4575 1814 4629 super
1845 4573 1993 4614 mer-

422 4665 738 4729 cenarium;
783 4679 804 4712 ι
833 4658 1128 4715 secundum
1160 4655 1582 4710 Theodotionem
1615 4662 1819 4717 autem,
1855 4669 1874 4702 ι
1913 4651 1996 4706 Ab

425 4772 492 4812 eo
533 4765 769 4823 tempore
819 4762 873 4806 et
909 4763 1056 4804 nunc
1101 4748 1309 4802 locutus
1341 4754 1426 4801 est
1471 4743 1730 4799 Dominus
1774 4743 1995 4812 dicens,

425 4850 486 4904 ln
513 4848 686 4903 tribus
743 4843 935 4907 annis,
969 4841 1122 4910 quasi
1154 4839 1308 4892 annis
1339 4834 1682 4891 mercenarii.
1727 4853 1746 4886 ι
1773 4834 1996 4898 Deinde,

425 4939 534 4995 alio
578 4943 854 5003 resumpto
885 4931 1154 5001 principio
1181 4968 1197 4995 ,
1229 4928 1428 4982 dicitur
1459 4925 1604 4995 apud
1635 4924 1873 4993 reliquos
1918 4923 2003 4977 in-

425 5035 712 5098 terpretes,
751 5041 770 5075 ι
798 5021 867 5075 Et
894 5019 1309 5076 inhonorabitur
1338 5016 1509 5086 gloria
1539 5011 1696 5068 Moab
1732 5026 1855 5066 cum
1885 5026 2003 5066 om-

425 5119 584 5174 nibus
613 5115 817 5172 divitiis
850 5112 1054 5167 nmltis.
1108 5128 1128 5161 ι
1171 5108 1305 5163 Nam
1338 5106 1647 5174 conjunctio
1674 5145 1690 5170 ,
1739 5115 1788 5160 et
1814 5145 1829 5170 ,
1881 5120 2002 5174 qua:

427 5213 607 5266 media
640 5206 1024 5277 interponitur,
1049 5203 1212 5256 aliam
1244 5199 1406 5256 elfert
1431 5198 1754 5254 sententiam
1777 5236 1793 5261 ,
1826 5197 1894 5250 ab
1919 5195 2003 5250 his

425 5305 628 5370 verbis,
659 5319 676 5352 ι
713 5300 782 5356 Ει
803 5296 1219 5353 inhonorabitur
1247 5293 1416 5364 gloria
1444 5291 1600 5346 Moab
1628 5307 1642 5356 ;
1681 5307 1700 5340 ι
1732 5303 1852 5359 qua:
1872 5302 2002 5342 vero

429 5395 678 5464 superius
725 5398 1002 5460 ponuntur
1050 5385 1359 5457 signiﬁcant
1410 5381 1696 5437 Dominum
1745 5377 2000 5450 prmdicta

428 5483 611 5539 omnia
643 5481 709 5536 de
736 5479 893 5534 Moab
940 5480 992 5533 in
1035 5477 1210 5532 tribus
1257 5475 1416 5528 annis
1461 5473 1695 5526 locutum
1745 5483 1868 5524 esse
1905 5482 2002 5537 per

431 5571 747 5643 pr0phetam
767 5611 782 5636 ,
811 5583 874 5622 ac
904 5570 949 5623 si
984 5565 1232 5622 mercede
1262 5563 1612 5620 conduxisset
1643 5575 1765 5617 eum
1793 5599 1809 5626 ,
1838 5567 2003 5627 atque

429 5662 677 5731 ut-hujus
714 5660 1007 5729 prophetiae
1050 5657 1352 5712 ministerio
1383 5663 1602 5710 vacaret
1657 5651 1998 5722 praecepisse.

430 5757 546 5810 Non
574 5753 722 5809 enim
757 5750 1208 5821 quemadmodum
1244 5764 1344 5805 nos
1372 5756 1542 5804 totam
1574 5745 1862 5803 lectionem
1893 5758 2000 5799 una

2103 4550 2308 4622 Κύριος
2335 4547 2531 4616 λέγων,
2580 4545 2666 4598 Ἐν
2718 4543 2894 4614 τρισὶν
2926 4539 3101 4592 ἐτεσιν
3120 4535 3195 4598 ὡς
3227 4533 3319 4585 ἐπὶ
3353 4526 3678 4622 μισθωτοῦῖι

2104 4616 2246 4695 κατὰ
2276 4639 2334 4691 δὲ
2365 4637 2456 4691 τὸν
2488 4635 2837 4695 Θεοδοτίωνα,
2871 4649 2890 4682 ι
2936 4627 3068 4682 Ἀπὸ
3118 4624 3239 4678 τότε
3286 4622 3380 4674 καὶ
3410 4617 3504 4672 νῦν
3555 4616 3684 4670 ἐλά-

2105 4734 2234 4806 λησε
2290 4731 2493 4803 Κύριος
2538 4729 2733 4798 λέγων,
2775 4723 3041 4796 Ἐντρισὶν
3087 4719 3262 4772 ἐτεσιν
3303 4704 3379 4778 ὡς
3419 4711 3683 4773 ἐνιαυτοῖς

2110 4801 2400 4896 μισθωτοῦ.
2444 4842 2462 4874 ι
2500 4817 2635 4875 Εἶτα
2667 4819 2774 4874 ἀπὸ
2809 4817 3002 4887 ἐτέρας
3050 4809 3226 4882 ἀρχῆς
3264 4807 3475 4878 εἴρηται
3529 4801 3684 4896 παρᾲ

2106 4894 2218 4981 τοῖς
2277 4917 2481 4978 λοιποῖς
2537 4912 2914 4985 ἐρμηνευταίς,
2969 4926 2986 4957 ι
3042 4905 3152 4958 Καὶ
3183 4896 3616 4970 ἀτιμασθήσεται
3648 4894 3684 4965 ή

2107 5009 2234 5074 δόξα
2263 5008 2439 5063 Μωά6
2475 5007 2569 5059 σὺν
2601 5003 2762 5058 παντὶ
2785 5001 2862 5072 τῷ
2889 4997 3083 5069 πλήθει
3103 4993 3182 5065 τῷ
3209 4989 3406 5058 πολλῷ.
3433 5007 3450 5040 ι
3473 4989 3530 5040 'U
3551 4987 3683 5058 γὰρ,

2109 5100 2228 5166 καὶ,
2265 5099 2558 5169 σύνδεσμος
2592 5096 2752 5166 μέσος
2773 5089 3194 5164 παρεμϐληθεὶς,
3221 5085 3413 5156 ἑτέραν
3445 5081 3683 5135 διάνοιαν

2111 5191 2420 5262 παρέστησε
2447 5189 2545 5259 τὴν
2565 5187 2672 5241 ἀπὸ
2702 5184 2816 5247 τοῦ,
2844 5203 2862 5235 ι
2902 5183 3012 5235 Καὶ
3043 5176 3469 5250 ἀτιμασθήσεται
3495 5175 3530 5243 ἡ
3557 5170 3682 5236 δόξα

2108 5282 2282 5338 Μωάὸ
2301 5299 2316 5312 ο
2359 5299 2379 5333 ι
2416 5280 2478 5334 τὸ
2509 5280 2564 5332 δέ
2600 5276 2904 5349 ἔμπροσθεν
2932 5272 3119 5342 ἐδήλου
3152 5270 3227 5332 ὡς
3254 5269 3312 5321 ἐν
3339 5265 3514 5338 τρισὶν
3539 5263 3683 5315 ἔτεσι

2107 5375 2175 5429 τά
2207 5372 2576 5447 προλεχθέντα
2606 5370 2781 5424 πάντα
2810 5366 2938 5438 περὶ
2968 5364 3068 5434 τῆς
3111 5359 3284 5416 Μωάϐ
3324 5356 3526 5429 Κύριος
3544 5353 3684 5447 ἐλάσ-

2108 5443 2354 5537 λησετδιὰ
2380 5443 2481 5516 τοῦ
2515 5461 2818 5533 προφήτου,
2844 5458 3032 5527 ὥσπερ
3057 5450 3468 5525 μισθωσάμενος
3499 5443 3684 5537 αὑτὸν,

2108 5533 2204 5613 καὶ
2235 5557 2619 5627 ἀπασχολήσας
2654 5553 2784 5624 περὶ
2819 5551 2918 5620 τὴν
2945 5543 3248 5618 ὑπηρεσίαν
3282 5540 3382 5611 τῆς
3407 5537 3535 5609 περὶ
3562 5533 3684 5588 τού-

2110 5669 2217 5706 των
2257 5647 2608 5723 προφητείας.
2632 5646 2705 5699 Ού
2731 5645 2838 5714 γὰρ
2870 5641 3057 5710 ῶσπερ
3089 5637 3248 5708 ἡμεῖς
3285 5630 3497 5723 ἀθρόως
3556 5643 3683 5723 trav-

2111 5718 2454 5805 dimov—sagula
2487 5740 2593 5794 πᾶν
2641 5735 2971 5805 ἀνάγνωσμα
2989 5726 3329 5801 διερχόμεθα,
3357 5721 3505 5778 οὓτω
3534 5719 3630 5774 καὶ
3657 5718 3685 5771 ό
