3862 6210
1097 329 1609 390 COMMENTARIA
1648 333 1719 392 IN
1755 334 2019 393 ISAIAM.
2064 314 2134 379 έ-
2171 335 2328 395 CAP.
2368 335 2534 394 xvu.

153 444 422 518 προφήτης
449 444 593 501 κατὰ
626 447 924 516 συνάφειαν
971 446 1151 504 πάντα
1182 449 1342 520 λόγον
1372 453 1473 525 τῆς
1517 471 1714 527 προφη·

1838 454 2185 525 conjunctam
2217 453 2614 527 percurrimus,
2652 453 2723 509 ita
2752 462 2806 510 et
2835 454 3100 526 propheta
3130 465 3256 510 cum
3285 466 3419 509 con-

151 540 282 601 τείας
311 539 580 611 τροχάδην
603 538 937 612 ἐξηνέγκατο
960 558 975 572 ·
1008 540 1169 615 διῃρη
1179 544 1358 614 μένως
1382 546 1441 600 δὲ
1465 547 1562 601 καὶ
1587 546 1730 602 κατά

150 629 326 700 χρόνον
350 632 411 683 ὲν
437 630 719 702 διαφόροις
738 633 944 704 χρόνων
971 632 1299 706 διαστήμασι
1320 653 1334 666 ·
1366 636 1443 702 ὡς
1462 638 1533 691 τὰ
1552 641 1731 694 πάντα

151 720 492 794 πληρωθῆναι
519 725 648 798 τρία
676 724 794 797 ἔτη,
819 728 879 778 ἐν
911 721 992 791 οἷς
1024 727 1278 782 λέλεκται
1306 728 1456 801 αὐτῷ
1483 729 1552 783 τὰ
1586 733 1732 804 εἰρη-

150 812 288 883 μένα.
336 815 602 887 Ἐλάλησε
630 818 811 872 τοίνυν
847 818 918 874 τά
961 821 1019 873 ὲν
1049 820 1228 891 τρισὶν
1253 822 1281 874 6
1333 821 1539 894 Κύριος
1583 823 1729 879 ἔτεσι

147 905 223 959 διὰ
249 907 342 961 τοῦ
380 911 686 983 προφήτου.
712 911 879 976 Τέλος
905 912 962 985 δὲ
990 913 1104 967 τῶν
1134 913 1309 983 λόγων
1337 914 1434 968 τοῦ
1481 915 1616 969 Θεοῦ
1660 912 1730 988 ἦν

147 994 217 1061 τὸ,
240 1015 260 1049 ι
296 999 409 1053 Καὶ
438 1000 875 1073 ἀτιμασθήσεται
910 1004 943 1074 ἡ
977 1002 1105 1068 δόξα
1132 1004 1307 1059 Μωάϐ
1332 1006 1430 1060 σὺν
1462 1010 1627 1063 παντὶ
1650 1009 1729 1082 τῷ

147 1089 322 1160 πλήθει
367 1091 449 1162 τῷ
494 1093 694 1166 πολλῷ.
741 1095 853 1148 Καὶ
905 1095 1400 1169 καταλειφθήσεται
1421 1098 1725 1169 ὀλιγοστὸς,

147 1183 232 1236 καὶ
259 1185 357 1238 οὐκ
379 1184 622 1257 ἔντιμος.
664 1207 684 1241 ι
728 1189 794 1241 Ὃ
842 1189 907 1260 δὴ
941 1190 1037 1244 καὶ
1091 1190 1225 1243 αὐτὸ
1258 1193 1397 1263 πρὸς
1439 1193 1583 1261 λέξιν
1626 1213 1727 1249 πε-

147 1275 435 1349 πλήρωται,
464 1279 540 1343 ὡς
565 1278 714 1333 ἐστιν
746 1279 867 1351 δψει
896 1283 1032 1335 πᾶσι
1062 1281 1246 1336 λαϐεῖν
1279 1284 1461 1356 ῥᾴδιον
1496 1288 1608 1351 τοῖς
1647 1289 1729 1353 είς

146 1368 257 1431 τοὺς
280 1370 484 1435 τόπους
502 1372 942 1443 ἀφικνουμένοις.

656 1555 1058 1613 ΚΕΦΑΛΑΙΟΝ
1088 1561 1189 1614 ΙΖ’.
1539 1586 1544 1593 η

210 1655 231 1690 ι
259 1638 330 1693 Τὸ
346 1640 503 1712 ῥῆμα
526 1644 589 1697 τὸ
617 1646 763 1700 κατὰ
789 1649 1102 1721 Δαμασκοῦ.
1143 1652 1273 1708 Ἰδοὺ
1311 1655 1603 1727 Δαμασκὸς
1628 1658 1725 1731 ἀρ-

1829 547 2111 617 junctione
2138 556 2310 603 totum
2341 547 2644 618 pr0phetiae
2670 561 2975 603 sermonem
3006 560 3116 602 uno
3141 558 3307 601 cursu
3327 560 3419 601 ex-

1835 639 1990 706 tulit;
2033 640 2128 695 sed
2159 639 2373 695 divisim
2403 648 2459 693 et
2489 637 2790 694 secundum
2836 646 3050 706 tempus
3073 676 3089 703 ,
3131 636 3295 707 inque
3328 636 3417 691 di-

1831 731 2009 795 versis
2058 741 2362 802 temporum
2411 728 2743 797 intervallis;
2784 729 2859 784 ita
2891 736 2950 783 ut
2994 730 3093 785 toti
3141 737 3255 785 tres
3285 728 3417 784 anni

1831 822 2087 893 completi
2139 823 2292 887 sint,
2339 822 2392 876 in
2431 819 2630 892 quibus
2681 819 2872 875 isthrec
2900 819 3045 874 dicta
3088 818 3188 890 ipsi
3233 817 3410 875 fuere.

1832 915 1958 971 Hrcc
1985 916 2151 988 igitur
2185 914 2243 969 in
2269 913 2442 968 tribus
2471 912 2631 967 annis
2661 910 2923 966 Dominus
2968 925 3066 981 per
3091 910 3410 982 prophetam

1830 1006 2048 1063 locutus
2077 1014 2182 1061 est.
2236 1004 2389 1060 Finis
2439 1014 2620 1060 autem
2662 1003 2954 1058 verborum
3010 1001 3224 1057 Domini
3279 1001 3414 1057 illud

1828 1108 1968 1167 erat,
2004 1117 2024 1151 ι
2069 1099 2134 1153 Ει
2164 1098 2584 1153 inhonorabitur
2609 1098 2780 1171 gloria
2815 1096 2973 1152 Moab
3005 1111 3126 1152 cum
3156 1096 3413 1153 omnibus

1830 1190 2056 1257 divitiis,
2098 1191 2273 1260 iisque
2304 1190 2509 1246 multis.
2543 1190 2610 1247 Et
2642 1191 2983 1261 relinquetur
3020 1189 3284 1244 minim'us
3308 1229 3325 1255 ,
3355 1196 3412 1244 et

1828 1295 1936 1335 non
1968 1283 2289 1336 honoratus.
2316 1300 2335 1333 ι
2373 1279 2525 1347 Quod
2560 1280 2733 1350 ipsum
2759 1281 2825 1335 ad
2856 1280 3098 1335 litteram
3127 1280 3410 1352 impletum

1829 1382 1931 1438 est,
1961 1383 2019 1428 ut
2056 1372 2217 1429 facile
2265 1374 2395 1444 ipsis
2443 1373 2617 1429 oculis
2645 1373 2960 1444 perspicere
2986 1372 3203 1429 valeant
3248 1379 3411 1444 quot-

1828 1473 1961 1535 quot
1989 1464 2041 1519 in
2077 1464 2191 1536 ipsa
2218 1463 2336 1519 loca
2372 1466 2694 1520 concedunt.

2407 1555 2635 1613 CAPUT
2668 1545 2837 1634 Xvu.

1900 1648 2065 1703 Vens.
2096 1648 2147 1703 l.
2182 1666 2202 1702 ι
2236 1647 2475 1705 Verbum
2519 1659 2708 1706 contra
2741 1649 3084 1706 Damascum.
3118 1648 3260 1706 Ecce
3304 1649 3407 1707 Da-

146 1729 349 1802 θήσεται
397 1734 790 1795 ἀπὸ·πόλεων.
838 1759 857 1792 ι
909 1742 1019 1814 Τὴν
1053 1743 1375 1817 καθαίρεσιν
1428 1729 1714 1804 αἰνίττεται

1828 1757 2046 1798 mascus
2094 1742 2316 1798 tolletur
2356 1759 2385 1797 a
2433 1743 2767 1800 civitatibus.
2809 1761 2831 1797 ι
2862 1742 3215 1801 Eversiouem
3242 1744 3408 1816 regia

144 1823 231 1895 τῆς
255 1824 544 1899 βασιλικῆς
558 1829 864 1902 δυνάμεως,
885 1827 952 1905 ἦς
976 1808 1193 1909 μετεῖχε
1223 1808 1539 1912 πρότερονή
1566 1842 1714 1907 πόλις

1826 1835 2111 1906 potestatis
2139 1836 2469 1904 subindicat,
2502 1833 2658 1905 cujus
2686 1843 2844 1890 antea
2874 1851 3101 1893 consors
3133 1846 3255 1893 erat
3274 1808 3406 1894 urbs

145 1912 460 1985 ἐκλάμψασα
489 1917 644 1989 (19⁸).
664 1921 814 1993 Μόνη
833 1923 942 1995 γὰρ
972 1919 1042 1996 ἦν
1070 1926 1195 1980 τότε
1227 1929 1327 2001 τῆς
1355 1929 1553 2002 Συρίας
1579 1932 1721 1987 ἁπά-

145 2022 233 2099 σης
252 2010 561 2099 κρατοῦσα,
599 2013 767 2085 μήπω
790 2015 899 2069 τῶν
935 2017 1058 2072 καθ’
1083 2021 1233 2091 ἡμᾶς
1261 2022 1544 2092 ἐπιφανῶν
1568 2027 1628 2079 ὲν
1647 2029 1716 2099 τῇ

144 2097 295 2171 Συρίᾳ
330 2101 544 2157 πόλεων
597 2105 1006 2179 ὲγηγερμένων,
1048 2110 1379 2184 Ἀντιοχείας
1419 2116 1562 2188 φημὶ
1624 2097 1721 2172 καί

141 2189 236 2243 ⁴Ιςῶν
260 2192 453 2247 ἄλλων.
968 2211 972 2220 ·
1162 2229 1175 2236 -

207 2298 225 2331 ι
248 2282 356 2335 Καὶ
378 2283 540 2337 ἔσται
570 2285 652 2349 είς
676 2284 883 2340 πτῶσιν
916 2288 1011 2342 καὶ
1033 2290 1503 2369 καταλελειμμένῃ
1528 2297 1608 2362 είς
1628 2297 1719 2353 τὸν

144 2369 298 2426 αἰῶνα
337 2374 421 2438 είς
453 2376 651 2447 κοίτην
690 2380 955 2450 ποιμνίων
983 2383 1079 2436 καὶ
1110 2383 1416 2441 ἀνάπαυσιν
1435 2405 1451 2419 ⁸
1486 2389 1580 2442 καὶ
1614 2390 1716 2444 οὐκ

143 2461 279 2518 ἔσται
298 2466 327 2517 6
345 2465 586 2523 διώκων.
616 2471 727 2524 Καὶ
753 2472 937 2527 οὐκέτι
961 2473 1113 2530 ἔσται
1135 2477 1309 2548 ὀχυρά
1334 2478 1427 2532 τοῦ
1453 2481 1721 2550 καταφεύ-

142 2570 245 2623 γειν
272 2558 534 2632 Ἐφρατμ.
562 2579 582 2613 ι
614 2562 826 2637 ’Ὠσπερ
851 2568 919 2637 τῇ
946 2567 1262 2640 Βαϐυλωνίᾳ
1281 2569 1350 2624 τὰ
1381 2571 1721 2642 ἁρμόττοντα
1746 2556 1747 2559 η

144 2646 362 2718 ὶλέγετο,
395 2653 495 2706 καὶ
539 2656 655 2718 τοῖς
704 2655 1023 2728 ἀλλοφύλοις
1069 2663 1182 2725 τοῖς
1213 2661 1313 2733 τὴν
1351 2663 1718 2736 Παλαιστίνην

141 2741 328 2795 οἰκῶσι
377 2744 448 2799 τὰ
477 2745 812 2819 κατάλληλα,
839 2752 907 2821 τῇ
952 2768 1012 2805 τε
1039 2751 1215 2807 Μωὰϐ
1260 2753 1523 2818 ὡσαύτως
1553 2755 1719 2827 ἕτερά

143 2850 249 2889 τινα
286 2836 563 2904 ἰδιάζοντα
587 2855 601 2870 ο
636 2838 727 2893 τὸν
758 2841 924 2896 αὑτὸν
956 2843 1157 2915 τρόπον
1183 2844 1278 2898 καὶ
1308 2845 1370 2898 τὸ
1419 2846 1560 2900 κατά
1608 2849 1715 2901 Δα-

146 2929 337 3017 μασκοῦ
371 2932 718 3003 προφητικὸν
733 2933 887 3005 ῥῆμα
922 2933 1051 2990 ῐδιόν
1072 2953 1125 2990 τι
1151 2935 1306 3001 τέλος
1323 2936 1714 2994 ἐπελεύσεσθαι

140 3018 293 3092 αὐτὴν
333 3021 585 3076 ἀπειλεῖ·
664 3023 998 3096 ἀρθήσεσθαί
1051 3045 1186 3100 φησι
1236 3027 1348 3101 γὰρ
1391 3029 1561 3101 αὐτὴν
1607 3030 1716 3084 ἀπὸ

141 3107 350 3166 πύλεων.
416 3114 583 3167 Κατὰ
627 3114 686 3168 δὲ
732 3115 823 3184 τρν
872 3115 1221 3183 Θεοδοτίωνα,
1280 3119 1715 3192 μεταστήσεσθαί

141 3219 287 3275 φησιν
317 3206 382 3258 ὲκ
408 3207 648 3261 πόλεων.
679 3208 924 3263 Πέπονθε
967 3209 1026 3263 δὲ
1054 3210 1215 3265 τοῦτο
1247 3211 1387 3266 κατὰ
1416 3214 1543 3278 τοὺς
1588 3214 1715 3268 Ἀσ-

141 3295 365 3366 συρίους,
392 3297 473 3361 ὡς
519 3299 620 3352 καὶ
651 3299 839 3370 ἐδήλου
872 3300 959 3355 διὰ
996 3301 1106 3357 τῶν
1128 3302 1439 3375 ἔμπροσθεν
1490 3306 1524 3377 ή
1579 3306 1717 3377 μετὰ

140 3388 307 3460 χεῖρας
324 3389 545 3461 Γραφὴ,
563 3389 656 3443 τὺν
683 3389 792 3443 τῶν
820 3391 1120 3464 Ἀσσυρίων
1137 3392 1364 3463 βασιλέα
1392 3396 1717 3467 παριστῶσα

138 3477 376 3549 λέγοντα·
415 3500 440 3535 s
488 3481 607 3535 Καὶ
642 3480 831 3536 ἔλαϐον
856 3482 1119 3556 Ἀραϐίαν
1153 3485 1248 3539 καὶ
1288 3487 1580 3559 Δαμασκὸν
1619 3488 1716 3542 καὶ

139 3569 456 3643 Σαμάρειαν,
488 3572 551 3625 δν
570 3571 774 3642 τρόπον
805 3571 996 3627 ἔλαϐον
1023 3573 1228 3639 ταύτας
1284 3576 1379 3630 καὶ
1405 3576 1585 3641 πάσας
1615 3578 1717 3642 τὰς

138 3662 293 3733 ἀρχὰς
323 3664 595 3737 λήψομαι.
633 3683 652 3716 ι
691 3664 879 3736 Τούτῳ
913 3665 972 3718 δὲ
1014 3664 1094 3737 τῷ
1123 3665 1266 3737 λόγῳ
1307 3667 1464 3740 καὶή
1505 3668 1715 3741 ἱστορία

144 3760 422 3829 μαρτυρεϊι
451 3757 769 3827 γέγραπται
793 3756 926 3827 γοῦν
950 3758 1009 3811 ὲν
1046 3760 1113 3830 τῇ
1142 3759 1381 3832 τετάρτῃ
1404 3758 1514 3814 τῶν
1551 3760 1716 3815 Βασι-

140 3841 306 3899 λειῶψ
346 3865 367 3899 ι
397 3847 519 3900 Καὶ
556 3845 725 3917 ἀνέϐη
769 3846 1020 3917 βασιλεὺς
1063 3848 1360 3921 Ἀσσυρίων
1402 3851 1482 3912 είς
1526 3852 1713 3922 Δαμα-

141 3935 270 3999 ωὼν,
319 3939 419 3992 καὶ
449 3937 719 3994 συνέλαϐε
751 3938 946 4011 αὐτὴν,
982 3938 1078 3993 καὶ
1118 3938 1398 4011 ἀπῴκισεν
1446 3942 1634 4013 αὐτήν.
1684 3960 1704 3995 ι

144 4027 203 4079 Ἅι
224 4029 283 4101 δή
311 4030 409 4085 καὶ
440 4030 638 4094 τέλους
664 4030 933 4102 τετύχηκε
977 4031 1071 4084 ἐπὶ
1117 4031 1216 4102 τῆς
1253 4032 1567 4103 Ῥωμαῖκῆς
1608 4033 1711 4106 ἀρ-

140 4118 245 4189 κῆς,
279 4122 403 4176 καθ’
431 4124 503 4195 ἢν
535 4125 877 4195 συνειστήκει
941 4123 1040 4195 μὲν
1083 4124 1118 4195 ή
1174 4124 1485 4195 Δαμασκδς,
1521 4124 1621 4196 τὴν
1651 4124 1709 4179 δὲ

140 4211 356 4267 Δ’ἐξιλαιάν
402 4215 507 4269 καὶ
542 4214 845 4287 βασιλικὴν,
892 4214 1047 4287 φησὶ,
1098 4214 1377 4280 παντελῶς
1412 4215 1704 4288 ἠφανίσθη.

139 4300 276 4359 οὕτω
300 4307 356 4362 δὲ
389 4307 629 4378 συνέστη
657 4309 692 4379 ἡ
724 4308 820 4361 καὶ
861 4307 958 4362 νῦν
988 4308 1267 4381 ὁρωμένη,
1328 4307 1405 4371 ὡς
1434 4310 1468 4379 ή
1503 4325 1710 4382 προφη-

138 4394 243 4449 τεία
262 4397 542 4464 ἐθέσπισε,
579 4400 762 4454 οὐκέτι
794 4400 891 4472 μὲν
923 4401 1198 4473 βασιλικὸν
1237 4401 1452 4474 ἀξίωμα
1504 4405 1707 4473 ἐπαγο-

1822 1927 2032 1984 ἰειιιτεο.
2062 1928 2190 1985 Sola
2234 1929 2435 1999 quippe
2479 1936 2608 1984 tunc
2654 1928 2925 1984 universae
2957 1928 3132 2001 Syriae
3163 1929 3402 2001 impera-

1821 2017 1955 2082 bat,
2004 2033 2127 2072 cum
2183 2019 2347 2074 urbes
2389 2018 2442 2073 in
2488 2017 2684 2091 Syria,
2736 2028 2920 2074 nostra
2968 2028 3131 2075 aetate
3183 2020 3402 2092 conspi-

1821 2124 1957 2176 suae,
1988 2110 2226 2166 nondum
2259 2118 2481 2167 structa:
2516 2110 2785 2178 fuissent;
2819 2112 3167 2168 Antiochiam
3192 2112 3314 2170 dico
3343 2120 3428 2169 et.

1822 2199 1978 2256 alias.

1897 2292 2060 2348 Vsus.
2087 2290 2144 2357 2,
2180 2290 2235 2346 5.
2288 2310 2308 2344 ι
2368 2291 2434 2346 Ει
2476 2291 2582 2348 erit
2608 2291 2660 2346 in
2690 2291 2902 2347 ruinam
2947 2303 3004 2348 et
3029 2291 3288 2348 derelicta
3336 2294 3395 2349 in

1827 2384 2085 2440 saeculum
2117 2385 2171 2438 iu
2214 2383 2396 2440 cubile
2428 2380 2650 2439 ovilium
2679 2399 2694 2438 :
2728 2391 2782 2438 et
2813 2398 2918 2439 non
2961 2383 3067 2438 erit
3090 2385 3182 2454 qui
3213 2396 3401 2454 perse-

1820 2485 2038 2547 quatur.
2063 2476 2130 2530 Et
2159 2490 2265 2531 non
2297 2476 2403 2530 erit
2435 2475 2575 2531 ultra
2615 2476 2845 2540 munita,
2874 2483 2929 2529 ut
2964 2474 3090 2531 illuc
3118 2474 3401 2545 confugiat

1820 2566 2103 2638 Ephraim.
2138 2585 2158 2618 ι
2189 2565 2656 2642 Quemadmodum
2687 2563 2997 2635 Babylonia:
3026 2580 3147 2636 qua:
3169 2579 3400 2622 consen-

1824 2668 1985 2714 tanea
2019 2665 2196 2723 erant,
2225 2655 2516 2728 allophylis
2546 2653 2842 2711 Palaestinae
2876 2655 3067 2711 incolis
3107 2669 3228 2725 qua:
3265 2656 3400 2727 ipsis

1820 2750 2240 2822 competebant,
2278 2764 2343 2805 ac
2372 2750 2579 2821 regioni
2608 2746 2767 2804 Moab
2810 2747 3065 2803 similiter
3104 2747 3210 2803 alia
3244 2762 3399 2819 qure-

1819 2843 1945 2897 dam
1985 2841 2090 2912 ipsi
2141 2840 2361 2911 propria
2417 2839 2760 2908 minabatur;
2819 2839 2900 2895 sic
2945 2849 2999 2895 et
3050 2838 3399 2910 propheticus

1817 2951 2000 2994 sermo
2030 2945 2218 2991 contra
2267 2936 2592 2990 Damascum
2624 2947 2793 3003 agens
2820 2972 2837 3000 ,
2870 2931 3016 2987 illam
3045 2931 3268 3002 proprio
3292 2929 3397 2986 sibi

1818 3027 1927 3084 line
1957 3026 2330 3096 excipiendam
2375 3037 2494 3080 esse
2538 3023 2966 3080 interminatur:
3004 3038 3129 3077 nam
3158 3023 3330 3093 ipsam
3362 3036 3395 3076 a

1819 3118 2135 3174 civitatibus
2176 3116 2467 3173 tollendam
2499 3130 2620 3171 esse
2660 3115 2757 3171 ait.
2804 3114 3114 3171 Secundum
3143 3113 3401 3171 Theodo-

1822 3212 2024 3265 tionem
2054 3224 2186 3266 vero
2211 3249 2227 3276 ,
2272 3206 2706 3263 transferendam
2741 3221 2807 3262 ex
2840 3206 3180 3262 civitatibus.
3216 3206 3270 3262 ld
3302 3221 3400 3261 au-

1818 3311 1924 3358 tem
1958 3314 2213 3373 perpessa
2242 3310 2326 3356 est
2367 3299 2714 3371 Assyriorum
2744 3306 2991 3368 tempore
3014 3338 3032 3363 ,
3056 3306 3116 3354 ut
3143 3298 3296 3369 prius
3323 3299 3400 3353 si-

1815 3392 2111 3465 gniﬁcabat
2139 3405 2381 3461 przeseus
2414 3389 2697 3461 Scriptura
2725 3427 2742 3453 ,
2767 3403 2891 3445 cum
2923 3388 3271 3460 Assyriorum
3303 3402 3396 3444 re-

1815 3499 1937 3556 gem
1960 3483 2247 3539 induceret
2289 3483 2584 3547 dicentem,
2619 3499 2640 3534 ι
2676 3480 2747 3557 Et
2774 3480 2893 3551 cepi
2917 3479 3177 3534 Arabiam
3205 3489 3261 3534 et
3289 3478 3398 3534 Da-

1822 3590 2065 3630 mascum
2091 3586 2146 3629 et
2176 3573 2479 3629 Samariam
2517 3593 2531 3630 :
2566 3571 3019 3643 quemadmodum
3064 3570 3162 3627 has
3188 3570 3308 3640 cepi
3340 3580 3398 3626 et

1814 3683 2003 3723 omnes
2036 3667 2372 3737 principatus
2397 3667 2606 3736 capiam
2630 3665 2700 3720 ".
2737 3684 2757 3717 ι
2794 3664 2931 3720 Huic
2957 3678 3119 3734 porro
3147 3662 3391 3719 sermoni
3486 3680 3495 3687 ·

1814 3759 2188 3813 testimonium
2255 3757 2414 3812 ali‘ert
2465 3759 2751 3825 historia;
2808 3756 3077 3827 siquidem
3136 3754 3192 3810 in
3251 3754 3395 3811 libro

1814 3857 2010 3916 quarto
2041 3848 2354 3918 Regnorum
2385 3848 2650 3920 scriptum
2694 3856 2820 3906 est:
2855 3868 2874 3901 ι
2915 3848 2981 3905 Et
3002 3849 3247 3905 ascendit
3293 3863 3394 3905 rex

1810 3940 2158 4012 Assyriorum
2192 3940 2536 4006 Damascum,
2581 3951 2636 3997 et
2681 3943 2822 4012 cepit
2847 3957 2993 4007 eam,
3025 3950 3082 3999 et
3116 3943 3395 4001 transtulit

1811 4045 1956 4087 eam.
1993 4050 2012 4084 ι
2045 4032 2174 4099 Quae
2206 4033 2334 4087 item
2369 4043 2613 4087 extremo
2662 4032 2929 4103 completa
2978 4043 3107 4089 sunt
3149 4034 3253 4090 sub
3284 4034 3395 4090 Ro-

1811 4137 2096 4178 manorum
2134 4122 2386 4193 imperio,
2417 4123 2570 4191 cujus
2598 4133 2840 4194 tempore
2866 4125 3163 4183 Damascus
3199 4141 3394 4196 super-

1810 4224 1922 4272 stes
1950 4216 2189 4286 quidem,
2215 4231 2407 4272 verum
2454 4219 2600 4288 quod
2653 4218 2720 4273 ad
2765 4219 3046 4287 antiquam
3095 4228 3150 4275 et
3181 4219 3390 4289 regiam

1810 4309 2129 4380 dignitatem
2158 4347 2177 4375 ,
2210 4308 2459 4365 funditus
2487 4309 2665 4365 deleta
2707 4320 2848 4366 erat.
2883 4312 3000 4378 Quo
3029 4319 3188 4380 pacto
3221 4311 3389 4365 etiam

1808 4402 2060 4458 consistit
2083 4417 2148 4459 ea
2168 4446 2183 4471 ,
2228 4417 2389 4472 quam
2424 4402 2586 4458 hodie
2613 4403 2895 4467 videmus,
2926 4402 3384 4472 quemadmodum

140 4483 281 4559 μένη,
305 4489 426 4544 οὐδὲ
449 4490 697 4562 ἄρχουσα
723 4490 818 4545 τοῦ
858 4490 1046 4565 Σύρων
1085 4492 1271 4556 ἔθνους
1294 4506 1310 4522 ·
1372 4494 1703 4549 ἀποπεπτω-

1820 4494 2091 4564 prophetia
2123 4495 2494 4550 vaticinatur:
2530 4510 2650 4563 qua:
2696 4503 2905 4549 tantum
2953 4496 3113 4550 abest
3140 4503 3198 4548 ut
3240 4492 3383 4548 ultra

138 4579 249 4630 κυῖα
276 4579 331 4633 δὲ
357 4576 428 4653 ἧς
459 4579 579 4652 εἶχε
628 4581 910 4653 δυνάμεως
962 4583 1249 4656 πρότερον,
1288 4586 1382 4638 καὶ
1420 4586 1702 4656 μονονουχὶ

139 4668 207 4730 τις
234 4669 413 4743 κοίτην
446 4671 719 4743 ποιμνίων
752 4673 844 4727 καὶ
868 4674 1177 4729 ἀνάπαυσιν
1207 4674 1503 4745 βουκολίων
1533 4694 1703 4731 κατα-

137 4756 443 4836 λελειμμένη
464 4781 482 4795 ·
538 4764 682 4819 οὕτω
718 4766 775 4819 δὲ
802 4766 873 4819 τὰ
917 4766 1147 4836 ἀγελαῖα
1193 4766 1374 4840 πλήθη
1431 4769 1526 4822 καὶ
1575 4770 1703 4834 τοὺς

139 4851 354 4919 εὐτελεῖς
380 4855 593 4927 δήμους
626 4857 807 4910 καλεῖν
854 4857 1046 4912 εἴωθεν
1072 4861 1102 4912 6
1129 4859 1305 4928 λόγος.
1345 4861 1501 4915 Κατὰ
1532 4863 1699 4933 μόνην

137 4939 222 5014 τὴν
252 4944 357 4998 τῶν
389 4945 800 5017 Ἐϐδομήκοντα
844 4948 1138 5019 ἑρμηνείαν
1186 4948 1421 5021 εἴρηται,
1450 4950 1592 5019 λέγω
1631 4951 1698 5023 δὴ

137 5030 209 5096 τὺ,
246 5052 264 5086 ι
295 5037 376 5099 είς
405 5036 502 5091 τὸν
554 5035 757 5090 αἰῶνα·
803 5056 823 5089 ι
870 5036 995 5091 οὒτε
1048 5038 1159 5110 γὰρ
1214 5041 1270 5092 ὲν
1322 5040 1401 5111 τῷ
1423 5041 1698 5114 Ἐϐραῖκῷ

138 5122 245 5177 οὔτε
279 5128 429 5200 παρὰ
478 5131 597 5193 τοῖς
639 5128 846 5193 λοιποῖς
894 5130 1254 5202 ἑρμηνευταῖς
1307 5132 1554 5204 φέρεται.
1603 5133 1697 5187 Διὸ

139 5216 458 5292 οὐκάνάγκη
486 5220 589 5291 τὴν
617 5221 826 5275 πτῶσιν
857 5220 1150 5294 Δαμασκοῦ
1182 5223 1406 5277 αἰωνίαν
1440 5223 1697 5293 λέγεσθαι

140 5308 380 5377 νομίζειν·
415 5312 607 5383 ἐπειδὴ
636 5314 863 5385 χρονική
896 5330 981 5377 τις
998 5313 1178 5367 αὐτῶν
1208 5315 1398 5384 γέγονε
1426 5316 1460 5386 ή
1492 5316 1698 5380 πτῶσις

142 5399 262 5451 κατὰ
286 5401 382 5471 τὴν
407 5401 514 5471 τῆς
557 5402 844 5475 Ἀσσυρίας
892 5403 1230 5475 πολιορκίαν,
1271 5403 1392 5458 καθ’
1425 5404 1493 5475 ἢν
1538 5404 1633 5458 καὶ
1659 5407 1694 5476 ή

151 5486 484 5566 Ἰερουσαλὴμ
518 5494 651 5565 ἥλω.
701 5496 841 5549 Ἀλλ’
884 5495 1072 5570 ῶσπερ
1119 5493 1274 5562 αὖθις
1311 5500 1698 5565 ἐπανελθόντες

152 5577 365 5639 Ἰουδαῖοι
397 5588 634 5658 ἤγειραν
663 5587 761 5659 τὴν
789 5588 1163 5661 Ἰερουσαλὴμ,
1201 5590 1301 5659 εκαὶ
1354 5590 1456 5663 τὴν
1505 5592 1694 5665 χώραν

200 5700 241 5733 ⁷⁷
263 5704 363 5762 Isa.
388 5722 446 5772 ι,
487 5706 546 5763 9.

199 5795 323 5871 (19⁸)
374 5800 505 5860 [iac
556 5817 696 5875 pene
721 5803 791 5860 ad
834 5806 1052 5865 verbum
1098 5807 1456 5876 Hieronymus
1504 5810 1778 5878 exprimit.

1807 4587 2014 4657 regiam
2043 4586 2363 4657 dignitatem
2391 4587 2640 4643 obtineat
2667 4626 2684 4652 ,
2715 4601 2779 4641 ac
2810 4587 3074 4656 Syrorum
3099 4587 3247 4657 genti
3281 4586 3386 4641 im-

1807 4686 1992 4748 peret,
2024 4688 2081 4733 ιιι
2104 4680 2333 4750 pristina
2377 4686 2648 4750 potestate
2693 4678 2905 4749 penitus
2957 4678 3270 4744 exciderit,
3317 4692 3387 4733 ac

1809 4777 2018 4824 tantum
2047 4785 2155 4825 non
2195 4771 2248 4826 in
2276 4770 2451 4827 cubile
2482 4771 2728 4836 ovilium,
2754 4778 2809 4824 et
2836 4769 2889 4822 in
2919 4769 3132 4823 caulam
3162 4783 3397 4824 armen-

1810 4869 1984 4916 torum
2014 4862 2204 4918 relicta
2232 4862 2305 4917 sit
2353 4880 2368 4917 :
2411 4863 2490 4918 sic
2516 4877 2681 4932 porro
2705 4861 2847 4931 vulgi
2873 4861 3275 4915 multitudinem
3326 4869 3382 4914 et

1806 4950 2048 5007 intimam
2072 4952 2284 5022 plebem
2311 4967 2510 5008 vocare
2540 4952 2679 5008 solet
2707 4952 2884 5007 divina
2914 4951 3218 5020 Scriptura.
3247 4949 3381 5005 Illud

1804 5049 1983 5096 autem
2011 5082 2027 5106 ,
2066 5060 2085 5093 ι
2117 5042 2171 5097 in
2205 5043 2461 5099 saeculum
2490 5081 2506 5108 ,
2544 5061 2564 5094 ι
2613 5041 2905 5096 secundum
2948 5040 3116 5096 solam
3152 5041 3384 5110 Septua-

1802 5135 1950 5201 ginta
1990 5132 2355 5204 lnterpretum
2404 5134 2708 5189 versionem
2756 5132 3004 5188 dicitur:
3036 5147 3161 5186 nam
3203 5147 3382 5201 neque

1807 5223 1863 5278 in
1888 5222 2156 5280 Hebraico
2185 5263 2201 5290 ,
2238 5236 2413 5294 neque
2451 5223 2592 5294 apud
2641 5221 2881 5292 reliquos
2908 5222 3235 5291 interpretes
3268 5221 3384 5276 I‘er-

1807 5323 1914 5371 tur.
1947 5313 2310 5383 Quamobrem
2343 5313 2710 5370 necessarium
2754 5312 2982 5368 minime
3008 5320 3093 5368 est
3130 5321 3192 5367 ut
3219 5324 3380 5383 pute-

1802 5423 1924 5463 mus
1953 5409 2166 5463 ruinam
2211 5407 2460 5462 Damasci
2516 5415 2777 5463 aeternam
2806 5404 3025 5478 praedici
3075 5423 3090 5460 :
3134 5405 3380 5476 quando-

1803 5500 2020 5571 quidem
2067 5500 2134 5554 ad
2171 5508 2381 5569 tempus
2413 5499 2585 5582 solum
2616 5497 2733 5566 ejus
2761 5499 3033 5556 excidium
3063 5498 3166 5554 fuit
3190 5539 3208 5565 ,
3253 5514 3378 5555 cum

1803 5593 1872 5649 ab
1901 5592 2142 5664 Assyriis
2169 5593 2390 5652 obsessa
2425 5600 2509 5651 est
2533 5632 2551 5663 ,
2582 5596 2797 5665 quando
2825 5594 2988 5652 etiam
3035 5591 3376 5667 Jerosolyrua
