3862 6210
386 342 489 401 201

1034 312 1326 387 ‘EiIsEBu
1372 318 1855 382 casammsrs
1892 315 2048 377 opp.
2088 314 2276 375 PARS
2312 316 2405 374 ιιι.
2445 345 2516 358 --
2554 314 2966 374 EXEGETICA.

382 462 550 526 σπειρία
581 460 685 510 est.
718 454 920 511 Verum
941 450 1395 524 quemadmodum
1423 443 1820 503 reversiJudaei
1856 442 1988 499 Hie-

2127 441 2423 515 πλήρωσαν
2454 440 2779 513 οἰκητόρων,
2811 439 2907 493 τὸν
2954 433 3115 491 αὐτὸν
3152 432 3353 507 τρόπον
3397 429 3492 486 καὶ
3521 430 3558 503 ἢ
3591 431 3690 484 Δαμ-

396 545 730 617 rosolymam
764 546 942 601 denuo
964 544 1303 612 excitarunt,
1326 552 1491 611 atque
1517 539 1801 612 regionem
1828 538 1984 594 inco-

397 637 465 692 lis
495 635 868 707 repleverunt.
916 636 985 690 ad
1010 634 1263 691 eumdem
1308 632 1525 688 modum
1556 638 1614 687 et
1642 629 1943 686 Damascus
1969 667 1986 693 ,

398 729 490 786 illa
519 744 776 801 perpessa
807 769 821 794 ,
854 742 975 799 quae
1028 726 1088 782 in
1142 726 1428 797 prophetia
1468 724 1743 789 feruntur,
1787 735 1988 777 rursus

400 821 457 876 in
486 821 735 892 sequenti
766 828 1011 891 tempore
1038 823 1249 874 structa
1270 813 1373 871 fuit
1395 857 1409 883 ,
1448 814 1524 871 ita
1574 821 1635 869 ut
1662 811 1810 884 regia
1833 813 1991 870 sedes

401 913 459 968 in
486 925 551 967 ea
578 912 781 969 iterum
806 918 1134 981 poneretur.

476 1025 496 1060 ε
532 1005 599 1062 Ει
627 1020 735 1060 non
765 1005 905 1059 ultra
945 1016 1172 1075 regnum
1202 1001 1255 1056 in
1286 1001 1553 1057 Damasco
1581 1013 1596 1054 :
1633 1007 1689 1055 et
1709 996 1988 1055 residuum

390 1099 695 1171 Syrorum.
726 1114 744 1149 ι
773 1094 901 1151 Haec
926 1094 1181 1150 dicuntur
1207 1092 1362 1164 quasi
1394 1092 1695 1147 Damascus
1716 1096 1993 1160 superstes

403 1190 621 1261 quidem
651 1187 829 1243 futura
854 1186 943 1254 sit,
971 1186 1068 1243 sed
1098 1200 1205 1240 non
1234 1183 1441 1239 munita
1474 1188 1533 1238 et
1559 1181 1710 1252 regni
1740 1187 1904 1250 caput
1933 1188 1993 1236 ut

403 1282 555 1337 olim.
582 1279 818 1336 Possunt
847 1278 975 1332 item
1017 1275 1123 1331 alio
1156 1275 1321 1330 modo
1369 1274 1483 1329 haec
1533 1273 1654 1328 loca
1702 1270 1991 1343 explicari,

406 1373 563 1444 quasi
594 1370 805 1428 scilicet
833 1369 1117 1440 prophetia
1142 1365 1402 1421 Damasci
1444 1365 1641 1422 incolis
1681 1364 1993 1436 depressio-

406 1480 534 1522 nem
559 1473 615 1521 et
644 1463 909 1534 privatam
939 1460 1107 1517 vitam
1146 1457 1500 1529 prmnuntiet.
1526 1456 1607 1511 Ita
1639 1456 1783 1512 enim
1813 1456 1997 1513 dicere

407 1558 649 1616 solemus
682 1554 952 1611 excidisse
993 1552 1215 1608 divitem
1235 1587 1251 1615 ,
1282 1564 1408 1605 cum
1445 1550 1500 1603 in
1528 1555 1836 1603 extremam
1863 1562 1997 1618 pau—

404 1661 677 1725 pertatem
701 1647 1014 1714 devenerit;
1042 1644 1407 1713 similiterque
1433 1641 1613 1697 virum
1643 1641 1995 1707 honoratum,

400 1760 532 1802 cum
565 1742 825 1814 dignitate
867 1754 966 1796 sua
1007 1736 1272 1808 spoliatus
1316 1734 1502 1791 fuerit.
1536 1731 1653 1790 Non
1685 1733 1829 1790 enim
1857 1746 1999 1803 pra:-

2096 534 2327 605 μασκὸς,
2363 531 2614 585 παθοῦσα
2640 531 2761 584 τότε
2791 528 2859 584 τά
2882 528 2987 583 ὑπὸ
3004 528 3103 599 τῆς
3134 521 3475 598 προφητείας
3501 521 3691 575 θεσπι-

2093 626 2312 689 σθέντα,
2351 622 2508 691 αὖθις
2537 627 2597 679 ἐν
2629 627 2744 690 τοῖς
2788 622 2928 696 μετὰ
2977 620 3153 675 ταῦτα
3176 618 3391 694 χρόνοις
3418 615 3691 687 ἀνῳκοδό-

2097 737 2256 793 μητο,
2287 720 2363 783 ὼς
2393 720 2485 774 καὶ
2510 718 2780 790 βασίλειον
2810 718 2867 770 έν
2901 716 3040 787 αὐτῇ
3070 712 3331 784 συστῆναι
3358 709 3544 765 πάλιν.

2174 1018 2191 1050 ι
2234 998 2344 1052 Καὶ
2370 996 2552 1050 οὐκέτι
2580 992 2827 1065 βασιλεία
2866 993 2923 1045 ἐν
2948 985 3247 1061 Δαμασκῷ·
3274 986 3385 1040 ’καὶ
3412 984 3476 1039 τὸ
3518 981 3697 1040 κατά-

2095 1091 2281 1144 λοιπον
2309 1087 2419 1141 τῶν
2441 1086 2651 1158 Σύρων.
2697 1104 2715 1136 ι
2754 1084 2844 1147 Ὠς
2874 1081 2984 1151 γὰρ
3028 1078 3332 1151 μελλούσης
3379 1074 3478 1148 μὲν
3519 1072 3696 1143 αὐτῆς

2095 1182 2337 1243 ἔσεσθαι,
2359 1180 2421 1234 οὐ
2449 1179 2555 1251 μὴν
2586 1178 2681 1232 καὶ
2715 1176 2917 1248 ὀχυρᾶς
2946 1173 3089 1228 κατὰ
3119 1172 3180 1227 τὸ
3213 1170 3442 1225 παλαιὸν
3470 1185 3701 1239 γενησο-

2100 1274 2289 1347 μένης,
2338 1272 2459 1327 οὐδὲ
2499 1269 2892 1343 βασιλευούσης
2930 1268 3105 1323 ταῦτα
3139 1266 3374 1340 εἴρηται.
3431 1263 3588 1317 Ἔστι
3635 1261 3701 1317 δὲ

2098 1366 2196 1419 καὶ
2227 1364 2402 1427 ἄλλως
2432 1361 2712 1416 ἐπιϐαλεῖν
2736 1362 2849 1426 τοῖς
2870 1360 3079 1424 τόποις,
3119 1359 3195 1424 ὡς
3227 1358 3328 1429 τῆς
3357 1354 3701 1428 προφητείας

2096 1457 2427 1512 ταπείνωσιν
2454 1456 2567 1519 τοῖς
2597 1455 2879 1527 οἰκήτορσι
2912 1451 3225 1523 Δαμασκοῦ,
3254 1450 3348 1505 καὶ
3367 1449 3481 1519 βίον
3506 1448 3701 1501 ἰδιωτι-

2098 1548 2197 1603 κὸν
2221 1544 2746 1621 προαναφωνούσης.
2776 1543 2932 1598 Οὕτω
2961 1541 3094 1612 γοῦν
3109 1540 3379 1612 εἰώθαμεν
3402 1538 3582 1607 λέγειν
3613 1539 3702 1591 ὲκ-

2099 1639 2447 1695 πεπτωκέναι
2486 1638 2578 1693 τὸν
2611 1636 2885 1703 πλούσιον,
2903 1635 3125 1690 ἐπειδάν
3156 1634 3233 1698 εἰς
3263 1632 3500 1703 ἐσχάτην
3527 1630 3700 1701 ἐλάσῃ

2103 1732 2316 1787 πενίαν·
2362 1729 2576 1787 καὶτὸν
2607 1729 2847 1801 ἔντιμον,
2889 1726 3110 1782 ἐπειδὰν
3142 1720 3205 1780 οὗ
3250 1726 3496 1798 μετεῖχεν
3534 1723 3704 1791 άξιώ-

407 1800 655 1895 stantia;
676 1844 730 1891 tu
761 1847 823 1889 es
857 1832 985 1888 (iliis
1015 1800 1185 1887 Israel
1248 1838 1304 1884 et
1332 1828 1505 1898 gloria
1534 1841 1747 1884 eorum.
1783 1800 1920 1881 Nam
1953 1826 1999 1882 si

2127 1840 2274 1887 ιατος
2310 1820 2574 1893 στερηθῇ.
2608 1819 2684 1875 Οὐ
2719 1800 2830 1891 γάρ
2860 1817 2925 1871 σὺ
2955 1815 3183 1888 βελτίων
3203 1810 3255 1869 εἴ
3290 1814 3398 1868 τῶν
3423 1813 3559 1868 υἰῶν
3598 1814 3706 1867 Ἰσ-

409 1925 504 1983 ille
523 1924 651 1981 olim
676 1921 908 1995 populus
931 1921 1026 1976 Dei
1045 1928 1414 1990 nuncupatus,
1431 1926 1737 1974 memorato
1759 1925 2003 1988 tempore

411 2017 675 2089 dignitate
695 2029 793 2071 sua
816 2012 1067 2084 lapsurus
1093 2020 1197 2077 est,
1210 2008 1445 2081 pristina
1472 2006 1731 2064 libertate
1755 2015 1812 2064 et
1832 2021 2003 2080 regno

408 2108 751 2182 spoliandus,
796 2120 905 2163 non
928 2112 1011 2161 est
1043 2100 1188 2175 quod
1217 2110 1274 2158 tu
1307 2100 1610 2158 Damascus
1637 2101 1704 2158 de
1728 2099 1846 2172 pari
1867 2113 2001 2158 casu

412 2200 739 2274 indigneris.

484 2387 651 2445 Vsus.
674 2385 729 2443 4.
754 2404 773 2439 ι
804 2382 931 2441 Haec
949 2382 1082 2440 dicit
1099 2381 1365 2439 Dominus
1385 2380 1624 2440 Sabaoth
1652 2398 1666 2437 :
1691 2380 1810 2439 Erit
1832 2380 1888 2439 in
1912 2380 2003 2438 die

413 2481 507 2538 illa
544 2487 606 2537 ut
642 2477 859 2536 deﬁciat
890 2475 1058 2548 gloria
1099 2473 1305 2541 Iacob,
1331 2483 1387 2532 et
1417 2472 1638 2547 pinguia
1660 2474 1847 2547 gloriae
1885 2472 2004 2543 ejus

414 2575 885 2627 commoveantur.
918 2583 939 2620 ι
973 2564 1042 2621 Ει
1069 2563 1475 2619 animadvertas
1497 2560 1688 2629 velim,
1725 2575 1850 2617 eum
1890 2574 2003 2617 non

416 2658 661 2717 funditus
685 2654 1067 2714 destruendam
1086 2661 1324 2724 gentem,
1340 2655 1435 2710 sed
1457 2662 1665 2709 tantum
1688 2654 1873 2725 gloriae
1894 2654 2005 2724 pri-

418 2753 582 2810 stinae
604 2750 876 2822 iacturam
906 2746 1025 2805 fore
1054 2746 1386 2818 signiﬁcare.
1411 2744 1639 2812 Pinguia
1662 2760 1795 2803 vero
1816 2745 2005 2816 gloria:

417 2844 587 2917 prisci
634 2843 781 2899 illius
812 2840 1021 2913 p0puli,
1055 2846 1213 2895 erant
1251 2836 1619 2895 sacerdotium
1649 2846 1706 2894 et
1751 2852 2003 2908 regnum,

417 2949 638 2994 sacrum
665 2935 795 2990 item
843 2929 1115 2987 canticum
1156 2938 1213 2983 et
1259 2927 1441 2983 cultus
1480 2928 1779 2983 secundum
1827 2925 2003 2997 legem

416 3024 719 3099 praestitus,
750 3018 1109 3093 prophetandi
1154 3016 1329 3089 gratia
1365 3026 1423 3074 et
1448 3016 1623 3088 gentis
1661 3015 1909 3082 libertas,
1940 3030 2005 3071 ac

420 3124 469 3178 si
517 3136 625 3192 qua
663 3119 767 3175 alia
815 3130 981 3189 penes
1019 3114 1300 3170 Iudaicam
1351 3119 1566 3183 gentem
1614 3110 2002 3167 habebantur:

422 3228 547 3286 quae
573 3210 860 3269 confertim
887 3205 1249 3265 concutienda
1266 3210 1322 3260 et
1348 3202 1651 3259 amovenda
1682 3201 1800 3258 fore
1827 3214 2006 3257 sermo

420 3303 688 3375 pradicit.

499 3397 665 3454 Vsus.
692 3395 748 3461 5,
779 3394 833 3450 6.
870 3410 890 3445 ‹
931 3391 998 3449 Ει
1026 3391 1135 3449 erit
1162 3386 1619 3461 quemadmodum
1664 3384 1711 3441 si
1749 3384 1874 3457 quis
1900 3384 2013 3440 col-

426 3487 623 3558 legerit
654 3498 884 3541 messem
927 3491 1191 3549 stantem,
1220 3488 1277 3535 et
1311 3491 1496 3534 semen
1543 3477 1821 3547 spicarum
1863 3490 2012 3531 mes-

427 3581 617 3640 suerit.
648 3580 715 3634 Et
739 3578 846 3635 erit
878 3574 1331 3649 quemadmodum
1361 3573 1406 3629 si
1433 3574 1556 3643 quis
1594 3571 1876 3643 collegerit
1903 3569 2015 3640 spi-

351 3694 361 3707 °
428 3689 524 3731 cas
557 3674 609 3729 in
633 3672 776 3728 valle
799 3683 1013 3742 aspera,
1037 3676 1095 3724 et
1126 3667 1347 3723 relictus
1362 3665 1529 3721 fuerit
1552 3665 1605 3720 in
1637 3679 1701 3720 ea
1726 3662 1957 3720 culmus.
1991 3681 2009 3713 ι

430 3766 585 3825 Sicut
614 3766 758 3822 enim
797 3765 853 3819 in
888 3775 1064 3819 messe
1092 3761 1428 3832 colliguntur
1452 3759 1671 3829 quidem
1707 3756 1893 3828 spicae,
1927 3770 2017 3811 re-

428 3860 695 3931 linquitur
714 3867 897 3913 tamen
933 3854 990 3911 in
1015 3867 1145 3925 agro
1167 3851 1378 3908 culmus
1406 3850 1630 3917 tenuis;
1677 3850 1751 3905 ita
1775 3847 2015 3903 futurum

430 3956 510 4010 ait
536 3952 821 4008 Iudaicum
841 3947 1123 4020 populum,
1146 3960 1313 4016 penes
1333 3959 1497 4016 quem
1524 3942 1689 4015 spicae
1712 3940 1844 3998 olim
1871 3950 2020 3996 stano

431 4055 517 4101 tes
545 4042 911 4107 succidentur,
933 4038 1193 4109 solusque
1220 4036 1562 4106 relinquetur
1593 4034 1823 4090 culmus.
1860 4030 2017 4098 Quod

430 4140 482 4194 si
516 4137 640 4208 quis
666 4134 808 4206 apud
837 4147 932 4190 eos
957 4132 1261 4203 reperiatur
1285 4127 1688 4184 existimatione
1717 4125 1940 4197 dignus,
1968 4124 2019 4181 is

431 4228 840 4301 comparabitur
879 4225 1062 4299 spicae,
1106 4238 1214 4281 non
1261 4223 1316 4278 in
1350 4219 1575 4290 planitie
1597 4259 1612 4283 ,
1650 4220 1745 4276 sed
1778 4218 1838 4274 in
1869 4217 2020 4274 valle

435 4323 583 4377 sicca
621 4326 678 4376 ct
723 4331 915 4389 aspera
955 4312 1226 4371 nascenti.
1267 4309 1536 4367 Caeterum
1575 4309 1727 4381 spica
1787 4307 2021 4365 indicari

434 4424 569 4485 puto
588 4413 817 4469 chorum
845 4407 1235 4480 discipulorum
1263 4403 1793 4476 etevangelistarum
1826 4401 2020 4459 Salva-

2107 1915 2245 1989 ραὴλ
2278 1916 2375 1971 καὶ
2394 1915 2496 1987 τῆς
2524 1913 2683 1987 δόξης
2717 1911 2917 1967 αὐτῶν.
2954 1911 3020 1965 Εἰ
3044 1910 3156 1982 γὰρ
3185 1912 3214 1963 ὁ
3241 1909 3412 1965 πάλαι
3442 1908 3539 1963 τοῦ
3562 1906 3707 1962 Θεοῦ

2102 2003 2458 2078 χρηματίζων
2485 2004 2613 2069 λαὸς
2640 2006 2698 2057 ὲν
2724 2005 2838 2067 τοῖς
2862 2001 3178 2073 λεγομένοις
3207 2000 3423 2073 χρόνοις
3449 2000 3710 2053 ἐκπεσεῖ-

2102 2116 2194 2153 ται
2222 2097 2318 2151 τοῦ
2344 2097 2545 2152 οἰκείου
2572 2096 2906 2169 ἀξιώματος,
2925 2096 3021 2147 καί
3040 2093 3142 2164 τῆς
3179 2093 3349 2150 πάλαι
3372 2094 3504 2165 παρ’
3518 2092 3711 2154 αὐτοῖς

2104 2191 2532 2263 πολιτευομένης
2571 2188 2902 2259 αὐτονομίας
2945 2186 3040 2241 καὶ
3085 2185 3386 2256 βασιλείας·
3407 2184 3469 2237 οὐ
3502 2184 3611 2255 χρή
3647 2199 3712 2236 σε

2102 2284 2204 2357 τὴν
2235 2283 2526 2356 Δαμασκὸν
2558 2281 2628 2336 τὰ
2646 2281 2808 2353 ὅμοια
2841 2279 3156 2350 πάσχουσαν
3173 2274 3523 2345 ἀγανακτεῖν.

2174 2397 2197 2432 ι
2230 2377 2373 2435 Τάδε
2403 2377 2555 2447 λέγει
2582 2374 2790 2447 Κύριος
2825 2370 3077 2426 Σαϐαὼθ*
3109 2370 3303 2423 Ἔσται
3334 2369 3395 2421 ὲν
3423 2368 3492 2438 τῇ
3518 2364 3715 2437 ἡμέρᾳ

2105 2471 2290 2544 ἐκείνῃ
2316 2467 2557 2538 ἔκλειψις
2585 2466 2686 2537 τῆς
2722 2461 2883 2535 δόξης
2933 2458 3150 2515 Ἰακώϐ·
3193 2459 3290 2513 καὶ
3316 2457 3385 2512 τὰ
3414 2456 3578 2510 πίονα
3606 2455 3715 2527 τῆς

2104 2565 2265 2636 δόξης
2295 2561 2461 2617 αὑτοῦ
2497 2557 2865 2628 σεισθήσεται.
2904 2570 2922 2603 ι
2958 2551 3072 2606 Καὶ
3109 2550 3209 2606 θέα
3238 2552 3386 2613 ὅπως
3416 2548 3520 2603 οὐκ
3549 2546 3715 2601 ἀναί-

2109 2674 2259 2731 ρεσιν
2300 2653 2539 2724 παντελῆ
2568 2650 2665 2705 τοῦ
2711 2648 2898 2710 ἔθνους
2939 2644 3218 2716 σημαίνει,
3251 2640 3389 2696 ἀλλὰ
3418 2639 3518 2710 τῆς
3542 2636 3713 2706 δόξης

2105 2729 2306 2816 αὐτῶν,
2339 2744 2409 2821 ἦς
2440 2746 2687 2820 μετεῖχον
2733 2742 3019 2815 πρότερον,
3050 2737 3392 2807 καθαίρεσιν.
3428 2731 3603 2785 Πίονα
3648 2729 3715 2783 δὲ

2104 2839 2174 2916 ἦν
2204 2843 2303 2915 τῆς
2346 2841 2438 2896 τοῦ
2463 2839 2732 2913 προτέρου
2776 2834 2908 2889 λαοῦ
2937 2832 3096 2903 δόξης
3118 2832 3152 2902 ή
3185 2825 3474 2916 ἱερωσύνη,
3526 2823 3626 2916 και
3675 2823 3716 2893 ἡ

2109 2912 2381 3007 βασιλεία,
2411 2931 2473 2985 τό
2502 2912 2562 2984 τε
2605 2929 2761 2998 ἆγιον
2791 2922 2947 2999 ᾆσμα
2989 2922 3085 2977 καὶ
3119 2922 3155 2990 ἡ
3199 2917 3344 2973 κατὰ
3381 2915 3581 2987 νόμους
3608 2912 3714 2965 λα-

2106 3006 2284 3101 τρεία,
2308 3026 2344 3097 ἦ
2370 3042 2434 3078 τε
2460 3021 2773 3095 προφητικὴ
2796 3019 2977 3091 χάρις,
3006 3014 3101 3070 καί
3134 3014 3170 3084 ἡ
3193 3010 3288 3065 τοῦ
3319 3008 3506 3072 ἔθνους
3538 3006 3700 3059 ὲλευ-

2031 3152 2077 3214 C
2109 3120 2287 3195 θερία,
2320 3118 2418 3172 καὶ
2443 3118 2546 3172 ὅσα
2585 3115 2721 3171 ἄλλα
2764 3112 2916 3187 παρὰ
2948 3110 3029 3182 τῷ
3067 3104 3339 3214 Ἰουδαὶίωρ
3366 3103 3531 3214 ἔθνει·
3563 3102 3719 3173 άπερ

2114 3194 2325 3285 ἀθρόως
2355 3205 2758 3280 σεισθήσεσθαι,
2790 3206 2886 3259 καὶ
2914 3199 3195 3262 παντελῶς
3233 3194 3506 3265 ἐκλείψειν
3560 3209 3709 3265 προ-

2114 3301 2373 3374 αγορεύει
2416 3301 2445 3352 ὁ
2485 3297 2663 3366 λόγος.

2195 3414 2216 3449 ‹
2253 3394 2367 3451 Καὶ
2403 3393 2559 3447 ἔσται
2599 3389 2659 3444 ὃν
2701 3388 2901 3462 τρόπον
2928 3384 3025 3441 ἐάν
3056 3399 3142 3447 τις
3181 3381 3464 3452 συναγάγῃ
3500 3375 3720 3449 άμητὸν

2117 3483 2408 3556 ἑστηκότα,
2461 3482 2556 3536 καὶ
2607 3479 2828 3550 σπέρμα
2867 3474 3118 3547 σταχύων
3149 3472 3358 3543 άμήσῃ.
3401 3468 3516 3523 Καὶ
3557 3466 3719 3519 ἐσται

2116 3578 2176 3632 ὃν
2209 3560 2409 3647 τρόπον
2432 3574 2529 3629 ἐάν
2554 3589 2640 3636 τις
2675 3570 2961 3642 συναγάγῃ
2990 3565 3193 3637 στάχυν
3231 3564 3288 3617 ὲν
3316 3562 3559 3633 φάραγγι
3590 3575 3723 3613 στε-

2121 3674 2240 3746 ρεᾷ,
2274 3671 2369 3725 καί
2388 3666 2725 3736 καταλειφθῇ
2759 3666 2818 3717 ὲν
2857 3662 2996 3732 αὐτῇ
3031 3657 3275 3729 καλάμη.
3317 3674 3336 3707 ι
3493 3650 3603 3724 γάρ

2118 3740 2318 3837 άμητῷ
2363 3759 2686 3829 σιλνάγονται
2714 3754 2812 3826 μὲν
2838 3754 2889 3807 οἰ
2938 3751 3191 3821 στάχυες,
3226 3742 3617 3801 καταλείπεται
3658 3740 3723 3794 δὲ

2120 3833 2180 3911 ὲν
2206 3833 2458 3927 τῇγχώρᾳ
2508 3849 2732 3920 καλάμη
2777 3846 2930 3917 ψιλίγ
2968 3843 3111 3898 οὓτω
3146 3835 3576 3912 φησὶνλέσεσθαι
3621 3833 3724 3888 τὸν

2133 3947 2403 4006 Ἰουδαίων
2458 3945 2609 4010 λαὸν,
2642 3938 3032 4011 ἀποτμηθέντα
3070 3934 3170 4006 μὲν
3213 3929 3323 3985 τῶν
3364 3926 3533 3982 πάλαι
3578 3926 3719 3997 παρ’

2121 4041 2307 4104 αὐτοῖς
2330 4036 2598 4107 σταχύων,
2628 4032 2797 4105 μόνης
2828 4028 2887 4081 δὲ
2912 4026 3014 4097 τῆς
3034 4022 3289 4094 καλάμης
3312 4022 3370 4074 ὲν
3397 4018 3586 4107 αὐτοῖς
3612 4032 3720 4107 κα-

2121 4104 2521 4199 ταλειφθείσης,
2575 4123 2639 4177 Εἰ
2684 4104 2743 4173 δὲ
2787 4117 2882 4172 καί
2919 4116 3023 4168 πού
3062 4129 3147 4199 τις
3189 4108 3385 4181 εὑρεθῇ
3432 4108 3492 4160 ὲν
3524 4104 3719 4199 admit;

2122 4222 2271 4288 ἄξιος
2290 4196 2485 4289 λόγου,
2532 4211 3020 4285 παραϐληθήσεται
3047 4197 3203 4268 οὗτος
3229 4200 3440 4271 στάχυϊ,
3480 4196 3605 4268 οὐχὶ
3655 4197 3719 4249 ὲν

2121 4314 2201 4387 τῷ
2223 4311 2389 4384 πεδίῳ
2426 4308 2606 4381 φύντι,
2649 4305 2763 4361 ἀλλ’
2803 4304 2862 4357 ἐν
2903 4299 3108 4355 κοιλάδι
3148 4296 3241 4387 καὶ
3277 4295 3723 4387 φάραγγι-κατα-

2128 4381 2276 4481 ξῆρῳ
2322 4381 2419 4460 xei
2465 4399 2681 4473 στερεᾷ.
2724 4392 3026 4467 Δηλοῦσθαι
3063 4391 3122 4446 δὲ
3154 4385 3309 4461 οῑμαι
3335 4385 3424 4440 διὰ
3454 4381 3551 4481 eos
3581 4382 3722 4445 στάτ·

438 4473 575 4564 ίοινίε
634 4505 847 4569 nostri,
900 4473 1140 4572 de—quo
1196 4473 1511 4572 superius”;
1572 4498 1931 4565 dicebatur,c
1962 4496 2003 4551 E

2290 4496 2382 4550 τὸν
2404 4493 2564 4565 χορὸν
2595 4489 2706 4545 τῶν
2732 4487 2829 4541 τοῦ
2857 4484 3111 4555 Σωτῆρος
3137 4480 3297 4553 ἡμῶν
3331 4473 3589 4572 μαθητων
3622 4473 3727 4528 καὶ

439 4603 547 4658 nisi
569 4600 829 4656 Dominus
849 4595 1089 4654 Sabaoth
1110 4594 1425 4665 reliquisset
1449 4592 1607 4650 nobis
1626 4607 1838 4657 semen,
1860 4589 2018 4661 quasi

440 4694 677 4752 Sodoma
705 4690 1020 4756 fuissemus,
1050 4698 1105 4745 et
1130 4687 1287 4760 quasi
1318 4685 1631 4744 Gomorrha
1654 4683 1861 4741 similes
1888 4681 2019 4739 facti

430 4799 705 4843 essemus.
744 4802 763 4837 ι

516 4988 538 5023 ι
573 4969 682 5026 Aut
707 4978 964 5037 tanquam
997 4976 1167 5036 grana
1200 4961 1359 5018 olivae
1381 4960 1489 5016 duo
1518 4957 1605 5015 vel
1636 4957 1742 5012 tria
1777 4956 1844 5012 ad
1881 4970 2025 5011 sum—

432 5062 684 5121 mitatem
727 5058 1037 5123 sublimem,
1072 5056 1159 5112 vel
1196 5064 1433 5125 quatuor
1456 5049 1541 5106 vel
1572 5049 1816 5121 quinque
1848 5048 1903 5103 in
1930 5062 2021 5102 ra-

435 5154 547 5209 mis
584 5166 774 5208 eorum
820 5148 1011 5205 relicta
1050 5145 1273 5202 fuerint.
1308 5162 1328 5198 ι
1369 5142 1605 5199 Tantam
1648 5141 1852 5213 quippe
1903 5139 2025 5196 fore

443 5246 520 5301 ait
543 5240 860 5313 eorum,qui
884 5255 953 5297 ex
980 5238 1177 5296 israele
1199 5236 1519 5308 superstites
1543 5244 1722 5299 erunt,
1743 5233 2021 5289 raritatem

442 5343 499 5393 in
534 5348 817 5411 tempore,
848 5336 990 5407 quod
1030 5335 1085 5390 in
1128 5331 1408 5404 prophetia
1452 5339 1693 5396 notatur,
1746 5338 1803 5384 ut
1831 5340 2023 5382 omnes

442 5431 607 5500 spicae
638 5429 731 5485 uni
767 5426 1072 5497 comparari
1106 5422 1319 5495 possint
1347 5440 1363 5489 ;
1408 5435 1505 5477 eos
1538 5429 1720 5476 autem
1752 5421 1841 5490 qui
1880 5410 2023 5489 pra:-

447 5522 744 5578 stantiores
772 5520 915 5590 apud
946 5517 1067 5573 illos
1087 5526 1287 5582 erunt,
1321 5513 1437 5569 fore
1471 5511 1633 5583 quasi
1660 5513 1766 5567 duo
1800 5510 1886 5566 vel
1920 5509 2025 5565 tria

440 5629 615 5686 grana
648 5613 804 5670 olivae
847 5612 905 5666 in
938 5609 1251 5669 summitate
1295 5606 1536 5666 sublimi.
1570 5604 1739 5675 Queis
1770 5601 2023 5661 subindi-

499 5791 552 5825 “
575 5790 706 5860 Cap.
731 5805 770 5859 ι,
806 5803 948 5847 vers.
984 5788 1040 5845 9.

2125 4566 2545 4659 εύαγγελιστῶν,
2569 4581 2699 4654 περί
2729 4573 2792 4634 οὗ
2820 4577 2916 4632 καὶ
2931 4577 2989 4630 ὲν
3006 4576 3117 4638 τοῖς
3139 4569 3448 4643 ἔμπροσθεν
3474 4566 3721 4659 ἑλέ-τετυ

2135 4701 2156 4733 ι
2185 4657 2296 4735 Kai
2320 4680 2367 4733 εἰ
2386 4677 2464 4750 μὴ
2495 4673 2700 4747 Κύριος
2727 4666 2955 4724 Σαϐαὼθ
2989 4662 3349 4736 ἐγκατέλιπεν
3382 4660 3514 4729 ἡμῖν

2135 4792 2231 4847 μα,
2258 4773 2334 4837 ὡς
2361 4749 2575 4841 Σόδομα
2603 4766 2670 4821 ἂν
2709 4760 3077 4834 ἐγενήθημεν,
3117 4755 3214 4811 καὶ
3246 4753 3325 4818 ὡς
3354 4750 3612 4822 Γόμορρα
3652 4749 3726 4802 ἂν

2129 4858 2518 4933 ὡμοιώθημεν.
2557 4875 2577 4908 ι

2208 4972 2228 5005 ι
2267 4953 2342 5006 Ἣ
2369 4951 2446 5014 ὡς
2469 4949 2644 5025 ῥῶγες
2672 4942 2860 5007 ἐλαίας
2901 4940 2996 4995 δύο
3025 4938 3060 5011 ἦ
3094 4940 3245 5008 τρεῖς
3273 4935 3358 4990 ἐπ’
3389 4933 3563 5025 άκρου
3583 5021 3597 5025 Δ
3622 4945 3722 5025 με·

2128 5044 2359 5116 τεὼρου,
2393 5041 2427 5113 ἢ
2458 5020 2741 5109 τέσσαρες,
2778 5033 2811 5104 ἢ
2852 5030 3014 5084 πέντε
3042 5030 3136 5082 ἐπὶ
3162 5026 3271 5081 τῶν
3304 5024 3516 5080 κλάδων
3539 5020 3727 5077 αὐτῶν

2129 5112 2551 5204 καταλειφθῶσι.
2595 5148 2614 5182 ι
2640 5125 2921 5195 Τοσαύτην
2943 5122 3052 5193 γάρ
3080 5135 3245 5190 φησιν
3274 5114 3494 5170 ἔσεσθαι
3521 5112 3724 5167 σπάνιν

2128 5230 2237 5284 τῶν
2262 5230 2328 5281 ὲκ
2358 5224 2453 5279 τοῦ
2491 5219 2710 5291 Ἰσραὴλ
2743 5214 3139 5288 σωθησομένων
3171 5208 3314 5263 κατὰ
3336 5208 3464 5270 τοὺς
3492 5204 3725 5277 χρόνους

2128 5321 2223 5386 οὒς
2254 5322 2288 5391 ἡ
2313 5315 2619 5390 προφητεία
2655 5309 2931 5383 σημαίνει,
2956 5307 3031 5370 ὡς
3047 5306 3127 5359 ἑνὶ
3151 5304 3345 5373 στάχυῖ
3370 5297 3725 5391 παραϐάλλε-

2133 5414 2258 5467 σθαι
2280 5390 2409 5474 τοὺς
2442 5408 2670 5469 πάιντοις⁹
2693 5402 2821 5466 τοὺς
2846 5400 2901 5454 δὲ
2921 5400 2979 5453 ὲν
3001 5398 3184 5460 αὐτοῖς
3196 5390 3510 5464 ἐξαιρέτους
3533 5390 3720 5442 τοσού-

2129 5523 2255 5569 τους
2311 5499 2530 5555 έσεσθαί
2570 5512 2745 5559 τινας,
2784 5493 2972 5562 ὥσπερ
3016 5491 3064 5542 εἰ
3108 5488 3293 5559 ῥῶγας
3333 5482 3522 5546 ἐλαίας
3548 5481 3645 5534 δύο
3690 5482 3729 5553 ἢ

2130 5599 2280 5671 τρεῖς
2329 5594 2457 5658 τοὺς
2508 5591 2597 5644 ἐπ’
2634 5588 2808 5660 ἄκρου
2859 5580 3158 5656 μετεώρου,
3211 5572 3597 5646 αἰνιττομένου.
3630 5570 3728 5624 τοῦ
