3862 6210
1110 308 1623 370 COMMENTARIA
1663 314 1730 372 IN
1770 314 2032 374 ISAIAM.
2067 347 2138 359 —
2173 317 2327 375 CAP.
2367 316 2537 377 XVII.

3326 325 3388 375 ’21
3399 327 3445 372 0'

173 424 320 491 λόγου
356 419 481 484 τοὺς
504 419 846 493 ἀκροτάτους
868 421 976 477 τῶν
1007 420 1345 491 ἀποστόλων,
1375 426 1470 491 οὒς
1495 430 1624 483 ποτὲ
1649 430 1746 501 μὲν

1855 443 2047 489 cantur
2074 431 2445 504 apostolorum
2474 429 2758 503 praecipui,
2776 442 2918 500 quos
2946 427 3243 502 aliquando
3275 431 3435 490 binos

174 508 302 565 κατά
327 508 587 579 συζυγίαν
611 512 641 564 ὁ
663 511 854 584 Σωτὴρ
887 515 1303 587 προσεκαλεῖτο,
1329 518 1460 572 ποτὲ
1494 519 1551 573 δὲ
1574 523 1742 593 τρεῖς·

173 600 255 668 οὒς
283 603 535 676 ηΓραφὴ
556 602 653 658 τοῦ
680 606 1016 674 Εὐαγγελίου
1032 606 1305 663 ἐκλεκτῶν
1328 610 1748 686 ὲκλεκτοτέρους

172 698 437 769 εἰσήγαγε·
472 698 620 768 λέγω
646 699 713 771 δὴ
755 699 962 771 Πέτρον
994 703 1090 757 καὶ
1138 703 1395 758 Ἰάκωϐον
1437 705 1533 758 καὶ
1574 706 1749 760 Ἰωάν-

173 808 277 864 νην,
303 790 398 855 οὓς
436 793 529 846 ἐπὶ
556 793 620 847 τὸ
661 794 787 866 ὅρος
815 795 1063 866 ἀνήγαγε
1105 796 1321 867 μόνους,
1364 798 1748 869 ἱστορήσοντας

172 886 260 955 τὴν
282 884 708 957 μεταμόρφωσιν
724 887 910 951 αὐτοῦ,
933 888 1028 942 καὶ
1059 888 1151 941 ἐπὶ
1183 888 1281 960 τῆς
1300 887 1747 961 ἀναῆιωσκούσης

174 975 427 1049 θυγατρὸς
471 976 567 1032 τοῦ
604 978 1061 1050 ἀρχισυναγώγου
1098 980 1375 1051 παρέλαϐε
1415 981 1547 1053 (20).
1588 982 1654 1035 Οἱ
1688 981 1747 1035 δὲ

172 1071 331 1128 λοιποὶ
352 1071 510 1144 παρά
539 1074 670 1138 τοὺς
701 1076 852 1145 τρεῖς
877 1074 1100 1140 τούτους
1132 1076 1183 1127 οἱ
1214 1074 1477 1147 τέσσαρές
1506 1076 1613 1129 εἰσι
1653 1075 1748 1131 καὶ

171 1163 339 1228 πέντε,
368 1165 465 1218 καὶ
497 1165 626 1229 τοὺς
650 1165 928 1239 τέσσαρας
963 1169 1061 1223 καὶ
1107 1171 1233 1233 τοὺς
1271 1170 1456 1238 πέντε,
1483 1169 1617 1225 δέκα
1654 1171 1748 1225 καὶ

170 1251 425 1323 τέσσαρας
451 1254 670 1325 ποιήσει
692 1254 822 1321 τοὺς
860 1256 1096 1325 πάντας,
1125 1252 1202 1314 ὧν
1233 1258 1446 1314 δώδεκα
1492 1258 1594 1331 μὲν
1621 1260 1748 1325 τοὺς

171 1343 404 1416 πρώτους
446 1345 782 1413 ἀποστόλους
814 1348 990 1415 εἴποις
1033 1351 1102 1406 ἂν
1126 1346 1290 1416 εῖναι,
1330 1352 1434 1406 οὐκ
1453 1352 1660 1408 ἐλάττω
1689 1353 1747 1406 δὲ

172 1436 333 1491 αὐτῶν
364 1438 468 1511 τὴν
509 1440 715 1514 ἀρετὴν
753 1443 987 1511 Παῦλον,
1038 1446 1134 1500 καί
1164 1445 1328 1500 αὐτὸν
1374 1445 1504 1500 ὄντα
1547 1447 1747 1519 κλητὸν

170 1526 473 1598 ἀπόστολον,
520 1531 618 1585 καὶ
649 1532 743 1586 τὸν
786 1533 1047 1591 Ἰάκωϐον
1076 1536 1361 1605 γεγονέναι
1399 1537 1491 1592 τὸν
1520 1538 1748 1609 ἀδελφὸν

170 1618 251 1673 τοῦ
284 1620 511 1693 Κυρίου,
541 1622 603 1687 ὃς
630 1624 848 1695 πρῶτος
873 1626 1178 1693 ἐπίσκοπος
1197 1629 1297 1701 τῆς
1358 1629 1748 1702 Ἰεροσολύμων

183 1710 490 1782 Ἐκκλησίας
513 1714 609 1768 ὑπ’
637 1715 802 1770 αὐτοῦ
847 1719 1183 1789 καταστῆναι
1207 1719 1302 1774 τοῦ
1327 1720 1581 1793 Σωτῆρος
1614 1739 1750 1795 μνη-

1849 524 2113 581 Servator
2151 524 2475 589 advocabat,
2511 521 2804 592 aliquando
2836 524 3042 588 ternos,
3079 536 3217 591 quos
3249 520 3433 576 Evan-

1848 615 1972 685 gelii
2001 614 2293 685 ,scriptura
2336 612 2530 669 electis
2577 612 2868 668 electiores
2915 612 3157 677 inducit,
3207 611 3432 668 Petrum

1848 706 2058 763 scilicet
2089 715 2144 762 et
2180 703 2446 762 Iacobum
2473 712 2531 765 et
2570 702 2833 758 Joannem
2855 739 2871 768 ,
2916 700 3063 758 solos
3091 702 3147 757 in
3188 710 3433 757 montem

1849 800 2152 865 adductos,
2183 806 2245 853 ut
2286 793 2783 866 transﬁgurationis
2820 799 3161 861 spectatores
3203 800 3431 850 essent:

1849 906 1983 962 quos
2015 890 2146 945 item
2188 903 2313 946 cum
2351 883 2769 956 archisynagogi
2801 883 2967 939 ﬁliam
2995 880 3303 951 suscitavit,
3345 897 3435 939 se-

1849 999 1971 1039 cum
1998 979 2315 1051 assumpsit.
2347 978 2415 1033 Et
2450 976 2544 1046 qui
2576 982 2703 1047 post
2730 983 2844 1030 tres
2876 973 2998 1029 illos
3046 972 3248 1028 residui
3280 982 3433 1041 sunt,

1850 1084 2082 1146 quatuor
2107 1081 2236 1129 sunt
2260 1078 2317 1127 et
2347 1069 2609 1140 quinque,
2630 1081 2694 1122 ac
2717 1065 2817 1123 bos
2847 1071 3083 1136 quatuor
3116 1073 3167 1119 et
3195 1065 3434 1135 quinque

1850 1165 1917 1221 ad
1963 1178 2250 1220 numerum
2288 1158 2700 1232 quattuordecim
2744 1157 2978 1214 deducet
3017 1176 3031 1212 ε
3081 1170 3148 1212 ex
3201 1170 3434 1226 quorum

1852 1269 2078 1312 numero
2130 1252 2418 1309 duodecim
2464 1250 2685 1320 quidem
2736 1248 2944 1320 primos
3001 1247 3279 1319 apostolos
3315 1262 3435 1305 esse

1851 1349 2020 1412 dicas,
2052 1353 2108 1402 et
2144 1343 2253 1399 illis
2296 1358 2402 1398 non
2430 1342 2634 1398 virtute
2667 1341 2933 1396 minorem
2964 1340 3190 1396 Paulum
3211 1379 3227 1403 ,
3259 1340 3352 1411 qui
3380 1348 3433 1396 et

1852 1441 1967 1513 ipse
1981 1434 2500 1509 vocatuslapostolus
2515 1444 2618 1501 est,
2636 1442 2692 1491 et
2712 1432 2972 1491 Iacobum
3001 1435 3224 1490 fratrem
3255 1433 3435 1490 Domi-

1848 1526 2041 1603 'ni,qui
2064 1530 2274 1600 primus
2318 1525 2834 1598 Hierosolymitana:
2867 1526 3131 1585 Ecclesiae
3151 1526 3436 1598 episcOpus

1853 1624 1922 1681 ab
1951 1625 2068 1695 ipso
2088 1620 2374 1679 Salvatore
2402 1617 2737 1674 constitutus
2765 1627 3125 1675 memoratur.
3151 1618 3220 1674 Ili
3249 1632 3438 1674 omnes

1855 1716 1910 1771 in
1934 1715 2246 1772 summitate
2262 1712 2418 1779 oleae,
2439 1710 2695 1767 videlicet
2714 1708 3028 1768 Iudaeorum
3050 1710 3437 1777 successionis,

173 1799 455 1870 μονεύεται.
491 1796 655 1859 Οὗτοι
678 1805 736 1859 δὲ
769 1807 972 1873 πάντες
1002 1810 1091 1864 ἐπ’
1119 1810 1290 1884 ἄκρου
1315 1812 1414 1884 τῆς
1428 1812 1635 1878 ὲλαίας,
1665 1814 1747 1867 λέ-

1855 1806 2055 1878 reperti
2104 1805 2159 1861 in
2204 1803 2461 1874 praesenti
2499 1810 2899 1859 memorantur.
2948 1802 3178 1858 Divinus
3221 1815 3440 1873 quoque

170 1907 240 1955 γω
256 1891 319 1964 δὴ
337 1892 437 1963 τῆς
479 1895 755 1953 Ἰουδαίων
777 1898 1033 1972 διαδοχῆς
1056 1902 1190 1975 εὑρη
1200 1903 1353 1974 μένοι
1367 1903 1455 1957 διὰ
1475 1904 1585 1959 τῶν
1605 1904 1745 1977 μετά

169 1983 336 2054 χεῖρας
366 1985 821 2056 μνημονεύονται.
843 1989 956 2043 Καὶ
974 1992 1002 2043 ὁ
1019 1989 1163 2055 θεῖος
1179 1991 1237 2045 δὲ
1265 1992 1589 2057 ’Δπόστολος
1602 1990 1746 2049 οἶδεν

168 2072 308 2145 ἐλαίᾳ
347 2076 723 2148 παραϐάλλειν
758 2079 860 2152 τὴν
907 2082 1062 2153 παρά
1112 2082 1283 2137 Ἰούδα
1336 2085 1605 2157 διαδοχὴν,
1649 2088 1746 2140 καὶ

170 2164 309 2235 ῥίζαν
350 2166 517 2236 ἀγίαν
560 2170 657 2224 καὶ
702 2162 979 2245 ἀπαρχὴν,
1034 2175 1130 2229 καὶ
1171 2174 1520 2232 καλλιελαίαν
1574 2176 1747 2250 αὐτὴν

170 2258 325 2314 καλεῖ.

231 2369 248 2401 ι
278 2350 413 2406 Τάδε
455 2352 611 2424 λέγει
642 2355 848 2428 Κύριος
899 2359 929 2413 ὁ
968 2358 1103 2424 Θεὸς
1172 2362 1411 2435 Ἰσραήλ⁶
1456 2364 1534 2436 Τῇ
1561 2365 1746 2437 ἡμέρᾳ

165 2441 329 2515 ἐκείνῃ
348 2445 634 2511 πεποιθὼς
661 2446 816 2504 ἔσται
851 2451 881 2504 ὁ
908 2450 1198 2525 ἄνθρωπος
1230 2454 1326 2506 ἐπὶ
1349 2452 1430 2525 τῷ
1458 2456 1746 2528 ποιήσαντι

169 2535 330 2589 αὐτόν·
353 2537 404 2591 οἱ
432 2538 493 2593 δὲ
512 2539 786 2613 ὀφθαλμοὶ
813 2542 980 2598 αὐτοῦ
1015 2546 1094 2608 είς
1121 2545 1214 2598 τὸν
1240 2545 1394 2616 ἅγιον
1409 2545 1503 2600 τοῦ
1532 2548 1748 2620 Ἰσραὴλ

168 2627 533 2700 ὲμσλέψονταν
594 2634 690 2688 καὶ
739 2635 801 2689 οὐ
859 2635 935 2708 μὴ
972 2637 1293 2702 πεποιθότες
1330 2631 1465 2693 ὦσιν
1502 2640 1596 2694 ἐπὶ
1633 2643 1749 2705 τοῖς

169 2718 372 2790 βωμοῖς,
415 2722 545 2778 οὐδὲ
594 2723 691 2778 ἐπὶ
721 2728 833 2791 τοῖς
866 2725 1048 2798 ἔργοις
1080 2727 1193 2783 τῶν
1226 2729 1430 2802 χειρῶν
1460 2729 1662 2797 αὐτῶν,
1710 2730 1748 2785 ἀ

169 2809 407 2884 ἐποίησαν
432 2815 487 2868 οἱ
512 2814 774 2871 δάκτυλοι
805 2816 1007 2872 αὐτῶν·
1036 2818 1153 2873 ἀλλ³
1186 2818 1403 2874 ἔσονται
1425 2820 1748 2886 πεποιθότες

169 2899 249 2956 ἐπὶ
268 2905 355 2959 τὸν
380 2906 543 2976 ἅγιον
560 2908 658 2963 τοῦ
691 2909 933 2982 Ἰσραήλ.
961 2910 1072 2964 Καὶ
1096 2910 1198 2965 οὐκ
1210 2910 1434 2981 ὄψονται
1457 2912 1527 2968 τά
1552 2912 1747 2987 δένδρα

169 2996 328 3053 αὐτῶν
346 3000 471 3057 οὐδὲ
508 3001 587 3055 τὰ
631 3002 979 3075 βδελύγματα
1007 3005 1208 3059 αὐτῶν.
1237 3006 1317 3077 Τῇ
1343 3006 1528 3080 ἡμέρᾳ
1564 3006 1750 3078 ἐκείνῃ

170 3088 359 3147 {mat
397 3096 455 3147 ai
497 3094 687 3160 πόλεις
722 3112 817 3150 σου
841 3097 1421 3170 έγκαταλελειμμέναι,
1457 3099 1517 3152 ὃν
1546 3099 1750 3172 τρόπον

1850 1898 2144 1972 Apostolus
2169 1896 2323 1954 Iudae
2349 1895 2756 1953 successionem
2786 1894 2921 1952 olea;
2958 1896 3318 1966 comparavit,
3359 1896 3440 1968 ip-

1852 2006 2079 2064 samque
2108 1990 2347 2048 radicem
2382 1995 2650 2057 sanctam,
2689 1986 2964 2045 primitias
2993 1996 3050 2045 et
3089 1987 3288 2044 bonam
3332 1986 3437 2043 oli-

1850 2099 1976 2141 vam
2002 2091 2184 2143 νοσεῖ.

1924 2356 2089 2414 Vsus.
2138 2358 2291 2413 7-l0.
2336 2376 2356 2410 ι
2395 2357 2523 2415 Ilaec
2558 2357 2694 2414 dicit
2731 2357 2998 2414 Dominus
3038 2357 3180 2413 Deus
3230 2355 3438 2413 Israel:

1853 2450 1912 2506 In
1942 2451 2031 2506 die
2059 2450 2150 2505 illa
2173 2449 2456 2507 conﬁdens
2480 2448 2588 2506 erit
2610 2448 2777 2504 homo
2800 2449 2855 2504 in
2884 2463 2973 2517 eo,
2997 2448 3091 2520 qui
3117 2449 3249 2505 fecit
3273 2463 3436 2505 eum:

1852 2542 1997 2598 oculi
2030 2550 2209 2597 autem
2243 2541 2359 2612 ejus
2413 2542 2467 2597 in
2505 2548 2757 2597 sanctum
2796 2541 2969 2596 Israel
3012 2540 3338 2611 respicient:
3382 2547 3441 2597 et

1856 2649 1963 2690 non
1992 2632 2329 2689 conﬁdentes
2354 2641 2516 2689 erunt
2544 2631 2600 2687 in
2635 2632 2939 2701 altaribus,
2974 2645 3151 2702 neque
3175 2631 3231 2688 in
3259 2630 3441 2702 operi-

1854 2724 1955 2781 bus
1982 2739 2241 2779 manuum
2267 2738 2489 2779 suarum
2515 2762 2531 2791 ,
2560 2738 2683 2794 qua:
2724 2723 2977 2780 fecerunt
3010 2722 3162 2793 digiti
3207 2737 3394 2779 eorum
3421 2740 3437 2778 :

1855 2816 1950 2872 sed
1979 2824 2143 2871 erunt
2174 2814 2514 2870 conﬁdentes
2537 2815 2592 2869 in
2627 2824 2819 2870 sancto
2847 2813 3033 2871 Israel.
3060 2814 3126 2870 Et
3151 2829 3260 2869 non
3290 2814 3440 2870 vide-

1854 2906 1990 2962 bunt
2030 2905 2255 2961 arbores
2290 2919 2478 2961 eorum
2511 2918 2612 2960 nec
2654 2904 3093 2961 abominationes
3135 2920 3343 2963 eorum.
3379 2904 3439 2962 In

1856 2997 1945 3053 die
1972 2995 2061 3051 illa
2098 3002 2259 3051 erunt
2290 2993 2566 3051 derelicta:
2610 2996 2775 3050 urbes
2818 3002 2945 3061 tute,
2977 2994 3439 3065 quemadmodum

1857 3088 2266 3157 dereliquerunt
2302 3084 2608 3141 Δηιοπίιωί
2656 3094 2713 3142 et
2760 3083 2905 3139 Evszi
2951 3098 2982 3140 a
3035 3084 3174 3141 facie
3202 3083 3438 3141 ﬁliorum

171 3183 437 3239 κατέλιπον
455 3187 512 3241 oi
563 3187 877 3262 Ἀμορῥαῖοι
899 3190 996 3245 καὶ
1018 3191 1069 3245 οἱ
1097 3191 1284 3245 Εὑαῖοι
1317 3192 1427 3246 ἀπὸ
1460 3191 1747 3264 προσώπου

1860 3180 2045 3239 Israel.
2078 3180 2149 3236 Et
2176 3187 2339 3236 erunt
2365 3180 2629 3248 desertae,
2659 3179 2920 3250 quoniam
2953 3177 3244 3236 deseruisti
3270 3178 3441 3235 Deum

169 3270 266 3326 τῶν
292 3274 418 3327 υίῶν
463 3276 708 3349 Ἰσραήλ.
766 3279 880 3333 Καὶ
910 3280 1127 3335 ἔσονται
1171 3281 1402 3355 ἔρημοι,
1439 3283 1575 3337 διότι
1617 3301 1751 3338 κατ-

171 3358 333 3428 έλιπες
349 3370 439 3420 τὸν
456 3366 599 3421 Θεὸν
613 3368 703 3421 τὸν
741 3369 975 3443 Σωτῆρά
1002 3388 1121 3438 σου,
1140 3372 1236 3427 καὶ
1263 3373 1471 3446 Κυρίου
1503 3375 1598 3429 τοῦ
1621 3375 1749 3448 βοη-

172 3451 254 3508 θοῦ
272 3473 360 3510 σου
386 3460 491 3512 οὐκ
517 3461 822 3532 ἐμνήσθης.
851 3463 952 3517 Διά
990 3465 1150 3519 τοῦτο
1182 3465 1470 3537 φυτεύσεις
1498 3467 1751 3540 φύτευμα

170 3546 395 3615 ἄπιστον,
428 3551 528 3605 καὶ
585 3552 810 3625 σπέρμα
853 3554 1106 3611 ἄπιστον.
1137 3557 1218 3630 Τῇ
1252 3557 1311 3612 δὲ
1355 3558 1560 3630 ἡμέρα,
1594 3552 1630 3634 ᾗ
1680 3559 1749 3614 ἂν

172 3642 442 3716 φυτεύσῃς,
486 3646 835 3721 πλανηθήση.
862 3650 937 3705 Τὸ
962 3650 1021 3705 δὲ
1063 3648 1211 3723 πρωϊ
1243 3649 1340 3704 ἐὰν
1379 3650 1630 3725 σπείρης,
1655 3651 1750 3705 ἀν-

172 3731 308 3805 θήσει
332 3740 412 3803 εἰς
427 3740 668 3813 ἀμητὸν,
746 3742 814 3798 ἂν
829 3744 1013 3816 ἡμέρᾳ
1036 3744 1317 3818 πληρώσῃ⁸
1348 3745 1442 3800 καὶ
1466 3745 1543 3810 ὡς
1566 3746 1749 3818 πατὴρ

170 3821 438 3897 ἀνθρώπου
489 3829 755 3903 κληρώσῃ
785 3836 900 3897 τοῖς
949 3834 1087 3898 υἱοῖς
1143 3850 1257 3889 σου.
1299 3853 1317 3885 ι
1353 3835 1567 3906 Ὥσπερ
1615 3834 1746 3907 γὰρ,

172 3921 337 3989 φησὶν,
369 3923 603 3980 ἐκείνων
624 3924 1005 3991 ἀπολωλότων,
1020 3926 1200 3999 ἕτεροι
1237 3924 1596 3999 παρελθόντες
1620 3944 1749 3980 κατ-

174 4014 315 4087 έσχον
351 4017 538 4073 αὐτῶν
563 4016 666 4083 τάς
693 4019 879 4084 πόλεις
904 4020 1002 4075 καὶ
1052 4020 1153 4085 τὰς
1183 4020 1393 4091 χώρας,
1454 4018 1632 4083 οὕτως
1655 4019 1749 4073 καὶ

174 4107 223 4159 αἱ
249 4110 335 4163 σαὶ
375 4110 566 4175 πόλεις
590 4111 814 4184 ἑτέρους
838 4112 1053 4177 ἕξουσιν
1075 4113 1391 4184 οἰκήτορας,
1430 4110 1586 4185 ὑμῶν
1605 4111 1744 4167 ἀπο-

175 4194 459 4269 σληθέντων
510 4202 611 4255 καὶ
658 4198 1020 4265 ὲξωσθέντων.
1077 4219 1097 4253 ι
1138 4201 1250 4255 Καὶ
1282 4199 1497 4255 ἔσονται
1528 4200 1626 4274 ἔρη
1634 4218 1746 4272 μοι,

174 4289 293 4346 διότι
309 4294 605 4360 κατέλιπες
625 4293 720 4349 τὸν
743 4294 878 4350 Θεὸν
896 4295 989 4351 τὸν
1021 4295 1247 4367 σωτῆρά
1272 4313 1389 4363 σου,
1416 4295 1514 4350 καὶ
1536 4295 1745 4369 Κυρίου

174 4383 258 4437 τοῦ
284 4385 415 4441 Θεοῦ
469 4404 569 4442 σου
616 4388 719 4441 οὐκ
751 4388 1050 4460 ἐμνήσθης.
1099 4407 1119 4442 ι
1177 4387 1347 4442 Ἔνθα
1370 4387 1436 4460 δὴ
1465 4386 1561 4442 καὶ
1579 4387 1745 4443 αὐτοῦ

176 4471 336 4548 Ἰησοῦ
360 4477 458 4533 τοῦ
479 4479 738 4552 Σωτῆρος
764 4479 923 4553 ἡμῶν
959 4480 1234 4553 μέμνηται
1257 4482 1292 4552 ἡ
1338 4479 1600 4551 Έὸραῖκὴ
1635 4497 1746 4548 φω-

1858 3275 2197 3331 Salvatorem
2238 3282 2416 3340 tuum,
2445 3281 2499 3329 et
2536 3271 2752 3329 Domini
2801 3272 3068 3342 adjutoris
3098 3272 3176 3328 tui
3214 3287 3321 3328 non
3349 3288 3443 3327 re-

1855 3370 2115 3425 cordatus
2159 3381 2242 3423 es.
2284 3365 2518 3438 Propter
2563 3367 2667 3423 hoc
2715 3365 2991 3437 plantabis
3046 3365 3439 3436 plantationem

1856 3459 2244 3529 inﬁdelem,et
2290 3472 2477 3513 semen
2522 3455 2762 3515 inﬁdele.
2808 3456 2908 3513 Die
2949 3466 3132 3514 autem
3174 3457 3306 3520 illa.
3334 3471 3442 3527 qua

1855 3554 2159 3623 plantabis,
2188 3551 2421 3607 errabis.
2450 3549 2609 3606 Mane
2634 3563 2768 3606 vero
2802 3550 2850 3606 si
2879 3549 3254 3617 seminaveris,
3280 3548 3442 3605 ﬂore-

1857 3647 1936 3701 bit
1956 3648 2012 3701 in
2044 3660 2299 3710 messem,
2323 3658 2431 3715 qua
2459 3643 2547 3700 die
2580 3642 2953 3698 haereditatem
2985 3640 3189 3696 adibis:
3221 3647 3278 3696 et
3320 3649 3441 3696 tan-

1856 3754 2023 3809 quam
2078 3747 2235 3809 pater
2282 3736 2523 3792 hominis
2584 3734 2957 3791 haereditatem
3005 3732 3253 3788 sortieris
3310 3731 3443 3789 ﬁliis

1860 3832 1987 3887 tuis.
2030 3848 2050 3883 ι
2080 3828 2547 3907 Quemadmodum
2595 3827 2765 3893 enim,
2801 3825 2994 3895 inquit,
3029 3824 3136 3881 illis
3163 3824 3441 3894 pereunti-

1855 3923 1980 3989 bus,
2012 3922 2332 3979 accedentes
2369 3920 2462 3975 alii
2506 3933 2699 3975 eorum
2737 3917 2901 3974 urbes
2934 3925 2991 3972 et
3021 3919 3272 3988 regiones
3296 3918 3439 3973 obti-

1856 4019 2126 4077 nuerunt,
2156 4009 2236 4065 sic
2263 4017 2320 4064 et
2343 4007 2509 4063 urbes
2541 4016 2667 4071 tuae,
2693 4006 2854 4063 vobis
2873 4007 3066 4089 ejectis
3088 4021 3153 4063 ac
3179 4006 3438 4077 depulsis,

1857 4106 2049 4163 incolis
2088 4105 2211 4162 aliis
2257 4103 2635 4175 replebuntur.
2671 4120 2690 4155 ι
2727 4102 2795 4158 Ει
2823 4112 2985 4159 erunt
3018 4103 3275 4169 deserta},
3313 4101 3444 4171 quia

1856 4197 2193 4269 dereliquisti
2220 4196 2392 4253 Deum
2422 4201 2762 4250 servatorem
2796 4204 2949 4248 tuum
2972 4235 2989 4260 ,
3014 4205 3071 4251 et
3103 4193 3315 4249 Domini
3346 4192 3443 4249 Dei

1857 4292 1936 4346 tui
1962 4291 2284 4346 recordatus
2311 4304 2419 4345 non
2446 4304 2528 4344 es.
2567 4303 2588 4339 ι
2618 4284 2719 4343 Hic
2737 4301 2869 4343 vero
2898 4287 3072 4357 ipsum
3104 4285 3287 4342 Iesum
3319 4283 3443 4341 Sal-

1856 4390 2099 4439 vatorem
2130 4389 2376 4437 nostrum
2402 4380 2670 4437 Hebraica
2702 4395 2803 4437 vox
2848 4386 3280 4435 commemorat:
3316 4392 3443 4431 nam

1852 4473 1985 4531 Jesu
2023 4488 2223 4530 nomen
2252 4474 2306 4529 in
2336 4472 2584 4530 Graecam
2617 4472 2857 4544 linguam
2898 4470 3218 4527 translatum
3246 4466 3443 4523 Salva-

177 4568 256 4639 νήσ
273 4571 512 4642 σωτῆρα
536 4572 651 4645 γάρ
667 4573 820 4645 δηλοῖ
843 4572 907 4627 τὸ
929 4573 1106 4644 Ἰησοῦ
1143 4571 1317 4643 ὄνομα
1348 4573 1429 4636 είς
1453 4572 1553 4644 τὴν
1570 4572 1747 4627 Ἐλλά-

1856 4574 2023 4621 torem
2050 4564 2341 4636 signiﬁcat.
2375 4565 2500 4620 llaec
2524 4579 2656 4620 vero
2685 4565 2740 4619 in
2771 4578 2937 4619 causa
2970 4563 3087 4617 fore
3114 4556 3443 4628 ait,utipsis

175 4658 237 4714 δα
270 4662 514 4732 γλῶτταν
554 4666 1018 4737 ἑρμηνευόμενον.
1060 4665 1174 4719 Καὶ
1212 4663 1373 4718 τοῦτο
1429 4664 1624 4729 αἴτιον,
1670 4663 1753 4718 διὸ

178 4756 533 4829 συμϐήσεσθαι
560 4759 747 4823 αὐτοῖς
785 4758 858 4813 τὰ
901 4758 1269 4831 προλεχθέντα
1290 4757 1488 4823 πάντα,
1514 4757 1752 4830 εἴρηται,

177 4844 293 4901 διότι
315 4850 609 4905 κατέλιπον
637 4850 731 4906 τὸν
760 4850 892 4906 Θεὸν
910 4852 1003 4907 τὸν
1024 4850 1256 4924 Σωτῆρα
1279 4849 1481 4917 αὐτῶν,
1518 4851 1614 4906 καὶ
1639 4852 1754 4905 Κυ-

183 4938 283 5006 ρίου
327 4941 424 4995 τοῦ
468 4942 706 4996 πάντοτε
750 4941 945 5014 βοηθοῦ
1000 4942 1179 4997 αὐτῶν
1230 4943 1334 4996 οὐκ
1380 4941 1751 5015 ἐμνήσθησαν.

190 5028 341 5085 Ἐπάν
363 5028 481 5100 οὖν,
513 5034 673 5107 φησὶ,
716 5034 779 5088 τὸ
824 5033 1050 5106 σπέρμα
1084 5033 1245 5089 τοῦτο
1272 5034 1335 5087 τὸ
1380 5033 1607 5088 ἄπιστον
1647 5036 1743 5089 καὶ

179 5116 263 5190 τὴν
291 5123 508 5191 φυτείαν
530 5124 630 5195 τὴν
648 5124 876 5180 ἄπιστον
900 5127 1132 5197 σπείρης
1162 5126 1219 5179 ὲν
1240 5125 1306 5196 τῇ
1331 5123 1556 5178 σεαυτοῦ
1571 5124 1741 5197 ψυχῇ,

179 5210 287 5266 τότε
319 5215 665 5290 πλανηθήσῃο
695 5218 744 5271 εἰ
781 5216 861 5281 δὲ,
895 5215 1325 5289 μεταϐαλὼνὲπὶ
1347 5215 1446 5288 τὴν
1471 5215 1746 5270 ἀνατείλα-

180 5316 267 5356 σαν
304 5304 382 5378 τῷ
408 5307 603 5380 κόσμῳ
632 5308 845 5380 πρωῖαν
870 5307 966 5363 τοῦ
1014 5308 1191 5379 φωτὸς
1216 5307 1313 5361 τοῦ
1363 5307 1741 5378 εὐαγγελικοῦ,

182 5392 346 5467 ἕτερον
367 5399 595 5472 σπέρμα
631 5400 892 5456 κατάθοιο
921 5403 990 5474 τῇ
1024 5400 1222 5455 σαυτοῦ
1256 5400 1485 5472 διανοίᾳ,
1516 5401 1645 5474 περὶ
1682 5394 1746 5456 οὗ

184 5481 406 5546 λέλεκται
452 5493 512 5545 ἐν
547 5492 915 5563 Εὐαγγελίοις’
963 5511 980 5545 ι
1023 5490 1276 5563 Ἐξῆλθεν
1304 5490 1333 5545 ό
1361 5490 1602 5562 σπείρων
1652 5490 1747 5545 τοῦ

252 5603 296 5638 ”
318 5604 515 5664 Matth.
546 5624 667 5678 XIII,
694 5610 749 5671 3.
822 5610 868 5644 ⁸⁸
898 5612 1029 5669 ibid.
1060 5612 1153 5669 24.

1850 4658 2113 4729 praedicta
2130 4658 2313 4714 omnia
2338 4654 2821 4726 contingant,quia
2846 4652 3257 4722 dereliquerunt
3273 4649 3441 4704 Deum

1852 4751 2199 4807 Salvatorem
2243 4766 2401 4807 suum
2428 4790 2444 4813 ,
2476 4758 2531 4805 et
2556 4748 2770 4805 Domini
2812 4746 3076 4817 adjutoris
3115 4756 3331 4813 semper
3357 4740 3445 4797 sui

1853 4858 1961 4901 non
1996 4844 2386 4899 meminerunt.
2432 4840 2570 4896 Cum
2600 4842 2787 4912 itaque
2807 4879 2825 4905 ,
2852 4839 2965 4903 ait,
2998 4837 3101 4892 hoc
3128 4850 3315 4892 semen
3358 4834 3443 4889 in-

1854 4936 2159 5003 credulum,
2185 4945 2242 4992 et
2266 4937 2410 4992 hanc
2435 4933 2712 4990 inﬁdelem
2741 4932 3136 5007 plantationem
3171 4931 3227 4986 in
3256 4928 3436 4983 anima

1855 5042 1950 5086 tua
1982 5030 2375 5097 seminaveris,
2402 5039 2515 5085 tum
2546 5029 2798 5095 errabis;
2832 5028 2916 5084 sin
2951 5036 3135 5081 autem
3161 5022 3443 5080 exoriente

1854 5122 1908 5178 in
1944 5124 2146 5180 mundo
2179 5123 2479 5194 evangelici
2510 5122 2733 5177 luminis
2764 5117 3026 5185 diluculo,
3074 5127 3278 5173 mutata
3310 5132 3439 5173 scn-

1858 5216 2029 5272 tentia
2062 5216 2211 5271 aliud
2241 5230 2427 5271 semen
2459 5215 2516 5271 in
2544 5223 2727 5269 mente
2758 5221 2850 5267 tua
2875 5209 3096 5281 jeceris,
3127 5210 3194 5264 de
3220 5224 3329 5279 quo
3354 5208 3440 5264 di-
3472 5272 3477 5295 ί

1855 5317 2002 5365 ctum
2030 5317 2117 5363 est
2145 5308 2200 5363 in
2229 5306 2568 5378 Evangeliis,
2602 5324 2624 5359 ι
2659 5303 2809 5361 Exiit
2850 5303 2942 5374 qui
2993 5303 3230 5359 seminat
3274 5304 3439 5355 semi-
3469 5300 3477 5320 "

1857 5415 1990 5457 nare
2016 5401 2095 5468 ";
2132 5389 2169 5453 ι’
2184 5409 2262 5463 et,
2290 5418 2309 5452 ι
2345 5397 2539 5455 Simile
2570 5396 2772 5453 factum
2800 5403 2887 5449 est
2921 5408 3149 5465 regnum
3175 5390 3440 5447 caelorum

1858 5492 2065 5551 homini
2096 5492 2388 5550 seminanti
2427 5490 2630 5548 bonum
2672 5504 2857 5547 semen
2893 5488 2946 5543 in
2990 5501 3121 5560 agro
3159 5500 3260 5542 suo
3286 5483 3368 5550 ⁸⁰;
3414 5502 3435 5535 ι

561 5707 675 5781 ipsa
720 5707 1082 5791 Hieronymus
1113 5710 1181 5768 ad
1224 5711 1367 5769 hunc
1413 5708 1593 5768 locum
1653 5710 1746 5784 qui
1786 5719 1955 5768 totam
2024 5708 2238 5766 Eusebii
2307 5706 2633 5765 sententiam
2665 5714 2723 5764 ut
2767 5718 2921 5762 suam
2962 5699 3171 5759 extulit.
3204 5696 3338 5756 Vide
3376 5690 3438 5751 In

188 5764 505 5832 Praefatione.
