3862 6210
195 311 307 368 215

1155 313 1661 372 COMMENTARIA
1701 315 1768 370 IN
1807 315 2064 372 ISAIAM.
2104 347 2175 358 —-
2211 319 2364 375 CAP.
2406 276 2600 379 XVIII.

3356 324 3464 377 2η

197 426 448 498 Εὖρομεν
465 427 527 482 ἐν
551 429 667 492 τοῖς
693 427 802 484 τῶν
831 428 1072 484 παλαιῶν
1110 431 1559 502 συγγράμμασιν,
1598 432 1674 497 ὡς
1729 436 1771 488 oi

1885 437 2074 502 rimus,
2099 435 2616 508 Hierosolymitanos
2661 436 2901 494 Judaicae
2945 440 3121 509 gentis
3151 441 3463 496 sacerdotes

195 518 298 589 τὴν
346 519 706 593 Ἰερουσαλὴμ
733 521 1009 585 οἰκοῦντες
1030 521 1126 575 τοῦ
1149 522 1257 576 τῶν
1303 523 1570 578 Ἰουδαίων
1598 526 1784 590 ἔθνους

199 610 367 680 ἱερεῖς
393 611 487 664 καὶ
514 611 875 684 πρεσϐύτεροι
905 613 1210 684 γράμματα
1242 614 1672 686 διαχαράξαντες
1705 618 1785 680 εἰς

194 702 377 756 πάντα
401 702 772 772 διεπέμψαντο
793 703 863 758 τά
883 704 1007 776 ἔθνη
1028 707 1140 768 τοῖς
1158 705 1470 775 ἅπανταχοῦ
1512 707 1784 773 Ἰουδαίοις

190 794 576 860 διαϐάλλοντες
628 795 726 867 τὴν
759 797 998 868 Χριστοῦ
1032 798 1402 863 διδασκαλίαν,
1450 800 1527 863 ὡς
1572 800 1784 872 αἵρεσιν

194 887 396 959 καινὴν
428 888 524 942 καὶ
548 887 835 960 ἀλλοτρίαν
868 888 962 942 τοῦ
998 889 1156 955 Θεοῦ,
1188 891 1566 964 παρήγγελλόν
1609 909 1670 944 τε
1714 891 1782 945 δι’

192 982 499 1036 ἐπιστολῶν
549 981 624 1053 μὴ
677 980 1084 1053 παραδέξασθαι
1139 982 1328 1054 αὐτήν.
1365 981 1535 1036 Τοῦτο
1590 983 1647 1036 δὲ
1689 979 1782 1038 οὖν

189 1072 331 1127 αὐτὸ
360 1071 652 1142 σημαίνειν
693 1069 869 1124 ἐοικεν
903 1071 935 1140 ἡ
970 1069 1109 1141 μετά
1136 1074 1323 1142 χεῖρας
1350 1073 1676 1144 προφητεία,
1725 1075 1782 1126 ἐν

189 1160 238 1234 ᾦ
262 1161 437 1231 λέγει·
469 1182 490 1214 ι
527 1163 665 1216 Οὐαὶ
692 1162 796 1232 γῆς
828 1161 1046 1226 πλοίων,
1076 1163 1347 1232 πτέρυγες
1380 1164 1632 1217 ἐπέκεινα
1685 1181 1782 1217 πο-

188 1253 385 1326 ταμῶν
421 1252 724 1316 Αἰθιοπίας·
753 1255 781 1306 6
803 1253 1148 1308 ἀποστέλλων
1174 1255 1231 1308 ἐν
1259 1254 1501 1328 θαλάσσῃ
1527 1256 1732 1327 ὅμηρα·
1757 1275 1776 1308 ›

187 1348 310 1402 ἀνθ’
331 1339 396 1400 οὗ
428 1349 457 1402 6
481 1346 776 1418 Σύμμαχος
797 1347 1182 1413 ἀποστόλους
1194 1344 1316 1401 εἷπε
1341 1350 1540 1420 φήσας,
1575 1368 1593 1400 ι
1616 1351 1782 1402 Ἀπο-

192 1438 432 1494 στέλλων
483 1438 816 1501 ἀποστόλους
868 1440 926 1491 ὲν
962 1437 1227 1510 θαλάσσῃ·
1274 1459 1293 1490 ι
1349 1441 1378 1493 ὁ
1437 1440 1495 1493 δέ
1553 1439 1783 1502 Ἀκύλας

189 1530 538 1600 πρεσϐύτας
551 1529 816 1594 ἐξέδωκεν
852 1527 1042 1593 εἰπὼν,
1076 1547 1095 1580 ι
1140 1529 1197 1582 '0
1230 1529 1574 1583 ἀποστέλλων
1603 1532 1661 1584 ἐν
1688 1530 1783 1583 θα-

1887 535 1944 583 et
1959 527 2222 592 seniores,
2241 527 2454 582 litteras
2474 529 2527 582 in
2557 544 2748 583 omnes
2765 539 2951 599 gentes
2970 531 3180 585 misisse
3195 530 3464 586 adomnes

1885 619 2086 688 ubique
2105 615 2321 673 Judaaos
2344 659 2360 682 ,
2388 633 2494 686 quo
2522 619 2726 674 Christi
2757 621 3062 675 doctrinam
3093 621 3460 685 traducerent,

1886 717 1945 763 ut
1992 724 2185 763 novam
2223 724 2287 764 ac
2318 710 2429 765 Deo
2475 711 2754 764 inimicam
2803 720 3005 766 sectam
3055 730 3068 765 :
3107 727 3170 765 ac
3220 712 3462 782 epistolis

1886 799 2182 866 monuisse,
2225 809 2285 855 ut
2328 815 2398 857 ne
2429 800 2575 856 illam
2611 801 2933 870 reciperent.
2966 800 3080 856 Hoc
3125 802 3300 870 ipsum
3332 816 3463 871 ergo

1884 891 2192 961 signiﬁcare
2222 892 2436 947 videtur
2466 906 2703 961 praesens
2755 891 3041 962 prophetia
3087 891 3174 945 ubi
3206 892 3458 946 ’dicitur:

1890 1001 1910 1036 ‹
1950 983 2043 1038 ναι
2075 991 2233 1038 εστι-ω
2277 984 2490 1038 navium
2513 1023 2528 1048 ,
2564 983 2659 1037 alm
2688 982 2826 1035 ultra
2871 981 3094 1035 ﬂumina
3128 979 3456 1051 Ethiopia;

1884 1076 1977 1146 qui
2018 1075 2184 1130 mittit
2209 1077 2262 1130 in
2298 1090 2448 1131 mare
2484 1076 2738 1140 obsides;
2781 1093 2800 1126 ι
2829 1088 2928 1142 pro
2957 1091 3066 1142 quo
3100 1074 3462 1146 Symmachus

1883 1166 2145 1237 apostolos
2173 1167 2311 1220 dixit
2341 1167 2425 1221 his
2460 1168 2641 1221 verbis
2663 1207 2679 1231 ,
2714 1187 2733 1220 ι
2765 1167 2868 1234 Qui
2896 1167 3064 1220 mittit
3091 1175 3146 1220 et
3183 1165 3462 1234 apostolos

1883 1261 1937 1315 in
1967 1273 2157 1325 mare;
2191 1276 2211 1310 ι
2237 1257 2432 1327 Aquila
2456 1273 2586 1312 vero
2621 1259 2817 1328 legatos
2846 1259 3035 1325 edidit,
3066 1259 3272 1323 dicens,
3305 1275 3325 1308 ι
3357 1255 3460 1322 Qui

1885 1352 2052 1405 mittit
2101 1350 2156 1404 in
2203 1364 2354 1404 mare
2398 1348 2625 1420 legatos.
2668 1369 2687 1400 ι
2729 1349 2912 1405 Viden’
2963 1349 3238 1418 quomodo
3277 1362 3496 1416 sermo,

1883 1441 2168 1510 praedictos
2211 1439 2518 1496 Iudaeorum
2571 1439 2841 1510 principes
2887 1440 3118 1494 miseros
3179 1438 3458 1508 praedicet,

1883 1548 2090 1589 necnon
2110 1543 2309 1588 terram
2331 1547 2540 1597 eorum,
2559 1531 2713 1600 cujus
2733 1532 2937 1586 malitia
2961 1546 3132 1601 usque
3157 1531 3224 1585 ad
3240 1529 3457 1585 Ethice-

189 1622 369 1692 λάσσῃ
397 1620 731 1692 πρεσϐύτας.
773 1639 792 1672 ›
835 1621 995 1690 Ὁρᾷς
1046 1621 1195 1684 ὅπως
1225 1623 1254 1673 6
1285 1620 1442 1688 λόγος
1484 1622 1610 1683 τοὺς
1649 1637 1771 1691 προ-

1889 1639 1982 1696 pes
2003 1635 2334 1694 pervaserat.
2349 1624 2713 1691 Quamobrem
2733 1625 3025 1678 secundum
3043 1623 3453 1694 Symmachum,

186 1712 485 1784 λεχθέντας
531 1711 802 1765 Ἰουδαίων
825 1712 1093 1783 ἄρχοντας
1110 1711 1406 1777 ταλανίζει,
1439 1712 1534 1766 καὶ
1557 1713 1656 1782 τὴν
1674 1713 1771 1783 γῆν

1888 1737 1906 1770 ι
1945 1717 2038 1772 ναι
2067 1727 2223 1773 terrae
2263 1719 2473 1774 sonitus
2503 1717 2601 1771 alae
2621 1758 2636 1783 ,
2676 1731 2795 1783 qua:
2828 1715 2966 1770 ultra
2997 1715 3211 1771 ﬂumina
3242 1715 3458 1771 Ethio-

183 1805 395 1872 αὐτῶν,
434 1801 504 1876 ἦς
535 1807 569 1876 ἠ
605 1803 770 1858 κακία
793 1805 992 1878 ,μέχρις
1012 1805 1286 1858 Αἰθιόπων
1310 1803 1534 1874 ἔφθασε.
1563 1803 1655 1858 Διὸ
1676 1801 1771 1860 καὶ

1882 1809 1984 1878 piae
2011 1827 2030 1861 ι
2056 1827 2070 1863 :
2106 1810 2261 1878 queis
2286 1808 2578 1879 signiﬁcat,
2601 1809 2764 1862 etiam
2788 1805 2927 1860 ultra
2945 1805 3260 1878 Ethiopum
3279 1809 3460 1878 regio-

183 1898 257 1952 τά
290 1898 386 1951 τὸν
419 1897 718 1968 Σύμμαχον
747 1896 983 1968 εἴρηται,
1013 1916 1031 1949 ι
1063 1897 1200 1951 Οὐαὶ
1231 1897 1336 1967 γῆς
1359 1899 1388 1951 6
1413 1893 1546 1968 ἦχος
1578 1897 1776 1968 πτέρυ-

181 2007 305 2060 γος,
330 1991 366 2060 ὴ
388 1988 629 2060 πέραθεν
657 1989 916 2060 ποταμῶν
931 1990 1230 2054 Αἰθιοπίας·
1265 2010 1284 2042 ι
1311 1992 1376 2044 δι’
1393 1984 1467 2045 ὧν
1499 1991 1772 2062 σημαίνει,

181 2083 264 2146 ὡς
295 2083 392 2136 καὶ
425 2081 602 2153 πέραν
632 2080 732 2152 τῆς
775 2081 1050 2136 Αίθιόπων
1078 2082 1280 2155 χώρας,
1316 2083 1476 2154 ἢτῶν
1507 2082 1774 2153 ἐσχατιῶν

181 2176 288 2245 τῆς
318 2176 444 2246 γῆς,
475 2175 505 2227 6
532 2175 631 2244 τῆς
652 2174 917 2246 πονηρίας
938 2170 1072 2245 ἦχος
1101 2175 1208 2228 τῶν
1232 2175 1331 2246 τὴν
1377 2175 1632 2230 Ἰουδαίαν
1665 2176 1772 2246 γῆν

180 2266 485 2321 οἰκούντων
513 2265 603 2318 διά
635 2282 798 2318 τινων
835 2264 1024 2337 ὥσπερ
1065 2264 1374 2337 ίπταμένων
1403 2267 1600 2320 πλοίων
1635 2285 1771 2340 προ-

180 2355 374 2426 ῆλθεν,
427 2355 481 2408 οἵ
507 2372 569 2407 τε
613 2354 898 2408 ἀπόστολοι
949 2354 1151 2418 αὐτῶν,
1202 2356 1492 2421 ἐπιστολὰς
1535 2357 1777 2428 βιὸλίνας

181 2447 565 2519 κομιζόμενοι,
608 2446 864 2518 ὑπεράνω
893 2463 952 2499 τε
989 2447 1096 2500 τῶν
1140 2447 1348 2502 ὑδάτων
1374 2449 1776 2521 ναυτιλλόμενοι

181 2540 284 2594 καὶ
308 2538 410 2610 τὴν
438 2536 713 2592 θάλασσαν
729 2537 1080 2607 ἐμπλέοντες,
1113 2540 1426 2610 ἅπανταχοῦ
1447 2541 1549 2611 γῆς
1573 2541 1778 2610 διέτρε-

179 2648 306 2702 χον.
333 2630 428 2685 τὸν
464 2633 594 2703 περὶ
620 2631 715 2685 τοῦ
757 2631 1010 2701 Σωτῆρος
1041 2631 1197 2702 ἡμῶν
1230 2632 1668 2698 ἐνδιαὸάλλοντες
1689 2635 1777 2688 λό-

1882 1917 2028 1966 nem,
2071 1901 2187 1957 sive
2220 1901 2359 1956 ultra
2402 1910 2646 1954 extrema
2675 1908 2865 1965 terrae,
2905 1899 3125 1954 malitiae
3154 1899 3456 1955 incolarum

1880 1992 2078 2050 Judaeaa
2117 1996 2376 2061 sonitum,
2406 2010 2503 2050 ceu
2537 1993 2859 2064 quibusdam
2884 1993 3190 2049 volantibus
3219 1995 3451 2050 navibus

1879 2087 2140 2154 delatum,
2173 2087 2506 2158 pervenisse,
2560 2086 2941 2156 apostolosque
2975 2102 3162 2142 eorum
3191 2087 3450 2156 epistolas

1878 2178 2110 2235 biblinas
2152 2179 2488 2244 deferentes,
2523 2195 2585 2236 ac
2615 2196 2779 2248 supra
2817 2181 3038 2237 dorsum
3082 2196 3346 2248 aquarum
3393 2181 3452 2236 in

1881 2270 2124 2340 marique
2171 2272 2513 2342 navigantes,
2549 2273 2750 2342 ubique
2781 2282 3049 2327 terrarum
3101 2273 3448 2338 discurrisse,

1877 2373 2182 2416 sermonem
2208 2362 2272 2417 de
2305 2361 2594 2418 Servatore
2625 2373 2810 2418 nostro
2856 2364 3142 2419 calumniis
3185 2363 3450 2420 vellican-

1881 2460 1978 2507 tes.
2029 2452 2314 2522 Apostolus
2355 2470 2487 2510 vero
2538 2457 2701 2512 etiam
2748 2473 2891 2512 nunc
2934 2456 3104 2512 Judmi
3139 2471 3455 2527 nuncupare

1877 2544 2056 2599 solent
2082 2559 2198 2613 eos,
2220 2548 2312 2617 qui
2336 2548 2632 2604 circulares
2657 2551 2960 2620 principum
2993 2563 3214 2605 suorum
3243 2549 3454 2605 litteras

1881 2635 2305 2708 circumquaque
2330 2639 2635 2711 deportant.

179 2740 304 2792 γον.
342 2723 700 2788 Ἀποστὸλους
751 2722 809 2776 δὲ
850 2723 1018 2777 εἰσέτι
1063 2724 1159 2777 καὶ
1187 2723 1280 2778 νῦν
1311 2724 1433 2789 ἔθος
1466 2726 1615 2780 ἐστὶν
1656 2725 1930 2792 Ἰουδαίοις
1967 2728 2256 2800 ὀνομάζειν
2291 2733 2420 2796 τοὺς
2467 2732 2730 2802 ἐγκύκλια
2763 2734 3065 2805 γράμματα
3131 2732 3284 2804 παρὰ
3343 2731 3452 2787 τῶν

177 2814 466 2886 ἀρχόντων
488 2814 668 2868 αὐτῶν
696 2813 1201 2886 ἐπικομιζομένους.

263 2927 284 2960 ι
307 2907 674 2979 Πορεύσονται
701 2907 810 2978 γὰρ
842 2906 1062 2976 ἄγγελοι
1093 2907 1283 2976 κοῦφοι
1315 2908 1452 2980 πρὸς
1473 2908 1624 2980 ἔθνος
1654 2927 1776 2982 μετ-

181 2999 362 3071 έωρον
418 3000 514 3053 καὶ
549 2998 699 3066 ξένον
730 2999 858 3053 λαὸν
904 3000 999 3053 καὶ
1031 2999 1283 3070 χαλεπόν.
1321 3001 1416 3064 Τίς
1475 3001 1639 3055 αὐτοῦ
1675 3005 1774 3056 ἐπ-

179 3093 375 3146 έκεινα
393 3109 410 3156 ;
427 3091 582 3154 ἔθνος
606 3090 718 3161 (22)
740 3090 1058 3144 ἀνέλπιστον
1081 3091 1175 3144 καὶ
1191 3109 1549 3165 καταπεπατη
1559 3093 1735 3165 μένον.
1751 3113 1768 3146 ι

1958 2929 1976 2962 ι
2013 2909 2171 2966 Ibunt
2196 2912 2339 2967 enim
2379 2913 2554 2968 nuntii
2581 2913 2786 2970 celeres
2811 2915 2879 2970 ad
2901 2924 3117 2986 gentem
3151 2915 3450 2971 excelsamv

1878 3009 1934 3056 et
1954 3003 2298 3073 peregrinum
2316 3004 2595 3074 populum,
2613 3015 2667 3060 et
2691 3021 2931 3076 gravem.
2953 3006 3085 3072 Quis
3100 3007 3242 3062 ultra
3275 3007 3452 3062 illum?

1876 3107 2007 3164 gens
2037 3094 2320 3163 desperata
2348 3103 2404 3150 et
2425 3099 2766 3150 conculcata.
2822 3116 2840 3149 ι
2883 3097 2960 3151 lta
2991 3106 3050 3152 ut
3103 3099 3176 3154 sit
3214 3099 3343 3154 illud
3371 3099 3447 3154 rei

193 3183 290 3247 Ὠς
319 3177 460 3236 εῖναι
487 3181 663 3252 ἀρχὴν
696 3180 1022 3252 πράγματος
1041 3197 1053 3209 ·
1093 3179 1186 3234 καί
1223 3197 1314 3250 μοι
1344 3180 1490 3234 δοκεῖ
1519 3181 1677 3235 τοῦτο
1713 3182 1771 3234 τὸ

1879 3183 2090 3239 initium
2121 3203 2134 3239 :
2171 3185 2498 3256 videturque
2537 3186 2670 3241 mihi
2696 3188 2799 3243 hoc
2831 3198 3165 3259 praeceptum
3202 3190 3452 3246 Salvato-

181 3271 520 3344 πρόσταγμα
550 3270 688 3341 πρὸς
733 3271 859 3333 τοὺς
918 3269 1165 3340 μαθητὰς
1198 3268 1292 3322 τοῦ
1324 3272 1575 3342 Σωτῆρος
1616 3273 1773 3343 ήμῶν

180 3362 444 3435 εἰρῆσθαι
464 3379 478 3392 ·
512 3360 606 3426 οὓς
636 3360 727 3415 διὰ
749 3361 809 3415 τὸ
833 3363 998 3416 πᾶσιν
1024 3359 1330 3433 ἀνθρώποις
1360 3363 1582 3431 ἀγαθῶν
1613 3364 1776 3434 εὐαγ-

180 3453 445 3524 γελιστάς
478 3450 640 3518 εἶναι,
670 3454 936 3524 ἀγγέλους
972 3455 1068 3508 καὶ
1094 3455 1331 3524 κούφους
1363 3455 1614 3528 ὠνόμασε
1638 3457 1777 3528 πρὸς

178 3547 595 3618 ἀντιδιαστολὴν
621 3546 732 3601 τῶν
774 3546 1074 3601 Ἰουδαϊκῶν
1119 3548 1452 3603 ἀποστόλων.
1488 3551 1657 3619 Φησὶν
1682 3545 1775 3603 οὖν

179 3638 326 3711 πρὸς
359 3638 557 3702 αὐτοὺς
587 3640 713 3701 τοὺς
743 3637 852 3691 τῶν
872 3637 1092 3698 ἀγαθῶν
1129 3639 1394 3707 ἀγγέλους
1417 3656 1430 3670 ·
1484 3640 1693 3710 Ὑμεῖς,
1725 3641 1774 3694 οἱ

180 3729 427 3802 Χριστοῦ
452 3728 715 3801 μαθηταὶ,
733 3728 1052 3800 πορεύεσθε,
1077 3729 1265 3800 ῶσπερ
1289 3726 1383 3784 οὖν
1413 3731 1573 3794 αὐτὸς
1602 3733 1631 3784 6
1658 3733 1774 3785 Σω-

177 3820 291 3891 τὴρ
317 3819 604 3888 διετάξατο
636 3820 774 3892 πρὸς
821 3820 964 3890 ὑμᾶς
1005 3819 1211 3888 λέγων·
1254 3839 1271 3872 ι
1297 3821 1600 3891 Πορεύεσθε
1638 3822 1774 3893 μᾶλ-

178 3914 278 3967 λον
314 3914 455 3985 πρὸς
482 3913 557 3968 τὰ
596 3912 846 3986 πρόϐατα
869 3911 937 3964 τὰ
954 3912 1266 3967 ἀπολωλότα
1297 3915 1444 3967 οἴκου
1490 3913 1724 3985 Ἰσραὴλ,
1749 3935 1766 3966 ι

181 4006 732 4078 καί,ιΙΙορευθέντες,
755 4004 1131 4076 μαθητεύσατε
1157 4007 1335 4060 πάντα
1362 4007 1430 4060 τὰ
1458 4007 1584 4078 ἔθνη
1613 4011 1670 4061 ἐν
1697 4008 1774 4078 τῷ

180 4098 413 4170 ὀνόματί
449 4117 571 4170 μου.
601 4118 620 4150 ι
656 4099 1019 4170 Πορευόμενοι
1050 4099 1128 4164 δὲ,
1155 4101 1307 4170 φησὶ,
1337 4099 1530 4170 κοῦφοι
1557 4101 1773 4169 γίνεσθε

182 4191 283 4244 καὶ
315 4190 622 4255 εὐσταλεῖς,
655 4190 731 4253 ὡς
773 4188 838 4244 ἂν
881 4189 1070 4260 ῥᾳδίαν
1115 4190 1213 4261 τὴν
1246 4191 1469 4262 πορείαν
1505 4192 1733 4262 ποιῆσθε
1754 4209 1767 4223 ο

179 4281 212 4336 ὃ
243 4282 310 4353 δὴ
337 4282 433 4334 καὶ
466 4283 651 4344 αὐτοῖς
682 4282 843 4336 πάλιν
869 4283 1100 4354 παρῄνει
1119 4282 1292 4352 λέγων
1311 4301 1325 4313 ο
1356 4303 1373 4335 ι
1397 4266 1770 4355 Μηδὲνᾶρητε

181 4373 329 4428 κατά
359 4372 457 4444 τὴν
485 4372 604 4427 ὁδόν
627 4390 642 4404 ⁸
677 4373 755 4444 μὴ
787 4373 1063 4444 κτήσησθε
1097 4373 1293 4444 χρυσὸν
1328 4373 1463 4444 μηδὲ
1503 4372 1642 4443 άργυ
1653 4391 1767 4444 ρον,

183 4464 325 4537 μηδὲ
371 4463 572 4534 χαλκὸν
610 4466 689 4528 είς
724 4464 822 4528 τάς
871 4465 1047 4530 ζώνας
1109 4464 1282 4534 ὑμῶν,
1311 4485 1329 4518 ι
1376 4466 1470 4518 καὶ
1517 4464 1585 4518 τὰ
1621 4465 1764 4536 ἑξῆς.

1878 3275 1953 3330 ris
1975 3275 2145 3332 nostri
2177 3276 2456 3347 discipulis
2479 3277 2594 3331 dari
2621 3296 2634 3343 ;
2670 3278 2760 3349 qui
2803 3280 2946 3348 quod
2995 3281 3254 3336 omnibus
3277 3281 3451 3337 horni-

1877 3367 2036 3422 nibus
2063 3367 2331 3423 bonorum
2377 3369 2552 3424 nuntii
2580 3370 2706 3434 sint,
2741 3371 2915 3426 nuntii
2949 3382 3003 3427 et
3028 3372 3238 3426 celeres
3270 3374 3339 3427 ab
3380 3388 3448 3427 eo

1876 3466 2160 3523 vocantur,
2197 3459 2262 3514 ad
2289 3460 2644 3516 dilferentiam
2673 3461 3024 3518 Judaicorum
3051 3465 3442 3534 apostolorum.

1876 3547 1999 3605 Illos
2041 3549 2204 3619 igitur
2231 3552 2496 3607 bonorum
2540 3555 2759 3610 nuntios
2813 3554 2892 3610 sic
2939 3555 3278 3626 alloquitur:
3317 3556 3447 3625 Vos,

1875 3642 2076 3697 Christi
2101 3643 2371 3712 discipuli,
2397 3645 2488 3707 ite,
2520 3648 2974 3714 quemadmodum
3001 3647 3116 3715 ipse
3142 3647 3292 3702 vobis
3319 3647 3448 3704 Ser-

1875 3742 2032 3788 vator
2058 3734 2336 3803 praecepit,
2372 3753 2390 3785 ι
2430 3733 2508 3790 lte
2527 3735 2705 3805 potius
2727 3735 2792 3788 ad
2822 3749 2972 3801 oves,
3001 3751 3123 3806 qua:
3145 3737 3446 3805 perierunt,

1876 3825 2072 3878 domus
2103 3824 2269 3879 Israel
2296 3826 2374 3892 8‘;
2428 3845 2446 3878 ι
2479 3836 2553 3890 et,
2585 3845 2601 3876 ‹
2633 3827 2834 3882 Euntes
2858 3828 3049 3883 docete
3083 3843 3272 3884 omnes
3305 3845 3440 3899 gen-

1877 3922 1955 3969 tes
2001 3915 2055 3970 in
2086 3917 2305 3972 nomine
2347 3933 2470 3972 meo
2497 3919 2564 3974 ⁸³.
2598 3937 2616 3970 ι
2669 3918 2874 3974 Euntes
2906 3930 3110 3984 autem,
3155 3923 3254 3988 ait,
3301 3922 3447 3976 leves

1872 4014 2048 4062 estote
2093 4016 2148 4061 et
2188 4009 2448 4076 expediti,
2498 4017 2556 4063 ut
2605 4009 2822 4064 facilius
2878 4012 3020 4065 viam
3066 4015 3443 4069 emetiamini:

1873 4095 2016 4164 quod
2049 4096 2213 4150 etiam
2243 4098 2352 4153 illis
2385 4099 2680 4155 mandabat
2712 4101 2796 4154 his
2831 4102 3036 4166 verbis,
3067 4121 3084 4154 ι
3117 4103 3263 4158 Nihil
3306 4106 3440 4160 tule-

1874 4186 1993 4241 ritis
2020 4187 2070 4241 in
2097 4189 2219 4254 via;
2253 4205 2319 4243 ne
2346 4191 2668 4259 possideatis
2704 4207 2919 4258 aurum,
2964 4210 3064 4248 nec
3115 4206 3401 4266 argentum
3428 4238 3444 4263 ,

1874 4293 1972 4332 nec
2004 4293 2079 4332 aes
2103 4280 2153 4332 in
2179 4281 2330 4334 zonis
2357 4281 2553 4336 vestris
2572 4281 2786 4345 ",ietc.
2817 4281 2978 4338 Jubet
3012 4295 3191 4340 autem
3225 4288 3444 4354 proﬁci-

1871 4370 1948 4424 sci
1975 4384 2070 4425 eos
2101 4371 2168 4426 ad
2205 4381 2423 4441 gentem
2483 4374 2770 4428 sublimem
2808 4386 2863 4428 et
2896 4378 3258 4446 peregrinam,
3296 4389 3352 4433 et
3379 4382 3447 4431 ad

1873 4460 2128 4530 populum
2161 4477 2403 4530 gravem.
2439 4462 2556 4517 Non
2588 4467 2730 4519 enim
2768 4467 2833 4518 ad
2869 4477 3028 4521 notos
3055 4467 3141 4522 vel
3187 4468 3447 4520 domesti-

180 4554 414 4610 Κελεύει
457 4555 515 4608 δὲ
553 4555 878 4627 πορεύεσθαι
912 4557 1049 4627 πρὸς
1077 4556 1229 4619 ἐθνος
1261 4557 1531 4627 μετέωρον
1556 4557 1647 4610 καὶ
1681 4557 1767 4623 ξέ-

1879 4569 1966 4608 eos
2000 4555 2115 4608 sive
2152 4552 2351 4608 fratres
2378 4555 2750 4619 mittebantur,
2786 4559 2881 4612 sed
2907 4559 2972 4611 ad
3002 4559 3263 4627 quosdam
3299 4573 3445 4626 perc-

180 4659 296 4706 νον,
317 4643 417 4695 καὶ
443 4641 578 4714 πρὸς
611 4641 738 4694 λαὸν
765 4642 1016 4712 χαλεπόν.
1050 4642 1125 4695 Οὐ
1161 4641 1268 4712 γὰρ
1294 4643 1428 4712 πρὸς
1458 4641 1768 4713 γνωρίμους

1874 4645 2057 4715 grinos
2099 4646 2312 4715 ignotos
2347 4648 2494 4703 viros
2554 4659 2608 4703 et
2655 4650 3005 4722 alienigenas,
3061 4653 3204 4720 apud
3252 4667 3445 4706 omnes

253 4736 300 4768 ⁸⁸
328 4735 523 4789 Matth.
553 4751 609 4799 ι,
632 4734 686 4789 6.
761 4736 806 4766 θ’
834 4735 1025 4790 Matth.
1050 4751 1242 4799 xxvm,
1277 4735 1361 4790 i9.
1437 4735 1484 4766 ⁸³
1508 4733 1696 4788 Matth.
1718 4751 1774 4802 x,
1811 4733 1864 4790 9.

181 4829 426 4886 breviter
455 4829 734 4893 admonui,
767 4843 834 4883 ne
874 4830 995 4898 quis
1042 4845 1139 4884 nos
1165 4837 1314 4897 putet
1337 4844 1401 4882 ex
1433 4829 1574 4883 illius
1602 4829 1758 4884 fonti-

181 4899 284 4955 bus
320 4909 600 4953 mutuasse
625 4914 747 4967 qua:
776 4899 1040 4953 dicimus:
1067 4915 1190 4952 nam
1222 4908 1276 4952 et
1306 4901 1358 4952 in
1392 4901 1642 4967 prmsenti
1669 4916 1759 4954 ca-

181 4969 356 5041 pitulo
383 4969 675 5041 adversum
701 4967 913 5041 Iudaeos
941 4968 1607 5041 etHierosoly_mam_dicit
1635 4985 1761 5037 pro-

182 5038 431 5108 phetiam
460 5038 621 5105 dirigi
658 5053 674 5091 :
715 5039 954 5109 quodin
990 5038 1254 5109 principio
1282 5038 1405 5092 fidei
1433 5039 1758 5109 Christianae

185 5110 252 5163 ad
279 5117 427 5163 totas
455 5121 646 5177 gentes
693 5108 946 5177 epistolas
987 5108 1263 5172 miserint,
1314 5123 1380 5162 ne
1421 5108 1758 5176 susciperent

182 5179 495 5248 passionem
527 5177 748 5243 Christi,
777 5187 830 5248 et
855 5179 1099 5233 miserint
1130 5193 1300 5246 usque
1331 5179 1396 5232 ad
1426 5177 1756 5248 Ethiopiam

182 5261 236 5318 et
289 5248 688 5302 occidentalem
758 5247 1004 5318 plagam,
1067 5256 1350 5316 totumque
1405 5247 1590 5303 orbem
1644 5248 1760 5314 ejus

181 5315 1006 5387 blasphemiae.dissemina‘tione
1039 5315 1446 5387 compleverint.
1482 5336 1501 5369 ι
1539 5318 1602 5387 Et
1633 5331 1762 5373 sane

185 5388 328 5456 quod
369 5389 448 5441 ait
475 5386 857 5460 iliierouymus
897 5386 1184 5442 Eusebium
1237 5386 1610 5460 ἀλληγορικῶς
1645 5388 1760 5460 pie-

184 5457 726 5527 rumquegdictorum
773 5471 989 5511 sensum
1036 5457 1406 5526 interpretari,
1444 5457 1654 5527 ’cuique
1684 5458 1762 5512 le-

183 5527 331 5649 genti
363 5525 539 5595 palam
573 5528 679 5580 erit
705 5543 718 5587 ;
747 5527 889 5594 quod
917 5541 1044 5581 vero
1075 5525 1228 5594 dicit,
1261 5542 1320 5582 se
1362 5543 1466 5582 non
1495 5525 1760 5582 ex'Euse-

224 5597 260 5649 ii
292 5595 536 5649 fontibus
561 5605 857 5649 mutuasse.
895 5596 962 5649 de
993 5606 1103 5649 toto
1135 5602 1526 5649 commentario
1555 5598 1758 5649 intelli-

224 5597 260 5650 ii
292 5595 536 5651 fontibus
561 5605 857 5660 mutuasse,
895 5596 962 5651 de
993 5606 1103 5650 toto
1135 5602 1526 5652 commentario
1555 5598 1758 5654 intelli-

185 5679 320 5788 gas:
354 5666 557 5747 etenim
578 5665 848 5748 pleraque
877 5666 964 5719 ille
1005 5667 1180 5730 ail‘ert,
1205 5681 1325 5735 quae
1347 5668 1612 5748 Eusebius
1640 5667 1761 5721 nul-

244 5745 398 5788 tenus
439 5745 620 5788 auum
661 5751 677 5788 :
723 5737 821 5788 sed
872 5744 1046 5788 tamen
1090 5737 1256 5788 multa
1304 5752 1368 5788 ex
1420 5737 1568 5788 hisce
1611 5753 1761 5788 como

244 5745 398 5791 tenus
439 5736 620 5799 attigit
661 5751 677 5796 ;
723 5737 821 5792 sed
872 5744 1046 5794 tamen
1090 5737 1256 5795 multa
1304 5752 1368 5794 ex
1420 5737 1568 5795 hisce
1611 5753 1762 5795 com-

1863 4827 2182 4888 mentariis,
2218 4827 2384 4898 etiam
2432 4827 2718 4897 allegorice
2763 4830 2900 4883 dicta
2959 4829 3176 4893 hausit,
3213 4845 3442 4898 quorum

1861 4914 2123 4967 perquam
2165 4897 2441 4951 minimam
2486 4908 2692 4966 partem
2725 4939 2739 4964 ,
2781 4915 2878 4954 nos
2917 4900 3046 4953 hinc
3088 4910 3143 4954 et
3182 4897 3306 4954 inde
3347 4918 3443 4955 no-

1863 4979 2114 5022 tavunus.

1952 5038 2057 5108 ‘22),
2079 5037 2206 5091 Haec
2236 5037 2288 5090 in
2318 5037 2471 5108 hunc,
2494 5038 2670 5093 locum
2722 5037 2780 5094 S.
2821 5038 3183 5108 Hieronymus
3228 5039 3395 5094 habet
3425 5082 3440 5104 ,

1867 5127 1886 5159 ι
1923 5106 2088 5171 LXX,
2125 5122 2223 5176 pro
2251 5122 2316 5162 eo
2337 5107 2478 5176 quod
2508 5123 2608 5163 nos
2637 5108 2871 5163 diximus
2915 5106 3317 5177 exspectantem,
3346 5126 3440 5163 ea:-

1865 5187 2202 5245 spectantem,
2230 5177 2365 5231 etin
2401 5177 2667 5232 llebraico
2699 5180 2959 5248 scriptum
2983 5190 3086 5242 est,
3119 5190 3438 5247 sperantem,

1869 5257 2202 5310 sperantem,
2252 5262 2282 5300 e
2329 5250 2604 5301 contrario
2664 5250 2999 5317 interpretati
3059 5258 3185 5303 sunt
3213 5248 3436 5303 ἀνέλπι-

1873 5333 2014 5378 στον,
2047 5317 2100 5369 id
2129 5327 2232 5380 est,
2264 5332 2366 5369 non
2391 5328 2706 5380 sperantem.
2743 5319 2808 5371 Et
2837 5321 2905 5374 ob
2934 5319 3073 5372 hanc
3097 5333 3316 5370 causam
3345 5323 3438 5374 (le-

1870 5388 2065 5441 derunt
2089 5387 2434 5442 occasionem
2463 5388 2714 5453 Eusebio,
2738 5399 2797 5441 ut
2825 5389 2923 5441 hoc
2952 5389 3018 5442 de
3039 5389 3289 5457 gentibus
3324 5406 3438 5443 ma-

1869 5457 1973 5527 gis,
2003 5470 2122 5524 quae
2143 5470 2246 5527 nec
2271 5471 2419 5527 spem
2449 5457 2701 5517 habeant,
2750 5473 2851 5511 nec
2880 5458 3290 5511 Testamentum
3320 5459 3438 5524 Dei,

1869 5526 1970 5598 nec
2001 5526 2314 5598 prophetas,
2341 5526 2768 5598 intelligendum
2809 5531 3112 5594 putaverit;
3158 5543 3320 5598 quam
3375 5533 3441 5583 de

1867 5594 2067 5669 ludatis
2094 5613 2107 5648 :
2139 5597 2280 5669 quod
2304 5596 2371 5649 ab
2409 5594 2752 5669 ipsis’postea
2781 5598 3053 5660 Ecclesim,
3084 5594 3299 5669 qutiejn.
3320 5616 3438 5669 spe-

1869 5667 1988 5720 cula
2013 5667 2303 5737 constituta
2329 5677 2430 5732 est,
2461 5669 2603 5722 dona
2635 5666 2894 5724 mittenda
2920 5669 3048 5737 sint,
3075 5678 3126 5723 et
3155 5666 3444 5725 offerenda:

1872 5737 2104 5793 victima:
2132 5735 2462 5805 spirituales.
2501 5766 2519 5807 λ
