3862 6210
412 316 525 375 1&6

1092 310 1363 369 EUSEBll
1401 309 1874 372 CESARIENSIS
1906 315 2062 376 OPP.
2100 313 2285 373 PARS
2319 312 2412 371 ιιι.
2450 342 2521 355 --
2552 308 2963 369 EXEGETICA.

3590 312 3696 370 2i6

418 432 921 507 gentes’dispersos
953 444 971 484 :
1001 428 1057 485 in
1102 428 1301 500 quibus
1331 441 1463 486 vere
1490 428 1754 487 sublimes
1785 430 2006 501 quidam

2115 433 2209 487 καὶ
2239 430 2378 507 πρὸς
2408 430 2646 495 οἰκείους
2671 430 2831 495 τινὰς
2862 428 2959 485 καὶ
2988 428 3252 502 ἀδελφοὺς
3278 429 3694 497 ἀπεστέλλοντο,

415 535 599 595 erant,
624 527 676 581 in
708 524 857 581 nulla
900 524 1057 581 ﬁrma
1107 538 1169 579 re
1206 521 1598 586 consistentes,
1621 538 1688 577 ac
1716 533 2003 589 errantes,

418 617 511 686 qui
562 617 712 673 omni
761 615 1166 685 superstitionis
1221 622 1388 670 vento
1450 614 2001 671 circumferebantur.

417 710 584 764 iidem
613 722 781 777 porro
809 723 943 779 gens
971 708 1156 777 gravis
1184 717 1366 772 erant,
1399 707 1502 777 pia:
1527 707 1814 778 religionis
1838 710 2007 763 verbo

419 798 606 853 infesti
640 807 696 854 et
722 798 954 855 inimici.
989 782 1100 855 llos
1152 805 1329 853 tamen
1361 805 1419 853 ut
1452 797 1653 853 adeant
1684 798 1862 853 nuntii
1909 812 2001 853 ve-

420 890 569 946 loces
595 892 864 961 praeripit,
897 906 961 947 ac
991 891 1099 947 illis
1125 892 1450 961 praedicent,
1491 902 1545 947 et
1590 906 1771 963 usque
1800 892 1869 947 ad
1908 906 2006 947 ex-

419 992 597 1037 trema
642 990 804 1038 terrae
880 985 1203 1053 pervadant.
1253 985 1617 1052 Quamobrem
1678 984 2004 1054 subiungit,

426 1092 451 1127 ι
486 1071 623 1140 Quis
647 1073 793 1129 ultra
818 1073 1013 1137 illum?
1050 1094 1070 1128 ι
1098 1075 1215 1131 sive
1257 1076 1555 1130 secundum
1586 1072 2000 1146 Symmachum,

426 1187 447 1220 ι
482 1167 613 1223 Post
644 1183 809 1238 quem
841 1184 951 1224 non
979 1176 1065 1224 est
1090 1168 1257 1223 ultra.
1285 1187 1305 1222 ι
1328 1167 1454 1224 Haec
1486 1176 1671 1223 autem
1719 1181 1853 1239 gens
1907 1181 2005 1238 pe-

419 1263 639 1334 regrina
662 1270 720 1317 et
753 1262 1025 1326 sublimis,
1075 1262 1196 1318 sine
1229 1275 1328 1330 spe
1360 1261 1629 1332 degebat;
1665 1260 1741 1317 ita
1770 1267 1834 1314 ut
1857 1259 2008 1316 dicat

417 1356 735 1428 Apostolus,
774 1374 796 1409 ι
819 1356 1050 1412 Eramus
1080 1355 1378 1426 aliquando
1403 1368 1559 1411 spem
1596 1368 1702 1410 non
1743 1355 2009 1411 habentes

417 1459 477 1504 et
507 1449 656 1505 athei
695 1449 752 1504 in
784 1448 985 1504 mundo
1007 1448 1074 1504 ⁸⁸.
1102 1466 1123 1500 ι

2110 522 2248 578 ἀλλά
2293 522 2431 595 πρός
2469 538 2623 586 τινας
2659 519 3106 591 ἀπεξενωμένους
3140 520 3454 589 ἀγνώστους
3495 520 3697 594 ἄνδρας

2112 615 2208 669 καὶ
2235 614 2567 683 ἀλλογενεϊς,
2599 614 2725 678 τοὺς
2747 614 2805 667 ἐν
2828 613 2964 666 πᾶσι
2988 614 3104 676 τοῖς
3124 610 3334 667 ἔθνεσι·
3365 615 3424 667 ἐν
3447 607 3531 679 οἷς
3554 609 3697 685 ἦσαν

2117 708 2389 780 μετέωροι
2420 704 2659 778 ἀληθῶς,
2693 706 2787 760 ἐπὶ
2819 706 2986 778 μηδὲν
3013 705 3227 777 έδραίου
3269 706 3523 773 ἑστῶτες,
3553 707 3697 761 πλα-

2116 800 2346 871 νώμενοι
2386 800 2483 853 καὶ
2514 799 2936 872 περιφερόμενοι
2976 800 3141 852 παντὶ
3173 798 3360 870 ἀνέμῳ
3397 798 3500 869 τῆς
3529 798 3699 853 πολυ-

2117 891 2242 945 θέου
2281 892 2510 963 πλάνης.
2554 894 2617 945 Oi
2636 892 2693 945 δ’
2726 892 2880 945 αὐτοὶ
2918 891 3015 945 καὶ
3061 890 3296 961 χαλεπὸν
3341 890 3494 955 ἔθνος
3531 885 3699 963 ἦσαν,

2112 983 2324 1056 ἐχθρῶς
2351 984 2447 1039 καὶ
2478 984 2751 1065 πολεμίως
2771 984 3099 1056 διακείμενοι
3120 984 3259 1053 πρὸς
3276 984 3369 1037 τὸν
3387 983 3491 1055 τῆς
3509 984 3669 1040 θεοσσ
3692 1014 3699 1023 ·

2111 1076 2265 1141 ϐείας
2292 1076 2471 1145 λόγον.
2499 1076 2690 1146 Ὅμως
2718 1075 2763 1128 δ’
2788 1070 2883 1129 οῦν
2917 1074 3054 1147 πρὸς
3076 1073 3298 1139 τούτους
3325 1077 3702 1148 παρακελεύε-

2111 1168 2204 1222 ται
2243 1168 2465 1222 ἀπιέναι
2506 1168 2631 1231 τοὺς
2663 1165 2929 1235 ἀγγέλους
2967 1165 3205 1235 κούφους
3231 1166 3324 1219 καὶ
3348 1166 3560 1232 τούτοις
3590 1186 3700 1240 κη-

2117 1259 2349 1333 ρύττειν,
2387 1259 2684 1314 διαϐαίνειν
2710 1258 2769 1312 δὲ
2817 1259 2911 1312 καὶ
2948 1257 3041 1311 ἐπὶ
3084 1257 3153 1311 τὰ
3186 1257 3398 1329 πέρατα
3438 1258 3539 1331 τῆς
3566 1260 3698 1331 γῆς.

2114 1354 2208 1407 Διὸ
2229 1352 2495 1422 ἐπιλέγει,
2517 1371 2536 1404 ‹
2560 1350 2657 1416 Τίς
2678 1351 2842 1406 αὐτοῦ
2863 1350 3120 1405 ἐπέκεινα
3138 1367 3153 1414 ;
3178 1369 3197 1404 ι
3223 1351 3256 1423 ἢ
3279 1351 3423 1405 κατά
3442 1351 3533 1406 τὸν
3553 1352 3704 1424 Σύμ-

2120 1450 2313 1518 μαχον,
2354 1464 2373 1498 ι
2394 1443 2532 1500 Μεθ’
2560 1444 2621 1499 δν
2656 1444 2757 1498 οὐκ
2799 1443 2945 1497 ἔστιν
2978 1443 3254 1497 ἐπέκεινα.
3286 1464 3305 1498 ι
3340 1444 3511 1499 Τοῦτο
3546 1444 3605 1499 δέ
3636 1444 3702 1499 τὸ

419 1544 833 1617 ἀπεξενωμένον
876 1545 973 1600 καὶ
1016 1545 1292 1618 μετέωρον
1339 1545 1516 1614 ἔθνος,
1587 1545 1683 1600 καὶ
1724 1543 2045 1601 ἀνέλπιστον
2079 1539 2179 1616 ἦν·
2239 1543 2317 1609 ὡς
2346 1541 2527 1613 λέγειν
2556 1540 2649 1595 τὸν
2689 1540 3011 1597 Ἀπόστολον
3032 1558 3046 1572 ·
3091 1559 3112 1593 r
3144 1536 3327 1613 *Ημέν
3366 1560 3471 1597 που
3505 1541 3702 1599 ἐλπίδα

424 1638 501 1710 μὴ
533 1635 766 1708 ἔχοντες,
797 1637 894 1691 καὶ
926 1637 1075 1693 ἄθεοι
1106 1641 1165 1693 ἐν
1193 1638 1271 1711 τῷ
1298 1639 1510 1713 κόσμῳ.
1532 1659 1552 1692 ι

494 1733 661 1789 Vens.
697 1733 751 1787 5.
787 1751 807 1784 ι
854 1731 1007 1789 Νιιηο
1040 1732 1261 1791 ﬂumina
1290 1745 1454 1792 terrae
1502 1735 1687 1791 omnia
1727 1746 2010 1808 tamquam

2189 1750 2211 1781 ι
2238 1728 2354 1785 Νῦν
2384 1730 2435 1783 οἱ
2466 1728 2701 1801 ποταμοὶ
2731 1728 2830 1800 τῆς
2860 1727 2965 1800 γῆς
2992 1727 3195 1792 πάντες
3224 1727 3301 1791 ὡς
3328 1725 3480 1799 χώρα
3508 1743 3701 1781 κατοι-

419 1827 571 1896 regio
602 1827 849 1881 habitata
878 1845 892 1881 :
928 1827 1271 1883 habitabitur
1292 1828 1444 1899 regio
1472 1843 1683 1884 eorum.
1727 1849 1747 1883 ι
1781 1829 2010 1887 Videtur

2115 1821 2384 1895 κουμένη’
2420 1818 2900 1891 κατοικισθήσεται
2943 1820 2978 1890 ή
3012 1816 3168 1890 χώρα
3209 1816 3409 1873 αὐτῶν.
3442 1837 3462 1870 ι
3517 1818 3704 1872 Δίνίτ-

417 1918 555 1973 mihi
579 1918 950 1984 subindicare,
997 1918 1310 1976 (luminibus
1332 1920 1576 1991 quidem,
1607 1923 2008 1978 multitudinem

419 2010 667 2081 gentium
690 2026 810 2079 quae
834 2011 1000 2065 Deum
1026 2011 1323 2081 cognitum
1344 2021 1471 2067 sunt
1496 2028 1512 2078 ;
1545 2014 1857 2084 regionibus
1882 2031 2011 2072 vero

418 2114 636 2167 earum,
679 2102 942 2158 ecclesias
997 2121 1012 2158 :
1067 2104 1522 2172 quemadmodum
1573 2105 1719 2160 enim
1763 2108 2011 2174 superius

418 2192 677 2251 luctibus
738 2196 944 2275 maris,
996 2192 1366 2265 ﬂuctibusque
1410 2196 1665 2262 turbatis,
1710 2198 2009 2254 inﬁdelium

417 2285 663 2356 gentium
687 2285 877 2340 turbas
898 2284 1269 2354 comparavit;
1303 2284 1383 2341 sic
1414 2294 1469 2339 et
1504 2300 1649 2342 nunc
1677 2284 1857 2341 ﬂuviis
1885 2287 2010 2342 dul-

420 2374 580 2432 cibus
615 2376 939 2447 placideque
969 2376 1345 2442 manantibus,
1371 2376 1575 2433 Christi
1607 2378 1832 2449 pepulos
1856 2378 2011 2435 simi-

418 2467 504 2525 les
560 2467 667 2534 ait;
726 2483 826 2539 per
855 2469 1131 2539 regionem
1171 2478 1355 2524 autem
1416 2484 1628 2537 eorum,
1665 2471 1872 2527 indicat
1907 2472 2012 2527 Ec-

419 2561 668 2619 clesiam.
697 2561 840 2618 Olim
864 2578 997 2634 ergo
1025 2563 1215 2618 isthac
1240 2562 1463 2618 llnmina
1498 2562 1804 2621 inbabitata
1830 2574 2009 2633 erant,

422 2664 481 2711 et
501 2670 531 2711 a
554 2653 667 2711 Deo
702 2655 881 2712 aliena
906 2672 922 2721 ;
952 2672 1015 2711 ac
1047 2658 1199 2729 regio
1220 2674 1409 2715 eorum
1433 2660 1520 2730 pia
1546 2659 1809 2732 religione
1838 2676 2011 2717 vacua

422 2754 481 2802 et
504 2748 722 2805 deserta
750 2764 765 2812 ;
790 2746 901 2817 iam
928 2762 1060 2803 vero
1090 2764 1192 2819 per
1222 2760 1491 2817 nostram,
1524 2752 1719 2822 inquit,
1751 2753 2013 2824 pradica-

421 2837 656 2904 tionem,
687 2847 984 2893 memorata
1022 2837 1244 2894 ﬂumina
1273 2850 1329 2895 et
1344 2841 1503 2911 regio
1523 2856 1735 2909 eorum,
1776 2843 1832 2897 in
1858 2842 2013 2898 habi-

422 2938 597 2985 tatam
629 2938 830 2987 terram
861 2944 1016 2985 versa
1046 2939 1195 2986 sunt.
1237 2932 1293 2987 Id
1323 2947 1488 3001 porro
1537 2935 1855 3005 procurabit
1906 2935 2012 2993 illis

420 3018 630 3076 Christi
664 3020 878 3093 signum
908 3039 923 3078 :
953 3041 973 3075 ι
1026 3020 1208 3079 Veluti
1259 3024 1473 3096 signum
1520 3042 1550 3081 a
1602 3036 1789 3085 monte
1830 3027 2011 3085 eleva-

421 3112 593 3168 bitur.
631 3132 650 3166 ι

505 3201 667 3259 Vens.
693 3202 748 3259 4.
783 3221 801 3256 ι
829 3203 1111 3275 Tanquam
1165 3204 1415 3264 buccina:
1436 3224 1539 3266 vox
1563 3210 1854 3266 audietur:
1887 3212 2014 3283 quia

423 3293 505 3351 sic
537 3294 678 3351 dixit
718 3295 984 3353 Dominus
1031 3297 1166 3353 mihi
1192 3314 1209 3352 :
1239 3298 1519 3357 Securitas
1562 3303 1671 3358 erit
1702 3303 1755 3358 in
1786 3320 1905 3360 mea
1937 3306 2017 3360 ci—

421 3387 617 3442 vitate.
650 3406 671 3442 »
707 3387 974 3445 Praedicta
1031 3391 1186 3461 regio
1231 3407 1351 3447 mea
1400 3392 1615 3449 Domini
1676 3395 1869 3452 civitas
1893 3407 2014 3452 est:

424 3488 599 3546 quare
633 3478 906 3533 securitas
938 3479 993 3533 in
1027 3494 1091 3535 ea
1121 3481 1249 3545 erit,
1305 3488 1496 3551 utpote
1526 3485 1871 3539 custodiente
1902 3500 2011 3549 me,

426 3576 483 3624 et
510 3568 753 3639 undique
777 3568 925 3624 illam
954 3578 1199 3638 tutante;
1226 3571 1303 3626 ita
1340 3571 1539 3641 utjure
1562 3573 1630 3628 d'e
1656 3573 1746 3628 illa
1779 3575 2014 3643 dicatur,

429 3658 725 3717 sGloriosa
746 3660 888 3716 dicta
912 3670 1040 3717 sunt
1071 3664 1139 3718 de
1161 3672 1235 3727 te,
1259 3663 1453 3720 civitas
1482 3663 1574 3721 Dei
1598 3665 1644 3697 ⁸⁸
1671 3683 1686 3733 ;
1714 3684 1733 3718 ι
1758 3676 1812 3721 et
1840 3685 1859 3718 ι
1884 3666 2016 3721 Flu-

425 3752 596 3808 minis
634 3752 873 3823 impetus
922 3753 1206 3811 ltetiiicant
1252 3756 1534 3813 civitatem
1566 3758 1681 3813 Dei.
1718 3756 1897 3815 Veluti
1924 3760 2017 3815 lux

426 3854 594 3899 aestus
630 3845 944 3911 meridiani,
974 3855 1031 3901 et
1065 3855 1128 3902 ut
1159 3849 1337 3904 nubes
1368 3850 1511 3904 roris
1542 3850 1647 3905 diei
1681 3852 1875 3907 messis
1906 3851 2009 3905 ⁸⁸.»

428 3933 511 3988 Ab
538 3933 847 4003 huiusmodi
871 3936 1016 4001 luce,
1041 3952 1165 4008 qua:
1190 3939 1349 4008 quasi
1390 3949 1556 3997 aestus
1596 3941 1932 3997 meridianus
1956 3943 2011 3997 in

425 4024 651 4081 civitate
677 4041 797 4081 mea
834 4027 1148 4099 effunditur,
1191 4031 1346 4098 nihil,
1388 4032 1584 4103 inquit,
1638 4033 1846 4088 civitati
1883 4049 2017 4089 meae

428 4114 617 4172 damni
646 4118 906 4185 infertur,
938 4136 1117 4191 neque
1142 4122 1296 4177 dolor
1326 4123 1395 4179 iis
1430 4125 1525 4194 qui
1559 4124 1871 4195 huiusmodi
1897 4125 2017 4181 luce

424 4207 852 4279 perfunduntur.
870 4211 986 4267 Lux
1009 4215 1175 4283 igitur
1196 4214 1304 4280 illa,
1329 4226 1413 4271 est
1433 4216 1608 4287 ipsum
1630 4219 1725 4274 Dei
1751 4219 2014 4289 Verbum,

425 4304 571 4372 quod
594 4304 894 4361 Ecclesiam
923 4308 1041 4379 ejus
1068 4324 1285 4379 semper
1309 4311 1613 4381 illuminat;
1642 4314 1812 4371 nubes
1832 4326 2013 4370 autem

2110 1914 2301 1969 τεσθαι
2352 1914 2409 1967 δὲ
2442 1912 2531 1967 διὰ
2575 1912 2784 1967 τούτων
2837 1929 2927 1982 μοι
2958 1911 3105 1965 δοκεῖ
3152 1911 3434 1982 ποταμοὺς
3486 1910 3584 1980 μὲν
3630 1911 3705 1964 τά

2111 2005 2293 2079 πλήθη
2317 2005 2425 2060 τῶν
2449 2004 2540 2059 τὸν
2570 2004 2703 2058 Θεὸν
2734 2002 3187 2074 ἐπιγνωσομένων
3212 2000 3358 2055 λαῶν
3377 2018 3391 2032 ο
3422 1998 3609 2073 χώρας
3640 2000 3706 2055 δὲ

2117 2096 2301 2151 αὐτῶν
2355 2095 2457 2160 τὰς
2506 2094 2828 2167 ἐκκλησίαςο
2877 2094 2955 2158 ὡς
3035 2092 3145 2165 γάρ
3186 2093 3443 2165 ἀνωτέρω
3490 2091 3706 2164 κύμασι

2113 2190 2412 2260 θαλάσσης,
2444 2187 2539 2241 καὶ
2565 2187 2775 2259 κύμασι
2806 2186 3241 2257 τεταραγμένοις
3275 2185 3344 2240 τά
3373 2185 3551 2257 πλήθη
3590 2185 3707 2240 τῶν

2112 2283 2359 2337 ἀπίστων
2404 2280 2574 2336 ἐθνῶν
2614 2280 2942 2353 παρέϐαλεν,
2976 2279 3119 2333 οὕτω
3148 2279 3243 2333 νῦν
3277 2281 3542 2351 ποταμοῖς
3569 2278 3707 2347 γλυ-

2111 2375 2234 2429 κέσι
2276 2375 2372 2429 καὶ
2412 2372 2690 2438 εὐσταθῶς
2730 2372 3071 2444 κινουμένοις
3113 2374 3239 2437 τοὺς
3270 2369 3507 2444 Χριστοῦ
3534 2370 3707 2435 λαοὺς

2112 2472 2386 2542 ἀφομοιοῖ,
2436 2468 2623 2543 χώραν
2670 2468 2849 2522 αὐτῶν
2903 2466 3150 2541 δηλώσας
3188 2468 3291 2541 τὴν
3346 2465 3705 2539 Ἐκκλησίαν.

2111 2564 2289 2619 Πάλαι
2337 2564 2435 2635 μέν
2476 2556 2569 2617 οῦν
2606 2557 2749 2635 ἦσαν
2780 2562 2830 2615 ci
2864 2561 3098 2632 ποταμοὶ
3127 2554 3272 2615 οῦτοι
3304 2558 3569 2629 ἀοίκητοι,
3607 2558 3708 2613 καὶ

2112 2656 2383 2729 ἀλλότριοι
2411 2653 2569 2720 Θεοῦ,
2592 2653 2628 2725 ἦ
2653 2670 2711 2707 τε
2740 2651 2895 2725 χώρα
2916 2652 3097 2706 αὐτῶν
3124 2652 3221 2725 ἔρη
3232 2668 3329 2724 μος
3356 2650 3670 2715 θεοσεϐείας
3686 2666 3706 2682 °

2113 2749 2230 2804 νυνὶ
2272 2748 2331 2803 δέ
2383 2748 2473 2802 διὰ
2530 2746 2625 2801 τοῦ
2670 2745 2962 2818 ἡμετέρου,
3015 2745 3176 2816 φησὶ,
3227 2743 3603 2816 κηρύγματος,
3653 2744 3709 2797 οἱ

2112 2843 2443 2916 δηλωθέντες
2476 2840 2711 2912 ποταμοὶ
2743 2838 2838 2893 καὶ
2866 2839 2900 2910 ἡ
2933 2835 3089 2909 χώρα
3120 2836 3300 2891 αὐτῶν
3338 2838 3418 2900 είς
3449 2833 3710 2907 οἰκουμέ-

2114 2955 2214 3010 νην
2241 2935 2377 2989 ἐστί.
2404 2931 2735 3007 Προξενήσει
2762 2931 2821 2985 δὲ
2852 2930 3011 2985 τοῦτο
3039 2930 3223 2995 αὐτοῖς
3242 2928 3305 2983 τὺ
3338 2927 3431 2983 τοῦ
3460 2926 3707 3002 Χριστοῦ

2117 3028 2370 3100 σημεῖον
2408 3043 2428 3078 ι
2462 3025 2609 3079 Ὠσεὶ
2637 3025 2863 3097 σημεῖον
2892 3022 3001 3078 ἀπὸ
3037 3021 3199 3094 ὅρους
3235 3019 3396 3093 ἀρθῇ.
3426 3039 3447 3073 ι

2192 3225 2212 3260 ι
2249 3205 2338 3269 Ὠς
2372 3204 2673 3273 σάλπιγγος
2724 3202 2877 3276 φωνὴ
2926 3201 3188 3258 ἀκουστὸν
3220 3201 3408 3257 ἔσται*
3444 3200 3579 3256 διότι
3612 3202 3708 3257 οῦ-

2114 3316 2224 3363 τως
2261 3293 2383 3353 εἶπε
2426 3296 2633 3368 Κύριός
2677 3313 2797 3368 μοι’
2843 3295 3137 3366 Ἀσφάλεια
3181 3294 3335 3349 ἔσται
3372 3296 3431 3348 ἐν
3470 3296 3537 3366 τῇ
3591 3295 3706 3367 ἐμῇ

2115 3390 2289 3444 πόλει.
2314 3409 2333 3442 ι
2392 3390 2458 3443 Ἦ
2499 3390 2556 3443 δὲ
2599 3389 2958 3461 προλεχθεῖσα
3000 3388 3154 3460 χώρα
3205 3388 3312 3460 ἐμὴ
3359 3387 3453 3441 τοῦ
3495 3387 3709 3459 Κυρίου

2116 3481 2234 3536 ἐστὶ
2259 3482 2443 3547 πόλις·
2481 3481 2563 3535 διὸ
2593 3481 2862 3551 ἀσφάλεια
2895 3481 3049 3535 ἔσται
3079 3482 3138 3533 ὲν
3170 3481 3329 3552 αὐτῇ,
3358 3479 3435 3544 ὡς
3471 3478 3537 3533 ἂν
3566 3480 3707 3551 ἐμοῦ

2115 3574 2474 3643 φυλάττοντος
2512 3576 2605 3628 καὶ
2651 3572 2985 3644 πανταχόθεν
3020 3572 3191 3645 αὐτὴν
3231 3572 3707 3644 ἀσφαλιζομένουο

2117 3666 2258 3721 ὥστε
2289 3668 2515 3732 εἰκότως
2571 3666 2700 3738 περὶ
2745 3665 2916 3737 αὐτῆς
2958 3664 3243 3734 λέγεσθαιο
3283 3665 3709 3737 «Δεδοξασμένα

2117 3758 2351 3831 ἐλαλήθη
2388 3759 2516 3831 περὶ
2549 3756 2666 3825 σοῦ,
2701 3759 2736 3831 ή
2791 3757 2946 3821 πόλις
2992 3757 3087 3811 τοῦ
3133 3755 3292 3823 Θεοῦ,
3326 3777 3344 3810 ι
3381 3758 3504 3811 καὶ·
3549 3776 3567 3808 ι
3593 3756 3709 3811 Τοῦ

2118 3851 2365 3922 ποταμοῦ
2412 3850 2481 3905 τὰ
2526 3852 2828 3922 ὀρμήματα
2870 3850 3222 3922 εὐφραίνουσι
3259 3852 3360 3923 τὴν
3398 3849 3556 3903 πόλιν
3606 3850 3708 3907 τοῦ

2115 3942 2273 3997 Θεοῦ.
2309 3941 2398 4006 Ὠς
2425 3942 2542 4011 φῶς
2573 3940 2852 4013 καύματος
2882 3942 3248 4015 μεσημϐρίας,
3270 3941 3364 3995 καὶ
3395 3941 3471 4005 ὡς
3501 3940 3707 4013 νεφέλη

2115 4034 2308 4108 δρόσου
2366 4035 2581 4107 ἡμέρας
2632 4033 2865 4105 ἀμητοῦ.
2892 4053 2911 4087 ι
2965 4034 3220 4088 Τοιούτου
3273 4034 3330 4088 δὲ
3382 4033 3561 4105 φωτὸς
3606 4033 3709 4089 καὶ

2116 4126 2306 4200 ὥσπερ
2338 4128 2620 4197 καύματος
2670 4124 3043 4197 μεσημϐρινοῦ
3074 4126 3367 4198 γενομένου
3402 4127 3460 4180 ἐν
3493 4128 3559 4197 τῇ
3594 4127 3708 4199 ἐμῇ

2116 4220 2291 4288 πόλει,
2339 4221 2439 4274 οὐκ
2486 4218 2622 4285 ἔστι,
2669 4219 2823 4292 φησι,
2876 4219 3070 4292 βλάϐη,
3105 4218 3225 4272 οὐδέ
3261 4217 3406 4290 λύπη
3452 4221 3564 4283 τοῖς
3599 4218 3709 4272 ὐπὸ

2114 4312 2343 4383 τοιούτῳ
2376 4312 2515 4381 φωτὶ
2548 4310 3067 4382 καταυγαζομένοις.
3115 4310 3236 4375 Φῶς
3272 4311 3370 4381 μέν
3410 4305 3503 4364 οῦν
3544 4308 3712 4374 αὐτός

424 4401 594 4465 roris,
624 4399 863 4471 Spiritus
883 4412 1131 4470 sanctus,
1148 4404 1239 4473 qui
1264 4419 1573 4475 supremam
1598 4408 1863 4480 unigeniti
1887 4407 2010 4462 Filii

2118 4405 2267 4458 ἐστιν
2295 4406 2324 4458 6
2349 4403 2442 4458 τοῦ
2470 4403 2606 4457 Θεοῦ
2638 4403 2829 4473 Λόγος,
2859 4406 2887 4457 6
2914 4403 3012 4475 τὴν
3039 4403 3366 4475 Ἐκκλησίαν
3390 4400 3555 4456 αὐτοῦ
3583 4402 3710 4455 δια-

424 4488 522 4548 Dei
570 4492 920 4565 theologiam,
957 4495 1047 4562 iis,
1102 4499 1196 4567 qui
1228 4513 1351 4552 eant
1401 4513 1602 4570 capere
1656 4514 1762 4554 non
1789 4499 2013 4567 valent,

427 4584 755 4641 adumbrate
796 4587 988 4654 tradit,
1024 4598 1085 4642 ut
1124 4599 1544 4661 attemperatum
1583 4591 1861 4661 quidpiam
1894 4591 2014 4647 elli-

423 4674 624 4741 Ciatur,
639 4674 804 4731 altam
824 4687 879 4732 et
900 4693 1169 4733 summam
1194 4681 1262 4736 de
1273 4681 1493 4736 Christo
1514 4681 1842 4751 theologiam
1869 4695 2015 4737 com-

427 4764 708 4835 plectens;
737 4766 901 4837 idque
925 4784 993 4824 ex
1020 4785 1245 4826 accessu
1293 4772 1574 4839 cujusdam
1626 4773 1784 4827 nubis
1835 4773 2010 4829 sancti

426 4857 686 4927 Spiritus.
718 4858 845 4915 Haec
880 4876 1047 4931 porro
1076 4872 1204 4917 ante
1233 4878 1465 4919 messem
1506 4862 1687 4917 futura
1722 4864 1965 4933 prmdicit
1992 4882 2013 4918 -.

427 4950 533 5006 hac
576 4951 789 5007 ratione
829 4952 1037 5010 fructus
1068 4956 1122 5009 in
1154 4954 1396 5011 Ecclesia
1425 4956 1519 5010 Dei
1553 4956 1879 5026 pullulantes
1933 4958 2012 5012 si-

425 5045 720 5113 gniﬁcans,
755 5047 845 5116 qui
885 5049 1063 5102 instar
1091 5050 1366 5119 spicarum
1390 5047 1782 5104 eﬂlorescunt:
1818 5066 1923 5118 qua
1947 5050 2013 5104 de

422 5154 483 5192 re
512 5140 765 5210 superius
801 5140 846 5171 ⁸⁷
881 5142 997 5196 haec
1024 5141 1364 5207 declarabat,
1405 5163 1424 5195 ι
1463 5143 1531 5198 Ει
1559 5142 1891 5197 iactabuntur
1920 5159 2015 5198 co-

423 5244 540 5292 rain
580 5242 653 5297 te,
680 5230 824 5286 sicut
862 5232 955 5302 qui
991 5232 1246 5287 lmtantur
1282 5234 1334 5288 in
1367 5249 1564 5289 messe.
1606 5252 1625 5285 ι
1659 5234 1727 5288 Ει
1760 5232 2013 5289 Salvator

422 5318 676 5375 sitnilite'r
714 5336 841 5376 cum
899 5322 1129 5388 diceret,
1165 5342 1186 5376 t
1213 5323 1419 5379 Levate
1465 5326 1654 5381 oculos
1693 5335 1924 5389 vestros,
1955 5332 2012 5379 et

2121 4495 2324 4560 παντὸς
2369 4495 2652 4565 φωτίζων·
2704 4495 2902 4565 νεφέλη
2939 4494 2996 4548 δὲ
3045 4494 3237 4567 δρόσου
3280 4495 3342 4548 τὸ
3385 4494 3612 4565 Πνεῦμα
3644 4494 3710 4548 τὸ

2123 4588 2299 4658 ἆγιον,
2335 4588 2397 4641 τὸ
2428 4586 2527 4659 τὴν
2570 4585 2745 4659 ἄκραν
2762 4586 3040 4656 θεολογίαν
3084 4587 3178 4640 τοῦ
3217 4585 3543 4658 μονογενοῦς
3570 4586 3710 4641 Υίοῦ

2111 4681 2206 4735 τοῦ
2236 4679 2373 4734 Θεοῦ
2400 4682 2511 4744 τοῖς
2534 4678 2609 4751 μὴ
2644 4680 2780 4744 οἵοις
2809 4698 2868 4734 τε
2906 4681 3077 4753 αὐτὴν
3122 4683 3318 4751 χωρεῖν
3362 4677 3710 4748 ἐπισκιάζον,

2112 4772 2189 4836 ὡς
2222 4772 2563 4844 κεκραμένον
2594 4773 2975 4827 ἀποτελεῖσθαί
3017 4790 3069 4826 τι
3104 4772 3236 4826 πολὺ
3270 4772 3364 4826 καὶ
3404 4772 3713 4845 ἀκρότατον

2108 4869 2209 4937 τῆς
2235 4865 2364 4939 περὶ
2390 4865 2627 4939 Χριστοῦ
2661 4865 2957 4936 θεολογίας,
2975 4865 3060 4919 διά
3088 4866 3186 4937 τὴν
3218 4864 3312 4919 τοῦ
3344 4866 3499 4935 ἁγίου
3533 4864 3708 4920 Πνεύ-

2120 4974 2289 5028 ματος
2347 4957 2587 5031 ὡσπερεί
2618 4975 2765 5021 τινος
2788 4957 3015 5029 νεφέλης
3039 4957 3371 5029 ὑποδρομήν.
3399 4956 3510 5009 Καὶ
3531 4956 3710 5012 ταῦτα

2114 5049 2336 5105 ἔσεσθαί
2379 5067 2512 5122 φησι
2548 5050 2655 5123 πρὸ
2687 5049 2781 5103 τοῦ
2827 5048 3125 5121 θερισμοῦο
3161 5047 3349 5102 τοῦτον
3393 5046 3569 5119 δηλῶν
3611 5047 3713 5102 τὸν

2114 5144 2318 5214 τρόπον
2357 5144 2457 5206 τὰς
2490 5145 2549 5198 ἐν
2583 5146 2702 5209 ταῖς
2761 5142 3079 5213 ἐκκλησίαις
3117 5141 3209 5196 τοῦ
3244 5140 3381 5195 Θεοῦ
3423 5158 3711 5213 καρποφο-

2116 5234 2259 5305 ρίας,
2289 5234 2445 5305 δίκην
2479 5234 2725 5306 σταχύων
2757 5233 3052 5299 άνθούσας·
3088 5235 3218 5305 περὶ
3244 5228 3308 5288 οῦ
3332 5233 3423 5287 καὶ
3447 5232 3711 5304 ἀνωτέρω

2114 5326 2302 5397 ἐδήλου
2332 5326 2539 5396 λέγων’
2564 5346 2582 5378 ι
2618 5326 2722 5381 Καὶ
2754 5326 3215 5398 εὐφρανθήσονται
3234 5324 3462 5380 ἐνώπιόν
3494 5325 3710 5390 σου,ὡς

421 5411 601 5467 videte
628 5427 811 5483 agros,
840 5417 1101 5485 quoniam
1164 5417 1271 5473 albi
1320 5428 1450 5473 sunt
1502 5420 1571 5473 ad
1622 5434 1852 5474 messem
1879 5418 1944 5469 ⁸⁸.
1983 5435 2003 5469 ι

2115 5418 2162 5470 οί
2188 5418 2605 5490 εὐφραινόμενοι
2655 5420 2714 5472 ἐν
2762 5416 2980 5490 ἁμητῷ.
3013 5437 3034 5470 ι
3085 5418 3198 5473 Καὶ
3228 5421 3256 5472 6
3286 5417 3477 5490 Σωτὴρ
3501 5417 3711 5489 ὁμοίως

419 5500 541 5557 Erit
569 5501 754 5571 itaque
802 5505 894 5561 lux
925 5507 1229 5564 divinitatis
1279 5509 1471 5575 Verbi,
1507 5511 1562 5565 in
1608 5513 1727 5582 ejus
1760 5510 2006 5574 civitate,

2109 5506 2176 5561 δι’
2201 5500 2276 5562 ὧν
2304 5508 2489 5578 ἔλεγεν
2513 5527 2526 5539 ·
2562 5529 2581 5562 ι
2620 5510 2892 5583 Ἐπάρατε
2915 5511 3041 5576 τοὺς
3070 5510 3384 5582 ὀφθαλμοὺς
3412 5509 3587 5581 ὐμῶν,
3610 5510 3711 5564 καὶ

419 5607 529 5647 non
560 5600 862 5665 temperata
887 5598 1040 5668 quasi
1064 5598 1254 5671 vigens
1275 5608 1334 5656 et
1359 5601 1696 5672 meridiana;
1725 5602 1853 5673 quia
1878 5614 2009 5655 vero

2115 5597 2251 5653 ῐδετε
2298 5599 2398 5664 τάς
2432 5599 2639 5671 χώρας,
2682 5601 2765 5655 ὃτι
2804 5600 2993 5655 λευκαί
3046 5602 3153 5655 είσι
3201 5600 3340 5671 πρὸς
3372 5600 3654 5674 θερισμόν.
3682 5604 3782 5692 sf:

490 5772 538 5806 “
556 5772 755 5846 Ephes.
786 5792 846 5848 ll,
876 5778 993 5857 ιλ
1036 5781 1081 5814 ⁸⁸
1113 5779 1254 5840 Psal.
1287 5799 1509 5852 LXXXVI,
1532 5783 1585 5841 5.
1664 5784 1709 5825 ⁸⁸
1741 5784 1879 5843 Psal.
1920 5800 2010 5841 xm

2115 5824 2119 5843 .
2181 5786 2238 5868 :7
2270 5786 2401 5855 Cap.
2432 5800 2507 5855 rx,
2533 5799 2671 5843 vers.
2699 5786 2753 5841 5.
2824 5785 2868 5820 ⁸⁸
2908 5783 3061 5841 Joan.
3097 5803 3163 5849 ιν,
3220 5786 3307 5841 55’.
