3862 6210
191 314 297 372 217

1146 316 1656 379 COMMENTARIA
1690 319 1760 374 1N
1800 307 2060 375 ISAIAM'.
2098 353 2160 365 -
2199 319 2355 376 CAP.
2396 318 2590 378 xvm.

195 433 391 486 Ἐσται
440 430 622 485 τοίνυν
653 432 714 485 τὸ
748 433 847 503 μὲν
876 451 991 503 φως
1037 436 1139 507 τῆς
1180 437 1436 507 θεότητος
1479 434 1574 489 τοῦ
1605 436 1766 504 Λόγον.

1884 435 1953 490 ab
1977 436 2288 490 hominibus
2321 435 2440 504 capi
2470 433 2682 504 nequit,
2722 432 3071 491 intercedens
3094 433 3273 491 media
3306 450 3461 506 qua:-

189 526 429 594 ἀκρατον
458 524 651 597 ὥσπερ
694 527 929 597 ἀκμαῖον
962 530 1057 582 καὶ
1093 515 1461 603 μεσημϐρινὸν
1490 531 1548 582 ἐν
1584 532 1650 601 τῇ
1680 529 1777 582 αὑ-

188 615 285 667 τοῦ
311 615 465 668 πόλει
483 633 496 645 ·
530 614 619 670 διὰ
644 616 702 669 δὲ
732 617 796 671 τὸ
827 618 900 690 μὴ
932 621 1246 693 χωρηθῆναι
1275 622 1406 675 αὐτὸ
1433 621 1539 674 ὑπὸ
1565 619 1775 693 ἀνθρὼ-

188 722 329 772 πων,
361 706 507 779 μέση
533 706 819 763 διελθοῦσα
845 711 880 781 ἡ
907 710 1102 783 νεφέλη
1128 713 1223 766 τοῦ
1255 713 1413 781 ἁγίου
1434 711 1576 766 Πνεύ
1584 729 1774 782 ματος,

188 797 384 870 δρόσου
432 798 704 869 ἔμπλεως,
750 802 1059 858 ἐπισκιάσει
1107 804 1206 876 τὴν
1246 803 1417 875 αὐτὴν
1463 802 1640 863 πόλιν,
1665 802 1775 867 ἵνα,

187 890 266 953 ὡς
292 891 353 944 ἐν
380 891 620 963 ἡμέραις
645 893 1017 965 ἀμητοῦ,ταῖς
1048 897 1155 967 πρὸ
1176 896 1271 950 τοῦ
1301 895 1589 968 θερισμοῦ,
1610 892 1777 948 καὶτὸ

190 979 308 1049 φῶς
344 981 604 1055 ἐκλάμπῃ
638 986 733 1038 ml.
758 987 791 1057 ἡ
826 987 1021 1057 νεφέλη
1051 989 1343 1060 ἐπισκιάζῃ
1370 989 1560 1060 αὐτήν.

265 1090 287 1124 ι
321 1074 518 1127 Ἔσται
552 1075 659 1146 πρὸ
687 1076 783 1129 τοῦ
824 1077 1110 1150 θερισμοῦ,
1139 1079 1268 1133 ὅταν
1314 1078 1639 1151 συντελεσθῇ
1682 1078 1777 1133 ἄν·

191 1160 307 1225 θος,
346 1163 443 1217 καὶ
484 1164 667 1235 δμφαξ
713 1167 985 1242 ἐξανθήσῃ
1031 1169 1191 1233 ἄνθος
1232 1171 1643 1242 ὀμφακίζουσα⁶
1680 1170 1775 1225 καὶ

188 1256 387 1324 ἀφελεῖ
412 1256 481 1311 τά
509 1257 765 1328 βοτρύδια
787 1259 859 1313 τὰ
894 1262 1067 1333 μικρὰ
1088 1266 1201 1327 τοῖς
1221 1264 1530 1335 δρεπάνοις,
1562 1262 1777 1327 καὶτὰς

193 1347 534 1419 κληματίδας
562 1350 771 1420 ἀφελεῖ,
803 1353 899 1407 καὶ
935 1354 1484 1426 ἀποκόψει.›⁹Ὠσπερ
1507 1353 1636 1424 γὰρ,
1669 1369 1773 1424 φη-

190 1440 301 1503 σὶν,
330 1442 392 1495 ἐν
417 1443 538 1505 ταῖς
566 1443 852 1514 ἀμπέλοις,
884 1445 1104 1500 ἐπειδάν
1149 1446 1402 1516 ὄμφακες
1435 1441 1567 1500 ὦσιν
1608 1445 1777 1515 οίσβό-

186 1548 373 1602 τρυες,
426 1532 655 1598 ἐπιστάς
692 1536 721 1588 6
750 1537 994 1607 γεωργὸς
1034 1536 1105 1591 τὰ
1133 1539 1365 1610 περιττά
1388 1538 1482 1591 καὶ
1525 1538 1775 1610 ἄχρηστα

184 1621 297 1674 τῶν
336 1621 633 1692 κλημάτων
663 1625 944 1689 ἐκκόπτει,
969 1627 1031 1680 ού
1064 1627 1243 1696 μόνον,
1269 1626 1405 1681 ἀλλά
1431 1626 1527 1681 καὶ
1548 1626 1615 1681 τά
1645 1626 1773 1679 ἀτε-

183 1707 425 1779 λεσφόρα
449 1713 542 1764 καὶ
570 1711 815 1782 ὡσπερεὶ
842 1718 1161 1785 νεκριμαίαο
1193 1715 1288 1769 καὶ
1326 1714 1498 1768 ταῦτα
1527 1715 1659 1786 γὰρ,
1697 1714 1774 1778 ὡς

180 1805 285 1856 οὐκ
313 1803 382 1857 ἂν
410 1804 628 1869 ἀλκατα,
652 1805 772 1859 οὐδὲ
799 1806 1012 1878 ἀγαθὴν
1042 1807 1233 1877 ἔχοντα
1253 1807 1446 1862 ἐλπίδα
1469 1805 1607 1878 πρὸς
1633 1823 1771 1878 καρ-

180 1893 288 1946 ποῦ
335 1895 636 1961 τελείωσιν,
692 1900 967 1969 περιαιρεῖ
1014 1898 1293 1970 ἐπιστήμῃ
1328 1901 1631 1970 γεωργικῇ,
1680 1899 1769 1952 ἵνα

181 1986 259 2057 μὴ
300 1986 630 2059 λυμαίνηται
660 1991 771 2053 τοῖς
802 1989 1138 2062 ἐρρωμένοις
1166 1989 1387 2064 βότρυσι
1430 1990 1499 2044 τά
1538 1989 1769 2061 περιττὰ

178 2078 276 2132 καὶ
302 2079 585 2150 ἀχρηστα·
624 2081 759 2136 διότι
795 2080 971 2136 ταῦτα
1005 2082 1105 2153 μὲν
1130 2083 1356 2153 ἀφαιρεῖ
1396 2082 1490 2134 καὶ
1535 2081 1767 2152 παραδί-

172 2168 344 2225 δωσιν
390 2171 472 2235 είς
512 2171 715 2244 βρῶσιν
760 2192 780 2225 ι
802 2175 913 2237 τοῖς
955 2174 1219 2235 πετεινοῖς
1271 2171 1364 2225 τοῦ
1407 2172 1639 2245 ούρανοῦ
1673 2173 1767 2225 καὶ

174 2263 293 2322 τοῖς
320 2260 533 2333 θηρίοις
558 2263 661 2332 τῆς
689 2262 814 2333 γῆς,
845 2282 865 2314 ι
900 2264 969 2317 τά
1000 2263 1058 2316 δὲ
1085 2263 1177 2318 τὸν
1205 2263 1396 2335 ἐντελῆ
1429 2262 1767 2327 διασώζοντα

176 2352 396 2423 καρπὸν
423 2351 512 2406 διά
539 2353 722 2423 πάσης
751 2353 1068 2424 ἐπιμελείας
1113 2354 1368 2423 φυλάττει
1388 2371 1402 2384 ·
1451 2353 1593 2407 οῦτω
1625 2355 1766 2409 κατά

175 2443 271 2497 τὸν
318 2444 513 2515 καιρὸν
551 2443 643 2497 τοῦ
684 2444 947 2517 θερισμοῦ
972 2446 1297 2516 γενήσεσθαί
1333 2462 1485 2516 φησι,
1527 2445 1636 2500 τῶν
1666 2446 1767 2517 τῆς

175 2534 428 2605 ἀμπέλου
452 2536 723 2608 ’περιττῶν
743 2535 1059 2608 κλημάτων,
1077 2535 1293 2590 καὶτῶν
1314 2537 1602 2608 ἀχρήστων
1622 2537 1763 2607 αὐτῇ

175 2625 421 2700 βστρύων
464 2629 960 2701 περιαιρουμένων,
1012 2630 1106 2684 καὶ
1158 2631 1637 2701 ἀποκοπτομένων,
1685 2632 1766 2694 εἰς

175 2720 345 2793 βοράν
388 2738 448 2774 τε
495 2721 851 2794 ἐκδιδομὲνων
889 2725 1010 2787 ταῖς
1057 2723 1406 2786 κολαστικαϊς
1437 2721 1761 2792 δυνάμεσιν,

170 2815 223 2868 οἱ
275 2814 473 2882 ἀγαθοὶ
519 2814 762 2887 βότρυες,
793 2817 849 2870 αἱ
888 2815 1226 2888 καρποφόροι
1258 2814 1449 2887 ψυχαὶ,
1481 2815 1583 2885 τῆς
1611 2814 1765 2885 παρὰ

170 2905 310 2959 Θεοῦ
337 2905 619 2973 τεύξονται
657 2907 873 2977 ἀγαθῆς
904 2907 1137 2971 ἐλπίδος.
1185 2908 1272 2961 Ἐν
1302 2907 1513 2971 τούτοις
1541 2907 1703 2971 αὐτὸς
1733 2909 1763 2962 6

172 2996 369 3068 Σωτὴρ
398 2998 590 3052 ἐαυτὸν
618 2994 877 3071 εἶναιτὴν
902 2999 1146 3071 ἄμπελον
1174 2998 1374 3071 ἔφησεν
1391 3017 1405 3030 ·
1424 3001 1553 3063 τοὺς
1578 2999 1634 3053 δὲ
1661 3017 1765 3071 μα-

170 3088 345 3160 θητάς
386 3090 456 3143 τά
494 3090 779 3162 κλήματα·
813 3092 1038 3163 βότρυες
1068 3091 1126 3144 δὲ
1167 3091 1276 3145 τῶν
1305 3091 1600 3164 κλημάτων
1629 3093 1763 3146 ἀκό-

172 3181 368 3237 λουθόν
395 3183 513 3236 ἐστι
532 3186 694 3247 νοεῖν,
709 3184 833 3247 τοὺς
862 3183 967 3237 ὑπὸ
988 3182 1097 3237 τῶν
1117 3183 1431 3238 ἀποστόλων
1458 3182 1762 3256 μαθητευο-

170 3282 377 3347 μένους
392 3290 407 3303 ⁶
431 3266 509 3327 ὧν
530 3273 603 3327 τά
622 3273 811 3346 ὥσπερ
831 3276 1126 3346 νεκριμαϊα
1151 3272 1405 3345 βοτρύδια
1425 3274 1495 3327 τὰ
1517 3273 1766 3347 ἀχρηστα

170 3364 273 3419 καὶ
301 3366 543 3437 ζωτικῆς
574 3366 857 3438 δυνάμεως
888 3366 1251 3439 ἐστερημένοι,
1270 3365 1412 3419 κατὰ
1450 3365 1543 3420 τὸν
1572 3367 1766 3440 καιρὸν

174 3456 273 3527 τῆς
304 3458 545 3529 κρίσεως
581 3457 1056 3530 ἀποϐληθήσεσθαι
1098 3458 1341 3512 διδάσκει
1360 3475 1374 3488 ·
1412 3458 1507 3512 καὶ
1535 3458 1602 3513 τά
1630 3458 1765 3532 κλή-

170 3565 321 3619 ματα
349 3550 409 3603 δὲ
436 3549 720 3613 ὡσαύτως,
750 3550 820 3603 τὰ
858 3549 1063 3622 μηδένα
1110 3551 1306 3621 βότρυν
1351 3548 1608 3623 φέροντα,
1651 3544 1763 3615 οἷος

170 3638 237 3712 ἦν
259 3641 288 3692 6
314 3641 584 3712 προδότης
621 3640 843 3705 Ἰούδας,
868 3639 1071 3713 ὁμοίως
1099 3643 1212 3705 τοῖς
1244 3642 1541 3713 ἀχρήστοις
1571 3640 1764 3717 βότρυ-

1876 528 2000 583 dam
2044 528 2215 583 nubes
2241 527 2479 595 Spiritus
2511 523 2711 588 sancti,
2729 525 2889 595 plena
2923 526 3086 590 roris,
3107 526 3353 583 eamdem
3380 529 3461 584 ci-

1877 623 2097 674 vitatem
2146 618 2501 683 inumbrabit,
2557 630 2636 682 ut,
2683 618 3136 687 quemadmodum
3181 619 3235 673 in
3266 619 3460 677 diebus

1878 710 2096 772 messis,
2121 724 2242 779 quae
2276 710 2446 779 ipsam
2487 722 2717 764 messem
2778 716 3156 777 praevertunt,
3187 718 3245 765 et
3276 709 3457 767 lumen

1878 802 2181 873 splendeat,
2203 811 2260 857 et
2291 801 2462 857 nubes
2493 800 2764 856 inumbret
2795 798 2961 856 illam.

1949 1071 2117 1126 Vens.
2146 1071 2205 1137 5,
2235 1071 2289 1127 6.
2321 1088 2342 1123 ι
2374 1068 2494 1125 Erit
2518 1078 2647 1125 ante
2672 1082 2932 1136 messem,
2957 1080 3082 1122 cum
3113 1063 3276 1121 fuerit
3320 1075 3455 1117 con-

1878 1170 2183 1218 summatus
2212 1160 2334 1229 flos,
2360 1168 2416 1216 et
2445 1176 2551 1216 uva
2583 1175 2688 1216 non
2720 1169 2935 1215 matura
2981 1156 3237 1231 eduxerit
3266 1152 3452 1210 ﬂorem

1876 1254 2234 1326 germinans:
2269 1265 2326 1310 et
2358 1252 2573 1309 auferet
2611 1252 2917 1309 racemulos
2960 1263 3159 1320 parvos
3190 1246 3455 1310 falcibus,

1874 1356 1935 1404 et
1960 1356 2238 1404 sarmenta
2272 1345 2427 1401 tollet
2487 1354 2544 1401 et
2586 1344 2887 1400 abscindet.
2922 1360 2942 1394 ι
2987 1339 3456 1409 Quemadmodum

1874 1440 2045 1507 enim,
2086 1438 2285 1509 inquit,
2311 1438 2365 1493 in
2391 1437 2587 1501 vineis,
2619 1436 2745 1491 dum
2781 1450 2900 1491 uvae
2926 1434 3231 1488 immatura:
3281 1439 3454 1493 sunt,

1876 1533 2176 1587 adventans
2208 1529 2445 1600 agricola
2476 1527 2691 1583 inutiles
2717 1527 2967 1597 palmites
2993 1524 3237 1587 excidit,
3276 1535 3455 1590 neque

1876 1624 1931 1678 id
1953 1631 2185 1689 tantum,
2204 1621 2298 1677 sed
2315 1620 2483 1674 etiam
2508 1617 2846 1673 infructuosa
2870 1629 3099 1686 quaeque
3124 1624 3181 1667 et
3207 1627 3457 1666 arescen-

1878 1717 1953 1771 tia
1980 1722 2193 1771 resecat
2219 1731 2234 1769 :
2283 1712 2485 1768 etenim
2521 1711 2610 1767 illa
2641 1721 2858 1780 quoque
2887 1749 2905 1776 ,
2945 1716 3135 1774 utpote
3168 1719 3289 1773 quae
3317 1700 3454 1757 nihil

1800 1787 1847 1849 Β
1874 1806 2077 1875 vigoris
2107 1805 2379 1869 habeant,
2420 1817 2598 1872 neque
2620 1802 2786 1856 ullam
2815 1800 2882 1854 ad
2916 1797 3131 1854 fructus
3154 1794 3450 1866 perfectio-

1872 1913 1995 1955 nem
2030 1912 2182 1968 spem
2208 1896 2541 1965 relinquant,
2563 1910 2631 1949 ex
2657 1893 3010 1964 agricultura!
3025 1891 3218 1961 peritia
3248 1889 3315 1944 de
3342 1904 3451 1946 me-

1871 1992 1960 2046 dio
1990 1990 2153 2055 tollit,
2215 2002 2286 2043 ne
2326 1986 2602 2057 superflua
2640 1996 2695 2040 et
2744 1983 2952 2039 inutilia
2983 1982 3291 2053 vigentibus
3328 1978 3451 2036 uvis

1868 2090 2145 2137 noceant:
2208 2079 2570 2150 quamobrem
2637 2076 2727 2132 illa
2763 2076 2988 2146 quidem
3036 2072 3241 2137 aufert,
3290 2081 3347 2126 et
3390 2070 3447 2126 in

1869 2190 2049 2231 escam
2093 2172 2451 2230 «volatilibus
2473 2171 2595 2227 cmli
2631 2179 2688 2225 et
2737 2169 2929 2225 bestiis
2961 2178 3121 2222 teme
3152 2184 3170 2217 ι
3209 2162 3447 2235 abiicit;

1869 2279 1991 2335 qua:
2017 2278 2150 2319 vero
2175 2263 2480 2332 perfectum
2521 2260 2755 2315 fructum
2797 2266 3021 2314 servant
3057 2255 3399 2324 retinentque
3425 2290 3444 2318 ,

1869 2370 2079 2412 summa
2121 2352 2485 2409 sollicitudine
2512 2350 2641 2406 colit
2666 2360 2721 2405 et
2754 2359 2969 2415 tuetur;
3003 2348 3084 2403 sic
3116 2346 3170 2400 in
3199 2354 3447 2414 tempore

1868 2446 2067 2504 messis
2098 2444 2340 2500 futurum
2373 2457 2494 2499 esse
2521 2442 2619 2508 ait,
2644 2441 2841 2495 ablatis
2891 2440 3090 2508 quippe
3119 2449 3446 2503 supervaca-

1869 2540 1991 2596 neis
2018 2538 2191 2594 vinea:
2217 2536 2553 2607 palmitibus,
2600 2534 2938 2603 succisisque
2968 2531 3247 2587 inutilibus
3275 2530 3396 2585 uvis
3424 2567 3442 2593 ,

1869 2638 2034 2700 atque
2062 2629 2117 2685 in
2144 2643 2326 2684 escam
2354 2627 2626 2682 ultricium
2658 2632 2981 2696 potestatum
3012 2622 3261 2687 traditis;
3290 2621 3447 2676 bona!

1867 2735 2005 2786 uvae,
2034 2720 2147 2776 sive
2162 2720 2359 2775 animae
2380 2718 2695 2781 fructiferae,
2722 2717 2919 2773 bonam
2949 2729 3098 2785 spem
3120 2728 3151 2767 a
3181 2714 3289 2767 Deo
3308 2728 3445 2767 con-

1865 2820 2183 2881 sequentur.
2209 2811 2266 2865 ln
2298 2811 2382 2866 his
2398 2824 2561 2880 porro
2588 2810 2704 2879 ipse
2731 2809 2988 2863 Servator
3004 2821 3063 2862 se
3080 2807 3292 2860 vineam
3320 2816 3445 2858 esse

1868 2904 2038 2971 dixit;
2065 2903 2359 2972 discipulos
2388 2916 2520 2959 vero
2567 2915 2720 2965 suos,
2758 2900 3041 2969 palmites;
3096 2912 3229 2953 uvas
3263 2905 3446 2951 autem

1865 2996 2148 3066 palmitum
2179 3010 2519 3066 consequens
2551 3003 2714 3051 estut
2747 2991 3106 3063 intelligamus
3158 3001 3280 3043 esse
3307 3001 3402 3041 eos
3427 3023 3447 3051 ,

1867 3090 1962 3160 qui
1990 3089 2065 3145 ab
2093 3088 2352 3159 apostolis
2377 3087 2608 3143 instituti
2640 3085 2897 3141 fuerunt:
2932 3097 3162 3153 quorum
3191 3078 3314 3134 illos
3346 3093 3446 3133 ceu

1869 3180 2172 3237 racemulos
2197 3180 2413 3236 inutiles
2442 3194 2509 3235 ac
2550 3179 2700 3234 vitali
2718 3178 2919 3232 virtute
2936 3177 3194 3246 privatos,
3225 3172 3278 3226 in
3309 3179 3448 3226 tem—

1868 3288 2001 3344 pore
2044 3272 2235 3341 judicii
2283 3271 2621 3342 abjiciendos
2676 3284 2796 3325 esse
2846 3270 3035 3332 docet;
3087 3264 3449 3331 similiterque

1867 3366 2120 3437 palmites
2141 3365 2343 3421 nullam
2371 3379 2530 3419 uvam
2563 3362 2820 3426 ferentes,
2847 3358 3026 3429 qualis
3055 3365 3176 3410 erat
3202 3354 3448 3425 proditor

1866 3457 2053 3525 Judas,
2082 3459 2303 3527 perinde
2329 3464 2490 3527 atque
2514 3453 2731 3509 inutiles
2752 3467 2908 3516 uvas,
2932 3464 2962 3503 a
2986 3446 3295 3504 volatilibus
3320 3443 3448 3498 C(Bli

1865 3558 1920 3606 et
1950 3550 2140 3606 bestiis
2166 3560 2347 3613 terrae,
2402 3546 2655 3602 videlicet
2700 3541 3032 3600 adversariis
3068 3548 3125 3595 et
3163 3537 3448 3593 ultricibus

1862 3643 2179 3708 virtutibus,
2210 3642 2452 3696 excisum
2490 3640 2578 3704 iri,

171 3751 282 3800 σιν,
321 3731 775 3803 ἀποκοπήσεσθαι
802 3734 916 3797 τοῖς
957 3735 1223 3798 πετεινοῖς
1271 3731 1368 3787 τοῦ
1391 3733 1621 3806 οὐρανοῦ
1669 3735 1764 3789 καὶ
1799 3734 1913 3799 τοῖς
1946 3733 2156 3807 θηρίοις
2215 3734 2315 3806 τῆς
2356 3733 2480 3805 γῆς,
2513 3730 2885 3801 ἀντικείμεναι
2916 3724 3234 3783 κολαστικαὶ
3288 3723 3445 3797 δηλο-

170 3828 287 3881 νότι
317 3826 603 3897 δυνάμεις.

246 3940 268 3975 ι
310 3922 401 3975 Ἐν
424 3920 503 3992 τῷ
534 3920 710 3993 καιρῷ
734 3920 926 3992 ἐκείνῳ
949 3921 1370 3994 ἀνενεχθήσεται
1394 3922 1543 3996 δῶρα
1570 3924 1761 3996 Κυρίῳ

169 4012 406 4069 Σαϐαὼθ
453 4016 520 4066 ἐκ
559 4013 689 4066 λαοῦ
742 4012 1100 4084 τεθλιμμένου
1144 4013 1257 4067 και
1282 4013 1619 4086 τετιλμένου,
1666 4014 1763 4069 καὶ

171 4107 281 4161 ἀπὸ
310 4104 446 4160 λαοῦ
481 4104 741 4176 μεγάλου,
793 4104 903 4158 ἀπὸ
946 4103 1041 4158 τοῦ
1085 4103 1181 4160 νῦν
1205 4105 1302 4160 καὶ
1329 4108 1411 4170 είς
1456 4106 1547 4160 τὸν
1589 4107 1763 4161 αίῶνα

172 4197 423 4269 χρόνον.»
448 4197 551 4267 Εῐη
575 4196 620 4250 δ’
652 4196 720 4251 ἂν
744 4190 898 4261 οὗτος
926 4198 957 4251 6
985 4196 1088 4266 τὴν
1123 4198 1315 4269 στενὴν
1347 4196 1442 4250 καὶ
1468 4196 1765 4269 τεθλιμμέ-

172 4305 273 4359 την
300 4288 505 4343 ὁδεύων
536 4289 636 4360 τὴν
676 4289 998 4359 ἀπάγουσαν
1033 4290 1114 4353 είς
1162 4288 1263 4361 τὴν
1302 4288 1448 4361 ζωήν
1472 4306 1485 4319 ο
1535 4291 1564 4342 6
1599 4288 1763 4353 αὐτὸς

1942 3920 2106 3977 Vens.
2125 3918 2178 3972 7.
2206 3935 2227 3970 ι
2271 3914 2327 3970 in
2351 3924 2601 3984 tempore.
2620 3910 2712 3967 illo
2727 3909 3029 3966 afferentur
3053 3908 3190 3963 dona
3216 3906 3447 3964 Domino

1867 4010 2132 4076 Sabaoth,
2168 4023 2199 4063 a
2226 4005 2440 4078 populo,
2453 4003 2696 4060 contrito
2727 4009 2784 4057 et
2816 3999 3045 4064 divulso,
3086 4007 3141 4054 et
3191 4013 3223 4053 a
3249 4000 3449 4069 popqu

1868 4117 2088 4174 magno,
2108 4099 2176 4156 ab
2208 4100 2311 4155 hoc
2338 4106 2581 4165 tempore
2606 4108 2776 4164 usque
2807 4093 2858 4147 in
2882 4099 3225 4162 perpetuum.
3256 4107 3276 4141 ι
3305 4085 3447 4144 Fue-

1865 4197 1938 4252 rit
1958 4204 2139 4252 autem
2168 4192 2259 4247 hic
2280 4189 2504 4261 populus
2533 4188 2581 4243 is
2606 4188 2701 4257 qui
2722 4186 2774 4240 in
2799 4193 3030 4255 angusta
3062 4190 3118 4239 et
3147 4190 3299 4236 arcta
3332 4180 3444 4245 via,

1864 4301 1988 4356 qua:
2010 4283 2162 4341 ducit
2190 4281 2257 4336 ad
2280 4280 2471 4343 vitam,
2492 4276 2739 4349 graditur
2763 4292 2777 4330 :
2808 4274 3032 4345 ipseque
3063 4272 3309 4326 divulsus
3338 4280 3445 4338 est,

176 4383 273 4435 καὶ
321 4379 702 4451 ἐκτετιλμένος
746 4382 1003 4454 ὑπάρχει,
1067 4381 1143 4445 ὡς
1195 4382 1261 4436 ἂν
1308 4382 1410 4449 τῆς
1441 4381 1626 4452 κοινῆς
1656 4380 1764 4435 τῶν

1873 4386 2053 4447 utpote
2079 4375 2226 4445 quia
2263 4370 2544 4427 communi
2580 4367 2861 4423 hominum
2920 4365 3030 4420 vita
3088 4364 3295 4418 alienus
3332 4362 3445 4430 sit,

174 4473 482 4545 ἀνθρώπιον
528 4472 676 4543 ζωῆς
703 4473 1160 4545 ἡλλοτριωμένος,
1194 4475 1289 4528 καὶ
1324 4473 1501 4546 μέγας
1539 4473 1596 4527 δέ
1644 4474 1759 4527 ἐστι

175 4566 330 4637 παρά
368 4564 447 4637 τῷ
489 4564 607 4636 Θεῷ
655 4566 750 4620 καὶ
789 4565 991 4630 πολύςο
1022 4565 1104 4620 διὸ
1140 4566 1406 4631 λέλεκται,
1447 4584 1466 4618 ι
1491 4566 1600 4620 ἀπὸ
1626 4563 1759 4619 λαοῦ

180 4656 444 4729 μεγάλου.
468 4674 487 4708 ι
524 4657 636 4710 Καὶ
662 4655 771 4728 γάρ
806 4657 865 4712 ἐν
910 4656 992 4728 τῷ
1026 4657 1253 4729 παρόντι
1288 4657 1409 4730 βίῳ,
1456 4658 1551 4712 καὶ
1584 4659 1643 4712 ἐν
1680 4656 1760 4730 τῷ
1817 4706 1822 4709 ,

178 4749 425 4821 μέλλοντι
452 4748 509 4802 δὲ
534 4749 690 4803 αἰῶνι
717 4749 789 4803 τὰ
814 4749 1008 4821 λογικὰ
1060 4749 1210 4823 δῶρα
1246 4750 1343 4805 καὶ
1381 4749 1482 4814 τὰς
1522 4749 1759 4821 ἀναιμά-

177 4856 343 4905 κτους
394 4838 477 4911 τῷ
514 4840 636 4912 Θεῷ
672 4841 865 4907 θυσίας
907 4841 1250 4915 ἀναπέμπων
1271 4842 1333 4896 οὐ
1356 4842 1702 4914 διαλιμπάνει
1730 4841 1760 4894 6

174 4933 437 5005 ὄηλωθεὶς
462 4932 608 4997 λαός.
700 4960 705 4968 -

249 5043 270 5078 ι
304 5024 502 5090 Ἔθνος
546 5024 765 5090 ἐλπίζον
814 5026 909 5081 καὶ⁵
955 5026 1507 5099 καταπεπατημένον,
1552 5027 1581 5082 ὅ
1610 5028 1759 5084 ἐστιν

176 5119 235 5173 ἐν
262 5118 422 5190 μέρει
450 5117 697 5189 ποταμοῦ
744 5119 848 5190 τῆς
884 5118 1066 5191 χώρας
1105 5119 1273 5173 αὐτοῦ
1322 5120 1402 5183 εἰς
1440 5120 1532 5173 τὸν
1571 5122 1757 5185 τόπον,

174 5201 236 5261 οῦ
262 5210 325 5263 τὺ
366 5210 539 5283 δνομα
580 5210 787 5283 Κυρίου
835 5210 1080 5277 Σαῦαὼθ,
1134 5212 1216 5275 είς
1258 5211 1382 5282 ὅρος
1422 5210 1596 5281 ἆγιον.
1625 5230 1644 5263 ι
1685 5212 1760 5265 Τὸ

174 5300 281 5373 γὰρ
307 5301 463 5365 ἔθνος
498 5300 661 5355 τοῦτο
700 5302 759 5355 ἐν
806 5302 961 5374 μέρει
1012 5300 1259 5372 ποταμοῦ
1298 5302 1396 5372 τῆς
1437 5302 1620 5374 χώρας
1657 5300 1753 5355 τοῦ

174 5388 307 5444 Θεοῦ
338 5390 657 5462 ἐτύγχανεν,
691 5390 781 5446 ὅτε
825 5391 882 5445 ἐν
915 5394 983 5463 τῇ
1026 5391 1321 5462 Ἐκκληιία
1349 5391 1443 5445 τοῦ
1471 5392 1604 5445 Θεοῦ
1629 5393 1757 5445 ἐπο-

176 5481 412 5537 λιτεύετο
431 5500 445 5513 ·
472 5484 551 5547 ὼς
582 5482 761 5551 λέγειν
783 5500 798 5515 ·
844 5502 864 5536 ι
898 5485 988 5540 Ἐν
1021 5483 1177 5556 μέρει
1206 5484 1548 5554 γινώσκομεν
1572 5485 1667 5538 καὶ
1695 5486 1757 5538 ἐν

182 5572 337 5646 μέρει
362 5576 798 5648 προφητεύομεν.
830 5596 848 5630 ι
882 5574 1017 5631 Οὔτε
1046 5575 1154 5646 γὰο
1182 5576 1273 5631 τὸν
1306 5576 1481 5631 πάντα
1512 5578 1756 5649 ποταμὸν

246 5754 292 5787 ⁸⁹
318 5754 342 5810 ι
364 5753 487 5809 Cor.
522 5770 641 5812 xm.
672 5754 725 5809 9.

1867 4483 2099 4538 magnus
2131 4466 2260 4520 item
2310 4472 2365 4519 et
2395 4463 2597 4518 multus
2622 4468 2707 4516 est
2746 4456 2887 4528 apud
2923 4457 3091 4511 Deum
3122 4475 3133 4509 :
3162 4469 3331 4525 quare
3360 4454 3445 4508 di-

1866 4572 2011 4617 ctum
2040 4566 2144 4623 est,
2183 4574 2202 4609 ι
2249 4570 2280 4609 a
2309 4552 2504 4625 populo
2538 4564 2756 4622 magno.
2784 4567 2804 4602 ι
2839 4549 2910 4605 At
2937 4548 3080 4604 enim
3109 4547 3162 4601 in
3186 4545 3444 4616 praesenti

1864 4653 1973 4708 vita
2004 4659 2060 4707 et
2088 4652 2145 4707 in
2196 4648 2379 4704 futuro
2416 4645 2654 4710 sucula,
2705 4642 3049 4699 rationabilia
3080 4641 3244 4707 dona,
3274 4647 3331 4695 et
3358 4639 3444 4694 in-

1864 4754 2123 4803 cruentas
2144 4743 2351 4799 hostias
2375 4740 2485 4796 Deo
2509 4739 2759 4796 emittere
2786 4750 3060 4806 nunquam
3117 4740 3300 4790 cessat
3322 4746 3443 4789 tne-

1865 4845 2110 4894 moratus
2140 4834 2388 4907 papulas.

1942 5040 1961 5073 ι
1992 5020 2142 5077 Gens
2170 5031 2397 5089 sperans
2428 5024 2483 5072 et
2516 5012 2860 5079 conculcata,
2901 5025 3023 5082 qua:
3052 5017 3137 5066 est
3183 5007 3238 5063 in
3284 5010 3447 5078 parte

1860 5114 2006 5169 fluvii
2049 5114 2287 5185 regionis
2318 5109 2457 5179 ejus,
2490 5108 2545 5164 in
2582 5107 2702 5164 loco
2725 5105 2816 5161 ubi
2850 5119 3044 5160 nomen
3083 5100 3299 5157 Domini
3340 5097 3440 5154 Sa-

1861 5207 2046 5276 baoth,
2084 5207 2137 5262 in
2171 5213 2353 5261 monte
2406 5210 2618 5258 sancto.
2650 5218 2670 5254 ι
2702 5200 2827 5255 Haec
2855 5199 2999 5254 enim
3039 5211 3170 5266 gens
3201 5195 3253 5249 in
3284 5200 3447 5265 parte

1862 5299 2010 5355 fluvii
2039 5299 2282 5370 regionis
2310 5295 2402 5351 Dei
2428 5303 2569 5362 erat,
2588 5292 2806 5364 quando
2843 5292 2896 5345 in
2926 5288 3165 5344 Ecclesia
3203 5286 3299 5341 Dei
3326 5299 3441 5341 ver-

1865 5393 2122 5458 sabatur;
2158 5389 2231 5444 ita
2265 5398 2325 5442 ut
2357 5389 2526 5452 dicat,
2568 5404 2588 5439 ι
2623 5384 2682 5440 In
2712 5392 2867 5454 parte
2904 5379 3286 5451 cognoscimus
3305 5375 3442 5432 etin

1862 5493 2016 5553 parte
2038 5482 2426 5553 prophetamus
2462 5479 2531 5534 ".
2562 5498 2582 5534 ι
2616 5477 2798 5547 Neque
2818 5474 2963 5531 enim
2994 5481 3165 5527 totum
3190 5470 3437 5535 ﬂuvium,

1864 5575 2077 5633 scilicet
2098 5573 2333 5633 Verbum
2364 5571 2482 5641 Dei,
2527 5569 2775 5642 capiebat
2832 5566 2923 5624 illa
2951 5564 3139 5637 regio:
3175 5575 3346 5636 quare
3377 5558 3443 5617 in
