3862 6210
412 293 520 351 219

1091 291 1362 348 EUSEBlI
1399 290 1873 348 CESARIENSIS
1908 288 2061 346 OPP.
2101 287 2278 345 PARS
2316 287 2409 344 III.
2447 319 2516 330 —-
2552 285 2968 344 EXEGETICA.

3565 288 3676 342 220

412 420 569 484 parte
595 407 742 467 ﬂuvii
789 409 1030 481 regionis
1064 407 1160 465 Dei
1208 408 1377 464 fuisse
1415 409 1616 465 dicitur
1661 418 1984 466 memoratus

2096 405 2313 476 ἐχώρει,
2348 405 2491 474 λέγω
2539 405 2595 458 δὲ
2628 405 2719 460 τὸν
2763 405 2857 459 τοῦ
2885 401 3022 457 Θεοῦ
3062 403 3256 472 Λόγον,
3298 405 3330 475 ή
3373 403 3676 476 spumam

411 503 665 576 populus.

999 681 1228 738 CAPUT
1263 683 1405 740 XIX.

484 774 650 830 Vens.
679 774 733 827 l.
763 791 782 824 ι
805 772 956 828 Visio
989 771 1232 844 Egypti.
1265 773 1409 828 Ecce
1433 775 1692 830 Dominus
1727 775 1879 830 sedet
1905 790 1992 830 su-

409 881 510 936 per
536 865 732 920 nubem
770 864 967 929 levem,
989 875 1044 919 et
1067 865 1246 919 veniet
1276 865 1327 917 in
1359 864 1675 935 ngyptum.
1711 885 1728 919 υ
1768 868 1991 920 Auente

412 958 876 1014 considerandum
911 967 1016 1022 est,
1053 975 1162 1028 quo
1191 968 1350 1024 pacto
1373 959 1622 1024 dicatur,
1657 980 1675 1012 ι
1706 959 1860 1014 Visio
1894 961 1992 1014 ,Ε-

411 1047 584 1119 εγριι.
617 1065 638 1099 ι
684 1045 800 1100 Non
830 1047 976 1102 enim
1007 1049 1457 1116 quemadmodum
1495 1051 1562 1105 de
1589 1049 1864 1122 Babylone
1905 1053 1989 1106 di-

411 1141 660 1206 cebatur,
697 1159 716 1192 ι
759 1138 910 1194 Visio
949 1150 1139 1195 contra
1177 1140 1545 1210 Babylonem;
1586 1163 1606 1196 ›
1644 1159 1818 1212 neque
1848 1146 1988 1200 sicut

410 1231 479 1287 de
513 1229 697 1286 Iudaea
743 1240 796 1286 et
839 1230 1160 1300 Jerusalem,
1215 1251 1230 1284 ι
1275 1235 1424 1289 Visio
1456 1251 1616 1304 quam
1663 1236 1795 1292 vidit
1822 1237 1986 1293 Isaias

410 1323 556 1378 illius
575 1325 772 1388 Amos;
827 1339 990 1394 quam
1022 1326 1157 1379 vidit
1187 1337 1377 1380 contra
1410 1326 1653 1382 Judaaam
1685 1339 1742 1384 et
1763 1327 1985 1384 Jerusa-

409 1414 550 1479 lem;
579 1435 597 1467 o
638 1431 814 1486 neque
864 1425 922 1471 ut
973 1419 1039 1472 de
1064 1419 1328 1475 Damasco
1360 1428 1416 1474 et
1443 1421 1508 1475 de
1544 1420 1864 1489 Moabitide;
1891 1437 1985 1477 eo-

410 1505 534 1560 dem
559 1507 720 1561 modo
764 1509 830 1562 de
864 1506 1136 1580 [Egyptoz
1175 1527 1282 1566 non
1334 1511 1480 1566 enim
1513 1512 1733 1576 dicitur,
1772 1533 1791 1565 ι
1835 1515 1986 1570 Visio

412 1608 607 1655 contra
639 1598 972 1670 Egyptum;
1017 1619 1038 1655 ι
1068 1605 1160 1658 sed
1193 1605 1348 1672 quasi
1385 1605 1652 1676 Egyptus
1684 1607 1901 1673 visura,
1931 1619 1986 1664 et

409 1691 584 1746 oculis
617 1693 962 1747 discernendi
999 1694 1048 1747 vi
1102 1697 1346 1764 praeditis
1395 1699 1824 1767 contemplatura
1869 1711 1986 1755 erat

2098 496 2249 568 χώρα
2268 515 2282 527 θ
2313 497 2394 550 διὸ
2417 499 2474 549 ὲν
2499 496 2772 567 μέρειοτοῦ
2798 495 3044 566 ποταμοῦ
3071 497 3170 567 τῆς
3200 494 3384 569 χώρας
3413 497 3511 551 τοῦ
3535 498 3673 552 Θεοῦ

2099 589 2317 657 λέγεται
2343 588 2621 657 γεγονέναι
2648 589 2708 641 τὸ
2728 589 2966 658 δηλωθὲν
2992 586 3162 651 έθνοςι

2609 680 3004 734 ΚΕΦΑΑΑΙΟΝ
3041 679 3141 734 18'.

2169 792 2187 823 ι
2216 773 2445 843 Ὄρασις
2496 771 2794 840 Αἰγύπτου.
2856 771 2985 825 Ἰδοὺ
3046 770 3248 841 Κύριος
3295 771 3532 843 κάθηται
3575 774 3671 827 ἐπὶ

2090 865 2319 936 νεφέλης
2356 865 2584 936 κούφης,
2625 865 2720 918 καὶ
2747 863 2866 935 ἥξει
2899 866 2978 927 εἰς
3019 863 3310 933 Αἴγυπτον.
3337 883 3356 916 ι
3393 865 3671 936 Προοήκει

2089 957 2146 1010 δὲ
2172 957 2263 1010 τὸν
2296 957 2420 1010 νοῦν
2457 957 2748 1026 ἐπιστῆσαι
2793 957 2942 1021 ὅπως
2977 957 3190 1027 εἴρηται
3215 974 3229 987 ·
3277 976 3294 1007 ι
3321 957 3548 1026 Ὄρασις
3572 958 3672 1010 Αί-

2089 1049 2317 1117 γύπτου.
2343 1069 2362 1101 ι
2399 1050 2473 1101 Οὐ
2519 1049 2628 1118 γὰρ
2669 1049 2745 1111 ὡς
2791 1049 2883 1100 ἐπὶ
2922 1047 3021 1118 τῆς
3061 1045 3377 1110 Βαϐυλῶνος
3403 1046 3626 1115 ἐλέγετο
3651 1063 3668 1077 ·

2096 1161 2114 1192 ι
2148 1143 2374 1212 Ὅρασις
2409 1140 2550 1194 κατά
2595 1139 2910 1202 Βαϐυλῶνος
2929 1155 2942 1168 ο
2978 1138 3082 1191 οὐδ’
3125 1137 3200 1201 ὡς
3249 1137 3341 1189 ἐπὶ
3388 1138 3485 1208 τῆς
3543 1139 3670 1190 Ἰου-

2088 1233 2243 1298 δαίας
2265 1235 2358 1286 καὶ
2379 1234 2477 1303 τῆς
2501 1231 2870 1304 Ἰερουσαλὴμ,
2893 1251 2911 1282 ι
2939 1232 3170 1302 Ὅρασις
3190 1233 3256 1303 ἢν
3275 1227 3410 1284 εἶδεν
3437 1230 3672 1293 Ἡσαΐας

2089 1323 2205 1386 υίὸς
2247 1322 2445 1394 Ἀμὼς,
2473 1323 2538 1393 ἢν
2569 1317 2677 1374 εἶδε
2708 1321 2847 1374 κατὰ
2888 1321 2986 1391 τῆς
3027 1321 3284 1384 Ἰουδαίας
3322 1321 3414 1373 καὶ
3463 1321 3667 1390 Ἰερου-

2089 1414 2272 1485 σαλήμ
2289 1433 2302 1445 ⁸
2326 1435 2344 1465 ι
2382 1413 2488 1466 οὐδ’
2520 1413 2594 1475 ὡς
2621 1411 2712 1465 ἐπὶ
2735 1412 2836 1481 τῆς
2872 1411 3162 1481 Δαμασκοῦ
3197 1411 3290 1465 καὶ
3314 1411 3413 1482 τῆς
3441 1408 3669 1464 Μωαϐί-

2085 1507 2250 1571 τιδος,
2296 1506 2469 1569 οὕτως
2513 1506 2605 1558 ἐπὶ
2657 1504 2756 1573 τῆς
2795 1503 3104 1573 Αἰγύπτου·
3151 1504 3214 1556 οὐ
3259 1503 3367 1574 γὰρ
3417 1504 3666 1574 εἴρηται,

2093 1617 2110 1648 ι
2139 1599 2369 1668 ’Όρασις
2411 1594 2552 1649 κατὰ
2569 1595 2668 1664 τῆς
2687 1593 2991 1661 Αἰγύπτου·
3018 1612 3036 1645 ι
3063 1593 3180 1664 ἦτοι
3200 1592 3275 1656 ὼς
3301 1593 3465 1662 αὐτῆ,
3508 1592 3673 1662 Αίγύ-

2091 1707 2222 1743 πτου
2243 1689 2540 1760 μελλούσης
2565 1688 2719 1758 ὁρᾷν,
2746 1686 2840 1740 καὶ
2862 1686 3083 1757 θεωρεῖν
3119 1686 3412 1757 ὀφθαλμοῖς
3433 1687 3672 1756 διορατι-

408 1797 475 1838 ea
497 1798 615 1852 qua:
644 1785 696 1838 in
727 1785 980 1840 vaticinio
1012 1786 1257 1841 feruntur
1283 1807 1295 1842 :
1326 1789 1408 1844 vel
1438 1791 1563 1860 quia
1607 1793 1872 1861 propheta
1904 1794 1984 1847 vi-

2093 1783 2208 1844 κοῖς
2234 1781 2302 1834 τὰ
2329 1779 2719 1849 θεσπιζόμενα·
2755 1777 2787 1848 ἢ
2817 1777 2893 1841 ὡς
2919 1776 3012 1831 τοῦ
3042 1778 3324 1848 προφήτου
3351 1780 3449 1848 τὴν
3475 1779 3671 1848 ὅρασιν

412 1877 624 1931 sionem
681 1879 950 1934 habuerat
977 1879 1250 1951 [Egyptiis
1300 1885 1676 1953 pulcherrima
1733 1903 1989 1955 praenun-

409 1969 632 2023 tiantes.
664 1970 800 2035 Quid
830 1971 973 2024 enim
1004 1971 1301 2040 pulchrius,
1331 1976 1458 2043 quid
1487 1976 1699 2032 beatius
1719 1977 1990 2050 Egyptiis

410 2069 734 2115 eventurum
763 2069 903 2125 erat,
928 2077 1092 2131 quam
1111 2063 1253 2131 quod
1288 2065 1544 2118 Dominus
1571 2071 1858 2135 praesentia
1889 2085 1987 2126 sua

410 2149 566 2220 ipsos
619 2151 958 2220 dignaturus,
997 2160 1052 2205 et
1102 2153 1346 2207 notitiam
1385 2155 1468 2209 sui
1527 2157 1658 2226 ipsis
1692 2159 1988 2216 collaturus

407 2241 955 2313 esset,'facturusque
998 2245 1104 2300 alia
1132 2248 1313 2302 omnia
1337 2262 1458 2317 quae
1493 2249 1546 2302 in
1599 2248 1986 2322 Egyptiorum

406 2331 608 2388 bonum
645 2344 922 2388 verterent
945 2336 968 2388 ?

484 2443 505 2478 ι
540 2426 607 2480 Et
642 2427 999 2482 movebuntur
1037 2429 1344 2485 manufacta
1385 2430 1604 2502 .‘Egypti
1631 2448 1659 2486 a
1690 2433 1825 2488 facie
1848 2435 1983 2502 ejus,

404 2525 464 2572 et
489 2531 582 2570 cor
616 2531 802 2572 eorum
836 2519 1181 2589 superabitur
1215 2523 1267 2575 in
1296 2522 1447 2591 ipsis.
1475 2541 1494 2574 ›
1530 2523 1681 2590 Quod
1709 2539 1840 2580 sane
1865 2529 1987 2595 quis

405 2609 704 2666 secundum
738 2611 982 2667 historiae
1011 2612 1299 2668 veritatem
1338 2624 1466 2668 tunc
1486 2617 1808 2686 completum
1837 2620 1988 2675 dixe-

407 2702 502 2767 rit,
535 2694 656 2756 cum
690 2702 808 2771 ipse
837 2704 1119 2770 Dominus,
1142 2705 1234 2774 qui
1264 2705 1316 2758 in
1354 2706 1620 2775 principio
1646 2709 1786 2777 apud
1817 2711 1982 2764 Deum

408 2799 554 2856 erat,
591 2793 736 2846 Deus
768 2790 1030 2856 Verbum,
1069 2810 1177 2849 non
1213 2794 1540 2864 incorporeo
1579 2810 1756 2866 neque
1795 2797 1990 2853 invisi-

404 2882 501 2938 bili
535 2885 694 2939 modo
729 2884 782 2938 in
819 2884 1199 2955 Egyptiorum
1245 2887 1470 2956 regione
1512 2888 1982 2957 peregrinabatur,

405 2971 503 3026 sed
535 2973 588 3026 in
615 2975 758 3028 nube
781 2974 867 3027 illa
889 2975 1014 3040 levi,
1047 2983 1105 3029 nt
1129 2976 1494 3041 existimatur,
1525 2977 1720 3032 sedens
1741 2979 1982 3045 advenit,

405 3062 616 3118 scilicet
641 3062 692 3116 in
719 3078 969 3131 corpore,
1015 3063 1156 3132 quod
1185 3062 1439 3119 Christus
1492 3075 1883 3136 assumpserat,
1917 3083 1983 3122 ex

407 3153 618 3222 Spiritu
659 3163 848 3209 sancto
900 3164 956 3209 et
1009 3170 1076 3210 ex
1109 3165 1296 3210 sancta
1355 3155 1576 3226 Virgine
1604 3159 1979 3214 constitutum.

407 3241 546 3297 Nam
579 3243 627 3298 si
664 3258 771 3298 non
801 3244 1062 3314 scriptum
1089 3254 1236 3299 esset
1270 3244 1444 3313 ipsum
1484 3246 1611 3300 nubi
1658 3247 1982 3302 insidentem

403 3342 699 3387 venturum
718 3347 858 3398 esse,
895 3344 1074 3403 posset
1095 3334 1366 3402 quispiam
1418 3333 1622 3400 dicere,
1658 3335 1824 3390 Deum
1853 3334 1985 3390 Ver-

402 3425 534 3480 bum
564 3426 976 3495 incorporaliter
1004 3437 1060 3480 et
1087 3425 1266 3480 divina
1294 3427 1496 3481 virtute
1518 3428 1718 3497 ubique
1748 3442 1982 3496 praesen-

403 3525 537 3583 tem,
588 3526 774 3588 utpote
807 3519 896 3587 qui
923 3518 1102 3572 omnia
1147 3516 1385 3586 impleat,
1429 3532 1553 3570 nam
1601 3536 1621 3568 ι
1669 3517 1726 3570 ln
1785 3516 1984 3571 mundo

402 3618 544 3677 erat,
576 3618 632 3665 et
670 3611 900 3665 mundus
934 3625 1028 3680 per
1060 3610 1232 3680 ipsum
1269 3609 1443 3664 factus
1469 3620 1546 3664 est
1581 3610 1649 3674 ⁸ο,
1683 3627 1701 3660 ι
1737 3608 1982 3663 eamdem

404 3703 462 3758 in
517 3702 748 3773 Ευριο
801 3703 1143 3772 praesentiam
1208 3701 1499 3768 exhibere,
1547 3700 1982 3770 quandoquidem

403 3792 794 3862 inspectiouem
834 3803 889 3846 et
934 3793 1325 3862 providentiam
1384 3792 1450 3846 ad
1502 3793 1623 3846 illos
1676 3806 1844 3860 usque
1888 3807 1985 3846 ex-

404 3884 599 3940 tendit.
619 3882 817 3939 Verum
842 3884 931 3938 illo
955 3885 1112 3940 modo
1138 3899 1244 3938 non
1269 3885 1438 3954 magis
1459 3885 1511 3938 in
1536 3883 1791 3954 Egypto,
1819 3898 1981 3952 quam

404 3974 464 4030 in
501 3974 610 4030 alia
645 3975 883 4045 qualibet
914 3975 1100 4029 mundi
1140 3985 1294 4045 parte
1317 3991 1439 4032 esse
1469 3977 1705 4031 dicatur.
1742 3975 1813 4028 At
1842 3989 1985 4030 nunc

405 4067 726 4136 specialiter
749 4077 804 4122 et
833 4067 1088 4123 distincte
1122 4068 1344 4134 dicitur,
1383 4071 1558 4139 ipsum
1589 4069 1717 4124 nubi
1755 4069 1858 4123 levi
1892 4069 1980 4123 in-

405 4158 678 4216 sidentem
714 4169 1003 4215 venturum
1033 4162 1086 4216 in
1106 4161 1400 4234 {Egyptum
1424 4177 1566 4227 esse,
1599 4177 1706 4230 quo
1728 4161 1984 4231 proprius

404 4251 628 4322 quidam
651 4261 704 4308 et
727 4269 1022 4324 corporeus
1051 4255 1167 4324 ejus
1186 4255 1450 4309 adventus
1493 4254 1854 4322 signiﬁcatur.
1883 4252 1982 4308 Cui

405 4340 606 4398 dixerit
632 4344 904 4412 quispiam
937 4345 992 4398 in
1025 4345 1213 4400 eadem
1252 4345 1640 4414 explanatione
1700 4344 1979 4411 insistens,

2089 1872 2416 1943 τεθεαμένου
2440 1871 2538 1941 τὴν
2560 1869 2630 1922 τὰ
2661 1868 2924 1922 κάλλιστα
2949 1871 3061 1932 τοῖς
3088 1869 3402 1937 Αἰγυπτίοις
3423 1886 3672 1939 προανα-

2090 1965 2435 2036 φωνήσασαν.
2454 1962 2518 2016 Τί
2539 1962 2646 2033 γὰρ
2668 1961 2904 2025 κάλλιον,
2917 1961 3040 2014 τίδὲ
3063 1961 3474 2033 μακαριώτερον
3493 1961 3673 2033 ὑπάρ-

2089 2076 2202 2128 χειν
2229 2057 2458 2127 ἥμελλεν
2506 2056 2825 2124 Αἰγυπτίοις
2864 2052 2960 2106 τοῦ
3000 2052 3092 2105 τὸν
3132 2051 3336 2122 Κύριον
3366 2053 3465 2122 τῆς
3499 2052 3671 2106 αὑτοῦ

2089 2138 2392 2219 παρουσίας
2435 2145 2721 2211 καταξιοῦν
2755 2145 2971 2208 αὐτοὺς,
3016 2145 3111 2197 καὶ
3145 2141 3240 2213 τὴν
3271 2141 3435 2196 αὐτοῦ
3465 2142 3672 2210 γνῶσιν

2088 2242 2272 2304 αὐτοῖς
2306 2239 2585 2312 παρέξειν,
2628 2240 2720 2292 καὶ
2770 2239 3014 2309 ποιήσειν
3043 2237 3145 2290 ὃσα
3192 2235 3327 2290 ἄλλα
3369 2235 3671 2306 ἐμφέρεται

2087 2337 2198 2396 τοῖς
2224 2333 2540 2400 Αἰγυπτίοις
2560 2349 2574 2397 ;

2164 2443 2182 2476 ι
2212 2425 2322 2477 Καὶ
2373 2422 2715 2493 σεισθήσεται
2745 2420 2814 2474 τὰ
2865 2419 3215 2491 χειροποίητα
3248 2416 3520 2486 Αίγύπτου
3557 2415 3671 2476 ἀπὸ

2089 2517 2379 2588 προσώπου
2411 2513 2599 2576 αὐτοῦ,
2641 2513 2736 2567 καὶ
2770 2514 2803 2584 ἡ
2850 2511 3044 2584 καρδία
3085 2510 3262 2588 αὐτῶν
3300 2509 3670 2581 ἡττηθήσεται

2088 2613 2146 2663 ὲν
2178 2610 2381 2670 αὐτοῖς.
2410 2627 2428 2658 ι
2467 2607 2532 2660 Ὃ
2559 2605 2623 2676 δὴ
2669 2603 3061 2675 πεπληρῶσθαι
3095 2603 3297 2655 εἴποιεν
3328 2601 3393 2655 ἄν
3415 2617 3500 2665 τις
3529 2600 3668 2670 πρὸς

2091 2698 2347 2772 ἱστορίαν,
2391 2698 2480 2750 ὅτε
2519 2695 2680 2758 αὐτὸς
2716 2696 2744 2747 6
2784 2693 3008 2766 Κύριος,
3043 2695 3070 2745 6
3103 2693 3160 2744 ὲν
3212 2693 3352 2763 ἀρχῇ
3407 2692 3541 2760 πρὸς
3571 2690 3673 2742 τὸν

2086 2793 2238 2858 Θεὸν,
2269 2792 2400 2854 Θεὸς
2427 2789 2597 2857 Λόγος
2621 2789 2722 2841 οὐκ
2745 2787 3051 2858 ἀσωμάτως
3078 2786 3199 2840 οὐδὲ
3217 2784 3436 2854 ἀφανῶς
3469 2783 3669 2854 ἐπεδή-

2090 2903 2177 2956 μει
2204 2887 2270 2955 τῇ
2299 2883 2408 2936 τῶν
2436 2880 2746 2950 Αἰγυπτίων
2774 2877 2948 2951 χώρᾳ,
2985 2877 3122 2932 ἀλλὰ
3154 2876 3291 2948 μετά
3317 2876 3415 2946 τῆς
3446 2873 3670 2944 νομιζο-

2089 2975 2258 3047 μένης
2291 2974 2499 3045 κούφης
2531 2973 2759 3044 νεφέλης
2808 2971 3116 3043 καθήμενον
3154 2969 3314 3022 αὐτὸν
3348 2966 3667 3037 ἀφικέσθαι,

2085 3064 2179 3118 τοῦ
2236 3064 2486 3135 σώματος
2535 3062 2756 3134 δηλαδὴ,
2791 3053 2850 3116 οὗ
2897 3060 3174 3131 ἀνειλήφει
3217 3061 3245 3112 6
3300 3057 3554 3130 Χριστὸς,
3607 3057 3671 3124 ἐξ

2089 3156 2242 3225 ἁγίου
2295 3155 2615 3224 Πνεύματος
2678 3152 2770 3205 καὶ
2832 3151 2932 3221 τῆς
3017 3150 3179 3219 ἁγίας
3233 3147 3507 3220 Παρθένου
3569 3149 3670 3200 ὲπ-

2086 3247 2506 3318 εσκευασμένου.
2539 3247 2602 3299 Εἰ
2633 3246 2730 3315 μὲν
2751 3244 2858 3315 γὰρ
2891 3243 2965 3316 μὴ
3006 3243 3324 3313 προσέκειτο
3353 3241 3414 3294 τὸ
3459 3242 3550 3294 ἐπὶ
3574 3259 3670 3294 νε-

2086 3341 2253 3411 φέλην
2297 3339 2599 3410 καθήμενον
2627 3337 2787 3390 αὑτὸν
2815 3335 3132 3405 ἀφικέσθαι,
3161 3333 3280 3405 ἢτοι
3324 3333 3556 3403 ὴδύνατό
3581 3350 3671 3396 τις

2085 3429 2286 3498 λέγειν,
2334 3429 2414 3481 ὅτι
2462 3427 2766 3497 άσωμάτως
2812 3426 2906 3478 καὶ
2939 3425 3092 3494 θεῖκῇ
3123 3424 3350 3495 δυνάμει
3387 3422 3668 3491 πανταχοῦ

2087 3521 2276 3593 παρὼν
2327 3523 2355 3574 6
2397 3520 2528 3584 Θεὸς
2556 3520 2748 3588 Λόγος,
2785 3519 2881 3572 ἅτε
2913 3518 2976 3590 δὴ
3010 3518 3189 3572 πάντα
3233 3517 3482 3588 πληρῶν·
3519 3535 3538 3567 ι
3575 3517 3670 3570 Ἐν

2084 3613 2161 3684 τῷ
2191 3613 2380 3683 κόσμῳ
2405 3631 2422 3662 ο
2457 3611 2564 3682 γὰρ
2607 3631 2623 3662 ι
2647 3607 2736 3682 ἦν,
2770 3611 2917 3664 καὶὸ
2947 3611 3147 3680 κόσμος
3181 3609 3247 3662 δι’
3286 3608 3450 3662 αὐτοῦ
3477 3607 3670 3676 ὲγένεε

2082 3723 2164 3771 το,
2193 3726 2211 3757 ›
2245 3707 2339 3759 καὶ
2374 3708 2440 3776 τῇ
2474 3703 2733 3774 Αἰγύπτῳ
2759 3704 2858 3775 τὴν
2891 3704 3058 3776 αὐτὴν
3087 3703 3387 3776 παρουσίαν
3410 3702 3666 3773 παρέχει,

2083 3797 2171 3851 διὰ
2203 3797 2296 3850 τοῦ
2338 3797 2436 3868 τὴν
2478 3796 2784 3867 ἐπισκοπὴν
2819 3795 2983 3849 αὐτοῦ
3024 3797 3117 3865 καὶ
3146 3795 3243 3866 τὴν
3281 3795 3535 3866 πρόνοιαν
3567 3793 3671 3864 μέ-

2085 3907 2207 3962 χρις
2256 3887 2435 3942 αὐτῶν
2503 3887 2786 3941 ἐκτείνειν,
2861 3886 2999 3940 Ἀλλ’
3044 3887 3104 3939 οὐ
3151 3885 3351 3956 μᾶλλον
3398 3886 3541 3938 εἴποι
3580 3901 3668 3948 τις

2085 3978 2246 4033 αὐτὸν
2294 3981 2350 4033 ὲν
2394 3977 2674 4049 Αίγύπτῳ,
2705 3977 2738 4049 ἣ
2779 3982 2835 4032 ὲν
2869 3978 3041 4049 ἑτέρῳ
3073 3977 3229 4048 μέρει
3265 3977 3482 4040 πάντως
3522 3976 3668 4030 κατὰ

2083 4070 2270 4124 τοῦτον
2311 4071 2576 4142 ὑπάρχειν
2612 4071 2703 4126 τὸν
2741 4072 2964 4144 τρόπον.
3010 4070 3124 4123 Νῦν
3169 4070 3225 4122 δὲ
3267 4069 3670 4140 ἀφωρισμένως

2085 4162 2164 4224 εἰς
2199 4160 2474 4229 Αἴγυπτον
2499 4160 2662 4213 αὐτὸν
2691 4160 2840 4230 ἥξειν
2869 4163 2896 4213 6
2923 4160 3080 4229 λόγος
3117 4160 3209 4211 ἐπὶ
3247 4159 3475 4229 νεφέλης
3503 4159 3669 4213 αὐτὸν

2083 4254 2373 4325 ὀχούμενον
2407 4253 2615 4325 κούφης
2643 4248 2820 4321 εἶπεν,
2852 4252 3157 4318 ίδιάζουσάν
3199 4271 3318 4306 τινα
3350 4254 3440 4307 καὶ
3475 4269 3668 4323 σωμα-

2084 4346 2240 4417 τικὴν
2265 4344 2362 4416 τὴν
2389 4346 2687 4416 παρουσίαν
2717 4345 2880 4399 αὐτοῦ
2907 4338 3186 4416 δηλῶνῙῼ
3211 4344 3274 4415 δὴ
3317 4344 3458 4398 εἴποι
3487 4343 3551 4397 ἄν
3583 4362 3670 4407 τις

403 4439 538 4487 tunc
554 4434 928 4503 propheticum
958 4435 1160 4489 dictum
1189 4436 1347 4489 finem
1376 4435 1654 4500 habuisse,
1677 4449 1799 4488 cum
1826 4434 1872 4488 is
1890 4435 1980 4502 qui

2090 4443 2113 4493 6
2140 4438 2311 4510 ταύτῃ
2337 4439 2725 4510 συνιστάμενος
2761 4443 2825 4509 τῇ
2855 4439 3047 4510 ὲκδοχῇ
3080 4438 3264 4502 τέλους
3312 4437 3573 4507 ἠξιῶσθαι
3605 4439 3672 4491 τὸ

403 4537 472 4580 ex
489 4522 710 4595 Virgine
736 4535 896 4581 natus
923 4537 1010 4580 est
1032 4526 1195 4593 Deus,
1217 4542 1378 4596 quem
1408 4525 1819 4580 Emmanuelem
1849 4540 1976 4594 pro-

2079 4531 2238 4601 ῥητὸν
2265 4531 2356 4583 ἐπὶ
2382 4531 2448 4600 τῇ
2475 4531 2553 4594 είς
2579 4529 2902 4600 ἀνθρώπους
2925 4529 3139 4600 προόδῳ
3163 4529 3257 4580 τοῦ
3288 4531 3350 4580 ὲκ
3377 4529 3473 4599 τῆς
3505 4529 3671 4596 ἁγίας

404 4617 588 4688 phetia
623 4627 801 4682 vocat,
830 4619 898 4673 ad
924 4619 1172 4674 homines
1221 4619 1460 4674 advenit.
1511 4615 1978 4684 Quemadmodum

2090 4621 2353 4692 Παρθένου
2408 4621 2757 4692 γεννηθέντος
2801 4618 2957 4684 Θεοῦ,
3013 4620 3070 4672 ὃν
3109 4620 3462 4692 Ἐμμανουὴλ
3510 4621 3670 4674 καλεῖ

403 4708 553 4764 enim
577 4711 750 4764 nubes
767 4725 871 4762 non
897 4709 1116 4764 aliunde
1137 4711 1579 4765 constitutionem
1608 4708 1792 4772 habet,
1818 4722 1980 4777 quam

2090 4715 2110 4783 ἡ
2139 4712 2464 4784 προφητεία.
2511 4713 2599 4775 Ὡς
2627 4711 2736 4783 γὰρ
2763 4713 2795 4782 ἡ
2831 4711 3027 4782 νεφέλη
3053 4713 3152 4765 οὐκ
3183 4711 3404 4766 ἄλλοθεν
3434 4712 3546 4783 ἔχει
3566 4715 3670 4784 τὴν

403 4814 469 4855 ex
507 4814 636 4855 aere
665 4807 720 4854 et
750 4813 819 4854 ex
860 4814 1062 4870 vapore
1115 4813 1309 4866 terrae,
1350 4801 1430 4855 sic
1483 4807 1538 4854 et
1598 4813 1796 4868 corpus
1839 4799 1984 4866 quod

403 4892 720 4962 assumpsit,
753 4908 820 4948 ex
855 4892 1062 4962 Spiritu
1090 4901 1282 4948 sancto
1307 4902 1362 4947 et
1390 4907 1456 4948 ex
1487 4902 1704 4947 terrena
1729 4893 1984 4946 substan-

402 4985 477 5038 tia
509 4987 892 5052 constitutum,
926 4987 1050 5055 jure
1081 4987 1208 5041 nubi
1240 4986 1345 5040 levi
1387 4994 1756 5054 comparatur,
1790 4985 1875 5038 cui
1898 4985 1982 5037 in-

402 5075 587 5134 sidens
615 5078 885 5142 Christus,
931 5079 984 5131 in
1039 5076 1297 5149 A'ﬂgypto,
1331 5079 1460 5132 dum
1486 5071 1680 5130 adhuc
1727 5085 1872 5130 esset
1902 5075 1982 5128 in-

401 5171 548 5236 fans,
583 5170 1046 5239 peregrinabatur.
1079 5171 1135 5224 ld
1166 5171 1362 5240 quippe
1387 5179 1501 5224 erat
1525 5167 1793 5239 [Egyptiis
1824 5169 1978 5236 satis,

403 5263 496 5330 qui
518 5262 717 5316 virtute
747 5261 1006 5317 inell'abili
1027 5278 1093 5316 ex
1119 5264 1350 5317 adventu
1371 5260 1674 5315 Salvatoris
1727 5275 1979 5329 magnam

405 5361 535 5407 sunt
569 5354 855 5408 utilitatem
889 5355 1054 5408 nacti.
1114 5354 1183 5408 At
1234 5355 1526 5409 secundum
1581 5351 1979 5420 profundiorem

406 5449 672 5506 mentem,
698 5440 912 5497 Domini
945 5444 1229 5513 prwsentia
1275 5441 1508 5512 Λεωπριῆ
1545 5442 1812 5510 przecipue
1854 5456 1982 5510 egeo

412 5532 566 5597 bant,
599 5541 780 5602 utpote
801 5535 1041 5591 omnium
1096 5535 1376 5591 hominum
1413 5533 1933 5604 superstitiosissimi
1962 5551 1976 5600 ;

485 5715 529 5748 ”
581 5715 737 5771 Joau.
781 5717 930 5784 1,10.

2083 4804 2374 4866 σύστασιν,
2420 4802 2452 4873 ἢ
2502 4802 2559 4868 ἐξ
2601 4804 2761 4874 ἀέρος
2804 4803 2898 4856 καὶ
2949 4801 3364 4874 ἀναθυμιάσεως
3402 4805 3501 4875 τῆς
3540 4805 3667 4875 γῆς,

2083 4891 2255 4957 οὕτως
2289 4894 2348 4946 τὸ
2401 4893 2558 4964 σῶμα
2613 4893 2642 4945 ὃ
2689 4893 3001 4964 ἀνείληφεν,
3047 4893 3107 4958 ἐξ
3150 4895 3304 4962 ἁγίου
3351 4894 3672 4964 Πνεύματος

2085 4987 2178 5040 καὶ
2230 4987 2331 5056 τῆς
2391 4985 2621 5055 γεώδους
2665 4987 2853 5050 οὐσίας
2907 4985 3144 5040 ὑποστὰν
3187 4987 3411 5050 εἰκότως
3468 4987 3670 5060 νεφέλῃ

2085 5077 2262 5150 κούφῃ
2302 5076 2638 5148 παρεϐλήθη,
2686 5072 3120 5151 ᾗὲγκαθήμενος
3161 5076 3189 5127 ὁ
3214 5074 3447 5146 Χριστὸς
3482 5077 3664 5148 ἐπεδή⁷

2089 5185 2179 5238 μει
2207 5171 2272 5239 τῇ
2301 5168 2562 5240 Αἰγύπτῳ
2587 5169 2727 5222 κατὰ
2758 5167 2857 5239 τὴν
2892 5167 3092 5238 νηπίαν
3115 5165 3349 5236 ἡλικίαν.
3402 5167 3669 5238 Ἀπήρκει

2085 5259 2194 5331 γὰρ
2231 5261 2322 5313 καὶ
2365 5259 2522 5313 τοῦτο
2564 5261 2901 5329 Αἰγυπτίοις,
2935 5262 3158 5332 ἀρρήτῳ
3184 5260 3410 5330 δυνάμει
3437 5261 3669 5330 μέγιστα

2087 5351 2486 5422 ὠφελουμένοις
2511 5355 2575 5406 ὲκ
2597 5354 2696 5423 τῆς
2732 5352 2825 5405 τοῦ
2867 5352 3118 5422 Σωτῆρος
3157 5351 3484 5415 ἐπιϐάσεως.
3511 5353 3673 5406 Κατά

2087 5443 2144 5496 δὲ
2185 5443 2479 5512 βαθύτερον
2513 5443 2657 5500 νοῦν,
2705 5443 2804 5514 τῆς
2829 5441 2924 5495 τοῦ
2956 5441 3161 5514 Κυρίου
3189 5444 3491 5515 παρουσίας
3529 5442 3672 5507 ἐξαις

2092 5534 2260 5606 ρέτως
2295 5535 2464 5588 ἐδεῖτο
2495 5537 2528 5606 ἡ
2573 5534 2866 5604 Αἴγυπτος,
2906 5533 3089 5604 ἐπειδὴ
3119 5534 3338 5590 πάντων
3365 5532 3674 5606 ἀνθρώπων
