3862 6210
173 308 278 365 231

1141 314 1649 374 COMMENTARIA
1685 319 1753 376 IN
1792 317 2050 379 ISAIAM.
2088 351 2158 363 -—
2197 321 2349 380 CAP.
2391 323 2536 381 XI’X.

172 432 734 508 δεισιδαιμονέστεροι
780 437 1092 507 γεγόνασιν,
1134 439 1211 505 ὡς
1255 441 1330 512 μὴ
1380 442 1539 513 μόνον
1581 445 1752 516 είμαρ¹

1877 445 1952 500 ita
1987 454 2049 500 ut
2070 461 2176 502 non
2206 447 2378 504 solum
2400 449 2514 504 fato
2534 457 2589 506 et
2609 450 2780 508 stellis
2809 451 2931 509 caeli
2956 453 3197 510 universi
3225 467 3450 510 causam

177 523 322 597 μένῃ
349 527 448 579 καὶ
493 529 608 590 τοῖς
651 531 775 582 κατ’
807 530 1036 602 οὐρανὸν
1061 530 1286 604 ἄστροις
1318 532 1418 605 τὴν
1451 534 1544 588 τοῦ
1574 535 1774 599 παντὸς

174 616 492 670 ἀνατιθέναι
535 620 738 685 αἰτίαν,
791 623 1046 678 ἐκπεσεῖν
1088 624 1145 677 δὲ
1190 625 1284 678 καὶ
1323 627 1482 698 μέχρι
1525 627 1625 697 τῆς
1663 627 1772 681 τῶν

173 706 391 775 ἀλόγων
419 707 596 772 ζώων,
627 711 722 763 καὶ
746 710 950 783 θηρίων
975 713 1286 768 ἀτιθάσσων
1333 715 1552 786 πτηνῶν
1592 734 1652 770 τε
1676 717 1772 771 καὶ

174 799 430 870 ἑρπετῶν
469 801 766 868 θεοποιίας.
813 805 968 858 Οῦτω
1015 805 1074 859 δὲ
1130 807 1422 863 ἀδέσποτον
1465 809 1560 864 καὶ
1601 809 1772 880 ἀπρο-

173 891 367 963 νόητον
420 893 652 964 ἡγοῦντο
694 896 757 950 τὸ
807 900 916 950 πᾶν
938 938 954 962 ,
1015 898 1091 962 ὡς
1149 900 1242 952 καὶ
1309 900 1534 971 βασιλέα
1589 901 1770 957 αὐτῶν

169 985 360 1054 γυμνῇ
400 988 468 1055 τῇ
517 987 730 1058 κεφαλῇ
760 987 970 1057 λέγειν’
1006 1009 1025 1042 ι
1051 991 1164 1044 Οὐκ
1185 987 1302 1046 οῖδα
1343 993 1435 1046 τὸν
1478 992 1713 1065 Κύριον,
1743 1013 1762 1045 ι

167 1074 292 1136 καὶ,
324 1093 343 1124 ι
375 1075 473 1138 Τίς
488 1077 637 1130 ἐστιν
661 1071 724 1131 οὗ
753 1080 1145 1152 είσακούσομαι
1188 1086 1288 1155 τῆς
1314 1084 1500 1155 φωνῆς
1526 1085 1762 1151 αὐτοῦς»

168 1163 366 1216 Ταῦτα
385 1165 444 1218 δὲ
469 1168 655 1232 αὐτοῖς
677 1169 860 1240 ἔργοις
879 1171 1036 1235 τέλος
1057 1173 1329 1246 ἐλὰμὸανε
1354 1176 1477 1230 καθ’
1491 1175 1551 1230 ὃν
1577 1176 1766 1249 χρόνον

166 1251 464 1322 ἐκκλησίαι
516 1257 614 1326 μὲν
662 1256 798 1310 Θεοῦ
857 1258 974 1312 καθ’
1018 1260 1148 1332 ὅλης
1209 1263 1418 1335 ἵδρυντο
1462 1266 1560 1336 τῆς
1600 1265 1768 1335 Αἰγύ-

177 1360 348 1409 πτου,
396 1346 714 1419 ἐπεδήμησε
742 1348 800 1401 δὲ
827 1350 988 1414 αὐτὸς
1012 1355 1041 1405 6
1067 1353 1271 1426 Κύριος
1300 1359 1412 1418 τοῖς
1425 1357 1763 1424 Αἰγυπτίοις,

165 1433 494 1491 ἐπισκοπῶν
535 1438 633 1502 τὰς
667 1439 962 1510 ἐκκλησίας
985 1443 1150 1497 αὐτοῦ
1173 1445 1315 1500 κατὰ
1335 1447 1416 1500 τό·
1445 1466 1462 1499 ι
1478 1448 1650 1501 Ὅπου
1672 1449 1765 1503 δύο

165 1526 203 1597 ἢ
226 1531 381 1599 τρεῖς
412 1533 746 1602 συνηγμένοι
772 1535 908 1590 εἰσὶν
936 1536 1017 1598 εἰς
1041 1535 1102 1588 τὸ
1131 1537 1263 1607 ἐμὸν
1290 1539 1482 1609 ὄνομα,
1510 1542 1629 1594 ἐκεῖ
1649 1544 1764 1613 εἰμι

165 1619 229 1673 ἐν
252 1621 409 1693 μέσῳ
429 1624 628 1679 αὐτῶν.
659 1645 679 1678 ι
707 1627 864 1682 Οὕτω
889 1629 1021 1697 γοῦν
1045 1631 1099 1682 αἰ
1144 1630 1242 1700 μὲν
1263 1631 1637 1706 ἐκκλησίαι-τῇ
1669 1637 1766 1688 αύ-

164 1709 266 1764 τοῦ
291 1712 592 1784 διέλαμπον
615 1716 820 1788 χάριτι,
851 1719 884 1788 ή
918 1718 975 1772 δέ
1014 1719 1124 1773 τῶν
1160 1721 1346 1776 αὐτόθι
1369 1723 1639 1796 δαιμόνων
1665 1744 1766 1781 κα-

167 1799 396 1874 θῃρεῖτο
422 1803 619 1876 πλάνη.

242 1913 265 1947 ι
308 1894 423 1947 Καὶ
453 1895 918 1968 ὲπεγερθήσονται
964 1900 1254 1969 Αἰγύπτιοι
1286 1904 1372 1956 ἐπ’
1407 1905 1759 1974 Αἰγυπτίους,

164 1987 264 2042 καὶ
315 1986 620 2059 πολεμήσει
661 1989 952 2061 ἄνθρωπος
1001 1993 1096 2046 τὸν
1147 1995 1376 2066 ἀδελφὸν
1429 2000 1616 2065 αὑτοῦ,
1668 2003 1764 2056 καὶ

160 2077 456 2148 ἄνθρωπος
484 2079 577 2134 τὸν
602 2080 833 2151 πλησίον
859 2085 1047 2139 αὑτοῦ.
1079 2106 1098 2139 ι
1138 2089 1250 2142 Καὶ
1273 2090 1447 2145 ταῦτα
1472 2093 1572 2163 μὲν
1595 2095 1764 2166 ἐπλη-

161 2168 330 2240 ροῦτο
366 2168 510 2240 μετὰ
549 2171 610 2224 τὸ
644 2172 1003 2240 εὐαγγελικὸν
1045 2179 1332 2250 κήρυγμα,
1367 2182 1429 2234 τὸ
1467 2185 1762 2247 είςπᾶσαν

158 2259 411 2314 δωδοθέν
457 2263 558 2335 τὴν
596 2265 896 2332 Αἴγυπτον,
937 2269 1025 2338 ἐφ’
1057 2263 1102 2338 ᾧ
1134 2272 1205 2324 τὰ
1252 2273 1351 2342 μὲν
1385 2274 1567 2346 ἄψυχα
1599 2276 1762 2340 ξόανα

160 2351 264 2422 τῆς
293 2350 356 2416 ἐξ
405 2351 603 2418 αἰῶνος
650 2355 912 2426 ἀκινήτου
964 2361 1208 2426 στάσεως
1241 2365 1422 2418 αὐτῶν
1471 2367 1756 2440 ἐσαλεύθη,

159 2441 306 2496 ὥστε
336 2445 416 2514 μὴ
451 2447 811 2519 καθιδρύσθαι
845 2451 940 2504 καὶ
967 2452 1192 2522 βεϐαίαν
1226 2456 1368 2526 ἔχειν
1399 2458 1540 2512 αὐτὰ
1569 2461 1758 2514 στάσιν

157 2533 249 2588 διὰ
293 2533 387 2588 τὸν
440 2537 800 2609 ἐγγενόμενον
837 2543 1023 2608 αὐτοῖς
1066 2544 1224 2611 λαὸν,
1274 2550 1323 2602 οἱ
1371 2549 1429 2602 δὲ
1471 2551 1528 2603 ἐν
1576 2552 1758 2617 αὐτοῖς

157 2625 580 2694 ἐμερωλεύοντες
607 2629 864 2701 δαίμονες
889 2637 1143 2707 πονηροὶ,
1172 2637 1236 2690 τὸ
1267 2640 1434 2711 μηδὲν
1463 2640 1615 2707 ὄντες
1644 2643 1759 2715 διη-

159 2715 422 2786 λέγχοντο
449 2720 543 2773 ἐπὶ
573 2721 802 2786 τούτοις.
836 2726 1046 2799 Ὥσπερ
1071 2727 1180 2800 γὰρ
1217 2733 1250 2801 ή
1281 2731 1544 2802 ἐμφύλιος
1571 2736 1758 2800 στάσις

158 2808 286 2861 καθ’
308 2810 441 2882 ὅλης
467 2811 777 2883 διηγείρετο
804 2816 902 2886 τῆς
932 2819 1208 2888 Αἰγύπτου
1230 2841 1242 2852 ·
1272 2822 1631 2895 διισταμένων
1660 2828 1756 2882 ἀπ’

158 2897 411 2969 ἀλλήλων
440 2903 534 2955 καὶ
576 2905 924 2976 τεμνομένων
956 2911 1051 2975 καὶ
1089 2912 1471 2985 μεριζομένων
1513 2920 1636 2971 κατ’
1673 2917 1755 2970 of-

159 3007 312 3055 κους,
347 2995 444 3046 καὶ
473 2995 706 3052 πολιτῶν
730 2999 828 3071 τὴν
852 3000 1036 3073 χώραν
1065 3004 1381 3070 οἰκούντων,
1404 3007 1484 3078 τῷ
1501 3010 1627 3074 τοὺς
1660 3011 1756 3068 μὲν

157 3083 343 3137 αὐτῶν
387 3088 748 3159 προστρέχειν
780 3090 858 3162 τῷ
888 3093 1211 3167 κηρύγματι
1243 3099 1585 3172 εὐαγγελικῷ
1625 3105 1756 3159 ἀνα-

153 3177 475 3248 Χωροῦντας
501 3180 601 3250 τῆς
633 3162 1486 3264 ΜιμονικῆςῗκαὶῄΑίγυπτιακῆς
1519 3162 1748 3266 πλάνης·
1781 3162 1822 3220 C

152 3271 286 3334 τοὺς
332 3272 392 3325 δὲ
440 3275 876 3346 ἐναπομενοντας
919 3281 977 3331 ἐν
1020 3282 1156 3353 αὐτῇ
1203 3283 1437 3355 πόλεμον
1484 3287 1750 3342 ἄσπονδον

153 3362 299 3416 κατά
325 3363 532 3420 τούτων
556 3366 794 3436 ἐγείρειν
815 3384 829 3399 ο
859 3368 1033 3436 οὕτως
1059 3367 1153 3427 οῦν
1193 3373 1550 3430 ἐπανίσταντο
1578 3377 1748 3446 Αἰγύ-

153 3469 302 3507 πτιοι
325 3455 419 3508 ἐπ’
449 3457 808 3524 Αἰγυπτίους.

230 3651 252 3683 ι
287 3632 454 3697 Πόλις
484 3635 578 3688 ἐπὶ
617 3635 792 3704 πόλιν,
825 3641 920 3694 καὶ
959 3642 1123 3712 νομὸς
1162 3644 1255 3698 ἐπὶ
1288 3647 1469 3717 νομόν.
1507 3650 1618 3704 Καὶ
1658 3670 1748 3706 τα-

152 3725 493 3798 ραχθήσεται
522 3729 583 3782 τὺ
606 3729 826 3801 πνεῦμα
854 3734 964 3787 τῶν
994 3738 1309 3804 Αἰγυπτίων
1337 3743 1394 3794 ὲν
1422 3743 1623 3808 αὐτοῖς,
1650 3747 1747 3800 καὶ

146 3819 251 3889 τὴν
303 3817 502 3889 βουλὴν
541 3821 722 3877 αὐτῶν
766 3823 1127 3882 διασκεδάσω.
1172 3831 1282 3884 Καὶ
1335 3833 1745 3907 ἐπερωτήσουσι

145 3909 280 3973 τοὺς
314 3908 476 3973 θεοὺς
501 3911 683 3966 αὐτῶν
721 3915 815 3967 καὶ
860 3915 930 3969 τὰ
964 3918 1255 3990 ἀγάλματα
1292 3923 1468 3978 αὐτῶν
1497 3926 1745 3994 καὶτοὺς

145 3997 212 4050 ἐκ
256 3998 360 4068 τῆς
400 3999 506 4069 γῆς
536 4001 883 4069 φωνοῦντας,
927 4006 1022 4059 καὶ
1063 4010 1189 4073 τοὺς
1248 4013 1739 4086 ἐγγαστριμύθους.

146 4090 274 4181 Καὶν
304 4091 620 4162 παραδώσω
651 4095 749 4167 τὴν
786 4098 1062 4167 Αἴγυπτον
1091 4104 1171 4166 εἰς
1207 4107 1396 4176 χεῖρας
1439 4109 1744 4181 ἀνθρώπων

146 4180 356 4272 κυρίων
390 4183 666 4256 σκληρῶν,
694 4189 787 4241 καὶ
826 4189 1066 4260 βασιλεῖς
1102 4196 1331 4268 σκληροὶ
1363 4180 1744 4272 κυριεύσουσιν

145 4270 352 4323 αὐτῶν.
391 4291 409 4322 ι
447 4275 623 4345 Νομοὶ
648 4278 705 4330 δὲ
733 4280 1021 4336 καλοῦνται
1051 4286 1182 4356 παρ’
1210 4270 1530 4356 Αἰγυπτίοις
1573 4295 1741 4348 εἰσέτι

144 4362 243 4415 καὶ
269 4362 370 4415 νῦν
401 4366 461 4418 αί
494 4367 623 4438 παρ’
671 4371 854 4435 αὐτοῖς
891 4375 1088 4446 χῶραι,
1115 4378 1171 4430 αἲ
1202 4381 1296 4432 καὶ
1322 4383 1482 4435 αὐταὶ
1507 4383 1742 4440 διίσταν-

142 4469 234 4550 ται
431 4456 666 4529 ἀλλήλας
689 4461 788 4532 τῆς
810 4465 978 4537 αὐτῆς
1007 4467 1192 4523 ἕνεκεν
1216 4472 1544 4540 ὑποθέσεως.
1585 4481 1744 4550 Ἐχω-

144 4546 329 4619 ρίζετο
359 4548 416 4601 δὲ
443 4550 548 4620 τῆς
583 4555 728 4608 κατὰ
755 4557 890 4611 Θεοῦ
925 4560 1200 4628 πολιτείας
1218 4567 1246 4618 ό
1268 4567 1377 4622 τῶν
1398 4569 1572 4623 ἀθέων
1603 4546 1736 4642 βίος,

140 4641 234 4736 καὶ
475 4646 801 4720 ἐπηγείρετο
827 4653 1000 4724 νομῷ,
1035 4656 1128 4709 τοῦ
1173 4659 1532 4729 εὐαγγελικοῦ
1565 4641 1735 4736 νόμου

139 4729 209 4784 τὰ
236 4729 348 4788 τῶν
382 4731 700 4800 Αἰγυπτίων
727 4739 1126 4812 ἀνατρέποντος
1155 4748 1380 4820 νόμιμα,
1424 4752 1501 4816 ὡς
1529 4751 1594 4809 αὖ
1627 4729 1735 4810 πά-

141 4819 224 4873 λιν
258 4821 358 4875 τοῦ
393 4825 495 4896 τῆς
533 4828 978 4904 εἰδωλολατρείας
1021 4837 1188 4908 νόμου
1236 4819 1600 4914 πολεμοῦντος
1642 4850 1734 4902 τὸν

142 4916 414 5011 σωτήριον
454 4916 633 4986 λόγον.
681 4923 868 4978 Ταῦτα
909 4927 965 4982 δὲ
995 4930 1175 4984 πάντα
1223 4935 1453 5002 ἐγίνετο,
1501 4939 1600 5011 τὴν
1639 4943 1734 4996 ἐπὶ

333 5011 660 5102 συμφωνίαν
703 5015 812 5069 τῶν
853 5021 1168 5088 Αἰγυπτίων
1214 5027 1309 5080 καὶ
1339 5028 1438 5099 τὴν
1480 5005 1733 5102 ὁμόνοιαν

140 5097 320 5192 αὐτων
344 5099 446 5170 τὴν
478 5105 608 5174 περὶ
635 5106 735 5175 τὴν
767 5110 1025 5166 πολύθεον
1059 5115 1270 5188 πλάνην
1294 5097 1614 5192 συγχέοντος
1636 5125 1732 5178 τοῦ

138 5186 580 5281 ἐπιδημήσαντος
604 5197 785 5261 αὐτοῖς
814 5201 1041 5273 Κυρίου.
1074 5207 1166 5259 Διὸ
1200 5186 1431 5281 εἴρηταί*
1457 5186 1604 5268 κατὰῗ
1640 5216 1732 5269 τὸν

151 5277 406 5371 Ἀκύλαν,
437 5301 455 5332 ι
488 5285 602 5338 Καὶ
637 5290 915 5348 στασιάσω
947 5277 1268 5364 Αἰγυπτίοις
1307 5277 1665 5371 Αἰγυπτίους
1705 5327 1723 5360 ι

140 5368 379 5460 suae:
418 5371 512 5424 τὸν
546 5373 862 5450 Σύμμαχον,
903 5400 922 5433 ‹
963 5384 1231 5456 Συμϐαλῶ
1260 5368 1588 5460 Αἰγυπτίους
1625 5368 1730 5450 Αἰο

1878 537 2290 607 adscriberent,
2316 542 2411 596 sed
2433 542 2597 596 etiam
2621 543 2689 597 ad
2706 559 2876 612 usque
2901 547 3180 601 brutorum
3204 546 3455 601 animan-

1879 628 2037 694 tium,
2072 629 2311 686 ferarum
2346 633 2686 701 immanium,
2709 635 2990 692 volucrum
3044 647 3100 693 et
3148 638 3447 708 reptilium,

1877 729 1938 775 ut
1973 720 2222 787 deorum,
2253 723 2454 778 cultum
2479 725 2880 782 delaberentur.
2914 727 2990 780 lta
3015 743 3144 782 vero
3173 728 3450 782 dominatu

1875 820 1934 867 et
1961 813 2297 881 providentia
2325 829 2556 869 vacuum
2581 818 2897 872 universum
2932 817 3361 880 arbitrabantur,
3390 824 3451 870 ut

1876 918 1972 958 rex
1995 905 2218 975 quidam
2247 920 2438 961 eorum
2466 907 2814 975 impudenter
2843 908 3070 972 diceret,
3109 925 3128 958 ι
3163 907 3278 962 Νοη
3325 905 3450 961 novi

1874 996 2186 1064 Dominum,
2221 1007 2324 1065 iet,
2357 1015 2376 1048 ι
2409 997 2540 1065 Quis
2565 1007 2648 1052 est
2671 999 2825 1066 cujus
2851 1011 3042 1052 vocem
3075 997 3291 1051 audiam
3316 995 3441 1050 “‘h

1874 1087 2001 1142 Haec
2031 1103 2192 1158 porro
2246 1089 2376 1159 ipsis
2435 1092 2694 1160 operibus
2747 1093 2907 1147 ﬁnem
2942 1098 3306 1160 acceperunt,
3341 1102 3449 1159 quo

1873 1189 2121 1250 tempore
2153 1183 2400 1238 ecclesiae
2431 1183 2523 1237 Dei
2559 1198 2655 1253 per
2686 1191 2855 1239 totam
2896 1181 3192 1253 Egyptum
3239 1180 3448 1236 consti-

1873 1274 2184 1340 tuebantur,
2213 1291 2274 1332 ac
2302 1275 2418 1345 ipse
2455 1276 2716 1331 Dominus
2766 1277 2833 1331 ad
2889 1275 3174 1346 Egyptios
3203 1273 3447 1344 peregri-

1872 1374 2033 1422 natus
2062 1377 2166 1430 est,
2195 1382 2324 1422 suas
2374 1366 2604 1422 visitans
2631 1367 2893 1422 ecclesias
2948 1366 3248 1421 secundum
3290 1363 3446 1426 illud,

1875 1476 1897 1510 ι
1924 1457 2029 1514 Ubi
2060 1459 2167 1513 duo
2205 1457 2290 1512 vel
2349 1466 2461 1513 tres
2521 1458 2840 1529 congregati
2889 1456 3090 1512 fuerint
3146 1456 3200 1509 in
3229 1453 3447 1509 nomine

1869 1565 2013 1614 meo,
2049 1550 2158 1604 illic
2189 1564 2308 1605 sum
2341 1550 2394 1605 in
2437 1550 2613 1604 medio
2660 1565 2848 1604 eorum
2880 1549 2949 1602 ".
2993 1567 3012 1602 ι
3045 1545 3122 1602 ita
3150 1546 3316 1616 igitur
3357 1559 3445 1599 ec-

1870 1643 2047 1697 clesiae
2081 1643 2298 1710 quidem
2334 1642 2452 1711 ejus
2482 1643 2660 1713 gratia
2688 1641 2988 1712 fulgebant,
3018 1641 3324 1696 dmmonum
3353 1651 3454 1693 auo-

1869 1745 1976 1791 tem
2004 1735 2077 1792 ibi
2107 1737 2406 1806 vigentium
2433 1750 2590 1791 error
2625 1736 3027 1792 destruebatur.

1939 1915 2106 1973 Vens.
2142 1916 2195 1972 2.
2236 1935 2256 1969 ι
2289 1918 2355 1972 Ει
2385 1917 2770 1972 excitabuntur
2787 1913 3026 1990 Egyptii
3051 1913 3104 1971 in
3129 1915 3441 1986 Egypttos,

1867 2018 1922 2063 et
1962 2010 2188 2065 bellabit
2231 2011 2395 2067 homo
2423 2011 2680 2066 adversus
2710 2010 2947 2068 fratrem
2976 2025 3156 2074 suum,
3195 2019 3250 2063 et
3280 2011 3444 2064 homo

1865 2102 2126 2158 adversus
2157 2103 2465 2172 proximum
2512 2115 2697 2158 suum.
2730 2123 2750 2157 ι
2810 2104 2878 2158 Et
2928 2105 3042 2158 haec
3079 2103 3298 2172 quidem
3341 2103 3442 2156 im-

1861 2193 2150 2264 plebantur
2168 2204 2289 2264 post
2310 2197 2676 2266 evangelicam
2705 2195 3171 2266 praedicationem,
3193 2210 3314 2266 quas
3345 2209 3446 2264 per

1865 2297 2028 2343 lotam
2064 2288 2355 2358 ngyptum
2406 2292 2670 2359 pervasit,
2723 2305 2831 2361 quo
2862 2299 3106 2360 tempore
3143 2291 3440 2344 inanimata

1861 2378 2150 2433 simulacra
2202 2393 2231 2431 a
2285 2381 2525 2434 statione
2587 2395 2683 2435 sua
2733 2395 2894 2450 quam
2931 2395 2960 2433 a
2999 2378 3197 2434 saeculo
3233 2379 3448 2434 obtine-

1858 2470 2012 2533 bant,
2053 2485 2282 2526 excussa
2336 2481 2498 2538 sunt,
2552 2480 2611 2526 ut
2649 2487 2757 2526 non
2795 2471 2938 2525 ultra
2991 2485 3059 2524 ex
3105 2470 3286 2539 p0puli
3331 2470 3441 2525 fre-

1861 2562 2080 2631 quentia
2123 2563 2360 2618 ﬁrmiter
2406 2573 2573 2628 stare,
2625 2579 2724 2618 nec
2771 2563 2939 2619 solida
2980 2563 3276 2618 subsistere
3311 2577 3438 2632 pos-

1859 2662 2022 2708 sent:
2058 2653 2340 2710 daemones
2371 2671 2500 2710 vero
2542 2656 2802 2726 maligni,
2842 2655 2931 2723 qui
2981 2655 3032 2709 in
3079 2654 3209 2724 ipsis
3250 2670 3348 2710 ceu
3381 2655 3441 2709 ia

1859 2743 2096 2799 latibulis
2126 2747 2384 2816 agebant,
2421 2748 2472 2800 in
2505 2747 2570 2800 iis
2611 2748 2741 2816 ipsis
2775 2745 2908 2800 nihil
2947 2761 3068 2801 esse
3099 2745 3437 2816 comprobati

1860 2844 2007 2890 sunt.
2045 2835 2515 2902 Quemadmodum
2546 2839 2690 2892 enim
2723 2837 2900 2892 civilis
2932 2835 3195 2890 tumultus
3227 2851 3326 2905 per
3354 2845 3436 2890 to-

1858 2937 1968 2983 tam
2000 2929 2294 3001 Egyptum
2327 2931 2702 2986 concitabatur
2722 2971 2737 2996 ,
2781 2929 2992 3000 populis
3024 2929 3432 2992 dissidentibus,

1859 3020 2155 3092 divisisque
2193 3021 2386 3079 studiis
2417 3037 2517 3091 per
2546 3023 2735 3077 domos
2779 3031 2968 3076 mutuo
2997 3020 3386 3075 altercantibus
3417 3036 3432 3072 :

1859 3113 2002 3184 quod
2039 3129 2106 3170 ex
2143 3115 2353 3170 civibus
2389 3114 2627 3185 regionis
2675 3113 2884 3178 incolis,
2921 3113 3009 3168 alii
3057 3113 3274 3182 quidem
3308 3111 3440 3166 reli-

1859 3213 1947 3258 cto
1980 3206 2247 3262 diabolico
2272 3223 2334 3262 ac
2368 3205 2692 3278 Egyptiaco
2727 3221 2935 3273 errore,
2966 3207 3031 3262 ad
3067 3206 3432 3276 evangelicam

1856 3297 2291 3367 praedicationem
2324 3301 2678 3363 accederent,
2715 3299 2807 3352 alii
2853 3313 2982 3353 vero
3022 3298 3074 3352 in
3116 3299 3304 3352 eodem
3352 3311 3436 3351 er-

1857 3403 1983 3442 rore
2021 3399 2459 3457 perseverantes,
2493 3371 2821 3458 inexpiabile
2849 3389 3046 3444 bellum
3091 3397 3277 3443 contra
3312 3388 3432 3442 illos

1855 3481 2201 3537 excitarent:
2243 3483 2324 3537 sic
2375 3482 2539 3554 igitur
2575 3482 2924 3553 insurgebant
2963 3480 3199 3552 Egyptii
3238 3489 3429 3536 contra

1854 3571 2157 3644 Egyptios.

1929 3663 2091 3719 Vens.
2125 3665 2250 3733 5,4.
2274 3683 2293 3716 ‹
2313 3664 2515 3721 Civitas
2548 3667 2806 3721 adversus
2840 3666 3136 3733 civitatem,
3164 3674 3428 3721 etnomus

1853 3769 2114 3810 adversus
2169 3772 2408 3812 nomum.
2447 3758 2511 3811 Et
2539 3758 2847 3812 turbabitur
2890 3757 3111 3828 spiritus
3146 3757 3425 3828 Egyptio-

1853 3861 1971 3900 rum
2019 3848 2072 3900 in
2124 3848 2290 3916 ipsis,
2337 3857 2392 3902 et
2439 3848 2721 3903 consilium
2767 3863 2951 3904 eorum
3009 3847 3303 3918 dissipabo.
3359 3848 3424 3904 Et

1852 3936 2261 4005 interrogabnnt
2330 3939 2458 3992 deos
2507 3953 2636 3994 suos
2700 3946 2751 3994 et
2824 3939 3113 3993 simulacra
3163 3955 3302 4005 sua,
3371 3949 3424 3994 et

1851 4043 1968 4092 eos,
1999 4029 2090 4097 qui
2132 4028 2199 4083 de
2247 4037 2390 4082 terra
2448 4029 2746 4098 loquuntur
2774 4070 2789 4094 ,
2831 4039 2886 4084 et
2929 4030 3319 4100 ventriloquos.
3359 4031 3423 4087 Et

1855 4120 2060 4172 tradam
2115 4118 2406 4190 Egypttirn
2450 4121 2504 4174 in
2558 4135 2752 4175 manus
2800 4121 3113 4186 hominum,
3161 4121 3422 4177 durorum

1850 4208 2217 4272 dominorum,
2247 4220 2298 4262 et
2343 4224 2496 4278 reges
2525 4211 2643 4263 duri
2685 4211 3107 4266 dominabuntur
3147 4226 3355 4267 eorum.
3398 4231 3420 4266 ι

1849 4299 2005 4354 Nomi
2065 4301 2207 4369 apud
2255 4292 2544 4372 ngyptios
2599 4302 2864 4370 hodieque
2928 4316 3196 4358 vocantur,
3236 4317 3422 4359 eorum

1848 4394 2119 4462 regiones,
2156 4407 2276 4461 quae
2329 4396 2492 4447 etiam
2541 4395 2730 4448 eadem
2764 4393 2832 4448 de
2871 4409 3032 4448 causa
3080 4405 3266 4448 mutuo
3309 4397 3418 4449 dis-

1849 4485 2049 4539 sident.
2088 4483 2383 4539 Atheorum
2433 4495 2613 4539 autem
2661 4485 2768 4539 vita
2818 4486 2886 4539 ab
2939 4486 3180 4541 instituto
3224 4500 3417 4540 secun-

1846 4575 1971 4628 dum
2031 4576 2194 4628 Deum
2244 4576 2637 4641 dissentiebat,
2683 4587 2738 4631 et
2786 4591 2978 4631 nomns
3016 4578 3274 4631 adversus
3317 4593 3416 4632 no-

1845 4682 1991 4719 mum
2031 4667 2375 4738 insurgebat,
2417 4669 2728 4736 evangelica
2773 4668 2888 4738 lege
2930 4670 3002 4738 (s.
3045 4667 3214 4739 νόμῳ)
3249 4667 3415 4740 Eg}-

1844 4757 2316 4826 ptiorum-legalia
2369 4760 2752 4824 subvertente,
2806 4774 2867 4814 ac
2919 4759 3156 4814 vicissim
3194 4753 3414 4814 idolola-

1847 4850 1960 4904 tria:
1999 4849 2113 4920 lege
2158 4851 2397 4904 salutare
2429 4852 2654 4906 verbum
2681 4861 3047 4921 oppugnante.
3087 4849 3214 4906 Haec
3249 4865 3415 4921 porro

1841 4939 2022 4994 omnia
2071 4941 2496 5011 contingebant,
2552 4939 2932 5012 Egyptiorum
2989 4956 3315 4997 consensum
3355 4949 3413 4996 et

1841 5034 2186 5088 concordiam
2222 5036 2370 5090 circa
2413 5036 2703 5090 multorum
2748 5035 2970 5089 deorum
3007 5049 3246 5089 errorem
3279 5048 3412 5087 con-

1841 5122 2100 5179 fundente
2130 5125 2378 5190 Domino,
2433 5127 2526 5196 qui
2571 5127 2638 5180 ad
2685 5125 2832 5194 ipsos
2879 5125 3197 5180 advenerat.
3233 5124 3411 5190 Quare

1838 5217 2134 5270 secundum
2161 5217 2411 5287 Aquilam
2445 5220 2666 5283 dicitur,
2702 5238 2721 5270 ‹
2761 5219 2830 5273 Et
2864 5218 3182 5273 seditionem
3211 5231 3408 5284 ponam

1834 5309 1974 5365 inter
2014 5311 2298 5382 Aﬂgyptios
2324 5322 2379 5365 et
2409 5312 2731 5384 Egyptios;
2775 5331 2793 5364 ι
2829 5314 3124 5368 secundum
3164 5311 3409 5383 Symma-

1831 5400 1990 5453 chum
2036 5415 2182 5464 vero,
2239 5419 2258 5452 ‹
2316 5401 2658 5456 Committam
2713 5401 3003 5472 IEgyptios
3059 5416 3185 5457 cum
3243 5400 3408 5472 Egy-

141 5459 408 5562 rimimq:
518 5464 761 5562 ξυγγενῆ
802 5470 861 5524 δὲ
894 5476 1107 5540 τούτοις
1137 5480 1230 5532 καί
1271 5459 1495 5552 ἀδελφὰ,
1526 5486 1725 5556 μᾶλλον

1861 5498 1975 5545 ιῑιιε.
2022 5509 2040 5541 ›
2091 5488 2183 5545 llis
2233 5507 2394 5560 porro
2437 5489 2614 5546 atlinia
2675 5502 2731 5548 et
2777 5492 2996 5558 similia,
3055 5492 3166 5547 imo
3225 5493 3407 5562 potius

141 5545 194 5600 δὲ
237 5550 306 5604 τὰ
337 5551 480 5607 αὐτὰ
528 5555 737 5630 ἑτέροις
779 5563 1017 5634 ῥήμασιν
1051 5569 1215 5634 αὐτὸς
1255 5573 1284 5625 6
1325 5545 1538 5648 Κύριος.
1565 5579 1724 5651 ἡμῶν

1861 5581 2013 5640 adem
2059 5583 2174 5655 ipsa
2209 5545 2329 5641 aliis
2371 5584 2552 5642 verbis
2598 5585 2852 5642 Dominus
2896 5593 3080 5644 noster
3119 5588 3176 5642 in
3223 5583 3404 5640 Evan-

212 5724 254 5760 "
283 5728 456 5790 Exod.
493 5749 526 5788 v
554 5779 567 5804 ,
624 5737 679 5794 2.
753 5741 797 5773 ⁹²
830 5740 1015 5800 Matth.
1058 5762 1211 5816 xvm,
1242 5747 1328 5805 20.
