3862 6210
436 317 551 379 225

1114 315 1393 376 EUSEBII
1426 315 1910 374 ϐλΕδΔΙὶΙΕΝΒΙΒ
1942 315 2012 377 Ol

2137 314 2317 371 PARS
2350 313 2441 370 Ill.
2476 343 2548 357 —
2583 311 2996 370 EXEGETICA.

3614 307 3726 366 224

437 439 597 511 geliis
640 438 845 506 docuit,
889 439 1105 509 dicens,
1167 458 1187 494 ι
1224 439 1407 498 Nolite
1451 452 1648 512 putare
1690 443 1836 513 quod
1862 455 2012 497 vene-

2134 441 2193 493 ἐν
2218 437 2576 508 Εὐαγγελίοις
2618 436 2864 491 ἐδίδασκε
2904 434 3117 504 λέγων·
3171 452 3189 484 ι
3230 430 3321 503 Μὴ
3348 445 3608 502 νομισητι
3638 429 3722 483 ὅτι

439 532 544 585 ritu
579 544 770 602 pacem
800 530 1021 587 mittere
1058 546 1224 602 super
1249 541 1493 587 terram:
1540 548 1647 588 non
1683 534 1802 588 veni
1838 548 2026 603 pacem

444 622 685 688 mittere,
716 624 813 679 sed
844 622 1081 695 gladium
1112 623 1182 690 ",
1217 642 1238 676 ν
1266 633 1322 678 et
1358 632 1579 678 caetera.
1616 623 1713 679 llis
1741 639 1909 695 porro
1934 637 2029 694 ge-

437 711 562 782 stis,
593 713 1030 769 conturbandum
1063 728 1185 770 esse
1218 715 1295 768 ait
1318 714 1571 784 spiritum
1606 714 2023 787 JEgyptiorum;

436 803 738 860 secundum
780 803 1171 875 Symmachum
1220 819 1375 871 vero,
1423 822 1443 856 ι
1489 804 1558 860 Et
1602 815 1885 876 rumpatur
1918 807 2027 875 spi—

435 893 581 951 ritus
618 892 839 967 .‘Egypti
878 895 933 950 in
968 896 1120 965 ipsa;
1168 912 1188 947 ›
1228 894 1529 951 secundum
1572 895 2023 965 Theodotionem,

439 999 468 1036 α
501 983 569 1039 Et
608 985 892 1041 scindetur
931 984 1157 1055 spiritus
1199 981 1423 1054 Egypti
1467 983 1522 1039 in
1565 984 1721 1053 ipsa;
1766 1004 1786 1038 ι
1829 985 2023 1056 Aquila

436 1083 624 1132 autem
658 1076 739 1132 sic
789 1076 885 1141 ait,
946 1093 967 1128 ι
1012 1073 1082 1131 Et
1122 1075 1370 1130 tradetur
1414 1075 1646 1145 spiritus
1692 1077 1915 1149 Egypti
1970 1078 2024 1135 in

434 1169 743 1226 visceribus
771 1167 909 1239 ejus.
956 1188 977 1222 ι
1008 1169 1123 1226 Hoc
1160 1179 1341 1226 autem
1389 1170 1607 1241 dirupto
1650 1186 1713 1227 ac
1740 1186 1806 1228 ex
1838 1172 2027 1228 Eccle-

435 1262 520 1320 sia
565 1264 846 1335 proiecto,
892 1263 959 1318 ad
1012 1262 1315 1333 profectum
1366 1262 1753 1335 Egyptiorum
1793 1266 2023 1321 consilia

432 1370 599 1428 prava
630 1355 953 1433 ineuntium,
984 1354 1098 1425 Ego
1134 1355 1270 1426 ipse,
1314 1356 1393 1411 ait
1424 1357 1704 1424 Dominus,
1732 1358 2022 1416 consilium

431 1462 625 1505 eorum
660 1446 954 1518 dissipabo.
1006 1464 1027 1500 ι
1080 1447 1149 1502 Ει
1186 1448 1604 1519 interrogabant
1634 1450 1778 1519 [deos
1808 1465 1939 1507 suos
1969 1456 2025 1505 et

430 1539 725 1598 simulacra
757 1554 888 1607 sua,
932 1548 991 1596 et
1025 1554 1119 1596 eos
1156 1540 1249 1608 qui
1289 1541 1358 1597 de
1402 1552 1547 1597 terra
1600 1541 1929 1614 loquuntur,
1968 1550 2025 1596 et

428 1631 823 1702 ventriioquos.
860 1651 880 1685 ι
921 1628 1130 1687 Horum
1175 1630 1396 1687 nemine
1436 1645 1536 1701 pro
1576 1640 1839 1688 consueto
1871 1645 2023 1686 more

430 1734 749 1795 apparente,
796 1724 849 1779 in
890 1734 1164 1782 extremas
1195 1726 1476 1793 angustias
1504 1726 1846 1781 delabantur.
1894 1743 1913 1777 ι
1954 1725 2020 1779 Et

2128 528 2290 604 ἦλθον
2320 531 2500 604 βαλεῖν
2525 532 2750 601 εἰρήνην
2780 529 2873 582 ἐπὶ
2901 529 3004 599 τὴν
3034 527 3162 598 γῆν·
3204 526 3306 580 οὐκ
3337 520 3500 595 ἦλθον
3536 523 3723 592 βαλεῖν

2128 626 2375 696 εἰρήνην,
2405 622 2543 679 ἀλλὰ
2589 623 2885 694 μάχαιραν,
2926 638 2944 672 ι
2974 620 3070 673 καὶ
3102 617 3170 671 τὰ
3229 616 3377 687 ἑξῆς.
3407 614 3629 669 Τούτων
3662 615 3722 668 δὲ

2127 714 2451 786 γινομένων,
2485 711 2928 784 ταραχθήσεσθαί
2951 725 3116 781 φησιν
3154 708 3184 760 6
3216 707 3373 776 λόγος
3408 706 3470 759 τὸ
3499 704 3723 776 πνεῦμα

2125 805 2236 860 τῶν
2265 806 2581 874 Αἰγυπτίων
2600 822 2615 836 ·
2656 806 2799 858 κατὰ
2826 803 2883 856 δὲ
2909 802 3000 856 τὸν
3020 800 3336 872 Σύμμαχον,
3362 818 3380 850 ι
3401 799 3512 853 Kal
3539 798 3719 869 ῥαγή-

2128 914 2278 952 σεται
2312 897 2532 969 πνεῦμα
2560 895 2839 965 Αἰγύπτου
2864 896 2923 947 ὲν
2955 894 3117 965 αὐτῇ.
3153 912 3172 946 ο
3209 892 3367 946 Κατὰ
3386 890 3456 943 δὲ·
3471 890 3565 943 τὸν
3584 889 3720 942 Θεο-

2122 989 2372 1057 δοτίωνα,
2419 1010 2439 1042 ι
2487 989 2599 1044 Kal
2631 988 2983 1060 σχισθήσεται
3010 985 3071 1039 τὸ
3103 983 3321 1055 πνεῦμα
3348 980 3627 1051 Αἰγύπτου
3656 980 3717 1033 ὲν

2124 1084 2286 1155 αὐτῇ·
2325 1102 2346 1135 ι
2380 1085 2408 1137 6
2436 1082 2494 1136 δὲ
2553 1081 2815 1145 Ἀκύλας,
2847 1099 2866 1132 ι
2901 1079 3014 1133 Kal
3036 1075 3470 1149 παραδοθήσεται
3495 1072 3719 1144 πνεῦμα

2123 1172 2402 1245 Αἰγύπτου
2432 1177 2490 1230 ὲν
2519 1174 2737 1245 ἐγκάτῳ
2761 1172 2954 1242 αὐτῆς.
2984 1188 3005 1222 ι
3051 1168 3257 1223 Τούτου
3280 1168 3337 1222 δὲ
3371 1164 3715 1239 ῥηγνυμένου

2124 1272 2219 1325 καὶ
2250 1268 2799 1343 καταρριπτουμένου
2826 1267 2893 1320 ὲκ
2933 1265 3036 1335 τῆς
3074 1262 3420 1333 Ἑκκλησίας,
3458 1260 3714 1332 προκοπῇ

2121 1365 2232 1420 τῶν
2260 1362 2573 1433 Αἰγυπτίων
2615 1360 2810 1432 βουλὰς
2853 1356 3097 1430 πονηρὰς
3132 1353 3509 1417 ἐπινοούντων,
3547 1348 3713 1419 Ἐγὼ,

2124 1457 2314 1529 φησὶν,
2330 1455 2494 1520 αὐτὸς
2516 1457 2545 1509 6
2566 1450 2908 1525 Κύριος,τὴν
2936 1446 3128 1521 βουλὴν
3149 1445 3329 1501 αὐτῶν
3348 1443 3711 1499 διασκεδάσω.

2128 1569 2148 1602 ι
2185 1550 2295 1604 Kal
2321 1549 2731 1622 ἐπερωτήσουσι
2754 1547 2883 1607 τοὺς
2904 1543 3062 1607 θεοὺς
3090 1541 3290 1606 αὐτῶν,
3319 1539 3415 1594 καὶ
3450 1538 3519 1593 τὰ
3543 1537 3716 1608 ἁγάλ-

2127 1659 2272 1713 ματα
2314 1642 2514 1705 αὐτῶν,
2558 1639 2656 1694 καὶ
2694 1639 2821 1702 τοὺς
2860 1638 2927 1690 ὲκ
2967 1636 3069 1707 τῆς
3110 1634 3215 1705 γῆς
3256 1631 3586 1704 φωνοῦντας,
3616 1630 3717 1686 καὶ

2122 1735 2251 1798 τοὺς
2281 1730 2776 1804 ἐγγαστριμύθους.
2818 1749 2837 1780 ι
2872 1726 3072 1785 Οὐκέτι
3117 1724 3343 1796 μηδενὸς
3376 1722 3580 1777 τούτων
3614 1721 3714 1774 αύ-

433 1817 645 1872 tradam
671 1816 973 1890 Egyptum.
996 1820 1050 1875 in
1081 1834 1275 1876 manus
1310 1820 1613 1884 hominum,
1673 1819 2012 1873 dominorum

2122 1826 2238 1887 τοῖς
2266 1803 2511 1893 συνήθως
2557 1818 2909 1891 φαινομένου,
2948 1819 3029 1881 εἰς
3071 1815 3308 1887 ἐσχάτην
3344 1810 3715 1885 ἐμπεσοῦνται

431 1908 721 1977 dnrorum,
778 1919 834 1965 et
881 1924 1039 1981 reges
1080 1912 1201 1967 duri
1257 1910 1683 1967 dominabuntur
1727 1924 1941 1964 eorum.
1995 1927 2012 1962 ι

2122 1916 2378 1988 ἀπορίαν,
2423 1934 2440 1967 ε
2478 1914 2590 1969 Kal
2618 1909 2927 1985 παραδώσω
2964 1908 3066 1981 τὴν
3102 1906 3376 1977 Αἴγυπτον
3404 1907 3485 1969 εἰς
3520 1906 3715 1976 χεῖρας

431 1990 532 2049 His
570 1994 796 2050 indicari
842 2006 973 2065 puto
1015 2006 1227 2068 tempus
1284 2014 1392 2069 quo
1467 2007 1725 2053 eventura
1777 2009 1905 2054 sunt
1956 2012 2012 2053 ea

2121 2008 2448 2081 ἀνθρώπων,
2498 2006 2705 2079 κυρίων
2752 2001 3022 2074 σκληρῶν,
3067 2002 3162 2056 καὶ
3204 2000 3445 2072 βασιλεῖς
3481 1998 3717 2069 σκληροὶ

425 2097 551 2154 qua}
577 2084 630 2139 in
662 2086 919 2142 vaticinio
946 2085 1233 2144 teruntur:
1275 2105 1401 2145 nam
1445 2088 1832 2161 Egyptiorum
1864 2091 2012 2161 regni

2121 2098 2505 2172 κυριεύσουσιν
2572 2096 2774 2151 αὐτῶν.
2835 2114 2855 2147 ι
2939 2090 3206 2147 Ἐνταῦθα
3272 2088 3562 2161 δηλοῦσθαι
3616 2088 3716 2142 τὸν

426 2175 785 2231 mutationem
836 2176 954 2233 fore
991 2178 1303 2251 signiﬁcat,
1338 2195 1446 2249 quo
1478 2189 1723 2252 tempore
1758 2182 2012 2239 Dominus

2120 2189 2311 2260 χρόνον
2352 2184 2507 2260 οἶμαι
2545 2186 2647 2257 τῆς
2684 2184 2793 2238 τῶν
2825 2180 3231 2253 θεσπιςομένων
3274 2178 3571 2241 ἐκϐάσεως
3608 2193 3712 2247 με-

427 2264 486 2320 in
519 2262 821 2337 Egyptum
853 2267 1253 2336 proﬁciscetur.
1302 2270 1437 2337 Quis
1467 2286 1597 2327 vero
1626 2288 1733 2328 non
1777 2282 2016 2344 stupeat,

428 2358 480 2414 si
560 2367 777 2428 tempus
821 2361 1068 2417 conferat
1116 2364 1373 2419 salutaris
1424 2366 1825 2434 praedicationis
1893 2382 2015 2423 cum

359 2500 363 2507 .
425 2450 583 2521 regni
624 2449 936 2524 Egyptiaci
987 2456 1307 2523 eversione,
1363 2458 1637 2527 quomodo
1679 2458 1889 2514 scilicet
1918 2474 2018 2514 ex-

426 2541 554 2597 inde
585 2544 653 2598 ad
688 2534 1011 2600 hodiernum
1051 2562 1224 2619 usque
1274 2549 1443 2616 diem,
1493 2565 1601 2605 non
1654 2550 1799 2606 ultra
1847 2552 2015 2622 prisci

423 2635 503 2691 illi
538 2637 831 2708 principes,
856 2638 1130 2696 Ptolemaei
1160 2657 1377 2714 nempe,
1413 2643 1548 2714 ipsis
1578 2644 1887 2715 imperent},
1919 2644 2015 2700 sed

424 2726 659 2785 Romani
698 2745 893 2786 eorum
914 2730 1162 2788 domini?

490 2995 601 3053 Pro
635 2997 730 3054 illo
758 3008 967 3067 autem,
1001 3018 1023 3054 ι
1061 3014 1220 3072 reges
1266 3003 1410 3069 duri,
1446 3022 1466 3057 ο
1500 3005 1716 3076 Aquila,
1751 3024 1771 3057 ι
1810 3005 1879 3063 Et
1913 3020 2012 3062 rex

420 3087 713 3144 roboratus
738 3090 989 3161 regnabit
1024 3091 1197 3162 ipsis:
1234 3112 1254 3146 ι
1282 3093 1645 3165 Symmachus
1680 3098 1848 3162 vero,
1884 3115 1905 3150 ι
1946 3098 2013 3153 Et

420 3191 520 3232 rex
560 3176 734 3235 durus
758 3188 1084 3249 potestatem
1112 3182 1339 3239 habebit
1388 3185 1444 3240 in
1488 3185 1651 3254 illos;
1684 3204 1704 3238 ι
1755 3185 2010 3242 Theodo-

422 3269 523 3336 tio,
556 3288 577 3323 ι
608 3270 678 3326 Et
712 3287 809 3329 rex
845 3271 1003 3330 fortis
1028 3275 1400 3332 dominabitur
1432 3277 1557 3332 illis.
1594 3297 1616 3331 ι
1654 3278 1809 3334 Hunc
1847 3294 2012 3349 porro

419 3360 626 3417 dixeris
649 3377 774 3418 esse
812 3363 1220 3435 imperatorem,
1270 3367 1365 3436 qui
1400 3376 1646 3438 tempore
1686 3378 1841 3424 ortus
1887 3368 2011 3425 Sai-

418 3450 628 3507 ratoris
656 3454 835 3509 nostri
881 3453 1261 3512 Romanorum
1289 3459 1666 3514 monarchiam
1705 3460 2007 3517 obtinebat.

419 3538 575 3597 Tunc
612 3544 758 3600 enim
803 3546 1081 3617 Angustus
1121 3563 1253 3603 vere
1313 3550 1625 3616 roboratus,
1676 3565 1740 3607 ac
1791 3539 2013 3611 fortiter

418 3632 737 3706 imperans,
783 3638 994 3708 primus
1055 3638 1349 3710 Egyptum
1419 3641 1685 3699 Romanis
1738 3643 2009 3713 subiecit,

415 3736 706 3799 postquam
747 3730 1066 3785 diuturnam
1110 3731 1259 3786 illam
1306 3732 1379 3787 ibi
1432 3736 1781 3804 regnantium
1812 3735 2011 3808 .Ptole-

417 3832 676 3876 maiorum
714 3822 1125 3879 successionem
1163 3823 1487 3881 sustulerat.

489 4105 655 4164 Vna.
692 4108 748 4163 5.
785 4127 806 4162 ι
842 4109 975 4168 Habe
999 4113 1136 4170 dicit
1162 4114 1431 4173 Dominus
1475 4114 1752 4176 Sabaoth;
1811 4120 1881 4178 Et
1920 4121 2005 4178 bi-

414 4198 548 4256 bent
576 4198 815 4273 Egyptii
843 4218 1040 4275 aquam
1066 4221 1189 4277 quae
1213 4217 1298 4264 est
1321 4209 1478 4279 juxta
1514 4226 1686 4268 mare.
1719 4232 1740 4267 ›
1759 4212 1867 4270 Pro
1893 4229 2003 4286 quo

412 4292 641 4364 Aquila,
682 4312 703 4347 ι
733 4295 800 4351 Et
834 4296 1179 4367 haurientur,
1211 4298 1408 4371 inquit,
1438 4319 1460 4354 ι
1498 4317 1654 4373 aqua:
1675 4321 1742 4361 ex
1767 4306 1941 4374 mari;
1978 4324 1998 4358 ι

2117 2279 2350 2351 ταϐολὴν
2385 2278 2492 2350 γάρ
2534 2274 2757 2331 ἔσεσθαι
2786 2275 2888 2345 τῆς
2931 2273 3215 2345 βασιλείας
3254 2270 3363 2324 τῶν
3393 2268 3715 2338 Αἰγυπτίων

2118 2372 2400 2443 σημαίνει,
2427 2370 2570 2424 κατὰ
2598 2368 2727 2432 τοὺς
2757 2366 2984 2439 χρόνους
3019 2366 3120 2436 τῆς
3148 2363 3243 2416 τοῦ
3270 2361 3478 2433 Κυρίου
3504 2361 3583 2426 εἰς
3613 2360 3715 2413 Ατ-

2116 2478 2325 2531 γυπτον
2360 2460 2619 2530 ἀφίξεως.
2651 2457 2764 2511 Kal
2805 2456 2891 2520 τίς
2915 2455 3016 2508 οὐκ
3052 2454 3119 2508 ἂν
3149 2449 3471 2520 ἐκπλαγείη,
3499 2447 3713 2518 συμόα-

2116 2552 2225 2608 λὼν
2253 2553 2380 2618 τοὺς
2407 2551 2501 2606 τοῦ
2539 2550 2809 2622 σωτηρίου
2835 2547 3192 2620 κηρύγματος
3221 2543 3315 2598 καὶ¹
3341 2542 3441 2612 τῆς
3467 2542 3526 2594 ὲν
3554 2537 3714 2611 αὐτῷ

2115 2643 2469 2707 καταλύσεως
2511 2640 2608 2695 τοῦ
2655 2639 2777 2695 κατ’
2832 2638 3111 2707 Αἴγυπτον
3174 2633 3468 2707 βασιλείου,
3518 2632 3595 2697 ὡς
3648 2633 3713 2701 ἐξ

2114 2737 2324 2793 ἐκείνου
2368 2735 2466 2789 καὶ
2495 2736 2574 2797 είς
2614 2733 2775 2805 δεῦρο
2817 2731 3013 2804 μηκέτι
3052 2728 3233 2784 αὐτῶν
3275 2729 3403 2791 τοὺς
3440 2726 3713 2797 πρότερον

2114 2832 2402 2902 ἄρχοντας,
2433 2827 2576 2897 λέγω
2607 2825 2672 2897 δὴ
2699 2826 2826 2888 τοὺς
2854 2820 3246 2894 Πτολεμαίους,
3279 2821 3522 2892 κρατεῖν,
3568 2817 3712 2870 Ῥω-

2119 2923 2314 2995 μαίους
2339 2922 2396 2975 δὲ
2429 2917 2613 2973 αὐτῶν
2644 2917 2871 2990 κυρίους
2899 2914 3312 2985 ἀποφανθῆναι;

2199 3014 2344 3067 Ἀντὶ
2385 3013 2443 3066 δὲ
2474 3010 2592 3077 τοῦ,
2630 3029 2649 3062 ι
2695 3009 2933 3081 βασιλεῖς
2973 3006 3222 3079 σκληροὶ,
3278 3024 3298 3057 ι
3335 3006 3364 3058 6
3400 3004 3501 3075 μὲν
3544 3001 3710 3055 Ἀκύ-

2114 3106 2235 3171 λας,
2276 3122 2296 3158 t
2334 3104 2446 3158 Kal
2476 3101 2732 3174 βασιλεὺς
2761 3098 3242 3172 κεκραταιωμένος
3266 3096 3573 3167 βασιλεύσει
3606 3097 3708 3149 αύ-

2114 3199 2247 3263 τῶν,
2299 3217 2319 3249 )
2376 3195 2633 3268 εἴρηκεν·
2677 3195 2706 3247 6
2744 3192 2801 3246 δὲ
2840 3192 3161 3263 Σύμμαχος,
3212 3208 3230 3241 ι
3282 3188 3393 3243 Kal
3446 3186 3710 3258 βασιλεὺς

2116 3291 2352 3363 σκληρὸς
2384 3287 2688 3356 ὲξουσιάσει
2722 3284 2905 3341 αὐτῶν
2924 3301 2938 3315 ο
2976 3304 2997 3335 ι
3040 3284 3070 3337 6
3099 3283 3159 3337 δὲ
3189 3279 3502 3345 Θεοδοτίων,
3542 3298 3562 3331 ι
3592 3280 3711 3334 Kal

2115 3385 2369 3457 βασιλεὺς
2414 3380 2635 3451 ἰσχυρὸς
2673 3376 2954 3447 κυριεύσει
3006 3372 3207 3430 αὐτῶν.
3252 3392 3271 3425 ι
3330 3373 3521 3435 Εἴποις
3551 3370 3598 3423 δ’
3639 3371 3710 3424 ἂν

2112 3476 2303 3530 τοῦτον
2340 3470 2481 3527 εἶναι
2512 3470 2605 3525 τὸν
2640 3469 2785 3525 κατὰ
2816 3470 2943 3533 τοὺς
2988 3467 3215 3538 χρόνους
3261 3464 3363 3535 τῆς
3399 3463 3709 3534 γεννήσεως

2111 3567 2207 3621 τοῦ
2265 3569 2517 3641 Σωτῆρος
2577 3569 2736 3641 ήμῶν
2793 3566 2901 3621 τῶν
2945 3563 3232 3636 Ῥωμαίων
3284 3561 3711 3634 μοναρχήσαντα

2114 3659 2359 3731 βασιλέα.
2396 3661 2529 3715 Τότε
2545 3660 2678 3731 γοῦν
2706 3659 3015 3728 Αὔγουστος
3047 3652 3532 3728 κεκραταιωμένος
3559 3651 3704 3723 ἀλη-

2112 3751 2222 3816 θῶς
2254 3752 2350 3806 καὶ
2391 3751 2629 3825 ἰσχυρῶς
2672 3750 2997 3823 βασιλεύων,
3040 3747 3257 3821 πρῶτος
3296 3746 3395 3816 τὴν
3427 3743 3712 3813 Αἴγυπτον

2112 3843 2349 3912 ὑπέταξε
2394 3845 2709 3917 Ῥωμαίοις,
2738 3842 2986 3899 καθελὼν
3014 3842 3115 3913 τὴν
3149 3842 3214 3893 ἐκ
3245 3837 3459 3911 μακροῦ
3490 3837 3707 3908 κρατή-

2111 3955 2285 3993 σασαν
2310 3937 2564 4012 διαδοχὴν
2591 3937 2700 3991 τῶν
2727 3938 2859 4009 παρ’
2885 3934 3071 3998 αὐτοῖς
3102 3930 3541 4004 βασιλευσάντων
3564 3929 3709 3982 Πτο-

2109 4030 2379 4177 latura;
2411 4120 2561 4191 λέγει
2594 4118 2803 4195 Κύριος
2852 4116 3080 4171 Σαϐαὼθ
3100 4133 3114 4149 θ
3160 4115 3273 4171 Kal
3312 4115 3527 4168 πίονται
3555 4112 3710 4187 ὕδωρ

2108 4216 2170 4271 τὸ
2219 4213 2373 4288 παρὰ
2419 4214 2698 4269 θάλασσαν
2734 4213 2784 4266 οἰ
2818 4210 3127 4281 Αἰγύπτιοι.
3179 4229 3199 4263 ι
3269 4207 3411 4263 Ἀνθ’
3446 4200 3507 4262 οὗ
3539 4210 3568 4260 6
3601 4208 3708 4279 μὲν

2120 4307 2371 4371 Ἀκύλας,
2404 4326 2422 4360 ι
2449 4307 2562 4360 Kal
2591 4303 3022 4375 άναποθήσεται,
3061 4302 3248 4373 φησὶν,
3277 4300 3447 4356 ὕδατα
3474 4299 3584 4355 άπὸ
3612 4300 3709 4355 θα-

412 4383 777 4456 Symmachus
832 4402 1003 4457 vero,
1039 4409 1061 4443 ‹
1105 4390 1172 4447 Et
1216 4394 1732 4453 exterminabuntur
1777 4412 1809 4453 a
1862 4401 2002 4455 mari

2119 4400 2315 4472 lason;
2335 4416 2349 4431 ·
2389 4419 2407 4452 ›
2444 4400 2473 4452 6
2498 4398 2557 4452 δὲ
2582 4397 2900 4469 Σύμμαχος,
2941 4414 2960 4447 ι
2998 4396 3109 4449 Kal
3135 4394 3564 4467 ἀφανισθήσεται
3592 4395 3710 4448 ἀπὸ

411 4490 590 4548 ηοω.
623 4496 646 4533 ι
691 4478 790 4536 ilic
825 4497 991 4549 porro
1034 4498 1134 4553 per
1178 4485 1349 4541 maria
1402 4486 1772 4545 turbulentam
1824 4489 2000 4565 Egy-

2119 4491 2385 4563 Βαλάσσης
2417 4491 2602 4546 ὕδατα.
2638 4509 2657 4541 ι
2693 4488 2989 4561 Τροπικῶς
3015 4488 3073 4541 δὲ
3094 4490 3122 4542 ὁ
3150 4487 3308 4556 λόγος
3335 4486 3615 4550 θαλάσσας
3643 4488 3709 4543 ὲν

411 4573 651 4641 ptiorum
704 4575 1109 4635 multitudinem
1155 4578 1545 4638 subindicavit.

483 4754 653 4817 Vsus.
691 4759 747 4819 6.
794 4781 814 4814 ‹
856 4762 1078 4823 Fluvius
1108 4774 1288 4821 autem
1335 4763 1554 4824 deﬁciet
1592 4780 1650 4826 et
1691 4779 1998 4831 exarescet.

411 4845 482 4901 Et
516 4848 770 4907 deﬁcient
806 4852 1055 4920 ﬁumina,
1094 4865 1150 4912 et
1210 4859 1432 4915 canales
1487 4857 1639 4915 ﬂuvii
1666 4900 1683 4928 ,
1728 4869 1783 4916 et
1818 4861 2002 4917 exsic-

410 4938 628 4995 cabitur
663 4944 842 4999 omnis
905 4950 1256 5017 congregatio
1314 4965 1607 5021 aquarum.
1659 4971 1680 5005 ι
1740 4951 1813 5009 Ut
1856 4969 2000 5012 novo

410 5029 534 5087 illos
560 5042 687 5104 potu
717 5038 999 5108 excipias:
1039 5055 1164 5096 cum
1197 5044 1343 5098 enim
1379 5058 1552 5114 neque
1582 5044 1783 5102 ﬂumen
1819 5062 1999 5118 neque

410 5124 518 5180 alia
558 5126 611 5182 in
658 5127 893 5201 Αἴθῃ)ῑο
935 5147 1075 5203 aqua
1106 5137 1367 5206 supersit,
1404 5153 1505 5193 nec
1540 5138 1753 5194 marina
1803 5141 1872 5195 ad
1905 5156 2000 5211 po-

411 5224 526 5271 tum
557 5218 758 5274 idonea
800 5220 893 5288 sit,
930 5236 1128 5278 novam
1175 5232 1233 5281 et
1271 5227 1619 5298 peregrinam
1650 5229 1770 5286 illos
1797 5245 1996 5301 aquam

411 5305 683 5364 bibituros
722 5310 818 5367 ait.
863 5311 997 5368 Erat
1035 5328 1202 5384 porro
1238 5315 1331 5372 illa
1360 5332 1482 5387 quae
1524 5334 1592 5375 ex
1634 5322 1877 5377 fontibus
1905 5338 1997 5378 sa-

409 5397 607 5456 lutaris
634 5417 663 5456 a
694 5401 926 5461 Domino
961 5405 1097 5477 ipsis
1136 5409 1611 5479 suppeditabatur.
1645 5413 1786 5481 Quin
1829 5414 1999 5471 etiam

409 5486 653 5548 Judaicis
688 5495 1068 5555 deﬁcientibus
1099 5502 1283 5572 aquis,
1313 5514 1565 5575 captores
1595 5505 1855 5575 piscium,
1897 5508 1999 5563 hu-

412 5598 697 5641 manarum
729 5603 925 5660 nempe
968 5592 1299 5664 animarum,
1341 5597 1610 5668 plancturi
1642 5612 1763 5654 esse
1806 5599 1994 5655 dicun-

485 5787 529 5820 ⁸³
559 5727 748 5847 Malth.
792 5807 820 5846 x
841 5830 855 5855 ,
890 5792 979 5846 3i.

2109 4584 2321 4649 τούτοις
2364 4584 2426 4639 τὸ
2474 4582 2792 4657 ταραχῶδες
2836 4581 3044 4654 πλῆθος
3082 4580 3191 4635 τῶν
3234 4580 3545 4651 Αἰγυπτίων
3584 4580 3735 4652 ᾐνίεχ

2110 4678 2261 4746 ξατο.

2186 4790 2205 4823 ι
2256 4771 2315 4825 Ὀ
2363 4770 2422 4824 δὲ
2452 4769 2697 4841 ποταμὸς
2726 4767 2968 4839 ἐκλείψει
3003 4767 3097 4822 καὶ¹
3130 4766 3550 4839 ξηρανθήσεται.
3586 4767 3707 4820 Kal

2108 4863 2447 4934 ἐκλείψουσιν
2479 4864 2529 4916 οἱ
2562 4863 2820 4934 ποταμοὶ,
2850 4864 2947 4916 καὶ
2995 4863 3051 4915 αἰ
3089 4860 3358 4932 διώρυγες
3399 4859 3494 4913 τοῦ
3526 4876 3703 4914 ποτα-

2111 4956 2237 5028 μοῦ,
2286 4957 2380 5010 καὶ
2430 4953 2828 5028 ξηρανθήσεται
2871 4955 3023 5008 πᾶσα
3065 4952 3357 5023 συναγωγὴ
3397 4952 3631 5006 ὑδάτων.
3678 4971 3700 5004 ι

2119 5051 2209 5112 Ὦς
2249 5048 2433 5103 καινὸν
2476 5049 2658 5112 αὐτοῖς
2690 5046 2907 5120 ξενίζῃς
2952 5047 3134 5100 πότον·
3175 5045 3373 5117 μηκέτι
3424 5043 3536 5116 γὰρ
3566 5045 3702 5115 ὕφε-

2108 5140 2312 5204 στῶτος
2341 5139 2435 5193 τοῦ
2467 5138 2736 5211 ποταμοῦ,
2772 5139 2908 5210 μηδὲ
2938 5139 3125 5210 ἐτέρου
3160 5134 3537 5206 Αἰγυπτιακοῦ
3572 5135 3702 5191 ὓδα-

2104 5250 2217 5297 τος,
2241 5231 2377 5286 ana
2411 5232 2545 5304 μηδὲ
2579 5231 2673 5285 τοῦ
2707 5231 2996 5286 θαλαττίου
3032 5230 3338 5302 ἐπιτηδείου
3372 5230 3525 5294 ὄντος
3558 5231 3702 5302 πρὸς

2106 5325 2287 5389 πόσιν,
2329 5326 2447 5379 νέον
2495 5326 2589 5379 καὶ
2628 5324 2778 5390 ξένον
2825 5324 2969 5397 ὕδωρ
3024 5323 3248 5379 πίεσθαι
3291 5324 3490 5388 αὐτούς
3534 5342 3700 5395 φησιο

2104 5415 2266 5470 τοῦτο
2295 5416 2351 5471 δὲ
2372 5412 2440 5488 ἦν
2474 5417 2535 5470 τὸ
2561 5418 2625 5471 ἐκ
2651 5416 2759 5470 τῶν
2786 5416 2979 5488 πηγῶν
3008 5416 3102 5471 τοῦ
3122 5416 3394 5489 σωτηρίου
3424 5415 3579 5487 παρὰ
3600 5416 3699 5469 τοῦ

2106 5510 2314 5582 Κυρίου
2353 5510 2536 5574 αὐτοῖς
2570 5508 2997 5582 χορηγούμενον.
3058 5509 3219 5565 Ἀλλὰ
3257 5508 3367 5581 γὰρ
3415 5509 3510 5564 καὶ
3548 5509 3698 5563 ὲκλι-

2106 5603 2316 5657 πόντων
2372 5603 2480 5658 τῶν
2540 5602 2847 5658 Ἰουδαϊκῶν
2904 5602 3134 5668 ὑδάτων,
3187 5604 3235 5657 οἱ
3289 5603 3526 5677 θηραταὶ
3583 5601 3695 5657 τῶν
