3862 6210
167 318 273 373 225

1141 314 1657 374 ΕΟΗΜΕΝΤΑΒΙΑ
1696 316 1765 372 ΙΝ
1806 317 2064 376 ΙΞΑΙΑΜ.
2105 348 2176 362 -—
2212 319 2368 381 CAP.
2409 322 2555 381 XIX.

168 436 392 510 ἰχθύων,
422 437 630 510 δηλαδὴ
665 436 780 491 τῶν
813 435 1173 516 ἀνθρωπίνων
1202 436 1434 508 ῖψυχῶν,
1478 437 1747 511 πενθήσειΙ

1877 445 1987 494 tur.
2035 436 2163 495 Illos
2198 447 2385 496 autem
2423 454 2455 496 a
2505 437 2774 513 propheta
2802 448 3137 498 memoratos
3166 439 3468 513 piscatores

164 529 432 598 λέγονται.
460 528 698 602 Νοήσεις
724 529 783 584 δὲ
810 531 940 593 τοὺς
967 529 1028 583 ὲν
1048 527 1129 600 τῷ
1158 530 1415 601 προφήτῃ
1440 529 1771 596 λεγομένους

164 622 339 687 ἁλιεῖς
375 622 476 677 καὶ
508 621 837 694 ἀμφιδολεῖς
877 620 939 689 ἐξ
975 620 1182 694 ἑτέρων
1213 621 1411 677 ἀλιέων
1459 622 1556 677 καὶ
1599 639 1772 695 σαγη-

155 714 394 778 νευτῶν,
429 714 577 783 λέγω
605 715 670 787 δή
701 715 812 769 τῶν
841 714 1179 780 ἀποστόλων,
1224 717 1320 770 καὶ
1370 715 1631 789 μαθητῶν
1670 715 1770 772 τοῦ

162 807 424 880 Σωτῆρος
472 808 657 880 ήμῶν,
700 803 786 872 οἷς
832 807 1073 877 ἐλέγετο,
1125 826 1145 860 ι
1179 806 1368 876 Δεῦτε,
1410 810 1509 864 καὶ
1555 810 1771 879 ποιήσω

164 900 310 972 ὑμᾶς
332 900 511 965 ἁλιεῖς
530 900 855 972 ἀνθρώπιον.
895 920 917 953 ι
943 901 1007 954 Εἰ
1041 900 1153 974 γὰρ
1180 895 1325 957 οὗτοι
1347 901 1437 956 διὰ
1459 902 1560 974 τῆς
1586 902 1769 958 αὐτῶν

162 990 517 1057 διδασκαλίας
548 992 810 1065 ἐθήρευον
836 991 939 1057 τὰς
964 992 1075 1045 τῶν
1099 993 1406 1067 ἀνθρώπων
1447 994 1646 1066 ψυχὰς,
1680 996 1771 1050 ἒλ-

162 1102 356 1150 κοντας
378 1086 478 1140 ἐπὶ
523 1086 823 1158 σωτηρίαν,
858 1087 947 1141 διά
984 1087 1039 1141 τί
1071 1089 1174 1142 οὐκ
1201 1086 1268 1140 ἂν
1307 1087 1484 1151 εἴποις
1514 1087 1611 1142 καὶ
1638 1087 1769 1153 τοὺς

160 1177 487 1245 Αἰγυπτίων
540 1178 868 1249 λεγομένους
911 1177 1085 1242 ἁλιεῖς
1124 1179 1222 1234 καὶ
1264 1177 1592 1250 ἀμφιδολεῖς
1637 1180 1770 1244 τοὺς

160 1268 334 1321 πάλαι
354 1268 718 1333 διδασκάλους
742 1268 843 1340 τῆς
868 1270 997 1341 παρ’
1027 1270 1215 1333 αὐτοῖς
1248 1267 1572 1339 φιλοσοφίας
1598 1263 1763 1336 εῖναι,

160 1358 210 1411 οἶ
251 1358 347 1413 διά
392 1360 497 1431 τῆς
533 1360 919 1431 Αἰγυπτιακῆς
969 1362 1249 1433 γοητείας,
1300 1362 1625 1432 επαγίδευον
1669 1362 1766 1419 καὶ

159 1451 354 1523 ὥσπερ
388 1452 673 1518 ἑδελέαζον
704 1452 832 1517 τοὺς
861 1453 954 1507 ὑπ’
994 1453 1175 1507 αὐτῶν
1208 1453 1636 1526 ἁλισκομένους)

234 1559 256 1591 ι
296 1539 414 1594 Kal
438 1540 499 1594 ὲν
524 1542 688 1596 παντί
719 1541 830 1596 ἕλει
854 1541 1103 1613 καλάμου
1133 1543 1229 1597 καὶ
1268 1543 1550 1617 παπύρου,
1577 1544 1674 1599 καὶ
1698 1544 1764 1599 τὸ

159 1629 255 1701 ἀχὶ
286 1630 351 1684 τὺ
385 1630 618 1703 χλωρὸν,
651 1632 763 1685 πᾶν
793 1632 856 1686 τὸ
888 1632 1076 1705 κύκλῳ
1098 1632 1194 1687 τοῦ
1219 1634 1491 1705 ποταμοῦ,
1518 1635 1617 1688 καὶ
1648 1635 1759 1691 πᾶν

158 1722 220 1775 τὸ
249 1723 617 1795 σπειρόμενον
654 1723 744 1777 διὰ
780 1722 875 1778 τοῦ
923 1724 1173 1797 ποταμοῦ
1204 1723 1607 1799 ξηρανθήσεται
1636 1726 1763 1780 ἀνε-

162 1815 462 1887 μόφθορον.
492 1816 603 1870 Καὶ
639 1817 988 1883 στενάξουσιν
1013 1819 1063 1871 οἰ
1090 1817 1286 1883 ἁλιεῖς,
1315 1819 1409 1873 καὶ
1440 1817 1760 1886 στενάξουσι
1790 1798 1835 1854 Β

156 1910 367 1972 πάντες
396 1910 449 1963 οἱ
480 1909 768 1980 βάλλοντες
803 1909 1103 1983 ἄγκιστρον
1129 1911 1211 1975 εἰς
1242 1911 1338 1965 τὸν
1370 1911 1641 1983 ποταμὸν,
1666 1910 1762 1966 καὶ

156 2003 203 2055 οἰ
233 2000 527 2073 βάλλοντες
553 2003 800 2075 σαγήνας
828 2003 925 2058 καὶ
956 2003 1281 2074 ἀμφιϐολεῖς
1306 2003 1689 2076 πενθήσουσιν.
1734 2022 1755 2058 ι

157 2094 410 2167 Παντελῆ
438 2095 498 2149 δὲ
536 2090 693 2167 οἴμαι
736 2095 1003 2168 ξηρασίαν
1048 2095 1258 2150 ὑδάτων
1303 2095 1394 2151 διά
1435 2096 1642 2153 τούτων
1670 2113 1763 2169 ση-

159 2185 399 2256 μαίνειν,
437 2184 515 2249 ὡς
552 2185 690 2257 μηδὲ
737 2184 885 2256 ἴχνος
914 2184 1137 2239 νοτίδων
1179 2185 1390 2241 ὑδάτων
1425 2188 1562 2259 μήτε
1589 2188 1647 2241 ὲν
1679 2185 1761 2257 τῷ

156 2278 395 2349 ποταμῷ
426 2277 738 2347 φαίνεσθαι,
775 2278 913 2350 μήτε
946 2279 1006 2331 ὲν
1042 2277 1123 2349 τῷ
1146 2276 1258 2337 ἕλει
1303 2279 1432 2350 μήτ’
1461 2279 1605 2350 ἀμφὶ
1652 2277 1761 2332 τῶν

155 2371 425 2441 ποταμῶν
453 2369 629 2434 ἐκτὸς,
660 2369 786 2439 μήτ’
806 2370 865 2422 ὲν
883 2367 1034 2440 αὐτῷ
1054 2368 1227 2441 μέσῳ,
1252 2370 1378 2442 μήτ’
1399 2371 1458 2423 ὲν
1481 2369 1759 2441 διώρυξιν,

158 2462 290 2535 μήτ’
312 2464 374 2515 ὲν
400 2462 688 2533 στασίμοις
724 2459 945 2515 ὕδασιν
982 2460 1158 2531 λείψιν
1200 2460 1260 2515 δὲ
1292 2460 1509 2533 ἀθρόως
1552 2460 1760 2516 τούτων

154 2555 379 2610 ἔσεσθαι
421 2555 701 2619 ἁπάντων,
736 2554 813 2617 ὡς
845 2554 1100 2626 μηδαμοῦ
1142 2554 1245 2625 τῆς
1285 2554 1608 2623 Αἰγυπτίων
1655 2558 1761 2627 γῆς

155 2646 328 2702 ὕδατα
374 2647 698 2718 ὑφεστάναι.
744 2645 886 2700 Ἀλλ’
924 2640 1079 2711 οὗτος
1117 2647 1148 2700 ὁ
1190 2646 1485 2721 λόγοςκαί
1523 2646 1616 2701 τὸν
1657 2648 1760 2702 οὐκ

155 2740 413 2796 ἐθέλοντα
438 2740 687 2813 βιάζεται
710 2738 802 2793 ἐπὶ
824 2739 1093 2812 τροπικὴν
1122 2739 1474 2810 μεταϐαίνειν
1500 2739 1757 2813 θεωρίαν·

154 2834 300 2888 ὥστε
326 2832 389 2900 ἐξ
419 2833 669 2902 ἀνάγκης
699 2831 980 2903 ποταμοὺς
1000 2832 1096 2887 καὶ
1124 2831 1294 2887 ὕδατα
1315 2834 1458 2887 νοεῖν
1483 2832 1758 2902 Αἰγύπτια

155 2929 278 2999 ἦτοι
299 2927 371 2981 τά
394 2925 575 2998 πλήθη
597 2926 702 2996 τῆς
728 2925 1114 2995 Αἰγυπτιακῆς
1135 2924 1441 2995 δυνάμεως,
1469 2924 1504 2995 ἢ
1526 2924 1627 2998 τὴν
1662 2924 1760 2995 βα-

159 3020 368 3074 σιλείαν
410 3019 591 3073 αὐτῶν
639 3018 741 3088 τὴν
790 3016 957 3072 πάλαι
1003 3015 1255 3088 ποταμοῦ
1280 3016 1457 3088 δίκην
1495 3016 1758 3089 πλημμυ-

160 3111 361 3183 ροῦσαν
387 3111 422 3183 ή
452 3110 574 3165 καθ’
605 3111 801 3183 ἑτέραν
845 3109 1235 3207 ἐκδοχὴνητὴν
1263 3110 1419 3207 mp:
1434 3109 1755 3207 Αἰγυπτίοις
1784 3141 1830 3207 6

155 3206 219 3259 τὺ
239 3204 475 3260 παλαιὸν
496 3203 851 3275 ἀκμάζουσαν
866 3200 1208 3271 φιλοσοφίαν,
1233 3202 1362 3273 περὶ
1386 3196 1456 3273 ἦς
1480 3200 1750 3256 λέλεκταιο

163 3315 183 3349 ι
223 3298 339 3351 Καὶ
374 3294 669 3367 ἐπαιδεύθη
696 3292 941 3365 Μωῦσῆς
976 3292 1128 3365 πάσῃ
1154 3291 1317 3364 σοφίᾳ
1342 3293 1679 3362 Αἰγυπτίων.
1730 3310 1750 3346 ι

157 3389 338 3462 Πολλὴ
363 3388 474 3461 γάρ
500 3405 584 3451 τις
603 3382 673 3457 ἦν
696 3386 853 3459 αὑτὴ,
881 3386 977 3439 καὶ
1004 3385 1178 3455 μέγας
1198 3387 1227 3438 ὁ
1254 3386 1383 3456 παρ’
1406 3385 1592 3449 αὐτοῖς
1616 3385 1757 3456 ῥέων

157 3482 427 3553 ποταμὸς,
457 3482 487 3533 ὁ
524 3479 626 3552 τῆς
664 3480 798 3551 παρ’
844 3478 1031 3541 αὐτοῖς
1077 3476 1505 3548 θαυμαζομένης
1560 3477 1757 3547 σοφίας

155 3572 335 3641 λόγος.
364 3571 572 3625 Τούτου
609 3569 667 3623 δὲ
703 3569 918 3640 ὑπῆρχε
966 3569 1107 3640 μέρη
1138 3566 1311 3621 πολλά
1343 3584 1758 3640 κατακερματι-

156 3648 391 3736 ζομένου
420 3664 503 3727 εἰς
523 3662 797 3734 διώρυγας
818 3661 1042 3726 πολλὰς,
1072 3660 1170 3715 καὶ
1198 3662 1279 3725 εἰς
1307 3660 1536 3725 πολλοὺς
1579 3661 1758 3734 μαθη-

152 3752 253 3816 τάς
291 3751 405 3804 τῶν
456 3751 579 3805 καθ’
618 3750 851 3805 ἕκαστον
903 3749 1016 3803 τῶν
1056 3750 1186 3820 παρ’
1223 3750 1407 3814 αὐτοῖς
1459 3751 1755 3822 μαθήσεων

152 3842 351 3912 λόγων,
382 3842 445 3908 ἐξ
472 3835 549 3897 ὧν
571 3841 734 3913 ἐφυον
756 3842 857 3895 οὐκ
891 3841 1128 3913 ἄμπελοι
1160 3841 1283 3895 οὐδὲ
1319 3842 1521 3907 ἐλαῖαι,
1552 3842 1672 3897 οὐδέ
1699 3859 1754 3896 τι

152 3934 261 3988 τῶν
318 3934 620 4007 καρπίμων
657 3933 769 3988 τῶν
810 3934 1127 4002 ἀναγκαίων
1172 3935 1427 4008 δένδρων,
1468 3934 1608 3990 ἀλλὰ
1655 3935 1757 3991 πά-

154 4042 350 4098 πυρος,
392 4026 638 4098 κάλαμος
661 4027 759 4082 καὶ
787 4027 849 4081 τὸ
881 4027 1093 4098 χλωρὸν
1122 4028 1237 4101 ἀχί.
1285 4028 1541 4100 Σαγήνας
1567 4028 1625 4082 δὲ
1648 4029 1748 4082 αύ-

154 4117 262 4170 τῶν
289 4119 511 4189 νοήσεις
546 4117 656 4172 ἀπὸ
678 4118 781 4188 τῆς
819 4118 915 4172 τοῦ
943 4118 1199 4190 Σωτῆρος
1232 4119 1392 4191 ήμῶν
1433 4118 1755 4192 παραϐολῆς

153 4207 222 4261 δι’
252 4205 327 4282 ἦς
363 4207 585 4281 εἴρηται
604 4226 618 4240 ⁸
658 4227 678 4261 ι
723 4209 915 4281 Ὁμοία
942 4210 1092 4265 ἐστὶν
1116 4212 1151 4281 ἡ
1179 4209 1422 4280 βασιλεία
1452 4211 1563 4265 τῶν
1585 4212 1753 4284 ούρα-

152 4301 261 4354 νῶν
288 4302 506 4372 σαγήνῃ
548 4300 809 4375 βληθείσῃ
834 4304 916 4367 εἰς
947 4302 1047 4375 τὴν
1084 4300 1384 4370 θάλασσαν,
1422 4304 1518 4358 καὶ
1557 4305 1752 4361 συλλα-

152 4391 327 4466 ϐούσῃ
354 4388 468 4447 ἀπὸ
500 4393 701 4458 παντὸς
730 4394 921 4464 γένους
949 4393 1168 4465 ἰχθύων.
1202 4412 1221 4446 ι
1267 4394 1476 4467 Ὥσπερ
1504 4395 1563 4450 δὲ
1595 4398 1653 4451 ὲν
1681 4398 1748 4469 τῇ

1871 538 1929 586 et
1980 531 2119 587 retia
2160 530 2433 600 iacientes
2478 531 2756 605 intelligas
2803 548 2870 590 ex
2929 534 3053 591 aliis
3096 531 3470 606 piscatoribus

1871 631 1926 677 et
1972 624 2192 691 sagenis
2235 625 2550 691 utentibus;
2600 640 2670 683 ex
2722 627 2987 696 apostolis
3036 629 3160 685 dico
3203 637 3260 685 et
3306 629 3470 686 disci-

1870 715 2016 789 pulis
2056 715 2358 773 Salvatoris
2397 718 2608 784 nostri,
2662 719 2861 791 quibus
2911 720 3230 788 dicebatur,
3278 738 3301 776 ι
3359 722 3469 779 Ve-

1870 809 2009 875 nite,
2054 816 2111 865 et
2159 807 2355 865 faciam
2384 824 2483 866 vos
2546 810 2851 881 piscatores
2906 811 3189 869 hominum
3216 812 3285 868 “.
3334 831 3357 867 ι
3404 812 3467 871 Si

1869 900 2017 960 enim
2063 899 2154 957 isti
2185 900 2435 958 doctrina
2466 916 2568 959 sua
2604 902 2887 958 hominum
2916 902 3133 960 animas
3173 902 3467 975 piscaban-

1868 1003 1983 1060 tur,
2023 994 2093 1051 ad
2147 996 2377 1052 salutem
2425 995 2549 1051 illas
2583 996 2905 1066 trahentes,
2961 1011 3066 1053 cur
3109 1011 3216 1054 non
3254 996 3467 1055 dixeris

1869 1098 2204 1144 memoratos
2246 1085 2371 1143 illos
2417 1085 2806 1159 Egyptiorum
2862 1088 3170 1159 piscatores
3222 1096 3281 1144 et
3323 1085 3465 1144 retia

1861 1177 2134 1248 iacientes
2158 1224 2174 1247 ,
2212 1179 2384 1237 fuisse
2428 1178 2552 1237 illos
2593 1179 2726 1236 olim
2770 1179 3131 1252 philosophiae
3167 1181 3465 1247 doctores,

1864 1270 1959 1341 qui
1997 1284 2096 1342 per
2117 1270 2472 1346 Egyptiacas
2499 1273 2808 1345 prastigias
2872 1272 3251 1345 illaqueabant
3286 1280 3342 1328 et
3375 1272 3467 1330 in-

1865 1362 2133 1420 escabant
2155 1377 2251 1420 eos
2279 1378 2419 1437 quos
2454 1377 2653 1435 capere
2682 1364 2990 1436 poterant?

1942 1536 2103 1596 Vsus.
2123 1539 2179 1610 7,
2209 1537 2265 1595 8.
2299 1557 2319 1593 ι
2355 1538 2425 1595 Et
2448 1538 2503 1597 in
2531 1542 2680 1597 omni
2714 1539 2910 1610 palude
2936 1537 3131 1595 calami
3158 1546 3213 1595 et
3243 1536 3463 1611 papyri,

1862 1641 1920 1689 et
1971 1630 2100 1687 achi
2127 1632 2314 1687 virens
2337 1645 2502 1689 omne
2539 1632 2749 1689 circum
2774 1630 3002 1695 ﬂumen,
3031 1640 3087 1686 et
3122 1645 3285 1687 omne
3311 1629 3465 1702 quod

1861 1724 2166 1781 seminatur
2204 1724 2273 1778 ad
2303 1720 2528 1790 ﬂumen,
2564 1731 2780 1780 arescet
2824 1731 2879 1779 et
2911 1732 3080 1779 vento
3120 1720 3344 1794 peribit.
3385 1721 3457 1778 Et

1863 1824 2083 1889 gement
2118 1815 2445 1887 piscatores,
2498 1826 2555 1870 et
2598 1822 2821 1887 gement
2852 1829 3044 1871 omnes
3089 1814 3185 1886 qui
3236 1813 3463 1871 mittunt

1864 1908 2088 1964 hamum
2122 1908 2178 1963 in
2218 1906 2442 1972 ﬂumen,
2477 1915 2532 1963 et
2574 1909 2670 1979 qui
2715 1908 2943 1963 mittunt
2979 1921 3235 1978 sagenas,
3271 1916 3330 1963 et
3361 1907 3458 1977 qui

1863 2000 2088 2056 mittunt
2129 1999 2294 2067 retia,
2355 2000 2641 2068 lugehunt.
2691 2018 2712 2053 ι
2756 1998 2854 2054 His
2894 1999 3267 2055 omnimodam
3307 1998 3459 2055 arbi-

1864 2097 1982 2144 tror
2029 2103 2294 2160 aquarum
2348 2089 2664 2145 siccitatem
2716 2089 2989 2158 indicari,
3047 2089 3123 2145 ita
3174 2099 3236 2146 ut
3281 2105 3459 2162 neque

1862 2181 2153 2254 vestigium
2192 2181 2441 2237 humoris
2479 2196 2672 2252 aquae,
2711 2180 2797 2236 vel
2832 2182 2884 2236 in
2920 2180 3112 2248 ﬂuvio,
3148 2182 3233 2239 vel
3274 2183 3327 2238 in
3367 2197 3458 2253 pa-

1862 2274 2013 2341 lude,
2067 2274 2156 2330 vel
2192 2284 2349 2331 extra
2388 2272 2612 2330 ﬂumina
2641 2273 2695 2328 in
2732 2274 2991 2339 circuitu,
3036 2274 3122 2331 vel
3159 2276 3213 2331 in
3252 2276 3454 2355 medio,

1862 2366 1946 2423 vel
1980 2367 2035 2423 in
2060 2367 2365 2430 canalibus,
2396 2365 2484 2421 vel
2514 2365 2569 2422 in
2605 2366 2763 2437 aquis
2792 2383 2899 2424 non
2932 2365 3249 2437 ﬂuentibus,
3279 2383 3449 2440 appa-

1865 2466 2021 2525 reat,
2077 2456 2174 2511 sed
2212 2456 2461 2512 omnium
2500 2455 2793 2511 confertim
2834 2458 3088 2513 vacuitas
3133 2467 3190 2513 et
3227 2459 3453 2528 penuria

1863 2549 2047 2604 futura
2083 2548 2188 2612 sit,
2240 2547 2316 2604 ita
2348 2556 2407 2604 ut
2450 2548 2505 2603 in
2534 2547 2770 2620 [Egypto
2798 2563 3068 2620 nusquam
3108 2565 3267 2620 aqua:
3298 2566 3453 2607 com-

1860 2650 2110 2711 pareant.
2143 2639 2343 2697 Verum
2377 2640 2467 2696 hic
2491 2656 2673 2697 sermo
2699 2641 2788 2697 vel
2819 2642 3051 2697 invitum
3075 2657 3350 2714 quemque
3382 2644 3453 2700 ad

1862 2733 2145 2803 ﬁguratam
2200 2734 2627 2805 speculationem
2682 2734 2735 2789 vi
2788 2735 3095 2806 pertrahit,
3136 2736 3212 2791 ita
3247 2744 3309 2791 ut
3353 2750 3452 2793 ne-

1861 2824 2103 2881 cessario
2147 2837 2245 2895 per
2273 2825 2601 2898 Egyptiaca
2630 2825 2857 2884 ﬂumina
2917 2838 2974 2883 et
3024 2844 3194 2899 aquas
3253 2829 3450 2886 intelli-

1861 2927 1957 2983 gas
1984 2911 2322 2986 Egyptiacaa
2352 2916 2608 2986 petentia:
2635 2916 2742 2972 vim
2784 2927 2840 2972 et
2875 2918 3301 2987 multitudinem,
3351 2936 3449 2977 nec

1862 3018 1968 3059 non
2009 3019 2233 3075 regnum
2270 3020 2486 3072 eorum,
2527 3007 2675 3076 quod
2711 3008 2840 3063 olim
2882 3008 3121 3067 ﬂuminis
3155 3012 3329 3068 instar
3355 3027 3448 3068 ex-

1861 3098 2141 3165 undabat;
2182 3098 2298 3153 sive
2346 3102 2647 3156 secundum
2692 3101 2856 3157 aliam
2904 3103 3302 3173 interpretandi
3354 3120 3447 3159 ra-

1863 3191 2087 3254 tionem,
2143 3192 2542 3263 philosophiam
2580 3194 2712 3251 olim
2742 3196 2885 3265 apud
2928 3195 3220 3268 Egyptios
3247 3197 3447 3254 ﬂoren-

1860 3288 2001 3337 tem:
2040 3282 2108 3337 de
2149 3298 2262 3352 qua
2297 3284 2503 3340 dictum
2545 3299 2662 3351 est,
2707 3304 2727 3339 ι
2775 3288 3064 3344 lustitutus
3104 3300 3190 3346 est
3232 3289 3447 3362 Moyses

1858 3369 1914 3424 in
1954 3373 2102 3426 omni
2137 3374 2408 3442 sapientia
2446 3374 2835 3449 Egyptiorum
2862 3380 2932 3437 ⁸⁸.
2975 3399 2993 3433 ι
3026 3379 3220 3451 Magna
3249 3384 3451 3452 quippe

1856 3463 2165 3533 antiquitus
2209 3465 2299 3521 illa
2344 3475 2501 3532 erat,
2544 3484 2802 3539 maguum
2846 3470 2919 3525 ibi
2956 3471 3197 3542 ﬂumen,
3250 3488 3449 3544 magna

1857 3569 2074 3627 quoque
2102 3572 2272 3628 penes
2309 3560 2433 3615 illos
2468 3572 2590 3617 erat
2630 3564 2939 3632 sapientiae,
2970 3580 3134 3634 quam
3173 3565 3447 3621 miraban-

1858 3656 1968 3715 tur,
2014 3650 2176 3705 ratio.
2209 3651 2393 3707 Multa:
2434 3668 2600 3723 porro
2645 3663 2827 3723 partes
2864 3666 3023 3711 erant
3058 3657 3218 3728 hujus
3266 3656 3447 3714 ﬂumi-

1856 3743 1963 3808 nis,
1999 3744 2161 3800 divisi
2191 3761 2388 3816 nempe
2426 3748 2481 3802 in
2514 3748 2714 3805 multos
2735 3740 2993 3817 eanales,
3031 3750 3086 3806 in
3122 3750 3321 3809 multos
3360 3753 3447 3809 tti-

1857 3837 2056 3893 mirum
2097 3839 2393 3911 discipulos
2422 3842 2718 3897 secundum
2759 3844 2940 3899 varias
2973 3843 3313 3916 singulorum
3359 3845 3445 3902 di-

1855 3929 2157 4001 sciplinas:
2202 3945 2269 3987 ex
2293 3932 2496 4002 quibus
2518 3933 2861 4002 pullulabant
2897 3951 3004 3992 non
3033 3938 3232 4004 vineae,
3263 3953 3446 4011 neque

1855 4020 2033 4089 olivae,
2082 4036 2260 4094 neque
2305 4023 2415 4079 alia
2455 4025 2724 4096 quaepiam
2753 4041 2821 4082 ex
2858 4027 3131 4086 fructibus
3156 4046 3222 4087 ac
3250 4046 3443 4090 neces-

1855 4112 2020 4167 sariis
2072 4112 2407 4182 arboribus,
2457 4114 2553 4169 sed
2599 4129 2866 4186 papyrus,
2914 4118 3160 4176 calamus
3208 4130 3265 4177 et
3319 4123 3443 4179 achi

1854 4204 2059 4259 virens.
2087 4196 2335 4275 Sagenas
2360 4220 2525 4276 porro
2556 4220 2749 4263 eorum
2781 4208 3061 4281 intelligas
3084 4225 3153 4266 ex
3178 4213 3441 4283 parabola

1855 4293 2188 4361 Salvatoris,
2263 4309 2371 4365 qua
2448 4296 2684 4364 dicitur,
2749 4316 2769 4351 ι
2813 4298 3008 4355 Simile
3060 4309 3147 4358 est
3212 4317 3440 4373 regnum

1853 4384 2115 4441 ctelorum
2142 4400 2363 4456 sagenre
2388 4387 2569 4444 missa:
2591 4389 2644 4444 in
2682 4404 2857 4459 mare,
2889 4403 2945 4447 et
2965 4406 3033 4448 ex
3057 4394 3205 4449 omni
3238 4410 3440 4466 genere

149 4484 447 4556 παραϐολῇ
468 4486 518 4538 οἰ
545 4484 824 4557 ἅνθρωποι
855 4483 1040 4556 ἰχθύες
1066 4484 1337 4556 εἴρηνται,
1365 4486 1458 4541 καί⁵
1483 4490 1696 4561 σαγήν-η
1720 4489 1747 4542 ὁ

1860 4477 2085 4547 piscium
2118 4482 2469 4552 congreganti
2500 4482 2572 4536 ⁸⁸.
2613 4499 2633 4535 ι
2693 4482 3165 4550 Quemadmodum
3198 4500 3333 4543 vero
3377 4488 3437 4545 in

126 4574 283 4645 περὶ
311 4573 419 4644 τῆς
447 4573 727 4644 βασιλείας
752 4576 860 4630 τῶν
888 4573 1137 4648 οὐρανῶν
1177 4575 1533 4646 εὐαγγελικὸς
1553 4578 1710 4648 λόγος
1728 4596 1745 4612 ο

150 4665 329 4731 οὕτως
356 4666 454 4719 καὶ
483 4666 720 4720 ἐνταῦθα
745 4667 780 4737 ἡ
815 4666 1159 4732 πολύπλοκος
1180 4668 1423 4741 δεινότης
1450 4670 1545 4724 τοῦ
1587 4671 1749 4741 Αἰγυ-

150 4757 312 4810 πτίου
362 4755 549 4826 λόγου,
590 4756 680 4829 εἴη
728 4757 796 4812 ἂν
850 4760 1059 4831 σαγήνη
1096 4760 1191 4814 καίΙ
1234 4758 1305 4813 τά
1357 4759 1749 4834 ἀμφίϐληστρα

149 4848 386 4919 ὁμοίως·
414 4852 466 4903 οἰ
493 4850 553 4903 δὲ
581 4852 1007 4923 σαγηνευόμενοι
1030 4852 1170 4924 πρὸς
1207 4852 1390 4909 αὐτῶν
1417 4853 1598 4924 ἰχθύες
1634 4850 1747 4909 εῑεν

148 4941 197 4991 οἰ
233 4942 359 5003 ταῖς
400 4940 711 5011 ἀπατηλαϊς
751 4941 1086 5012 σοφιστείαις
1126 4944 1208 5007 εἰς
1253 4944 1363 4998 πᾶν
1401 4938 1543 5008 εῐδος
1581 4944 1744 4999 ἀθέου

147 5030 578 5103 δεισιδαιμονίας
636 5031 1056 5105 ύποσυρόμενοι.
1111 5034 1401 5101 Στενάξειν
1468 5033 1601 5104 γοῦν
1650 5036 1747 5089 καὶ

150 5122 448 5193 πενθήσειν
469 5121 723 5191 λέγονται
745 5123 795 5175 οἰ
823 5122 1148 5194 ἀμφιδολεϊς
1175 5124 1276 5194 τῆς
1299 5123 1600 5194 Αἰγύπτου,
1635 5143 1744 5199 μη-

150 5216 267 5269 κέτι
291 5216 511 5287 ἔχοντες
548 5215 813 5287 ἐργασίαν
837 5216 928 5271 διά
958 5217 1053 5271 τὸν
1088 5215 1511 5289 ἐπιδημήσαντα
1556 5220 1744 5283 αὐτοῖς

149 5306 387 5377 Χριστὸν
422 5307 519 5359 καὶ¹
556 5306 661 5377 τὴν
697 5308 880 5360 πᾶσαν
919 5306 1101 5362 αὐτῶν
1138 5305 1332 5376 σοφίαν
1374 5307 1739 5375 ἀπολέσαντα,

150 5397 293 5451 κατὰ
312 5397 397 5463 τδ,
425 5416 445 5447 ι
467 5396 684 5450 Ἀπολῶ
698 5397 799 5469 τὴν
821 5398 1012 5467 σοφίαν
1035 5396 1144 5454 τῶν
1161 5398 1361 5469 σοφῶν,
1386 5400 1481 5454 καὶ
1500 5400 1597 5473 τὴν
1624 5400 1742 5457 σύν-

152 5506 263 5545 εσιν
281 5490 395 5544 τῶν
424 5490 664 5545 συνετῶν
683 5490 950 5547 ἀθετήσω.
989 5511 1009 5545 ι

229 5776 272 5808 ⁸⁸
300 5774 491 5835 Iatth.
529 5775 711 5845 tv,i9.
778 5777 831 5854 f'
860 5780 980 5839 Act.
1005 5793 1113 5854 _vu,
1141 5779 1233 5837 22.
1311 5782 1359 5816 ³⁸
1382 5780 1570 5841 Matth.
1600 5797 1723 5853 xm,
1746 5781 1837 5839 47.

1849 4571 2113 4643 parabola
2146 4572 2399 4630 homines
2430 4589 2529 4645 pro
2557 4576 2819 4647 piscibus,
2836 4588 2892 4635 et
2922 4593 3023 4648 pro
3051 4593 3250 4651 sagena
3266 4594 3437 4638 evan-

1849 4663 2055 4736 gelicus
2100 4664 2169 4720 de
2220 4680 2389 4737 regno
2438 4668 2702 4724 caelorum
2741 4683 2924 4725 sermo
2975 4670 3212 4738 dicitur,
3271 4672 3345 4728 ita
3381 4681 3435 4731 et

1849 4755 1958 4813 hoc
1991 4757 2112 4814 loco
2152 4758 2428 4830 implicata
2461 4760 2550 4817 illa
2590 4760 2905 4834 Egyptiaci
2942 4765 3214 4822 sermonis
3254 4766 3434 4839 gravi-

1852 4858 1958 4914 tas,
1990 4866 2090 4921 pro
2120 4866 2321 4921 sagena
2351 4863 2409 4909 et
2444 4855 2650 4911 retibus
2676 4855 2932 4913 similiter
2966 4857 3307 4928 accipiatur;
3352 4857 3432 4930 pi-

1849 4957 1976 5000 sces
2006 4958 2137 5000 vero
2176 4944 2242 5001 iis
2312 4946 2459 5017 capti
2516 4946 2744 5015 fuerint,
2778 4948 2872 5019 qui
2920 4948 3205 5008 fallacibus
3252 4950 3431 5021 sopbi-

1854 5035 2125 5092 smatibus
2169 5035 2225 5092 in
2280 5052 2501 5094 omnem
2546 5039 2725 5110 impia:
2746 5040 3153 5110 superstitionis
3194 5044 3432 5112 speciem

1845 5124 2228 5181 detrahuntur.
2267 5126 2496 5184 Luctum
2537 5142 2672 5199 ergo
2724 5138 2778 5185 et
2814 5130 3091 5201 planctum
3124 5132 3299 5188 acturi
3342 5134 3429 5188 di-

1842 5226 2043 5271 cuntur
2073 5216 2313 5289 Egyptii
2372 5221 2716 5291 piscatores,
2772 5222 2900 5293 quia
2950 5224 3275 5281 adveniente
3320 5226 3429 5283 sibi

1842 5308 2081 5374 Christo,
2142 5321 2198 5365 et
2236 5326 2453 5368 omnem
2501 5313 2821 5382 sapientiam
2865 5330 3021 5372 suam
3070 5318 3429 5385 destruente,

1849 5399 2059 5455 nullum
2093 5412 2344 5472 superest
2374 5404 2508 5475 ipsis
2540 5420 2678 5476 opus
2704 5406 2994 5477 agendum,
3036 5408 3332 5465 secundum
3365 5409 3427 5465 il-

1842 5489 1976 5547 lud:
2019 5511 2039 5546 (
2079 5494 2309 5550 Perdam
2350 5497 2676 5566 sapientiam
2719 5500 3072 5572 sapientium,
3107 5510 3164 5560 et
3187 5502 3426 5575 pruden-

1844 5587 1977 5645 tiam
2010 5588 2360 5660 prudentium
2395 5590 2715 5664 despiciam.
2744 5608 2766 5645 ι
