  <div class='ocr_page' id='page_1' title='image "/cluster/home/n/w/nwhite01/storage/ocr_20150623/24/nnc1.0046978259/123.png"; bbox 0 0 3862 6210; ppageno 0'>
   <div class='ocr_carea' id='block_1_1' title="bbox 429 337 535 396">
    <p class='ocr_par' dir='ltr' id='par_1_1' title="bbox 429 337 535 396">
     <span class='ocr_line' id='line_1_1' title="bbox 429 337 535 396; baseline -0.038 0"><span class='ocrx_word' id='word_1_1' title='bbox 429 337 535 396; x_wconf 68' lang='grc'><strong>227</strong></span> 
     </span>
    </p>
   </div>
   <div class='ocr_carea' id='block_1_2' title="bbox 1136 325 2986 389">
    <p class='ocr_par' dir='ltr' id='par_1_2' title="bbox 1136 325 2986 389">
     <span class='ocr_line' id='line_1_2' title="bbox 1136 325 2986 389; baseline -0.002 -2"><span class='ocrx_word' id='word_1_2' title='bbox 1136 327 1406 389; x_wconf 82' lang='lat' dir='ltr'><strong>EUSEBII</strong></span> <span class='ocrx_word' id='word_1_3' title='bbox 1444 327 1926 386; x_wconf 67' lang='lat' dir='ltr'><strong>CESARIENSIS</strong></span> <span class='ocrx_word' id='word_1_4' title='bbox 1955 327 2105 385; x_wconf 88' lang='lat' dir='ltr'><strong>OPP.</strong></span> <span class='ocrx_word' id='word_1_5' title='bbox 2147 327 2329 385; x_wconf 85' lang='lat' dir='ltr'><strong>PARS</strong></span> <span class='ocrx_word' id='word_1_6' title='bbox 2355 325 2445 384; x_wconf 83' lang='lat' dir='ltr'><strong>Ill.</strong></span> <span class='ocrx_word' id='word_1_7' title='bbox 2475 359 2548 387; x_wconf 95' lang='lat'><strong>—_-</strong></span> <span class='ocrx_word' id='word_1_8' title='bbox 2572 326 2986 386; x_wconf 84' lang='lat' dir='ltr'><strong>EXEGETICA.</strong></span> 
     </span>
    </p>
   </div>
   <div class='ocr_carea' id='block_1_3' title="bbox 500 446 1996 521">
    <p class='ocr_par' dir='ltr' id='par_1_3' title="bbox 500 449 1996 521">
     <span class='ocr_line' id='line_1_3' title="bbox 500 449 1996 521; baseline -0.007 -8"><span class='ocrx_word' id='word_1_9' title='bbox 500 456 664 514; x_wconf 67' lang='lat' dir='ltr'><strong>Vens.</strong></span> <span class='ocrx_word' id='word_1_10' title='bbox 691 456 744 511; x_wconf 87' lang='lat'><strong>9.</strong></span> <span class='ocrx_word' id='word_1_11' title='bbox 784 473 803 508; x_wconf 84' lang='grc' dir='ltr'><strong>ι</strong></span> <span class='ocrx_word' id='word_1_12' title='bbox 841 454 907 510; x_wconf 87' lang='lat' dir='ltr'><strong>Et</strong></span> <span class='ocrx_word' id='word_1_13' title='bbox 935 449 1181 508; x_wconf 80' lang='lat' dir='ltr'><strong>confusio</strong></span> <span class='ocrx_word' id='word_1_14' title='bbox 1208 450 1578 521; x_wconf 89' lang='lat' dir='ltr'><strong>apprehendet</strong></span> <span class='ocrx_word' id='word_1_15' title='bbox 1603 465 1722 513; x_wconf 92' lang='lat' dir='ltr'><strong>eos,</strong></span> <span class='ocrx_word' id='word_1_16' title='bbox 1758 449 1850 520; x_wconf 87' lang='lat' dir='ltr'><strong>qui</strong></span> <span class='ocrx_word' id='word_1_17' title='bbox 1876 462 1996 519; x_wconf 89' lang='lat' dir='ltr'><strong>ope-</strong></span> 
     </span>
    </p>
   </div>
   <div class='ocr_carea' id='block_1_4' title="bbox 2106 446 3695 521">
    <p class='ocr_par' dir='ltr' id='par_1_4' title="bbox 2184 446 3695 519">
     <span class='ocr_line' id='line_1_4' title="bbox 2184 446 3695 519; baseline 0.003 -20"><span class='ocrx_word' id='word_1_18' title='bbox 2184 467 2202 498; x_wconf 80' lang='grc' dir='ltr'><strong>ι</strong></span> <span class='ocrx_word' id='word_1_19' title='bbox 2241 447 2354 500; x_wconf 78' lang='grc' dir='ltr'>Καὶ</span> <span class='ocrx_word' id='word_1_20' title='bbox 2385 448 2613 518; x_wconf 88' lang='grc' dir='ltr'>αἰσχύνη</span> <span class='ocrx_word' id='word_1_21' title='bbox 2640 446 2868 518; x_wconf 73' lang='grc' dir='ltr'>λήψεται</span> <span class='ocrx_word' id='word_1_22' title='bbox 2891 447 3018 511; x_wconf 82' lang='grc' dir='ltr'>τοὺς</span> <span class='ocrx_word' id='word_1_23' title='bbox 3039 447 3440 519; x_wconf 78' lang='grc' dir='ltr'>ἐργαζομένους</span> <span class='ocrx_word' id='word_1_24' title='bbox 3462 447 3524 502; x_wconf 83' lang='grc' dir='ltr'><strong>τὺ</strong></span> <span class='ocrx_word' id='word_1_25' title='bbox 3550 448 3695 504; x_wconf 87' lang='grc' dir='ltr'>λίνον</span> 
     </span>
    </p>
   </div>
   <div class='ocr_carea' id='block_1_5' title="bbox 427 543 1998 612">
    <p class='ocr_par' dir='ltr' id='par_1_5' title="bbox 427 543 1998 612">
     <span class='ocr_line' id='line_1_5' title="bbox 427 543 1998 612; baseline -0.008 -8"><span class='ocrx_word' id='word_1_26' title='bbox 427 559 621 605; x_wconf 92' lang='lat' dir='ltr'><strong>rantur</strong></span> <span class='ocrx_word' id='word_1_27' title='bbox 649 547 818 602; x_wconf 92' lang='lat' dir='ltr'><strong>linum</strong></span> <span class='ocrx_word' id='word_1_28' title='bbox 853 545 1097 609; x_wconf 80' lang='lat' dir='ltr'><strong>scissile,</strong></span> <span class='ocrx_word' id='word_1_29' title='bbox 1133 551 1191 598; x_wconf 92' lang='lat' dir='ltr'><strong>et</strong></span> <span class='ocrx_word' id='word_1_30' title='bbox 1221 543 1312 612; x_wconf 88' lang='lat' dir='ltr'><strong>qui</strong></span> <span class='ocrx_word' id='word_1_31' title='bbox 1357 550 1652 612; x_wconf 76' lang='lat' dir='ltr'><strong>operantur</strong></span> <span class='ocrx_word' id='word_1_32' title='bbox 1695 543 1944 612; x_wconf 82' lang='lat' dir='ltr'><strong>byssum.</strong></span> <span class='ocrx_word' id='word_1_33' title='bbox 1979 559 1998 592; x_wconf 71' lang='grc' dir='ltr'><strong>ι</strong></span> 
     </span>
    </p>
   </div>
   <div class='ocr_carea' id='block_1_6' title="bbox 428 635 2000 708">
    <p class='ocr_par' dir='ltr' id='par_1_6' title="bbox 428 635 2000 708">
     <span class='ocr_line' id='line_1_6' title="bbox 428 635 2000 708; baseline -0.007 -9"><span class='ocrx_word' id='word_1_34' title='bbox 428 643 544 699; x_wconf 82' lang='lat' dir='ltr'><strong>Hoc</strong></span> <span class='ocrx_word' id='word_1_35' title='bbox 573 641 734 696; x_wconf 89' lang='lat' dir='ltr'><strong>modo</strong></span> <span class='ocrx_word' id='word_1_36' title='bbox 781 649 962 694; x_wconf 91' lang='lat' dir='ltr'><strong>mente</strong></span> <span class='ocrx_word' id='word_1_37' title='bbox 993 639 1177 708; x_wconf 91' lang='lat' dir='ltr'><strong>capias</strong></span> <span class='ocrx_word' id='word_1_38' title='bbox 1206 651 1301 692; x_wconf 85' lang='lat' dir='ltr'><strong>eos</strong></span> <span class='ocrx_word' id='word_1_39' title='bbox 1335 637 1426 706; x_wconf 90' lang='lat' dir='ltr'><strong>qui</strong></span> <span class='ocrx_word' id='word_1_40' title='bbox 1483 643 1781 706; x_wconf 81' lang='lat' dir='ltr'><strong>Operantur</strong></span> <span class='ocrx_word' id='word_1_41' title='bbox 1808 635 2000 701; x_wconf 88' lang='lat' dir='ltr'><strong>linum,</strong></span> 
     </span>
    </p>
   </div>
   <div class='ocr_carea' id='block_1_7' title="bbox 427 728 2000 802">
    <p class='ocr_par' dir='ltr' id='par_1_7' title="bbox 427 728 2000 802">
     <span class='ocr_line' id='line_1_7' title="bbox 427 728 2000 802; baseline -0.004 -14"><span class='ocrx_word' id='word_1_42' title='bbox 427 748 602 802; x_wconf 90' lang='lat' dir='ltr'><strong>neque</strong></span> <span class='ocrx_word' id='word_1_43' title='bbox 651 732 863 784; x_wconf 87' lang='lat' dir='ltr'><strong>llrmum</strong></span> <span class='ocrx_word' id='word_1_44' title='bbox 900 729 1043 798; x_wconf 86' lang='lat' dir='ltr'><strong>quod</strong></span> <span class='ocrx_word' id='word_1_45' title='bbox 1095 731 1268 799; x_wconf 86' lang='lat' dir='ltr'><strong>rumpi</strong></span> <span class='ocrx_word' id='word_1_46' title='bbox 1307 737 1569 798; x_wconf 79' lang='lat' dir='ltr'><strong>nequeat,</strong></span> <span class='ocrx_word' id='word_1_47' title='bbox 1625 728 1720 782; x_wconf 88' lang='lat' dir='ltr'><strong>sed</strong></span> <span class='ocrx_word' id='word_1_48' title='bbox 1754 728 2000 793; x_wconf 86' lang='lat' dir='ltr'><strong>scissile,</strong></span> 
     </span>
    </p>
   </div>
   <div class='ocr_carea' id='block_1_8' title="bbox 425 819 2004 886">
    <p class='ocr_par' dir='ltr' id='par_1_8' title="bbox 425 819 2004 886">
     <span class='ocr_line' id='line_1_8' title="bbox 425 819 2004 886; baseline -0.004 -7"><span class='ocrx_word' id='word_1_49' title='bbox 425 838 731 879; x_wconf 84' lang='lat' dir='ltr'><strong>sermonem</strong></span> <span class='ocrx_word' id='word_1_50' title='bbox 779 820 1031 875; x_wconf 76' lang='lat' dir='ltr'><strong>videlicet</strong></span> <span class='ocrx_word' id='word_1_51' title='bbox 1090 821 1408 874; x_wconf 89' lang='lat' dir='ltr'><strong>dissolutum</strong></span> <span class='ocrx_word' id='word_1_52' title='bbox 1456 827 1512 874; x_wconf 91' lang='lat' dir='ltr'><strong>et</strong></span> <span class='ocrx_word' id='word_1_53' title='bbox 1571 819 1898 886; x_wconf 89' lang='lat' dir='ltr'><strong>discissum,</strong></span> <span class='ocrx_word' id='word_1_54' title='bbox 1949 828 2004 874; x_wconf 90' lang='lat' dir='ltr'><strong>et</strong></span> 
     </span>
    </p>
   </div>
   <div class='ocr_carea' id='block_1_9' title="bbox 425 909 2004 986">
    <p class='ocr_par' dir='ltr' id='par_1_9' title="bbox 425 909 2004 986">
     <span class='ocr_line' id='line_1_9' title="bbox 425 909 2004 986; baseline -0.004 -15"><span class='ocrx_word' id='word_1_55' title='bbox 425 917 646 986; x_wconf 86' lang='lat' dir='ltr'><strong>byssum</strong></span> <span class='ocrx_word' id='word_1_56' title='bbox 675 912 924 967; x_wconf 79' lang='lat' dir='ltr'><strong>similiter</strong></span> <span class='ocrx_word' id='word_1_57' title='bbox 953 930 966 966; x_wconf 91' lang='lat'><strong>:</strong></span> <span class='ocrx_word' id='word_1_58' title='bbox 1019 911 1144 980; x_wconf 88' lang='lat' dir='ltr'><strong>quia</strong></span> <span class='ocrx_word' id='word_1_59' title='bbox 1175 911 1366 966; x_wconf 83' lang='lat' dir='ltr'><strong>isthaec</strong></span> <span class='ocrx_word' id='word_1_60' title='bbox 1401 911 1469 963; x_wconf 91' lang='lat' dir='ltr'><strong>ab</strong></span> <span class='ocrx_word' id='word_1_61' title='bbox 1498 909 1751 979; x_wconf 66' lang='lat' dir='ltr'><strong>Egyptio</strong></span> <span class='ocrx_word' id='word_1_62' title='bbox 1780 909 2004 964; x_wconf 82' lang='lat' dir='ltr'><strong>ﬂumine</strong></span> 
     </span>
    </p>
   </div>
   <div class='ocr_carea' id='block_1_10' title="bbox 426 999 2004 1070">
    <p class='ocr_par' dir='ltr' id='par_1_10' title="bbox 426 999 2004 1070">
     <span class='ocr_line' id='line_1_10' title="bbox 426 999 2004 1070; baseline -0.004 -11"><span class='ocrx_word' id='word_1_63' title='bbox 426 1004 750 1059; x_wconf 80' lang='lat' dir='ltr'><strong>fovebantur</strong></span> <span class='ocrx_word' id='word_1_64' title='bbox 815 1011 870 1055; x_wconf 92' lang='lat' dir='ltr'><strong>et</strong></span> <span class='ocrx_word' id='word_1_65' title='bbox 932 1001 1322 1070; x_wconf 78' lang='lat' dir='ltr'><strong>irrigabantur.</strong></span> <span class='ocrx_word' id='word_1_66' title='bbox 1381 999 1563 1066; x_wconf 86' lang='lat' dir='ltr'><strong>Quare</strong></span> <span class='ocrx_word' id='word_1_67' title='bbox 1618 999 1696 1053; x_wconf 91' lang='lat' dir='ltr'><strong>ait</strong></span> <span class='ocrx_word' id='word_1_68' title='bbox 1745 1001 2004 1054; x_wconf 89' lang='lat' dir='ltr'><strong>harumce</strong></span> 
     </span>
    </p>
   </div>
   <div class='ocr_carea' id='block_1_11' title="bbox 425 1089 2002 1161">
    <p class='ocr_par' dir='ltr' id='par_1_11' title="bbox 425 1089 2002 1161">
     <span class='ocr_line' id='line_1_11' title="bbox 425 1089 2002 1161; baseline -0.005 -10"><span class='ocrx_word' id='word_1_69' title='bbox 425 1111 610 1151; x_wconf 89' lang='lat' dir='ltr'><strong>rerum</strong></span> <span class='ocrx_word' id='word_1_70' title='bbox 664 1092 902 1148; x_wconf 87' lang='lat' dir='ltr'><strong>artiﬁces</strong></span> <span class='ocrx_word' id='word_1_71' title='bbox 948 1092 1225 1161; x_wconf 89' lang='lat' dir='ltr'><strong>planctum</strong></span> <span class='ocrx_word' id='word_1_72' title='bbox 1283 1091 1558 1155; x_wconf 89' lang='lat' dir='ltr'><strong>edituros,</strong></span> <span class='ocrx_word' id='word_1_73' title='bbox 1607 1091 1820 1160; x_wconf 86' lang='lat' dir='ltr'><strong>quando</strong></span> <span class='ocrx_word' id='word_1_74' title='bbox 1856 1089 2002 1143; x_wconf 90' lang='lat' dir='ltr'><strong>nulla</strong></span> 
     </span>
    </p>
   </div>
   <div class='ocr_carea' id='block_1_12' title="bbox 425 1181 2002 1252">
    <p class='ocr_par' dir='ltr' id='par_1_12' title="bbox 425 1181 2002 1252">
     <span class='ocr_line' id='line_1_12' title="bbox 425 1181 2002 1252; baseline -0.004 -13"><span class='ocrx_word' id='word_1_75' title='bbox 425 1185 657 1252; x_wconf 90' lang='lat' dir='ltr'><strong>amplius</strong></span> <span class='ocrx_word' id='word_1_76' title='bbox 698 1183 784 1236; x_wconf 96' lang='lat' dir='ltr'><strong>ﬁla</strong></span> <span class='ocrx_word' id='word_1_77' title='bbox 817 1183 1096 1252; x_wconf 76' lang='lat' dir='ltr'><strong>sapientiae</strong></span> <span class='ocrx_word' id='word_1_78' title='bbox 1133 1195 1246 1235; x_wconf 64' lang='lat' dir='ltr'><strong>sua</strong></span> <span class='ocrx_word' id='word_1_79' title='bbox 1274 1182 1341 1234; x_wconf 90' lang='lat' dir='ltr'><strong>ad</strong></span> <span class='ocrx_word' id='word_1_80' title='bbox 1379 1181 1638 1234; x_wconf 90' lang='lat' dir='ltr'><strong>amictum</strong></span> <span class='ocrx_word' id='word_1_81' title='bbox 1667 1190 1722 1234; x_wconf 90' lang='lat' dir='ltr'><strong>et</strong></span> <span class='ocrx_word' id='word_1_82' title='bbox 1749 1189 2002 1234; x_wconf 90' lang='lat' dir='ltr'><strong>ornatum</strong></span> 
     </span>
    </p>
   </div>
   <div class='ocr_carea' id='block_1_13' title="bbox 425 1272 2002 1346">
    <p class='ocr_par' dir='ltr' id='par_1_13' title="bbox 425 1272 2002 1346">
     <span class='ocr_line' id='line_1_13' title="bbox 425 1272 2002 1346; baseline -0.006 -12"><span class='ocrx_word' id='word_1_83' title='bbox 425 1277 560 1346; x_wconf 90' lang='lat' dir='ltr'><strong>ipsis</strong></span> <span class='ocrx_word' id='word_1_84' title='bbox 605 1276 851 1330; x_wconf 91' lang='lat' dir='ltr'><strong>aderunt.</strong></span> <span class='ocrx_word' id='word_1_85' title='bbox 895 1273 1014 1326; x_wconf 87' lang='lat' dir='ltr'><strong>Lini</strong></span> <span class='ocrx_word' id='word_1_86' title='bbox 1052 1273 1196 1327; x_wconf 91' lang='lat' dir='ltr'><strong>enim</strong></span> <span class='ocrx_word' id='word_1_87' title='bbox 1242 1286 1308 1326; x_wconf 90' lang='lat' dir='ltr'><strong>ac</strong></span> <span class='ocrx_word' id='word_1_88' title='bbox 1358 1272 1506 1341; x_wconf 84' lang='lat' dir='ltr'><strong>byssi</strong></span> <span class='ocrx_word' id='word_1_89' title='bbox 1551 1272 1704 1337; x_wconf 90' lang='lat' dir='ltr'><strong>copia</strong></span> <span class='ocrx_word' id='word_1_90' title='bbox 1749 1283 2002 1326; x_wconf 88' lang='lat' dir='ltr'><strong>ornatum</strong></span> 
     </span>
    </p>
   </div>
   <div class='ocr_carea' id='block_1_14' title="bbox 425 1360 2004 1430">
    <p class='ocr_par' dir='ltr' id='par_1_14' title="bbox 425 1360 2004 1430">
     <span class='ocr_line' id='line_1_14' title="bbox 425 1360 2004 1430; baseline -0.005 -8"><span class='ocrx_word' id='word_1_91' title='bbox 425 1366 530 1422; x_wconf 85' lang='lat' dir='ltr'><strong>sibi</strong></span> <span class='ocrx_word' id='word_1_92' title='bbox 565 1373 619 1420; x_wconf 84' lang='lat' dir='ltr'><strong>et</strong></span> <span class='ocrx_word' id='word_1_93' title='bbox 649 1366 1027 1419; x_wconf 89' lang='lat' dir='ltr'><strong>indumentum</strong></span> <span class='ocrx_word' id='word_1_94' title='bbox 1059 1361 1463 1430; x_wconf 70' lang='lat' dir='ltr'><strong>excogitabant,</strong></span> <span class='ocrx_word' id='word_1_95' title='bbox 1495 1361 1756 1429; x_wconf 87' lang='lat' dir='ltr'><strong>captiosis</strong></span> <span class='ocrx_word' id='word_1_96' title='bbox 1780 1360 2004 1429; x_wconf 85' lang='lat' dir='ltr'><strong>quibus-</strong></span> 
     </span>
    </p>
   </div>
   <div class='ocr_carea' id='block_1_15' title="bbox 424 1451 2001 1521">
    <p class='ocr_par' dir='ltr' id='par_1_15' title="bbox 424 1451 2001 1521">
     <span class='ocr_line' id='line_1_15' title="bbox 424 1451 2001 1521; baseline -0.003 -10"><span class='ocrx_word' id='word_1_97' title='bbox 424 1457 550 1511; x_wconf 89' lang='lat' dir='ltr'><strong>dam</strong></span> <span class='ocrx_word' id='word_1_98' title='bbox 591 1465 646 1510; x_wconf 92' lang='lat' dir='ltr'><strong>et</strong></span> <span class='ocrx_word' id='word_1_99' title='bbox 690 1453 976 1508; x_wconf 85' lang='lat' dir='ltr'><strong>fallacibus</strong></span> <span class='ocrx_word' id='word_1_100' title='bbox 1028 1451 1190 1506; x_wconf 92' lang='lat' dir='ltr'><strong>dictis</strong></span> <span class='ocrx_word' id='word_1_101' title='bbox 1231 1451 1509 1506; x_wconf 84' lang='lat' dir='ltr'><strong>mendacia</strong></span> <span class='ocrx_word' id='word_1_102' title='bbox 1545 1466 1640 1506; x_wconf 87' lang='lat' dir='ltr'><strong>sua</strong></span> <span class='ocrx_word' id='word_1_103' title='bbox 1673 1451 2001 1521; x_wconf 88' lang='lat' dir='ltr'><strong>operientes.</strong></span> 
     </span>
    </p>
   </div>
   <div class='ocr_carea' id='block_1_16' title="bbox 495 1641 2000 1712">
    <p class='ocr_par' dir='ltr' id='par_1_16' title="bbox 495 1641 2000 1712">
     <span class='ocr_line' id='line_1_16' title="bbox 495 1641 2000 1712; baseline 0.003 -14"><span class='ocrx_word' id='word_1_104' title='bbox 495 1643 658 1698; x_wconf 70' lang='lat' dir='ltr'><strong>Vens.</strong></span> <span class='ocrx_word' id='word_1_105' title='bbox 691 1641 777 1697; x_wconf 80' lang='lat' dir='ltr'><strong>l0.</strong></span> <span class='ocrx_word' id='word_1_106' title='bbox 813 1660 833 1694; x_wconf 74' lang='grc' dir='ltr'><strong>ι</strong></span> <span class='ocrx_word' id='word_1_107' title='bbox 865 1641 933 1696; x_wconf 86' lang='lat' dir='ltr'><strong>Et</strong></span> <span class='ocrx_word' id='word_1_108' title='bbox 967 1651 1127 1696; x_wconf 90' lang='lat' dir='ltr'><strong>erunt</strong></span> <span class='ocrx_word' id='word_1_109' title='bbox 1154 1641 1245 1712; x_wconf 90' lang='lat' dir='ltr'><strong>qui</strong></span> <span class='ocrx_word' id='word_1_110' title='bbox 1275 1651 1573 1712; x_wconf 85' lang='lat' dir='ltr'><strong>operantur</strong></span> <span class='ocrx_word' id='word_1_111' title='bbox 1597 1658 1661 1699; x_wconf 85' lang='lat' dir='ltr'><strong>ea</strong></span> <span class='ocrx_word' id='word_1_112' title='bbox 1691 1645 1744 1699; x_wconf 91' lang='lat' dir='ltr'><strong>in</strong></span> <span class='ocrx_word' id='word_1_113' title='bbox 1775 1645 2000 1702; x_wconf 89' lang='lat' dir='ltr'><strong>dolore:</strong></span> 
     </span>
    </p>
   </div>
   <div class='ocr_carea' id='block_1_17' title="bbox 424 1731 2002 1803">
    <p class='ocr_par' dir='ltr' id='par_1_17' title="bbox 424 1731 2002 1803">
     <span class='ocr_line' id='line_1_17' title="bbox 424 1731 2002 1803; baseline 0.004 -16"><span class='ocrx_word' id='word_1_114' title='bbox 424 1742 479 1788; x_wconf 92' lang='lat' dir='ltr'><strong>et</strong></span> <span class='ocrx_word' id='word_1_115' title='bbox 510 1747 700 1787; x_wconf 91' lang='lat' dir='ltr'><strong>omnes</strong></span> <span class='ocrx_word' id='word_1_116' title='bbox 735 1734 828 1801; x_wconf 87' lang='lat' dir='ltr'><strong>qui</strong></span> <span class='ocrx_word' id='word_1_117' title='bbox 870 1731 1076 1786; x_wconf 80' lang='lat' dir='ltr'><strong>faciunt</strong></span> <span class='ocrx_word' id='word_1_118' title='bbox 1129 1734 1349 1803; x_wconf 76' lang='lat' dir='ltr'><strong>zythum</strong></span> <span class='ocrx_word' id='word_1_119' title='bbox 1385 1735 1662 1802; x_wconf 89' lang='lat' dir='ltr'><strong>dolebunt,</strong></span> <span class='ocrx_word' id='word_1_120' title='bbox 1706 1748 1761 1793; x_wconf 91' lang='lat' dir='ltr'><strong>et</strong></span> <span class='ocrx_word' id='word_1_121' title='bbox 1809 1741 2002 1794; x_wconf 89' lang='lat' dir='ltr'><strong>animis</strong></span> 
     </span>
    </p>
   </div>
   <div class='ocr_carea' id='block_1_18' title="bbox 2111 539 3690 611">
    <p class='ocr_par' dir='ltr' id='par_1_18' title="bbox 2111 539 3690 611">
     <span class='ocr_line' id='line_1_18' title="bbox 2111 539 3690 611; baseline 0.001 -18"><span class='ocrx_word' id='word_1_122' title='bbox 2111 541 2170 593; x_wconf 84' lang='grc' dir='ltr'>τὸ</span> <span class='ocrx_word' id='word_1_123' title='bbox 2207 540 2442 611; x_wconf 78' lang='grc' dir='ltr'><strong>σχιστὸν,</strong></span> <span class='ocrx_word' id='word_1_124' title='bbox 2485 541 2581 594; x_wconf 79' lang='grc' dir='ltr'>καὶ</span> <span class='ocrx_word' id='word_1_125' title='bbox 2620 540 2749 604; x_wconf 82' lang='grc' dir='ltr'>τοὺς</span> <span class='ocrx_word' id='word_1_126' title='bbox 2793 539 3198 611; x_wconf 78' lang='grc' dir='ltr'><strong>ἐργαζομένους</strong></span> <span class='ocrx_word' id='word_1_127' title='bbox 3248 540 3347 611; x_wconf 83' lang='grc' dir='ltr'>τὴν</span> <span class='ocrx_word' id='word_1_128' title='bbox 3397 539 3613 610; x_wconf 88' lang='grc' dir='ltr'>βύσσον.</span> <span class='ocrx_word' id='word_1_129' title='bbox 3668 560 3690 594; x_wconf 68' lang='grc' dir='ltr'><strong>ι</strong></span> 
     </span>
    </p>
   </div>
   <div class='ocr_carea' id='block_1_19' title="bbox 2111 631 3696 704">
    <p class='ocr_par' dir='ltr' id='par_1_19' title="bbox 2111 631 3696 704">
     <span class='ocr_line' id='line_1_19' title="bbox 2111 631 3696 704; baseline -0.001 -17"><span class='ocrx_word' id='word_1_130' title='bbox 2111 631 2266 687; x_wconf 80' lang='grc' dir='ltr'>Οὕτω</span> <span class='ocrx_word' id='word_1_131' title='bbox 2303 633 2514 704; x_wconf 87' lang='grc' dir='ltr'><strong>νοήσεις</strong></span> <span class='ocrx_word' id='word_1_132' title='bbox 2555 633 2682 696; x_wconf 84' lang='grc' dir='ltr'>τοὺς</span> <span class='ocrx_word' id='word_1_133' title='bbox 2727 632 3126 702; x_wconf 77' lang='grc' dir='ltr'><strong>ἐργαζομένους</strong></span> <span class='ocrx_word' id='word_1_134' title='bbox 3165 632 3227 684; x_wconf 82' lang='grc' dir='ltr'>τὸ</span> <span class='ocrx_word' id='word_1_135' title='bbox 3269 633 3432 696; x_wconf 86' lang='grc' dir='ltr'>λίνον,</span> <span class='ocrx_word' id='word_1_136' title='bbox 3465 632 3589 686; x_wconf 75' lang='grc' dir='ltr'>οὔτε</span> <span class='ocrx_word' id='word_1_137' title='bbox 3633 633 3696 687; x_wconf 79' lang='grc' dir='ltr'><strong>τὸ</strong></span> 
     </span>
    </p>
   </div>
   <div class='ocr_carea' id='block_1_20' title="bbox 2114 723 3694 796">
    <p class='ocr_par' dir='ltr' id='par_1_20' title="bbox 2114 723 3694 796">
     <span class='ocr_line' id='line_1_20' title="bbox 2114 723 3694 796; baseline 0.001 -20"><span class='ocrx_word' id='word_1_138' title='bbox 2114 725 2338 795; x_wconf 76' lang='grc' dir='ltr'>στερρὸν</span> <span class='ocrx_word' id='word_1_139' title='bbox 2367 726 2462 777; x_wconf 81' lang='grc' dir='ltr'>καί.</span> <span class='ocrx_word' id='word_1_140' title='bbox 2493 724 2751 796; x_wconf 82' lang='grc' dir='ltr'>ἁρῤαγές,</span> <span class='ocrx_word' id='word_1_141' title='bbox 2783 724 2920 777; x_wconf 83' lang='grc' dir='ltr'>ἀλλὰ</span> <span class='ocrx_word' id='word_1_142' title='bbox 2945 724 3005 776; x_wconf 80' lang='grc' dir='ltr'>τὸ</span> <span class='ocrx_word' id='word_1_143' title='bbox 3034 724 3268 794; x_wconf 82' lang='grc' dir='ltr'><strong>σχιστὸν,</strong></span> <span class='ocrx_word' id='word_1_144' title='bbox 3302 723 3458 793; x_wconf 91' lang='grc' dir='ltr'>λόγον</span> <span class='ocrx_word' id='word_1_145' title='bbox 3493 724 3694 796; x_wconf 79' lang='grc' dir='ltr'>δηλαδὴ</span> 
     </span>
    </p>
   </div>
   <div class='ocr_carea' id='block_1_21' title="bbox 2109 814 3696 888">
    <p class='ocr_par' dir='ltr' id='par_1_21' title="bbox 2109 814 3696 888">
     <span class='ocr_line' id='line_1_21' title="bbox 2109 814 3696 888; baseline 0.001 -21"><span class='ocrx_word' id='word_1_146' title='bbox 2109 814 2462 888; x_wconf 74' lang='grc' dir='ltr'>διερρωγότα,</span> <span class='ocrx_word' id='word_1_147' title='bbox 2509 816 2604 868; x_wconf 75' lang='grc' dir='ltr'>καὶ</span> <span class='ocrx_word' id='word_1_148' title='bbox 2649 815 3045 886; x_wconf 80' lang='grc' dir='ltr'>διεσχισμένον,</span> <span class='ocrx_word' id='word_1_149' title='bbox 3099 817 3192 868; x_wconf 79' lang='grc' dir='ltr'>καὶ</span> <span class='ocrx_word' id='word_1_150' title='bbox 3244 814 3342 886; x_wconf 82' lang='grc' dir='ltr'><strong>τὴν</strong></span> <span class='ocrx_word' id='word_1_151' title='bbox 3393 815 3588 886; x_wconf 86' lang='grc' dir='ltr'>βύσσον</span> <span class='ocrx_word' id='word_1_152' title='bbox 3636 816 3696 869; x_wconf 79' lang='grc' dir='ltr'><strong>δὲ</strong></span> 
     </span>
    </p>
   </div>
   <div class='ocr_carea' id='block_1_22' title="bbox 2109 904 3692 976">
    <p class='ocr_par' dir='ltr' id='par_1_22' title="bbox 2109 904 3692 976">
     <span class='ocr_line' id='line_1_22' title="bbox 2109 904 3692 976; baseline 0.001 -19"><span class='ocrx_word' id='word_1_153' title='bbox 2109 905 2397 970; x_wconf 82' lang='grc' dir='ltr'>ὡσαύτως·</span> <span class='ocrx_word' id='word_1_154' title='bbox 2453 907 2575 959; x_wconf 69' lang='grc' dir='ltr'>ἐπεὶ</span> <span class='ocrx_word' id='word_1_155' title='bbox 2621 907 2715 960; x_wconf 78' lang='grc' dir='ltr'>καὶ</span> <span class='ocrx_word' id='word_1_156' title='bbox 2761 906 2899 959; x_wconf 82' lang='grc' dir='ltr'>αὐτὰ</span> <span class='ocrx_word' id='word_1_157' title='bbox 2941 906 3034 960; x_wconf 72' lang='grc' dir='ltr'><strong>τοῦ</strong></span> <span class='ocrx_word' id='word_1_158' title='bbox 3081 905 3391 974; x_wconf 81' lang='grc' dir='ltr'>Αἰγυπτίων</span> <span class='ocrx_word' id='word_1_159' title='bbox 3442 904 3692 976; x_wconf 89' lang='grc' dir='ltr'>ποταμοῦ</span> 
     </span>
    </p>
   </div>
   <div class='ocr_carea' id='block_1_23' title="bbox 2113 995 3694 1068">
    <p class='ocr_par' dir='ltr' id='par_1_23' title="bbox 2113 995 3694 1068">
     <span class='ocr_line' id='line_1_23' title="bbox 2113 995 3694 1068; baseline -0.001 -17"><span class='ocrx_word' id='word_1_160' title='bbox 2113 1000 2381 1068; x_wconf 84' lang='grc' dir='ltr'>μετεῖχεν,</span> <span class='ocrx_word' id='word_1_161' title='bbox 2419 997 2477 1064; x_wconf 77' lang='grc' dir='ltr'>ἐξ</span> <span class='ocrx_word' id='word_1_162' title='bbox 2525 995 2692 1050; x_wconf 76' lang='grc' dir='ltr'>αὐτοῦ</span> <span class='ocrx_word' id='word_1_163' title='bbox 2741 997 3096 1068; x_wconf 86' lang='grc' dir='ltr'>ἀρδευόμενα.</span> <span class='ocrx_word' id='word_1_164' title='bbox 3145 998 3236 1050; x_wconf 86' lang='grc' dir='ltr'><strong>Διὸ</strong></span> <span class='ocrx_word' id='word_1_165' title='bbox 3268 997 3362 1051; x_wconf 76' lang='grc' dir='ltr'><strong>καὶ</strong></span> <span class='ocrx_word' id='word_1_166' title='bbox 3397 997 3523 1060; x_wconf 86' lang='grc' dir='ltr'>τοὺς</span> <span class='ocrx_word' id='word_1_167' title='bbox 3564 995 3694 1050; x_wconf 85' lang='grc' dir='ltr'>τού-</span> 
     </span>
    </p>
   </div>
   <div class='ocr_carea' id='block_1_24' title="bbox 2109 1087 3692 1161">
    <p class='ocr_par' dir='ltr' id='par_1_24' title="bbox 2109 1087 3692 1161">
     <span class='ocr_line' id='line_1_24' title="bbox 2109 1087 3692 1161; baseline -0.001 -19"><span class='ocrx_word' id='word_1_168' title='bbox 2109 1106 2217 1142; x_wconf 89' lang='grc' dir='ltr'>των</span> <span class='ocrx_word' id='word_1_169' title='bbox 2259 1092 2423 1161; x_wconf 79' lang='grc' dir='ltr'>φησὶν</span> <span class='ocrx_word' id='word_1_170' title='bbox 2460 1091 2698 1161; x_wconf 76' lang='grc' dir='ltr'>ἐργάτας</span> <span class='ocrx_word' id='word_1_171' title='bbox 2736 1088 3014 1153; x_wconf 81' lang='grc' dir='ltr'>στενάξειν</span> <span class='ocrx_word' id='word_1_172' title='bbox 3058 1092 3086 1143; x_wconf 84' lang='grc' dir='ltr'>ὁ</span> <span class='ocrx_word' id='word_1_173' title='bbox 3128 1089 3319 1158; x_wconf 87' lang='grc' dir='ltr'>λόγος·</span> <span class='ocrx_word' id='word_1_174' title='bbox 3367 1089 3456 1142; x_wconf 85' lang='grc' dir='ltr'>ὅτε</span> <span class='ocrx_word' id='word_1_175' title='bbox 3488 1087 3692 1159; x_wconf 80' lang='grc' dir='ltr'>μηκέτι</span> 
     </span>
    </p>
   </div>
   <div class='ocr_carea' id='block_1_25' title="bbox 2110 1178 3694 1252">
    <p class='ocr_par' dir='ltr' id='par_1_25' title="bbox 2110 1178 3694 1252">
     <span class='ocr_line' id='line_1_25' title="bbox 2110 1178 3694 1252; baseline -0.001 -20"><span class='ocrx_word' id='word_1_176' title='bbox 2110 1181 2295 1243; x_wconf 90' lang='grc' dir='ltr'>αὐτοῖς</span> <span class='ocrx_word' id='word_1_177' title='bbox 2328 1181 2466 1251; x_wconf 83' lang='grc' dir='ltr'>πρὸς</span> <span class='ocrx_word' id='word_1_178' title='bbox 2493 1179 2785 1252; x_wconf 76' lang='grc' dir='ltr'>περιϐολὴν</span> <span class='ocrx_word' id='word_1_179' title='bbox 2828 1179 2923 1232; x_wconf 76' lang='grc' dir='ltr'><strong>καὶ</strong></span> <span class='ocrx_word' id='word_1_180' title='bbox 2967 1179 3171 1250; x_wconf 86' lang='grc' dir='ltr'>κόσμον</span> <span class='ocrx_word' id='word_1_181' title='bbox 3199 1180 3300 1250; x_wconf 81' lang='grc' dir='ltr'>τῆς</span> <span class='ocrx_word' id='word_1_182' title='bbox 3334 1179 3462 1250; x_wconf 82' lang='grc' dir='ltr'>παρ’</span> <span class='ocrx_word' id='word_1_183' title='bbox 3505 1178 3694 1242; x_wconf 80' lang='grc' dir='ltr'>αὐτοῖς</span> 
     </span>
    </p>
   </div>
   <div class='ocr_carea' id='block_1_26' title="bbox 2113 1269 3693 1342">
    <p class='ocr_par' dir='ltr' id='par_1_26' title="bbox 2113 1269 3693 1342">
     <span class='ocr_line' id='line_1_26' title="bbox 2113 1269 3693 1342; baseline -0.001 -18"><span class='ocrx_word' id='word_1_184' title='bbox 2113 1273 2304 1341; x_wconf 84' lang='grc' dir='ltr'>σοφίας</span> <span class='ocrx_word' id='word_1_185' title='bbox 2335 1269 2405 1324; x_wconf 80' lang='grc' dir='ltr'><strong>τὰ</strong></span> <span class='ocrx_word' id='word_1_186' title='bbox 2431 1270 2518 1324; x_wconf 82' lang='grc' dir='ltr'><strong>διὰ</strong></span> <span class='ocrx_word' id='word_1_187' title='bbox 2562 1270 2765 1324; x_wconf 86' lang='grc' dir='ltr'>τούτων</span> <span class='ocrx_word' id='word_1_188' title='bbox 2798 1271 3092 1341; x_wconf 84' lang='grc' dir='ltr'>ὑφάσματα</span> <span class='ocrx_word' id='word_1_189' title='bbox 3122 1271 3440 1342; x_wconf 87' lang='grc' dir='ltr'>ηὐπόριστο.</span> <span class='ocrx_word' id='word_1_190' title='bbox 3476 1269 3575 1324; x_wconf 81' lang='grc' dir='ltr'><strong>Διὰ</strong></span> <span class='ocrx_word' id='word_1_191' title='bbox 3605 1269 3693 1322; x_wconf 86' lang='grc' dir='ltr'>λί-</span> 
     </span>
    </p>
   </div>
   <div class='ocr_carea' id='block_1_27' title="bbox 2110 1359 3692 1433">
    <p class='ocr_par' dir='ltr' id='par_1_27' title="bbox 2110 1359 3692 1433">
     <span class='ocr_line' id='line_1_27' title="bbox 2110 1359 3692 1433; baseline -0.002 -16"><span class='ocrx_word' id='word_1_192' title='bbox 2110 1381 2200 1417; x_wconf 90' lang='grc' dir='ltr'><strong>νου</strong></span> <span class='ocrx_word' id='word_1_193' title='bbox 2243 1363 2351 1432; x_wconf 79' lang='grc' dir='ltr'><strong>γὰρ</strong></span> <span class='ocrx_word' id='word_1_194' title='bbox 2399 1362 2588 1433; x_wconf 77' lang='grc' dir='ltr'>ὥσπερ</span> <span class='ocrx_word' id='word_1_195' title='bbox 2632 1364 2726 1416; x_wconf 76' lang='grc' dir='ltr'>καὶ</span> <span class='ocrx_word' id='word_1_196' title='bbox 2769 1361 2966 1431; x_wconf 80' lang='grc' dir='ltr'>βύσσου</span> <span class='ocrx_word' id='word_1_197' title='bbox 3017 1363 3218 1432; x_wconf 84' lang='grc' dir='ltr'>κόσμον</span> <span class='ocrx_word' id='word_1_198' title='bbox 3260 1361 3352 1414; x_wconf 76' lang='grc' dir='ltr'>καὶ</span> <span class='ocrx_word' id='word_1_199' title='bbox 3398 1359 3692 1432; x_wconf 79' lang='grc' dir='ltr'>περιεολὴν</span> 
     </span>
    </p>
   </div>
   <div class='ocr_carea' id='block_1_28' title="bbox 2109 1453 3693 1525">
    <p class='ocr_par' dir='ltr' id='par_1_28' title="bbox 2109 1453 3693 1525">
     <span class='ocr_line' id='line_1_28' title="bbox 2109 1453 3693 1525; baseline 0 -19"><span class='ocrx_word' id='word_1_200' title='bbox 2109 1454 2322 1516; x_wconf 82' lang='grc' dir='ltr'>ἑαυτοῖς</span> <span class='ocrx_word' id='word_1_201' title='bbox 2349 1453 2625 1516; x_wconf 86' lang='grc' dir='ltr'>ἐπενόουν,</span> <span class='ocrx_word' id='word_1_202' title='bbox 2661 1453 2908 1516; x_wconf 75' lang='grc' dir='ltr'>πιθανοῖς</span> <span class='ocrx_word' id='word_1_203' title='bbox 2931 1470 3042 1506; x_wconf 89' lang='grc' dir='ltr'>τισι</span> <span class='ocrx_word' id='word_1_204' title='bbox 3067 1455 3162 1507; x_wconf 71' lang='grc' dir='ltr'>καὶ</span> <span class='ocrx_word' id='word_1_205' title='bbox 3190 1453 3488 1525; x_wconf 83' lang='grc' dir='ltr'>ἀπατηλοῖς</span> <span class='ocrx_word' id='word_1_206' title='bbox 3510 1453 3693 1522; x_wconf 85' lang='grc' dir='ltr'>λόγοις</span> 
     </span>
    </p>
   </div>
   <div class='ocr_carea' id='block_1_29' title="bbox 2110 1543 3189 1615">
    <p class='ocr_par' dir='ltr' id='par_1_29' title="bbox 2110 1543 3189 1615">
     <span class='ocr_line' id='line_1_29' title="bbox 2110 1543 3189 1615; baseline 0 -17"><span class='ocrx_word' id='word_1_207' title='bbox 2110 1545 2170 1598; x_wconf 82' lang='grc' dir='ltr'>τὸ</span> <span class='ocrx_word' id='word_1_208' title='bbox 2201 1546 2330 1615; x_wconf 83' lang='grc' dir='ltr'>παρ’</span> <span class='ocrx_word' id='word_1_209' title='bbox 2365 1545 2549 1605; x_wconf 86' lang='grc' dir='ltr'>αὐτοῖς</span> <span class='ocrx_word' id='word_1_210' title='bbox 2578 1543 2773 1614; x_wconf 77' lang='grc' dir='ltr'>ψεῦδος</span> <span class='ocrx_word' id='word_1_211' title='bbox 2798 1544 3189 1606; x_wconf 81' lang='grc' dir='ltr'>καλύπτοντες.</span> 
     </span>
    </p>
   </div>
   <div class='ocr_carea' id='block_1_30' title="bbox 2185 1636 3694 1710">
    <p class='ocr_par' dir='ltr' id='par_1_30' title="bbox 2185 1636 3694 1710">
     <span class='ocr_line' id='line_1_30' title="bbox 2185 1636 3694 1710; baseline 0.003 -24"><span class='ocrx_word' id='word_1_212' title='bbox 2185 1653 2203 1686; x_wconf 79' lang='grc' dir='ltr'><strong>ι</strong></span> <span class='ocrx_word' id='word_1_213' title='bbox 2240 1637 2350 1690; x_wconf 73' lang='grc' dir='ltr'>Καὶ</span> <span class='ocrx_word' id='word_1_214' title='bbox 2388 1637 2599 1690; x_wconf 82' lang='grc' dir='ltr'>ἔσονται</span> <span class='ocrx_word' id='word_1_215' title='bbox 2645 1639 2695 1690; x_wconf 81' lang='grc' dir='ltr'>οἱ</span> <span class='ocrx_word' id='word_1_216' title='bbox 2728 1637 3084 1708; x_wconf 78' lang='grc' dir='ltr'>ἐργαζόμενοι</span> <span class='ocrx_word' id='word_1_217' title='bbox 3121 1637 3260 1690; x_wconf 85' lang='grc' dir='ltr'>αὐτὰ</span> <span class='ocrx_word' id='word_1_218' title='bbox 3288 1639 3346 1690; x_wconf 90' lang='grc' dir='ltr'><strong>ἐν</strong></span> <span class='ocrx_word' id='word_1_219' title='bbox 3379 1636 3557 1710; x_wconf 55' lang='grc' dir='ltr'>ὀδύνῃ</span> <span class='ocrx_word' id='word_1_220' title='bbox 3594 1636 3694 1690; x_wconf 74' lang='grc' dir='ltr'>καὶ</span> 
     </span>
    </p>
   </div>
   <div class='ocr_carea' id='block_1_31' title="bbox 2113 1727 3693 1800">
    <p class='ocr_par' dir='ltr' id='par_1_31' title="bbox 2113 1727 3693 1800">
     <span class='ocr_line' id='line_1_31' title="bbox 2113 1727 3693 1800; baseline 0.001 -20"><span class='ocrx_word' id='word_1_221' title='bbox 2113 1727 2314 1792; x_wconf 78' lang='grc' dir='ltr'>πάντες</span> <span class='ocrx_word' id='word_1_222' title='bbox 2359 1730 2410 1780; x_wconf 85' lang='grc' dir='ltr'>οἱ</span> <span class='ocrx_word' id='word_1_223' title='bbox 2446 1729 2728 1792; x_wconf 82' lang='grc' dir='ltr'>ποιοῦντες</span> <span class='ocrx_word' id='word_1_224' title='bbox 2773 1728 2865 1782; x_wconf 84' lang='grc' dir='ltr'>τὸν</span> <span class='ocrx_word' id='word_1_225' title='bbox 2910 1728 3069 1792; x_wconf 79' lang='grc' dir='ltr'>ζύθον</span> <span class='ocrx_word' id='word_1_226' title='bbox 3117 1728 3538 1800; x_wconf 77' lang='grc' dir='ltr'>λυπηθήσονται,</span> <span class='ocrx_word' id='word_1_227' title='bbox 3593 1728 3693 1783; x_wconf 81' lang='grc' dir='ltr'><strong>καὶ</strong></span> 
     </span>
    </p>
   </div>
   <div class='ocr_carea' id='block_1_32' title="bbox 425 1813 1996 1895">
    <p class='ocr_par' dir='ltr' id='par_1_32' title="bbox 425 1823 1996 1895">
     <span class='ocr_line' id='line_1_32' title="bbox 425 1823 1996 1895; baseline 0.004 -17"><span class='ocrx_word' id='word_1_228' title='bbox 425 1824 640 1879; x_wconf 89' lang='lat' dir='ltr'><strong>cadent.</strong></span> <span class='ocrx_word' id='word_1_229' title='bbox 681 1843 700 1875; x_wconf 70' lang='grc' dir='ltr'><strong>ι</strong></span> <span class='ocrx_word' id='word_1_230' title='bbox 749 1823 1024 1879; x_wconf 83' lang='lat' dir='ltr'><strong>Gemitum</strong></span> <span class='ocrx_word' id='word_1_231' title='bbox 1061 1824 1305 1879; x_wconf 81' lang='lat' dir='ltr'><strong>edituros</strong></span> <span class='ocrx_word' id='word_1_232' title='bbox 1339 1826 1417 1880; x_wconf 90' lang='lat' dir='ltr'><strong>ait</strong></span> <span class='ocrx_word' id='word_1_233' title='bbox 1463 1828 1551 1894; x_wconf 84' lang='lat' dir='ltr'><strong>qui</strong></span> <span class='ocrx_word' id='word_1_234' title='bbox 1601 1827 1840 1895; x_wconf 78' lang='lat' dir='ltr'><strong>faciunt,</strong></span> <span class='ocrx_word' id='word_1_235' title='bbox 1895 1846 1996 1884; x_wconf 86' lang='lat' dir='ltr'><strong>non</strong></span> 
     </span>
    </p>
   </div>
   <div class='ocr_carea' id='block_1_33' title="bbox 2106 1813 3695 1895">
    <p class='ocr_par' dir='ltr' id='par_1_33' title="bbox 2106 1817 3695 1890">
     <span class='ocr_line' id='line_1_33' title="bbox 2106 1817 3695 1890; baseline 0.002 -20"><span class='ocrx_word' id='word_1_236' title='bbox 2106 1818 2202 1880; x_wconf 83' lang='grc' dir='ltr'>τὰς</span> <span class='ocrx_word' id='word_1_237' title='bbox 2245 1817 2421 1889; x_wconf 76' lang='grc' dir='ltr'>ψυχὰς</span> <span class='ocrx_word' id='word_1_238' title='bbox 2465 1819 2774 1873; x_wconf 76' lang='grc' dir='ltr'>πεσοῦνται.</span> <span class='ocrx_word' id='word_1_239' title='bbox 2813 1838 2832 1870; x_wconf 73' lang='grc' dir='ltr'><strong>ι</strong></span> <span class='ocrx_word' id='word_1_240' title='bbox 2880 1819 3161 1886; x_wconf 81' lang='grc' dir='ltr'>Στενάξειν</span> <span class='ocrx_word' id='word_1_241' title='bbox 3203 1821 3261 1873; x_wconf 83' lang='grc' dir='ltr'><strong>δὲ</strong></span> <span class='ocrx_word' id='word_1_242' title='bbox 3301 1821 3508 1885; x_wconf 83' lang='grc' dir='ltr'>πάντας</span> <span class='ocrx_word' id='word_1_243' title='bbox 3554 1821 3695 1890; x_wconf 75' lang='grc' dir='ltr'>φησὶ</span> 
     </span>
    </p>
   </div>
   <div class='ocr_carea' id='block_1_34' title="bbox 424 1912 2006 1988">
    <p class='ocr_par' dir='ltr' id='par_1_34' title="bbox 424 1912 2006 1988">
     <span class='ocr_line' id='line_1_34' title="bbox 424 1912 2006 1988; baseline 0.004 -20"><span class='ocrx_word' id='word_1_244' title='bbox 424 1915 608 1968; x_wconf 88' lang='lat' dir='ltr'><strong>vinum</strong></span> <span class='ocrx_word' id='word_1_245' title='bbox 641 1929 707 1968; x_wconf 87' lang='lat' dir='ltr'><strong>ex</strong></span> <span class='ocrx_word' id='word_1_246' title='bbox 738 1913 871 1977; x_wconf 88' lang='lat' dir='ltr'><strong>vite,</strong></span> <span class='ocrx_word' id='word_1_247' title='bbox 915 1912 1008 1968; x_wconf 90' lang='lat' dir='ltr'><strong>sed</strong></span> <span class='ocrx_word' id='word_1_248' title='bbox 1053 1913 1431 1984; x_wconf 60' lang='lat' dir='ltr'><strong>[Egyptiacum</strong></span> <span class='ocrx_word' id='word_1_249' title='bbox 1474 1916 1723 1988; x_wconf 84' lang='lat' dir='ltr'><strong>zythum,</strong></span> <span class='ocrx_word' id='word_1_250' title='bbox 1757 1921 1901 1988; x_wconf 89' lang='lat' dir='ltr'><strong>quod</strong></span> <span class='ocrx_word' id='word_1_251' title='bbox 1951 1930 2006 1975; x_wconf 91' lang='lat' dir='ltr'><strong>et</strong></span> 
     </span>
    </p>
   </div>
   <div class='ocr_carea' id='block_1_35' title="bbox 425 2006 2005 2084">
    <p class='ocr_par' dir='ltr' id='par_1_35' title="bbox 425 2006 2005 2084">
     <span class='ocr_line' id='line_1_35' title="bbox 425 2006 2005 2084; baseline -0.007 -23"><span class='ocrx_word' id='word_1_252' title='bbox 425 2007 599 2075; x_wconf 89' lang='lat' dir='ltr'><strong>ipsum</strong></span> <span class='ocrx_word' id='word_1_253' title='bbox 645 2006 889 2075; x_wconf 89' lang='lat' dir='ltr'><strong>spurium</strong></span> <span class='ocrx_word' id='word_1_254' title='bbox 947 2015 1066 2059; x_wconf 88' lang='lat' dir='ltr'><strong>erat</strong></span> <span class='ocrx_word' id='word_1_255' title='bbox 1123 2015 1180 2060; x_wconf 89' lang='lat' dir='ltr'><strong>et</strong></span> <span class='ocrx_word' id='word_1_256' title='bbox 1241 2007 1550 2074; x_wconf 88' lang='lat' dir='ltr'><strong>turbidum;</strong></span> <span class='ocrx_word' id='word_1_257' title='bbox 1598 2025 1706 2078; x_wconf 91' lang='lat' dir='ltr'><strong>quo</strong></span> <span class='ocrx_word' id='word_1_258' title='bbox 1762 2010 2005 2084; x_wconf 52' lang='lat' dir='ltr'><strong>Egypt“</strong></span> 
     </span>
    </p>
   </div>
   <div class='ocr_carea' id='block_1_36' title="bbox 423 2096 2004 2168">
    <p class='ocr_par' dir='ltr' id='par_1_36' title="bbox 423 2096 2004 2168">
     <span class='ocr_line' id='line_1_36' title="bbox 423 2096 2004 2168; baseline 0.004 -16"><span class='ocrx_word' id='word_1_259' title='bbox 423 2107 556 2166; x_wconf 78' lang='lat' dir='ltr'><strong>potu</strong></span> <span class='ocrx_word' id='word_1_260' title='bbox 590 2096 904 2163; x_wconf 80' lang='lat' dir='ltr'><strong>utebantur,</strong></span> <span class='ocrx_word' id='word_1_261' title='bbox 966 2107 1258 2167; x_wconf 88' lang='lat' dir='ltr'><strong>antequam</strong></span> <span class='ocrx_word' id='word_1_262' title='bbox 1308 2099 1442 2168; x_wconf 84' lang='lat' dir='ltr'><strong>ipsis</strong></span> <span class='ocrx_word' id='word_1_263' title='bbox 1489 2100 1770 2157; x_wconf 84' lang='lat' dir='ltr'><strong>adveniret</strong></span> <span class='ocrx_word' id='word_1_264' title='bbox 1819 2103 2004 2158; x_wconf 87' lang='lat' dir='ltr'><strong>Domi-</strong></span> 
     </span>
    </p>
   </div>
   <div class='ocr_carea' id='block_1_37' title="bbox 429 2185 2004 2259">
    <p class='ocr_par' dir='ltr' id='par_1_37' title="bbox 429 2185 2004 2259">
     <span class='ocr_line' id='line_1_37' title="bbox 429 2185 2004 2259; baseline 0.004 -18"><span class='ocrx_word' id='word_1_265' title='bbox 429 2201 560 2241; x_wconf 88' lang='lat' dir='ltr'><strong>nus.</strong></span> <span class='ocrx_word' id='word_1_266' title='bbox 595 2185 710 2240; x_wconf 85' lang='lat' dir='ltr'><strong>Hoc</strong></span> <span class='ocrx_word' id='word_1_267' title='bbox 740 2201 904 2254; x_wconf 92' lang='lat' dir='ltr'><strong>porro</strong></span> <span class='ocrx_word' id='word_1_268' title='bbox 935 2186 1263 2251; x_wconf 88' lang='lat' dir='ltr'><strong>declinante,</strong></span> <span class='ocrx_word' id='word_1_269' title='bbox 1291 2189 1414 2259; x_wconf 87' lang='lat' dir='ltr'><strong>jure</strong></span> <span class='ocrx_word' id='word_1_270' title='bbox 1441 2191 1644 2244; x_wconf 88' lang='lat' dir='ltr'><strong>dicitur</strong></span> <span class='ocrx_word' id='word_1_271' title='bbox 1667 2191 1910 2246; x_wconf 81' lang='lat' dir='ltr'><strong>futurum</strong></span> <span class='ocrx_word' id='word_1_272' title='bbox 1946 2202 2004 2248; x_wconf 91' lang='lat' dir='ltr'><strong>ut</strong></span> 
     </span>
    </p>
   </div>
   <div class='ocr_carea' id='block_1_38' title="bbox 425 2275 2000 2346">
    <p class='ocr_par' dir='ltr' id='par_1_38' title="bbox 425 2275 2000 2346">
     <span class='ocr_line' id='line_1_38' title="bbox 425 2275 2000 2346; baseline 0.004 -14"><span class='ocrx_word' id='word_1_273' title='bbox 425 2275 546 2346; x_wconf 84' lang='lat' dir='ltr'><strong>ejus</strong></span> <span class='ocrx_word' id='word_1_274' title='bbox 585 2276 826 2330; x_wconf 88' lang='lat' dir='ltr'><strong>artiﬁces</strong></span> <span class='ocrx_word' id='word_1_275' title='bbox 871 2276 1147 2345; x_wconf 89' lang='lat' dir='ltr'><strong>planctum</strong></span> <span class='ocrx_word' id='word_1_276' title='bbox 1195 2279 1358 2332; x_wconf 87' lang='lat' dir='ltr'><strong>edant</strong></span> <span class='ocrx_word' id='word_1_277' title='bbox 1421 2288 1479 2334; x_wconf 91' lang='lat' dir='ltr'><strong>et</strong></span> <span class='ocrx_word' id='word_1_278' title='bbox 1525 2281 1723 2336; x_wconf 90' lang='lat' dir='ltr'><strong>animis</strong></span> <span class='ocrx_word' id='word_1_279' title='bbox 1759 2282 2000 2338; x_wconf 90' lang='lat' dir='ltr'><strong>doleant.</strong></span> 
     </span>
    </p>
   </div>
   <div class='ocr_carea' id='block_1_39' title="bbox 423 2366 2000 2443">
    <p class='ocr_par' dir='ltr' id='par_1_39' title="bbox 423 2366 2000 2443">
     <span class='ocr_line' id='line_1_39' title="bbox 423 2366 2000 2443; baseline 0.005 -21"><span class='ocrx_word' id='word_1_280' title='bbox 423 2366 554 2422; x_wconf 67' lang='lat' dir='ltr'><strong>Haec</strong></span> <span class='ocrx_word' id='word_1_281' title='bbox 586 2381 715 2421; x_wconf 88' lang='lat' dir='ltr'><strong>vero</strong></span> <span class='ocrx_word' id='word_1_282' title='bbox 745 2382 1003 2436; x_wconf 85' lang='lat' dir='ltr'><strong>passuros</strong></span> <span class='ocrx_word' id='word_1_283' title='bbox 1032 2369 1399 2424; x_wconf 90' lang='lat' dir='ltr'><strong>comminatur</strong></span> <span class='ocrx_word' id='word_1_284' title='bbox 1433 2370 1652 2442; x_wconf 65' lang='lat' dir='ltr'><strong>IEgypti</strong></span> <span class='ocrx_word' id='word_1_285' title='bbox 1692 2373 2000 2443; x_wconf 88' lang='lat' dir='ltr'><strong>sophistas,</strong></span> 
     </span>
    </p>
   </div>
   <div class='ocr_carea' id='block_1_40' title="bbox 422 2459 2000 2536">
    <p class='ocr_par' dir='ltr' id='par_1_40' title="bbox 422 2459 2000 2536">
     <span class='ocr_line' id='line_1_40' title="bbox 422 2459 2000 2536; baseline 0.008 -23"><span class='ocrx_word' id='word_1_286' title='bbox 422 2459 571 2530; x_wconf 83' lang='lat' dir='ltr'><strong>zythi</strong></span> <span class='ocrx_word' id='word_1_287' title='bbox 603 2460 862 2526; x_wconf 87' lang='lat' dir='ltr'><strong>artiﬁces,</strong></span> <span class='ocrx_word' id='word_1_288' title='bbox 899 2475 963 2514; x_wconf 91' lang='lat' dir='ltr'><strong>ac</strong></span> <span class='ocrx_word' id='word_1_289' title='bbox 1011 2461 1103 2516; x_wconf 91' lang='lat' dir='ltr'><strong>lini</strong></span> <span class='ocrx_word' id='word_1_290' title='bbox 1135 2463 1363 2518; x_wconf 86' lang='lat' dir='ltr'><strong>scissilis</strong></span> <span class='ocrx_word' id='word_1_291' title='bbox 1416 2464 1673 2535; x_wconf 87' lang='lat' dir='ltr'><strong>byssique</strong></span> <span class='ocrx_word' id='word_1_292' title='bbox 1715 2469 2000 2536; x_wconf 86' lang='lat' dir='ltr'><strong>operarios</strong></span> 
     </span>
    </p>
   </div>
   <div class='ocr_carea' id='block_1_41' title="bbox 421 2551 2006 2626">
    <p class='ocr_par' dir='ltr' id='par_1_41' title="bbox 421 2551 2006 2626">
     <span class='ocr_line' id='line_1_41' title="bbox 421 2551 2006 2626; baseline 0.006 -19"><span class='ocrx_word' id='word_1_293' title='bbox 421 2562 477 2607; x_wconf 88' lang='lat' dir='ltr'><strong>et</strong></span> <span class='ocrx_word' id='word_1_294' title='bbox 503 2551 728 2622; x_wconf 87' lang='lat' dir='ltr'><strong>piscium</strong></span> <span class='ocrx_word' id='word_1_295' title='bbox 764 2562 1033 2621; x_wconf 87' lang='lat' dir='ltr'><strong>captores,</strong></span> <span class='ocrx_word' id='word_1_296' title='bbox 1086 2555 1179 2624; x_wconf 91' lang='lat' dir='ltr'><strong>qui</strong></span> <span class='ocrx_word' id='word_1_297' title='bbox 1227 2553 1614 2626; x_wconf 63' lang='lat' dir='ltr'><strong>Egyptiacum</strong></span> <span class='ocrx_word' id='word_1_298' title='bbox 1667 2557 1902 2626; x_wconf 84' lang='lat' dir='ltr'><strong>ﬁumen,</strong></span> <span class='ocrx_word' id='word_1_299' title='bbox 1953 2569 2006 2617; x_wconf 87' lang='lat' dir='ltr'><strong>et</strong></span> 
     </span>
    </p>
   </div>
   <div class='ocr_carea' id='block_1_42' title="bbox 422 2643 2002 2716">
    <p class='ocr_par' dir='ltr' id='par_1_42' title="bbox 422 2643 2002 2716">
     <span class='ocr_line' id='line_1_42' title="bbox 422 2643 2002 2716; baseline 0.008 -18"><span class='ocrx_word' id='word_1_300' title='bbox 422 2643 762 2716; x_wconf 66' lang='lat' dir='ltr'><strong>Egyptiacae</strong></span> <span class='ocrx_word' id='word_1_301' title='bbox 800 2645 1079 2714; x_wconf 65' lang='lat' dir='ltr'><strong>sapientiae</strong></span> <span class='ocrx_word' id='word_1_302' title='bbox 1110 2662 1417 2704; x_wconf 87' lang='lat' dir='ltr'><strong>sermonem</strong></span> <span class='ocrx_word' id='word_1_303' title='bbox 1450 2649 1685 2705; x_wconf 90' lang='lat' dir='ltr'><strong>sollicite</strong></span> <span class='ocrx_word' id='word_1_304' title='bbox 1722 2661 2002 2710; x_wconf 89' lang='lat' dir='ltr'><strong>curarent.</strong></span> 
     </span>
    </p>
   </div>
   <div class='ocr_carea' id='block_1_43' title="bbox 495 2823 1999 2906">
    <p class='ocr_par' dir='ltr' id='par_1_43' title="bbox 495 2823 1999 2906">
     <span class='ocr_line' id='line_1_43' title="bbox 495 2823 1999 2906; baseline 0.01 -28"><span class='ocrx_word' id='word_1_305' title='bbox 495 2823 656 2880; x_wconf 76' lang='lat' dir='ltr'><strong>Vrsas.</strong></span> <span class='ocrx_word' id='word_1_306' title='bbox 695 2826 783 2880; x_wconf 80' lang='lat' dir='ltr'><strong>ll.</strong></span> <span class='ocrx_word' id='word_1_307' title='bbox 838 2843 858 2878; x_wconf 83' lang='grc' dir='ltr'><strong>ι</strong></span> <span class='ocrx_word' id='word_1_308' title='bbox 917 2825 986 2880; x_wconf 83' lang='grc' dir='ltr'><strong>Ει</strong></span> <span class='ocrx_word' id='word_1_309' title='bbox 1037 2827 1187 2882; x_wconf 91' lang='lat' dir='ltr'><strong>stulti</strong></span> <span class='ocrx_word' id='word_1_310' title='bbox 1230 2841 1390 2886; x_wconf 92' lang='lat' dir='ltr'><strong>erunt</strong></span> <span class='ocrx_word' id='word_1_311' title='bbox 1434 2832 1708 2904; x_wconf 90' lang='lat' dir='ltr'><strong>principes</strong></span> <span class='ocrx_word' id='word_1_312' title='bbox 1748 2832 1999 2906; x_wconf 82' lang='lat' dir='ltr'><strong>Taneos,</strong></span> 
     </span>
    </p>
   </div>
   <div class='ocr_carea' id='block_1_44' title="bbox 422 2919 2006 2990">
    <p class='ocr_par' dir='ltr' id='par_1_44' title="bbox 422 2919 2006 2990">
     <span class='ocr_line' id='line_1_44' title="bbox 422 2919 2006 2990; baseline 0.006 -17"><span class='ocrx_word' id='word_1_313' title='bbox 422 2919 694 2988; x_wconf 88' lang='lat' dir='ltr'><strong>sapientes</strong></span> <span class='ocrx_word' id='word_1_314' title='bbox 725 2919 1026 2974; x_wconf 86' lang='lat' dir='ltr'><strong>consiliarii</strong></span> <span class='ocrx_word' id='word_1_315' title='bbox 1081 2922 1260 2990; x_wconf 81' lang='lat' dir='ltr'><strong>regis,</strong></span> <span class='ocrx_word' id='word_1_316' title='bbox 1303 2926 1591 2980; x_wconf 92' lang='lat' dir='ltr'><strong>consilium</strong></span> <span class='ocrx_word' id='word_1_317' title='bbox 1633 2942 1820 2983; x_wconf 91' lang='lat' dir='ltr'><strong>eorum</strong></span> <span class='ocrx_word' id='word_1_318' title='bbox 1867 2929 2006 2983; x_wconf 82' lang='lat' dir='ltr'><strong>infa-</strong></span> 
     </span>
    </p>
   </div>
   <div class='ocr_carea' id='block_1_45' title="bbox 423 3007 2004 3086">
    <p class='ocr_par' dir='ltr' id='par_1_45' title="bbox 423 3007 2004 3086">
     <span class='ocr_line' id='line_1_45' title="bbox 423 3007 2004 3086; baseline 0.009 -22"><span class='ocrx_word' id='word_1_319' title='bbox 423 3010 685 3065; x_wconf 83' lang='lat' dir='ltr'><strong>tuabitur.</strong></span> <span class='ocrx_word' id='word_1_320' title='bbox 727 3029 746 3061; x_wconf 72' lang='grc' dir='ltr'><strong>ι</strong></span> <span class='ocrx_word' id='word_1_321' title='bbox 789 3007 866 3063; x_wconf 91' lang='lat' dir='ltr'><strong>lbi</strong></span> <span class='ocrx_word' id='word_1_322' title='bbox 908 3012 1055 3066; x_wconf 87' lang='lat' dir='ltr'><strong>enim</strong></span> <span class='ocrx_word' id='word_1_323' title='bbox 1095 3016 1328 3070; x_wconf 82' lang='lat' dir='ltr'><strong>maxime</strong></span> <span class='ocrx_word' id='word_1_324' title='bbox 1369 3019 1521 3086; x_wconf 88' lang='lat' dir='ltr'><strong>prius</strong></span> <span class='ocrx_word' id='word_1_325' title='bbox 1565 3021 1878 3079; x_wconf 91' lang='lat' dir='ltr'><strong>substitisse</strong></span> <span class='ocrx_word' id='word_1_326' title='bbox 1927 3025 2004 3078; x_wconf 89' lang='lat' dir='ltr'><strong>ait</strong></span> 
     </span>
    </p>
   </div>
   <div class='ocr_carea' id='block_1_46' title="bbox 421 3101 2001 3183">
    <p class='ocr_par' dir='ltr' id='par_1_46' title="bbox 421 3101 2001 3183">
     <span class='ocr_line' id='line_1_46' title="bbox 421 3101 2001 3183; baseline 0.011 -29"><span class='ocrx_word' id='word_1_327' title='bbox 421 3113 612 3154; x_wconf 90' lang='lat' dir='ltr'><strong>omnes</strong></span> <span class='ocrx_word' id='word_1_328' title='bbox 659 3101 940 3156; x_wconf 60' lang='lat' dir='ltr'><strong>diabolica</strong></span> <span class='ocrx_word' id='word_1_329' title='bbox 997 3103 1321 3163; x_wconf 69' lang='lat' dir='ltr'><strong>idololatria:</strong></span> <span class='ocrx_word' id='word_1_330' title='bbox 1376 3112 1719 3183; x_wconf 68' lang='lat' dir='ltr'><strong>praestigias:</strong></span> <span class='ocrx_word' id='word_1_331' title='bbox 1773 3115 2001 3171; x_wconf 90' lang='lat' dir='ltr'><strong>ibidem-</strong></span> 
     </span>
    </p>
   </div>
   <div class='ocr_carea' id='block_1_47' title="bbox 2103 1909 3692 1982">
    <p class='ocr_par' dir='ltr' id='par_1_47' title="bbox 2103 1909 3692 1982">
     <span class='ocr_line' id='line_1_47' title="bbox 2103 1909 3692 1982; baseline 0.001 -19"><span class='ocrx_word' id='word_1_332' title='bbox 2103 1912 2228 1974; x_wconf 82' lang='grc' dir='ltr'>τοὺς</span> <span class='ocrx_word' id='word_1_333' title='bbox 2272 1911 2557 1976; x_wconf 78' lang='grc' dir='ltr'>ποιοῦντας</span> <span class='ocrx_word' id='word_1_334' title='bbox 2588 1913 2648 1964; x_wconf 84' lang='grc' dir='ltr'><strong>ού</strong></span> <span class='ocrx_word' id='word_1_335' title='bbox 2687 1913 2779 1965; x_wconf 86' lang='grc' dir='ltr'>τὸν</span> <span class='ocrx_word' id='word_1_336' title='bbox 2820 1911 2879 1977; x_wconf 78' lang='grc' dir='ltr'>ἐξ</span> <span class='ocrx_word' id='word_1_337' title='bbox 2920 1912 3164 1982; x_wconf 83' lang='grc' dir='ltr'>ἀμπέλου</span> <span class='ocrx_word' id='word_1_338' title='bbox 3205 1909 3366 1978; x_wconf 76' lang='grc' dir='ltr'>οἶνον,</span> <span class='ocrx_word' id='word_1_339' title='bbox 3411 1911 3549 1966; x_wconf 82' lang='grc' dir='ltr'>ἀλλὰ</span> <span class='ocrx_word' id='word_1_340' title='bbox 3594 1911 3692 1964; x_wconf 80' lang='grc' dir='ltr'>τὸν</span> 
     </span>
    </p>
   </div>
   <div class='ocr_carea' id='block_1_48' title="bbox 2104 2002 3693 2077">
    <p class='ocr_par' dir='ltr' id='par_1_48' title="bbox 2104 2002 3693 2077">
     <span class='ocr_line' id='line_1_48' title="bbox 2104 2002 3693 2077; baseline 0.001 -21"><span class='ocrx_word' id='word_1_341' title='bbox 2104 2003 2471 2072; x_wconf 82' lang='grc' dir='ltr'>Αίγυπτιακὸν</span> <span class='ocrx_word' id='word_1_342' title='bbox 2502 2005 2690 2069; x_wconf 84' lang='grc' dir='ltr'>ζύθον·</span> <span class='ocrx_word' id='word_1_343' title='bbox 2734 2005 2794 2068; x_wconf 82' lang='grc' dir='ltr'>ὃς</span> <span class='ocrx_word' id='word_1_344' title='bbox 2821 2007 2915 2060; x_wconf 73' lang='grc' dir='ltr'>καὶ</span> <span class='ocrx_word' id='word_1_345' title='bbox 2944 2006 3106 2070; x_wconf 78' lang='grc' dir='ltr'>αὐτὸς</span> <span class='ocrx_word' id='word_1_346' title='bbox 3132 2005 3286 2070; x_wconf 83' lang='grc' dir='ltr'>νόθος</span> <span class='ocrx_word' id='word_1_347' title='bbox 3316 2002 3383 2077; x_wconf 69' lang='grc' dir='ltr'>ἦν</span> <span class='ocrx_word' id='word_1_348' title='bbox 3414 2007 3508 2060; x_wconf 70' lang='grc' dir='ltr'><strong>καί⁸</strong></span> <span class='ocrx_word' id='word_1_349' title='bbox 3536 2005 3693 2058; x_wconf 87' lang='grc' dir='ltr'>τεθο-</span> 
     </span>
    </p>
   </div>
   <div class='ocr_carea' id='block_1_49' title="bbox 2104 2083 3693 2169">
    <p class='ocr_par' dir='ltr' id='par_1_49' title="bbox 2104 2083 3693 2169">
     <span class='ocr_line' id='line_1_49' title="bbox 2104 2083 3693 2169; baseline 0.003 -23"><span class='ocrx_word' id='word_1_350' title='bbox 2104 2093 2344 2164; x_wconf 89' lang='grc' dir='ltr'>λωμένος</span> <span class='ocrx_word' id='word_1_351' title='bbox 2365 2112 2379 2125; x_wconf 89' lang='grc'><strong>·</strong></span> <span class='ocrx_word' id='word_1_352' title='bbox 2408 2089 2452 2163; x_wconf 84' lang='grc' dir='ltr'>ᾧ</span> <span class='ocrx_word' id='word_1_353' title='bbox 2481 2083 2776 2168; x_wconf 80' lang='grc' dir='ltr'>ἐκέχρηντο</span> <span class='ocrx_word' id='word_1_354' title='bbox 2809 2099 2929 2150; x_wconf 75' lang='grc' dir='ltr'>ἀντὶ</span> <span class='ocrx_word' id='word_1_355' title='bbox 2969 2097 3133 2151; x_wconf 89' lang='grc' dir='ltr'>ποτοῦ</span> <span class='ocrx_word' id='word_1_356' title='bbox 3175 2099 3304 2169; x_wconf 71' lang='grc' dir='ltr'>πρὶν</span> <span class='ocrx_word' id='word_1_357' title='bbox 3338 2098 3523 2160; x_wconf 85' lang='grc' dir='ltr'>αὐτοῖς</span> <span class='ocrx_word' id='word_1_358' title='bbox 3564 2099 3693 2150; x_wconf 77' lang='grc' dir='ltr'>ἐπι-</span> 
     </span>
    </p>
   </div>
   <div class='ocr_carea' id='block_1_50' title="bbox 2104 2187 3694 2259">
    <p class='ocr_par' dir='ltr' id='par_1_50' title="bbox 2104 2187 3694 2259">
     <span class='ocr_line' id='line_1_50' title="bbox 2104 2187 3694 2259; baseline 0.001 -18"><span class='ocrx_word' id='word_1_359' title='bbox 2104 2187 2347 2258; x_wconf 82' lang='grc' dir='ltr'>δημῆσαι</span> <span class='ocrx_word' id='word_1_360' title='bbox 2377 2187 2468 2241; x_wconf 80' lang='grc' dir='ltr'>τὸν</span> <span class='ocrx_word' id='word_1_361' title='bbox 2506 2188 2711 2259; x_wconf 88' lang='grc' dir='ltr'>Κύριον</span> <span class='ocrx_word' id='word_1_362' title='bbox 2737 2191 2786 2242; x_wconf 88' lang='grc' dir='ltr'><strong>οί</strong></span> <span class='ocrx_word' id='word_1_363' title='bbox 2813 2190 3120 2259; x_wconf 80' lang='grc' dir='ltr'>Αἰγύπτιοι.</span> <span class='ocrx_word' id='word_1_364' title='bbox 3156 2189 3266 2243; x_wconf 69' lang='grc' dir='ltr'>Καὶ</span> <span class='ocrx_word' id='word_1_365' title='bbox 3287 2188 3478 2243; x_wconf 89' lang='grc' dir='ltr'>τούτου</span> <span class='ocrx_word' id='word_1_366' title='bbox 3509 2188 3567 2242; x_wconf 87' lang='grc' dir='ltr'><strong>δέ</strong></span> <span class='ocrx_word' id='word_1_367' title='bbox 3595 2190 3694 2242; x_wconf 81' lang='grc' dir='ltr'>ἐκ·</span> 
     </span>
    </p>
   </div>
   <div class='ocr_carea' id='block_1_51' title="bbox 2105 2278 3693 2352">
    <p class='ocr_par' dir='ltr' id='par_1_51' title="bbox 2105 2278 3693 2352">
     <span class='ocr_line' id='line_1_51' title="bbox 2105 2278 3693 2352; baseline 0.003 -21"><span class='ocrx_word' id='word_1_368' title='bbox 2105 2278 2397 2344; x_wconf 87' lang='grc' dir='ltr'>κλίνοντος,</span> <span class='ocrx_word' id='word_1_369' title='bbox 2424 2280 2648 2344; x_wconf 81' lang='grc' dir='ltr'>εἰκότως</span> <span class='ocrx_word' id='word_1_370' title='bbox 2687 2282 2959 2346; x_wconf 79' lang='grc' dir='ltr'>στενάξειν</span> <span class='ocrx_word' id='word_1_371' title='bbox 2991 2282 3237 2351; x_wconf 83' lang='grc' dir='ltr'>λέγονται</span> <span class='ocrx_word' id='word_1_372' title='bbox 3264 2282 3358 2336; x_wconf 73' lang='grc' dir='ltr'>καὶ</span> <span class='ocrx_word' id='word_1_373' title='bbox 3385 2281 3484 2345; x_wconf 77' lang='grc' dir='ltr'><strong>τὰς</strong></span> <span class='ocrx_word' id='word_1_374' title='bbox 3507 2281 3693 2352; x_wconf 78' lang='grc' dir='ltr'>ψυχὰς</span> 
     </span>
    </p>
   </div>
   <div class='ocr_carea' id='block_1_52' title="bbox 2115 2369 3693 2446">
    <p class='ocr_par' dir='ltr' id='par_1_52' title="bbox 2115 2369 3693 2446">
     <span class='ocr_line' id='line_1_52' title="bbox 2115 2369 3693 2446; baseline 0.003 -23"><span class='ocrx_word' id='word_1_375' title='bbox 2115 2369 2375 2441; x_wconf 83' lang='grc' dir='ltr'>ἀλγήσειν</span> <span class='ocrx_word' id='word_1_376' title='bbox 2395 2373 2444 2424; x_wconf 88' lang='grc' dir='ltr'><strong>οί</strong></span> <span class='ocrx_word' id='word_1_377' title='bbox 2466 2371 2656 2425; x_wconf 90' lang='grc' dir='ltr'>τούτου</span> <span class='ocrx_word' id='word_1_378' title='bbox 2682 2375 2922 2444; x_wconf 93' lang='grc' dir='ltr'>ποιηταί.</span> <span class='ocrx_word' id='word_1_379' title='bbox 2948 2374 3133 2427; x_wconf 80' lang='grc' dir='ltr'>Ταῦτα</span> <span class='ocrx_word' id='word_1_380' title='bbox 3163 2375 3261 2446; x_wconf 83' lang='grc' dir='ltr'>μὲν</span> <span class='ocrx_word' id='word_1_381' title='bbox 3283 2370 3375 2428; x_wconf 80' lang='grc' dir='ltr'>οὖν</span> <span class='ocrx_word' id='word_1_382' title='bbox 3401 2373 3693 2429; x_wconf 84' lang='grc' dir='ltr'>πείσεσθαι</span> 
     </span>
    </p>
   </div>
   <div class='ocr_carea' id='block_1_53' title="bbox 2102 2461 3693 2534">
    <p class='ocr_par' dir='ltr' id='par_1_53' title="bbox 2102 2461 3693 2534">
     <span class='ocr_line' id='line_1_53' title="bbox 2102 2461 3693 2534; baseline 0.003 -21"><span class='ocrx_word' id='word_1_383' title='bbox 2102 2461 2231 2524; x_wconf 82' lang='grc' dir='ltr'>τοὺς</span> <span class='ocrx_word' id='word_1_384' title='bbox 2289 2461 2387 2532; x_wconf 83' lang='grc' dir='ltr'>τῆς</span> <span class='ocrx_word' id='word_1_385' title='bbox 2435 2462 2710 2530; x_wconf 80' lang='grc' dir='ltr'>Αἰγύπτου</span> <span class='ocrx_word' id='word_1_386' title='bbox 2761 2465 3020 2534; x_wconf 80' lang='grc' dir='ltr'>σοφιστὰς</span> <span class='ocrx_word' id='word_1_387' title='bbox 3074 2465 3305 2528; x_wconf 80' lang='grc' dir='ltr'>ἀπειλεῖ,</span> <span class='ocrx_word' id='word_1_388' title='bbox 3367 2464 3693 2529; x_wconf 77' lang='grc' dir='ltr'>ζυθοποιούς</span> 
     </span>
    </p>
   </div>
   <div class='ocr_carea' id='block_1_54' title="bbox 2105 2552 3692 2628">
    <p class='ocr_par' dir='ltr' id='par_1_54' title="bbox 2105 2552 3692 2628">
     <span class='ocr_line' id='line_1_54' title="bbox 2105 2552 3692 2628; baseline 0.003 -23"><span class='ocrx_word' id='word_1_389' title='bbox 2105 2569 2257 2616; x_wconf 90' lang='grc' dir='ltr'>τινας</span> <span class='ocrx_word' id='word_1_390' title='bbox 2287 2553 2381 2606; x_wconf 75' lang='grc' dir='ltr'>καὶ</span> <span class='ocrx_word' id='word_1_391' title='bbox 2410 2552 2554 2606; x_wconf 91' lang='grc' dir='ltr'>λίνου</span> <span class='ocrx_word' id='word_1_392' title='bbox 2595 2555 2812 2624; x_wconf 85' lang='grc' dir='ltr'>σχιποῦ</span> <span class='ocrx_word' id='word_1_393' title='bbox 2847 2555 2944 2609; x_wconf 72' lang='grc' dir='ltr'>καὶ</span> <span class='ocrx_word' id='word_1_394' title='bbox 2975 2555 3170 2626; x_wconf 87' lang='grc' dir='ltr'>βύσσου</span> <span class='ocrx_word' id='word_1_395' title='bbox 3200 2556 3456 2628; x_wconf 83' lang='grc' dir='ltr'>ἐργάτας,</span> <span class='ocrx_word' id='word_1_396' title='bbox 3486 2554 3692 2626; x_wconf 79' lang='grc' dir='ltr'>ἰχθύων</span> 
     </span>
    </p>
   </div>
   <div class='ocr_carea' id='block_1_55' title="bbox 2106 2642 3693 2718">
    <p class='ocr_par' dir='ltr' id='par_1_55' title="bbox 2106 2642 3693 2718">
     <span class='ocr_line' id='line_1_55' title="bbox 2106 2642 3693 2718; baseline 0.003 -23"><span class='ocrx_word' id='word_1_397' title='bbox 2106 2661 2166 2696; x_wconf 86' lang='grc' dir='ltr'><strong>τε</strong></span> <span class='ocrx_word' id='word_1_398' title='bbox 2208 2642 2494 2715; x_wconf 82' lang='grc' dir='ltr'>θηρευτὰς,</span> <span class='ocrx_word' id='word_1_399' title='bbox 2534 2644 2628 2698; x_wconf 78' lang='grc' dir='ltr'><strong>τὸν</strong></span> <span class='ocrx_word' id='word_1_400' title='bbox 2687 2646 2930 2717; x_wconf 85' lang='grc' dir='ltr'>ποταμὸν</span> <span class='ocrx_word' id='word_1_401' title='bbox 2979 2647 3069 2701; x_wconf 77' lang='grc' dir='ltr'>τὸν</span> <span class='ocrx_word' id='word_1_402' title='bbox 3110 2647 3479 2716; x_wconf 86' lang='grc' dir='ltr'>Αἰγυπτιακὸν</span> <span class='ocrx_word' id='word_1_403' title='bbox 3525 2663 3693 2718; x_wconf 86' lang='grc' dir='ltr'>περι-</span> 
     </span>
    </p>
   </div>
   <div class='ocr_carea' id='block_1_56' title="bbox 2107 2734 3574 2809">
    <p class='ocr_par' dir='ltr' id='par_1_56' title="bbox 2107 2734 3574 2809">
     <span class='ocr_line' id='line_1_56' title="bbox 2107 2734 3574 2809; baseline 0.002 -21"><span class='ocrx_word' id='word_1_404' title='bbox 2107 2734 2356 2800; x_wconf 87' lang='grc' dir='ltr'>έποντας,</span> <span class='ocrx_word' id='word_1_405' title='bbox 2393 2737 2487 2790; x_wconf 78' lang='grc' dir='ltr'>καὶ</span> <span class='ocrx_word' id='word_1_406' title='bbox 2513 2737 2607 2790; x_wconf 83' lang='grc' dir='ltr'>τὸν</span> <span class='ocrx_word' id='word_1_407' title='bbox 2636 2737 2734 2806; x_wconf 78' lang='grc' dir='ltr'>τῆς</span> <span class='ocrx_word' id='word_1_408' title='bbox 2765 2739 3142 2809; x_wconf 79' lang='grc' dir='ltr'>Αἰγυπτιακῆς</span> <span class='ocrx_word' id='word_1_409' title='bbox 3176 2739 3368 2808; x_wconf 86' lang='grc' dir='ltr'>σοφίας</span> <span class='ocrx_word' id='word_1_410' title='bbox 3399 2739 3574 2807; x_wconf 90' lang='grc' dir='ltr'>λόγον.</span> 
     </span>
    </p>
   </div>
   <div class='ocr_carea' id='block_1_57' title="bbox 2183 2825 3693 2900">
    <p class='ocr_par' dir='ltr' id='par_1_57' title="bbox 2183 2825 3693 2900">
     <span class='ocr_line' id='line_1_57' title="bbox 2183 2825 3693 2900; baseline 0.001 -22"><span class='ocrx_word' id='word_1_411' title='bbox 2183 2845 2203 2878; x_wconf 76' lang='grc' dir='ltr'><strong>ι</strong></span> <span class='ocrx_word' id='word_1_412' title='bbox 2242 2825 2352 2880; x_wconf 79' lang='grc' dir='ltr'>Καὶ</span> <span class='ocrx_word' id='word_1_413' title='bbox 2384 2826 2556 2898; x_wconf 86' lang='grc' dir='ltr'><strong>μωροί</strong></span> <span class='ocrx_word' id='word_1_414' title='bbox 2578 2826 2789 2880; x_wconf 74' lang='grc' dir='ltr'>ἔσονται</span> <span class='ocrx_word' id='word_1_415' title='bbox 2818 2829 2866 2879; x_wconf 77' lang='grc' dir='ltr'>οἱ</span> <span class='ocrx_word' id='word_1_416' title='bbox 2891 2826 3150 2898; x_wconf 79' lang='grc' dir='ltr'>ἄρχοντες</span> <span class='ocrx_word' id='word_1_417' title='bbox 3177 2827 3413 2900; x_wconf 69' lang='grc' dir='ltr'>Τάνεως,</span> <span class='ocrx_word' id='word_1_418' title='bbox 3445 2827 3495 2879; x_wconf 90' lang='grc' dir='ltr'><strong>οί</strong></span> <span class='ocrx_word' id='word_1_419' title='bbox 3530 2826 3693 2895; x_wconf 85' lang='grc' dir='ltr'>σοφοὶ</span> 
     </span>
    </p>
   </div>
   <div class='ocr_carea' id='block_1_58' title="bbox 2109 2916 3694 2989">
    <p class='ocr_par' dir='ltr' id='par_1_58' title="bbox 2109 2916 3694 2989">
     <span class='ocr_line' id='line_1_58' title="bbox 2109 2916 3694 2989; baseline 0 -19"><span class='ocrx_word' id='word_1_420' title='bbox 2109 2916 2402 2988; x_wconf 74' lang='grc' dir='ltr'>σύμϐουλοι</span> <span class='ocrx_word' id='word_1_421' title='bbox 2423 2917 2518 2970; x_wconf 84' lang='grc' dir='ltr'>τοῦ</span> <span class='ocrx_word' id='word_1_422' title='bbox 2547 2917 2829 2987; x_wconf 86' lang='grc' dir='ltr'>βασιλέως,</span> <span class='ocrx_word' id='word_1_423' title='bbox 2861 2919 2894 2988; x_wconf 83' lang='grc' dir='ltr'><strong>ή</strong></span> <span class='ocrx_word' id='word_1_424' title='bbox 2921 2917 3083 2989; x_wconf 81' lang='grc' dir='ltr'>βουλὴ</span> <span class='ocrx_word' id='word_1_425' title='bbox 3117 2917 3294 2972; x_wconf 79' lang='grc' dir='ltr'>αὐτῶν</span> <span class='ocrx_word' id='word_1_426' title='bbox 3332 2917 3694 2989; x_wconf 83' lang='grc' dir='ltr'>μωρανθήσε-</span> 
     </span>
    </p>
   </div>
   <div class='ocr_carea' id='block_1_59' title="bbox 2103 3008 3691 3081">
    <p class='ocr_par' dir='ltr' id='par_1_59' title="bbox 2103 3008 3691 3081">
     <span class='ocr_line' id='line_1_59' title="bbox 2103 3008 3691 3081; baseline 0.001 -20"><span class='ocrx_word' id='word_1_427' title='bbox 2103 3025 2215 3063; x_wconf 91' lang='grc' dir='ltr'>ται.</span> <span class='ocrx_word' id='word_1_428' title='bbox 2248 3027 2266 3058; x_wconf 77' lang='grc' dir='ltr'><strong>ι</strong></span> <span class='ocrx_word' id='word_1_429' title='bbox 2311 3009 2397 3061; x_wconf 87' lang='grc' dir='ltr'>Ἑν</span> <span class='ocrx_word' id='word_1_430' title='bbox 2426 3009 2599 3081; x_wconf 82' lang='grc' dir='ltr'>ταύτῃ</span> <span class='ocrx_word' id='word_1_431' title='bbox 2627 3008 2736 3080; x_wconf 84' lang='grc' dir='ltr'><strong>γὰρ</strong></span> <span class='ocrx_word' id='word_1_432' title='bbox 2772 3009 3008 3080; x_wconf 85' lang='grc' dir='ltr'>μάλιστά</span> <span class='ocrx_word' id='word_1_433' title='bbox 3037 3027 3168 3078; x_wconf 87' lang='grc' dir='ltr'>φησι</span> <span class='ocrx_word' id='word_1_434' title='bbox 3198 3010 3295 3080; x_wconf 83' lang='grc' dir='ltr'>τὴν</span> <span class='ocrx_word' id='word_1_435' title='bbox 3331 3013 3508 3062; x_wconf 84' lang='grc' dir='ltr'>πᾶσαν</span> <span class='ocrx_word' id='word_1_436' title='bbox 3540 3026 3691 3080; x_wconf 88' lang='grc' dir='ltr'>μαγ-</span> 
     </span>
    </p>
   </div>
   <div class='ocr_carea' id='block_1_60' title="bbox 2103 3099 3692 3172">
    <p class='ocr_par' dir='ltr' id='par_1_60' title="bbox 2103 3099 3692 3172">
     <span class='ocr_line' id='line_1_60' title="bbox 2103 3099 3692 3172; baseline 0.001 -18"><span class='ocrx_word' id='word_1_437' title='bbox 2103 3099 2326 3168; x_wconf 89' lang='grc' dir='ltr'>γανείαν</span> <span class='ocrx_word' id='word_1_438' title='bbox 2373 3101 2472 3170; x_wconf 79' lang='grc' dir='ltr'>τῆς</span> <span class='ocrx_word' id='word_1_439' title='bbox 2511 3102 2830 3172; x_wconf 85' lang='grc' dir='ltr'>δαιμονικῆς</span> <span class='ocrx_word' id='word_1_440' title='bbox 2875 3100 3318 3172; x_wconf 85' lang='grc' dir='ltr'>εἰδωλολατρείας</span> <span class='ocrx_word' id='word_1_441' title='bbox 3363 3101 3692 3156; x_wconf 81' lang='grc' dir='ltr'>συνεστάναι</span> 
     </span>
    </p>
   </div>
   <div class='ocr_carea' id='block_1_61' title="bbox 423 3177 1996 3277">
    <p class='ocr_par' dir='ltr' id='par_1_61' title="bbox 423 3177 1996 3277">
     <span class='ocr_line' id='line_1_61' title="bbox 423 3177 1996 3277; baseline 0.014 -35"><span class='ocrx_word' id='word_1_442' title='bbox 423 3205 528 3260; x_wconf 88' lang='lat' dir='ltr'><strong>que</strong></span> <span class='ocrx_word' id='word_1_443' title='bbox 568 3199 814 3277; x_wconf 82' lang='lat' dir='ltr'><strong>tempore</strong></span> <span class='ocrx_word' id='word_1_444' title='bbox 862 3194 1062 3266; x_wconf 86' lang='lat' dir='ltr'><strong>Moysis</strong></span> <span class='ocrx_word' id='word_1_445' title='bbox 1114 3199 1297 3254; x_wconf 89' lang='lat' dir='ltr'><strong>sedem</strong></span> <span class='ocrx_word' id='word_1_446' title='bbox 1347 3177 1603 3260; x_wconf 72' lang='lat' dir='ltr'><strong>habuisse</strong></span> <span class='ocrx_word' id='word_1_447' title='bbox 1647 3221 1761 3274; x_wconf 89' lang='lat' dir='ltr'><strong>eos,</strong></span> <span class='ocrx_word' id='word_1_448' title='bbox 1809 3209 1900 3276; x_wconf 90' lang='lat' dir='ltr'><strong>qui</strong></span> <span class='ocrx_word' id='word_1_449' title='bbox 1943 3211 1996 3265; x_wconf 91' lang='lat' dir='ltr'><strong>in</strong></span> 
     </span>
    </p>
   </div>
   <div class='ocr_carea' id='block_1_62' title="bbox 2106 3177 3691 3277">
    <p class='ocr_par' dir='ltr' id='par_1_62' title="bbox 2106 3191 3691 3264">
     <span class='ocr_line' id='line_1_62' title="bbox 2106 3191 3691 3264; baseline 0.003 -20"><span class='ocrx_word' id='word_1_450' title='bbox 2106 3192 2382 3263; x_wconf 86' lang='grc' dir='ltr'>πρότερον·</span> <span class='ocrx_word' id='word_1_451' title='bbox 2421 3191 2653 3246; x_wconf 83' lang='grc' dir='ltr'>ἐνταῦθα</span> <span class='ocrx_word' id='word_1_452' title='bbox 2679 3193 2736 3246; x_wconf 79' lang='grc' dir='ltr'><strong>δὲ</strong></span> <span class='ocrx_word' id='word_1_453' title='bbox 2763 3192 2824 3246; x_wconf 88' lang='grc' dir='ltr'>τὸ</span> <span class='ocrx_word' id='word_1_454' title='bbox 2867 3191 3138 3262; x_wconf 86' lang='grc' dir='ltr'>βασίλειον</span> <span class='ocrx_word' id='word_1_455' title='bbox 3161 3193 3304 3264; x_wconf 75' lang='grc' dir='ltr'>ἔχειν</span> <span class='ocrx_word' id='word_1_456' title='bbox 3331 3195 3457 3258; x_wconf 84' lang='grc' dir='ltr'>τοὺς</span> <span class='ocrx_word' id='word_1_457' title='bbox 3493 3195 3550 3248; x_wconf 89' lang='grc' dir='ltr'><strong>ἐν</strong></span> <span class='ocrx_word' id='word_1_458' title='bbox 3568 3197 3691 3258; x_wconf 81' lang='grc' dir='ltr'>τοῖς</span> 
     </span>
    </p>
   </div>
   <div class='ocr_carea' id='block_1_63' title="bbox 423 3281 1998 3371">
    <p class='ocr_par' dir='ltr' id='par_1_63' title="bbox 423 3281 1998 3371">
     <span class='ocr_line' id='line_1_63' title="bbox 423 3281 1998 3371; baseline 0.013 -33"><span class='ocrx_word' id='word_1_459' title='bbox 423 3281 658 3353; x_wconf 67' lang='grc' dir='ltr'>Εεγριο</span> <span class='ocrx_word' id='word_1_460' title='bbox 712 3285 1032 3354; x_wconf 74' lang='lat' dir='ltr'><strong>regnabant.</strong></span> <span class='ocrx_word' id='word_1_461' title='bbox 1094 3290 1278 3355; x_wconf 83' lang='lat' dir='ltr'><strong>Quare</strong></span> <span class='ocrx_word' id='word_1_462' title='bbox 1333 3294 1538 3350; x_wconf 92' lang='lat' dir='ltr'><strong>dictum</strong></span> <span class='ocrx_word' id='word_1_463' title='bbox 1595 3307 1679 3353; x_wconf 88' lang='lat' dir='ltr'><strong>est</strong></span> <span class='ocrx_word' id='word_1_464' title='bbox 1742 3300 1893 3371; x_wconf 82' lang='lat' dir='ltr'><strong>signa</strong></span> <span class='ocrx_word' id='word_1_465' title='bbox 1946 3303 1998 3358; x_wconf 94' lang='lat' dir='ltr'><strong>in</strong></span> 
     </span>
    </p>
   </div>
   <div class='ocr_carea' id='block_1_64' title="bbox 421 3376 1995 3463">
    <p class='ocr_par' dir='ltr' id='par_1_64' title="bbox 421 3376 1995 3463">
     <span class='ocr_line' id='line_1_64' title="bbox 421 3376 1995 3463; baseline 0.014 -35"><span class='ocrx_word' id='word_1_466' title='bbox 421 3389 617 3445; x_wconf 87' lang='lat' dir='ltr'><strong>campo</strong></span> <span class='ocrx_word' id='word_1_467' title='bbox 648 3376 863 3434; x_wconf 92' lang='lat' dir='ltr'><strong>Taneos</strong></span> <span class='ocrx_word' id='word_1_468' title='bbox 893 3380 1036 3435; x_wconf 84' lang='lat' dir='ltr'><strong>edita</strong></span> <span class='ocrx_word' id='word_1_469' title='bbox 1080 3381 1269 3451; x_wconf 79' lang='lat' dir='ltr'><strong>fuisse,</strong></span> <span class='ocrx_word' id='word_1_470' title='bbox 1305 3394 1414 3442; x_wconf 92' lang='lat' dir='ltr'><strong>tam</strong></span> <span class='ocrx_word' id='word_1_471' title='bbox 1464 3388 1670 3461; x_wconf 85' lang='lat' dir='ltr'><strong>Moysis</strong></span> <span class='ocrx_word' id='word_1_472' title='bbox 1717 3403 1995 3463; x_wconf 89' lang='lat' dir='ltr'><strong>tempore,</strong></span> 
     </span>
    </p>
   </div>
   <div class='ocr_carea' id='block_1_65' title="bbox 422 3467 1998 3547">
    <p class='ocr_par' dir='ltr' id='par_1_65' title="bbox 422 3467 1998 3547">
     <span class='ocr_line' id='line_1_65' title="bbox 422 3467 1998 3547; baseline 0.017 -30"><span class='ocrx_word' id='word_1_473' title='bbox 422 3478 586 3534; x_wconf 90' lang='lat' dir='ltr'><strong>quam</strong></span> <span class='ocrx_word' id='word_1_474' title='bbox 621 3467 674 3521; x_wconf 92' lang='lat' dir='ltr'><strong>in</strong></span> <span class='ocrx_word' id='word_1_475' title='bbox 711 3472 991 3539; x_wconf 57' lang='lat' dir='ltr'><strong>praesenti.</strong></span> <span class='ocrx_word' id='word_1_476' title='bbox 1032 3471 1222 3544; x_wconf 86' lang='lat' dir='ltr'><strong>Itaque</strong></span> <span class='ocrx_word' id='word_1_477' title='bbox 1252 3481 1638 3547; x_wconf 81' lang='lat' dir='ltr'><strong>peregrinante</strong></span> <span class='ocrx_word' id='word_1_478' title='bbox 1669 3485 1899 3541; x_wconf 92' lang='lat' dir='ltr'><strong>Domino</strong></span> <span class='ocrx_word' id='word_1_479' title='bbox 1945 3489 1998 3544; x_wconf 91' lang='lat' dir='ltr'><strong>in</strong></span> 
     </span>
    </p>
   </div>
   <div class='ocr_carea' id='block_1_66' title="bbox 421 3555 2000 3636">
    <p class='ocr_par' dir='ltr' id='par_1_66' title="bbox 421 3555 2000 3636">
     <span class='ocr_line' id='line_1_66' title="bbox 421 3555 2000 3636; baseline 0.015 -22"><span class='ocrx_word' id='word_1_480' title='bbox 421 3555 676 3629; x_wconf 67' lang='lat' dir='ltr'><strong>Egypto,</strong></span> <span class='ocrx_word' id='word_1_481' title='bbox 713 3576 835 3615; x_wconf 87' lang='lat' dir='ltr'><strong>cum</strong></span> <span class='ocrx_word' id='word_1_482' title='bbox 873 3561 1197 3634; x_wconf 67' lang='lat' dir='ltr'><strong>Egyptiaco</strong></span> <span class='ocrx_word' id='word_1_483' title='bbox 1222 3567 1445 3626; x_wconf 87' lang='lat' dir='ltr'><strong>ﬂumine</strong></span> <span class='ocrx_word' id='word_1_484' title='bbox 1472 3574 1634 3628; x_wconf 90' lang='lat' dir='ltr'><strong>etiam</strong></span> <span class='ocrx_word' id='word_1_485' title='bbox 1669 3588 2000 3636; x_wconf 91' lang='lat' dir='ltr'><strong>memoratos</strong></span> 
     </span>
    </p>
   </div>
   <div class='ocr_carea' id='block_1_67' title="bbox 421 3649 1995 3740">
    <p class='ocr_par' dir='ltr' id='par_1_67' title="bbox 421 3649 1995 3740">
     <span class='ocr_line' id='line_1_67' title="bbox 421 3649 1995 3740; baseline 0.015 -36"><span class='ocrx_word' id='word_1_486' title='bbox 421 3649 545 3704; x_wconf 90' lang='lat' dir='ltr'><strong>illos</strong></span> <span class='ocrx_word' id='word_1_487' title='bbox 575 3652 846 3723; x_wconf 88' lang='lat' dir='ltr'><strong>principes</strong></span> <span class='ocrx_word' id='word_1_488' title='bbox 887 3656 1162 3712; x_wconf 76' lang='lat' dir='ltr'><strong>dzemones</strong></span> <span class='ocrx_word' id='word_1_489' title='bbox 1207 3660 1554 3720; x_wconf 84' lang='lat' dir='ltr'><strong>infatuandos</strong></span> <span class='ocrx_word' id='word_1_490' title='bbox 1596 3667 1707 3735; x_wconf 88' lang='lat' dir='ltr'><strong>ait,</strong></span> <span class='ocrx_word' id='word_1_491' title='bbox 1757 3672 1995 3740; x_wconf 87' lang='lat' dir='ltr'><strong>etiamsi,</strong></span> 
     </span>
    </p>
   </div>
   <div class='ocr_carea' id='block_1_68' title="bbox 423 3742 1996 3828">
    <p class='ocr_par' dir='ltr' id='par_1_68' title="bbox 423 3742 1996 3828">
     <span class='ocr_line' id='line_1_68' title="bbox 423 3742 1996 3828; baseline 0.014 -32"><span class='ocrx_word' id='word_1_492' title='bbox 423 3742 652 3799; x_wconf 85' lang='lat' dir='ltr'><strong>absente</strong></span> <span class='ocrx_word' id='word_1_493' title='bbox 697 3745 949 3812; x_wconf 88' lang='lat' dir='ltr'><strong>Domino,</strong></span> <span class='ocrx_word' id='word_1_494' title='bbox 992 3750 1316 3817; x_wconf 87' lang='lat' dir='ltr'><strong>sapientiam</strong></span> <span class='ocrx_word' id='word_1_495' title='bbox 1362 3767 1549 3824; x_wconf 90' lang='lat' dir='ltr'><strong>aperte</strong></span> <span class='ocrx_word' id='word_1_496' title='bbox 1588 3760 1996 3828; x_wconf 86' lang='lat' dir='ltr'><strong>proﬁterentur.</strong></span> 
     </span>
    </p>
   </div>
   <div class='ocr_carea' id='block_1_69' title="bbox 420 3833 1998 3922">
    <p class='ocr_par' dir='ltr' id='par_1_69' title="bbox 420 3833 1998 3922">
     <span class='ocr_line' id='line_1_69' title="bbox 420 3833 1998 3922; baseline 0.013 -31"><span class='ocrx_word' id='word_1_497' title='bbox 420 3833 620 3891; x_wconf 73' lang='lat' dir='ltr'><strong>Verum</strong></span> <span class='ocrx_word' id='word_1_498' title='bbox 654 3837 699 3891; x_wconf 88' lang='lat' dir='ltr'><strong>is</strong></span> <span class='ocrx_word' id='word_1_499' title='bbox 734 3850 1112 3908; x_wconf 81' lang='lat' dir='ltr'><strong>argumentum</strong></span> <span class='ocrx_word' id='word_1_500' title='bbox 1148 3843 1276 3913; x_wconf 92' lang='lat' dir='ltr'><strong>ipsis</strong></span> <span class='ocrx_word' id='word_1_501' title='bbox 1317 3847 1533 3912; x_wconf 90' lang='lat' dir='ltr'><strong>obtulit,</strong></span> <span class='ocrx_word' id='word_1_502' title='bbox 1576 3868 1640 3908; x_wconf 92' lang='lat' dir='ltr'><strong>ac</strong></span> <span class='ocrx_word' id='word_1_503' title='bbox 1670 3855 1855 3922; x_wconf 84' lang='lat' dir='ltr'><strong>evicit,</strong></span> <span class='ocrx_word' id='word_1_504' title='bbox 1903 3872 1998 3912; x_wconf 90' lang='lat' dir='ltr'><strong>eos</strong></span> 
     </span>
    </p>
   </div>
   <div class='ocr_carea' id='block_1_70' title="bbox 420 3927 1997 4004">
    <p class='ocr_par' dir='ltr' id='par_1_70' title="bbox 420 3927 1997 4004">
     <span class='ocr_line' id='line_1_70' title="bbox 420 3927 1997 4004; baseline 0.015 -24"><span class='ocrx_word' id='word_1_505' title='bbox 420 3927 556 3981; x_wconf 89' lang='lat' dir='ltr'><strong>nihll</strong></span> <span class='ocrx_word' id='word_1_506' title='bbox 583 3931 863 3997; x_wconf 84' lang='lat' dir='ltr'><strong>sapientiae</strong></span> <span class='ocrx_word' id='word_1_507' title='bbox 898 3933 1134 4002; x_wconf 88' lang='lat' dir='ltr'><strong>habere;</strong></span> <span class='ocrx_word' id='word_1_508' title='bbox 1167 3938 1261 3992; x_wconf 92' lang='lat' dir='ltr'><strong>sed</strong></span> <span class='ocrx_word' id='word_1_509' title='bbox 1295 3938 1350 3994; x_wconf 93' lang='lat' dir='ltr'><strong>in</strong></span> <span class='ocrx_word' id='word_1_510' title='bbox 1371 3940 1584 3998; x_wconf 93' lang='lat' dir='ltr'><strong>Domini</strong></span> <span class='ocrx_word' id='word_1_511' title='bbox 1609 3945 1843 4002; x_wconf 88' lang='lat' dir='ltr'><strong>adventu</strong></span> <span class='ocrx_word' id='word_1_512' title='bbox 1871 3963 1997 4004; x_wconf 87' lang='lat' dir='ltr'><strong>vere</strong></span> 
     </span>
    </p>
   </div>
   <div class='ocr_carea' id='block_1_71' title="bbox 419 4017 796 4076">
    <p class='ocr_par' dir='ltr' id='par_1_71' title="bbox 419 4017 796 4076">
     <span class='ocr_line' id='line_1_71' title="bbox 419 4017 796 4076; baseline 0.008 -3"><span class='ocrx_word' id='word_1_513' title='bbox 419 4017 614 4074; x_wconf 75' lang='lat' dir='ltr'><strong>Stultos</strong></span> <span class='ocrx_word' id='word_1_514' title='bbox 656 4035 796 4076; x_wconf 89' lang='lat' dir='ltr'><strong>esse.</strong></span> 
     </span>
    </p>
   </div>
   <div class='ocr_carea' id='block_1_72' title="bbox 489 4197 1996 4288">
    <p class='ocr_par' dir='ltr' id='par_1_72' title="bbox 489 4197 1996 4288">
     <span class='ocr_line' id='line_1_72' title="bbox 489 4197 1996 4288; baseline 0.017 -37"><span class='ocrx_word' id='word_1_515' title='bbox 489 4197 652 4256; x_wconf 67' lang='lat' dir='ltr'><strong>Vens.</strong></span> <span class='ocrx_word' id='word_1_516' title='bbox 691 4200 776 4264; x_wconf 73' lang='lat' dir='ltr'><strong>l2,</strong></span> <span class='ocrx_word' id='word_1_517' title='bbox 816 4201 902 4256; x_wconf 72' lang='lat'><strong>13.</strong></span> <span class='ocrx_word' id='word_1_518' title='bbox 941 4223 959 4255; x_wconf 78' lang='grc' dir='ltr'><strong>ι</strong></span> <span class='ocrx_word' id='word_1_519' title='bbox 994 4203 1272 4270; x_wconf 86' lang='lat' dir='ltr'><strong>Quomodo</strong></span> <span class='ocrx_word' id='word_1_520' title='bbox 1313 4211 1500 4267; x_wconf 91' lang='lat' dir='ltr'><strong>dicetis</strong></span> <span class='ocrx_word' id='word_1_521' title='bbox 1538 4215 1684 4285; x_wconf 78' lang='lat' dir='ltr'><strong>regi,</strong></span> <span class='ocrx_word' id='word_1_522' title='bbox 1715 4216 1836 4272; x_wconf 85' lang='lat' dir='ltr'><strong>Filii</strong></span> <span class='ocrx_word' id='word_1_523' title='bbox 1867 4234 1996 4288; x_wconf 81' lang='lat' dir='ltr'><strong>pru-</strong></span> 
     </span>
    </p>
   </div>
   <div class='ocr_carea' id='block_1_73' title="bbox 417 4287 1993 4368">
    <p class='ocr_par' dir='ltr' id='par_1_73' title="bbox 417 4287 1993 4368">
     <span class='ocr_line' id='line_1_73' title="bbox 417 4287 1993 4368; baseline 0.016 -27"><span class='ocrx_word' id='word_1_524' title='bbox 417 4287 637 4343; x_wconf 89' lang='lat' dir='ltr'><strong>dentum</strong></span> <span class='ocrx_word' id='word_1_525' title='bbox 663 4308 782 4357; x_wconf 91' lang='lat' dir='ltr'><strong>nos,</strong></span> <span class='ocrx_word' id='word_1_526' title='bbox 817 4294 910 4348; x_wconf 89' lang='lat' dir='ltr'><strong>ﬁlii</strong></span> <span class='ocrx_word' id='word_1_527' title='bbox 941 4311 1148 4367; x_wconf 84' lang='lat' dir='ltr'><strong>regum,</strong></span> <span class='ocrx_word' id='word_1_528' title='bbox 1171 4301 1263 4368; x_wconf 94' lang='lat' dir='ltr'><strong>qui</strong></span> <span class='ocrx_word' id='word_1_529' title='bbox 1310 4303 1376 4356; x_wconf 94' lang='lat' dir='ltr'><strong>ab</strong></span> <span class='ocrx_word' id='word_1_530' title='bbox 1417 4303 1571 4359; x_wconf 91' lang='lat' dir='ltr'><strong>initio</strong></span> <span class='ocrx_word' id='word_1_531' title='bbox 1601 4305 1820 4363; x_wconf 77' lang='lat' dir='ltr'><strong>fuerunt</strong></span> <span class='ocrx_word' id='word_1_532' title='bbox 1841 4287 1993 4366; x_wconf 10' lang='lat' dir='ltr'><strong>?7Ubi</strong></span> 
     </span>
    </p>
   </div>
   <div class='ocr_carea' id='block_1_74' title="bbox 395 4383 1993 4471">
    <p class='ocr_par' dir='ltr' id='par_1_74' title="bbox 395 4383 1993 4471">
     <span class='ocr_line' id='line_1_74' title="bbox 395 4383 1993 4471; baseline 0.016 -39"><span class='ocrx_word' id='word_1_533' title='bbox 395 4395 560 4434; x_wconf 84' lang='lat' dir='ltr'><strong>nunc</strong></span> <span class='ocrx_word' id='word_1_534' title='bbox 581 4383 849 4451; x_wconf 88' lang='lat' dir='ltr'><strong>sapientes</strong></span> <span class='ocrx_word' id='word_1_535' title='bbox 877 4388 950 4441; x_wconf 94' lang='lat' dir='ltr'><strong>tui</strong></span> <span class='ocrx_word' id='word_1_536' title='bbox 973 4389 996 4441; x_wconf 86' lang='lat'><strong>?</strong></span> <span class='ocrx_word' id='word_1_537' title='bbox 1017 4398 1072 4443; x_wconf 91' lang='lat' dir='ltr'><strong>et</strong></span> <span class='ocrx_word' id='word_1_538' title='bbox 1096 4393 1417 4448; x_wconf 90' lang='lat' dir='ltr'><strong>annuntient</strong></span> <span class='ocrx_word' id='word_1_539' title='bbox 1444 4396 1562 4460; x_wconf 91' lang='lat' dir='ltr'><strong>tibi,</strong></span> <span class='ocrx_word' id='word_1_540' title='bbox 1581 4406 1636 4452; x_wconf 89' lang='lat' dir='ltr'><strong>et</strong></span> <span class='ocrx_word' id='word_1_541' title='bbox 1657 4399 1838 4454; x_wconf 86' lang='lat' dir='ltr'><strong>dicant</strong></span> <span class='ocrx_word' id='word_1_542' title='bbox 1865 4403 1993 4471; x_wconf 92' lang='lat' dir='ltr'><strong>quid</strong></span> 
     </span>
    </p>
   </div>
   <div class='ocr_carea' id='block_1_75' title="bbox 2101 3283 3692 3355">
    <p class='ocr_par' dir='ltr' id='par_1_75' title="bbox 2101 3283 3692 3355">
     <span class='ocr_line' id='line_1_75' title="bbox 2101 3283 3692 3355; baseline 0.001 -20"><span class='ocrx_word' id='word_1_543' title='bbox 2101 3283 2380 3347; x_wconf 80' lang='grc' dir='ltr'>Μωϋσέως</span> <span class='ocrx_word' id='word_1_544' title='bbox 2421 3283 2633 3354; x_wconf 83' lang='grc' dir='ltr'>χρόνοις</span> <span class='ocrx_word' id='word_1_545' title='bbox 2681 3283 3061 3353; x_wconf 88' lang='grc' dir='ltr'>βασιλεύοντας</span> <span class='ocrx_word' id='word_1_546' title='bbox 3104 3284 3206 3355; x_wconf 77' lang='grc' dir='ltr'>τῆς</span> <span class='ocrx_word' id='word_1_547' title='bbox 3250 3285 3547 3354; x_wconf 82' lang='grc' dir='ltr'>Αἰγύπτου.</span> <span class='ocrx_word' id='word_1_548' title='bbox 3591 3283 3692 3338; x_wconf 78' lang='grc' dir='ltr'><strong>Διὸ</strong></span> 
     </span>
    </p>
   </div>
   <div class='ocr_carea' id='block_1_76' title="bbox 2100 3374 3690 3447">
    <p class='ocr_par' dir='ltr' id='par_1_76' title="bbox 2100 3374 3690 3447">
     <span class='ocr_line' id='line_1_76' title="bbox 2100 3374 3690 3447; baseline 0.004 -21"><span class='ocrx_word' id='word_1_549' title='bbox 2100 3374 2348 3428; x_wconf 84' lang='grc' dir='ltr'>λέλεκται</span> <span class='ocrx_word' id='word_1_550' title='bbox 2389 3375 2448 3428; x_wconf 93' lang='grc' dir='ltr'><strong>ἐν</strong></span> <span class='ocrx_word' id='word_1_551' title='bbox 2480 3375 2646 3446; x_wconf 86' lang='grc' dir='ltr'>πεδίῳ</span> <span class='ocrx_word' id='word_1_552' title='bbox 2681 3375 2898 3438; x_wconf 90' lang='grc' dir='ltr'>Τάνεως</span> <span class='ocrx_word' id='word_1_553' title='bbox 2931 3375 2999 3428; x_wconf 86' lang='grc' dir='ltr'><strong>τά</strong></span> <span class='ocrx_word' id='word_1_554' title='bbox 3042 3379 3242 3447; x_wconf 82' lang='grc' dir='ltr'>ση-μεῖα</span> <span class='ocrx_word' id='word_1_555' title='bbox 3281 3378 3580 3447; x_wconf 83' lang='grc' dir='ltr'>γεγονέναι,</span> <span class='ocrx_word' id='word_1_556' title='bbox 3613 3378 3690 3432; x_wconf 75' lang='grc' dir='ltr'>τὰ</span> 
     </span>
    </p>
   </div>
   <div class='ocr_carea' id='block_1_77' title="bbox 2101 3465 3693 3540">
    <p class='ocr_par' dir='ltr' id='par_1_77' title="bbox 2101 3465 3693 3540">
     <span class='ocr_line' id='line_1_77' title="bbox 2101 3465 3693 3540; baseline 0.004 -23"><span class='ocrx_word' id='word_1_557' title='bbox 2101 3465 2194 3518; x_wconf 78' lang='grc' dir='ltr'>ἐπὶ</span> <span class='ocrx_word' id='word_1_558' title='bbox 2223 3465 2504 3528; x_wconf 83' lang='grc' dir='ltr'>Μωῦσέως</span> <span class='ocrx_word' id='word_1_559' title='bbox 2545 3466 2640 3520; x_wconf 77' lang='grc' dir='ltr'>καὶ</span> <span class='ocrx_word' id='word_1_560' title='bbox 2669 3467 2764 3520; x_wconf 75' lang='grc' dir='ltr'>ἐπὶ</span> <span class='ocrx_word' id='word_1_561' title='bbox 2795 3465 2890 3519; x_wconf 81' lang='grc' dir='ltr'><strong>τοῦ</strong></span> <span class='ocrx_word' id='word_1_562' title='bbox 2923 3466 3208 3537; x_wconf 89' lang='grc' dir='ltr'>παρόντος.</span> <span class='ocrx_word' id='word_1_563' title='bbox 3233 3467 3534 3540; x_wconf 80' lang='grc' dir='ltr'>Τοιγαροῦν</span> <span class='ocrx_word' id='word_1_564' title='bbox 3561 3471 3693 3523; x_wconf 87' lang='grc' dir='ltr'>ἐπι-</span> 
     </span>
    </p>
   </div>
   <div class='ocr_carea' id='block_1_78' title="bbox 2098 3555 3692 3630">
    <p class='ocr_par' dir='ltr' id='par_1_78' title="bbox 2098 3555 3692 3630">
     <span class='ocr_line' id='line_1_78' title="bbox 2098 3555 3692 3630; baseline 0.004 -22"><span class='ocrx_word' id='word_1_565' title='bbox 2098 3556 2442 3628; x_wconf 83' lang='grc' dir='ltr'>δημήσαντος</span> <span class='ocrx_word' id='word_1_566' title='bbox 2469 3555 2564 3610; x_wconf 80' lang='grc' dir='ltr'><strong>τοῦ</strong></span> <span class='ocrx_word' id='word_1_567' title='bbox 2610 3559 2818 3630; x_wconf 87' lang='grc' dir='ltr'>Κυρίου</span> <span class='ocrx_word' id='word_1_568' title='bbox 2861 3561 2928 3629; x_wconf 80' lang='grc' dir='ltr'>τῇ</span> <span class='ocrx_word' id='word_1_569' title='bbox 2960 3560 3242 3630; x_wconf 79' lang='grc' dir='ltr'>Αἰγύπτῳ,</span> <span class='ocrx_word' id='word_1_570' title='bbox 3283 3561 3378 3614; x_wconf 79' lang='grc' dir='ltr'>σὺν</span> <span class='ocrx_word' id='word_1_571' title='bbox 3412 3559 3489 3630; x_wconf 82' lang='grc' dir='ltr'>τῷ</span> <span class='ocrx_word' id='word_1_572' title='bbox 3514 3561 3692 3629; x_wconf 80' lang='grc' dir='ltr'>Δίγυ-</span> 
     </span>
    </p>
   </div>
   <div class='ocr_carea' id='block_1_79' title="bbox 2099 3649 3692 3722">
    <p class='ocr_par' dir='ltr' id='par_1_79' title="bbox 2099 3649 3692 3722">
     <span class='ocr_line' id='line_1_79' title="bbox 2099 3649 3692 3722; baseline 0.003 -20"><span class='ocrx_word' id='word_1_573' title='bbox 2099 3651 2242 3720; x_wconf 88' lang='grc' dir='ltr'>πτίῳ</span> <span class='ocrx_word' id='word_1_574' title='bbox 2308 3649 2537 3720; x_wconf 85' lang='grc' dir='ltr'>ποταμῷ</span> <span class='ocrx_word' id='word_1_575' title='bbox 2594 3651 2689 3703; x_wconf 79' lang='grc' dir='ltr'>καὶ</span> <span class='ocrx_word' id='word_1_576' title='bbox 2746 3652 2874 3714; x_wconf 81' lang='grc' dir='ltr'>τοὺς</span> <span class='ocrx_word' id='word_1_577' title='bbox 2940 3651 3279 3722; x_wconf 86' lang='grc' dir='ltr'>δηλωθέντας</span> <span class='ocrx_word' id='word_1_578' title='bbox 3330 3653 3692 3722; x_wconf 82' lang='grc' dir='ltr'>ἀρχοντικοὺς</span> 
     </span>
    </p>
   </div>
   <div class='ocr_carea' id='block_1_80' title="bbox 2098 3741 3689 3815">
    <p class='ocr_par' dir='ltr' id='par_1_80' title="bbox 2098 3741 3689 3815">
     <span class='ocr_line' id='line_1_80' title="bbox 2098 3741 3689 3815; baseline 0.002 -21"><span class='ocrx_word' id='word_1_579' title='bbox 2098 3741 2355 3813; x_wconf 88' lang='grc' dir='ltr'>δαίμονάς</span> <span class='ocrx_word' id='word_1_580' title='bbox 2383 3759 2534 3805; x_wconf 92' lang='grc' dir='ltr'>τινας</span> <span class='ocrx_word' id='word_1_581' title='bbox 2569 3741 3018 3814; x_wconf 67' lang='grc' dir='ltr'>μορανθήσεσθαί</span> <span class='ocrx_word' id='word_1_582' title='bbox 3053 3760 3207 3814; x_wconf 88' lang='grc' dir='ltr'>φησι,</span> <span class='ocrx_word' id='word_1_583' title='bbox 3245 3744 3448 3815; x_wconf 84' lang='grc' dir='ltr'>καίπερ</span> <span class='ocrx_word' id='word_1_584' title='bbox 3486 3744 3689 3813; x_wconf 80' lang='grc' dir='ltr'>σοφίαν</span> 
     </span>
    </p>
   </div>
   <div class='ocr_carea' id='block_1_81' title="bbox 2100 3833 3684 3905">
    <p class='ocr_par' dir='ltr' id='par_1_81' title="bbox 2100 3833 3684 3905">
     <span class='ocr_line' id='line_1_81' title="bbox 2100 3833 3684 3905; baseline 0.001 -17"><span class='ocrx_word' id='word_1_585' title='bbox 2100 3833 2610 3904; x_wconf 82' lang='grc' dir='ltr'>ἐπαγγελλομένους</span> <span class='ocrx_word' id='word_1_586' title='bbox 2659 3835 2750 3887; x_wconf 85' lang='grc' dir='ltr'>ὅτε</span> <span class='ocrx_word' id='word_1_587' title='bbox 2805 3835 2864 3888; x_wconf 86' lang='grc' dir='ltr'>οὐ</span> <span class='ocrx_word' id='word_1_588' title='bbox 2921 3835 3102 3905; x_wconf 82' lang='grc' dir='ltr'>παρῆν</span> <span class='ocrx_word' id='word_1_589' title='bbox 3155 3835 3336 3899; x_wconf 85' lang='grc' dir='ltr'>αὐτοῖς</span> <span class='ocrx_word' id='word_1_590' title='bbox 3383 3837 3412 3887; x_wconf 87' lang='grc' dir='ltr'>ὁ</span> <span class='ocrx_word' id='word_1_591' title='bbox 3451 3835 3684 3905; x_wconf 74' lang='grc' dir='ltr'>Κύριος.</span> 
     </span>
    </p>
   </div>
   <div class='ocr_carea' id='block_1_82' title="bbox 2111 3926 3689 3998">
    <p class='ocr_par' dir='ltr' id='par_1_82' title="bbox 2111 3926 3689 3998">
     <span class='ocr_line' id='line_1_82' title="bbox 2111 3926 3689 3998; baseline 0 -18"><span class='ocrx_word' id='word_1_592' title='bbox 2111 3926 2270 3980; x_wconf 86' lang='grc' dir='ltr'>Ἀλλὰ</span> <span class='ocrx_word' id='word_1_593' title='bbox 2314 3927 2421 3996; x_wconf 85' lang='grc' dir='ltr'>γὰρ</span> <span class='ocrx_word' id='word_1_594' title='bbox 2471 3926 2687 3997; x_wconf 74' lang='grc' dir='ltr'>ἔλεγχον</span> <span class='ocrx_word' id='word_1_595' title='bbox 2731 3927 2912 3991; x_wconf 83' lang='grc' dir='ltr'>αὐτοῖς</span> <span class='ocrx_word' id='word_1_596' title='bbox 2963 3929 3261 3998; x_wconf 85' lang='grc' dir='ltr'>ἐπήγαγεν,</span> <span class='ocrx_word' id='word_1_597' title='bbox 3302 3927 3377 3992; x_wconf 84' lang='grc' dir='ltr'><strong>ὡς</strong></span> <span class='ocrx_word' id='word_1_598' title='bbox 3420 3927 3689 3998; x_wconf 80' lang='grc' dir='ltr'>οὐδεμιᾶς</span> 
     </span>
    </p>
   </div>
   <div class='ocr_carea' id='block_1_83' title="bbox 2101 4013 3683 4090">
    <p class='ocr_par' dir='ltr' id='par_1_83' title="bbox 2101 4013 3683 4090">
     <span class='ocr_line' id='line_1_83' title="bbox 2101 4013 3683 4090; baseline 0.003 -22"><span class='ocrx_word' id='word_1_599' title='bbox 2101 4019 2345 4086; x_wconf 86' lang='grc' dir='ltr'>μετεῖχον</span> <span class='ocrx_word' id='word_1_600' title='bbox 2377 4017 2596 4086; x_wconf 78' lang='grc' dir='ltr'>σοφίας·</span> <span class='ocrx_word' id='word_1_601' title='bbox 2638 4017 2810 4087; x_wconf 75' lang='grc' dir='ltr'>μωροὶ</span> <span class='ocrx_word' id='word_1_602' title='bbox 2849 4017 2906 4070; x_wconf 85' lang='grc' dir='ltr'><strong>δὲ</strong></span> <span class='ocrx_word' id='word_1_603' title='bbox 2949 4013 3090 4088; x_wconf 80' lang='grc' dir='ltr'>ἦσαν</span> <span class='ocrx_word' id='word_1_604' title='bbox 3135 4016 3349 4089; x_wconf 84' lang='grc' dir='ltr'>ἀληθῶς</span> <span class='ocrx_word' id='word_1_605' title='bbox 3388 4018 3447 4071; x_wconf 81' lang='grc' dir='ltr'><strong>ἐν</strong></span> <span class='ocrx_word' id='word_1_606' title='bbox 3475 4020 3540 4090; x_wconf 79' lang='grc' dir='ltr'><strong>τῇ</strong></span> <span class='ocrx_word' id='word_1_607' title='bbox 3579 4018 3683 4072; x_wconf 80' lang='grc' dir='ltr'>τοῦ</span> 
     </span>
    </p>
   </div>
   <div class='ocr_carea' id='block_1_84' title="bbox 2098 4109 2607 4180">
    <p class='ocr_par' dir='ltr' id='par_1_84' title="bbox 2098 4109 2607 4180">
     <span class='ocr_line' id='line_1_84' title="bbox 2098 4109 2607 4180; baseline -0.004 -17"><span class='ocrx_word' id='word_1_608' title='bbox 2098 4110 2304 4180; x_wconf 84' lang='grc' dir='ltr'>Κυρίου</span> <span class='ocrx_word' id='word_1_609' title='bbox 2335 4109 2607 4180; x_wconf 78' lang='grc' dir='ltr'>παρουσίᾳ</span> 
     </span>
    </p>
   </div>
   <div class='ocr_carea' id='block_1_85' title="bbox 2173 4199 3683 4274">
    <p class='ocr_par' dir='ltr' id='par_1_85' title="bbox 2173 4199 3683 4274">
     <span class='ocr_line' id='line_1_85' title="bbox 2173 4199 3683 4274; baseline 0.003 -22"><span class='ocrx_word' id='word_1_610' title='bbox 2173 4220 2192 4251; x_wconf 79' lang='grc' dir='ltr'><strong>ι</strong></span> <span class='ocrx_word' id='word_1_611' title='bbox 2234 4200 2358 4265; x_wconf 88' lang='grc' dir='ltr'><strong>Πῶς</strong></span> <span class='ocrx_word' id='word_1_612' title='bbox 2388 4203 2558 4271; x_wconf 86' lang='grc' dir='ltr'>ἐρεῖτε</span> <span class='ocrx_word' id='word_1_613' title='bbox 2589 4199 2668 4272; x_wconf 80' lang='grc' dir='ltr'>τῷ</span> <span class='ocrx_word' id='word_1_614' title='bbox 2691 4200 2914 4271; x_wconf 85' lang='grc' dir='ltr'>βασιλεῖ,</span> <span class='ocrx_word' id='word_1_615' title='bbox 2942 4201 3062 4255; x_wconf 86' lang='grc' dir='ltr'>Υἱοί</span> <span class='ocrx_word' id='word_1_616' title='bbox 3093 4202 3327 4256; x_wconf 79' lang='grc' dir='ltr'>συνετῶν</span> <span class='ocrx_word' id='word_1_617' title='bbox 3359 4205 3542 4274; x_wconf 62' lang='grc' dir='ltr'>ἡμεῖς,</span> <span class='ocrx_word' id='word_1_618' title='bbox 3566 4205 3683 4258; x_wconf 76' lang='grc' dir='ltr'>υἱοὶ</span> 
     </span>
    </p>
   </div>
   <div class='ocr_carea' id='block_1_86' title="bbox 2097 4293 3683 4365">
    <p class='ocr_par' dir='ltr' id='par_1_86' title="bbox 2097 4293 3683 4365">
     <span class='ocr_line' id='line_1_86' title="bbox 2097 4293 3683 4365; baseline 0.003 -19"><span class='ocrx_word' id='word_1_619' title='bbox 2097 4293 2358 4364; x_wconf 88' lang='grc' dir='ltr'>βασιλέων</span> <span class='ocrx_word' id='word_1_620' title='bbox 2399 4293 2508 4345; x_wconf 90' lang='grc' dir='ltr'><strong>τῶν</strong></span> <span class='ocrx_word' id='word_1_621' title='bbox 2543 4293 2601 4359; x_wconf 81' lang='grc' dir='ltr'>ἐξ</span> <span class='ocrx_word' id='word_1_622' title='bbox 2629 4295 2833 4364; x_wconf 84' lang='grc' dir='ltr'>ἀρχῆς;</span> <span class='ocrx_word' id='word_1_623' title='bbox 2861 4293 2974 4347; x_wconf 79' lang='grc' dir='ltr'>Ποῦ</span> <span class='ocrx_word' id='word_1_624' title='bbox 3013 4296 3119 4348; x_wconf 88' lang='grc' dir='ltr'>εἰσι</span> <span class='ocrx_word' id='word_1_625' title='bbox 3143 4294 3237 4348; x_wconf 83' lang='grc' dir='ltr'>νῦν</span> <span class='ocrx_word' id='word_1_626' title='bbox 3280 4297 3328 4350; x_wconf 81' lang='grc' dir='ltr'>οἱ</span> <span class='ocrx_word' id='word_1_627' title='bbox 3361 4295 3514 4365; x_wconf 86' lang='grc' dir='ltr'>σοφοί</span> <span class='ocrx_word' id='word_1_628' title='bbox 3546 4314 3683 4364; x_wconf 87' lang='grc' dir='ltr'>σου;</span> 
     </span>
    </p>
   </div>
   <div class='ocr_carea' id='block_1_87' title="bbox 2095 4371 3687 4458">
    <p class='ocr_par' dir='ltr' id='par_1_87' title="bbox 2095 4371 3687 4458">
     <span class='ocr_line' id='line_1_87' title="bbox 2095 4371 3687 4458; baseline 0.004 -21"><span class='ocrx_word' id='word_1_629' title='bbox 2095 4385 2188 4438; x_wconf 73' lang='grc' dir='ltr'>καὶ</span> <span class='ocrx_word' id='word_1_630' title='bbox 2229 4384 2706 4453; x_wconf 84' lang='grc' dir='ltr'>ἀναγγειλάτωσάν</span> <span class='ocrx_word' id='word_1_631' title='bbox 2753 4402 2854 4449; x_wconf 92' lang='grc' dir='ltr'>σοι,</span> <span class='ocrx_word' id='word_1_632' title='bbox 2896 4387 2986 4440; x_wconf 77' lang='grc' dir='ltr'>καὶ</span> <span class='ocrx_word' id='word_1_633' title='bbox 3041 4371 3354 4441; x_wconf 83' lang='grc' dir='ltr'>εἰπάτωσαν</span> <span class='ocrx_word' id='word_1_634' title='bbox 3393 4389 3446 4440; x_wconf 93' lang='grc' dir='ltr'><strong>τί</strong></span> <span class='ocrx_word' id='word_1_635' title='bbox 3487 4388 3687 4458; x_wconf 67' lang='grc' dir='ltr'>βεϐούο</span> 
     </span>
    </p>
   </div>
   <div class='ocr_carea' id='block_1_88' title="bbox 417 4472 1996 4569">
    <p class='ocr_par' dir='ltr' id='par_1_88' title="bbox 417 4472 1990 4569">
     <span class='ocr_line' id='line_1_88' title="bbox 417 4472 1990 4569; baseline 0.015 -45"><span class='ocrx_word' id='word_1_636' title='bbox 417 4472 626 4569; x_wconf 61' lang='lat' dir='ltr'><strong>oonsilii</strong></span> <span class='ocrx_word' id='word_1_637' title='bbox 675 4476 850 4530; x_wconf 91' lang='lat' dir='ltr'><strong>inierit</strong></span> <span class='ocrx_word' id='word_1_638' title='bbox 890 4477 1148 4535; x_wconf 89' lang='lat' dir='ltr'><strong>Dominus</strong></span> <span class='ocrx_word' id='word_1_639' title='bbox 1183 4482 1423 4539; x_wconf 86' lang='lat' dir='ltr'><strong>Sabaoth</strong></span> <span class='ocrx_word' id='word_1_640' title='bbox 1471 4501 1634 4557; x_wconf 89' lang='lat' dir='ltr'><strong>super</strong></span> <span class='ocrx_word' id='word_1_641' title='bbox 1675 4489 1990 4560; x_wconf 65' lang='lat' dir='ltr'><strong>Egyptum.</strong></span> 
     </span>
    </p>
   </div>
   <div class='ocr_carea' id='block_1_89' title="bbox 2106 4472 3684 4569">
    <p class='ocr_par' dir='ltr' id='par_1_89' title="bbox 2106 4475 3684 4546">
     <span class='ocr_line' id='line_1_89' title="bbox 2106 4475 3684 4546; baseline 0.004 -17"><span class='ocrx_word' id='word_1_642' title='bbox 2106 4481 2278 4529; x_wconf 67' lang='lat' dir='ltr'><strong>lactat</strong></span> <span class='ocrx_word' id='word_1_643' title='bbox 2318 4476 2522 4544; x_wconf 87' lang='grc' dir='ltr'>Κύριος</span> <span class='ocrx_word' id='word_1_644' title='bbox 2566 4475 2793 4530; x_wconf 76' lang='grc' dir='ltr'>Σαϐαὼθ</span> <span class='ocrx_word' id='word_1_645' title='bbox 2837 4478 2923 4530; x_wconf 89' lang='grc' dir='ltr'><strong>ἐπ’</strong></span> <span class='ocrx_word' id='word_1_646' title='bbox 2959 4478 3256 4545; x_wconf 78' lang='grc' dir='ltr'>Αἴγυπτον.</span> <span class='ocrx_word' id='word_1_647' title='bbox 3316 4479 3595 4546; x_wconf 80' lang='grc' dir='ltr'>Ἐξέλιπον</span> <span class='ocrx_word' id='word_1_648' title='bbox 3629 4482 3684 4535; x_wconf 73' lang='grc' dir='ltr'>οἱ</span> 
     </span>
    </p>
   </div>
   <div class='ocr_carea' id='block_1_90' title="bbox 417 4561 1990 4646">
    <p class='ocr_par' dir='ltr' id='par_1_90' title="bbox 417 4561 1990 4646">
     <span class='ocr_line' id='line_1_90' title="bbox 417 4561 1990 4646; baseline 0.011 -31"><span class='ocrx_word' id='word_1_649' title='bbox 417 4561 738 4618; x_wconf 82' lang='lat' dir='ltr'><strong>Defecerunt</strong></span> <span class='ocrx_word' id='word_1_650' title='bbox 766 4565 1039 4636; x_wconf 90' lang='lat' dir='ltr'><strong>principes</strong></span> <span class='ocrx_word' id='word_1_651' title='bbox 1061 4567 1290 4634; x_wconf 90' lang='lat' dir='ltr'><strong>Taneos,</strong></span> <span class='ocrx_word' id='word_1_652' title='bbox 1309 4581 1364 4624; x_wconf 91' lang='lat' dir='ltr'><strong>et</strong></span> <span class='ocrx_word' id='word_1_653' title='bbox 1385 4572 1605 4627; x_wconf 78' lang='lat' dir='ltr'><strong>exaltati</strong></span> <span class='ocrx_word' id='word_1_654' title='bbox 1641 4587 1766 4628; x_wconf 91' lang='lat' dir='ltr'><strong>sunt</strong></span> <span class='ocrx_word' id='word_1_655' title='bbox 1785 4578 1990 4646; x_wconf 89' lang='lat' dir='ltr'><strong>princi-</strong></span> 
     </span>
    </p>
   </div>
   <div class='ocr_carea' id='block_1_91' title="bbox 415 4651 1986 4735">
    <p class='ocr_par' dir='ltr' id='par_1_91' title="bbox 415 4651 1986 4735">
     <span class='ocr_line' id='line_1_91' title="bbox 415 4651 1986 4735; baseline 0.011 -30"><span class='ocrx_word' id='word_1_656' title='bbox 415 4666 510 4720; x_wconf 82' lang='lat' dir='ltr'><strong>pes</strong></span> <span class='ocrx_word' id='word_1_657' title='bbox 535 4651 860 4722; x_wconf 83' lang='lat' dir='ltr'><strong>Mempheos,</strong></span> <span class='ocrx_word' id='word_1_658' title='bbox 883 4670 938 4712; x_wconf 93' lang='lat' dir='ltr'><strong>et</strong></span> <span class='ocrx_word' id='word_1_659' title='bbox 958 4673 1145 4715; x_wconf 86' lang='lat' dir='ltr'><strong>errare</strong></span> <span class='ocrx_word' id='word_1_660' title='bbox 1164 4661 1362 4717; x_wconf 81' lang='lat' dir='ltr'><strong>facient</strong></span> <span class='ocrx_word' id='word_1_661' title='bbox 1378 4662 1670 4735; x_wconf 68' lang='lat' dir='ltr'><strong>Egyptum</strong></span> <span class='ocrx_word' id='word_1_662' title='bbox 1692 4668 1986 4722; x_wconf 87' lang='lat' dir='ltr'><strong>secundum</strong></span> 
     </span>
    </p>
   </div>
   <div class='ocr_carea' id='block_1_92' title="bbox 397 4741 1987 4825">
    <p class='ocr_par' dir='ltr' id='par_1_92' title="bbox 397 4741 1987 4825">
     <span class='ocr_line' id='line_1_92' title="bbox 397 4741 1987 4825; baseline 0.014 -33"><span class='ocrx_word' id='word_1_663' title='bbox 397 4741 606 4796; x_wconf 88' lang='lat' dir='ltr'><strong>tribus.</strong></span> <span class='ocrx_word' id='word_1_664' title='bbox 639 4761 658 4794; x_wconf 73' lang='grc' dir='ltr'><strong>ι</strong></span> <span class='ocrx_word' id='word_1_665' title='bbox 687 4743 821 4798; x_wconf 87' lang='lat' dir='ltr'><strong>Cum</strong></span> <span class='ocrx_word' id='word_1_666' title='bbox 859 4762 962 4801; x_wconf 94' lang='lat' dir='ltr'><strong>non</strong></span> <span class='ocrx_word' id='word_1_667' title='bbox 987 4749 1216 4818; x_wconf 85' lang='lat' dir='ltr'><strong>amplius</strong></span> <span class='ocrx_word' id='word_1_668' title='bbox 1254 4766 1435 4822; x_wconf 81' lang='lat' dir='ltr'><strong>regem</strong></span> <span class='ocrx_word' id='word_1_669' title='bbox 1468 4753 1734 4820; x_wconf 89' lang='lat' dir='ltr'><strong>habeatis,</strong></span> <span class='ocrx_word' id='word_1_670' title='bbox 1765 4771 1987 4825; x_wconf 91' lang='lat' dir='ltr'><strong>quomo-</strong></span> 
     </span>
    </p>
   </div>
   <div class='ocr_carea' id='block_1_93' title="bbox 413 4830 1982 4910">
    <p class='ocr_par' dir='ltr' id='par_1_93' title="bbox 413 4830 1982 4910">
     <span class='ocr_line' id='line_1_93' title="bbox 413 4830 1982 4910; baseline 0.011 -27"><span class='ocrx_word' id='word_1_671' title='bbox 413 4830 484 4884; x_wconf 92' lang='lat' dir='ltr'><strong>do</strong></span> <span class='ocrx_word' id='word_1_672' title='bbox 508 4834 733 4899; x_wconf 74' lang='lat' dir='ltr'><strong>porestis</strong></span> <span class='ocrx_word' id='word_1_673' title='bbox 763 4835 830 4889; x_wconf 90' lang='lat' dir='ltr'><strong>de</strong></span> <span class='ocrx_word' id='word_1_674' title='bbox 864 4839 1145 4905; x_wconf 89' lang='lat' dir='ltr'><strong>prudentia</strong></span> <span class='ocrx_word' id='word_1_675' title='bbox 1165 4840 1424 4910; x_wconf 77' lang='lat' dir='ltr'><strong>gloriari?</strong></span> <span class='ocrx_word' id='word_1_676' title='bbox 1442 4842 1720 4908; x_wconf 81' lang='lat' dir='ltr'><strong>Quomodo</strong></span> <span class='ocrx_word' id='word_1_677' title='bbox 1741 4856 1982 4901; x_wconf 89' lang='lat' dir='ltr'><strong>veterum</strong></span> 
     </span>
    </p>
   </div>
   <div class='ocr_carea' id='block_1_94' title="bbox 395 4923 1987 4997">
    <p class='ocr_par' dir='ltr' id='par_1_94' title="bbox 395 4923 1987 4997">
     <span class='ocr_line' id='line_1_94' title="bbox 395 4923 1987 4997; baseline 0.014 -26"><span class='ocrx_word' id='word_1_678' title='bbox 395 4935 597 4987; x_wconf 78' lang='lat' dir='ltr'><strong>regum</strong></span> <span class='ocrx_word' id='word_1_679' title='bbox 640 4923 782 4977; x_wconf 89' lang='lat' dir='ltr'><strong>ﬁlios</strong></span> <span class='ocrx_word' id='word_1_680' title='bbox 806 4941 901 4980; x_wconf 90' lang='lat' dir='ltr'><strong>vos</strong></span> <span class='ocrx_word' id='word_1_681' title='bbox 941 4942 1062 4983; x_wconf 88' lang='lat' dir='ltr'><strong>esse</strong></span> <span class='ocrx_word' id='word_1_682' title='bbox 1100 4931 1312 4995; x_wconf 90' lang='lat' dir='ltr'><strong>dicitis,</strong></span> <span class='ocrx_word' id='word_1_683' title='bbox 1348 4930 1540 4997; x_wconf 87' lang='lat' dir='ltr'><strong>Orum,</strong></span> <span class='ocrx_word' id='word_1_684' title='bbox 1581 4933 1684 4989; x_wconf 90' lang='lat' dir='ltr'><strong>Isin</strong></span> <span class='ocrx_word' id='word_1_685' title='bbox 1725 4947 1778 4990; x_wconf 89' lang='lat' dir='ltr'><strong>et</strong></span> <span class='ocrx_word' id='word_1_686' title='bbox 1806 4936 1987 4993; x_wconf 84' lang='lat' dir='ltr'><strong>Osirin</strong></span> 
     </span>
    </p>
   </div>
   <div class='ocr_carea' id='block_1_95' title="bbox 411 5010 1986 5094">
    <p class='ocr_par' dir='ltr' id='par_1_95' title="bbox 411 5010 1986 5094">
     <span class='ocr_line' id='line_1_95' title="bbox 411 5010 1986 5094; baseline 0.012 -29"><span class='ocrx_word' id='word_1_687' title='bbox 411 5022 468 5066; x_wconf 89' lang='lat' dir='ltr'><strong>et</strong></span> <span class='ocrx_word' id='word_1_688' title='bbox 495 5010 808 5082; x_wconf 86' lang='lat' dir='ltr'><strong>Typhonem</strong></span> <span class='ocrx_word' id='word_1_689' title='bbox 841 5017 1182 5086; x_wconf 84' lang='lat' dir='ltr'><strong>objicientes,</strong></span> <span class='ocrx_word' id='word_1_690' title='bbox 1207 5033 1370 5091; x_wconf 88' lang='lat' dir='ltr'><strong>atque</strong></span> <span class='ocrx_word' id='word_1_691' title='bbox 1388 5022 1702 5091; x_wconf 76' lang='lat' dir='ltr'><strong>iactitantes</strong></span> <span class='ocrx_word' id='word_1_692' title='bbox 1735 5029 1986 5094; x_wconf 90' lang='lat' dir='ltr'><strong>deorum,</strong></span> 
     </span>
    </p>
   </div>
   <div class='ocr_carea' id='block_1_96' title="bbox 414 5103 1988 5187">
    <p class='ocr_par' dir='ltr' id='par_1_96' title="bbox 414 5103 1988 5187">
     <span class='ocr_line' id='line_1_96' title="bbox 414 5103 1988 5187; baseline 0.012 -33"><span class='ocrx_word' id='word_1_693' title='bbox 414 5103 634 5155; x_wconf 89' lang='lat' dir='ltr'><strong>heroum</strong></span> <span class='ocrx_word' id='word_1_694' title='bbox 674 5113 729 5158; x_wconf 92' lang='lat' dir='ltr'><strong>et</strong></span> <span class='ocrx_word' id='word_1_695' title='bbox 752 5117 1086 5162; x_wconf 87' lang='lat' dir='ltr'><strong>mortuorum</strong></span> <span class='ocrx_word' id='word_1_696' title='bbox 1125 5125 1321 5178; x_wconf 71' lang='lat' dir='ltr'><strong>genera</strong></span> <span class='ocrx_word' id='word_1_697' title='bbox 1361 5113 1488 5166; x_wconf 89' lang='lat' dir='ltr'><strong>olim</strong></span> <span class='ocrx_word' id='word_1_698' title='bbox 1524 5113 1579 5168; x_wconf 92' lang='lat' dir='ltr'><strong>in</strong></span> <span class='ocrx_word' id='word_1_699' title='bbox 1618 5113 1852 5187; x_wconf 66' lang='lat' dir='ltr'><strong>Egypto</strong></span> <span class='ocrx_word' id='word_1_700' title='bbox 1887 5118 1988 5172; x_wconf 90' lang='lat' dir='ltr'><strong>im-</strong></span> 
     </span>
    </p>
   </div>
   <div class='ocr_carea' id='block_1_97' title="bbox 413 5201 1988 5277">
    <p class='ocr_par' dir='ltr' id='par_1_97' title="bbox 413 5201 1988 5277">
     <span class='ocr_line' id='line_1_97' title="bbox 413 5201 1988 5277; baseline 0.013 -34"><span class='ocrx_word' id='word_1_701' title='bbox 413 5209 633 5260; x_wconf 86' lang='lat' dir='ltr'><strong>perasse</strong></span> <span class='ocrx_word' id='word_1_702' title='bbox 663 5212 677 5248; x_wconf 87' lang='lat'><strong>:</strong></span> <span class='ocrx_word' id='word_1_703' title='bbox 705 5212 933 5263; x_wconf 86' lang='lat' dir='ltr'><strong>quorum</strong></span> <span class='ocrx_word' id='word_1_704' title='bbox 967 5201 1188 5254; x_wconf 90' lang='lat' dir='ltr'><strong>deorum</strong></span> <span class='ocrx_word' id='word_1_705' title='bbox 1211 5210 1264 5256; x_wconf 89' lang='lat' dir='ltr'><strong>et</strong></span> <span class='ocrx_word' id='word_1_706' title='bbox 1295 5217 1476 5273; x_wconf 80' lang='lat' dir='ltr'><strong>regum</strong></span> <span class='ocrx_word' id='word_1_707' title='bbox 1515 5221 1633 5271; x_wconf 90' lang='lat' dir='ltr'><strong>vos,</strong></span> <span class='ocrx_word' id='word_1_708' title='bbox 1675 5223 1726 5260; x_wconf 80' lang='lat' dir='ltr'><strong>in</strong></span> <span class='ocrx_word' id='word_1_709' title='bbox 1756 5209 1988 5277; x_wconf 80' lang='lat' dir='ltr'><strong>prophe-</strong></span> 
     </span>
    </p>
   </div>
   <div class='ocr_carea' id='block_1_98' title="bbox 415 5283 1984 5364">
    <p class='ocr_par' dir='ltr' id='par_1_98' title="bbox 415 5283 1984 5364">
     <span class='ocr_line' id='line_1_98' title="bbox 415 5283 1984 5364; baseline 0.013 -32"><span class='ocrx_word' id='word_1_710' title='bbox 415 5283 484 5334; x_wconf 85' lang='lat' dir='ltr'><strong>tia</strong></span> <span class='ocrx_word' id='word_1_711' title='bbox 522 5284 744 5338; x_wconf 88' lang='lat' dir='ltr'><strong>indicati</strong></span> <span class='ocrx_word' id='word_1_712' title='bbox 773 5287 1044 5357; x_wconf 83' lang='lat' dir='ltr'><strong>principes</strong></span> <span class='ocrx_word' id='word_1_713' title='bbox 1071 5289 1282 5346; x_wconf 90' lang='lat' dir='ltr'><strong>Taneos</strong></span> <span class='ocrx_word' id='word_1_714' title='bbox 1311 5303 1366 5346; x_wconf 90' lang='lat' dir='ltr'><strong>et</strong></span> <span class='ocrx_word' id='word_1_715' title='bbox 1396 5292 1730 5364; x_wconf 83' lang='lat' dir='ltr'><strong>Mempheos,</strong></span> <span class='ocrx_word' id='word_1_716' title='bbox 1765 5297 1904 5354; x_wconf 91' lang='lat' dir='ltr'><strong>ﬁlios</strong></span> <span class='ocrx_word' id='word_1_717' title='bbox 1929 5306 1984 5353; x_wconf 90' lang='lat' dir='ltr'><strong>et</strong></span> 
     </span>
    </p>
   </div>
   <div class='ocr_carea' id='block_1_99' title="bbox 412 5379 1982 5450">
    <p class='ocr_par' dir='ltr' id='par_1_99' title="bbox 412 5379 1982 5450">
     <span class='ocr_line' id='line_1_99' title="bbox 412 5379 1982 5450; baseline 0.014 -28"><span class='ocrx_word' id='word_1_718' title='bbox 412 5382 633 5439; x_wconf 81' lang='lat' dir='ltr'><strong>nepotes</strong></span> <span class='ocrx_word' id='word_1_719' title='bbox 662 5391 788 5432; x_wconf 88' lang='lat' dir='ltr'><strong>esse</strong></span> <span class='ocrx_word' id='word_1_720' title='bbox 835 5379 1097 5436; x_wconf 89' lang='lat' dir='ltr'><strong>dictitatis</strong></span> <span class='ocrx_word' id='word_1_721' title='bbox 1126 5382 1150 5434; x_wconf 91' lang='lat'><strong>?</strong></span> <span class='ocrx_word' id='word_1_722' title='bbox 1184 5383 1300 5450; x_wconf 88' lang='lat' dir='ltr'><strong>Qua</strong></span> <span class='ocrx_word' id='word_1_723' title='bbox 1346 5386 1554 5441; x_wconf 88' lang='lat' dir='ltr'><strong>ratione</strong></span> <span class='ocrx_word' id='word_1_724' title='bbox 1585 5388 1659 5442; x_wconf 87' lang='lat' dir='ltr'><strong>dii</strong></span> <span class='ocrx_word' id='word_1_725' title='bbox 1693 5404 1759 5444; x_wconf 87' lang='lat' dir='ltr'><strong>ac</strong></span> <span class='ocrx_word' id='word_1_726' title='bbox 1806 5390 1982 5444; x_wconf 90' lang='lat' dir='ltr'><strong>omnis</strong></span> 
     </span>
    </p>
   </div>
   <div class='ocr_carea' id='block_1_100' title="bbox 410 5462 1980 5544">
    <p class='ocr_par' dir='ltr' id='par_1_100' title="bbox 410 5462 1980 5544">
     <span class='ocr_line' id='line_1_100' title="bbox 410 5462 1980 5544; baseline 0.011 -31"><span class='ocrx_word' id='word_1_727' title='bbox 410 5462 686 5528; x_wconf 68' lang='lat' dir='ltr'><strong>Sapientiae</strong></span> <span class='ocrx_word' id='word_1_728' title='bbox 719 5475 992 5523; x_wconf 88' lang='lat' dir='ltr'><strong>consortes</strong></span> <span class='ocrx_word' id='word_1_729' title='bbox 1021 5483 1141 5524; x_wconf 86' lang='lat' dir='ltr'><strong>esse</strong></span> <span class='ocrx_word' id='word_1_730' title='bbox 1165 5473 1407 5539; x_wconf 88' lang='lat' dir='ltr'><strong>potestis,</strong></span> <span class='ocrx_word' id='word_1_731' title='bbox 1435 5474 1527 5543; x_wconf 90' lang='lat' dir='ltr'><strong>qui</strong></span> <span class='ocrx_word' id='word_1_732' title='bbox 1550 5489 1722 5544; x_wconf 91' lang='lat' dir='ltr'><strong>neque</strong></span> <span class='ocrx_word' id='word_1_733' title='bbox 1746 5476 1980 5530; x_wconf 78' lang='lat' dir='ltr'><strong>futuram</strong></span> 
     </span>
    </p>
   </div>
   <div class='ocr_carea' id='block_1_101' title="bbox 411 5557 1984 5638">
    <p class='ocr_par' dir='ltr' id='par_1_101' title="bbox 411 5557 1984 5638">
     <span class='ocr_line' id='line_1_101' title="bbox 411 5557 1984 5638; baseline 0.014 -34"><span class='ocrx_word' id='word_1_734' title='bbox 411 5563 643 5608; x_wconf 82' lang='lat' dir='ltr'><strong>vcstram</strong></span> <span class='ocrx_word' id='word_1_735' title='bbox 679 5557 1104 5616; x_wconf 77' lang='lat' dir='ltr'><strong>confutationem</strong></span> <span class='ocrx_word' id='word_1_736' title='bbox 1139 5563 1436 5631; x_wconf 67' lang='lat' dir='ltr'><strong>praevidere</strong></span> <span class='ocrx_word' id='word_1_737' title='bbox 1457 5565 1539 5620; x_wconf 89' lang='lat' dir='ltr'><strong>vel</strong></span> <span class='ocrx_word' id='word_1_738' title='bbox 1560 5567 1854 5636; x_wconf 65' lang='lat' dir='ltr'><strong>praedicere</strong></span> <span class='ocrx_word' id='word_1_739' title='bbox 1885 5583 1984 5638; x_wconf 88' lang='lat' dir='ltr'><strong>p0-</strong></span> 
     </span>
    </p>
   </div>
   <div class='ocr_carea' id='block_1_102' title="bbox 2093 4566 3686 4642">
    <p class='ocr_par' dir='ltr' id='par_1_102' title="bbox 2093 4566 3686 4642">
     <span class='ocr_line' id='line_1_102' title="bbox 2093 4566 3686 4642; baseline 0.003 -22"><span class='ocrx_word' id='word_1_740' title='bbox 2093 4566 2353 4639; x_wconf 82' lang='grc' dir='ltr'>ἄρχοντες</span> <span class='ocrx_word' id='word_1_741' title='bbox 2392 4568 2629 4631; x_wconf 88' lang='grc' dir='ltr'>Τάνεως,</span> <span class='ocrx_word' id='word_1_742' title='bbox 2661 4568 2753 4621; x_wconf 79' lang='grc' dir='ltr'>καὶ</span> <span class='ocrx_word' id='word_1_743' title='bbox 2799 4567 3091 4639; x_wconf 77' lang='grc' dir='ltr'>ὑψώθησαν</span> <span class='ocrx_word' id='word_1_744' title='bbox 3134 4573 3181 4622; x_wconf 87' lang='grc' dir='ltr'><strong>οἰ</strong></span> <span class='ocrx_word' id='word_1_745' title='bbox 3218 4571 3475 4642; x_wconf 79' lang='grc' dir='ltr'>ἄρχοντες</span> <span class='ocrx_word' id='word_1_746' title='bbox 3518 4573 3686 4642; x_wconf 81' lang='grc' dir='ltr'>Μέμ-</span> 
     </span>
    </p>
   </div>
   <div class='ocr_carea' id='block_1_103' title="bbox 2093 4658 3678 4731">
    <p class='ocr_par' dir='ltr' id='par_1_103' title="bbox 2093 4658 3678 4731">
     <span class='ocr_line' id='line_1_103' title="bbox 2093 4658 3678 4731; baseline 0.004 -21"><span class='ocrx_word' id='word_1_747' title='bbox 2093 4675 2257 4727; x_wconf 87' lang='grc' dir='ltr'>φεως,</span> <span class='ocrx_word' id='word_1_748' title='bbox 2283 4658 2377 4710; x_wconf 80' lang='grc' dir='ltr'>καὶ</span> <span class='ocrx_word' id='word_1_749' title='bbox 2415 4659 2746 4729; x_wconf 84' lang='grc' dir='ltr'>πλανήσουσι</span> <span class='ocrx_word' id='word_1_750' title='bbox 2775 4658 2873 4729; x_wconf 85' lang='grc' dir='ltr'>τὴν</span> <span class='ocrx_word' id='word_1_751' title='bbox 2915 4659 3189 4727; x_wconf 74' lang='grc' dir='ltr'>Αἴγυπτον</span> <span class='ocrx_word' id='word_1_752' title='bbox 3235 4661 3375 4716; x_wconf 87' lang='grc' dir='ltr'>κατὰ</span> <span class='ocrx_word' id='word_1_753' title='bbox 3421 4661 3617 4731; x_wconf 88' lang='grc' dir='ltr'>φυλάς.</span> <span class='ocrx_word' id='word_1_754' title='bbox 3653 4683 3678 4715; x_wconf 71' lang='grc' dir='ltr'><strong>ι</strong></span> 
     </span>
    </p>
   </div>
   <div class='ocr_carea' id='block_1_104' title="bbox 2089 4748 3685 4822">
    <p class='ocr_par' dir='ltr' id='par_1_104' title="bbox 2089 4748 3685 4822">
     <span class='ocr_line' id='line_1_104' title="bbox 2089 4748 3685 4822; baseline 0.003 -18"><span class='ocrx_word' id='word_1_755' title='bbox 2089 4749 2303 4820; x_wconf 85' lang='grc' dir='ltr'>Μηκέτι</span> <span class='ocrx_word' id='word_1_756' title='bbox 2339 4748 2448 4820; x_wconf 85' lang='grc' dir='ltr'><strong>γὰρ</strong></span> <span class='ocrx_word' id='word_1_757' title='bbox 2485 4749 2821 4822; x_wconf 87' lang='grc' dir='ltr'>ὑπάρχοντος</span> <span class='ocrx_word' id='word_1_758' title='bbox 2855 4751 2984 4820; x_wconf 81' lang='grc' dir='ltr'>ὑμῖν</span> <span class='ocrx_word' id='word_1_759' title='bbox 3027 4751 3308 4821; x_wconf 83' lang='grc' dir='ltr'>βασιλέως,</span> <span class='ocrx_word' id='word_1_760' title='bbox 3344 4755 3462 4817; x_wconf 88' lang='grc' dir='ltr'><strong>πως</strong></span> <span class='ocrx_word' id='word_1_761' title='bbox 3490 4751 3596 4808; x_wconf 83' lang='grc' dir='ltr'>οἷοί</span> <span class='ocrx_word' id='word_1_762' title='bbox 3617 4757 3685 4810; x_wconf 78' lang='grc' dir='ltr'><strong><em>τὲ</em></strong></span> 
     </span>
    </p>
   </div>
   <div class='ocr_carea' id='block_1_105' title="bbox 2087 4841 3683 4914">
    <p class='ocr_par' dir='ltr' id='par_1_105' title="bbox 2087 4841 3683 4914">
     <span class='ocr_line' id='line_1_105' title="bbox 2087 4841 3683 4914; baseline 0.004 -20"><span class='ocrx_word' id='word_1_763' title='bbox 2087 4841 2214 4894; x_wconf 86' lang='grc' dir='ltr'>ἐστε</span> <span class='ocrx_word' id='word_1_764' title='bbox 2241 4841 2334 4894; x_wconf 77' lang='grc' dir='ltr'>ἐπὶ</span> <span class='ocrx_word' id='word_1_765' title='bbox 2355 4841 2566 4899; x_wconf 84' lang='grc' dir='ltr'>συνέσει</span> <span class='ocrx_word' id='word_1_766' title='bbox 2591 4844 2950 4914; x_wconf 89' lang='grc' dir='ltr'>σεμνύνεσθαι</span> <span class='ocrx_word' id='word_1_767' title='bbox 2970 4861 2985 4908; x_wconf 88' lang='grc'><strong>;</strong></span> <span class='ocrx_word' id='word_1_768' title='bbox 3008 4843 3131 4907; x_wconf 92' lang='grc' dir='ltr'><strong>Πῶς</strong></span> <span class='ocrx_word' id='word_1_769' title='bbox 3157 4844 3214 4897; x_wconf 86' lang='grc' dir='ltr'><strong>δέ</strong></span> <span class='ocrx_word' id='word_1_770' title='bbox 3240 4845 3388 4908; x_wconf 70' lang='grc' dir='ltr'>υἱοὺς</span> <span class='ocrx_word' id='word_1_771' title='bbox 3406 4845 3683 4914; x_wconf 84' lang='grc' dir='ltr'>βασιλέων</span> 
     </span>
    </p>
   </div>
   <div class='ocr_carea' id='block_1_106' title="bbox 2089 4929 3683 5006">
    <p class='ocr_par' dir='ltr' id='par_1_106' title="bbox 2089 4929 3683 5006">
     <span class='ocr_line' id='line_1_106' title="bbox 2089 4929 3683 5006; baseline 0.005 -22"><span class='ocrx_word' id='word_1_772' title='bbox 2089 4931 2334 4986; x_wconf 88' lang='grc' dir='ltr'>παλαιῶν</span> <span class='ocrx_word' id='word_1_773' title='bbox 2373 4932 2598 4996; x_wconf 84' lang='grc' dir='ltr'>ἐαυτοὺς</span> <span class='ocrx_word' id='word_1_774' title='bbox 2640 4929 2778 4988; x_wconf 76' lang='grc' dir='ltr'>εἷναί</span> <span class='ocrx_word' id='word_1_775' title='bbox 2817 4951 2976 5002; x_wconf 85' lang='grc' dir='ltr'>φατε,</span> <span class='ocrx_word' id='word_1_776' title='bbox 3018 4931 3206 5006; x_wconf 85' lang='grc' dir='ltr'>Ὧρον,</span> <span class='ocrx_word' id='word_1_777' title='bbox 3242 4937 3337 4989; x_wconf 76' lang='grc' dir='ltr'>καὶ</span> <span class='ocrx_word' id='word_1_778' title='bbox 3376 4939 3535 5001; x_wconf 82' lang='grc' dir='ltr'>Ἶσιν,</span> <span class='ocrx_word' id='word_1_779' title='bbox 3581 4940 3683 4992; x_wconf 73' lang='grc' dir='ltr'>καὶ</span> 
     </span>
    </p>
   </div>
   <div class='ocr_carea' id='block_1_107' title="bbox 2093 5023 3682 5097">
    <p class='ocr_par' dir='ltr' id='par_1_107' title="bbox 2093 5023 3682 5097">
     <span class='ocr_line' id='line_1_107' title="bbox 2093 5023 3682 5097; baseline 0.006 -20"><span class='ocrx_word' id='word_1_780' title='bbox 2093 5025 2306 5095; x_wconf 87' lang='grc' dir='ltr'>Ὄσιριν</span> <span class='ocrx_word' id='word_1_781' title='bbox 2327 5023 2751 5095; x_wconf 75' lang='grc' dir='ltr'>προϐαλλόμενοι</span> <span class='ocrx_word' id='word_1_782' title='bbox 2768 5027 2862 5080; x_wconf 75' lang='grc' dir='ltr'>καὶ</span> <span class='ocrx_word' id='word_1_783' title='bbox 2889 5025 3123 5096; x_wconf 91' lang='grc' dir='ltr'>Τυφῶνα</span> <span class='ocrx_word' id='word_1_784' title='bbox 3143 5027 3276 5097; x_wconf 70' lang='grc'>(25),</span> <span class='ocrx_word' id='word_1_785' title='bbox 3294 5028 3386 5081; x_wconf 74' lang='grc' dir='ltr'>καὶ</span> <span class='ocrx_word' id='word_1_786' title='bbox 3405 5029 3561 5095; x_wconf 90' lang='grc' dir='ltr'>θεῶν,</span> <span class='ocrx_word' id='word_1_787' title='bbox 3582 5033 3682 5086; x_wconf 81' lang='grc' dir='ltr'>καὶ</span> 
     </span>
    </p>
   </div>
   <div class='ocr_carea' id='block_1_108' title="bbox 2089 5114 3681 5193">
    <p class='ocr_par' dir='ltr' id='par_1_108' title="bbox 2089 5114 3681 5193">
     <span class='ocr_line' id='line_1_108' title="bbox 2089 5114 3681 5193; baseline 0.006 -26"><span class='ocrx_word' id='word_1_788' title='bbox 2089 5114 2305 5186; x_wconf 82' lang='grc' dir='ltr'>ἡρώων,</span> <span class='ocrx_word' id='word_1_789' title='bbox 2341 5115 2435 5168; x_wconf 77' lang='grc' dir='ltr'>καὶ</span> <span class='ocrx_word' id='word_1_790' title='bbox 2479 5115 2686 5170; x_wconf 87' lang='grc' dir='ltr'>νεκύων</span> <span class='ocrx_word' id='word_1_791' title='bbox 2717 5117 2848 5189; x_wconf 82' lang='grc' dir='ltr'>γένη</span> <span class='ocrx_word' id='word_1_792' title='bbox 2880 5118 3179 5187; x_wconf 85' lang='grc' dir='ltr'>φάσκοντες</span> <span class='ocrx_word' id='word_1_793' title='bbox 3215 5120 3308 5172; x_wconf 78' lang='grc' dir='ltr'>τὸν</span> <span class='ocrx_word' id='word_1_794' title='bbox 3351 5122 3518 5175; x_wconf 85' lang='grc' dir='ltr'>πάλαι</span> <span class='ocrx_word' id='word_1_795' title='bbox 3543 5125 3681 5193; x_wconf 79' lang='grc' dir='ltr'>χρό-</span> 
     </span>
    </p>
   </div>
   <div class='ocr_carea' id='block_1_109' title="bbox 2090 5203 3682 5284">
    <p class='ocr_par' dir='ltr' id='par_1_109' title="bbox 2090 5203 3682 5284">
     <span class='ocr_line' id='line_1_109' title="bbox 2090 5203 3682 5284; baseline 0.005 -24"><span class='ocrx_word' id='word_1_796' title='bbox 2090 5225 2180 5262; x_wconf 93' lang='grc' dir='ltr'><strong>νον</strong></span> <span class='ocrx_word' id='word_1_797' title='bbox 2208 5209 2317 5278; x_wconf 80' lang='grc' dir='ltr'>ιτῆς</span> <span class='ocrx_word' id='word_1_798' title='bbox 2358 5207 2634 5276; x_wconf 86' lang='grc' dir='ltr'>Αἰγύπτου</span> <span class='ocrx_word' id='word_1_799' title='bbox 2684 5210 3107 5280; x_wconf 85' lang='grc' dir='ltr'>κεκρατηκέναι,</span> <span class='ocrx_word' id='word_1_800' title='bbox 3148 5203 3223 5263; x_wconf 84' lang='grc' dir='ltr'>ὧν</span> <span class='ocrx_word' id='word_1_801' title='bbox 3260 5210 3396 5264; x_wconf 88' lang='grc' dir='ltr'>θεῶν</span> <span class='ocrx_word' id='word_1_802' title='bbox 3443 5214 3536 5266; x_wconf 73' lang='grc' dir='ltr'>καὶ</span> <span class='ocrx_word' id='word_1_803' title='bbox 3580 5213 3682 5284; x_wconf 85' lang='grc' dir='ltr'>βα-</span> 
     </span>
    </p>
   </div>
   <div class='ocr_carea' id='block_1_110' title="bbox 2093 5298 3681 5375">
    <p class='ocr_par' dir='ltr' id='par_1_110' title="bbox 2093 5298 3681 5375">
     <span class='ocr_line' id='line_1_110' title="bbox 2093 5298 3681 5375; baseline 0.005 -24"><span class='ocrx_word' id='word_1_804' title='bbox 2093 5300 2284 5352; x_wconf 72' lang='grc' dir='ltr'>σιλέων</span> <span class='ocrx_word' id='word_1_805' title='bbox 2307 5299 2455 5362; x_wconf 84' lang='grc' dir='ltr'>υἰοὺς</span> <span class='ocrx_word' id='word_1_806' title='bbox 2482 5301 2576 5353; x_wconf 77' lang='grc' dir='ltr'>καὶ</span> <span class='ocrx_word' id='word_1_807' title='bbox 2602 5300 2900 5369; x_wconf 86' lang='grc' dir='ltr'>ἀπογόνους</span> <span class='ocrx_word' id='word_1_808' title='bbox 2932 5301 3158 5365; x_wconf 81' lang='grc' dir='ltr'>ἑαυτοὺς</span> <span class='ocrx_word' id='word_1_809' title='bbox 3183 5298 3322 5356; x_wconf 80' lang='grc' dir='ltr'>εἷναί</span> <span class='ocrx_word' id='word_1_810' title='bbox 3352 5320 3492 5371; x_wconf 82' lang='grc' dir='ltr'>φατε</span> <span class='ocrx_word' id='word_1_811' title='bbox 3517 5305 3681 5375; x_wconf 81' lang='grc' dir='ltr'>ὑμεῖς</span> 
     </span>
    </p>
   </div>
   <div class='ocr_carea' id='block_1_111' title="bbox 2089 5389 3682 5463">
    <p class='ocr_par' dir='ltr' id='par_1_111' title="bbox 2089 5389 3682 5463">
     <span class='ocr_line' id='line_1_111' title="bbox 2089 5389 3682 5463; baseline 0.006 -21"><span class='ocrx_word' id='word_1_812' title='bbox 2089 5391 2136 5442; x_wconf 88' lang='grc' dir='ltr'><strong>οἰ</strong></span> <span class='ocrx_word' id='word_1_813' title='bbox 2168 5389 2258 5442; x_wconf 82' lang='grc' dir='ltr'><strong>διὰ</strong></span> <span class='ocrx_word' id='word_1_814' title='bbox 2297 5389 2396 5460; x_wconf 83' lang='grc' dir='ltr'>τῆς</span> <span class='ocrx_word' id='word_1_815' title='bbox 2430 5391 2765 5460; x_wconf 83' lang='grc' dir='ltr'>προφητείας</span> <span class='ocrx_word' id='word_1_816' title='bbox 2804 5390 3124 5463; x_wconf 88' lang='grc' dir='ltr'>δηλούμενοι</span> <span class='ocrx_word' id='word_1_817' title='bbox 3156 5392 3416 5462; x_wconf 81' lang='grc' dir='ltr'>ἄρχοντες</span> <span class='ocrx_word' id='word_1_818' title='bbox 3455 5396 3682 5462; x_wconf 84' lang='grc' dir='ltr'>Τάνεως</span> 
     </span>
    </p>
   </div>
   <div class='ocr_carea' id='block_1_112' title="bbox 2092 5478 3680 5557">
    <p class='ocr_par' dir='ltr' id='par_1_112' title="bbox 2092 5478 3680 5557">
     <span class='ocr_line' id='line_1_112' title="bbox 2092 5478 3680 5557; baseline 0.006 -27"><span class='ocrx_word' id='word_1_819' title='bbox 2092 5480 2186 5531; x_wconf 76' lang='grc' dir='ltr'>καὶ</span> <span class='ocrx_word' id='word_1_820' title='bbox 2225 5478 2535 5549; x_wconf 76' lang='grc' dir='ltr'>Μέμφεως;</span> <span class='ocrx_word' id='word_1_821' title='bbox 2567 5479 2690 5544; x_wconf 87' lang='grc' dir='ltr'><strong>Πῶς</strong></span> <span class='ocrx_word' id='word_1_822' title='bbox 2730 5481 2774 5533; x_wconf 81' lang='grc' dir='ltr'><strong>δ’</strong></span> <span class='ocrx_word' id='word_1_823' title='bbox 2815 5481 2881 5537; x_wconf 85' lang='grc' dir='ltr'>ἂν</span> <span class='ocrx_word' id='word_1_824' title='bbox 2912 5481 3062 5552; x_wconf 79' lang='grc' dir='ltr'>εἴητε</span> <span class='ocrx_word' id='word_1_825' title='bbox 3089 5481 3201 5536; x_wconf 68' lang='grc' dir='ltr'>θεοὶ</span> <span class='ocrx_word' id='word_1_826' title='bbox 3228 5483 3260 5552; x_wconf 81' lang='grc' dir='ltr'>ἢ</span> <span class='ocrx_word' id='word_1_827' title='bbox 3290 5486 3473 5539; x_wconf 80' lang='grc' dir='ltr'>πᾶσαν</span> <span class='ocrx_word' id='word_1_828' title='bbox 3511 5503 3680 5557; x_wconf 75' lang='grc' dir='ltr'>μετα·-</span> 
     </span>
    </p>
   </div>
   <div class='ocr_carea' id='block_1_113' title="bbox 2095 5571 3677 5648">
    <p class='ocr_par' dir='ltr' id='par_1_113' title="bbox 2095 5571 3677 5648">
     <span class='ocr_line' id='line_1_113' title="bbox 2095 5571 3677 5648; baseline 0.004 -26"><span class='ocrx_word' id='word_1_829' title='bbox 2095 5577 2312 5640; x_wconf 72' lang='grc' dir='ltr'>σχοιητε</span> <span class='ocrx_word' id='word_1_830' title='bbox 2365 5571 2576 5640; x_wconf 85' lang='grc' dir='ltr'>σοφίαν,</span> <span class='ocrx_word' id='word_1_831' title='bbox 2633 5571 2768 5644; x_wconf 85' lang='grc' dir='ltr'>μηδὲ</span> <span class='ocrx_word' id='word_1_832' title='bbox 2824 5571 3109 5642; x_wconf 83' lang='grc' dir='ltr'>δυνάμενοι</span> <span class='ocrx_word' id='word_1_833' title='bbox 3171 5574 3481 5645; x_wconf 84' lang='grc' dir='ltr'>προγνῶναι</span> <span class='ocrx_word' id='word_1_834' title='bbox 3536 5577 3677 5648; x_wconf 73' lang='grc' dir='ltr'>μηδὲ</span> 
     </span>
    </p>
   </div>
   <div class='ocr_carea' id='block_1_114' title="bbox 481 5749 3455 5835">
    <p class='ocr_par' dir='ltr' id='par_1_114' title="bbox 481 5749 3455 5835">
     <span class='ocr_line' id='line_1_114' title="bbox 481 5749 3455 5835; baseline 0.008 -31"><span class='ocrx_word' id='word_1_835' title='bbox 481 5751 591 5818; x_wconf 68' lang='lat'><strong>(25)</strong></span> <span class='ocrx_word' id='word_1_836' title='bbox 635 5749 683 5808; x_wconf 91' lang='lat' dir='ltr'><strong>S.</strong></span> <span class='ocrx_word' id='word_1_837' title='bbox 714 5752 1089 5821; x_wconf 73' lang='lat' dir='ltr'><strong>Hieronymus,</strong></span> <span class='ocrx_word' id='word_1_838' title='bbox 1124 5773 1142 5808; x_wconf 81' lang='grc' dir='ltr'><strong>ι</strong></span> <span class='ocrx_word' id='word_1_839' title='bbox 1184 5767 1249 5814; x_wconf 70' lang='grc' dir='ltr'><strong>ιιι</strong></span> <span class='ocrx_word' id='word_1_840' title='bbox 1271 5759 1400 5818; x_wconf 89' lang='lat' dir='ltr'><strong>deos</strong></span> <span class='ocrx_word' id='word_1_841' title='bbox 1423 5770 1672 5821; x_wconf 85' lang='lat' dir='ltr'><strong>auctores</strong></span> <span class='ocrx_word' id='word_1_842' title='bbox 1712 5765 1888 5828; x_wconf 66' lang='lat' dir='ltr'><strong>gentis</strong></span> <span class='ocrx_word' id='word_1_843' title='bbox 1910 5765 2165 5826; x_wconf 83' lang='lat' dir='ltr'><strong>simulent</strong></span> <span class='ocrx_word' id='word_1_844' title='bbox 2193 5769 2366 5830; x_wconf 83' lang='lat' dir='ltr'><strong>Oron.</strong></span> <span class='ocrx_word' id='word_1_845' title='bbox 2394 5779 2447 5827; x_wconf 88' lang='lat' dir='ltr'><strong>et</strong></span> <span class='ocrx_word' id='word_1_846' title='bbox 2484 5768 2612 5832; x_wconf 85' lang='lat' dir='ltr'><strong>lriu.</strong></span> <span class='ocrx_word' id='word_1_847' title='bbox 2646 5779 2700 5827; x_wconf 90' lang='lat' dir='ltr'><strong>et</strong></span> <span class='ocrx_word' id='word_1_848' title='bbox 2727 5770 2932 5833; x_wconf 88' lang='lat' dir='ltr'><strong>Osirin.</strong></span> <span class='ocrx_word' id='word_1_849' title='bbox 2962 5782 3018 5831; x_wconf 89' lang='lat' dir='ltr'><strong>ct</strong></span> <span class='ocrx_word' id='word_1_850' title='bbox 3051 5771 3387 5835; x_wconf 68' lang='lat' dir='ltr'><strong>Typhonem.</strong></span> <span class='ocrx_word' id='word_1_851' title='bbox 3434 5791 3455 5828; x_wconf 75' lang='grc' dir='ltr'><strong>ι</strong></span> 
     </span>
    </p>
   </div>
  </div>
