3862 6210
135 322 237 378 229

1101 325 1614 384 ΟΟΜΜΕΝΤΑΜᾉ
1652 325 1720 381 ΙΝ
1758 325 2020 382 ISAIAM.
2063 361 2132 370 —
2170 326 2328 382 CAP.
2370 326 2514 386 XIX.

3326 331 3432 393 250

129 447 543 519 προαγορεῦσαι
565 447 658 500 τὸν
703 447 970 520 ὑμέτερον
1005 447 1225 521 ἔλεγχον
1262 452 1356 506 καὶ
1387 450 1488 521 τὴν
1509 450 1610 521 τῆς
1633 449 1719 520 βα-

1842 452 2015 517 testis,
2047 465 2227 521 neque
2256 450 2579 505 solutionem
2613 449 2760 519 regni
2787 463 2999 515 eorum,
3036 463 3269 518 quorum
3297 464 3430 506 con-

129 539 336 604 σιλείας
367 540 668 594 κατάλυσιν
695 540 901 594 τούτων
939 534 1015 595 ὧν
1049 542 1375 612 ἐτυγχάνετε
1412 541 1728 613 σύμϐουλοι,

128 632 221 696 οὓς
251 636 349 687 καὶ
373 634 688 706 ὲπιτρίὸετε
717 635 1002 698 παντοίαις
1022 635 1254 700 πλάναις
1277 635 1727 707 περιϐάλλοντες;

208 746 232 779 ι
267 727 477 799 Κύριος
524 726 635 798 γάρ
695 727 956 799 ἐκέρασεν
1007 729 1190 792 αὐτοῖς
1254 727 1473 799 πνεῦμα
1525 729 1732 800 πλανή-

137 832 301 882 σεως,
336 817 434 869 καὶ
474 816 792 887 ἐπλάνησαν
835 818 932 890 τὴν
984 819 1260 888 Αἴγυπτον
1295 822 1353 873 ἐν
1419 821 1554 873 πᾶσι
1616 822 1730 882 τοῖς

135 907 324 980 ἔργοις
347 908 551 972 αύτῶν,
583 909 661 972 ὡς
701 908 970 963 πλανᾶται
994 913 1023 964 6
1055 910 1270 981 μεθύων
1329 912 1422 964 καὶ
1490 911 1518 963 6
1579 910 1728 980 ἐμῶν

133 1001 271 1070 ἅμα.
319 1017 338 1050 ι
375 997 783 1069 Τεκμαίρεσθαι
811 999 868 1052 δέ
901 1001 1018 1052 ἐστι
1043 999 1216 1071 ταύτῃ
1253 1002 1351 1070 τῆς
1413 999 1583 1072 μέθης
1628 998 1728 1070 τὴν

131 1089 446 1162 ὑπερϐολὴν
469 1091 578 1144 ἀπὸ
607 1090 702 1144 τοῦ
739 1091 872 1162 μηδὲ
901 1092 1104 1162 ὁμοίως
1135 1094 1249 1154 τοῖς
1275 1092 1481 1155 λοιποῖς
1515 1091 1728 1163 ἀνθρώ-

129 1199 255 1246 ποις
285 1182 776 1254 εἰδωλολατρεῦσαι
805 1185 1026 1247 αὐτοὺς,
1062 1186 1316 1236 ἐκπεσεῖν
1355 1183 1413 1237 δὲ
1440 1184 1532 1238 καὶ
1566 1183 1726 1254 μέχρι

124 1275 226 1346 τῆς
258 1277 372 1328 τῶν
397 1275 609 1344 ἀλόγων
641 1275 797 1341 ζώων
837 1277 902 1331 ἂν
936 1277 1400 1346 εἰδωλοποιήσεως
1430 1294 1443 1307 ·
1504 1277 1585 1330 διὸ
1648 1276 1727 1328 λέ-

124 1369 341 1432 λεκται,
379 1386 402 1420 α
433 1369 520 1432 Ὡς
552 1369 821 1424 πλανᾶται
851 1371 879 1422 6
913 1368 1128 1440 μεθύων
1152 1370 1246 1423 καὶ
1271 1371 1300 1422 6
1331 1368 1481 1440 ἐμῶν
1527 1368 1663 1439 ἅμα.
1701 1387 1719 1419 ι

125 1459 370 1534 Τοιαύτῃ
403 1463 512 1513 τινὶ
579 1461 720 1534 μέθῃ
779 1459 879 1523 τὰς
914 1460 1022 1515 τῶν
1055 1461 1370 1530 Αἰγυπτίων
1410 1459 1724 1532 ἐπλάνησαν

125 1550 310 1622 ψυχὰς
340 1553 391 1604 οἱ
415 1551 744 1622 δηλωθέντες
771 1551 1030 1622 ἄρχοντες
1065 1551 1283 1616 Τάνεως
1308 1552 1403 1605 καὶ
1422 1553 1721 1623 Μέμφεως,

123 1638 205 1706 οἷς
260 1644 427 1708 αὐτὸς
469 1645 498 1697 6
544 1643 750 1712 Κύριος
783 1644 1070 1716 πνεύματα
1110 1644 1430 1714 πλανήσεως
1467 1644 1720 1715 ἐκέρασε.

124 1738 393 1807 Δαίμονες
414 1735 524 1808 γὰρ
547 1737 701 1800 ὄντες
727 1737 956 1808 πονηροὶ
983 1738 1078 1790 καὶ
1107 1738 1368 1807 δυνάμεις
1409 1738 1720 1809 ἀντικείμε-

123 1846 232 1893 ναι,
267 1829 493 1883 ἐναντία
522 1829 600 1900 τῷ
633 1828 752 1899 Θεῷ
777 1830 1060 1901 ἐφρόνουν,
1095 1831 1191 1884 καὶ¹
1230 1830 1519 1901 θεομαχεῖν
1574 1832 1720 1884 ἐπει-

125 1919 323 1990 ρῶντο.
349 1919 444 1972 Διὸ
480 1919 860 1989 παρεδόθησαν
886 1919 1083 1992 πλάνῃ,
1114 1919 1209 1973 τοῦ
1265 1919 1402 1973 Θεοῦ
1435 1921 1722 1992 κρίναντος

122 2011 365 2077 ἐπαξίως
394 2011 496 2081 τῆς
517 2012 788 2084 πονηρίας
827 2012 1007 2065 αὐτῶν
1038 2013 1213 2084 πλάνῃ
1247 2013 1584 2085 παραδοῦναι
1626 2016 1722 2068 αύ-

121 2104 270 2168 τούς.
303 2106 371 2157 Oi
399 2105 457 2158 δὲ
488 2105 588 2176 τὴν
618 2104 768 2174 σφῶν
821 2104 1018 2158 κακίαν
1053 2105 1146 2158 ἐπὶ
1197 2105 1325 2169 τοὺς
1368 2107 1718 2176 Αἰγυπτίους,

121 2197 315 2268 ὥσπερ
352 2195 478 2250 τινὰ
511 2197 588 2250 ἱὸν
617 2196 993 2268 θανατηφόρον
1017 2197 1230 2267 διέχεαν
1249 2239 1265 2264 ,
1294 2199 1388 2252 καὶ
1412 2199 1720 2270 ἐπλάνησαν

118 2288 219 2358 τὴν
251 2289 559 2355 Αἴγυπτον,
600 2307 618 2338 ι
661 2287 748 2350 Ὠς
771 2287 1040 2341 πλανᾶται
1078 2290 1106 2340 ὁ
1134 2286 1348 2359 μεθύων
1378 2289 1472 2342 καὶ
1501 2291 1531 2342 6
1571 2290 1721 2361 ἐμῶν

122 2382 258 2452 ἅμα.
294 2401 314 2434 ι
355 2379 522 2434 Ἀλλά
564 2381 660 2434 καὶ
685 2379 890 2434 τούτων
932 2380 1110 2434 αὐτῶν
1165 2381 1330 2452 χάριν
1373 2381 1634 2453 ἐπεδήμει
1693 2384 1723 2435 ό

122 2474 331 2544 Κύριος
361 2476 429 2544 τῇ
457 2473 741 2543 Αἰγύπτῳ,
770 2473 878 2538 ἵνα,
905 2474 1106 2537 αὐτοὺς
1138 2474 1235 2545 τῆς
1287 2474 1496 2545 πλάνης
1528 2476 1723 2548 ἀνανῆ-

121 2567 219 2635 ψαι
259 2567 520 2638 ποιήσας,
546 2566 764 2638 μακρὰν
794 2566 975 2620 αὐτῶν
999 2567 1350 2640 ἀποσκεδάσῃ
1377 2569 1503 2632 τοὺς
1536 2567 1716 2632 λαούς.

196 2769 216 2800 ι
249 2749 366 2803 Καὶ
412 2749 514 2802 οὐκ
551 2748 704 2803 ἔσται
749 2749 862 2812 τοῖς
888 2748 1210 2817 Αἰγυπτίοις
1239 2747 1398 2820 ἔργον
1424 2747 1453 2801 ὃ
1507 2749 1721 2819 ποιήσει

122 2842 373 2914 κεφαλὴν
413 2842 510 2895 καὶ
573 2840 763 2913 ούράν,
794 2840 969 2912 ἀρχὴν
1010 2841 1105 2894 καὶ
1152 2839 1323 2904 τέλος.
1358 2859 1377 2892 ι
1429 2840 1722 2908 Ἀπρακτα

121 2933 232 3004 γὰρ
253 2934 442 2998 αὐτοῖς
474 2935 590 2986 ἐστι
609 2933 679 2987 τὰ
706 2933 1074 3004 ἐνεργούμενα
1097 2933 1165 2986 τὰ
1189 2933 1360 2986 πολλά
1388 2934 1518 3005 παρ’
1538 2934 1722 2997 αὐτοῖς

121 3026 543 3097 ἐπιτελούμενα,
566 3025 643 3089 ὡς
688 3025 825 3097 μηδὲ
852 3024 1012 3097 ἔργον
1041 3028 1097 3078 ἐν
1119 3025 1304 3089 αὐτοῖς
1351 3027 1489 3098 μήτε
1548 3025 1721 3098 ἀρχὴν

1835 541 2024 598 siliarii
2061 542 2216 606 estis,
2251 555 2390 610 quos
2435 541 2599 594 etiam
2633 541 2970 608 opprimitis,
3005 541 3131 596 dum
3162 541 3435 598 omnimo-

1833 637 1917 690 dis
1943 635 2221 690 erroribus
2252 636 2400 704 ipsos
2430 633 2775 704 complicatis
2799 633 2823 687 ἲ

1903 727 2069 784 Vens.
2097 728 2218 784 ΗΑ
2254 729 2512 782 Dominus
2533 727 2676 782 enim
2705 727 2918 782 miscuit
2947 727 3028 782 eis
3063 727 3312 798 spiritum
3339 741 3434 784 er-

1831 823 1994 885 roris,
2027 832 2082 876 et
2106 835 2294 876 errare
2320 821 2566 875 fecerunt
2600 818 2900 890 Egyptum
2932 821 2984 874 in
3011 822 3266 876 omnibus
3304 837 3432 890 ope-

1832 913 1983 968 ribus
2011 897 2276 982 ipsorum,
2307 921 2364 966 ut
2387 923 2536 966 errat
2574 912 2664 982 qui
2707 911 2901 967 ebrius
2926 923 3026 976 est,
3051 922 3105 967 et
3142 916 3232 984 qui
3263 914 3433 970 vomit

1831 1004 2015 1060 simul.
2059 1024 2078 1056 ›
2111 1003 2246 1059 Hinc
2291 1019 2453 1074 porro
2499 1005 2912 1072 coniectandum
2949 1013 3031 1058 est
3064 1013 3305 1073 quantus
3353 1005 3433 1060 ibi

1831 1095 1996 1150 lber-it
2027 1095 2311 1150 ebrietatis
2361 1109 2642 1159 excessus,
2687 1097 2831 1164 quod
2861 1111 2968 1150 non
3012 1097 3237 1164 perinde
3263 1107 3430 1168 atque

1828 1188 2012 1242 caeteri
2067 1187 2319 1241 homines
2366 1187 2690 1242 idololatria:
2732 1189 2898 1243 dediti
2950 1198 3169 1254 essent,
3216 1189 3309 1243 sed
3363 1203 3433 1244 eo

1827 1293 2001 1348 usque
2029 1279 2363 1334 decidissent
2393 1278 2722 1348 impietatis,
2757 1288 2816 1332 ut
2851 1280 3135 1334 brutorum
3181 1279 3432 1334 animan-

1827 1371 1962 1424 tium
1991 1371 2283 1425 simulacra
2313 1370 2594 1435 facerent;
2624 1386 2797 1440 quare
2821 1371 3021 1426 dictum
3045 1379 3150 1436 est,
3189 1389 3208 1422 ι
3248 1370 3318 1426 Ut
3337 1385 3431 1426 er-

1828 1469 1913 1515 rat
1943 1462 2036 1530 qui
2073 1463 2255 1517 ebrius
2287 1473 2389 1527 est,
2427 1471 2481 1516 et
2503 1462 2593 1530 qui
2630 1463 2798 1516 vomit
2839 1463 3019 1517 simul.
3056 1482 3076 1515 I
3119 1463 3199 1518 Ad
3245 1464 3431 1532 hujus-

1825 1554 1970 1610 modi
1989 1555 2312 1609 ebrietatem
2349 1554 2592 1624 prmdicti
2625 1555 2897 1623 principes
2932 1555 3146 1611 Taneos
3170 1564 3236 1611 “et
3260 1557 3430 1610 Mem-

1825 1647 1992 1715 pheos
2018 1645 2396 1716 Egyptiorum
2419 1646 2630 1700 animas
2667 1646 3045 1714 deduxerunt,
3071 1647 3266 1716 quibus
3313 1649 3431 1718 ipse

1828 1737 2082 1792 Dominus
2105 1739 2329 1807 spiritus
2363 1739 2569 1793 erroris
2605 1739 2847 1794 miscuit.
2875 1738 3010 1792 Nam
3059 1755 3184 1796 cum
3227 1743 3432 1796 daemoc

1825 1844 1921 1882 nes
1955 1828 2176 1899 maligni
2221 1837 2278 1884 et
2331 1829 2658 1884 adversariae
2708 1838 3006 1897 potestates
3059 1839 3277 1897 essent,
3317 1831 3430 1886 Deo

1823 1920 2136 1974 adversaria
2171 1919 2502 1989 sentiebant,
2535 1937 2599 1976 ac
2627 1928 2817 1976 contra
2847 1922 3011 1976 Deum
3049 1938 3294 1994 pugnare
3332 1938 3430 1980 co-

1823 2012 2115 2066 nabantur.
2152 2011 2514 2078 Quamobrem
2564 2013 2738 2068 errori
2797 2013 2978 2068 traditi
3028 2024 3188 2081 sunt,
3241 2018 3430 2071 decer-

1823 2114 1987 2159 nente
2008 2104 2138 2169 Deo,
2173 2105 2318 2173 quod
2346 2103 2601 2174 nequitia:
2621 2119 2810 2160 eorum
2829 2114 3256 2160 consentaneum
3283 2117 3428 2173 erat,

1822 2202 1884 2247 ut
1911 2194 2086 2248 errori
2118 2193 2485 2250 traderentur.
2532 2193 2613 2249 Illi
2661 2209 2792 2250 vero
2825 2196 3109 2261 malitiam,
3146 2212 3245 2252 ceu
3278 2199 3429 2256 virus

1824 2285 2097 2354 quoddam
2153 2285 2497 2352 letbiferum,
2530 2288 2582 2341 in
2632 2287 2922 2361 Egyptios
2968 2289 3321 2355 diﬂ'uderunt,
3369 2301 3428 2347 et

1821 2377 2115 2448 Egyptum
2147 2378 2202 2431 in
2235 2393 2477 2434 errorem
2503 2380 2857 2444 induxerunt,
2892 2399 2913 2433 ι
2952 2380 3023 2436 Ut
3056 2392 3204 2437 errat
3231 2384 3300 2449 is,
3327 2384 3424 2455 qui

1822 2468 2005 2522 e'brius
2029 2476 2134 2533 est,
2166 2477 2220 2522 et
2249 2467 2342 2537 qui
2375 2470 2544 2523 vomit
2571 2469 2750 2524 simul.
2778 2491 2796 2522 ι
2820 2470 3018 2528 Verum
3046 2487 3236 2528 eorum
3257 2489 3425 2530 causa

1823 2557 1962 2612 Deus
1999 2557 2052 2611 in
2087 2557 2323 2628 Egypto
2361 2560 2839 2630 peregrinabatur,
2874 2574 2956 2628 ut,
2980 2563 3088 2618 illis
3125 2564 3195 2620 ab
3237 2579 3426 2622 errore

1823 2647 2089 2713 deductis,
2116 2649 2345 2719 populos
2377 2648 2443 2702 ab
2469 2650 2548 2704 eis
2569 2652 2758 2719 procul
2803 2653 3125 2710 dimoveret.

1895 2741 2058 2797 Vrsas.
2099 2741 2185 2795 15.
2219 2760 2238 2794 ι
2275 2741 2340 2796 Ει
2368 2757 2474 2797 non
2523 2745 2628 2799 erit
2658 2742 2932 2815 Egyptiis
2959 2761 3118 2816 opus.
3143 2748 3288 2818 quod
3337 2747 3424 2804 fa-

1822 2833 1931 2888 ciat
1969 2842 2131 2904 caput
2165 2841 2220 2888 et
2253 2834 2502 2900 caudam,
2537 2836 2863 2906 principium
2897 2844 2950 2891 et
2997 2836 3183 2893 ﬁnem.
3223 2857 3244 2892 ι
3279 2837 3424 2896 Infe-

1819 2933 1908 2979 cta
1951 2926 2151 2995 quippe
2193 2935 2323 2980 sunt
2381 2923 2488 2979 illis
2528 2940 2693 2994 opera
2736 2926 2908 2980 multa
2961 2942 3082 2996 qua:
3117 2929 3257 2999 apud
3297 2929 3424 2986 illos

1821 3017 2250 3085 perliciebantur
2284 3057 2298 3081 ,
2336 3017 2409 3071 ita
2443 3027 2500 3071 ut
2528 3032 2663 3088 opus
2685 3032 2850 3087 penes
2885 3019 3004 3074 illos
3038 3035 3144 3075 non
3185 3022 3424 3090 reperia-

123 3117 288 3187 ἔχειν,
317 3117 460 3187 μήτε
480 3115 652 3179 τέλος,
683 3115 779 3169 τοῦ
812 3115 1020 3186 Κυρίου
1054 3115 1150 3168 καλ¹
1177 3113 1358 3179 τοῦτο,
1393 3115 1468 3178 ὠς
1490 3113 1716 3183 ἀγαθοῦ,

1829 3115 1934 3173 tur,
1972 3109 2115 3178 quod
2144 3107 2228 3163 vel
2261 3108 2581 3177 principium
2612 3108 2696 3162 vel
2729 3109 2889 3162 ﬁnem
2922 3110 3422 3180 habeatLDomino,

122 3208 532 3280 ἐργασαμένου.
569 3206 750 3260 Πολλά
781 3207 881 3278 μὲν
909 3207 1019 3278 γὰρ
1055 3208 1113 3259 ἐν
1138 3209 1205 3278 τῇ
1242 3210 1373 3279 παρ’
1399 3208 1717 3276 Αἰγυπτίοις

1829 3209 2010 3269 ulpote
2039 3202 2202 3265 bono,
2253 3203 2356 3256 boc
2387 3203 2458 3256 ita
2502 3213 2817 3273 peragente.
2847 3203 3130 3272 Siquidem
3169 3203 3222 3258 in
3255 3203 3423 3276 Egy-

123 3299 378 3369 πολυθέῳ
406 3299 586 3370 πλάνῃ
619 3297 756 3369 ἔργα
791 3298 967 3369 ἀρχὴν
997 3297 1189 3368 ἔχοντα
1218 3295 1286 3370 ἦν
1316 3299 1410 3352 καὶ
1441 3298 1594 3362 τέλος
1630 3316 1718 3352 νο-

127 3393 398 3464 μιζομένῃ
423 3391 736 3462 ἀκολουθίᾳ.
762 3391 921 3445 Κατὰ
941 3392 998 3447 δὲ
1020 3393 1146 3456 τοὺς
1169 3392 1572 3463 δεδηλωμένους
1596 3392 1722 3464 χρό-

124 3501 248 3548 νους
275 3485 380 3554 τῆς
421 3483 518 3537 τοῦ
566 3483 774 3554 Κυρίου
815 3483 894 3546 εἰς
940 3483 1138 3547 αὐτοὺς
1181 3484 1482 3555 παρουσίας
1538 3483 1719 3537 οὐκέτι

123 3581 350 3634 ἔσεσθαι
373 3579 508 3649 παρ’
535 3577 722 3641 αὐτοῖς
754 3575 915 3647 ἔργον
954 3574 1195 3628 τοιοῦτον
1221 3576 1425 3648 πλῆρες
1457 3575 1552 3628 καὶ
1604 3575 1720 3628 ὁλό-

123 3671 325 3742 κληρον
352 3670 448 3723 καὶ
466 3669 672 3721 τέλειον
690 3684 704 3696 ·
742 3665 860 3719 ἀλλ’
887 3668 936 3719 εί
966 3667 1061 3720 καὶ
1087 3666 1284 3739 εὑρεθῇ
1323 3665 1376 3719 τί
1409 3683 1560 3730 ποτε,
1587 3665 1718 3720 ἀκέ-

122 3763 288 3832 φαλον
331 3763 490 3815 ἔσται
519 3762 614 3814 καὶ
637 3761 890 3831 ἄναρχον,
928 3758 1115 3823 ἀτελές
1152 3777 1210 3813 τε
1245 3760 1340 3813 καὶ
1398 3760 1719 3831 άσυμπέρα-

129 3872 247 3908 πον
273 3873 288 3884 ·
340 3855 371 3908 ὃ
419 3853 486 3924 δὴ
542 3853 639 3907 καὶ
693 3851 842 3904 ἐστιν
871 3851 1017 3924 ἔργῳ
1053 3851 1390 3923 παραλαϐεῖν
1413 3869 1426 3881 ο
1471 3853 1593 3904 ἐπεὶ
1623 3851 1718 3904 καὶ

121 3947 405 4002 ἐκλέλοιπε
431 3943 715 4007 παντελῶς
744 3942 923 3998 αὐτῶν
952 3945 985 4015 ἡ
1010 3943 1442 4015 είδωλολατρεία.
1476 3942 1718 3997 Τοιαῦτα

121 4039 177 4093 δέ
201 4042 319 4114 ἐστι
359 4040 499 4110 μήτε
553 4035 795 4108 κεφαλὴν
840 4035 984 4114 ἔχειν
1049 4039 1187 4108 μήτε
1237 4037 1389 4102 τέλος
1435 4039 1515 4103 εἰς
1561 4036 1717 4090 λόγον

128 4113 313 4192 ἱκᾶνού
324 4149 483 4186 ιιενα.

197 4331 216 4363 ι
257 4311 340 4382 Τῇ
370 4310 559 4382 ἡμέρα
583 4311 765 4382 ἐκείνῃ
790 4309 1006 4363 ἔσονται
1033 4308 1323 4378 Αἰγύπτιοι
1350 4307 1427 4371 ὡς
1461 4311 1718 4377 γυναῖκες

124 4402 181 4453 ἐν
215 4402 411 4473 τρόμῳ
440 4400 537 4453 καὶ
580 4402 640 4456 ἐν
692 4400 842 4471 φόϐῳ
874 4399 982 4454 ἀπὸ
1041 4398 1331 4470 προσώπου
1379 4401 1478 4468 τῆς
1535 4399 1718 4471 χειρὸς

1820 3292 1998 3360 ptiaca
2022 3292 2310 3346 multorum
2342 3294 2625 3348 numinum
2659 3295 3068 3364 superstitione,
3091 3294 3258 3349 multa
3289 3310 3424 3364 ope-

1820 3399 1880 3437 ra
1935 3383 2259 3453 principium
2307 3394 2362 3440 et
2409 3385 2594 3451 linem,
2639 3385 2938 3440 secundum
2989 3396 3297 3455 reputatam
3349 3386 3422 3448 ibi

1820 3477 2043 3542 seriem,
2086 3479 2378 3534 habebant.
2420 3482 2490 3534 At
2527 3491 2830 3536 memorato
2867 3483 3134 3538 Dominici
3188 3483 3256 3537 ad
3301 3483 3422 3537 illos

1821 3569 2086 3624 adventus
2110 3572 2464 3640 tempore,ait
2495 3588 2601 3627 non
2626 3573 2766 3627 ultra
2795 3573 2912 3628 fore
2943 3589 3109 3642 penes
3136 3574 3257 3630 illos
3285 3589 3420 3644 Opus

1819 3659 2127 3730 hujusmodi
2171 3660 2412 3729 plenum,
2457 3662 2727 3732 integrum
2777 3673 2829 3716 et
2860 3664 3200 3731 perfectum;
3242 3665 3338 3719 sed
3371 3664 3420 3720 si

1820 3751 2108 3821 quodpiam
2135 3752 2504 3820 hujuscemodi
2537 3755 2860 3823 reperiatur,
2887 3755 3061 3824 ipsum
3085 3755 3206 3810 sine
3238 3757 3419 3825 capite

1820 3855 1876 3898 et
1913 3845 2206 3915 principio,
2263 3847 2382 3901 sine
2431 3847 2666 3901 termino
2712 3857 2768 3901 et
2817 3849 2924 3903 ﬁne
2976 3849 3216 3903 futurum
3269 3863 3414 3904 esse.

1821 3934 1974 4001 Quod
2012 3937 2175 3990 etiam
2233 3937 2349 4004 ipso
2395 3951 2557 4004 opere
2607 3938 2933 4005 completum
2985 3941 3419 3994 animadvertere

1819 4039 1944 4097 est;
1975 4046 2098 4085 nam
2136 4031 2445 4086 idololatria
2475 4030 2689 4100 penitus
2711 4032 2928 4090 defecit.
2950 4032 3062 4104 (24)
3089 4031 3222 4087 Illud
3254 4046 3418 4102 porro

1819 4129 1924 4186 est,
1947 4139 2120 4193 neque
2155 4136 2317 4194 caput
2345 4141 2520 4196 neque
2557 4127 2718 4182 linem
2754 4126 2974 4192 habere,
3011 4136 3069 4180 ut
3100 4125 3234 4181 satis
3263 4140 3416 4179 com-

1821 4224 2181 4270 monstratum
2212 4228 2314 4273 est.

1893 4307 2058 4365 Vens.
2086 4311 2171 4364 16.
2210 4329 2228 4361 ‹
2268 4309 2323 4364 lu
2361 4311 2450 4367 die
2498 4313 2588 4368 illa
2634 4321 2797 4367 erunt
2836 4310 3079 4383 Egyptii
3109 4311 3259 4366 velut
3295 4325 3416 4365 mu-

1819 4397 1981 4453 lieres
2030 4400 2081 4453 in
2123 4412 2359 4458 tremore
2389 4411 2445 4458 et
2491 4405 2544 4458 in
2595 4405 2787 4459 timore
2822 4419 2851 4458 a
2893 4405 3034 4458 faeie
3082 4419 3276 4460 manus
3315 4405 3416 4459 Do-

122 4493 331 4564 Κυρίου
376 4491 628 4556 Σαϐαὼθ,
671 4493 738 4562 ἥν
759 4491 922 4554 αὐτὸς
957 4490 1207 4544 ἐπιϐαλεῖ
1250 4490 1453 4553 αὐτοῖς.
1497 4509 1516 4542 ι
1558 4489 1716 4544 Κατὰ

1829 4492 1953 4546 mini
1989 4494 2248 4561 Sabaoth,
2307 4511 2464 4565 quam
2506 4497 2619 4567 ipse
2651 4497 2906 4552 immittet
2951 4496 3078 4551 illis.
3120 4516 3140 4550 ι
3200 4496 3407 4552 Memo-

120 4587 244 4648 τοὺς
274 4583 646 4647 ἀποδοθέντας
695 4584 922 4655 χρόνους
955 4585 1052 4654 τῆς
1079 4580 1318 4649 ἀφίξεως
1361 4580 1456 4634 τοῦ
1513 4581 1715 4654 Κυρίου

120 4677 216 4748 τῆς
238 4680 321 4742 είς
356 4677 653 4744 Αἴγυπτον,
712 4675 897 4729 οὐκέτι
954 4675 1172 4728 ἔσεσθαι
1222 4677 1336 4739 τοῖς
1394 4675 1716 4743 Αἰγυπτίοις

121 4771 382 4840 φρόνημα
409 4768 686 4840 ἀνδρικὸν,
712 4767 985 4836 γυναικῶν
1032 4767 1090 4820 δὲ
1140 4766 1296 4838 δίκην
1341 4767 1398 4818 ἐν
1431 4766 1581 4837 φόϐῳ
1620 4768 1716 4820 καὶ

122 4864 313 4935 τρόμῳ
336 4863 543 4928 διάξειν
571 4860 752 4915 αὐτῶν
773 4861 866 4916 τὸν
896 4861 1009 4931 βίον
1053 4861 1138 4914 διὰ
1187 4859 1282 4931 τὴν
1331 4861 1714 4914 ἐπαναστᾶσαν

124 4955 309 5018 αὐτοῖς
335 4956 499 5024 χεῖρα
523 4951 619 5004 τοῦ
649 4951 785 5005 Θεοῦ
814 4950 1079 5015 θεσπίζει.
1105 4950 1240 5021 Χεὶρ
1261 4949 1320 5002 δὲ
1367 4949 1570 5021 Κυρίου
1632 4950 1714 5014 τίς

122 5046 187 5099 ἂν
215 5045 444 5116 νοηθείη
472 5044 636 5115 ἑτέρα
663 5043 815 5114 παρὰ
842 5043 940 5115 τὴν
967 5043 1266 5114 λεγομένην
1311 5041 1489 5106 δεξιὰν
1527 5042 1714 5109 αὐτοῦ,

287 5135 323 5205 ἢ
371 5134 657 5205 Ῥωμαῖκὴ
714 5132 944 5204 δύναμις
1004 5130 1320 5198 ὑποτάξασα
1379 5131 1505 5194 τοὺς
1552 5133 1716 5200 Λίγυ-

128 5228 316 5291 πτίους
342 5227 439 5280 καὶ
468 5227 818 5297 ὑποχειρίους
847 5225 1192 5297 ποιησαμένη
1215 5224 1304 5278 διὰ
1333 5223 1429 5295 τὴν
1454 5223 1549 5277 τοῦ
1598 5225 1714 5279 Κυ-

131 5320 240 5388 ρίου
273 5318 616 5390 παρουσίαν;
649 5316 808 5370 Οὕτω
831 5317 941 5388 γάρ
965 5334 1096 5370 ποτε
1130 5315 1224 5370 καὶ
1247 5318 1277 5369 ό
1313 5315 1558 5378 διάϐολος
1576 5316 1714 5386 πρὸς

128 5411 213 5463 τὸν
273 5410 413 5464 Θεὸν
462 5410 875 5482 ἀναγέγραπται
919 5407 1159 5480 εἰρηκὼς
1215 5408 1345 5479 περὶ
1406 5406 1500 5460 τοῦ
1567 5407 1687 5460 ἰώϐ

135 5519 152 5548 ι
190 5500 327 5554 ’Δλλ’
361 5500 685 5556 ἀπόστειλον
722 5499 823 5572 τὴν
850 5500 1009 5572 χεῖρά
1033 5517 1151 5565 σου,
1181 5499 1277 5553 καὶ
1307 5497 1443 5569 ἆψαι
1493 5499 1710 5553 πάντων

129 5585 198 5645 ῶν
223 5593 357 5664 ἔχει,
378 5594 431 5646 εί
467 5593 545 5664 μὴ
576 5594 658 5657 εἰς
687 5593 978 5665 πρόσωπόν
1011 5610 1072 5648 σε
1100 5592 1404 5665 εύλογήσει.
1441 5611 1460 5646 ι
1499 5594 1562 5648 Ol
1601 5593 1714 5648 τοί-

196 5683 237 5713 "’
271 5681 374 5740 Job
399 5683 560 5749 1,“.

197 5776 307 5848 (ιι)
347 5778 528 5837 Locus
554 5779 794 5836 mutilus.

1821 4585 1956 4639 ratis
2005 4587 2269 4643 adventus
2312 4588 2524 4643 Domini
2579 4590 2630 4642 in
2685 4588 2984 4661 Egyptum
3036 4589 3412 4658 temporibus,

1819 4680 2019 4734 nullum
2053 4681 2322 4754 Egyptiis
2349 4684 2588 4739 futurum
2647 4684 2857 4737 virilem
2908 4698 3148 4750 sensum,
3185 4689 3279 4738 sed
3317 4698 3414 4739 eos

1819 4772 2107 4828 mulierum
2143 4776 2316 4831 instar
2353 4776 2408 4830 in
2445 4786 2594 4831 metu
2627 4785 2681 4832 et
2717 4787 2973 4840 tremore,
3008 4777 3079 4830 ob
3122 4776 3414 4830 imminen-

1820 4870 1927 4915 tem
1961 4861 2096 4932 ipsis
2137 4880 2355 4919 manum
2393 4865 2510 4929 Dei,
2535 4866 2699 4920 vitam
2731 4874 2950 4920 acturos
2981 4879 3101 4920 esse
3142 4865 3411 4920 vaticina-

1823 4961 1931 5008 tur.
1980 4954 2169 5012 Manus
2217 4967 2398 5012 autem
2458 4957 2670 5012 Domini
2715 4971 2836 5027 qua:
2885 4958 2988 5010 alia
3038 4965 3258 5025 putetur
3289 4972 3412 5012 esse

1816 5055 2014 5114 praeter
2051 5063 2195 5112 eam,
2224 5063 2345 5119 qua}
2381 5059 2608 5104 vocatur
2638 5053 2859 5106 dextera
2892 5050 3033 5118 ejus,
3075 5049 3181 5103 nisi
3207 5049 3410 5103 Roma-

1818 5152 2008 5192 norum
2039 5142 2304 5208 potentia,
2329 5155 2447 5208 quae
2476 5139 2760 5212 Egyptios
2791 5141 3002 5211 subegit
3033 5155 3094 5194 ac
3133 5139 3235 5193 sibi
3279 5139 3410 5194 sub-

1820 5226 1962 5283 ditos
2008 5229 2276 5296 reddidit,
2315 5231 2475 5301 idque
2519 5234 2590 5286 ob
2633 5231 2834 5287 Christi
2892 5231 3236 5301 praesentiam
3271 5229 3295 5283 ?
3328 5230 3408 5286 Ita

1820 5320 2018 5390 quippe
2073 5323 2346 5378 diabolum
2405 5324 2471 5379 de
2515 5321 2619 5378 Job
2673 5324 2982 5393 loquentem
3046 5324 3154 5378 Deo
3205 5322 3409 5379 dixisse

1819 5411 2080 5481 scriptum
2121 5425 2205 5468 est
2245 5432 2257 5467 :
2299 5431 2318 5466 ι
2355 5415 2462 5470 Sed
2505 5415 2656 5470 mitte
2686 5430 2902 5468 manum
2933 5423 3110 5476 tuam,
3154 5423 3210 5468 et
3247 5423 3409 5484 tange

1819 5504 2002 5558 omnia
2037 5519 2156 5573 qua:
2177 5504 2361 5570 habet,
2397 5505 2498 5560 nisi
2538 5505 2590 5558 in
2621 5505 2817 5560 faciem
2842 5505 3127 5560 benedicat
3154 5505 3247 5559 tibi
3268 5505 3354 5557 ’7?
3380 5523 3402 5557 ι

1824 5593 1925 5662 Qui
1956 5611 2086 5669 ergo
2113 5597 2406 5655 voluntatis
2443 5598 2538 5655 Dei
2577 5599 2645 5655 ad
2687 5597 3090 5670 subjugandum
3120 5596 3406 5672 Egyptia-
