3862 6210
425 318 529 376 B31

1138 307 1411 367 EUSEBII
1449 299 1925 363 CESARIENSIS
1958 296 2114 355 OPP.
2154 294 2333 353 PARS
2368 293 2457 351 ιιι.
2494 324 2567 337 -
2603 289 3021 350 EXEGETICA.

3598 285 3719 341 232

426 450 547 494 rum
582 432 871 506 imperium
898 430 1135 489 ministri
1168 431 1389 487 fuerunt
1411 468 1429 495 ,
1458 425 1714 484 videlicet
1740 426 1857 495 ipsa
1904 421 2014 477 Ro-

2143 436 2210 473 υν
2254 416 2708 489 διακονησάμενοι
2743 413 2824 487 τῷ
2867 412 3166 485 βουλήματι
3201 406 3296 463 τοῦ
3344 402 3479 461 Θεοῦ
3520 407 3601 471 είς
3652 406 3720 459 τὸ

426 528 576 585 mani
620 525 897 583 exercitus
926 523 1189 594 potentia,
1220 534 1415 576 manus
1453 528 1700 576 vocatur.
1737 514 2021 580 Quomodo

427 629 610 673 autem
643 614 933 671 mulierum
956 613 1133 668 instar
1180 626 1306 667 cum
1333 610 1527 665 timore
1545 614 1599 664 et
1630 605 1881 678 angustia
1910 603 2020 660 Ro-

428 708 607 762 manis
633 707 878 762 serviant
906 701 1153 775 Egyptii
1175 741 1192 771 ,
1237 700 1292 757 id
1328 712 1461 755 sane
1501 712 1611 753 non
1643 704 1729 752 est
1752 693 1897 765 quod
1922 706 2020 749 ex-

430 800 681 872 plicetur.
1258 776 1275 795 ’

501 890 671 947 Vens.
697 888 787 945 l7.
815 906 834 940 ι
862 886 932 943 Et
958 886 1066 941 erit
1109 882 1261 954 regio
1285 881 1601 937 Iudaeorum
1646 876 1703 933 in
1731 883 2022 932 terrorem.

430 980 751 1049 Quicunque
780 992 902 1032 eam
934 972 1300 1031 nominaverit
1322 971 1481 1042 ipsis,
1514 968 1873 1026 extimescent
1897 979 2026 1036 pro-

429 1085 552 1146 pter
611 1070 919 1133 consilium,
954 1066 1098 1138 quod
1148 1063 1425 1121 consuluit
1469 1061 1729 1117 Dominus
1783 1056 2024 1114 Sabaoth

430 1182 594 1237 super
621 1179 765 1220 eam.
804 1182 823 1217 ι
857 1161 1156 1230 Regionem
1184 1172 1312 1213 vero
1350 1155 1660 1212 Judaorum
1695 1153 1743 1209 si
1775 1150 2024 1221 Scriptu-

430 1277 549 1317 ram
579 1259 819 1314 divinam
857 1254 1065 1309 dixeris
1104 1265 1262 1317 esse,
1289 1249 1605 1318 neutiquam
1658 1243 2025 1311 aberraveris,

430 1367 616 1425 qnam,
632 1352 702 1407 ob
718 1350 825 1405 vim
842 1347 1059 1420 pietatis
1075 1356 1128 1400 et
1152 1344 1299 1408 ﬁdei,
1318 1343 1407 1412 qui
1431 1340 1715 1396 Dominum
1733 1346 2023 1406 noverunt,

428 1462 554 1503 cum
591 1445 807 1510 timore,
845 1451 1077 1496 tremore
1114 1446 1170 1491 et
1192 1438 1500 1490 reverentia
1520 1432 1743 1497 adeunt,
1776 1444 1884 1485 non
1912 1443 2030 1483 am-

430 1540 575 1609 plius
594 1545 655 1592 ut
686 1535 814 1590 olim
850 1533 1170 1602 hlasphema
1201 1528 1348 1585 dicta
1392 1526 1448 1581 in
1499 1540 1619 1581 eam
1658 1522 2025 1595 proferentes,

430 1632 528 1688 sed
557 1631 627 1685 ob
671 1628 959 1683 Dominum
1002 1624 1055 1679 in
1102 1638 1168 1678 ea
1210 1619 1562 1692 praedicatum
1584 1658 1601 1685 ,
1626 1624 1949 1672 venerantes
1973 1627 2030 1674 et

430 1724 692 1780 colentes.
734 1720 1101 1788 Quamobrem
1138 1713 1388 1786 quisquis
1430 1712 1580 1769 illam
1614 1709 1748 1781 ipsis
1784 1722 2028 1763 comme-

2124 509 2493 583 χειρώσασθαι
2516 508 2615 580 τὴν
2642 508 2957 578 Αἰγυπτίων
2986 502 3183 576 ἀρχὴν,
3207 500 3435 572 δύναμις
3481 497 3624 570 αῦτη
3657 498 3718 551 δὲ

2119 596 2188 671 ἦν
2223 602 2259 671 ἡ
2293 596 2607 670 Ῥωμαϊκοῦ
2636 595 2893 670 στρατοῦ,
2926 594 3050 666 χεὶρ
3073 590 3407 663 ὠνόμασται.
3436 587 3628 648 Ὅπως
3659 585 3719 638 δὲ

2121 688 2402 759 γυναικῶν
2430 688 2588 758 δίκην
2621 687 2761 759 μετὰ
2791 684 2958 757 φόϐου
2986 682 3081 737 καὶ
3117 680 3357 751 ἀγωνίας
3398 675 3721 731 δουλεύουσι

2133 782 2425 855 Ῥωμαίοις
2455 781 2763 852 Αἰγύπτιοι,
2795 778 2945 832 οὐδὲν
2977 776 3060 831 δεῖ
3086 774 3285 846 λέγειν.

2194 895 2213 928 ι
2253 876 2363 930 Καὶ
2386 874 2540 929 ἔσται
2569 877 2603 946 ἡ
2638 875 2792 945 χώρα
2817 872 2926 926 τῶν
2963 868 3234 924 Ἰουδαίων
3262 868 3375 929 τοῖς
3392 861 3721 933 Αἰγυπτίοις

2123 969 2205 1033 εἰς
2236 968 2524 1041 φόϐητρον.
2568 968 2684 1031 Πᾶς
2721 965 2780 1031 ὃς
2837 964 2932 1018 ἐὰν
2988 960 3232 1034 ὀνομάσῃ
3280 956 3449 1028 αὐτὴν
3504 954 3719 1041 αὐτοῖς,

2124 1040 2524 1132 φοϐηθήσονται
2550 1056 2637 1111 διὰ
2659 1055 2757 1127 τὴν
2792 1052 3008 1126 βουλὴν,
3038 1051 3106 1124 ἢν
3134 1049 3339 1120 Κύριος
3366 1041 3591 1098 Σαϐαὼθ
3627 1040 3724 1111 βε-

2125 1151 2409 1206 ϐούλευται
2432 1151 2516 1203 ἐπ’
2544 1150 2737 1221 αὐτήν.
2761 1167 2780 1199 ι
2810 1145 3011 1217 Χώραν
3040 1143 3099 1197 δὲ
3140 1138 3409 1196 Ἰουδαίων
3436 1135 3534 1207 τὴν
3562 1132 3722 1185 θείαν

2125 1246 2226 1301 οὐκ
2255 1244 2322 1298 ἂν
2358 1245 2627 1317 ἁμάρτοις
2669 1240 2839 1295 εἰπὼν
2877 1237 3133 1308 Γραφήν⁸
3188 1235 3255 1306 ἣν
3300 1232 3367 1286 δι’
3410 1224 3723 1299 ὑπερϐολὴν

2128 1340 2418 1403 εὐλαϐείας
2456 1338 2550 1391 καὶ
2588 1336 2825 1398 πίστεως
2854 1333 2904 1386 οἱ
2950 1331 3041 1384 τὸν
3076 1327 3278 1399 Κύριον
3340 1318 3722 1389 ἐπεγνωκότες

2129 1433 2269 1505 μετὰ
2292 1430 2457 1502 φόϐου
2493 1428 2587 1485 καὶ
2629 1427 2835 1499 τρόμου
2896 1424 2991 1478 καὶ
3042 1418 3327 1481 εὐλαϐείας
3375 1411 3720 1487 προσίενται,

2127 1503 2313 1576 οὐκέτι
2344 1520 2421 1583 ὡς
2452 1517 2514 1572 τὸ
2561 1518 2691 1589 πρὶν
2748 1511 3194 1587 βλασφημοῦντες
3250 1506 3441 1577 αὐτὴν,
3466 1503 3601 1558 ἀλλὰ
3626 1518 3721 1554 τι·

2132 1613 2341 1685 μῶντες
2370 1611 2465 1666 καὶ
2495 1609 2743 1672 σέϐοντες
2768 1606 2855 1660 διὰ
2885 1605 2976 1659 τὸν
3021 1605 3080 1657 ὲν
3137 1601 3276 1670 αὐτῇ
3311 1594 3723 1669 κηρυττόμενον

2132 1705 2337 1777 Κύριον
2356 1722 2369 1734 ο
2401 1704 2482 1758 διὸ
2503 1703 2653 1767 πᾶςό
2669 1699 2949 1772 ὀνομάζων
2983 1697 3151 1767 αὐτὴν
3178 1696 3358 1756 αὐτοῖς
3386 1688 3549 1761 φόϐον
3574 1685 3721 1741 Θεοῦ

432 1825 641 1878 morat,
674 1814 926 1869 timorem
969 1810 1060 1865 Dei
1094 1782 1228 1879 ipsis
1277 1782 1543 1873 immittit,
1590 1816 1715 1857 nam
1749 1819 1769 1852 ι
1803 1799 2022 1855 Initium

2143 1799 2342 1869 εμποιεί
2388 1797 2605 1860 αὐτοῖς’
2660 1813 2679 1846 ι
2717 1792 2926 1865 Ἀρχὴ»
2966 1791 3076 1862 γὰρ
3115 1808 3134 1842 ι
3159 1788 3350 1858 σοφίας
3402 1783 3562 1856 φόϐος
3594 1782 3721 1838 Κυ-

431 1908 711 1979 sapientiae
742 1908 904 1961 timor
930 1904 1142 1960 Domini
1155 1903 1223 1956 ⁸⁸.
1251 1920 1271 1954 ›

508 1999 670 2055 Vens.
700 1999 788 2054 18.
829 2017 849 2051 ι
888 1996 946 2051 ln
979 1996 1069 2051 die
1100 1994 1190 2049 illa
1215 1999 1377 2048 erunt
1410 1989 1652 2060 quinque
1682 1987 1931 2049 civitates
1970 1982 2025 2038 in

433 2102 579 2149 terra
607 2089 854 2161 Egypti,
889 2088 1174 2157 loquentes
1209 2084 1395 2155 lingua
1422 2079 1838 2147 Chanaanitide,
1867 2087 1924 2134 et
1943 2076 2027 2148 ju-

433 2193 620 2241 rantes
647 2198 743 2255 per
788 2196 987 2238 nomen
1036 2177 1248 2234 Domini
1284 2177 1527 2233 Sabaoth
1557 2192 1571 2229 :
1598 2173 1791 2230 civitas
1818 2171 2028 2228 Asedec

433 2277 717 2334 vocabitur
768 2288 876 2329 una
926 2272 1140 2328 civitas.
1172 2290 1192 2323 ›
1235 2269 1352 2325 Etsi
1387 2269 1629 2339 quinque
1682 2266 1928 2321 civitates
1972 2263 2029 2318 in

434 2366 692 2422 vaticinio
752 2363 1035 2425 ferantur.
1091 2371 1147 2416 at
1200 2374 1306 2414 non
1375 2354 1731 2428 ignorantium
1789 2362 1872 2409 est
1908 2352 2029 2407 illas

437 2460 679 2531 quinque
726 2469 887 2512 unam
918 2466 1061 2510 esse.
1107 2452 1289 2519 Quare
1343 2464 1540 2505 nomen
1593 2462 1760 2502 unum
1786 2444 2029 2501 omnium

437 2551 691 2615 additur,
720 2546 964 2608 Asedec,
1001 2544 1147 2614 quod
1198 2544 1590 2611 interpretatur
1630 2537 2029 2611 Symmachus,

446 2662 467 2696 ι
501 2642 651 2698 solis.
682 2658 702 2693 ι
743 2638 916 2706 Quam
943 2650 1072 2691 vero
1097 2635 1300 2690 dixeris
1332 2648 1451 2689 eam
1475 2646 1617 2699 esse,
1646 2630 1751 2685 nisi
1780 2636 2031 2683 sanctam

442 2736 538 2793 Dei
569 2732 887 2792 Ecclesiam,
937 2743 1057 2799 quae
1090 2726 1388 2783 secundum
1442 2721 1587 2779 LXX
1633 2722 1858 2793 quidem
1893 2719 2033 2775 dici-

443 2838 536 2883 tur
561 2825 788 2887 Asedec,
817 2822 963 2889 quod
1010 2818 1302 2890 signiﬁcat,
1339 2834 1359 2868 ι
1398 2815 1658 2884 justitiae;
1689 2831 1709 2865 ι
1737 2811 2033 2869 secundum

444 2916 834 2990 Symmachum
878 2926 1043 2977 vero,
1081 2928 1102 2962 ι
1161 2908 1314 2971 solis,
1366 2926 1384 2961 ι
1429 2906 1496 2961 de
1532 2919 1638 2973 quo
1680 2904 1884 2958 dictum
1926 2911 2033 2967 est,

450 3025 472 3061 ι
512 3003 851 3061 Timentibus
881 3009 1057 3056 autem
1081 3013 1169 3053 me
1203 2995 1409 3050 orietur
1446 2993 1526 3048 sol
1555 2992 1800 3063 justitize,
1828 3001 1881 3044 et
1923 3004 2037 3044 me-

448 3098 584 3155 dela:
612 3100 666 3152 in
691 3095 792 3150 alis
835 3095 987 3164 ejus;
1026 3111 1045 3144 ι
1070 3090 1364 3150 secundum
1406 3094 1720 3142 accuratam
1753 3098 1885 3138 vero
1921 3082 2033 3136 dis-

2125 1888 2267 1960 ρίου.
2312 1905 2333 1941 ι

2202 2000 2221 2032 ι
2251 1980 2330 2051 Τῇ
2391 1975 2576 2049 ἡμέρᾳ
2630 1975 2815 2049 ἐκείνῃ
2871 1972 3082 2028 ἔσονται
3122 1970 3285 2025 πέντε
3346 1968 3521 2030 πόλεις
3557 1965 3614 2021 ἒν
3641 1962 3723 2034 τῇ

2123 2071 2424 2142 Αἰγύπτου,
2450 2066 2707 2123 λαλοῦσαι
2759 2070 2827 2140 τῇ
2855 2065 3076 2137 γλώσσῃ
3110 2066 3177 2135 τῇ
3208 2057 3589 2121 Χαναανίτιδι,
3620 2056 3724 2110 καὶ

2125 2164 2421 2239 ὀμνύοντες
2444 2161 2523 2234 τῷ
2545 2162 2769 2232 ὀνόματι
2793 2160 3001 2233 Κυρίου
3018 2156 3246 2212 Σαϐαώθ
3262 2172 3276 2186 ·
3308 2154 3463 2217 πόλις
3495 2150 3724 2205 ’Δσεδὲκ

2126 2260 2460 2333 κληθήσεται
2496 2257 2595 2328 μία
2624 2255 2799 2319 πόλις.
2836 2272 2855 2305 ι
2893 2254 2958 2307 Ei.
2984 2252 3043 2306 δὲ
3072 2249 3234 2304 πέντε
3262 2247 3509 2316 λέγονται
3535 2242 3724 2305 πόλεις

2126 2354 2183 2408 αἱ
2216 2349 2631 2422 θεσπιζόμεναι,
2666 2348 2780 2404 ἀλλ’
2813 2348 2873 2401 οὐ
2909 2344 3014 2418 χρὴ
3043 2343 3278 2413 ἀγνοεῖν,
3312 2339 3387 2403 ὡς
3443 2338 3499 2389 αί
3552 2333 3724 2386 πέντε

2132 2445 2261 2518 μίαν
2290 2444 2641 2516 τυγχάνουσι.
2666 2439 2760 2494 At?)
2795 2438 2890 2492 καὶ
2916 2437 2974 2490 ἓν
2999 2435 3172 2505 ὄνομα
3192 2429 3336 2486 κατὰ
3372 2426 3561 2481 πασῶν
3591 2427 3724 2478 ἐπι-

2127 2536 2346 2607 λέγεται
2378 2535 2443 2589 τὸ
2482 2533 2726 2596 Ἀσεδὲκ,
2755 2532 2894 2601 ὅπερ
2946 2530 2973 2583 ὁ
3021 2527 3318 2597 Σύμμαχος
3370 2519 3727 2591 ήρμήνευσεν

2136 2650 2158 2684 ι
2196 2630 2369 2702 ἡλίου.
2397 2647 2417 2679 ι
2451 2626 2587 2679 Τίνα
2611 2624 2707 2696 μὲν
2740 2618 2834 2676 οὖν
2863 2621 3039 2682 εἴποις
3070 2618 3137 2672 ἂν
3158 2615 3361 2684 ταύτην
3393 2608 3585 2680 εἶναιῆ
3618 2608 3726 2680 τὴν

2131 2701 2294 2793 ἁγίαν
2323 2719 2417 2775 τοῦ
2446 2718 2582 2773 Θεοῦ
2625 2713 2970 2780 Ἐκκλησίαν,
2995 2711 3136 2766 κατὰ
3167 2708 3264 2781 μὲν
3290 2707 3415 2769 τοὺς
3450 2701 3725 2771 Ἐϐδομή-

2133 2831 2297 2869 κοντα
2326 2812 2669 2882 καλουμένην
2717 2809 2960 2867 Ἀσεδὲκ,
2989 2804 3018 2857 ὀ
3043 2804 3109 2874 δὴ
3152 2799 3406 2871 σημαίνει
3463 2815 3481 2848 ι
3515 2794 3729 2882 δικαιοῖ

2136 2906 2329 2978 σύνηςο
2372 2923 2391 2957 ι
2423 2876 2569 2958 κατὰ
2686 2899 2778 2954 τὸν
2815 2898 3133 2969 Σύμμαχον,
3159 2913 3177 2946 ι
3207 2892 3381 2965 ἡλίου,
3413 2908 3432 2941 ι
3468 2887 3598 2957 περὶ
3659 2876 3727 2939 οὗ

2134 2999 2414 3052 λέλεκται’
2455 3015 2473 3048 ι
2506 2996 2632 3059 Τοῖς
2673 2994 2731 3048 δὲ
2762 2990 3116 3063 φοϐουμένοις
3165 3003 3230 3056 με
3282 2981 3529 3038 ἁνατελεῖ
3571 2979 3729 3050 ἥλιος

2134 3089 2501 3160 δικαιοσύνης,
2529 3087 2624 3141 καὶ
2657 3086 2829 3148 ἰάσεις
2872 3082 2930 3135 ὲν
2979 3081 3103 3143 ταῖς
3152 3074 3409 3147 πτέρυξιν
3457 3070 3656 3127 αὐτοῦ·
3701 3087 3721 3120 ι

448 3186 665 3244 serendi
714 3186 1007 3245 rationem,
1058 3192 1219 3236 terra:
1271 3177 1465 3233 civitas
1500 3176 1734 3239 dicitur,
1766 3176 1910 3244 quod
1960 3174 2033 3227 ita

2143 3182 2283 3237 κατὰ.
2333 3181 2390 3235 δὲ
2423 3149 2742 3251 ἀκριϐὲς
2775 3176 2876 3246 τῆς
2902 3171 3067 3228 αὐτοῦ
3099 3167 3388 3235 διαλέξεως
3430 3165 3535 3237 γῆς
3569 3162 3729 3227 πόλις

449 3277 598 3331 reddi
626 3274 816 3347 possit,
853 3290 873 3324 ι
909 3271 1115 3327 Civitas
1148 3278 1306 3325 terra;
1336 3267 1619 3322 vocabitur
1646 3280 1753 3320 una
1781 3264 2028 3319 civitas.»

446 3366 568 3438 Ipsa
597 3366 795 3438 quippe
820 3365 930 3421 sola
952 3364 1008 3418 in
1031 3363 1280 3417 universa
1311 3369 1453 3415 terra
1487 3360 1594 3413 Deo
1614 3357 1804 3412 civitas
1835 3354 2036 3411 consti-

451 3461 643 3528 tuitur,
698 3459 770 3515 ita
820 3467 882 3513 ut
918 3458 985 3511 de
1020 3456 1110 3509 illa
1159 3451 1702 3520 dicatur,¢Gloriosa
1729 3450 1873 3504 dicta
1908 3456 2038 3504 sunt

450 3554 518 3609 de
549 3561 623 3616 te,
653 3552 846 3607 civitas
891 3548 986 3604 Dei
1004 3549 1071 3603 ".
1107 3566 1127 3601 ι
1171 3546 1423 3617 Quinque
1469 3552 1650 3599 autem
1691 3543 1944 3596 civitates
1980 3540 2036 3594 in

450 3645 694 3703 Ecclesia
741 3641 1189 3699 luerintdiversae
1213 3638 1447 3693 instituti
1481 3646 1536 3692 et
1566 3634 1726 3691 oﬂicii
1759 3633 2038 3697 rationes;

450 3740 690 3810 quinque
710 3752 840 3793 vero
872 3744 1000 3791 sunt
1036 3733 1257 3789 ordines
1280 3729 1560 3793 distincti;
1592 3737 1704 3782 tres
1733 3725 1943 3782 scilicet
1965 3724 2039 3778 ita

452 3845 710 3887 numeres
734 3848 750 3884 :
783 3829 988 3899 primus
1010 3836 1095 3882 est
1116 3823 1407 3896 praasulum
1435 3821 1591 3885 ordo,
1615 3818 1883 3874 secundus
1911 3831 2038 3886 pre-

452 3923 819 3993 sbyterorum,
862 3919 1216 3972 diaconorum
1247 3914 1473 3977 tertius,
1514 3919 1741 3981 quartus
1771 3907 2041 3962 illumina-

455 4026 636 4070 torum
666 4013 721 4066 in
757 4010 994 4077 Christo,
1026 4016 1329 4077 postremus
1368 4018 1581 4069 eorum,
1608 4002 1701 4071 qui
1731 3999 2038 4055 initiantur.

457 4106 768 4173 Sciendum;
791 4118 920 4173 ergo
952 4111 1038 4157 est
1063 4099 1283 4155 ordines
1312 4097 1552 4168 quinque
1584 4094 1639 4149 in
1676 4092 1919 4149 Ecclesia
1945 4090 2041 4145 Dei

457 4198 695 4264 versari;
723 4208 891 4267 quare
917 4193 1158 4264 quinque
1198 4190 1447 4246 civitates
1482 4187 1583 4243 sub
1622 4201 1728 4240 una
1763 4185 2041 4249 dicuntur,

457 4289 741 4360 loquentes
790 4286 968 4356 lingua
1000 4297 1120 4354 quae
1168 4280 1297 4336 olim
1327 4279 1468 4349 apud
1510 4275 1798 4347 Egyptios
1825 4272 2043 4329 Chana-

462 4397 577 4439 naza
625 4379 1005 4451 reputabatur,
1031 4384 1089 4431 et
1124 4372 1372 4444 iurantes
1401 4385 1511 4425 non
1545 4384 1642 4440 per
1683 4382 1776 4422 eos
1797 4407 1813 4434 ,
1845 4364 1937 4436 qui
1967 4363 2045 4419 dii

462 4474 620 4547 patrii
666 4471 1151 4532 existimabantur,
1190 4464 1287 4521 sed
1317 4464 1372 4518 in
1420 4460 1638 4517 nomine
1676 4457 1891 4513 Domini
1938 4455 2043 4512 Sa-

465 4545 649 4630 baoth,
682 4562 774 4633 qui
804 4560 932 4616 olim
993 4554 1193 4613 Judaais
1216 4552 1468 4625 cognitus
1494 4550 1636 4607 Deus
1664 4556 1803 4604 erat.
1832 4546 1932 4602 Hic
1960 4545 2049 4603 ille

464 4668 584 4714 erat
609 4658 703 4728 qui
733 4657 786 4710 in
817 4653 960 4710 nube
984 4649 1113 4717 levi,
1145 4648 1234 4704 hic
1280 4655 1397 4703 erat
1425 4644 1519 4715 qui
1554 4643 1623 4698 ad
1658 4641 1805 4712 ipsos
1835 4638 2054 4696 advenit

465 4749 735 4805 Christus.

538 4932 705 4988 Vsus.
747 4929 835 4985 l9.
867 4946 885 4979 ‹
921 4925 979 4981 in
1029 4925 1116 4981 die
1149 4922 1239 4978 illa
1269 4921 1375 4978 erit
1414 4919 1584 4975 altare
1622 4917 1851 4973 Domino
1882 4915 1936 4973 in
1965 4931 2053 4972 re-

468 5030 626 5099 gione
658 5022 1060 5094 Egyptiorum,
1088 5028 1144 5073 et
1189 5016 1440 5072 columna
1483 5013 1550 5068 ad
1592 5010 1881 5066 terminum
1933 5008 2053 5079 ejus

472 5116 718 5171 Domino.
749 5130 770 5165 ι
804 5112 878 5165 De
902 5109 1186 5164 divinitate
1212 5104 1306 5161 Dei
1334 5105 1386 5160 in
1411 5104 1645 5174 Egypto
1667 5101 2050 5157 constituenda

469 5221 523 5263 et
556 5212 622 5264 de
648 5205 878 5262 diversis
907 5204 961 5258 in
996 5203 1216 5257 civitate
1237 5199 1538 5265 ordinibus,
1553 5197 1891 5259 vaticinatus,
1918 5209 2052 5250 con-v

478 5311 765 5371 sequenter
793 5298 966 5354 altare
988 5296 1041 5351 in
1062 5294 1286 5350 civitate
1313 5292 1408 5347 Dei
1455 5288 1694 5346 futurum
1722 5302 2053 5344 commemo-

544 5415 590 5447 "
614 5413 754 5466 Psal.
781 5428 873 5477 cx,
899 5409 986 5466 10.
1061 5408 1108 5441 ⁹⁹
1132 5406 1277 5462 Psal.
1306 5404 1599 5469 uxxvr,5.

548 5551 661 5622 (25)
703 5549 804 5622 Hic
849 5547 1246 5622 Hieronymus,
1276 5561 1308 5622 ,ι
1362 5541 1534 5622 Porro
1571 5540 1673 5622 qui.
1713 5539 1767 5622 in
1824 5538 2061 5622 adventu

477 5609 734 5688 Christi,»
761 5621 858 5680 ait,
880 5635 899 5668 ι
923 5609 1247 5688 etRomano
1276 5612 1504 5688 imperio
1524 5609 1861 5688 prophetiam
1890 5609 2067 5688 disse-

484 5700 632 5754 runt,
662 5678 903 5759 quinque
950 5687 1200 5759 civitates
1236 5682 1321 5736 vel
1353 5678 1539 5750 legem
1585 5678 1837 5759 Domini,
1864 5693 1982 5759 quae
2009 5679 2064 5733 in

483 5750 832 5819 Alexan'dria'
857 5758 1090 5822 primum
1142 5756 1495 5820 interpretata
1538 5760 1651 5816 est,
1687 5750 1775 5805 vel
1829 5750 2064 5812 quinque

2139 3275 2410 3337 λέλεκται,
2438 3274 2574 3347 ὅπερ
2620 3270 2794 3333 οὕτως
2825 3269 2891 3323 ἂν
2931 3262 3315 3339 ὲρμηνευθείη,
3366 3278 3385 3311 ι
3411 3258 3573 3321 Πόλις
3624 3255 3731 3325 τῆς

2140 3368 2245 3439 γῆς
2275 3365 2607 3437 κληθήσεται
2626 3365 2660 3435 ὴ
2696 3363 2794 3433 μία
2827 3360 3001 3423 πόλις.
3038 3377 3057 3410 ι
3089 3354 3242 3425 Αὕτη
3274 3353 3383 3424 γὰρ
3411 3350 3546 3423 μόνη
3601 3346 3729 3402 καθ’

2141 3461 2270 3531 ὅλης
2296 3459 2400 3529 γῆς
2433 3457 2646 3528 ἵδρυται
2687 3453 2767 3525 τῷ
2795 3452 2916 3523 Θεῷ
2941 3450 3116 3515 πόλις,
3176 3448 3252 3512 ὡς
3302 3443 3542 3515 ὲρείσθαι
3592 3440 3732 3513 περὶ

2142 3530 2336 3622 αὐτῆς,
2366 3568 2386 3601 ι
2420 3546 2794 3618 Δεδοξασμένα
2823 3542 3060 3614 ὲλαλήθη
3083 3540 3214 3613 περὶ
3242 3537 3357 3601 σοῦ,
3386 3538 3421 3608 ἡ
3450 3535 3604 3598 πόλις
3632 3530 3733 3586 τοῦ

2142 3621 2299 3695 Θεοῦ.
2344 3660 2364 3692 ›
2393 3638 2562 3692 Πέντε
2586 3636 2643 3691 δὲ
2676 3636 2859 3698 πόλεις
2878 3634 2936 3686 ὲν
2972 3628 3268 3699 Ἐκκλησία
3288 3626 3398 3681 είεν
3428 3625 3494 3680 ἂν
3527 3625 3583 3678 αἱ
3610 3621 3735 3675 διά-

2145 3750 2303 3805 φοροι
2335 3730 2629 3784 πολιτεῖαι*
2677 3727 2788 3798 (25)
2819 3725 2979 3779 πέντε
3007 3723 3065 3777 δὲ
3094 3722 3351 3791 τάγματα
3403 3715 3735 3788 διῃρημένα,

2144 3826 2310 3897 ἤγουν
2340 3826 2490 3896 τρεῖς
2519 3819 2868 3893 ἀριθμήσεις,
2892 3817 2955 3870 τὸ
3011 3813 3228 3888 πρῶτον
3283 3811 3392 3865 τῶν
3452 3806 3736 3887 προέδρων

2143 3886 2354 3987 τάγμα,
2375 3886 2479 3969 ’καὶ
2498 3886 2830 3982 τδδεύτερον
2852 3908 2963 3963 τῶν
2987 3886 3375 3979 πρεσϐυτέρων
3394 3942 3411 3967 ,
3442 3901 3504 3954 τό
3530 3886 3591 3952 τε
3620 3896 3737 3952 τῶν

2145 4008 2408 4063 διακόνων
2435 4006 2498 4060 τὸ
2524 4006 2725 4078 τρίτον,
2757 4002 2852 4057 καὶ
2881 4000 2991 4055 τῶν
3039 4001 3096 4054 ὲν
3124 4000 3347 4069 Χριστῳ
3378 3989 3736 4064 πεφωτισμέ-

2147 4116 2252 4154 νων
2300 4099 2596 4168 τέταρτον,
2632 4096 2727 4150 καὶ
2780 4095 2875 4147 ἐπὶ
2929 4092 3140 4155 τούτοις
3194 4088 3304 4143 τῶν
3353 4089 3410 4142 ὲν
3452 4086 3736 4155 εἰσαγωγῇ

2148 4191 2542 4263 τυγχανόντων.
2591 4187 2806 4251 Ἰστέον,
2825 4186 2903 4250 ὡς
2933 4184 3098 4238 πέντε
3117 4181 3376 4253 τάγματα
3390 4174 3739 4232 πολιτεύεται

2148 4283 2206 4338 ὲν
2231 4286 2299 4355 τῇ
2340 4281 2636 4353 Ἐκκλησία
2662 4279 2754 4334 τοῦ
2780 4276 2916 4332 Θεοῦ
2938 4293 2954 4309 ο
2971 4277 3052 4331 διδ
3071 4274 3233 4329 πέντε
3255 4273 3437 4336 πόλεις
3471 4268 3577 4324 ὑπὸ
3604 4267 3738 4339 μίαν

2151 4371 2419 4444 εἴρηνται,
2434 4371 2692 4426 λαλοῦσαι
2719 4371 2786 4443 τῇ
2808 4367 3051 4440 γλώσσῃ,
3074 4365 3242 4421 πάλαι
3262 4365 3391 4435 παρ’
3418 4357 3744 4430 Αἰγυπτίοις

2151 4463 2481 4536 νομιζομένῃ
2509 4463 2878 4525 Χαναανίτιδι,
2905 4461 3001 4517 καὶ
3033 4458 3324 4531 ὀμνύοντες
3347 4454 3407 4508 οὐ
3455 4453 3584 4516 τοὺς
3632 4469 3746 4504 πα-

2155 4555 2366 4629 τριὲιους
2398 4556 2555 4621 θεοὺς
2592 4556 2686 4620 οὓς
2710 4555 2978 4627 ἐνόμιζον,
3012 4551 3129 4607 ἀλλ’
3161 4551 3194 4623 ἢ
3232 4547 3311 4620 τῷ
3353 4545 3579 4618 ὀνόματι
3622 4543 3746 4595 Κυ-

2158 4649 2278 4721 ρίου
2331 4646 2583 4713 Σαϐαὼθ,
2638 4647 2733 4701 τοῦ
2782 4646 2952 4703 πάλαι
2980 4641 3288 4704 Ἰουδαίοις
3333 4634 3746 4721 γνωριζομένου

2158 4717 2314 4792 Θεοῦ.
2351 4733 2520 4802 Οὗτος
2544 4738 2604 4791 δὲ
2646 4734 2714 4809 ἦν
2740 4740 2769 4791 ὁ
2816 4737 2911 4790 ἐπὶ
2941 4735 3170 4805 νεφέλης
3196 4729 3439 4801 κούφης,
3470 4717 3629 4789 οὗτος
3681 4723 3748 4777 δὲ

2158 4824 2226 4902 ἦν
2253 4832 2281 4884 ὀ
2314 4830 2655 4903 ἐπιδημήσας
2688 4828 2924 4901 Χριστὸς
2948 4827 3154 4889 αὐτοῖς.

2234 4942 2254 4975 ι
2288 4924 2366 4995 Τῇ
2419 4923 2603 4998 ἡμέρᾳ.
2624 4922 2808 4994 ὲκείνῃ
2833 4920 2987 4975 ἔσται
3024 4916 3410 4986 θυσιαστήριον
3446 4910 3524 4983 τῷ
3549 4907 3750 4981 Κυρίῳ

2158 5015 2218 5070 ὲν
2238 5014 2393 5087 χώρᾳ
2422 5015 2758 5084 Αἰγυπτίων,
2790 5013 2961 5085 στήλη
2991 5009 3128 5083 πρὸς
3158 5008 3219 5062 τὸ
3265 5008 3411 5078 ὃριον
3455 5003 3628 5072 αὐτῆς
3664 4999 3753 5073 τῷ

2158 5108 2368 5181 Κυρίῳ.
2409 5127 2428 5161 ›
2454 5106 2847 5189 Προφήτεύσας
2867 5106 2895 5157 ὁ
2915 5103 3071 5172 λόγος
3101 5100 3232 5171 περὶ
3262 5097 3472 5159 πόλεως
3503 5093 3639 5147 Θεοῦ
3689 5092 3751 5147 ὲν

2158 5199 2422 5271 Αἰγύπτῳ
2443 5184 2874 5272 συστησομένης,
2921 5195 3016 5251 καὶ
3043 5193 3153 5247 τῶν
3182 5194 3241 5246 ἐν
3271 5193 3339 5263 τῇ
3382 5188 3537 5242 πόλει
3560 5184 3753 5255 διαφό-

2160 5308 2273 5363 ρων
2304 5292 2624 5364 ταγμάτων,
2647 5290 2955 5354 ἀκολούθως
2980 5284 3370 5357 θυσιαστηρίου
3396 5284 3456 5336 ὲν
3491 5281 3561 5352 τῇ
3594 5276 3754 5333 πόλει

2170 5539 2429 5596 Ecclesiae
2461 5536 2703 5597 ordines,
2730 5534 3017 5604 episcopos
3038 5570 3055 5599 ,
3083 5527 3456 5604 presbyteros=
3469 5524 3751 5604 diaconos,

2171 5591 2473 5665 lidelesﬁet
2505 5591 2949 5689 catechumenos,
2987 5620 3007 5657 ι
3040 5591 3135 5657 ubi
3181 5591 3369 5671 apérte
3414 5592 3635 5653 Eusebii
3675 5591 3757 5647 iu-

2174 5688 2462 5750 terpretem
2485 5685 2616 5749 agit.
