3862 6210
160 337 273 393 953

1127 332 1634 392 COMMENTARIA
1673 334 1742 390 ΙΝ
1779 332 2038 391 18Α1ΑΜ.
2078 365 2149 375 -
2182 332 2336 391 CAP.
2375 333 2521 392 XIX.

3338 334 3450 396 ω

156 451 253 506 τοῦ
286 450 431 507 Θεοῦ
466 451 836 523 γενησομένου
867 451 1219 525 μνημονεύει,
1239 453 1332 506 καί
1363 451 1521 506 τοῦτο
1541 451 1760 507 ἔσεσθαι

1871 461 1967 518 rat,
1998 451 2141 521 quod
2179 452 2341 508 modo
2380 467 2639 523 perquam
2685 452 2927 510 mirabili-
2965 452 3084 511 fore
3126 453 3276 511 dicit.
3310 453 3449 511 Nam

527 544 650 598 Τῶν
673 545 784 616 γὰρ
809 544 977 598 πάλαι
1007 546 1137 617 παρ’
1179 544 1499 614 Αἰγυπτίοις
1545 543 1761 615 νομιζο-

161 636 345 707 μένων
380 636 520 689 θεῶν
557 634 938 700 ἀπολωλότων,
977 636 1085 689 ’καὶ
1116 634 1213 689 τοῦ
1273 632 1523 707 ποταμοῦ
1580 633 1762 688 αὐτῶν

157 728 543 793 ἐκλελοιπότος
561 769 575 795 ,
606 730 703 783 καὶ
732 728 838 782 τῶν
882 728 1158 800 ἀρχόντων
1198 728 1418 792 Τάνεως
1461 731 1556 782 καλ⁸
1608 727 1765 799 Μέμ-

159 838 311 890 φεως
348 822 894 893 ἀπομωρανθέντων,
941 823 1004 875 τὸ
1032 824 1163 894 παρ’
1200 821 1476 886 Ἰουδαίοις
1499 821 1762 894 ὀνομαζό-

161 928 330 983 μενον
375 912 569 983 Κυρίῳ
615 912 1005 984 θυσιαστήριόν
1033 930 1168 984 φησι
1192 912 1594 984 συστήσεσθαι’
1623 912 1653 965 ὃ
1696 912 1763 983 δὴ

158 1004 259 1058 καὶ
287 1005 323 1075 ἡ
358 1003 470 1059 τῶν
504 1006 850 1078 πραγμάτων
895 1005 1121 1071 ἔκϐασις
1158 1006 1463 1077 ὀφθαλμοῖς
1497 1009 1628 1079 ἡμῖν
1667 1007 1765 1060 αύ-

157 1097 279 1159 τυῖς
329 1095 607 1149 δείκνυσιν
634 1111 650 1125 ⁸
708 1096 785 1162 ὡς
844 1098 1044 1169 μηκέτι
1104 1099 1186 1162 εἰς
1245 1097 1508 1170 μέλλοντα
1573 1098 1766 1170 καιρὸν

160 1189 477 1262 προσδοκᾷν
501 1190 596 1244 τοῦ
638 1190 800 1260 λόγου
825 1192 885 1245 τὸ
917 1191 1287 1263 ἀποτέλεσμα.
1307 1191 1420 1263 (26)
1463 1192 1550 1256 Ὧς
1584 1192 1641 1245 δὲ
1667 1191 1767 1264 μία

160 1284 352 1346 ficu;
390 1284 484 1336 καὶ
518 1283 577 1336 ἒν
603 1284 886 1355 βάπτισμα
918 1286 1013 1339 καὶ
1049 1278 1150 1356 μία
1195 1284 1494 1357 Ἐκκλησία
1520 1284 1763 1357 εἴρηται,

160 1377 309 1429 οὓτω
341 1376 439 1430 καὶ
468 1375 858 1450 θυσιαστήριον
901 1378 960 1432 ἓν
1002 1378 1124 1432 καθ’
1154 1378 1283 1448 ὅλης
1335 1378 1434 1449 τῆς
1486 1377 1764 1447 Αἰγύπτου

162 1470 541 1542 ἐγηγερμένον
568 1473 627 1525 ὲν
662 1474 782 1536 ταῖς
807 1471 1124 1542 ἐκκλησίαις
1139 1471 1233 1526 τοῦ
1247 1470 1382 1525 Θεοῦ
1406 1470 1767 1542 θυσιαστήρια

160 1560 447 1632 τυγχάνει,
504 1561 599 1615 καὶ
632 1561 731 1632 μία
775 1561 840 1631 δὴ
876 1560 989 1633 (27)
1022 1563 1192 1632 στήλη
1220 1564 1408 1635 γραφὴ
1438 1562 1535 1616 σὺν
1568 1561 1646 1633 τῷ
1676 1561 1768 1616 θυ-

164 1654 475 1726 σιαστηρίῳ
501 1655 561 1707 ὲν
600 1653 905 1724 δηλωθείσῃ
950 1652 1105 1707 πόλει
1140 1653 1395 1724 συνέστη,
1460 1652 1768 1724 διορίζουσα

1864 558 1986 598 cum
2016 543 2089 597 illi
2116 542 2249 599 olim
2277 544 2418 614 apud
2456 542 2746 616 Egyptios
2785 547 3018 615 reputati
3048 545 3122 602 dii
3162 546 3445 618 perierint,

1863 637 2063 692 ﬁumen
2091 637 2329 707 ipsorum
2360 636 2644 704 defecerit,
2668 638 2941 710 principes
2966 637 3180 696 Taneos
3203 647 3260 696 et
3281 638 3451 695 Mem-

1866 729 2033 799 pbeos
2055 730 2302 785 infatuati
2327 729 2550 795 fuerint,
2561 740 2704 808 tunc
2721 731 2895 788 altare
2922 733 3064 803 apud
3091 731 3305 789 Iudaeos
3342 732 3450 789 Do-

1867 822 2015 876 mino
2063 829 2468 891 nuncupatum,
2508 823 2948 879 constituendum
3005 824 3123 881 fore
3166 823 3451 896 ait,quod

1866 924 1997 966 sane
2030 912 2105 966 rei
2141 920 2371 966 eventus
2397 911 2554 966 nobis
2584 912 2653 966 ob
2682 910 2871 967 oculos
2899 912 3087 983 ponit;
3113 913 3187 967 ita
3221 922 3283 969 ut
3314 913 3449 968 dicti

1866 1005 2319 1073 complementum
2371 1002 2438 1058 ad
2483 1002 2724 1058 futurum
2766 1012 2978 1073 tempus
3015 1020 3125 1060 non
3163 1013 3449 1075 exspecte-

1870 1110 2011 1149 mus.
2050 1094 2514 1163 Quemadmodum
2549 1104 2730 1150 autem
2747 1110 2853 1151 una
2886 1095 3043 1163 ﬁdes,
3075 1112 3240 1152 unum
3273 1095 3454 1168 baptis-

1869 1202 2005 1253 sma,
2041 1196 2098 1241 et
2133 1201 2239 1241 una
2268 1185 2507 1242 Ecclesia
2544 1187 2776 1255 dicitur,
2806 1188 2886 1244 sic
2907 1196 2963 1244 et
2985 1188 3177 1263 altaria
3216 1188 3452 1260 plurima

1868 1279 1922 1332 in
1960 1286 2073 1333 tota
2099 1276 2335 1348 Egypto
2357 1276 2670 1341 constituta,
2700 1291 2799 1347 pro
2833 1292 2940 1333 uno
2969 1276 3126 1332 altari
3166 1279 3222 1332 in
3261 1275 3453 1333 Eccle-

1869 1371 1966 1427 siis
2014 1368 2105 1425 Dei
2159 1369 2458 1425 constituto
2492 1368 2742 1424 habenda
2781 1376 2939 1434 sunt,
2970 1377 3026 1424 et
3054 1383 3161 1424 una
3200 1361 3452 1424 columna

1867 1464 1984 1519 sive
2024 1462 2214 1532 cippus
2254 1476 2377 1516 cum
2423 1460 2582 1516 altari
2628 1461 2681 1514 in
2719 1460 2808 1515 illa
2848 1460 3071 1518 civitate
3115 1460 3293 1532 posita
3334 1468 3453 1526 est,

1869 1553 2057 1610 ﬁdeles
2101 1552 2386 1625 JEgyptios
2425 1553 2493 1608 ab
2530 1550 2835 1608 inﬁdelibus
2880 1566 3177 1624 segregans
3208 1566 3277 1609 ac
3313 1552 3456 1608 divi-

1871 1651 2024 1707 dens.
2056 1650 2227 1722 Begio
2252 1650 2420 1722 igitur
2448 1650 2535 1704 illa
2569 1648 2907 1719 Iudaeorum,
2933 1666 3054 1723 quae
3091 1652 3145 1707 in
3185 1663 3454 1710 terrorem

162 1749 292 1811 τοὺς
324 1748 556 1811 πιστοὺς
583 1746 691 1800 τῶν
724 1745 1060 1816 Αἰγυπτίων,
1092 1746 1188 1800 καὶ
1219 1746 1554 1819 ἀφορίζουσα
1569 1748 1760 1813 αὐτοὺς

1871 1744 2144 1817 Egyptiis
2166 1744 2345 1800 futura
2377 1744 2597 1808 dicitur,
2635 1741 2913 1800 Iudaicam
2961 1742 3273 1800 subindicat
3306 1744 3458 1803 Scri-

160 1810 281 1892 τῶν
296 1810 567 1892 ἀπίστων.
616 1839 681 1892 Ἡ
712 1810 817 1910 μὲν⁷
835 1834 928 1892 οὖν
960 1838 1220 1910 ἀνωτέρω
1248 1810 1629 1910 ε’ἰςίφόϐητρον
1649 1810 1760 1904 τοῖς

1871 1810 2117 1908 ριιῖιῖεω,
2155 1851 2219 1891 ac
2270 1836 2483 1893 Veteris
2523 1835 2858 1892 Testamenti
2908 1837 3170 1902 verbum;
3202 1836 3456 1894 columna

160 1932 488 1998 Αἰγυπτίοις
532 1930 753 1985 ἔσεσθαι
799 1930 1066 2002 λεγομένη
1111 1930 1266 2002 χώρα
1316 1929 1425 1984 τῶν
1472 1929 1758 1996 Ἰουδαίων,

160 2023 265 2094 τὴν
299 2022 599 2095 Ἰουδαῖκὴν
623 2022 919 2077 αἰνίττεται
943 2022 1185 2094 Γραφὴν,
1214 2022 1310 2076 καὶ
1348 2022 1441 2076 τὸν
1491 2022 1593 2093 τῆς
1644 2023 1761 2077 Πα-

159 2114 325 2179 λαιᾶς
355 2113 635 2186 Διαθήκης
658 2114 815 2183 λόγον
840 2129 854 2144 ·
875 2114 909 2184 ἡ
934 2113 992 2167 δὲ
1018 2112 1097 2185 τῷ
1126 2113 1363 2187 Χριστοῦ
1384 2113 1757 2185 θυσιαστηρίῳ

1868 1943 1999 1985 vero
2030 1944 2151 1985 cum
2173 1927 2376 1985 Christi
2416 1928 2572 1983 altari
2605 1927 2914 1998 conjuncta,
2943 1926 3078 1984 Novi
3125 1927 3458 1985 Testamenti

1868 2020 2220 2093 Evangelium
2268 2020 2463 2087 fuerit,
2487 2020 2690 2077 Christi
2740 2020 2926 2078 ﬁdeles
2959 2035 3027 2077 ex
3076 2018 3349 2093 Egyptiis
3384 2022 3458 2076 ab

1864 2112 2171 2168 inﬁdelibus
2194 2112 2600 2167 disterminans.

162 2209 574 2281 συνεζευγμένη
604 2209 776 2280 στήλη
805 2208 866 2261 τὸ
897 2208 997 2279 τῆς
1026 2209 1239 2280 Καινῆς
1265 2207 1542 2281 Διαθήκης
1575 2208 1660 2280 εἴη
1695 2210 1761 2263 ἂν
1802 2207 2153 2276 Εὐαγγέλιον,
2181 2203 2415 2278 διορίζον
2471 2206 2601 2270 τοὺς
2664 2205 2745 2271 εἰς
2799 2206 2892 2261 τὸν
2940 2204 3174 2279 Χριστὸν
3238 2203 3460 2261 πιοπτιῶ⁵

163 2322 366 2370 σαντας
380 2303 490 2357 τῶν
511 2301 824 2371 Αἰγυπτίων
851 2303 959 2357 ἀπὸ
981 2301 1092 2356 τῶν
1118 2302 1389 2357 ἀπίστων.

237 2414 259 2447 ι
298 2394 414 2450 Καὶ
464 2393 618 2447 ἔσται
668 2395 750 2458 εἰς
801 2396 1027 2466 σημεῖον
1059 2395 1141 2459 εἰς
1167 2395 1257 2448 τὸν
1292 2393 1465 2448 αἰῶνα
1487 2393 1677 2467 Κυρίῳ
1703 2394 1763 2448 ὲν

162 2487 321 2560 χώρᾳ
355 2488 661 2556 Αἰγύπτου,
686 2487 770 2540 ὃτι
798 2486 1157 2559 κεκράξονται
1225 2487 1363 2562 πρὸς
1414 2484 1622 2559 Κύριον
1673 2485 1763 2541 διά

159 2583 287 2646 τοὺς
311 2580 596 2644 θλίδοντας
623 2579 843 2643 αὐτούς,
867 2581 979 2633 Καὶ
1003 2580 1293 2634 ἀποστελεῖ
1318 2581 1505 2644 αὐτοῖς
1547 2578 1760 2652 ἄνθρω-

162 2689 267 2725 πον
323 2671 387 2737 ὃς
444 2670 609 2725 σώσει
666 2670 894 2735 αὐτούς·
945 2670 1147 2743 κρίνων
1182 2670 1347 2725 σώσει
1367 2672 1588 2736 αὐτούς.
1648 2671 1762 2725 Καὶ

161 2765 409 2835 γνωστὸς
432 2764 585 2819 ἔσται
613 2763 815 2837 Κύριος
839 2766 952 2829 τοῖς
978 2766 1314 2835 Αἰγυπτίοις,
1338 2766 1432 2820 καὶ
1459 2762 1759 2835 γνώσονται

162 2860 212 2912 οἱ
248 2858 544 2927 Αἰγύπτιοι
592 2857 685 2911 τὸν
748 2858 953 2929 Κύριον
1012 2858 1070 2911 ὲν
1114 2860 1181 2930 τῇ
1229 2857 1412 2930 ἡμέρᾳ
1438 2854 1758 2929 ὲκείνῃ,κα⁸ι

163 2952 456 3022 ποιήσουσι
485 2948 677 3003 θυσίαν
700 2950 795 3003 καὶ
826 2948 1020 3021 δῶρον,
1046 2950 1140 3003 καὶ
1172 2948 1419 3015 εὔξονται
1458 2947 1625 3019 εὑχάς
1678 2946 1758 3019 τῷ

163 3043 381 3115 Κυρίῳ,
412 3041 507 3096 καὶ
558 3038 921 3095 ἀποδώσουσι.
961 3058 982 3093 ι
1029 3039 1122 3093 Διὸ
1170 3038 1249 3112 τῷ
1313 3037 1524 3111 σημείῳ
1582 3036 1757 3109 τούτῳ

1940 2395 2107 2451 Vens.
2136 2395 2228 2463 20,
2250 2394 2343 2448 21.
2378 2410 2398 2445 ι
2441 2391 2506 2446 Ει
2529 2390 2636 2447 erit
2665 2390 2718 2444 in
2741 2390 2954 2461 signum
2985 2390 3040 2445 in
3069 2389 3327 2446 mulum
3351 2387 3459 2444 Do-

1867 2491 2014 2545 mino
2040 2490 2095 2545 in
2124 2487 2343 2559 regione
2364 2483 2604 2556 Egypti,
2629 2473 2885 2552 quoniam
2912 2481 3228 2538 clamabunt
3250 2481 3318 2537 ad
3349 2479 3461 2536 Dn-

1864 2585 2069 2640 minum
2106 2591 2329 2652 propter
2359 2577 2728 2648 opprimentes
2772 2588 2888 2630 eos.
2924 2574 2994 2629 Et
3035 2573 3215 2630 mittet
3246 2573 3328 2631 eis
3359 2573 3462 2632 bo.

1865 2676 2090 2737 minem,
2133 2672 2223 2743 qui
2257 2669 2488 2727 salvabit
2506 2683 2636 2734 eos;
2671 2666 2926 2739 judicans
2968 2666 3201 2722 salvablt
3232 2681 3349 2724 eos.
3389 2667 3461 2723 Et

1864 2778 2025 2825 notus
2061 2765 2167 2822 erit
2206 2763 2470 2819 Dominus
2497 2760 2787 2832 Egyptiis,
2817 2768 2873 2815 et
2923 2768 3253 2830 cognoscent
3283 2757 3460 2832 Αἰαν-

1865 2859 1962 2932 ptii
2007 2856 2291 2913 Dominum
2336 2854 2391 2909 in
2445 2853 2533 2910 die
2561 2853 2671 2920 illa,
2719 2861 2776 2906 et
2809 2850 3011 2906 facient
3044 2849 3376 2907 sacriﬁcium
3404 2859 3463 2907 et

1864 2938 2089 3019 donum,
2139 2961 2195 3006 et
2239 2948 2512 3004 vovebunt
2565 2956 2691 3002 vota
2741 2943 2991 3010 Domino,
3039 2952 3094 3000 et
3143 2944 3391 3003 reddent.
3432 2962 3455 2997 ο

1865 3043 2249 3113 Quamobrem,
2284 3054 2423 3097 cum.
2450 3039 2554 3096 hoc
2581 3039 2737 3109 signo
2766 3051 2888 3095 sese
2916 3037 3128 3093 munire
3168 3036 3463 3094 didicerint

167 3132 724 3204 κατασφραγίζεσθαι
760 3132 1140 3205 μεμαθηκότες
1170 3134 1219 3185 οἰ
1241 3131 1332 3185 τὸν
1357 3132 1561 3203 Κύριον
1584 3147 1760 3203 παρα-

1871 3135 2131 3209 Ᾱίεγριῑί,
2158 3134 2252 3204 qui
2277 3132 2562 3190 Dominum
2600 3140 2973 3201 susceperunt,
3004 3131 3106 3186 hoc
3163 3137 3464 3186 tutamento

164 3223 479 3294 δεδεγμένοι
507 3222 798 3291 Αἰγύπτιοι
832 3223 1188 3295 φυλακτηρίῳ
1217 3222 1394 3293 τούτῳ
1426 3222 1724 3293 κέχρηνται
1744 3240 1757 3251 υ

166 3313 307 3370 ὥστε
337 3316 435 3369 καὶ
465 3316 523 3368 ὲν
554 3318 677 3378 ταῖς
710 3314 951 3386 θλίψεσιν
977 3315 1127 3387 αύτῷ
1162 3315 1375 3387 σημείῳ
1407 3313 1590 3386 βοηθῷ
1617 3313 1763 3387 χρώ--

171 3422 320 3460 «vo:
364 3405 602 3478 ἀνασοᾷν
642 3406 736 3459 καὶ
755 3405 1133 3460 ἐπικαλεῖσθαι
1170 3407 1263 3461 τὸν
1294 3404 1499 3479 Κύριον
1520 3404 1609 3459 διὰ
1634 3405 1764 3471 τοὺς

165 3499 544 3563 διαθλίδοντας
577 3498 794 3563 αὐτούς.
833 3499 993 3563 Τίνες
1012 3498 1067 3552 δὲ
1095 3494 1235 3570 ἦσαν
1257 3493 1420 3563 οὗτοι,
1456 3497 1569 3552 ἀλλ’
1624 3496 1658 3568 ἢ
1711 3497 1763 3551 οἱ

166 3589 566 3659 ἀπομείναναες
593 3592 659 3660 τῇ
688 3589 934 3661 ἀπωλείᾳ.
968 3589 1295 3658 Αἰγύπτιοι,
1345 3590 1472 3662 περὶ
1522 3582 1596 3644 ὧν
1639 3591 1760 3642 κατ’

167 3684 342 3755 ἀρχὰς
385 3682 604 3751 ἐλέγετο
653 3683 752 3753 τῆς
809 3682 1166 3754 προφητείας,
1231 3702 1251 3735 ι
1288 3683 1397 3736 Καὶ
1455 3684 1763 3753 ἐπαναστή-

170 3793 355 3830 σονται
387 3775 678 3845 Αἰγύπτιοι
721 3776 857 3847 πρὸς
917 3776 1269 3845 ⁴Αἰγυπτίους,
1324 3775 1420 3830 καὶ
1463 3776 1760 3848 πολεμήσει

168 3868 462 3935 ἄνθρωπος
490 3867 581 3922 τὸν
610 3867 839 3938 ἀδελφὸν
870 3868 1060 3935 αὑτοῦ,
1094 3868 1246 3933 πόλις
1281 3868 1375 3923 ἐπὶ
1434 3868 1612 3935 πόλιν,
1667 3870 1761 3923 καὶ

168 3963 333 4031 νομὸς
361 3963 458 4015 ἐπὶ
488 3961 671 4033 νομόν.
718 3981 736 4012 ι

242 4075 262 4107 ι
299 4056 416 4109 Καὶ
447 4054 677 4119 πατάξει
704 4054 908 4128 Κύριος
935 4055 1061 4120 τοὺς
1087 4053 1419 4124 Αἰγυπτίους
1454 4053 1637 4125 πληγῇ
1666 4053 1761 4107 καὶ

171 4147 385 4202 ἰάσεται
436 4146 669 4211 αὐτούς·
704 4147 799 4201 καὶ
814 4148 1316 4220 ὲπιστραφήσονται
1349 4148 1488 4219 πρὸς
1531 4146 1759 4218 Κύριον,

170 4240 264 4295 καὶ
286 4238 676 4294 εἰσακούσεται
709 4238 913 4302 αὐτῶν,
949 4239 1043 4293 καὶ
1071 4238 1284 4292 ἰάσεται
1311 4237 1509 4301 αὐτοὺς
1544 4237 1703 4291 ἰάσει.
1734 4255 1754 4289 ι

182 4332 336 4387 ἐπεὶ
366 4332 478 4404 γὰρ
504 4350 522 4382 ι
547 4331 607 4387 ὃν
641 4333 835 4403 ἀγαπᾷ
865 4331 1070 4403 Κύριος
1090 4371 1105 4397 ,
1136 4331 1229 4385 καὶ
1261 4329 1531 4384 παιδεύειο
1569 4346 1761 4401 μαστι-

169 4429 256 4493 γοῖ
276 4426 339 4479 δὲ
391 4424 572 4479 πάντα
603 4425 740 4490 υἱὸν,
775 4426 834 4479 ὂν
880 4424 1281 4497 παραδέχεται·
1310 4441 1329 4474 ι
1377 4422 1602 4485 εἰκότως
1665 4421 1759 4476 καὶ

1866 3239 2125 3296 utentur;
2157 3227 2233 3282 ita
2268 3235 2328 3280 ut
2367 3225 2421 3281 in
2476 3224 2739 3281 aerumnis
2782 3223 2972 3279 eodem
3002 3223 3158 3294 signo
3180 3236 3280 3293 pro
3307 3219 3466 3291 adju-

1867 3332 1986 3377 tore
2033 3318 2137 3385 usi,
2169 3316 2404 3373 clament
2435 3325 2493 3372 et
2545 3317 2803 3372 invocent
2854 3314 3147 3371 Dominum
3201 3313 3465 3370 adversus

1864 3428 1958 3469 eos
2026 3414 2119 3484 qui
2157 3427 2217 3469 se
2273 3409 2600 3481 oppriment.
2650 3408 2882 3475 Quinam
2917 3416 3115 3463 .autem
3163 3404 3241 3461 illi
3280 3416 3461 3469 erant,

1865 3505 1970 3560 nisi
1995 3506 2029 3562 ii
2062 3505 2154 3575 qui
2184 3505 2237 3559 in
2267 3502 2508 3575 pernicie
2534 3509 2856 3557 manserunt
2884 3497 3149 3570 Egyptii,
3170 3497 3237 3553 de
3267 3495 3465 3566 quibus

1864 3597 1918 3652 in
1948 3597 2245 3667 prophetiae
2270 3595 2424 3651 initio
2450 3594 2751 3660 dicebatur,
2773 3609 2792 3643 ι
2817 3590 2888 3646 Ει
2932 3588 3465 3661 ἱιιευτςοηιΛΕεγριὶί

1862 3697 2051 3745 contra
2081 3686 2394 3760 Egyptios.
2412 3696 2467 3742 et
2496 3684 2717 3741 bellabit
2755 3683 2922 3740 homo
2946 3680 3209 3736 adversus
3239 3680 3463 3736 fratrem

1862 3795 2041 3847 suum,
2099 3779 2289 3834 civitas
2319 3777 2582 3833 adversus
2612 3775 2887 3832 civitatem
2907 3815 2922 3841 ,
2946 3781 3010 3860 et.
3044 3786 3241 3829 nomus
3269 3773 3464 3828 adver-

1862 3886 1955 3927 SUS
1981 3885 2223 3927 nomum.
2267 3889 2286 3924 ι

1937 4055 2097 4113 Vsus.
2123 4054 2214 4110 22.
2235 4074 2253 4107 ι
2272 4055 2339 4109 Ει
2370 4052 2639 4124 percutiet
2658 4050 2917 4106 Dominus
2944 4048 3236 4123 Egyptios
3257 4049 3413 4122 plaga
3438 4089 3457 4114 ,

1862 4160 1919 4205 et
1949 4149 2164 4204 sanabit
2203 4160 2319 4202 eos.
2369 4145 2438 4200 Et
2495 4152 2879 4211 convertentur
2925 4142 2995 4197 ad
3047 4140 3360 4207 Dominum,
3403 4152 3461 4197 et

1862 4240 2114 4297 exaudiet
2138 4252 2254 4303 eos,
2287 4244 2343 4292 et
2376 4237 2598 4293 sanabit
2634 4250 2729 4292 eos
2766 4234 3074 4291 sanatione.
3102 4253 3124 4288 ι
3155 4233 3288 4302 Quia
3312 4232 3460 4290 enim

1869 4350 1888 4384 ι
1930 4347 2090 4404 quem
2121 4330 2292 4402 diligit
2320 4329 2484 4395 Deus,
2521 4329 2795 4399 castigat;
2835 4325 3074 4398 ﬁagellat
3117 4337 3300 4382 autem
3339 4339 3462 4381 om-

1863 4441 1990 4482 nem
2022 4425 2214 4489 ﬁlium,
2238 4436 2401 4492 quem
2439 4421 2753 4490 suscipit‘;
2793 4439 2814 4473 ι
2853 4419 2978 4489 jure
3004 4417 3294 4491 Egyptios
3328 4430 3460 4489 per-

168 4518 294 4580 τοῦς
325 4517 661 4585 Αἰγυπτίους
697 4520 966 4571 πατάσσει
990 4515 1240 4585 ἀγαπῶν,
1265 4512 1485 4568 ἐπειδὰν
1515 4515 1573 4568 ἐν
1604 4514 1760 4585 χρείᾳ

1871 4519 2058 4583 cutiet,
2105 4516 2210 4573 etsi
2239 4515 2448 4586 diligat,
2473 4514 2519 4569 si
2548 4513 2769 4585 quando
2826 4512 3187 4582 castigatione
3226 4519 3283 4565 et
3322 4523 3461 4566 con—

171 4606 430 4675 γίνωνται
451 4607 700 4672 παιδείας
734 4608 827 4662 καὶ
854 4606 1213 4680 ἐπιστροφῆς,
1248 4604 1363 4659 ἀλλ’
1408 4606 1507 4658 ούκ
1538 4606 1619 4668 εἰς
1652 4622 1759 4676 μαοο

171 4699 346 4773 κράνυ
407 4698 576 4770 μηδὲν
624 4699 682 4753 δὲ
730 4699 1100 4773 ὑπερθέμενος
1155 4699 1298 4751 ἰᾶται
1355 4700 1421 4769 τῇ
1468 4695 1633 4750 αὐτοῦ
1679 4698 1762 4751 ἰά-

177 4807 276 4844 σει.

246 4903 266 4934 ι
297 4884 380 4955 Τῇ
442 4883 629 4955 ἡμέρᾳ
678 4883 864 4958 ἐκείνῃ
919 4881 1073 4935 ἔσται
1119 4880 1239 4946 ὁδὸς
1284 4880 1561 4950 Αἰγύπτου
1624 4880 1760 4953 πρὸς

184 4974 524 5046 ⁴Ασσυρίους,
556 4975 653 5029 καὶ
692 4973 1094 5029 εἰσελεύσονται
1138 4973 1414 5046 Ἀσσύριοι
1467 4973 1605 5047 πρὸς
1661 4972 1760 5026 Αί-

173 5082 400 5133 γυπτον,
429 5068 525 5121 καλ⁸
551 5067 840 5137 Αἰγύπτιοι
867 5068 1224 5138 πορεύσονται
1247 5065 1385 5137 πρὸς
1421 5065 1761 5137 Ἀσσυρίους,

174 5160 264 5213 καὶ
284 5160 663 5215 δουλεύσουσιν
690 5159 980 5229 Αἰγύπτιοι
1020 5161 1133 5223 τοῖς
1173 5157 1530 5231 Ἀσσυρίοις.»
1570 5158 1762 5210 Ἀσσυ-

176 5250 324 5319 ρίους
348 5251 407 5303 δὲ
438 5251 676 5306 ἐνταῦθα
699 5248 853 5323 οἶμαι
881 5251 1067 5306 καλεῖν
1110 5250 1211 5322 τὴν
1245 5248 1468 5321 Γραφὴν
1487 5250 1616 5314 τοὺς
1649 5250 1748 5304 νῦν

175 5340 548 5412 καλουμένους
571 5341 776 5413 Σύρους
793 5359 808 5373 ·
844 5340 987 5397 κατά
1006 5342 1067 5395 τὸ
1085 5341 1250 5397 πάλαι
1279 5340 1337 5394 δὲ
1358 5341 1409 5393 οἰ
1437 5338 1537 5411 τὴν
1560 5340 1760 5410 Συρίαν

242 5456 261 5488 ¹
296 5453 468 5509 llebr.
502 5471 600 5523 xu,
623 5461 678 5514 6.

244 5565 361 5640 (26)
407 5587 428 5621 ι
479 5569 557 5623 Ita
588 5580 767 5625 autem
803 5588 968 5625 unum
1010 5572 1181 5628 altare
1220 5570 1442 5630 dicitur.
1487 5567 1761 5640 quomodo

178 5638 299 5712 una
335 5640 493 5712 ﬁdes,
518 5652 575 5695 et
623 5655 790 5695 unum
836 5643 1124 5712 baptisma.
1155 5652 1209 5695 et
1254 5655 1381 5712 una
1403 5638 1665 5712 Ecclesia.
1695 5638 1766 5692 Et

182 5709 382 5783 titulus
398 5709 1048 5783 juxtaﬂterminum'ejus
1086 5712 1332 5783 Domino,
1369 5710 1513 5783 haud
1541 5709 1765 5783 dubium

183 5780 311 5848 quin
342 5777 698 5851 Evangelium
714 5792 770 5835 et
792 5777 1162 5851 apostolorum
1194 5781 1397 5854 scripta
1437 5777 1757 5851 signiﬁcet.»

385 5899 668 5961 Ρηιιοι.
713 5898 830 5960 Gtt.
876 5878 1108 5960 XXIV.

1862 4610 2115 4665 versione
2169 4623 2305 4679 opus
2350 4606 2630 4671 habeant;
2670 4606 2764 4661 sed
2812 4604 2866 4660 id
2904 4619 3012 4661 non
3050 4604 3119 4659 ad
3145 4602 3462 4659 diuturnum

1866 4710 2078 4771 tempus
2112 4699 2313 4767 faciet;
2342 4713 2406 4753 ac
2432 4697 2568 4754 nihil
2599 4696 3086 4767 comperendinans
3121 4694 3461 4751 curationem

1865 4802 1922 4848 et
1951 4791 2218 4847 medelam
2248 4791 2550 4846 adhibebit.
3194 4848 3208 4862 .

1938 4882 2105 4939 Vens.
2126 4882 2219 4938 25.
2245 4902 2264 4936 ι
2299 4884 2355 4938 lu
2382 4884 2471 4939 die
2503 4883 2593 4938 illa
2621 4883 2731 4939 erit
2750 4882 2836 4937 via
2859 4880 3080 4954 Egypti
3101 4882 3169 4937 ad
3185 4879 3461 4952 Assyrios,

1868 4984 1925 5030 et
1979 4976 2352 5046 ingrediantur
2394 4975 2603 5047 Assyrii
2640 4977 2694 5030 in
2738 4973 3035 5047 Egyptum
3060 5014 3077 5041 ,
3114 4982 3172 5029 et
3215 4971 3467 5044 Egyptil‘

1869 5065 2027 5123 ibunt
2067 5067 2134 5123 ad
2173 5068 2428 5140 Assyrios
2472 5079 2528 5124 et
2560 5068 2804 5125 servient
2844 5067 3087 5139 Egyptii
3134 5065 3400 5137 Assyriis.
3435 5082 3458 5119 ι

1868 5159 2125 5231 Assyrios
2163 5161 2252 5216 hic
2294 5171 2425 5232 puto
2452 5177 2483 5216 a
2520 5160 2804 5231 Scriptura
2831 5163 3015 5217 vocari
3045 5174 3162 5227 eos,
3195 5158 3289 5229 qui
3317 5172 3466 5214 nunc

1870 5248 1995 5322 Syri
2023 5252 2394 5323 appellantur;
2428 5253 2558 5308 olim
2586 5253 2786 5324 quippe
2812 5253 3021 5324 Assyrii
3048 5248 3466 5317 vocabanturii,

1867 5346 1959 5398 rui
2008 5345 2222 5418 Syriam
2261 5358 2319 5402 et
2354 5345 2803 5403 Mesonotamiam
2861 5346 3194 5403 incolebant.
3249 5343 3464 5401 Inimici

1870 5568 1998 5648 Haec
2042 5567 2439 5648 Hieronymus,
2486 5572 2579 5648 qui
2630 5573 2795 5629 etiam
2834 5573 3062 5632 inferius
3095 5575 3164 5631 de
3205 5572 3363 5648 Syris
3408 5585 3464 5633 et

1873 5640 2143 5712 (Egyptiis
2173 5640 2277 5695 non
2312 5656 2486 5712 pauca
2504 5640 2635 5699 hinc
2666 5655 2966 5702 mutuatur.

1968 5711 2061 5785 27)
2094 5711 2517 5783 Στηλοὴοαφία
2546 5715 2686 5773 alius
2705 5718 2927 5790 γραφεῖ.
2966 5794 2970 5802 ι

1880 5784 1908 5801 ρ
