3862 6210
358 332 462 385 255

1102 329 1368 385 EUSEBII
1410 327 1878 386 C/ES.\RIENSIS
1915 328 2063 383 OPP.
2107 326 2285 381 PARS
2321 326 2409 381 ιιι.
2439 358 2510 368 —~-
2540 326 2955 383 EXEGETICA.

3530 329 3640 388 236

359 464 537 509 autem
573 459 760 507 mutuo
794 458 948 507 erant
985 449 1220 522 {Egyptii
1267 463 1322 506 et
1357 453 1586 523 Assyrii,
1621 467 1684 506 ac
1729 467 1942 520 semper

2050 450 2141 503 καὶ
2172 448 2598 518 Μεσοποταμίαν
2629 447 2906 509 οἰκοῦντες
2951 444 3223 519 Ἀσσύριοι
3252 446 3638 518 ἐχρημάτιζον.

358 555 549 600 mutuo
581 543 786 600 infesti.
823 542 978 598 Nunc
1009 555 1190 597 autem
1225 559 1462 614 praasens
1495 560 1677 599 sermo
1707 561 1952 600 commu-

363 639 582 693 nionem
637 637 768 708 ipsis
815 647 872 692 et
925 637 1360 692 commistionem
1411 638 1764 703 vaticinatur,
1809 637 1956 707 quod

359 744 635 800 nunquam
668 730 803 783 alias
829 729 1029 784 factum
1065 727 1409 782 fuerat.Nam
1446 739 1571 782 ante
1591 727 1958 782 Romanorum

360 821 647 890 imperium
680 821 930 891 proprios
959 835 1114 891 reges
1139 819 1412 876 habebant
1437 817 1682 892 Egyptii
1703 829 1756 875 et
1786 820 1956 892 Assy-

362 910 722 984 rii;Egyplii
775 910 993 982 quidem
1053 907 1410 976 Ptolemaaos,
1441 909 1567 980 Syri
1620 917 1801 964 autem
1846 909 1958 963 An-

363 1009 525 1064 tiochi
565 1018 618 1063 et
653 1006 907 1062 Demetrii
939 1015 1210 1077 posteros,
1249 1007 1300 1061 in
1348 1021 1583 1076 quorum
1622 1004 1802 1060 medio
1845 1005 1954 1062 sita

361 1102 564 1165 Judzea,
593 1117 620 1155 a
651 1101 887 1171 propriis
917 1100 1046 1155 item
1093 1099 1432 1171 principibus
1478 1099 1788 1171 regebatur.
1819 1098 1956 1155 Cum

362 1201 539 1247 autem
563 1191 787 1246 Judaica
821 1205 954 1262 gens
991 1191 1314 1246 intermedia
1349 1199 1515 1255 esset,
1536 1190 1696 1245 modo
1723 1205 1752 1244 a
1779 1189 1958 1262 Syris,

361 1283 521 1336 modo
567 1297 596 1335 a
638 1280 944 1335 Ptolemaeis
997 1279 1138 1334 bello
1199 1280 1581 1349 impetebatur.
1625 1277 1739 1334 Imo
1791 1280 1956 1334 etiam

361 1375 629 1445 Egyptiis
667 1373 876 1428 inimici
927 1370 1052 1442 Syri
1099 1381 1280 1439 erant,
1333 1381 1389 1426 et
1423 1370 1665 1444 Egyptii
1717 1371 1960 1443 Assyriis

361 1471 584 1531 hostes;
615 1466 920 1521 utminime
956 1464 1131 1519 libera
1182 1475 1328 1521 esset
1381 1464 1609 1520 alterius
1664 1465 1847 1534 populi
1890 1463 1958 1518 ad

363 1559 590 1613 alterum
624 1557 910 1628 profectio.
944 1555 1059 1612 Hoc
1087 1568 1244 1628 pacto
1275 1572 1336 1612 se
1365 1572 1454 1613 res
1490 1556 1624 1612 olim
1660 1556 1954 1611 habebant.

359 1650 431 1704 At
480 1658 598 1719 post
659 1649 946 1704 adventum
1013 1649 1226 1704 Domini
1279 1649 1332 1702 in
1387 1647 1719 1720 Egyptum,
1771 1660 1960 1717 pacem

360 1741 862 1811 profundissimam,
894 1758 958 1797 ac
993 1743 1428 1797 communionem
1456 1740 1959 1810 commerciumque

2070 542 2284 614 Ἐχθροὶ
2303 542 2360 596 δὲ
2379 538 2521 612 ἦσαν
2557 541 2846 610 Αἰγύπτιοι
2881 541 2975 593 καὶ
3019 541 3314 612 Ἀσσύριοι,
3356 541 3452 594 καὶ
3483 542 3646 596 πολέ-

2061 652 2172 706 μιοι
2198 634 2468 688 διετέλουν
2497 633 2650 697 ὄντες
2684 634 2750 686 ἐκ
2770 631 2864 686 τοῦ
2900 633 3118 696 παντός.
3151 632 3345 686 Νῦνδέ
3379 635 3410 687 6
3452 634 3650 691 παρὼν

2057 726 2214 794 λόγος
2245 724 2530 780 κοινωνίαν
2559 725 2741 788 αὐτοῖς
2784 724 2876 778 καὶ
2905 721 3186 793 ἐπιμιξίαν
3206 723 3474 788 ϐεστ-ἕξει,
3505 726 3650 796 ὅπερ

2057 819 2177 873 οὐδὲ
2193 819 2379 874 ἄλλοτε
2409 819 2603 888 γέγονέ
2641 834 2791 871 ποτε.
2819 818 2933 888 Πρὸ
2962 817 3072 888 γὰρ
3094 817 3193 888 τῆς
3235 817 3333 871 Ῥιι
3348 818 3524 888 μαίων
3547 819 3650 890 ἁρ-

2057 911 2160 983 χῆς
2197 911 2492 977 ίδιάζοντας
2521 905 2665 981 εἶχον
2717 907 2973 978 βασιλέας
3001 909 3053 962 οἵ
3105 925 3166 962 τε
3217 908 3504 978 Αἰγύπτιοι
3551 909 3658 964 καὶ

2072 1002 2381 1076 Ἀσσύριοι·
2446 1004 2496 1056 οἰ
2552 1001 2840 1071 Αἰγύπτιοι
2903 1001 3003 1073 μὲν
3055 1001 3184 1065 τοὺς
3233 1000 3648 1071 Πτολεμαίους,

2058 1094 2219 1168 Σύροι
2261 1097 2318 1150 δέ
2373 1097 2498 1160 τοὺς
2535 1095 2644 1150 ἀπὸ
2707 1095 2980 1166 Ἀντιόχου
3037 1095 3130 1148 καὶ
3188 1094 3501 1166 Δημητρίου
3530 1087 3650 1150 ’ὧν

2062 1191 2200 1261 μέση
2223 1189 2451 1260 κειμένη
2485 1192 2520 1260 ὴ
2562 1188 2792 1244 Ἰουδαία
2833 1189 2928 1242 καὶ
2960 1187 3110 1251 ἰδίοις
3137 1187 3231 1240 καὶ
3250 1187 3388 1258 αὐτὴ
3417 1187 3649 1258 ἄρχουσι

2059 1282 2409 1353 ἐκυϐερνᾶτο.
2443 1281 2926 1354 Μεσολαϐούμενον
2951 1281 3010 1335 δὲ
3050 1281 3112 1335 τὸ
3154 1279 3421 1334 Ἰουδαίων
3469 1279 3648 1343 ἔθνος,

2058 1373 2190 1426 ποτὲ
2223 1373 2322 1444 μὲν
2362 1372 2466 1427 ὑπὸ
2493 1373 2680 1446 Σύρων
2705 1374 3053 1445 ἐπολεμεῖτο,
3084 1372 3214 1426 ποτὲ
3254 1373 3316 1426 δὲ
3346 1372 3451 1426 ὑπὸ
3509 1373 3651 1426 Πτο-

2060 1467 2319 1538 λεμαίων.
2385 1467 2544 1520 Ἀλλὰ
2574 1468 2669 1521 καὶ
2700 1466 3019 1537 Αἰγυπτίοις
3069 1465 3368 1536 ἐτύγχανον
3399 1467 3450 1519 οἰ
3483 1464 3649 1536 Σύροι

2061 1559 2332 1629 πολέμιοι⁹
2369 1559 2660 1628 Αἰγύπτιοι
2701 1559 2758 1613 δὲ
2800 1561 2912 1622 τοῖς
2957 1558 3266 1630 Ἀσσυρίοις
3304 1558 3647 1628 διεμάχοντο,

2059 1650 2134 1714 ὡς
2165 1651 2370 1722 ἄμικτα
2404 1646 2543 1706 εἶναι
2567 1653 2750 1717 αὐτοῖς
2780 1651 2873 1706 καὶ
2904 1651 3199 1716 ἀδιαϐάτας
3243 1651 3342 1716 τὰς
3391 1651 3526 1722 πρὸς
3550 1650 3651 1704 ἀλ-

2060 1741 2257 1813 λήλους
2288 1743 2534 1816 πορείας.
2566 1743 2802 1798 Τοιαῦτα
2831 1744 2931 1816 μὲν
2962 1739 3055 1797 οῦν
3097 1743 3390 1814 ἐτύγχανον
3430 1743 3498 1796 τὰ
3541 1742 3650 1797 πά-

361 1833 494 1902 ipsis
533 1831 773 1886 futurum
801 1848 1044 1904 praesens
1091 1847 1276 1888 sermo
1305 1833 1654 1902 prrenuntiat.
1693 1830 1786 1884 Ille
1824 1844 1942 1885 verr

2057 1833 2166 1890 λαι.
2209 1815 2371 1889 Μετὰ
2405 1835 2465 1889 δὲ
2513 1837 2614 1908 τὴν
2643 1815 2952 1908 άφιξινντοῦ
2983 1837 3193 1907 Κυρίου
3236 1835 3333 1907 τὴν
3365 1836 3445 1900 εἰς
3475 1835 3646 1905 Λίγυ-

360 1939 474 1991 eos,
508 1924 599 1994 qui
635 1923 760 1978 olim
794 1923 997 1978 inimici
1031 1933 1208 1991 erant,
1239 1924 1410 1995 Syros
1449 1925 1593 1988 dico,
1615 1922 1870 1993 Assyrios
1900 1929 1958 1976 et

359 2015 636 2082 lsraelem,
664 2024 849 2071 mutuo
879 2016 1154 2082 conciliat,
1187 2027 1352 2086 atque
1377 2031 1539 2071 unam
1574 2030 1765 2070 omnes
1787 2029 1818 2068 a
1843 2013 1960 2069 Deo

360 2109 796 2165 benedictionem
826 2119 1147 2182 accepturos
1180 2111 1345 2178 dicit;
1373 2111 1446 2164 ita
1477 2118 1538 2165 ut
1568 2109 1682 2179 jam
1707 2124 1813 2165 non
1841 2123 1956 2163 am-

359 2202 501 2272 plius
535 2201 699 2257 Israel
725 2203 893 2258 altum
919 2203 1119 2272 sapiat,
1158 2212 1416 2274 nequeut
1451 2202 1601 2258 solus
1637 2203 1956 2258 benedictus

359 2302 552 2348 contra
576 2293 712 2349 alios
739 2309 857 2350 sese
877 2295 1126 2351 extollat.
1159 2294 1292 2362 Quis
1320 2309 1450 2366 ergo
1487 2294 1762 2351 Romanos
1794 2308 1956 2350 exer-

359 2389 502 2441 citus
529 2401 596 2442 ex
635 2386 896 2458 Syrorum
929 2389 1122 2443 militia
1167 2389 1362 2444 videns
1391 2387 1768 2459 IEgyptiorum
1795 2387 1951 2457 capi-

360 2481 506 2534 tibus
537 2479 844 2546 imminere,
883 2489 938 2536 et
987 2479 1275 2552 Egyptios
1315 2479 1421 2536 illis
1454 2481 1684 2545 servire,
1716 2481 1954 2551 prophe-

360 2571 450 2625 tize
485 2578 736 2626 eventum
764 2586 867 2626 non
903 2572 1249 2628 admiretur?
1276 2570 1410 2639 Quis
1460 2587 1568 2626 non
1609 2571 1955 2641 Obstupescat

360 2676 592 2717 cernens
637 2661 923 2734 Egyptios
965 2665 1138 2720 libero
1179 2666 1414 2720 transitu
1441 2663 1658 2735 Syriam
1705 2673 1954 2735 petentes

359 2769 424 2808 ac
453 2754 692 2810 vicissim
718 2755 888 2827 Syros
919 2758 1037 2813 sine
1059 2758 1215 2813 obice
1253 2756 1308 2812 in
1347 2756 1644 2829 [Egyptum
1688 2757 1953 2814 acceden-

359 2852 462 2912 tes,
493 2855 657 2916 atque
677 2861 771 2903 eos
790 2849 837 2902 vi
855 2849 1227 2904 dominatricis
1245 2850 1498 2919 potentiae
1525 2849 1773 2904 subditos
1796 2849 1952 2904 esse?

358 2939 622 3010 Quodque
655 2940 895 2995 omnium
927 2941 1398 2996 mirabilissimum
1428 2948 1531 3005 est,
1568 2941 1622 2994 in
1667 2939 1953 3010 prophetia

360 3033 523 3097 dixit,
544 3031 734 3087 eodem
771 3041 1017 3103 tempore
1055 3033 1198 3104 apud
1235 3031 1404 3104 Syros
1434 3043 1489 3088 et
1526 3030 1849 3104 Egyptios,
1885 3047 1952 3089 ac

358 3125 415 3177 in
460 3134 602 3179 terra
628 3124 796 3180 Israel
839 3125 1066 3195 populos
1105 3124 1199 3180 Dei
1241 3126 1383 3192 fore,
1430 3125 1683 3196 ipsosque
1722 3124 1949 3184 benedi-

359 3227 513 3272 ctos:
543 3226 602 3270 ut
630 3215 791 3272 Israel
822 3232 929 3272 non
953 3216 1184 3288 amplius
1209 3215 1422 3272 differat
1446 3216 1515 3272 ab
1539 3214 1815 3286 Egyptio,
1848 3230 1945 3270 ne-

358 3325 464 3378 que
512 3325 540 3364 a
588 3309 770 3380 Syro;
834 3323 1007 3380 neque
1066 3311 1207 3379 apud
1258 3310 1426 3364 Deum
1467 3310 1638 3379 pluris
1677 3308 1942 3364 habeatur

359 3402 553 3472 Syrus,
585 3417 746 3471 quam
781 3401 946 3457 Israel
1003 3401 1088 3456 vel
1142 3400 1467 3472 Egyptius;
1504 3415 1676 3470 neque
1697 3399 1941 3455 vicissim

357 3493 644 3565 Egyptius
681 3495 859 3549 minor
883 3496 955 3550 sit
980 3495 1122 3564 apud
1161 3495 1328 3551 Deum
1359 3492 1558 3549 Israele
1589 3502 1645 3548 et
1674 3493 1832 3566 Syro.

2057 1944 2193 1983 πτον
2231 1931 2454 2002 εἰρήνην
2482 1929 2806 2001 βαθυτάτην,
2842 1931 3127 1996 κοινωνίας
3155 1947 3215 1984 τε
3243 1931 3338 1984 καὶ
3365 1928 3649 2000 ἐπιμιξίας

2012 2063 2028 2076 .
2056 2023 2085 2074 6
2115 2019 2306 2092 παρὼν
2335 2021 2493 2090 λόγος
2517 2023 2702 2088 αὐτοῖς
2735 2022 3161 2093 εὐαγγελίζεται.
3205 2023 3264 2077 '0
3297 2023 3394 2094 μὲν
3437 2021 3504 2092 δὴ
3549 2017 3650 2075 οὖν

2058 2114 2284 2184 συνάγει
2339 2116 2466 2177 τοὺς
2521 2115 2688 2169 πάλαι
2733 2115 2981 2189 ἐχθροὺς,
3035 2116 3180 2186 λέγω
3225 2117 3290 2188 δὴ
3323 2116 3528 2188 Σύρους
3547 2117 3648 2169 καὶ

2056 2206 2394 2276 Αἰγυπτίους
2418 2207 2514 2261 καὶ
2553 2208 2646 2261 τὸν
2683 2209 2929 2280 Ἰσραὴλ,
2967 2211 3098 2280 μιᾶς
3140 2227 3201 2262 τε
3243 2208 3495 2278 εὐλογίας
3541 2207 3647 2278 τῆς

2057 2299 2210 2370 παρὰ
2241 2298 2376 2352 Θεοῦ
2405 2297 2687 2365 τεύξεσθαι
2719 2297 2916 2363 αὐτούς
2946 2314 3109 2369 φησι’
3145 2298 3221 2362 ὡς
3260 2298 3456 2370 μηκέτι
3500 2297 3649 2368 μέγα

2056 2393 2274 2464 φρονεῖν
2298 2391 2388 2445 τὸν
2419 2391 2661 2464 Ἰσραὴλ,
2685 2391 2822 2463 μηδέ
2848 2391 3277 2463 κατεπαίρεσθαι
3297 2391 3404 2445 τῶν
3443 2391 3644 2454 ἄλλων,

2054 2485 2131 2548 ὡς
2161 2483 2320 2555 μόνον
2351 2483 2554 2555 ηὐλογη
2563 2484 2739 2555 μένον.
2759 2483 2854 2548 Τίς
2871 2479 2985 2547 οῦν,
3000 2484 3298 2555 ὀφθαλμοῖς
3321 2483 3464 2556 ὀρῶν
3478 2501 3647 2557 στρα-

2054 2574 2254 2629 τόπεδα
2301 2575 2590 2646 Ῥωμαϊκὰ
2610 2574 2796 2647 Σύρων
2819 2575 3034 2646 ἀνδρῶν
3068 2577 3210 2631 κατὰ
3231 2574 3470 2647 κεφαλῆς
3529 2575 3645 2628 τῶν

2054 2667 2368 2736 Αἰγυπτίων
2397 2667 2772 2738 ἐγκαθήμενα,
2817 2667 3150 2736 Αἰγυπτίους
3173 2683 3234 2720 τε
3258 2665 3468 2730 τούτοις
3518 2665 3646 2720 6co-

2053 2759 2330 2824 λεύοντας,
2369 2761 2471 2813 οὐκ
2515 2759 2584 2814 ἂν
2638 2759 2942 2830 ἐκπλαγείη
3000 2758 3099 2831 τὴν
3143 2758 3244 2829 τῆς
3303 2758 3644 2831 προφητείας

2056 2849 2432 2917 έκϐασινςτίς
2481 2851 2539 2905 δὲ
2592 2851 2654 2905 οὐ
2708 2851 3045 2922 θαυμάσεται
3101 2850 3244 2921 ὁρῶν
3307 2849 3644 2918 Αἰγυπτίους

2053 2942 2224 3008 ἀδεῶς
2248 2942 2341 2997 ἐπὶ
2367 2943 2470 3018 τῂν
2501 2942 2688 3014 Σύρων
2715 2943 3086 3006 διαϐαίνοντας
3115 2942 3320 3014 χώραν,
3347 2942 3550 3015 Σύρους
3577 2960 3642 2997 τε

2052 3033 2345 3099 ἀκωλύτως
2374 3033 2754 3098 ἐπιϐαίνοντας
2793 3036 2906 3098 τοῖς
2948 3035 3286 3103 Αἰγυπτίοις,
3315 3033 3544 3108 δυνάμει
3575 3051 3641 3087 τε

2051 3125 2381 3197 ἀρχοντικῆς
2409 3125 2660 3191 ἐξουσίας
2707 3126 3276 3198 καταδεδουλωμένους
3301 3127 3530 3192 aiat-06c;
3563 3127 3643 3179 Τὸ

2049 3217 2107 3272 δὲ
2135 3217 2391 3272 ἁπάντων
2441 3217 2870 3289 παραδοξότατον
2888 3257 2904 3282 ,
2928 3217 3132 3288 ταύτην
3159 3219 3331 3290 ήρατο
3372 3218 3514 3272 κατὰ
3543 3219 3642 3273 τδν

2049 3311 2212 3365 αὐτὸν
2257 3311 2449 3383 χρόνον
2483 3310 2633 3383 παρὰ
2665 3311 2858 3382 Σύροις
2899 3311 2996 3365 καὶ
3023 3313 3150 3383 παρ’
3183 3311 3500 3380 Αἰγυπτίοις
3541 3313 3642 3365 καὶ

2051 3406 2109 3456 ἐν
2143 3405 2210 3475 τῇ
2236 3406 2308 3476 γῇ
2335 3402 2432 3457 τοῦ
2476 3403 2692 3476 Ἰσραὴλ
2725 3403 2890 3467 λαοὺς
2935 3403 3154 3458 ἔσεσθαι
3204 3401 3286 3474 τῷ
3341 3402 3480 3474 Θεῷ,
3540 3418 3641 3457 και

2051 3494 2273 3559 τούτους
2294 3495 2741 3567 ηύλογημένουςο
2780 3495 2857 3560 ὡς
2911 3496 3048 3568 μηδὲ
3101 3496 3305 3568 μηκέτι
3357 3495 3641 3567 διαφέρειν

355 3589 446 3642 τὸν
488 3589 703 3662 Ἰσραὴλ
729 3590 823 3644 τοῦ
867 3590 1186 3660 Αἰγυπτίου,
1226 3589 1366 3660 μήτε
1411 3588 1506 3643 τοῦ
1547 3588 1743 3662 Σύρου,
1796 3589 1932 3660 μηδέ
1967 3589 2304 3645 διαλλάττειν
2363 3590 2514 3663 παρὰ
2565 3589 2683 3662 Θεῷ
2701 3591 2934 3664 κρείττω
2954 3590 3045 3646 τὸν
3066 3591 3238 3654 Σύρον
3262 3589 3358 3645 τοῦ
3392 3590 3635 3662 Ἰσραὴλ,

361 3682 493 3754 μηδὲ
549 3681 645 3736 τοῦ
676 3681 994 3752 Αἰγυπτίου,
1059 3682 1182 3753 μηδ’
1217 3677 1290 3736 αὖ
1340 3681 1502 3736 πάλιν
1555 3680 1647 3736 τὸν
1685 3680 2002 3752 ,Αἰγύπτιον
2043 3681 2395 3738 ἐλαττοῦσθαι
2448 3683 2600 3755 παρὰ
2659 3683 2779 3755 Θεῷ
2837 3682 2934 3738 τοῦ
3001 3683 3216 3755 Ἰσραὴλ
3261 3683 3296 3754 ἢ
3363 3683 3458 3738 τοῦ
3526 3685 3638 3739 Σύ-

423 3793 474 3828 υ.

423 3793 474 3828 υ.

358 3792 595 3922 ρονειιε.
635 3867 731 3921 24.
779 3887 797 3919 σ
825 3868 884 3922 In
923 3867 1014 3922 die
1066 3868 1158 3922 illa
1205 3867 1313 3922 erit
1346 3867 1512 3922 Israel
1548 3867 1741 3923 tertius
1792 3869 1938 3923 inter

358 3958 663 4029 IEgyptios,
713 3967 764 4013 el
805 3959 947 4012 inter
993 3958 1247 4029 Assyrios
1305 3961 1624 4015 benedictus
1661 3959 1716 4013 in
1765 3968 1934 4024 terra,

357 4062 521 4116 quam
558 4046 836 4102 benedixit
874 4047 1135 4101 Dominus
1163 4046 1423 4111 Sabaoth,
1455 4049 1545 4120 qui
1577 4049 1729 4114 dicit,
1767 4048 1936 4104 Bene-

359 4139 540 4196 dictus
569 4138 802 4208 populus
829 4154 1006 4208 meus,
1025 4141 1118 4210 qui
1159 4143 1320 4196 estin
1338 4142 1668 4214 Egypto,et
1692 4143 1744 4198 in
1761 4145 1934 4216 Assy-

356 4231 480 4297 riis,
526 4241 581 4286 et
619 4231 911 4287 baereditas
959 4247 1079 4288 mea
1129 4233 1319 4289 Israel.
1351 4253 1370 4288 ι
1427 4234 1587 4302 Quod
1613 4236 1659 4291 si
1693 4235 1928 4300 dicatur,

2117 3885 2135 3918 ι
2161 3866 2240 3936 Τῇ
2265 3861 2450 3934 ἡμέρᾳ
2482 3859 2668 3932 ἐκείνῃ
2687 3858 2841 3912 ἔσται
2881 3856 3097 3929 Ἰσραὴλ
3119 3855 3302 3929 τρίτος
3326 3856 3384 3910 ἐν
3402 3858 3514 3920 τοῖς
3543 3857 3636 3910 Αί-

2037 3958 2308 4028 γυπτίοις,
2358 3953 2452 4005 καὶ
2477 3953 2535 4004 ἐν
2578 3953 2690 4014 τοῖς
2727 3950 3033 4021 Ἀσσυρίοις
3062 3947 3434 4019 ηὑλογημένος
3477 3949 3536 4005 ἐν
3565 3950 3633 4018 τῇ

2036 4054 2130 4123 γῇ,
2161 4050 2227 4120 ἢν
2257 4046 2528 4118 ηὐλόγησε
2559 4043 2766 4116 Κύριος
2815 4040 3042 4096 Σαϐαὼθ
3091 4043 3126 4095 6
3147 4041 3318 4109 λέγων
3341 4056 3356 4070 ο
3391 4040 3636 4110 Εὐλογη.

2039 4143 2196 4214 μένος
2219 4143 2249 4193 6
2277 4139 2406 4202 λαός
2438 4155 2538 4209 μου
2577 4137 2606 4189 6
2631 4137 2689 4190 ἐν
2709 4134 2991 4206 Αἰγύπτῳ,
3024 4134 3119 4187 καὶ
3145 4134 3174 4185 6
3198 4135 3256 4188 ἐν
3297 4132 3627 4203 Ἀσσυρίοις,

2034 4233 2128 4288 καὶ
2156 4235 2190 4304 ἡ
2217 4229 2550 4303 κληρονομία
2585 4245 2686 4300 μου
2718 4225 2952 4299 Ἰσραήλ.
2979 4245 2998 4278 ι
3035 4226 3161 4280 Ἐὰν
3181 4225 3238 4278 δὲ
3270 4224 3494 4295 λέγηται
3520 4223 3635 4294 τρί-

356 4325 575 4383 tertium
601 4324 766 4380 Israel
798 4327 946 4382 inter
971 4325 1263 4400 Egyptios
1296 4339 1352 4382 et
1395 4327 1652 4399 Assyrios
1683 4327 1928 4383 futurum

2050 4342 2127 4388 τος
2165 4322 2381 4394 Ἰσραὴλ
2425 4324 2483 4374 ἐν
2531 4323 2643 4383 τοῖς
2686 4317 3008 4387 Αἰγυπτίοις
3039 4317 3135 4370 καὶ
3185 4319 3244 4370 ἐν
3272 4317 3386 4380 τοῖς
3431 4316 3627 4368 Ἀσσυο-

353 4431 496 4483 esse,
536 4416 884 4473 benedictum
929 4416 984 4470 in
1037 4427 1205 4484 terra,
1237 4433 1399 4488 quam
1434 4418 1716 4474 benedixit
1751 4417 1935 4474 Domi-

352 4524 459 4563 nus
505 4507 864 4574 exercituum,
891 4522 961 4563 ne
1000 4507 1164 4562 aliam
1190 4517 1444 4578 putemus
1477 4522 1600 4563 esse
1633 4515 1836 4562 terram
1864 4508 1934 4562 ab

352 4599 599 4655 Ecclesia
656 4598 774 4655 Dei.
824 4597 932 4654 Per
983 4598 1154 4656 Israel
1199 4607 1382 4651 autem
1434 4596 1664 4667 intelligi
1724 4607 1929 4668 potest,

351 4694 558 4748 chorus
585 4693 765 4748 omnis
795 4702 1114 4749 sanctorum
1146 4691 1635 4764 religiosorumque
1663 4690 1925 4754 virorum,

351 4787 445 4858 qui
475 4801 542 4841 ex
575 4783 800 4842 Judaica
824 4796 986 4857 gente
1012 4786 1259 4843 defuncti
1288 4793 1434 4840 sunt.
1479 4784 1824 4855 Quapropter
1843 4784 1929 4838 di-

350 4882 514 4944 citur,
563 4898 582 4932 ι
612 4879 678 4934 Et
710 4880 999 4936 hareditas
1034 4894 1154 4934 mea
1194 4877 1388 4934 Israel.
1419 4877 1556 4932 Nam
1585 4876 1806 4948 quando
1847 4876 1930 4930 di-

348 4972 573 5027 videbat
599 4971 921 5028 Altissimus
958 4981 1177 5042 gentes,
1228 4970 1371 5025 facta
1407 4981 1494 5026 est
1546 4985 1672 5040 pars
1715 4969 1929 5024 Domini

349 5060 582 5130 populus
611 5060 730 5128 ejus
772 5060 965 5136 Iacob,
1013 5060 1290 5116 funiculus
1323 5059 1662 5114 haereditatis
1694 5057 1815 5127 ejus
1852 5058 1930 5112 Is-

349 5151 462 5206 rael
487 5155 565 5207 ³.»
594 5151 745 5206 Nunc
767 5161 948 5207 autem
976 5151 1220 5224 IEgyptii
1255 5152 1488 5222 populus
1516 5151 1655 5220 ejus,
1685 5158 1739 5204 et
1763 5164 1928 5218 popu-

352 5241 436 5296 lus
467 5244 586 5313 ejus
617 5242 955 5309 benedictus,
990 5253 1291 5306 vocantur;
1323 5251 1378 5296 et
1404 5240 1616 5312 Assyrii
1645 5238 1919 5292 similiter.

349 5331 484 5387 Illud
509 5345 711 5400 autem,
760 5331 858 5387 «In
908 5343 1078 5400 terra,
1139 5349 1302 5404 quam
1357 5331 1640 5389 benedixit
1665 5329 1930 5384 Dominus

350 5421 616 5489 Sabaoth,
656 5445 675 5478 ι
717 5427 785 5479 ad
828 5425 1109 5481 caelestem
1143 5439 1359 5495 quoque
1398 5432 1600 5479 terram
1631 5419 1922 5482 referatur,

347 5518 416 5571 de
455 5532 561 5586 qua
595 5517 729 5572 dicit
754 5517 1030 5588 Salvator,
1077 5537 1095 5570 ι
1133 5517 1284 5574 Beati
1319 5517 1499 5582 mites,
1519 5513 1790 5583 quoniam.
1819 5511 1920 5580 ipsi

421 5733 440 5761 '
473 5733 622 5786 Deut.
658 5748 831 5797 xxxu,
864 5735 916 5784 8.

2041 4417 2174 4487 ρίοις
2203 4412 2442 4477 ἔσεσθαι,
2462 4410 2824 4482 εὐλογημένος
2855 4410 2912 4464 ἐν
2941 4411 3007 4480 τῇ
3037 4411 3110 4479 γῇ
3135 4408 3201 4478 ἢν
3225 4406 3484 4477 εὐλόγησε
3507 4403 3628 4459 Κύ-

2042 4523 2152 4579 ριος
2181 4503 2430 4568 Σαδαὼθ,
2465 4503 2540 4574 μὴ
2562 4501 2754 4572 ἑτέραν
2780 4498 3087 4571 νομίζωμεν
3117 4492 3258 4551 εἶναι
3277 4497 3379 4570 τὴν
3402 4496 3506 4566 γῆν
3525 4496 3631 4567 τῆς

2051 4597 2377 4668 Ἐκκλησίας
2412 4595 2505 4649 τοῦ
2542 4593 2699 4650 Θεοῦ.
2768 4591 2982 4664 Ἰσραὴλ
3011 4591 3069 4644 δὲ
3109 4589 3345 4643 νοεῖσθαι
3399 4587 3628 4643 δύναται

2039 4691 2134 4745 καὶ
2154 4690 2264 4753 πᾶς
2289 4691 2318 4742 ὁ
2364 4688 2522 4759 χορὸς
2553 4685 2661 4739 τῶν
2690 4685 2860 4753 ἁγίων
2903 4683 2999 4736 καὶ
3030 4679 3290 4751 θεοφιλῶν
3317 4679 3530 4752 ἀνδρῶν
3558 4681 3629 4733 ἐκ

2032 4782 2125 4837 τοῦ
2161 4781 2428 4836 Ἰουδαίων
2458 4778 2644 4842 ἔθνους
2672 4773 3178 4847 προεξεληλυθότων
3220 4772 3314 4826 τοῦ
3357 4772 3494 4844 βίου.
3529 4773 3628 4825 Διὸ

2032 4873 2283 4927 λέλεκται
2302 4888 2314 4900 ·
2354 4889 2372 4921 ι
2396 4870 2506 4925 Καὶ
2525 4870 2559 4940 ἡ
2587 4865 2920 4939 κληρονομία
2946 4881 3047 4936 μου
3087 4865 3328 4935 Ἰσραήλ.
3361 4864 3493 4916 Ὅτε
3511 4863 3626 4935 γὰρ

2032 4962 2338 5036 διεμέριζεν
2365 4964 2394 5015 6
2430 4961 2690 5030 Ὕψιστος
2735 4957 2884 5028 ἔθνη,
2920 4955 3150 5027 ἐγενήθη
3202 4972 3360 5027 μερις
3410 4955 3624 5026 Κυρίου

2033 5057 2161 5118 λαὸς
2215 5053 2380 5114 αὐτοῦ
2444 5049 2658 5117 Ἰακὼϐ,
2712 5050 2996 5120 σχοίνισμα
3046 5045 3410 5118 κληρονομίας
3455 5044 3625 5098 αὑτοῦ

2044 5144 2281 5216 Ἰσραήλ.
2313 5162 2332 5196 ι
2363 5141 2480 5198 Νῦν
2503 5143 2561 5195 δέ
2591 5141 2684 5194 καὶ
2705 5131 2990 5208 Αἰγύπτιοι
3024 5137 3152 5200 λαὸς
3183 5135 3348 5190 αὐτοῦ
3379 5136 3624 5206 εἴρηται,

2033 5237 2128 5288 καὶ
2159 5235 2286 5299 λαὸς
2319 5232 2484 5288 αὐτοῦ
2523 5232 2906 5304 εὐλογημένος,
2953 5229 3048 5283 καὶ
3083 5227 3355 5298 Ἀσσύριοι
3396 5227 3621 5297 ὁμοίως.

2031 5326 2106 5379 T6
2129 5325 2208 5391 δὲ,
2243 5345 2262 5377 ι
2284 5327 2372 5379 Ἐν
2403 5327 2468 5396 τῇ
2503 5328 2573 5396 γῇ
2602 5325 2670 5394 ἢν
2699 5323 2971 5394 ηὐλόγησε
3001 5320 3203 5392 Κύριος
3238 5318 3486 5383 Σαϐαὼθ,
3512 5339 3532 5372 ι
3564 5321 3622 5372 έ-

2031 5436 2116 5489 χοι
2142 5418 2207 5472 ἂν
2231 5417 2328 5489 τὴν
2362 5417 2642 5487 ἀναφορὰν
2681 5417 2782 5470 καὶ
2825 5416 2918 5468 ἐπὶ
2951 5415 3049 5486 τὴν
3095 5413 3437 5484 ἐπουράνιον,
3492 5414 3622 5481 περὶ

2029 5508 2098 5584 ἧς
2129 5529 2292 5582 φησιν
2319 5513 2347 5565 6
2379 5511 2598 5582 Σωτήρ·
2635 5530 2652 5561 ι
2677 5509 2951 5580 Μακάριοι
3009 5508 3058 5561 οἰ
3093 5509 3309 5579 πραεῖς,
3337 5505 3420 5558 ὅτι
3463 5503 3623 5556 αὐτοὶ
