3862 6210
379 355 491 419 959

1089 358 1362 415 EUSEBII
1404 359 1881 416 ΟᾸΞδΑΡιΙΕΝΞΙΞ
1917 360 1949 417 C

2061 404 2066 412 .
2110 360 2292 416 PARS
2331 363 2420 417 ΙΙΙ.
2466 395 2532 403 ——
2573 362 2986 419 EXEGETICA.

3558 365 3667 418 2&0

381 489 565 544 ventu,
601 489 657 535 et
689 480 754 534 de
781 479 939 534 bonis
971 477 1171 533 ibidem
1205 480 1257 532 in
1294 478 1584 550 Egyptios
1611 480 1949 534 conferendis

2068 479 2292 550 Πνεῦμα
2318 481 2417 551 τῆς
2453 483 2578 542 περὶ
2607 479 2699 532 τοῦ
2731 480 2939 552 Κυρίου
2973 481 3051 542 εἰς
3099 478 3371 547 Αἴγυπτον
3401 478 3662 548 ἀφίξεως,

381 575 733 637 vaticinatus,
762 589 824 626 ea
857 588 976 642 qua:
1015 588 1137 627 mox
1169 573 1328 626 finem
1371 582 1597 626 nactura
1631 584 1790 626 erant
1831 573 1962 627 sub-

382 667 538 729 didit,
597 674 655 720 ut
701 681 730 716 a
784 666 1133 733 prmsentium
1166 673 1364 718 eventu
1405 680 1488 726 ea,
1533 680 1654 734 quae
1705 665 1963 718 diuturno

381 771 503 829 post
532 771 778 830 tempore
805 758 983 812 futura
1025 768 1206 823 erant,
1235 758 1518 812 credibilia
1546 766 1732 812 essent
1767 759 1835 812 iis
1868 759 1960 824 qui

381 860 511 904 tunc
537 849 976 920 propheticorum
1001 863 1311 902 sermonum
1329 849 1606 902 auditores
1628 858 1804 904 erant.
1838 847 1963 903 Haec

380 955 510 1011 ergo
535 939 790 1010 quaejam
824 949 1142 1002 tractamus,
1174 954 1278 992 non
1328 950 1486 994 erant
1536 948 1662 993 ante
1709 955 1962 1009 praenun-

380 1034 530 1088 tiatis
551 1031 862 1087 contraria:
891 1030 981 1084 illa
1014 1032 1216 1100 quippe
1246 1046 1344 1100 pro
1371 1032 1708 1102 temporibus
1743 1033 1798 1085 in
1837 1047 1962 1103 pro~

377 1127 560 1196 phetia
591 1127 828 1190 notatis;
871 1125 987 1180 ham
1034 1139 1164 1178 vero
1199 1139 1298 1194 pro
1337 1123 1498 1180 rebus
1536 1139 1658 1180 mox
1707 1125 1960 1196 gerendis

379 1217 720 1274 enuntiabat.

449 1399 618 1456 Vens.
650 1398 705 1452 5.
752 1417 769 1449 ι
797 1397 860 1451 Et
893 1397 1300 1451 confundentur
1329 1399 1570 1468 superati
1605 1396 1846 1469 Egyptii
1891 1396 1960 1451 ab

377 1493 748 1564 Aﬂthiopibus,
788 1491 842 1545 in
869 1491 1066 1558 quibus
1096 1492 1444 1546 confidebant
1485 1491 1764 1564 Egyptii:
1800 1499 1959 1546 erant

375 1585 520 1640 enim
561 1582 694 1654 ipsis
721 1583 914 1653 gloria.
940 1601 960 1636 ι
1009 1583 1411 1638 Erubescentes
1453 1583 1668 1639 scilicet
1710 1583 1776 1639 de
1807 1584 1872 1639 iis
1903 1584 1956 1637 in

375 1679 573 1748 quibus
595 1677 978 1741 confidebant;
1023 1677 1096 1729 ita
1132 1687 1191 1731 ut
1225 1693 1348 1732 sese
1388 1677 1489 1747 ipsi
1535 1678 1862 1733 damnarent
1900 1688 1958 1733 et

375 1777 686 1838 arguerent.

417 1862 610 1916 "V'Ens.
645 1859 696 1914 6.
739 1877 756 1909 ι
782 1859 846 1914 Et
871 1859 1054 1914 dicent
1079 1860 1169 1928 qui
1206 1860 1452 1914 habitant
1505 1861 1558 1914 in
1606 1861 1783 1916 insula
1828 1861 1954 1926 hac,
1989 1848 2033 1904 Β

372 1953 513 2006 Ecce
563 1967 663 2008 nos
710 1950 1142 2015 eonfidebamus,
1208 1962 1262 2004 ut
1315 1952 1379 2006 ad
1432 1965 1623 2006 eorum
1685 1951 1953 2006 auxilium

373 2045 813 2114 eonfugeremus,
875 2045 966 2114 qui
1009 2037 1116 2098 nun
1169 2052 1467 2114 potuerunt
1507 2044 1715 2099 servari
1769 2059 1800 2098 a
1829 2058 1957 2114 rege

371 2137 741 2208 Assyriorum,
773 2147 828 2191 et
849 2136 1119 2205 quomodo
1145 2151 1242 2189 nos
1277 2135 1656 2189 servabimur?
1681 2154 1700 2187 ›

959 2227 1186 2283 CAPUT
1227 2227 1370 2282 XXI.

409 2321 773 2385 'Vsns.l,2.
831 2338 850 2371 ι
884 2321 1032 2375 Visio
1083 2321 1304 2375 deserti.
1354 2319 1510 2374 Sicut
1563 2318 1802 2388 procella
1859 2334 1954 2391 per

371 2417 648 2471 desertum
690 2415 910 2476 transit,
946 2426 1013 2466 ex
1039 2413 1256 2465 deserto
1291 2410 1522 2465 veniens
1552 2425 1580 2463 a
1611 2421 1755 2465 terra
1792 2427 1806 2463 :
1843 2419 1956 2464 ter-

370 2507 547 2564 ribilis
571 2507 709 2562 visio
745 2515 799 2560 et
839 2505 996 2567 dura,
1031 2504 1341 2557 renuntiata
1380 2512 1464 2556 est
1497 2502 1651 2556 mihi.
1695 2503 1953 2558 Contem-

344 2611 494 2674 ptor
523 2597 843 2659 contemnit,
877 2605 932 2650 et
972 2595 1188 2664 iniquus
1221 2595 1406 2664 inique
1433 2595 1562 2662 agit.
1605 2595 1685 2649 Ad
1713 2609 1800 2649 me
1827 2594 1949 2649 Ela-

338 2714 340 2716 ν
371 2693 538 2756 mitte,
568 2701 624 2745 et
659 2689 818 2759 legati
865 2689 1155 2742 Persarum
1201 2687 1266 2740 ad
1315 2702 1405 2740 me
1445 2687 1685 2741 veniunt.
1718 2705 1736 2739 ι
1768 2686 1952 2743 Persae

371 2786 554 2855 itaque
579 2799 687 2837 non
723 2782 812 2836 diu
842 2791 1027 2850 postea
1062 2779 1339 2834 Medorum
1366 2780 1652 2849 imperium
1686 2781 1952 2850 excipien-

371 2888 474 2941 tes,
512 2875 801 2946 Babylonis
845 2873 1107 2943 reliquias
1137 2880 1468 2926 everterunt.
1496 2870 1626 2925 Jure
1673 2872 1841 2942 igitur
1879 2887 1953 2927 te-

370 2967 533 3020 stimo
563 2966 680 3020 haec
719 2965 933 3019 hostilia
963 2964 1102 3017 facta
1137 2963 1203 3016 de
1229 2962 1506 3034 Babylone
1533 2963 1659 3018 dici.
1685 2963 1824 3031 Quid
1846 2965 1949 3020 sibi

368 3057 485 3110 vult
520 3066 699 3110 autem
732 3071 854 3109 eum
880 3055 978 3117 ait,
1017 3074 1034 3105 ‹
1062 3053 1213 3109 Visio
1238 3053 1482 3108 deserti?
1514 3073 1532 3106 ι
1587 3054 1708 3108 Jam
1753 3055 1949 3110 exhinc

369 3144 700 3213 Babylonem
727 3152 884 3198 vocat
915 3144 1215 3208 desertum,
1266 3152 1491 3212 propter
1520 3157 1583 3198 ea
1611 3158 1731 3212 quae
1761 3144 1828 3198 de
1857 3160 1950 3198 va-

368 3237 554 3291 stitate
603 3235 720 3303 ejus
759 3235 812 3288 in
857 3233 1142 3303 prophetia
1193 3231 1462 3287 feruntur.
1512 3234 1696 3300 Quare
1719 3250 1792 3289 ex
1828 3251 1945 3304 per-

368 3342 501 3382 sana
549 3326 717 3396 ipsius
757 3323 1054 3394 Babylonis
1105 3323 1219 3377 hate
1263 3323 1409 3378 dicta
1459 3324 1628 3380 fuisse
1685 3325 1946 3390 arbitror,

367 3419 522 3490 quasi
563 3417 724 3481 mala,
759 3431 880 3486 qua:
902 3424 1163 3469 eventura
1193 3415 1296 3469 sibi
1327 3425 1482 3470 erant
1523 3416 1744 3472 auribus
1784 3433 1946 3473 acce-

368 3513 556 3582 pisset,
587 3525 649 3564 ac
680 3517 1020 3579 precaretur,
1054 3516 1112 3560 ut
1137 3507 1332 3560 horum
1370 3507 1622 3561 auditus’
1642 3509 1948 3576 pertransi-

369 3614 473 3670 ret,
513 3613 679 3673 utque
711 3618 796 3665 ea,
839 3616 959 3671 quae
991 3601 1449 3668 exspectabantur
1480 3616 1584 3654 non
1614 3603 1943 3657 acciderent.

443 3697 604 3750 Vsus.
631 3695 683 3749 5.
721 3712 739 3744 ι
776 3692 930 3747 Nunc
959 3691 1155 3759 lugebo
1196 3701 1252 3745 et
1280 3692 1609 3746 consolabor
1659 3708 1762 3747 me.
1806 3693 1946 3747 Pro-

367 3786 824 3859 ptereaimpletus
847 3792 930 3839 est
962 3783 1176 3838 lumbus
1211 3797 1362 3837 meus
1384 3783 1674 3848 solutione,
1711 3792 1767 3837 et
1792 3784 1946 3840 dolo-

367 3897 456 3936 res
491 3880 805 3932 invaserunt
835 3892 919 3931 me
941 3885 1197 3945 tanquam
1226 3877 1642 3944 parturientem.
1670 3876 1690 3928 δ
1716 3876 1940 3943 Verum,

368 3981 554 4038 utpar
584 3978 683 4032 est,
715 3983 857 4020 nune
895 3965 1112 4036 lugebo,
1155 3968 1300 4036 quod
1335 3981 1438 4021 non
1474 3975 1639 4021 antea
1682 3966 1939 4034 feceram,

368 4060 494 4131 quia
524 4060 752 4129 superba
781 4071 953 4123 eram,
983 4065 1039 4111 et
1072 4058 1336 4110 adversus
1376 4057 1616 4125 reliquas
1639 4068 1827 4127 gentes
1857 4073 1941 4112 me

370 4149 698 4206 extollebant
729 4186 743 4211 ,
783 4148 856 4201 ita
899 4157 962 4202 ut
1007 4148 1129 4202 aliis
1162 4162 1334 4202 essem
1370 4147 1545 4201 luctus
1576 4163 1762 4203 causa.
1788 4147 1943 4203 Nune

367 4257 499 4297 vero
526 4256 624 4312 ego
651 4243 762 4310 ipsa
794 4239 1053 4310 Babylon,
1093 4255 1215 4294 cum
1264 4240 1462 4309 populo
1493 4255 1612 4294 meo
1642 4240 1857 4311 lugebo,
1890 4251 1946 4296 et

364 4338 514 4392 luctu
570 4350 656 4392 me
697 4333 1058 4396 consolabor;
1092 4334 1220 4403 quia
1260 4348 1346 4387 me
1394 4348 1580 4388 rerum
1631 4334 1942 4401 hujusmudi

363 4428 614 4484 nuntium
641 4425 900 4497 perculit:
947 4425 1101 4494 cujus
1131 4439 1295 4479 causa
1332 4424 1574 4494 repletus
1613 4435 1696 4479 est
1728 4425 1943 4480 lumbus

2067 575 2160 626 καὶ
2195 573 2322 644 περὶ
2363 573 2471 624 τῶν
2510 573 2596 625 ἐπ’
2629 574 2765 643 αὐτῇ
2797 571 3177 642 γενησομένων
3200 573 3311 634 τοῖς
3345 571 3666 640 Αἰγυπτίοις

2065 665 2284 735 ἀγαθῶν
2319 665 2605 730 θεσπίσαν,
2645 666 2712 719 τά
2768 665 3111 738 παραχρῆμα
3168 664 3427 735 μέλλοντα
3470 666 3664 732 τέλους

2064 759 2353 828 τυγχάνειν
2390 757 2627 827 συνῆψεν
2652 775 2664 786 ·
2713 759 2800 811 ἵνα
2833 757 2941 810 ἀπὸ
2973 758 3072 828 τῆς
3109 757 3219 810 τῶν
3246 757 3530 830 παρόντων
3569 759 3664 812 ὲκ-

2065 852 2276 916 ϐἀσεως
2305 853 2397 904 καὶ
2427 852 2494 904 τὰ
2531 853 2764 923 μακροῖς
2797 850 3022 922 ὕστερον
3055 850 3267 920 χρόνοις
3302 850 3563 920 μέλλοντα
3585 851 3663 918 γί-

2062 942 2250 997 νεσθαι
2287 940 2600 1012 πιστευθείη
2635 943 2747 1004 τοῖς
2781 941 2903 993 τότε
2931 938 3236 1010 τηνικαῦτα
3261 939 3368 993 τῶν
3393 957 3661 1012 προφητι-

2064 1034 2175 1088 κῶν
2199 1035 2373 1104 λόγων
2405 1033 2756 1088 ἐπακούουσι.
2794 1034 2909 1086 Οὐκ
2950 1027 3019 1104 ἦν
3046 1028 3139 1086 οῦν
3165 1031 3382 1086 ἐναντία
3422 1033 3494 1085 τὰ
3523 1051 3658 1102 προ-

2063 1127 2291 1198 κείμενα
2312 1127 2421 1180 τῶν
2440 1125 2529 1180 διὰ
2556 1126 2664 1179 τῶν
2687 1124 2996 1197 ἔμπροσθεν
3020 1124 3510 1196 προφητευομένων
3534 1141 3548 1155 ο
3586 1126 3660 1178 τὰ

2065 1221 2164 1292 μὲν
2211 1219 2320 1290 γὰρ
2351 1221 2431 1282 εἰς
2460 1221 2585 1283 τοὺς
2635 1218 3151 1289 προφητευομένους
3203 1217 3429 1288 χρόνους
3449 1235 3464 1246 ⁸
3497 1217 3566 1270 τὰ
3597 1219 3658 1271 δὲ

2062 1314 2316 1385 περὶτῶν
2346 1313 2572 1381 ἔγγιστα
2601 1314 2983 1384 γενησομένων
3015 1311 3282 1381 ἀνεφώνει

2103 1424 2156 1480 ,ι
2185 1405 2296 1459 Καὶ
2343 1404 2863 1476 ἀναισχυνθήσονται
2902 1405 3228 1476 ἡττηθέντες
3270 1406 3320 1456 οἱ
3367 1405 3656 1474 Αἰγύπτιοι

2060 1500 2152 1552 ἐπὶ
2183 1501 2295 1563 τοῖς
2326 1498 2592 1568 Αἰθίοψιν,
2622 1499 2708 1567 ἐφ’
2747 1493 2828 1561 οἷς
2872 1493 3012 1570 ἦσαν
3047 1497 3365 1562 πεποιθότες
3405 1500 3454 1551 οἱ
3489 1498 3660 1566 Αἰγύ-

2060 1607 2205 1644 πτιοι
2225 1607 2238 1620 ·
2283 1585 2421 1661 ἦσαν
2450 1589 2559 1660 γάρ
2589 1589 2772 1652 αὐτοῖς
2803 1588 2928 1656 δόξα
2952 1606 2964 1620 ο
2990 1609 3009 1640 ι
3067 1588 3426 1660 ἐρυθριῶντες
3461 1591 3545 1657 ἐφ’
3570 1585 3656 1652 οἷς

2058 1683 2322 1754 ἐθάρσουν
2354 1681 2448 1735 καὶ
2490 1679 2904 1734 ἐπεποίθεισαψ
2958 1679 3034 1744 ὡς
3080 1679 3510 1748 καταγινώσκειν
3552 1683 3653 1734 καὶ

2063 1772 2376 1844 μέμφεσθαι
2408 1773 2604 1836 αὐτοὺς
2630 1771 2876 1835 ἐαυτούς.

2140 1884 2158 1916 ι
2187 1865 2295 1918 Καὶ
2320 1863 2536 1936 ἐροῦσιν
2566 1866 2615 1917 οἱ
2665 1861 3047 1926 κατοικοῦντες
3086 1865 3144 1916 ἐν
3163 1864 3230 1934 τῇ
3259 1864 3407 1934 νήσῳ
3433 1863 3607 1937 ταύτῃ
3633 1881 3647 1894 ’

2081 1957 2213 2010 Ἰδοὺ
2244 1960 2407 2029 ἡμεῖς
2439 1952 2582 2028 ἦμεν
2614 1956 2934 2020 πεποιθότες
2980 1955 3076 2009 τοῦ
3106 1959 3298 2025 φυγεῖν
3340 1958 3419 2018 είς
3451 1959 3652 2020 αὐτοὺς

2059 2053 2138 2113 είς
2167 2051 2442 2122 βοήθειαν,
2469 2051 2518 2104 οἳ
2549 2051 2648 2104 οὐκ
2674 2050 2934 2122 ἠδύναντο
2969 2049 3203 2121 σωθῆναι
3247 2050 3355 2102 ἀπὸ
3382 2049 3651 2120 βασιλέως

2071 2143 2368 2216 Ἀσσυρίων
2391 2161 2404 2174 °
2433 2144 2526 2199 καὶ
2562 2144 2676 2208 πῶς
2700 2139 2863 2215 ἡμεῖς
2896 2142 3258 2227 σωθησόμεθα
3284 2160 3297 2207 ;
3325 2163 3342 2194 ι

2571 2234 2968 2291 ΚΕΦΑΛΑΙΟΝ
2999 2238 3128 2290 KA'.

2137 2346 2155 2379 ι
2181 2329 2251 2381 Τὸ
2305 2330 2489 2402 ὅραμα
2515 2329 2612 2401 τῆς
2657 2330 2883 2401 ἐρήμου.
2936 2328 3023 2392 Ὠς
3047 2327 3300 2395 καταιγὶς
3343 2326 3409 2380 δι’
3438 2327 3652 2397 ἐρήμου

2056 2412 2272 2486 διέλθοι,
2306 2419 2365 2486 ἐξ
2393 2421 2600 2493 ἐρήμου
2630 2419 2897 2492 ἐρχομένη
2928 2421 2992 2473 ἐκ
3016 2420 3120 2490 γῆς
3140 2433 3156 2449 ⁸
3189 2418 3416 2489 φοϐερὸν
3439 2419 3499 2470 τὸ
3517 2420 3649 2488 ὅρα.-

2059 2532 2157 2585 μα,
2192 2515 2287 2568 καὶ
2315 2515 2550 2586 σκληρὸν
2583 2513 2856 2584 ἀνηγγέλη
2893 2531 3002 2585 μοι.
3047 2513 3106 2565 Ὁ
3136 2511 3343 2566 ἀθετῶν
3392 2509 3593 2577 ἀθετεῖ,
3618 2513 3652 2564 ὁ

2055 2604 2275 2675 ἀνομῶν
2305 2605 2519 2675 ἀνομεῖ.
2584 2603 2701 2656 Ἐπ’
2733 2604 2855 2673 ἐμοὶ
2911 2602 2962 2654 οἱ
2998 2601 3280 2672 Ἑλαμῖται
3308 2600 3402 2654 καὶ
3428 2601 3478 2653 οἱ
3513 2600 3650 2671 πρέ-

2057 2697 2206 2759 σϐεις
2236 2695 2344 2748 τῶν
2378 2693 2603 2766 Περσῶν
2645 2693 2731 2746 ἐπ’
2765 2693 2863 2764 ἐμὲ
2898 2693 3166 2764 ἔρχονται.
3197 2712 3218 2744 ι
3255 2693 3463 2765 Πέρσαι
3491 2693 3646 2761 γοῦν,

2053 2788 2272 2860 Μήδους
2291 2789 2392 2842 οὐκ
2425 2789 2502 2852 είς
2533 2787 2750 2858 μακρὰν
2789 2785 3181 2858 διαδεξάμενοι,
3205 2786 3274 2839 τὰ
3297 2786 3522 2855 λείψανα
3546 2787 3650 2857 τῆς

2054 2880 2373 2944 Βαϐυλῶνος
2408 2879 2677 2941 καθεῖλον.
2705 2878 2943 2942 Εἰκότως
2970 2873 3062 2932 οῦν
3085 2878 3212 2949 περὶ
3237 2877 3555 2941 Βαϐυλῶνος
3573 2879 3646 2931 τὰ

2053 2973 2326 3045 πολεμικά
2356 2971 2606 3044 εἰρῆσθαι
2639 2970 2898 3043 ἡγοῦμαι.
2929 2971 2994 3024 Τί
3027 2970 3084 3023 δὲ
3143 2969 3389 3041 βούλεται
3431 2969 3459 3021 ὁ
3485 2969 3647 3037 λόγος

2053 3067 2302 3137 φάσκων,
2340 3085 2358 3118 ι
2381 3065 2454 3119 Τὸ
2500 3065 2682 3135 ὅραμα
2733 3063 2836 3133 τ’ἧς
2885 3064 3092 3135 ἐρήμου
3118 3080 3132 3128 ;
3162 3083 3180 3114 ι
3232 3060 3512 3116 Ἐντεῦθεν
3538 3061 3643 3132 ήδη

2053 3158 2348 3211 Βαϐυλῶνα
2391 3157 2595 3228 ἔρημον
2627 3154 2880 3226 ὀνομάζει
2909 3155 2998 3208 διά
3027 3156 3096 3208 τὰ
3123 3154 3483 3208 θεσπισθέντα
3511 3154 3645 3226 περὶ

2051 3251 2153 3322 τῆς
2185 3251 2420 3323 ἐρημίας
2448 3249 2638 3320 αὐτῆς.
2670 3247 2760 3301 Διὸ
2787 3249 2851 3301 ἐκ
2887 3247 3178 3319 προσώπου
3203 3248 3304 3318 τῆς
3325 3246 3644 3309 Βαϐυλῶνος

2051 3343 2221 3412 αὐτῆς
2249 3339 2400 3414 οἶμαι
2426 3340 2600 3395 ταῦτα
2626 3340 2898 3408 λέγεσθαι,
2929 3340 3006 3404 ὡς
3028 3341 3108 3404 είς
3130 3341 3298 3412 ἀκοὴν
3337 3337 3644 3410 παραδεξα-

2055 3436 2222 3506 μένης
2242 3437 2309 3488 τὰ
2341 3435 2602 3506 μέλλοντα
2627 3433 2764 3504 αὑτῇ
2794 3433 3004 3486 ἐπιέναι
3037 3432 3202 3497 κακὰ,
3239 3431 3538 3502 εὐχομένης
3579 3447 3643 3483 τε

2051 3525 2340 3598 παρελθεῖν
2363 3524 2460 3596 τὴν
2493 3524 2681 3595 ἀκοὴν,
2717 3523 2812 3576 καὶ
2847 3522 2920 3594 μὴ
2951 3522 3202 3592 γενέσθαι
3228 3523 3297 3576 τὰ
3328 3521 3642 3594 προσδοκώ-

2054 3637 2213 3691 μενα.

2126 3735 2143 3766 ι
2165 3713 2278 3768 Νῦν
2308 3712 2548 3778 στενάξω
2580 3713 2673 3767 καὶ
2706 3708 3075 3784 παρακαλέσω
3097 3709 3351 3779 ἐμαυτόν.
3384 3708 3482 3762 Διά
3516 3707 3643 3760 τοῦ-

2049 3821 2109 3856 το
2137 3802 2442 3874 ἐνεπλήσθη
2473 3803 2507 3874 ἡ
2531 3801 2702 3872 ὀσφύς
2735 3819 2835 3873 μου
2863 3799 3152 3863 ἐκλύσεως,
3177 3798 3270 3853 καὶ
3303 3799 3488 3862 ὠδῖνες
3511 3798 3639 3854 ελα-

2050 3897 2140 3950 ϐόν
2177 3913 2242 3967 με
2273 3896 2348 3958 ὼς
2397 3895 2706 3949 τίκτουσαν.
2733 3915 2750 3946 ι
2795 3893 2932 3947 Ἀλλ’
2957 3892 3032 3956 ὡς
3065 3891 3208 3946 ἐοικε
3249 3892 3344 3946 νῦν
3378 3891 3637 3958 στενάξω,

2045 3987 2182 4056 ὅπερ
2219 3985 2482 4056 πρότερον
2517 3984 2617 4038 οὐκ
2643 3984 2932 4056 ἔπραττον,
2972 3982 3320 4052 ὑπερήφανος
3349 3977 3505 4045 οῦσα,
3542 3983 3640 4036 καὶ

2045 4077 2153 4130 τῶν
2181 4074 2381 4128 λοιπῶν
2433 4074 2601 4128 ἐθνῶν
2645 4073 3084 4143 κατεπαιρομένη
3113 4089 3124 4101 ·
3179 4072 3255 4135 ὡς
3291 4073 3498 4144 ἑτέροις
3538 4075 3639 4144 ἐμ-

2048 4171 2220 4221 ποιεῖν
2245 4165 2598 4236 στεναγμούς.
2642 4164 2754 4217 Νῦν
2786 4163 2843 4216 δὲ
2877 4163 3016 4233 αὑτὴ
3046 4161 3156 4231 ἐγὼ
3184 4161 3461 4226 Βαϐυλὼν,
3491 4165 3588 4217 καὶ
3609 4165 3639 4216 ὁ

2049 4262 2104 4312 ἐν
2137 4259 2259 4328 ἐμοὶ
2278 4257 2428 4321 λαὸς,
2465 4254 2724 4320 στενάξω,
2756 4255 2850 4310 καὶ
2879 4254 3242 4327 παρακαλέσω
3272 4255 3515 4326 ἐμαυτὴν
3547 4255 3638 4308 διὰ

2045 4350 2138 4404 τοῦ
2167 4347 2475 4420 στεναγμοῦ
2496 4365 2510 4379 ·
2537 4348 2722 4416 ἐπειδὴ
2742 4346 3026 4418 καθήψατό
3079 4364 3179 4417 μου
3201 4349 3234 4417 ἡ
3265 4347 3394 4419 περ)⁹
3419 4346 3528 4400 τῶν
3557 4347 3640 4399 λε-

2046 4440 2282 4510 χθέντων
2299 4431 2626 4509 ἀγγελία,ἦς
2639 4438 2799 4493 ἕνεκα
2827 4435 3068 4508 ἐπλήσθη
3099 4439 3132 4508 ή
3157 4435 3328 4506 ὀσφύς
3351 4453 3452 4508 μου
3477 4437 3640 4490 ἐκλύ-

362 4537 518 4574 mens
554 4519 844 4581 solutione,
887 4519 977 4588 qui
1027 4517 1158 4571 olim
1215 4518 1541 4587 prsecinctus
1606 4527 1727 4572 erat
1759 4527 1816 4573 et
1862 4519 1940 4572 la-

2061 4549 2186 4591 ςεως
2237 4531 2402 4584 πάλαι
2436 4529 2844 4600 κατεσφιγμένη
2909 4531 3004 4583 καὶ
3031 4529 3442 4599 νεανιευομένη·
3473 4529 3635 4598 ὀδύνη

367 4611 651 4667 seiviehat.
682 4609 845 4664 Dolor
871 4608 999 4664 item
1041 4618 1094 4662 et
1123 4607 1336 4663 labores
1367 4621 1456 4661 me
1480 4617 1842 4676 occuparunt,
1868 4609 1964 4662 ita,

363 4716 424 4759 nt
457 4719 558 4774 ego
589 4702 850 4773 Babylon,
886 4701 1014 4755 olim
1060 4701 1276 4754 caeteris
1307 4700 1586 4764 terribilis,
1624 4701 1757 4754 nihil
1785 4699 1941 4755 diffe-

363 4814 481 4853 ram
511 4813 539 4851 a
577 4795 804 4850 muliere
857 4794 1121 4863 pariente.
1170 4791 1296 4846 Haec
1338 4807 1501 4862 porro
1547 4793 1677 4846 mihi
1722 4793 1938 4848 accide-

363 4900 510 4956 runt,
549 4889 678 4959 quia
729 4888 905 4942 fateor
939 4900 1025 4939 me
1064 4884 1250 4954 inique
1283 4884 1484 4953 egisse,
1516 4897 1638 4937 cum
1669 4884 1939 4938 neminem

362 4978 941 5036 commonefaeientem
968 4991 1054 5030 me
1087 4976 1355 5038 audirem,
1392 4983 1446 5028 et
1475 4989 1598 5030 cum
1636 4975 1766 5028 mihi
1796 4991 1942 5030 cura:

363 5085 526 5138 esset,
566 5083 628 5127 ut
653 5081 862 5126 rectum
888 5069 1022 5124 nihil
1054 5070 1374 5138 aspicerem.
1412 5066 1617 5134 Quare,
1651 5067 1751 5133 ait,
1798 5084 1944 5123 nunc

359 5164 673 5231 confitendo
707 5162 851 5217 dico.

366 5299 370 5304 .
433 5254 601 5311 Vens.
635 5254 693 5308 4.
740 5271 759 5304 ι
793 5253 978 5324 Inique
1020 5252 1129 5323 egi,
1169 5255 1312 5322 quod
1363 5267 1472 5306 non
1523 5251 1763 5307 viderem
1795 5271 1807 5306 :
1843 5268 1940 5308 cor

365 5364 542 5401 meum
594 5356 768 5412 errat,
814 5346 1077 5414 iniquitas
1125 5358 1249 5398 mea
1288 5343 1554 5414 demergit
1598 5360 1728 5399 me:
1759 5345 1939 5398 anima

365 5455 480 5492 mea
513 5439 566 5493 in
599 5449 749 5494 metu
777 5448 1047 5494 versatur.
1074 5455 1093 5489 ι
1127 5435 1254 5491 llaec
1283 5450 1417 5490 sane
1451 5445 1584 5506 puto
1617 5452 1646 5490 a
1675 5436 1938 5506 propheta

362 5533 502 5584 dicta
557 5529 744 5596 fuisse,
803 5529 1100 5600 Babylonis
1153 5543 1440 5599 personam
1493 5538 1832 5597 assumente,
1885 5538 1941 5582 et

361 5622 513 5690 quasi
539 5621 812 5690 ejusdem,
849 5623 963 5677 sive
996 5620 1173 5692 gentis
1219 5621 1466 5686 eamdem
1515 5619 1804 5676 incolentis
1841 5635 1940 5676 no-

361 5717 508 5771 mine
548 5715 663 5769 htee
685 5714 830 5769 dicta
869 5713 1124 5784 proferri.

439 5809 598 5864 Vens.
618 5805 684 5862 '5.
754 5823 772 5858 ι
803 5804 1053 5875 Ρτωρετα
1114 5819 1380 5875 mensam,
1420 5806 1936 5880 comedite,bibite;

2044 4640 2103 4675 τε
2135 4623 2230 4676 καὶ
2281 4623 2432 4674 πόνοι
2463 4621 2762 4676 κατέλαϐον
2799 4639 2888 4692 με,
2940 4622 3016 4685 ὡς
3052 4622 3218 4692 μηδὲν
3257 4621 3538 4694 διαφέρειν
3567 4640 3635 4693 με

2045 4715 2142 4787 τὴν
2168 4715 2483 4779 Βαϐυλῶνα,
2515 4715 2614 4786 τὴν
2643 4714 2808 4768 πάλαι
2828 4715 3035 4786 ἑτέροις
3055 4710 3220 4769 οὖσαν
3249 4713 3508 4787 φοϐερὰν,
3538 4731 3640 4784 γυ-

2046 4804 2232 4868 ναικὸς
2251 4804 2556 4873 τικτούσης.
2589 4804 2774 4858 Ταῦτα
2802 4804 2859 4857 δέ
2895 4822 2983 4876 μοι
3026 4803 3391 4876 συμϐέϐηκεν,
3423 4806 3642 4878 ἐπειδή-

2046 4913 2148 4966 περ
2169 4895 2413 4966 ὁμολογῶ
2435 4895 2772 4966 ἠδικηκέναι,
2797 4897 2883 4948 ὅτε
2905 4896 3128 4968 μηδενὸς
3151 4898 3346 4968 ήκουον
3365 4897 3474 4952 τῶν
3493 4917 3637 4972 παρ-

2045 4987 2337 5040 αινούντων
2367 5005 2477 5058 μοι,
2511 4988 2604 5040 καὶ
2654 4989 2741 5041 ὅτε
2774 4989 3010 5056 σπουδὴν
3033 4988 3332 5061 ἐποιούμην
3355 4990 3521 5061 μηδὲν
3539 4991 3638 5065 ὀρ-

2045 5077 2135 5130 θὸν
2171 5078 2409 5148 βλέπειν.
2437 5078 2547 5142 Διὸ,
2585 5079 2738 5149 φησὶ,
2772 5078 2866 5132 νῦν
2899 5079 3362 5152 ἐξομολογουμένη
3401 5080 3570 5154 φημί*

2119 5276 2138 5308 ι
2161 5257 2425 5329 Ἦδίκησα
2442 5257 2535 5311 τοῦ
2562 5259 2636 5329 μὴ
2663 5258 2907 5328 βλέπειν·
2934 5259 3256 5332 πλανᾶταιή
3283 5261 3483 5333 καρδία
3506 5279 3642 5334 μου,

2045 5351 2137 5402 καὶ
2171 5352 2202 5420 ὴ
2230 5351 2430 5422 ἀνομία
2465 5368 2566 5422 μου
2607 5349 2856 5420 βαπτίζει
2889 5368 2956 5421 με
2977 5369 2990 5382 ’
3025 5353 3056 5422 ή
3086 5351 3231 5424 ψυχή
3266 5371 3368 5424 μου
3399 5355 3636 5426 ἐφέστη-

2043 5459 2138 5494 κεν
2157 5443 2236 5506 εἰς
2259 5442 2438 5510 φόϐον.
2474 5461 2492 5493 ι
2525 5441 2710 5496 Ταῦτα
2734 5443 2836 5513 μὲν
2861 5438 3015 5512 οἶμαι
3039 5442 3288 5514 λελέχθαι
3309 5445 3386 5516 τῷ
3414 5448 3634 5519 προφή-

2041 5548 2130 5604 τῃ,
2163 5531 2594 5604 προσωποιοῦντι
2647 5533 2746 5606 τὴν
2769 5532 3086 5600 Βαϐυλῶνα,
3109 5535 3205 5588 καὶ
3258 5535 3334 5599 ὡς
3356 5535 3415 5602 ἐξ
3438 5538 3632 5609 αὐτῆς,

2040 5626 2073 5696 ἢ
2105 5625 2198 5678 καὶ
2232 5625 2324 5678 τοῦ
2363 5627 2422 5677 ἐν
2457 5627 2596 5697 αὐτῇ
2637 5625 3014 5688 κατοικοῦντος
3054 5624 3242 5691 ἔθνους
3272 5628 3341 5681 τά
3361 5630 3633 5701 εἰρημένα

2041 5718 2422 5790 προέρχεσθαι.

2116 5809 2473 5879 «Ἑτοίμασον
2526 5811 2625 5882 τὴν
2669 5811 2968 5883 τράπεζαν,
3021 5815 3243 5886 φάγετε,
3296 5815 3632 5871 πίετε⁶ἀνας
