3862 6210
205 335 316 391 εει

1177 335 1687 394 COMMENTARIA
1729 336 1793 393 IN
1835 336 2094 397 lSAlAM.
2135 370 2201 383 ——
2238 339 2394 396 CAP.
2435 338 2575 395 XXI.

3392 339 3501 395 242

210 452 466 518 στάντες,
493 451 547 506 οἱ
579 452 1220 524 ἇρχοντες,ἀνασπάσατε
1252 455 1498 528 θυρεούς.
1522 477 1539 507 ι
1573 457 1647 510 Τὸ
1682 474 1789 529 προ

1924 468 2216 531 surgentes
2231 502 2244 523 ,
2279 460 2578 532 principes,
2599 459 2823 530 arripite
2843 458 3083 530 clypeos.
3114 478 3134 514 ι
3157 459 3363 526 Medos,
3380 460 3500 515 Ela-

207 543 449 614 φητικὸν
482 543 705 615 πνεῦμα
743 544 879 618 πρὸς
902 546 1029 609 τοὺς
1060 546 1276 618 Μήδους
1302 549 1396 603 καὶ
1423 549 1549 612 τοὺς
1590 547 1808 619 Ἐλαμί-

204 651 329 700 τας,
354 634 453 688 καὶ
482 635 620 707 πρὸς
638 635 767 700 τοὺς
789 636 1046 707 πρέσϐεις
1065 636 1173 691 τῶν
1197 638 1424 708 Περσῶν
1443 638 1804 706 ἀποτείνεται,

204 725 482 800 διεγεῖρον
529 729 625 781 καὶ
656 727 956 799 παρορμῶν
986 728 1183 793 αὐτοὺς
1208 730 1301 783 ἐπὶ
1327 729 1419 783 τὸν
1456 730 1594 785 κατὰ
1627 731 1805 786 Βαϐυ-

205 817 423 874 λωνίων
444 819 703 891 πόλεμον.
745 819 839 873 Διὸ
864 819 942 884 ὡς
970 820 1107 892 πρὸς
1135 820 1332 886 αὐτούς
1357 840 1523 893 φησιν
1542 841 1555 853 ·
1593 845 1611 875 ι
1634 825 1806 879 Ἑτοί-

207 928 392 981 μασον
412 910 513 983 τὴν
542 910 845 984 τράπεζαν,
877 912 1103 982 φάγετε,
1130 933 1149 965 ι
1188 914 1283 967 καὶ
1314 914 1383 968 τὰ
1411 915 1560 986 ἑξῆς.

285 1004 447 1058 «Ὅτι
485 1003 660 1070 οὕτως
683 1001 807 1058 εἷπε
834 1004 1041 1078 Κύριος
1072 1007 1211 1079 πρὸς
1242 1007 1310 1078 μέ
1330 1025 1345 1039 ·
1376 1008 1609 1073 Βαδίσας
1645 1027 1805 1065 σεαυ-

203 1090 292 1164 τῷ
321 1092 530 1163 στῆσον
574 1094 797 1161 σκοπὸν,
829 1097 923 1150 καὶ
946 1097 975 1150 ὃ
1005 1099 1100 1152 ἐὰν
1125 1097 1263 1172 ἴδῃς,
1308 1098 1647 1168 ἀνάγγειλον.
1698 1103 1807 1156 Καὶ

201 1183 353 1242 εἶδον
385 1188 662 1253 ἀναϐάτας
706 1191 891 1254 ίππείς
945 1190 1056 1254 δύο,
1092 1191 1186 1245 καὶ
1217 1190 1496 1264 ἀναϐάτην
1534 1193 1677 1260 ὄνου,
1712 1195 1806 1248 καὶ

202 1279 490 1351 ἀναϐάτην
510 1280 778 1353 καμήλου.
834 1282 1126 1352 Ἀκρόασαι
1158 1283 1421 1354 ἀκρόασιν
1458 1276 1679 1357 πολλὴν,
1710 1288 1804 1341 καὶ

203 1371 444 1425 κάλεσον
467 1373 674 1444 Οὐρίαν
693 1374 774 1437 είς
802 1373 900 1445 τὴν
922 1375 1173 1430 σκοπιάν.
1202 1395 1221 1428 ι
1249 1376 1462 1448 Σημεῖα
1474 1377 1532 1431 δὲ
1558 1379 1652 1431 καὶ
1676 1378 1807 1449 σύμ-

1881 574 1887 582 ·
1918 549 2106 616 mitas,
2129 560 2186 607 et
2215 549 2510 607 Persarum
2561 551 2772 623 legatos
2798 548 3112 622 compellat
3148 553 3498 623 propheticus

1917 643 2163 711 spiritus,
2184 645 2432 700 excitans
2465 658 2561 698 eos
2588 644 2655 699 ad
2684 642 2886 699 bellum
2921 652 3113 699 contra
3143 644 3493 717 Babylonios.

1915 735 2099 802 Quare
2134 735 2290 805 quasi
2322 736 2389 791 ad
2427 736 2550 792 illos
2576 736 2709 790 talia
2742 735 2915 802 fatur,
2980 754 3001 789 ι
3043 734 3294 808 Ρτωρειη
3337 751 3498 791 men~

1914 841 2054 892 sam,
2097 825 2392 893 comedite,
2425 844 2444 878 ι
2471 835 2527 882 et
2548 835 2773 881 caetera.

1989 1011 2158 1068 Vens.
2195 1009 2327 1067 6--8.‘
2361 1010 2630 1078 Quoniam
2681 1011 2760 1067 sic
2805 1009 2946 1066 dixit
2974 1010 3232 1065 Dominus
3264 1011 3332 1064 ad
3382 1025 3490 1077 me,

1913 1105 2198 1161 Proiectus
2225 1115 2405 1160 statue
2440 1105 2534 1160 tibi
2566 1105 2989 1174 speculatorem,
3020 1104 3235 1172 etquod
3265 1103 3493 1169 videris,

1914 1198 2191 1253 renuntia.
2226 1197 2293 1252 Et
2320 1196 2433 1251 vidi
2478 1210 2720 1252 sessores
2754 1197 2967 1266 equites
3012 1196 3170 1261 duos,
3218 1210 3493 1252 sessorem

1914 1291 2080 1357 asini,
2130 1298 2187 1346 et
2223 1305 2496 1346 sessorem
2554 1290 2776 1345 cameli.
2821 1288 2960 1344 Audi
2989 1288 3324 1345 auditionem
3355 1288 3497 1343 mul-

1910 1382 2048 1449 tam,
2082 1392 2140 1439 et
2171 1397 2308 1439 voca
2336 1383 2523 1439 Uriam
2563 1384 2629 1437 ad
2662 1382 2957 1453 speculam.
2987 1401 3005 1433 ι
3060 1380 3223 1453 Signa
3266 1395 3401 1436 vero
3439 1390 3497 1435 et

200 1464 342 1518 ϐολα
368 1460 437 1536 ἦν
464 1463 638 1518 ταῦτα
666 1466 768 1537 τῆς
792 1465 901 1519 τῶν
928 1467 1203 1538 πολεμίων
1235 1468 1615 1541 παρατάξεως,
1651 1464 1726 1526 ὧν
1753 1474 1792 1524 ol

1912 1475 2160 1548 symbola
2191 1476 2311 1531 haec
2340 1486 2493 1530 erant
2534 1475 2671 1529 aciei
2710 1474 3082 1541 inimicorum,
3111 1489 3345 1546 quorum
3398 1473 3495 1528 alii

209 1555 311 1625 μὲν
332 1556 424 1626 ἐφ’
456 1556 722 1627 ἁρμάτων
748 1556 1031 1629 ὀχούμενοι
1060 1558 1320 1630 ἐπῄεσαν,
1348 1562 1397 1615 οἱ
1425 1561 1483 1615 δὲ
1511 1563 1603 1616 ἐπὶ
1636 1580 1792 1617 νωτο-

1911 1565 2165 1621 curribus
2192 1565 2331 1621 vecti
2366 1566 2671 1630 irruebant,
2729 1565 2820 1619 alii
2854 1564 3118 1634 iumentis
3157 1565 3406 1621 sarcinas
3436 1572 3494 1620 et

203 1647 414 1720 φόρων,
441 1647 513 1701 τά
543 1648 732 1703 δέοντα
766 1649 902 1721 πρὸς
926 1649 1114 1722 χρείας
1146 1651 1494 1723 ἐπαγόμενοι.
1535 1674 1553 1705 ι
1576 1655 1792 1727 Ἀκρόα·

1910 1665 2275 1714 commeatum
2311 1659 2567 1727 agebant.
2624 1676 2642 1708 ι
2673 1657 2813 1712 Audi
2853 1656 3186 1712 auditionem
3239 1656 3489 1719 multam,

200 1757 296 1794 σαι
319 1740 587 1812 ἀκρόασιν
611 1740 835 1813 πολλὴν,
861 1742 955 1796 καὶ
978 1743 1208 1798 κάλεσον
1233 1744 1436 1817 Οὐρίαν
1456 1747 1537 1810 είς
1557 1748 1656 1819 τὴν
1678 1765 1792 1803 σκο-

1909 1761 1965 1808 et
1988 1766 2122 1807 voca
2167 1750 2354 1808 Uriam
2400 1752 2465 1804 ad
2517 1750 2876 1820 speculamp
2935 1750 3190 1805 videlicet
3223 1764 3366 1813 eam,
3422 1747 3492 1801 de

200 1831 361 1897 πιάν,
385 1852 404 1884 ι
438 1835 539 1906 τὴν
557 1834 890 1919 ῥηθήσεσθαι
920 1836 1222 1907 μέλλουσαν
1237 1837 1449 1906 ἔπειτα,
1480 1840 1632 1913 ἢτὴν
1658 1842 1792 1896 λέαι-

1909 1865 2014 1922 qua
2036 1857 2230 1919 postea
2253 1861 2458 1914 sermo,
2494 1848 2607 1902 sive
2632 1847 2882 1913 leaenam,
2925 1846 3043 1903 sive
3077 1844 3225 1900 Ariel
3283 1859 3484 1910 evoca;

190 1942 320 1989 ναν,
352 1926 388 1996 ἢ
444 1926 536 1981 τὸν
580 1928 769 2000 Ἀριὴλ
822 1928 1072 1995 κάλεσαι,
1126 1931 1276 1995 ὅπως
1321 1932 1415 1986 καὶ¹
1439 1933 1603 1997 αὐτὸς
1629 1933 1792 1988 ἐλθὼν

1909 1950 1968 1997 ut
2000 1954 2060 1998 et
2092 1943 2210 2014 ipse
2235 1941 2465 1997 veniens
2489 1956 2517 1994 a
2551 1939 2894 2010 speculatore
2919 1938 3190 2003 videatur,
3222 1939 3489 2008 propheta

197 2015 310 2068 ὑπὸ
337 2015 435 2069 τοῦ
464 2016 670 2070 σκοποῦ
698 2017 939 2092 θεαθείη,
982 2021 1077 2075 τοῦ
1109 2023 1391 2095 προφήτου
1422 2021 1538 2094 ἅμα
1570 2022 1650 2095 τῷ
1675 2042 1792 2079 σκο-

1909 2035 2037 2090 item
2077 2049 2202 2089 cum
2237 2032 2586 2103 speculatore
2619 2046 2724 2085 una
2777 2028 3172 2098 conspiciente.
3213 2029 3310 2085 ille
3356 2043 3489 2083 vero

196 2108 288 2179 πῷ
316 2109 618 2180 θεωμένου.
662 2111 722 2164 Ὀ
758 2111 816 2165 δὲ
849 2114 1131 2184 σημαίνων
1172 2114 1321 2183 λέγει
1347 2114 1416 2168 τά
1458 2113 1603 2185 ἑξῆς.
1638 2110 1792 2187 Οἶμαι

1909 2126 2222 2197 speculator
2251 2139 2480 2180 monens
2505 2124 2791 2193 sequentia
2829 2122 2982 2177 dicit.
3014 2120 3110 2176 His
3148 2130 3327 2175 autem
3357 2129 3495 2189 puto

194 2200 288 2255 διὰ
304 2201 514 2255 τούτων
540 2203 903 2275 σημαίνεσθαι
926 2205 1029 2276 ﬁt;
1070 2207 1373 2280 Ἀσσυρίων
1396 2206 1674 2278 βασιλείας
1705 2209 1792 2279 τὴν

1909 2217 2205 2289 signiﬁcari
2233 2217 2583 2287 Assyriorum
2616 2229 2868 2284 regnum,
2896 2212 3102 2283 judicio
3135 2211 3226 2267 Dei
3246 2211 3489 2267 l‘unditus

196 2292 446 2364 ⁸παντελῆ
475 2292 795 2365 καθαίρεσιν
823 2295 960 2349 Θεοῦ
1004 2296 1185 2368 κρίσει
1209 2298 1528 2371 γενομένην.
1578 2300 1721 2353 Ἀντὶ
1747 2300 1792 2353 δὲ

1909 2325 2184 2368 eversum.
2214 2307 2324 2366 Pro
2353 2308 2446 2363 illu
2475 2318 2678 2370 autem,
2713 2326 2731 2359 ι
2762 2305 2972 2372 Uriam,
3000 2325 3017 2357 ι
3071 2304 3291 2374 Aquila,
3325 2323 3344 2356 ι
3377 2304 3479 2358 leo-

188 2385 315 2450 τοῦ,
349 2405 369 2437 ι
390 2387 619 2459 Οὐρίαν,
648 2407 666 2439 ι
704 2389 734 2440 ό
761 2389 859 2460 μὲν
896 2389 1146 2456 Ἀκύλας,
1184 2410 1202 2442 ι
1230 2390 1440 2457 λέοντα,
1474 2411 1493 2443 ι
1526 2393 1554 2446 ὁ
1573 2392 1631 2446 δὲ
1659 2392 1792 2464 Σύμ-

1909 2417 2052 2468 nem,
2099 2421 2119 2455 ι
2174 2400 2559 2473 Symmachus,
2590 2417 2608 2450 ι
2645 2398 2897 2461 Ιεωηειιη,
2932 2414 2950 2447 ι
2983 2395 3305 2460 Theodotio,
3354 2412 3374 2445 ι
3415 2396 3487 2447 Α-

205 2495 405 2549 μαχος,
451 2496 471 2530 ι
510 2478 791 2545 λέαιναν,ι
828 2483 858 2535 ὁ
894 2481 951 2534 δὲ
994 2482 1308 2549 Θεοδοτίων,
1365 2482 1613 2555 «Ἀριὴλ,
1641 2506 1659 2536 ι
1711 2486 1792 2553 ἐξ·

1909 2494 2027 2561 riel,
2056 2514 2075 2547 ι
2104 2491 2294 2550 edidit.
2322 2492 2494 2547 Nemo
2524 2491 2689 2562 igitur
2724 2489 2911 2546 Uriam
2946 2487 3270 2544 memoravit
3299 2508 3311 2543 :
3350 2500 3487 2556 quo-

201 2567 429 2623 ἔδωκεν.
465 2571 653 2634 Οὐδεὶς
683 2573 859 2637 τρίνυν
891 2573 1092 2646 Οὐρίαν
1115 2575 1429 2646 ὠνόμασεν·
1458 2577 1581 2631 ἐπεὶ
1620 2578 1741 2632 οὐδὲ
1765 2580 1792 2651 ή

1909 2588 2050 2643 niam
2086 2600 2188 2643 nec
2211 2585 2478 2643 Hebraica
2507 2600 2609 2641 vox
2639 2583 2828 2640 Uriatn
2858 2582 3125 2637 nominat.

210 2660 479 2734 Ἐϐραῖκὴ
502 2665 655 2736 φωνὴ
677 2665 1054 2737 ἐμνημόνευσε
1082 2666 1178 2720 τοῦ
1210 2668 1405 2737 Οὐρία.

194 2778 197 2783 π
272 2772 292 2805 ι
312 2754 429 2808 Καὶ
461 2751 644 2811 εἶπενο
677 2757 840 2828 ἔστην
872 2758 1167 2823 διαπαντὸς
1192 2760 1426 2831 ἡμέρας,
1455 2762 1551 2815 καὶ
1582 2762 1675 2815 ἐπὶ
1698 2762 1799 2835 τῆς

201 2845 557 2918 παρεμϐολῆς
575 2847 739 2920 ἔστην
769 2849 897 2921 ὃλην
932 2851 1033 2922 τὴν
1070 2853 1260 2907 νύκτα.
1287 2871 1307 2904 ι
1339 2854 1597 2928 Είστήκει
1617 2856 1792 2911 τοίνυν

1909 2861 2026 2915 steti
2058 2868 2169 2914 tota
2200 2868 2381 2913 nocte.
2418 2876 2437 2910 ι
2470 2854 2637 2912 Stetit
2671 2870 2805 2924 ergo
2833 2852 3098 2924 propinata
3138 2864 3261 2905 cum
3289 2861 3485 2916 specu-

204 2941 298 2994 καὶ
320 2942 353 2993 ό
380 2942 669 3013 προφήτης
700 2942 816 3014 ἅμα
833 2942 913 3015 τῷ
936 2945 1144 3017 σκοπῷ,
1182 2949 1500 3021 καραδοκῶν
1536 2950 1634 3021 τὴν
1670 2950 1792 3022 μέλ-

1909 2950 2094 3015 latore,
2126 2958 2455 3019 exspectans
2490 2947 2727 3002 futuram
2758 2944 2905 2999 illam
2951 2943 3245 3006 visionem,
3281 2940 3481 3001 leonis,

202 3033 401 3089 λουσαν
432 3036 616 3100 αὐτοῖς
669 3035 1004 3108 ὀφθήσεσθαι
1036 3037 1158 3108 ὄψιν
1210 3039 1304 3093 τοῦ
1339 3040 1550 3105 λέοντος
1582 3043 1792 3114 καὶτῆς

1909 3041 1982 3097 vel
2017 3041 2220 3108 leaenae,
2251 3041 2338 3094 vel
2369 3039 2541 3094 Ariel.
2574 3036 2705 3092 Cum
2735 3045 2923 3092 autem
2974 3044 3088 3089 toto
3139 3033 3246 3088 diei
3282 3041 3338 3086 et
3384 3045 3484 3084 no-

202 3129 442 3202 λεαίνης,
476 3130 510 3202 ἢ
537 3129 628 3184 τοῦ
675 3131 885 3204 Ἀριήλ.
933 3134 1387 3206 Διακαρτερήσας
1417 3134 1474 3187 δὲ
1505 3135 1597 3188 τὸν
1618 3136 1792 3191 πάντα

1909 3136 2003 3189 ctis
2036 3143 2281 3204 tempore
2306 3132 2654 3202 perstitisset,
2690 3129 2896 3195 subdit,
2928 3147 2946 3180 ι
2984 3128 3049 3182 Et
3071 3141 3201 3182 ecce
3244 3127 3356 3194 ipse
3389 3137 3485 3176 ve-

200 3220 300 3291 τῆς
343 3219 557 3293 ἡμέρας
602 3222 699 3277 καὶ
734 3223 827 3278 τὸν
867 3223 968 3294 τῆς
1021 3225 1215 3287 νυκτὸς
1257 3225 1468 3296 χρόνον,
1527 3227 1787 3297 ἐπιλέγει·

1909 3225 2000 3279 nit.
2037 3244 2055 3276 ι
2088 3223 2222 3290 Quis
2252 3222 2341 3277 ille
2376 3231 2554 3276 autem
2601 3229 2709 3285 est,
2750 3218 2858 3274 nisi
2891 3217 3041 3272 Ariel
3068 3217 3193 3288 biga
3244 3213 3481 3270 vectus?

205 3331 226 3362 ι
255 3311 371 3364 Καὶ
406 3309 517 3365 ἰδοὺ
546 3311 710 3375 αὐτὸς
738 3310 977 3383 ἔρχεται.
1008 3329 1027 3361 ι
1069 3310 1163 3375 Τίς
1192 3311 1249 3365 δὲ
1280 3305 1513 3384 οὖτος,ή
1549 3313 1791 3384 δηλονότι

1909 3319 2081 3384 Quare
2103 3316 2200 3381 ait,
2255 3332 2275 3368 ι
2307 3314 2373 3369 Ει
2398 3328 2529 3369 ecce
2573 3314 2687 3383 ipse
2739 3312 2913 3374 venit,
2967 3322 3227 3364 ascensor
3262 3307 3420 3377 bigaa.
3454 3324 3475 3358 ι

212 3403 399 3476 ’Δριὴλ
444 3402 789 3475 ἐπιϐεϐηκὼς
838 3401 1122 3476 ξυνωρίδι;
1157 3404 1249 3457 Διό
1278 3421 1444 3476 φησι·
1489 3426 1506 3456 ι
1533 3406 1644 3460 Καὶ
1680 3406 1789 3460 ἰδοὺ

1909 3408 2034 3476 Quis
2061 3423 2192 3463 vero
2219 3415 2339 3462 erat
2369 3404 2484 3470 ille,
2517 3404 2618 3459 nisi
2648 3402 2794 3458 ultor
2821 3401 3046 3472 quidam
3094 3398 3340 3469 angelus,
3379 3413 3478 3451 cu~

1973 2764 2141 2822 Vsus.
2170 2765 2225 2821 9.
2268 2782 2287 2816 ι
2319 2762 2385 2818 Et
2406 2761 2587 2818 dixit:
2620 2761 2761 2817 Steti
2797 2769 2909 2815 tom
2939 2758 3048 2824 die,
3085 2766 3142 2813 et
3190 2758 3243 2810 in
3284 2754 3483 2810 castris

198 3497 363 3560 αὐτὸς
395 3496 615 3567 ἔρχεται
644 3497 738 3551 καὶ
770 3497 1048 3569 ἀναϐάτης
1076 3497 1386 3570 ξυνωρίδος.
1427 3517 1447 3551 ι
1469 3499 1565 3564 Τίς
1615 3499 1672 3553 δὲ
1700 3492 1791 3553 οὗ-

196 3608 291 3655 τος
312 3591 428 3663 ἄρα
448 3585 539 3664 ἦν,
562 3590 598 3663 ἢ
625 3592 864 3664 τιμωρός
888 3610 971 3657 τις
1012 3592 1261 3662 ἄγγελος,
1291 3594 1357 3647 δι’
1387 3585 1448 3647 οὗ
1474 3592 1543 3647 τὰ
1566 3595 1665 3666 τῆς
1692 3611 1790 3648 πο-

193 3680 446 3755 λιορκίας
473 3682 575 3753 τῆς
629 3682 946 3748 Βαϐυλῶνος
973 3684 1162 3756 ἔμελλε
1217 3683 1586 3758 πληροῦσθαι;
1639 3686 1794 3756 Τάχα

196 3792 302 3828 που
337 3774 529 3846 ’Δρίὴλ
579 3773 1000 3847 ὀνομαζόμενος,
1026 3777 1059 3849 ἢ
1105 3778 1198 3831 καὶ
1230 3777 1392 3840 αὐτὸς
1421 3778 1627 3842 ἐκεῖνος
1654 3780 1683 3831 ό
1714 3778 1791 3842 ὡς

192 3867 336 3920 λέων
348 3866 683 3939 ῶρυόμενος,
709 3868 803 3921 καὶ
834 3869 1153 3939 περιπατῶν
1185 3868 1362 3940 ζητῶν
1383 3870 1506 3923 τίνα
1522 3870 1789 3944 καταπίῃ.

194 3958 385 4030 Καὶδὴ
410 3958 749 4030 θεασάμενος
768 3959 929 4015 αὐτὸν
952 3961 982 4012 ὁ
1011 3961 1317 4032 προφήτης,
1346 3960 1585 4014 συνεῖδεν
1613 3962 1689 4026 ὡς
1720 3978 1793 4015 τι-

197 4051 517 4123 μωρητικδς
546 4050 626 4104 ῶν
651 4050 881 4121 ἄγγελος
909 4053 1009 4122 τὴν
1043 4054 1142 4124 τῆς
1170 4052 1489 4117 Βαϐυλῶνος
1514 4053 1789 4109 ἀπώλειαν

193 4142 523 4214 ἐργάζεται*
554 4142 639 4196 διὸ
679 4142 873 4215 ἐπιϐοᾷ
915 4142 1090 4212 λέγων
1111 4160 1124 4173 ·
1166 4161 1185 4194 ι
1213 4143 1499 4208 Πέπτωκε,
1533 4144 1790 4198 πέπτωκε

193 4232 478 4300 Βαϐυλὼν,
505 4234 603 4288 καὶ
630 4234 807 4290 πάντα
833 4234 901 4289 τά
924 4234 1217 4305 ἀγάλματα
1242 4235 1434 4306 αὐτῆς,
1464 4237 1557 4289 καὶ
1583 4236 1652 4291 τὰ
1681 4254 1792 4307 χει-

1894 3503 1984 3574 jus
2011 3516 2174 3573 opera
2202 3498 2494 3570 Babylonis
2523 3497 2739 3552 obsidio
2771 3492 3101 3564 perﬁcienda
3141 3491 3306 3545 erat?
3337 3487 3473 3544 For-

1901 3604 2046 3650 tasse
2081 3591 2228 3647 Ariel
2268 3590 2468 3646 dicitur
2495 3588 2581 3644 vel
2624 3588 2766 3642 idem
2798 3586 2913 3656 ipse
2947 3584 3039 3654 qui
3072 3582 3230 3653 quasi
3267 3581 3349 3637 leo
3386 3597 3483 3634 ru-

1898 3684 2055 3755 giens
2078 3682 2278 3737 circuit
2304 3692 2557 3751 quarens
2590 3691 2754 3748 quem
2783 3678 3028 3733 devoret.
3088 3674 3154 3727 Et
3186 3687 3320 3727 sane
3350 3688 3480 3727 con-

1899 3784 2087 3845 specto
2131 3773 2245 3838 illo,
2275 3770 2540 3842 propheta
2574 3769 2849 3825 intellexit
2883 3785 3028 3832 eunt,
3080 3776 3268 3837 utpote
3310 3781 3479 3836 ange-

1901 3867 2011 3922 lum
2046 3866 2298 3932 ultorem,
2326 3863 2620 3935 Babylonis
2664 3863 2890 3917 exitium
2932 3875 3272 3933 procurare:
3306 3871 3480 3929 quare

1898 3961 2172 4017 exclamat
2197 3959 2284 4015 bis
2308 3957 2517 4020 verbis,
2549 3976 2568 4008 ι
2599 3956 2830 4020 Cecidit,
2863 3955 3063 4011 cecidit
3106 3951 3371 4024 Babylon,
3422 3960 3480 4006 et

1897 4053 2081 4110 omnia
2119 4051 2408 4106 simulacra
2451 4050 2591 4120 ejus,
2636 4058 2694 4104 et
2737 4048 3046 4103 manufacta
3091 4045 3209 4114 ejus
3240 4045 3478 4100 contrita

1899 4152 2028 4199 sunt
2077 4142 2131 4197 in
2190 4152 2418 4196 terrain.
2467 4160 2487 4194 ι
2546 4140 2682 4194 Nam
2729 4139 2883 4210 quasi
2911 4138 2965 4194 id
3000 4152 3269 4208 peragere
3294 4138 3495 4205 jussus.

1897 4245 2045 4293 esset
2075 4234 2252 4301 Ariel,
2297 4234 2445 4290 hanc
2470 4233 2677 4289 emittit
2707 4232 2976 4302 propheta
3005 4246 3194 4286 vocem
3219 4250 3231 4285 :

196 4329 468 4402 ροποίητα
492 4331 666 4402 αὐτῆς
687 4330 976 4402 συνετρίϐη
1018 4332 1096 4395 είς
1135 4330 1234 4402 τὴν
1257 4331 1379 4402 γῆν.
1408 4351 1427 4383 ι
1468 4332 1558 4396 Ὡς
1604 4331 1714 4405 γὰρ
1773 4330 1947 4388 ταῦτα
1991 4330 2197 4404 πρᾶξαι
2239 4328 2659 4401 κεκελευσμένον
2701 4325 2797 4382 τοῦ
2831 4325 3037 4398 Ἀριὴλ,
3082 4325 3283 4396 ταύτην
3327 4324 3478 4396 ὴφίει

190 4425 291 4496 τὴν
318 4426 514 4497 φωνὴν
537 4427 568 4479 ὁ
599 4427 885 4499 προφήτης
912 4444 926 4457 ’

271 4539 291 4569 ι
317 4517 642 4583 Ἀκούσατε,
663 4519 714 4572 oi.
733 4518 1219 4589 καταλελειμμένοι
1242 4519 1333 4572 καί
1364 4520 1414 4573 οί
1438 4518 1788 4591 ὀδυνώμενοι,

1971 4517 2138 4573 Vsus.
2177 4511 2264 4566 10.
2302 4529 2321 4562 ι
2353 4508 2551 4563 Audite
2585 4506 2681 4578 qui
2717 4506 2960 4563 derelicti
2987 4509 3146 4573 estis,
3172 4519 3225 4563 et
3255 4509 3350 4579 qui
3374 4510 3477 4566 do-

192 4610 494 4673 ἀκούσατε,
528 4609 567 4664 ἃ
592 4610 804 4681 ἥκουσα
850 4608 1006 4682 παρὰ
1050 4612 1259 4683 Κυρίου
1299 4610 1551 4678 Σαϐαὼθ,
1585 4614 1615 4666 ὁ
1651 4613 1783 4678 Θεὸς

192 4700 290 4755 τοῦ
334 4700 555 4772 Ἰσραὴλ
601 4700 923 4772 ἀνήγγειλεν
965 4704 1114 4773 ἡμῖν.
1140 4721 1159 4753 ι
1197 4702 1265 4755 Ἃ
1291 4703 1400 4774 γὰρ
1434 4705 1558 4774 ἐμοὶ
1579 4704 1787 4757 ἀπεκά-

196 4793 356 4864 λυψε,
372 4790 552 4847 ταῦτα
582 4793 678 4846 καὶ
705 4795 834 4864 ὑμῖν
854 4793 1113 4864 ἐξέφηνεν
1145 4794 1220 4857 ὡς
1245 4793 1310 4847 δι’
1328 4794 1612 4866 ἑρμηνέως
1624 4794 1781 4867 ἐμοῦ.

273 4905 294 4935 ι
318 4883 396 4936 Τὸ
417 4884 605 4955 ὅραμα
634 4883 734 4953 τῆς
773 4884 1093 4956 Ἰδουμαίας.
1123 4885 1268 4954 Πρὸς
1294 4886 1395 4957 ἐμὲ
1451 4886 1609 4941 κάλει
1634 4887 1788 4959 παρὰ

195 4977 290 5031 τοῦ
322 4976 513 5049 Σηείρ.
546 4976 853 5031 ⁴ἰιυλάσσετε
875 4978 1149 5044 ἐπάλξεις.
1175 4998 1195 5029 ι
1236 4980 1417 5033 Ἐοικε
1436 4978 1493 5032 δὲ
1520 4983 1634 5044 τοῖς
1662 4983 1788 5034 ἑαυ-

196 5070 291 5124 τοῦ
320 5068 622 5142 γνωρίμοις
657 5072 687 5124 ό
713 5068 846 5133 Θεὸς
879 5073 1221 5142 προσφωνεῖν
1253 5070 1425 5141 λέγων
1445 5088 1458 5101 ο
1510 5092 1528 5123 ι
1555 5073 1700 5145 Πρὸς
1731 5076 1787 5127 ἐ-

201 5163 268 5233 μὲ
296 5162 455 5216 κάλει
513 5161 665 5232 παρά
692 5160 786 5215 τοῦ
818 5162 1014 5233 Σηείρ·
1047 5181 1067 5214 ι
1112 5163 1276 5227 «τοὺς
1301 5182 1319 5214 ι
1361 5163 1470 5235 γὰρ
1515 5183 1533 5215 ι
1558 5165 1787 5234 φεῦγον-

197 5270 296 5319 τας
323 5253 480 5326 παρά
512 5253 609 5307 τοῦ
652 5253 840 5325 Σηεὶρ,
865 5272 886 5306 ι
945 5252 1085 5307 κατά
1113 5254 1240 5318 τοὺς
1266 5254 1486 5319 λοιποὺς
1524 5257 1790 5328 ἑρμηνευ-

198 5346 319 5411 τάς,
356 5364 377 5398 ι
403 5345 545 5418 πρὸς
579 5345 681 5416 ἐμὲ
714 5345 891 5411 κάλει,
917 5365 936 5398 ι
970 5346 1156 5417 φησίν.
1186 5346 1354 5418 Σηεὶρ
1385 5346 1442 5400 δὲ
1467 5347 1710 5402 ἐκαλεῖτο
1729 5352 1788 5404 ἐν

200 5440 265 5509 τῇ
308 5435 543 5508 Ἀραϐίᾳ
569 5435 695 5508 ὅρος
721 5435 819 5489 τοῦ
852 5434 1046 5500 Ἠσαῦ,
1088 5436 1146 5489 ἐν
1172 5427 1218 5504 ᾧ
1256 5436 1594 5507 συνειστήκει
1624 5436 1788 5491 αὐτοῦ

200 5528 269 5583 τά
302 5528 588 5599 βασίλεια*
616 5526 943 5597 γνωρίζεται
983 5526 1042 5580 δὲ
1093 5529 1205 5591 τοῖς
1265 5526 1578 5598 ἐπιχωρίοις
1623 5528 1789 5580 είσέτι

206 5623 296 5677 καὶ
314 5622 413 5677 νῦν
438 5622 588 5676 οὕτω
614 5618 968 5691 καλούμενον.
1003 5619 1130 5683 Τοῖς
1155 5613 1250 5673 οὖν
1268 5618 1542 5689 ἀγωνιῶσι
1562 5618 1655 5672 τὸν
1682 5618 1790 5674 ἀπὸ

202 5713 307 5768 τῶν
350 5714 671 5785 Ἰδουμαίων
703 5712 865 5782 φόϐον
901 5713 1100 5782 φάσκει
1119 5728 1132 5742 ο
1161 5710 1306 5783 Πρὸς
1335 5710 1435 5782 ἐμὲ
1458 5709 1791 5776 σπουδάζον-

1897 4607 2022 4663 letis
2046 4603 2251 4665 audite.
2283 4615 2406 4669 qua:
2444 4598 2627 4654 audivi
2676 4612 2708 4654 a
2759 4597 2991 4654 Domino
3018 4599 3285 4666 Sabaoth,
3335 4601 3480 4658 Deus

1894 4697 2062 4756 Israel
2093 4691 2438 4750 annuntiavit
2462 4690 2637 4745 nobis.
2669 4708 2690 4744 ι
2730 4689 2861 4756 Quae
2912 4691 3059 4746 enim
3093 4689 3184 4746 ille
3216 4690 3480 4748 revelavit

1897 4792 2051 4856 mihi,
2084 4789 2276 4847 eadem
2307 4784 2460 4841 vobis
2490 4800 2576 4838 me
2611 4783 2914 4855 interprete
2944 4784 3269 4842 declaravit.

1973 4880 2134 4938 Vsus.
2165 4881 2253 4936 ll.
2288 4897 2308 4931 ι
2340 4877 2488 4935 Visio
2517 4875 2787 4933 Idumam.
2831 4877 2911 4931 Ad
2951 4891 3040 4932 me
3068 4892 3199 4932 voca
3226 4877 3296 4931 de
3330 4877 3477 4933 Seir.

1895 4976 2180 5033 Custodite
2208 4972 2641 5044 propugnacula,
2670 4991 2689 5024 ›
2729 4969 2903 5026 Notos
2936 4985 3067 5026 suos
3098 4969 3301 5038 alloqui
3332 4968 3477 5024 Deus

1894 5068 2111 5124 videtur
2141 5067 2227 5122 his
2261 5065 2467 5132 verbis,
2518 5083 2537 5116 ‹
2579 5064 2659 5118 Ad
2697 5078 2784 5117 me
2823 5077 2958 5118 voca
3000 5062 3067 5117 de
3092 5061 3250 5118 Seir:
3289 5080 3311 5115 ι
3348 5077 3475 5116 nam

1898 5179 1918 5213 ι
1951 5158 2221 5231 fugientes
2252 5158 2319 5213 de
2348 5156 2494 5221 Seir,
2527 5175 2546 5207 ι
2587 5156 2885 5209 secundum
2916 5153 3159 5224 reliquos
3204 5156 3476 5222 interpre-

1897 5263 2000 5319 tes,
2033 5270 2052 5304 ι
2084 5253 2152 5307 ad
2195 5266 2283 5307 me
2312 5265 2472 5316 voca,
2505 5269 2524 5302 ι
2564 5248 2766 5317 inquit.
2801 5248 2927 5303 Seir
2962 5258 3142 5303 autem
3175 5244 3475 5301 vocabatur

1895 5344 1951 5399 in
1980 5343 2181 5397 Arabia
2215 5356 2370 5397 mons
2405 5341 2565 5405 Esau,
2621 5340 2675 5395 in
2725 5355 2832 5409 quo
2881 5340 3070 5395 stabat
3111 5337 3229 5406 ejus
3280 5339 3431 5410 regia
3457 5357 3479 5393 ξ

1897 5435 2170 5503 hodieque
2199 5445 2362 5490 n0tus
2397 5433 2591 5489 incolis
2617 5440 2702 5488 est
2744 5432 2934 5487 eodem
2984 5431 3206 5486 nomine
3232 5431 3477 5502 appella-

1898 5538 2007 5582 tus.
2050 5527 2121 5582 lis
2155 5526 2345 5596 itaque
2387 5539 2454 5580 ex
2492 5523 2745 5581 ldumaeis
2786 5524 2879 5595 qui
2929 5532 3076 5580 metu
3125 5523 3476 5591 laborabant,

1894 5622 1993 5685 ait,
2030 5638 2050 5670 ι
2080 5617 2158 5673 Ad
2180 5632 2265 5673 me
2290 5618 2611 5674 festinantes
2627 5618 2829 5682 venite,
2855 5625 2908 5673 ct
2929 5631 3054 5672 cum
3080 5615 3149 5672 ad
3180 5630 3266 5673 me
3292 5629 3480 5673 access

1895 5709 2105 5777 seritis,
2147 5710 2411 5766 custodite
2444 5707 2846 5782 pmpugnacula
2879 5715 3054 5766 vestra
3084 5724 3097 5762 :
3135 5724 3159 5759 ι

204 5823 292 5873 τες
319 5808 510 5881 ἥκετε,
544 5808 643 5864 καὶ
673 5811 801 5879 παρ’
830 5808 953 5880 ἐμοὶ
1010 5806 1287 5880 γενόμενοι
1346 5805 1648 5877 φυλάσσετε
1693 5804 1790 5872 τὰς
1829 5807 2034 5865 ἑαυτῶν
2064 5804 2318 5873 ἐπάλξεις
2341 5823 2353 5835 ·
