3862 6210
399 301 508 360 265

1088 300 1355 359 EUSEBII
1391 300 1870 362 CESARLENSlS
1903 299 2058 360 OPP.
2099 300 2278 357 PARS
2314 300 2404 356 Ill.
2443 331 2513 343 —-
2550 299 2964 358 EXEGETICA.

3568 299 3678 354 2M

478 415 641 474 Vnus.
663 417 756 476 1-2.
816 438 836 472 ι
879 418 948 478 Et
972 432 1080 489 ego
1111 421 1420 480 custodiam
1447 435 1550 478 vos
1583 420 1672 479 die
1701 436 1766 476 ac
1795 431 1955 478 nocte

2153 440 2176 474 ς
2200 421 2372 490 Κάγὼ
2398 421 2457 474 δὲ
2487 421 2706 490 φυλάξω
2733 422 2877 492 ὑμᾶς
2899 420 2969 476 δι’
2997 420 3211 493 ἡμέρας
3227 421 3320 475 καὶ
3346 420 3558 484 νυκτὸς,
3579 423 3678 474 καὶ

399 522 458 569 ct
489 511 632 582 apud
660 527 748 570 me
774 513 950 573 eritis.
983 531 1006 569 ο
1053 513 1112 570 Si
1158 515 1283 586 quis
1315 515 1372 572 in
1409 516 1566 572 vobis
1599 516 1804 570 auxilio
1846 531 1984 586 opus

400 602 618 670 habeat,
641 617 672 662 a
704 619 796 664 me
825 611 1038 673 quaerat
1063 619 1222 675 opem
1253 623 1269 661 :
1301 615 1357 660 et
1380 605 1425 661 si
1454 606 1577 676 quis
1615 605 1849 662 salutem
1887 622 1983 660 cu-

401 703 488 752 rat
539 709 716 762 suam,
750 697 819 760 ad
847 712 933 754 me
963 699 1168 758 veniat.
1213 717 1230 752 ι
1261 697 1389 756 Haec
1413 699 1632 770 quidem
1655 700 1801 754 dicta
1846 699 1980 754 mihi

395 786 656 843 videntur
686 790 752 844 ad
786 804 884 846 eos
927 806 995 846 ex
1047 791 1320 861 Idumazis,
1346 792 1441 862 qui
1470 801 1678 852 terrore
1727 800 1978 851 conster-

397 879 510 934 nati
544 887 723 946 erant,
752 895 890 951 quos
920 883 990 939 ad
1025 897 1085 939 se
1111 892 1272 939 vocat
1312 883 1479 948 Deus,
1529 881 1804 951 pollicitus
1849 882 1981 952 ipsis

393 970 658 1028 auxilium
687 987 871 1040 suum,
905 974 950 1032 si
979 984 1164 1034 tamen
1198 975 1254 1031 in
1289 991 1351 1032 se
1379 986 1761 1045 permaneant.

464 1152 633 1213 νω.
663 1156 856 1214 1545.
897 1175 918 1209 ι
945 1157 1002 1213 1η
1055 1157 1196 1216 saltu
1233 1172 1463 1228 vespere
1497 1157 1762 1222 dormias,
1792 1168 1883 1210 aut
1922 1159 1974 1210 in

390 1246 479 1304 Via
508 1247 730 1314 Dedan,
764 1250 820 1304 in
848 1263 1137 1310 occursum
1188 1251 1398 1308 sitienti
1441 1265 1638 1319 aquam
1686 1249 1848 1314 ferte,
1883 1250 1975 1318 qui

388 1337 652 1402 habitatis
709 1341 764 1396 in
807 1343 1032 1413 regione
1073 1343 1333 1399 szeman
1362 1360 1376 1397 :
1405 1342 1638 1413 panibus
1696 1342 1976 1398 occurrite

387 1430 746 1503 fugientibus,
777 1445 1000 1507 propter
1036 1436 1436 1492 multitudinem
1484 1435 1816 1500 occisorum,
1846 1449 1973 1504 pro-

389 1534 515 1595 pler
542 1526 944 1584 multitudinem
978 1531 1302 1591 errantium,
1327 1539 1549 1599 propter
1573 1527 1970 1583 multitudinem

387 1617 574 1686 gladii,
622 1627 678 1674 et
725 1606 947 1691 prepter
995 1619 1394 1675 multitudinem
1443 1634 1673 1675 arcuum
1728 1618 1972 1676 intonso-

384 1723 529 1774 rum,
570 1717 627 1766 et
657 1719 883 1781 propter
923 1710 1331 1770 multitudinem
1389 1724 1582 1766 eorum
1629 1710 1722 1780 qui
1754 1709 1968 1764 cecide-

2084 513 2215 585 παρ’
2241 513 2367 585 ἐμοὶ
2395 513 2638 582 γένεσθε.
2669 533 2690 567 ι
2726 514 2794 567 Εἴ
2827 531 2912 577 τις
2939 515 3000 567 ἐν
3041 515 3169 584 ύμῖν
3198 513 3454 585 βοηθείας
3478 513 3674 575 δεῖται,

2083 609 2214 678 παρ’
2255 607 2396 678 ἐμοῦ
2437 607 2670 678 ζητείτω
2705 607 2806 680 τὴν
2862 607 3146 679 βοήθειαν*
3178 606 3273 660 καὶ
3295 606 3349 659 εί
3371 624 3456 669 τις
3504 605 3674 659 αὑτοῦ

2082 698 2412 770 πεφρόντικε
2450 699 2746 770 σωτηρίας,
2777 701 2909 771 παρ’
2939 699 3066 770 ἐμοὶ
3113 699 3311 772 ἡκέτω.
3347 697 3532 751 Ταῦτα
3569 697 3675 767 μὲν

2081 791 2331 863 εἰρῆσθαί
2367 809 2456 864 μοι
2485 792 2631 847 δοκεῖ
2657 792 2794 863 πρὸς
2841 793 2971 857 τοὺς
2998 791 3367 864 ἐπτοημένους
3393 791 3483 846 τὸν
3505 789 3675 860 φόϐον

2080 885 2189 939 τῶν
2228 885 2565 956 Ἰδουμαίων,
2605 884 2700 951 οὓς
2735 885 2874 958 πρὸς
2919 885 3112 940 ἑαυτὸν
3153 883 3416 941 ἀνακαλεῖ
3457 885 3486 938 ό
3511 882 3671 945 Θεὸς,

2079 977 2550 1048 ἐπαγγελλόμενος
2577 978 2675 1050 τὴν
2725 979 2855 1050 παρ’
2902 977 3070 1036 αὐτοῦ
3103 976 3378 1049 βοήθειαν,
3409 977 3458 1029 εἰ
3489 991 3673 1047 παρα-

2084 1070 2296 1141 μένοιεν
2317 1072 2375 1128 ὲν
2409 1070 2582 1142 αὐτῷ.

2153 1182 2172 1214 ι
2219 1163 2310 1216 Ἐν
2355 1161 2435 1234 τῷ
2477 1160 2670 1234 δρυμῷ
2703 1161 2947 1234 ἑσπέρας
2982 1159 3274 1233 κοιμηθῇς,
3307 1161 3340 1232 ἢ
3377 1159 3435 1213 ἒν
3465 1161 3531 1230 τῇ
3559 1156 3670 1228 ὀδῷ

2076 1253 2294 1307 Δαιδάν·
2326 1253 2408 1317 εἰς
2441 1252 2769 1323 συνάντησιν
2799 1251 3026 1322 διψῶντι
3049 1250 3194 1323 ὕδωρ
3223 1249 3440 1322 φέρετε,
3471 1250 3672 1302 οἰὲνοι-

2076 1341 2300 1407 κοῦντες
2329 1344 2390 1397 ὲν
2410 1345 2476 1414 τῇ
2528 1342 2682 1416 χώρᾳ
2705 1342 2940 1415 Θαιμάν·
2971 1341 3157 1414 ἄρτοις
3209 1342 3503 1395 συναντᾶτε
3552 1341 3671 1402 τοῖς

2075 1434 2368 1504 φεύγουσιν
2398 1434 2566 1490 διὰτὸ
2591 1433 2796 1507 πλῆθος
2821 1435 2930 1492 τῶν
2961 1435 3402 1506 πεφονευμένων,
3435 1435 3530 1488 καὶ
3575 1433 3670 1488 διὰ

2073 1529 2136 1581 τὸ
2170 1527 2376 1600 πλῆθος
2421 1528 2532 1583 τῶν
2577 1528 2972 1600 πλανωμένων,
2999 1529 3094 1583 καὶ
3116 1529 3204 1582 διὰ
3230 1527 3290 1582 τὸ
3317 1527 3520 1599 πλῆθος
3561 1526 3668 1596 τῆς

2077 1619 2373 1691 μαχαίρας,
2421 1618 2516 1673 καὶ
2563 1618 2654 1672 διὰ
2683 1618 2747 1672 τὸ
2783 1617 2988 1689 πλῆθος
3020 1617 3130 1672 τῶν
3171 1615 3520 1687 τοξευμάτων
3554 1614 3666 1668 τῶν

2074 1709 2500 1782 διατεταμένων,
2549 1710 2645 1765 καὶ
2677 1709 2766 1764 διὰ
2805 1710 2868 1763 τὸ
2914 1708 3119 1782 πλῆθος
3154 1708 3266 1764 τῶν
3296 1707 3665 1762 πεπτωκότων

385 1810 516 1859 runt
541 1801 595 1856 in
624 1801 836 1857 bellua
884 1801 1004 1860 Jam
1055 1803 1201 1860 enim
1249 1803 1581 1860 instantibus
1620 1817 1823 1875 vosque
1867 1815 1959 1858 ca:-

2074 1803 2133 1856 ὲν
2156 1803 2236 1874 τῷ
2271 1802 2514 1874 πολέμῳ.
2549 1822 2569 1855 ι
2617 1803 2758 1874 Ἤδη
2786 1803 2897 1875 γὰρ
2927 1802 3269 1857 ἐπιστάντων
3292 1799 3400 1854 τῶν
3427 1815 3665 1855 κατακο-

383 1891 639 1952 dentibus
690 1895 1040 1961 adversariis,
1077 1910 1237 1965 quam
1285 1895 1502 1964 plurimi
1545 1903 1783 1951 vestrum
1820 1893 1967 1964 peri-

382 1985 521 2042 bunt
553 2002 567 2040 :
595 1986 639 2044 si
681 1995 860 2042 autem
893 2003 1034 2045 unus
1063 2003 1130 2044 ex
1160 1988 1335 2054 vobis,
1368 1992 1452 2043 vel
1482 1987 1610 2054 duo,
1647 1987 1732 2042 vel
1772 1987 1965 2042 admo-

381 2075 510 2132 dum
559 2078 718 2148 pauci
755 2079 1062 2138 incolumes
1093 2080 1392 2144 evaserint,
1418 2078 1542 2150 fuga
1585 2077 1816 2134 salutem
1864 2093 1963 2132 aa-

377 2181 488 2240 cti;
519 2173 608 2232 his
637 2189 760 2246 ego,
794 2183 984 2245 utpote
1017 2154 1370 2247 fugientibus,
1403 2185 1461 2232 et
1496 2175 1623 2245 fuga
1653 2173 1966 2245 defatigatis

378 2273 438 2320 et
464 2264 682 2330 solutis,
705 2279 827 2322 cum
861 2267 1025 2322 urbes
1052 2265 1372 2322 incolendas
1395 2281 1500 2320 non
1535 2265 1794 2328 habeant,
1827 2277 1966 2332 prae-

375 2358 519 2426 cipio
553 2367 620 2415 ut
654 2357 710 2413 in
759 2356 900 2414 saltu
957 2365 1012 2411 et
1048 2357 1102 2414 in
1161 2357 1393 2413 desertis
1447 2356 1605 2420 locis,
1661 2361 1965 2422 occupante

374 2461 630 2520 vespera,
665 2448 958 2506 dormiant.
997 2448 1199 2504 Verum
1231 2463 1298 2502 ne
1331 2446 1476 2501 fame
1521 2456 1773 2512 pereant,
1806 2444 1963 2501 lassis

375 2545 483 2601 iliis
531 2555 587 2601 et
639 2544 952 2602 sitientibus
983 2544 1168 2606 offerri
1220 2561 1416 2614 aquam
1448 2555 1506 2600 et
1540 2560 1738 2616 panem
1779 2543 1958 2612 iubeo.

375 2638 472 2694 llis
506 2651 686 2694 autem
733 2655 828 2695 vos
872 2640 1140 2710 alloquor,
1165 2639 1259 2709 qui
1297 2639 1581 2702 'Ihzcman,
1629 2638 1711 2692 sic
1757 2637 1960 2691 dictam

375 2731 683 2800 regionem,
721 2731 964 2788 incolitis
995 2747 1008 2784 :
1044 2745 1183 2802 quos
1231 2732 1484 2787 convenit
1529 2729 1804 2799 fugientes
1837 2742 1962 2798 per-

372 2820 690 2876 humaniter
735 2823 991 2891 excipere
1035 2833 1091 2876 et
1143 2832 1407 2879 tractare.
1455 2819 1594 2874 Puto
1641 2829 1820 2880 autem
1866 2833 1961 2876 eos

373 2925 501 2966 cum
539 2912 820 2969 civitatem
854 2913 1096 2969 incolere
1127 2929 1235 2968 non
1275 2913 1506 2982 possint.
1535 2913 1590 2967 in
1633 2911 1737 2966 viis
1766 2920 1822 2966 et
1851 2910 1960 2967 sal-

374 3003 524 3059 tibus
561 3004 914 3060 ltabitaturos
947 3019 1090 3060 esse.
1122 3003 1490 3071 Quamobrem
1529 3021 1595 3058 ne
1643 3003 1960 3073 despiciatis

368 3109 469 3149 eos
512 3095 606 3165 qui
659 3103 772 3150 tam
822 3095 1216 3152 miserabiliter
1257 3094 1400 3153 fame
1445 3104 1717 3164 pereunt,
1757 3096 1848 3164 qui
1888 3109 1954 3149 ex

370 3188 727 3244 inimicorum
763 3189 945 3259 gladio
985 3189 1118 3246 salvi
1166 3199 1459 3245 evaserunt
1488 3206 1504 3245 :
1539 3191 1684 3258 quod
1720 3189 1958 3244 maxime

369 3293 441 3335 ex
483 3289 629 3336 tanta
672 3281 1022 3336 multitudine
1064 3282 1362 3345 evaserint,
1418 3280 1638 3336 czeteris
1687 3280 1960 3350 pereunti-

369 3371 497 3432 bus,
533 3380 629 3425 aut
658 3372 712 3425 in
744 3371 871 3426 aliis
904 3371 1136 3427 desertis
1167 3372 1300 3429 locis
1329 3371 1668 3428 errantibus.

2072 1897 2317 1951 πτόντων
2339 1896 2484 1968 ὑμᾶς
2511 1895 2802 1968 πολεμίων,
2831 1897 2881 1950 οἱ
2917 1896 3016 1967 μὲν
3049 1895 3292 1948 πλεῖστοι
3318 1893 3426 1946 τῶν
3445 1895 3504 1947 ὲν
3533 1893 3666 1964 ύμῖν

2067 1988 2420 2055 ἀπόλλυνται,
2464 1983 2546 2054 εἰς
2590 1989 2649 2043 δέ
2676 2005 2782 2043 που
2821 1989 2915 2042 καί⁵
2941 1986 3212 2059 δεύτερος,
3261 1985 3414 2058 ἢκαὶ
3457 1985 3666 2057 σφόδρα

2070 2080 2296 2153 βραχεῖς
2344 2083 2392 2135 εἰ
2435 2081 2793 2154 περισωθεῖεν
2823 2083 2966 2153 φυγῇ
3009 2079 3108 2152 τὴν
3135 2078 3412 2150 σωτηρίαν
3444 2076 3667 2150 ποριζό-

2071 2189 2245 2244 μενοι,
2305 2171 2518 2236 τούτοις
2563 2173 2748 2238 αύτοῖς
2799 2171 2909 2241 ἐγὼ
2951 2170 3420 2244 παρακελεύομαι,
3459 2169 3664 2224 ὡσανεὶ

2067 2263 2330 2334 φεύγουσι
2385 2265 2482 2319 καὶ
2532 2267 2600 2318 ὲκ
2644 2265 2743 2336 τῆς
2777 2264 2957 2334 φυγῆς
3007 2261 3365 2336 παρειμένοις
3408 2261 3511 2334 ήδη
3566 2263 3667 2316 καὶ

2065 2357 2468 2429 ἐκλελυμένοις,
2504 2357 2700 2429 μηκέτι
2717 2356 2847 2428 γοῦν
2882 2356 3037 2411 πόλιν
3056 2359 3226 2410 οἰκεῖν
3257 2355 3493 2427 ἔχοντες,
3515 2346 3663 2408 οὗτοι

2065 2451 2125 2504 ὲν
2156 2450 2348 2523 δρυμῷ
2389 2453 2482 2510 καὶ
2515 2452 2572 2505 ὲν
2600 2452 2831 2523 ἐρήμοις
2873 2450 3081 2514 τόποις,
3118 2449 3538 2520 καταλαϐούσης
3562 2448 3664 2502 αύ-

2063 2545 2190 2608 τοὺς
2238 2544 2477 2616 ἑσπέρας
2531 2542 2982 2615 κοιμηθήσονται.
3040 2541 3178 2597 Ἀλλ’
3225 2542 3314 2596 ἵνα
3387 2541 3461 2612 μὴ
3514 2539 3662 2612 λιμῷ

2063 2637 2434 2708 διαφθαρεῖεν,
2465 2635 2807 2707 κεκμηκόσιν
2831 2635 3014 2698 αὐτοῖς
3042 2634 3136 2687 καὶ
3164 2632 3391 2703 διψῶσιν
3417 2630 3526 2686 ἀπὸ
3555 2648 3663 2686 κα-

2066 2730 2262 2800 μάτου,
2295 2729 2628 2802 προσφέρειν
2670 2727 2815 2800 ὕδωρ
2858 2727 2953 2781 καὶ
2991 2727 3154 2799 ἄρτον
3189 2723 3658 2797 παρακελεύομαι.

2063 2822 2250 2876 Ταῦτα
2284 2822 2343 2876 δὲ
2376 2823 2513 2894 πρὸς
2559 2822 2705 2893 ὑμᾶς
2760 2839 2904 2892 φημι
2959 2821 3087 2885 τοὺς
3117 2819 3219 2891 τὴν
3262 2816 3480 2891 Θαιμὰν
3511 2815 3662 2871 οὕτω

2062 2914 2407 2985 καλουμένην
2465 2911 2650 2984 χώραν
2699 2911 3006 2975 οἰκοῦντας,
3058 2909 3153 2975 οὓς
3208 2909 3408 2982 πρέπει
3465 2908 3661 2976 δεξιῶς

2059 3005 2420 3077 ἀποδέχεσθαι
2472 3005 2568 3058 καὶ
2609 3002 3154 3075 φιλανθρωπεύεσθαι
3208 3003 3337 3068 τοὺς
3384 3001 3654 3072 φυγάδας.

2065 3095 2231 3170 Οἶμαι
2253 3098 2310 3152 δὲ
2344 3097 2498 3151 πόλιν
2533 3096 2612 3150 ἔτι
2654 3098 2931 3150 κατοικεῖν
2969 3096 3030 3148 ού
3063 3095 3371 3166 δυνάμενοι,
3414 3095 3472 3149 ὲν
3517 3094 3661 3158 ὁδοῖς

2063 3191 2158 3244 καὶ
2181 3191 2406 3262 δρυμοῖς
2455 3188 2897 3261 αύλισθήσονται.
2941 3187 3032 3242 Διὸ
3076 3187 3154 3259 μὴ
3179 3187 3444 3259 παρίδητε
3481 3187 3661 3252 οὕτως

2061 3282 2296 3354 οἰκτρῶς
2316 3281 2460 3354 λιμῷ
2489 3281 2875 3354 φθειρομένους
2903 3281 3032 3344 τοὺς
3059 3279 3427 3344 διασωθέντας
3458 3280 3524 3332 ὲκ
3552 3279 3658 3350 τῆς

2059 3374 2170 3431 τῶν
2214 3375 2489 3446 πολεμίων
2538 3374 2834 3447 μαχαίρας·
2890 3373 2940 3429 οἳ
2993 3371 3231 3444 μάλιστα
3281 3373 3359 3433 ὲκ,
3394 3370 3655 3426 τοσούτου

372 3461 615 3534 πλήθους
643 3463 957 3536 δεδύνηνται
979 3465 1284 3536 διαφυγεῖν,
1319 3466 1429 3520 τῶν
1454 3466 1657 3521 λοιπῶν
1689 3466 2065 3535 ἀπολωλότων,
2114 3468 2147 3540 ἢ
2196 3470 2291 3524 καὶ
2328 3467 2820 3540 άποπλανηθέντων
2872 3469 2932 3522 ὲν
2978 3467 3186 3540 ἑτέροις
3243 3466 3658 3537 ἀπῳκισμένοις

365 3557 575 3624 τόποις.

443 3649 608 3707 Vsus.
642 3651 733 3719 l6,
763 3653 849 3708 Π.
881 3671 901 3705 ι
927 3652 1193 3720 Quoniam
1226 3657 1308 3711 sic
1333 3655 1468 3710 dixit
1497 3657 1629 3711 mihi
1665 3655 1952 3720 Dominus,

363 3743 558 3799 Adhuc
597 3758 774 3799 annus
803 3752 1065 3815 tanquam
1122 3759 1300 3800 annus
1347 3747 1698 3809 mercenarii,
1731 3746 1955 3802 deficiet

367 3836 542 3908 gloria
586 3837 826 3893 iiliorum
861 3837 1159 3894 Cedarzet
1199 3841 1346 3910 quod
1398 3840 1674 3908 reliquum
1728 3851 1809 3895 est
1863 3855 1954 3894 ar-

365 3944 528 3984 cuum
570 3927 795 3986 fortium
835 3929 1072 3984 liliorum
1115 3929 1313 3996 Cedar,
1349 3931 1458 3985 erit
1496 3931 1777 4000 exiguum,
1813 3946 1952 3999 quo-

365 4019 514 4075 niam
548 4021 809 4076 Dominus
841 4019 984 4076 Deus
1006 4019 1172 4075 lsrael
1205 4021 1418 4076 locutus
1450 4031 1554 4076 est.
1587 4041 1606 4073 ι
1632 4019 1788 4087 Quod
1821 4035 1949 4089 prov

364 4125 457 4181 pe,
493 4121 548 4170 et
591 4112 752 4182 quasi
803 4112 945 4168 intra
992 4112 1188 4183 januas
1233 4113 1536 4184 ingressum
1593 4114 1664 4169 sit
1705 4112 1952 4170 Idumaeas

363 4203 712 4259 exitiumzet
737 4205 886 4275 quod
935 4207 1162 4260 omnino
1213 4207 1271 4261 in
1315 4207 1616 4276 perniciem
1654 4207 1778 4261 ituri
1813 4205 1948 4270 sint,

363 4295 682 4369 Babyloniis
729 4313 918 4353 eorum
975 4300 1141 4354 urbes
1192 4299 1631 4364 iucendcntibus,
1665 4314 1730 4356 ac
1778 4309 1949 4354 totam

362 4390 644 4462 iegionem
698 4390 1126 4460 populantibus,
1181 4393 1328 4447 clare
1381 4394 1731 4461 praenuntiat.
1794 4391 1949 4448 Unus

363 4487 588 4558 quippe,
628 4485 730 4548 ait,
767 4485 1072 4538 intercedet
1119 4501 1318 4550 annus,
1349 4495 1404 4540 et
1437 4486 1708 4557 sagittarii
1747 4485 1946 4551 Cedar,

360 4577 604 4643 etiamsi,
633 4579 834 4644 inquit,
863 4578 1059 4632 mirum
1089 4579 1183 4644 sit,
1217 4579 1272 4633 in
1312 4578 1430 4650 ejus
1473 4582 1550 4634 rei
1579 4578 1946 4648 suspicionem
1980 4617 2024 4670 υ

359 4672 667 4734 venientes,
709 4669 964 4724 deﬁcient
1014 4680 1070 4724 et
1123 4669 1396 4739 peribunt.
1446 4668 1698 4738 Veraque
1751 4668 1949 4738 praedi-

359 4763 472 4817 ctio
501 4771 604 4826 est,
647 4759 909 4815 Dominus
949 4759 1096 4814 enim
1158 4757 1300 4814 Deus
1356 4757 1528 4812 Israel
1575 4757 1791 4814 locutus
1839 4765 1945 4812 est.

362 4837 581 4909 Veritas
603 4864 785 4907 autem
815 4867 1095 4920 nunquam
1127 4853 1444 4906 mentietur.

931 5050 1159 5106 CAPUT
1201 5051 1366 5106 XXII.

430 5213 596 5270 Vens.
631 5214 684 5270 1.
713 5235 731 5268 ι
761 5213 919 5269 Visio
945 5212 1104 5267 vallis
1135 5211 1288 5266 Sion.
1323 5210 1464 5277 Quid
1498 5211 1698 5268 factum
1718 5223 1801 5269 est
1825 5213 1944 5280 tibi,

356 5309 614 5376 quoniam
655 5322 803 5363 nunc
847 5305 1184 5362 ascendistis
1221 5319 1415 5358 omnes
1453 5303 1505 5357 in
1547 5313 1688 5360 tecta
1715 5306 1892 5361 vana?
1919 5327 1938 5359 ι

355 5399 604 5455 Praesens
633 5401 792 5456 vallis
827 5398 1014 5454 Sionis
1044 5397 1207 5454 visio.
1237 5413 1343 5452 non
1375 5399 1442 5452 de
1481 5397 1599 5468 ipsa
1631 5399 1821 5464 Sione,
1848 5401 1943 5456 sed

358 5492 427 5548 de
457 5492 745 5559 adiacente
769 5493 907 5546 valle
933 5492 1153 5546 dicitur.
1186 5489 1558 5555 Quamobrem
1602 5493 1677 5548 ait
1705 5503 1895 5562 postea
1923 5511 1936 5547 :

360 5600 381 5635 ‹
410 5583 474 5636 Et
500 5591 663 5637 erunt
690 5583 876 5639 electa
895 5583 1063 5638 valles
1093 5591 1220 5646 tuas,
1257 5580 1612 5650 replebuntur
1645 5585 1936 5639 curribus:

355 5675 567 5748 equites
625 5690 758 5732 vero
817 5677 1111 5732 occludeut
1174 5691 1362 5748 portas
1427 5684 1613 5732 tuas.»
1691 5678 1941 5733 Arbitror

357 5783 521 5840 porro
557 5766 730 5828 Deum
776 5768 866 5828 his
906 5766 1271 5839 ahjcctioucm
1318 5769 1535 5832 lsraclis
1559 5782 1937 5832 etcxtt'cmatu

2139 3675 2158 3708 ι
2203 3657 2348 3712 Διότι
2386 3654 2561 3720 οὕτως
2608 3652 2729 3710 εἶπέ
2762 3669 2853 3728 μοι
2882 3655 3106 3729 Κύριος·
3143 3655 3264 3713 Ἔτι
3298 3654 3544 3719 ἐνιαυτὸς
3573 3653 3654 3720 ὡς

2059 3747 2306 3812 ἐνιαυτὸς
2335 3747 2642 3831 μισθωτοῆ
2660 3747 2898 3818 ἐκλείψει
2931 3749 2964 3819 ἡ
2991 3746 3117 3813 δόξα
3140 3746 3251 3801 τῶν
3277 3745 3408 3802 υἱῶν
3433 3745 3650 3818 Κηδάρ,

2061 3841 2156 3894 καὶ
2171 3841 2232 3896 τὸ
2252 3841 2578 3898 κατάλοιπον
2596 3841 2705 3893 τῶν
2727 3838 3076 3910 τοξευμάτων
3104 3838 3214 3891 τῶν
3246 3836 3485 3910 ἰσχυρῶν
3515 3837 3653 3891 υἱῶν

2061 3933 2252 4004 Κηδὰρ
2285 3933 2437 3989 ἔσται
2468 3932 2668 4000 ὀλίγον,
2703 3932 2785 3986 ὅτι
2815 3931 3020 4003 Κύριος
3047 3933 3076 3984 ό
3100 3930 3230 3994 Θεὸς
3275 3928 3492 4002 Ἰσραὴλ
3521 3928 3651 3983 ἐλά-

2057 4027 2242 4100 λησεν.
2279 4048 2297 4080 ι
2329 4029 2454 4082 Ὅτι
2499 4029 2722 4098 γέγονεν
2771 4028 2959 4096 ἐγγὺς,
2995 4026 3090 4081 καί
3137 4019 3251 4079 οἷον
3278 4025 3410 4079 εἵσω
3446 4024 3648 4098 βέϐηκε

2058 4113 2239 4192 θυρῶν
2271 4123 2299 4176 ὁ
2328 4121 2427 4193 τῆς
2480 4121 2787 4192 Ἰδουμαίας
2837 4119 3078 4190 ὄλεθρος,
3124 4121 3219 4175 καὶ
3259 4119 3342 4176 δτι
3375 4119 3554 4191 πάντη
3588 4137 3650 4174 τε

2057 4214 2154 4267 καί⁸
2213 4213 2431 4278 πάντως
2482 4215 2792 4286 οἰχήσονται
2847 4212 2985 4284 πρὸς
3036 4211 3330 4277 ἀπώλειαν,
3372 4229 3650 4283 κατεμπι-

2057 4307 2311 4378 πράντων
2344 4310 2529 4372 αὐτοῖς
2582 4306 2681 4370 τὰς
2732 4305 2916 4370 πόλεις
2970 4305 3080 4359 τῶν
3122 4304 3502 4369 Βαϐυλωνίων,
3553 4305 3652 4358 καὶ

2057 4400 2273 4454 ἃπασαν
2300 4399 2358 4452 δὲ
2385 4399 2797 4471 καταδῃούντων
2829 4398 2927 4470 τὴν
2965 4401 3172 4470 χώραν,
3204 4397 3650 4470 προαπαγγέλλει

2058 4490 2266 4560 σαφῶς.
2310 4485 2404 4554 Εἷς
2443 4490 2551 4562 γὰρ
2586 4490 2760 4553 ἔσται,
2792 4491 2978 4560 φησὶν,
3018 4490 3048 4542 ὁ
3081 4490 3324 4554 ἐνιαυτὸς
3349 4491 3378 4543 ὁ
3416 4489 3648 4561 μεταξὺ,

2056 4584 2150 4640 καὶ
2183 4585 2232 4637 οἱ
2262 4583 2360 4654 τῆς
2388 4581 2581 4654 Κηδὰρ
2619 4583 2854 4648 τοξόται,
2891 4583 3088 4648 καίτοι,
3124 4584 3310 4654 φησὶν,
3338 4583 3439 4638 οὐκ
3477 4583 3650 4638 ἀθαύ-

2055 4691 2279 4745 μαστοψ
2315 4676 2402 4729 ἐπ’
2441 4672 2590 4746 αὐτῷ
2620 4675 2677 4729 δὲ
2702 4675 2876 4748 τούτῳ
2903 4676 3000 4748 τὴν
3027 4675 3295 4747 ὑπόληψιν
3323 4676 3647 4748 ἐσχηκότες,

2053 4763 2366 4834 ἐκλείψουσί
2391 4782 2451 4818 τε
2483 4765 2577 4818 καὶ
2607 4765 2956 4821 ἀπολοῦνται.
2983 4767 3091 4821 Καὶ
3120 4767 3326 4839 ἀληθὴς
3350 4770 3383 4840 ὴ
3407 4770 3652 4841 προαγό-

2056 4872 2258 4926 ρευσις·
2292 4854 2496 4926 Κύριος
2527 4854 2636 4927 γὰρ
2665 4856 2923 4928 ἐλάλησεν
2949 4860 2977 4911 ό
2999 4858 3132 4922 Θεὸς
3165 4859 3405 4930 Ἰσραήλ.
3429 4861 3649 4916 Ψεύσε-

2055 4962 2144 4998 ται
2183 4945 2237 4999 δὲ
2265 4946 2462 5017 μᾶλλον
2491 4946 2795 5019 ούδαμῶςή
2827 4948 3070 5021 ἀλήθεια.

2577 5064 2971 5119 ΚΕΦΑΛΑΙΟΝ
2997 5067 3122 5121 KB’.

2130 5239 2147 5271 ι
2205 5220 2276 5272 Τὸ
2304 5221 2486 5292 ὅραμα
2513 5221 2614 5290 τῆς
2648 5223 2932 5294 φάραγγος
2977 5224 3135 5279 Σιών.
3165 5226 3231 5279 Τί
3271 5227 3494 5296 ἐγένετό
3537 5247 3643 5295 σοι,

2051 5315 2133 5366 ὅτι
2164 5313 2258 5368 νῦν
2288 5314 2518 5386 ἁνέὅητε
2542 5314 2746 5380 πάντες
2777 5318 2859 5380 εἰς
2898 5316 3125 5389 δώματα
3159 5319 3400 5390 μάταιας
3433 5341 3452 5374 ›
3480 5323 3554 5377 Τό
3582 5341 3647 5391 γε

2055 5407 2163 5478 μὴν
2217 5406 2578 5478 προκείμενον
2639 5409 2924 5480 φάραγγος
2986 5409 3124 5465 Σιὼν
3187 5413 3370 5485 ὅραμα
3419 5414 3482 5467 ού
3546 5416 3649 5487 τῆς

2049 5498 2219 5568 αὐτῆς
2254 5498 2412 5564 Σιὼν,
2451 5499 2589 5554 ἀλλὰ
2626 5501 2754 5573 περὶ
2799 5501 2902 5570 τῆς
2951 5503 3320 5575 προκειμένης
3355 5505 3497 5578 αὐτῇ
3541 5510 3646 5576 φάε

2050 5610 2255 5662 ραγγος
2282 5595 2516 5664 εἴρηται.
2557 5595 2757 5666 Διόπερ
2813 5597 2940 5668 ἑξῆς
2969 5596 3174 5668 προῖὼν
3217 5599 3246 5650 ὀ
3295 5597 3452 5666 λόγος
3482 5602 3638 5672 φησι·

2053 5703 2070 5735 ι
2116 5686 2226 5740 Καὶ
2254 5685 2467 5742 ἔσονται
2522 5688 2779 5742 ἐκλεκτοὶ
2807 5689 3092 5762 φάραγγές
3125 5709 3242 5757 σου,
3294 5691 3637 5763 πλησθήσογ-

2047 5797 2134 5836 ται
2183 5781 2462 5854 ἁρμάτωνο
2509 5785 2555 5838 οἱ
2600 5783 2657 5840 δὲ
2686 5787 2886 5857 ⁸ἱππεῖς
2926 5785 3265 5860 ὲμφράξουσι
3314 5784 3413 5849 τὰς
3463 5785 3637 5852 πύλας
