3862 6210
232 301 348 359 243

1163 300 1664 373 COMMENTARIA
1703 303 1771 361 IN
1811 305 2068 362 lSAlAM.
2108 338 2181 349 ——
2215 306 2366 365 CAP.
2408 307 2575 364 XXli.

3389 312 3504 369 246

236 438 362 476 σου.
396 438 419 473 ι
458 415 628 492 οἶμαι
670 419 765 475 διὰ
795 418 1003 474 τούτων
1032 419 1126 476 τὸν
1152 421 1287 477 Θεὸν
1316 422 1416 495 τὴν
1437 422 1708 494 ἀποϐολὴν
1731 422 1826 477 τοῦ

1935 423 2047 493 eius
2070 424 2287 481 ruinam
2317 425 2633 496 signiﬁcare
2665 427 2826 493 velle,
2865 426 3124 497 ipsosque
3150 428 3203 482 in
3238 427 3502 500 alienige-

248 513 473 586 Ἰσραὴλ
499 513 595 566 καὶ
620 514 721 585 τὴν
748 513 984 585 ἐσχάτην
1011 512 1327 568 ἀπόπτωσιν
1358 515 1601 586 σημῆναι
1634 512 1821 586 βουλό-

240 620 428 675 μενον,
453 605 512 658 ἐν
543 603 624 676 τῷ
641 604 882 675 τάγματι
901 605 1010 658 τῶν
1025 603 1337 675 ἀλλοφύλων
1363 606 1561 670 αὐτοὺς
1586 604 1824 660 κατατά-

240 695 356 761 ξαι,
388 695 591 768 μέσους
616 696 1182 768 παραληφθένταςτῆς
1210 696 1320 750 τῶν
1347 696 1661 768 ἀλλοφύλων
1676 696 1820 769 Γρα-

234 787 374 861 φῆς.
401 787 565 842 Ἀλλά
591 787 686 842 καὶ
702 787 804 860 τὴν
823 787 1033 843 πτῶσιν
1060 788 1162 860 τῆς
1199 788 1552 861 Ἰερουσαλὴμ
1580 787 1823 861 ἡγοῦμαι

233 876 559 951 δηλοῦσθαι,
590 877 680 932 διά
707 876 869 932 τοῦτο
908 877 1167 949 φάραγγα
1207 876 1348 932 Σιὼν
1374 876 1681 949 ὀνομάζων.
1710 876 1824 931 Καὶ

234 970 419 1035 ἄλλως
439 965 501 1023 δὲ
538 970 816 1042 μέμφεται
840 971 870 1024 ὁ
896 970 1030 1034 Θεὺς
1049 968 1144 1024 τοῦ
1185 966 1453 1024 Ἰουδαίων
1484 969 1671 1033 ἔθνους
1696 968 1825 1032 τοὺς

235 1062 623 1127 amorim
651 1061 747 1117 τοῦ
776 1062 945 1134 ὕψους
975 1062 1070 1117 τοῦ
1088 1061 1375 1127 θεοσεϐοῦς
1406 1061 1821 1135 πολιτεύματος,

235 1155 436 1228 ὥσπερ
469 1154 611 1228 δὴὲν
636 1153 849 1210 κοιλάσι
879 1155 976 1209 καὶ
998 1157 1059 1209 ἐν
1084 1154 1325 1227 φάραγξι
1368 1155 1466 1209 τοῦ
1494 1155 1597 1226 τῆς
1625 1155 1825 1220 κακίας

234 1247 409 1318 βυθοῦ
462 1246 986 1312 καταπεπτωκότας.
1037 1245 1178 1300 Σιὼν
1236 1247 1335 1319 μὲν
1360 1245 1472 1318 γάρ
1513 1246 1641 1320 ὅρος
1670 1248 1825 1301 ἐστὶν

236 1339 470 1411 ὑψηλδνν
510 1339 595 1409 ιφ*
623 1335 685 1394 οὗ
713 1340 745 1393 ὁ
784 1336 924 1402 νεὼς
950 1338 1047 1393 τοῦ
1075 1338 1212 1392 Θεοῦ
1245 1338 1578 1410 ᾠκοδόμητο·
1605 1338 1687 1392 διὸ
1737 1337 1825 1392 λέ-

235 1430 450 1486 inatur
485 1449 506 1483 ι
553 1430 672 1485 Ἐπ’
696 1428 826 1502 ὅρος
845 1426 1047 1502 ὑψηλὸν
1071 1429 1324 1501 ἀνάϐηθι,
1355 1431 1387 1484 ὁ
1406 1429 1826 1502 εὐαγγελιζόμε-

235 1538 331 1587 νος
357 1522 519 1577 Σιῶνο
575 1542 594 1576 ι
632 1524 751 1589 ut,
778 1541 805 1576 ί
849 1522 1295 1595 Προσεληλύθατε
1350 1522 1491 1577 Σιὼν
1540 1522 1679 1596 ὄρει,
1729 1523 1826 1579 καὶ

236 1616 395 1669 πόλει
418 1615 563 1671 Θεοῦ
584 1614 795 1680 ζῶντος
834 1613 1186 1687 Ἰερουσαλὴμ
1222 1614 1554 1687 ἐπουρανίῳ.
1597 1636 1617 1669 ι
1653 1614 1765 1672 Καὶ
1793 1617 1824 1669 ὁ

235 1704 473 1776 λόγοςῆ
496 1710 528 1762 ὁ
555 1703 913 1777 εὐαγγελικδς
932 1708 1025 1762 διά
1050 1707 1144 1761 τοῦ
1166 1705 1303 1761 Σιὼν
1317 1707 1441 1779 ὅρος
1464 1707 1825 1779 σημαίνεσθαι

1922 528 2119 570 narum
2146 515 2337 572 ordine
2368 529 2671 585 reponere;
2701 530 2823 570 nam
2870 517 3030 573 medii
3069 517 3211 573 inter
3239 518 3501 590 alienige-

1922 614 2024 659 nas
2058 604 2118 660 in
2169 604 2454 676 Scriptura
2500 605 2776 660 locantur.
2826 605 2936 662 Sed
2974 610 3140 663 etiam
3184 619 3318 679 puto
3369 625 3498 666 eum

1924 695 2309 769 iiierosolymre
2335 698 2552 753 ruinam
2569 696 2865 765 declarare,
2895 699 3123 770 ideoque
3144 702 3338 759 vallem
3367 701 3501 759 Sion

1924 789 2099 857 ipsam
2146 803 2366 845 vocare.
2414 788 2672 858 Alioquin
2726 804 2859 845 vero
2889 805 2920 846 e
2965 789 3276 848 Judaeorum
3337 802 3501 862 gente

1923 881 2068 939 Deus
2087 897 2184 939 eos
2207 883 2480 954 coarguit,
2503 883 2598 953 qui
2626 897 2660 938 ιι
2678 882 2920 953 religiosi
2950 883 3185 940 instituti
3217 885 3502 942 cacumine

1924 974 2269 1039 deciderunt,
2293 988 2395 1031 ceu
2429 974 2485 1028 in
2523 973 2692 1029 valles
2732 983 2791 1030 et
2823 974 3111 1046 voragines
3140 974 3503 1045 proiundissi-

1925 1076 2027 1120 mm
2074 1064 2295 1121 mullth
2341 1064 2568 1135 delapsi.
2595 1062 2809 1120 Etenim
2864 1063 2996 1120 Sion
3052 1078 3209 1120 mons
3243 1072 3327 1120 est
3358 1077 3499 1134 pra:-

1924 1155 2086 1223 altus,
2114 1154 2172 1210 in
2200 1168 2310 1226 quo
2339 1155 2598 1226 templum
2631 1154 2727 1209 Dei
2765 1154 3095 1211 aediﬁcatum
3131 1162 3251 1209 erat
3280 1170 3294 1207 :
3326 1167 3501 1224 quare

1925 1246 2128 1303 dicitur
2154 1263 2169 1301 :
2199 1265 2218 1298 ι
2250 1245 2427 1317 Super
2473 1255 2714 1331 moptem
2776 1244 3051 1301 excelsum
3107 1243 3364 1313 ascende,
3407 1245 3501 1314 qui

1926 1339 2274 1409 evangelizas
2324 1338 2529 1405 Sion“;
2559 1357 2578 1391 ι
2639 1347 2695 1393 et
2745 1353 2760 1389 :
2815 1336 3188 1393 «Accessistis
3245 1337 3316 1393 ad
3369 1335 3506 1393 Sion

1926 1436 2194 1496 montem,
2228 1439 2283 1486 et
2328 1431 2604 1486 civitatem
2643 1430 2739 1488 Dei
2776 1428 3012 1485 viventis
3054 1427 3357 1484 Jerusalem
3383 1441 3504 1483 eu:-

1925 1521 2124 1578 iestetu
2143 1523 2186 1580 ⁸.
2214 1540 2233 1575 ι
2271 1522 2653 1593 Evangelicum
2695 1533 2879 1576 autem
2904 1534 3214 1578 sermonem
3241 1532 3339 1590 per
3371 1516 3506 1575 Sion

1927 1625 2169 1670 montem
2225 1612 2520 1685 signiﬁcari
2567 1613 2821 1683 superius
2867 1620 3356 1668 eommonstratum
3397 1618 3505 1665 est.

1926 1708 2030 1776 Qui
2077 1720 2243 1777 porro
2276 1720 2344 1762 ex
2390 1706 2496 1761 hac
2526 1720 2623 1775 spe
2650 1704 2990 1770 deciderunt,
3019 1703 3080 1760 in
3106 1701 3304 1759 vallem
3351 1700 3503 1757 Sioni

234 1799 328 1855 διά
352 1801 466 1854 τῶν
491 1800 803 1873 ἔμπροσθεν
830 1800 1194 1855 ἐπεδείκνυτο.
1226 1801 1292 1855 Οί
1334 1800 1392 1855 δὲ
1416 1800 1621 1872 ταύτης
1664 1801 1828 1855 ἐκπε-

1935 1797 2268 1867 adjaceutem
2292 1795 2497 1868 delapsi
2530 1807 2659 1853 sunt
2695 1818 2708 1853 ;
2738 1810 2866 1851 nam
2912 1808 3104 1852 rursus
3134 1794 3390 1849 virtutem
3419 1806 3506 1849 se-

236 1892 542 1964 σοντες-τῆς
568 1892 786 1958 nemo;
805 1894 863 1946 ἐν
884 1893 1134 1966 φάραγγι
1150 1892 1530 1965 παρακειμένῃ
1558 1892 1657 1964 τῆς
1685 1891 1827 1947 Σιὼν

234 1985 588 2041 πεπτώκασι·
611 1983 777 2042 πάλιν
827 1982 937 2060 γάρ
968 1988 1141 2060 ἀρετῇ
1168 1986 1341 2040 κακία
1371 1984 1697 2056 παρέπεται,
1745 1985 1827 2049 είς

230 2079 304 2149 ἣν
330 2079 606 2151 ἐμπίπτει
632 2081 668 2134 '6
710 2081 811 2152 τῆς
842 2079 1046 2152 ἀρετῆς
1082 2077 1481 2145 ἐξολισθαίνων.
1512 2074 1670 2131 Οὕτω
1695 2075 1827 2143 γοῦν

230 2170 404 2239 uiti;
438 2170 675 2234 πίστεως
703 2168 1169 2242 ἐξαμαρτάνοντες
1194 2171 1274 2234 εἰς
1287 2168 1548 2226 ἀπιστίαν
1571 2168 1828 2241 περιτρέ-

234 2277 455 2316 mutat.
491 2262 551 2315 '0
568 2262 746 2316 τοίνυν
769 2263 836 2316 ὲκ
854 2262 1158 2334 περιτομῆς
1173 2260 1323 2326 λαὸς,
1348 2258 1442 2314 τοῦ
1467 2259 1827 2329 εὐαγγελικώ

235 2352 410 2424 ὕφους
472 2352 742 2415 ἐκπεσὼν,
788 2352 887 2408 καὶ
913 2353 1014 2424 τῆς
1059 2351 1385 2425 ἐπουρανίου
1417 2346 1556 2405 Σιὼν
1588 2350 1828 2405 ἀπαλλο-

234 2445 513 2517 τριωθεὶς,
554 2447 638 2510 είς
651 2445 746 2499 τὸν
782 2446 884 2516 τῆς
907 2444 1168 2509 ἀπιστίας
1195 2442 1537 2518 περιετράπη
1558 2442 1824 2518 κρημνόν·

234 2537 321 2591 διὸ
363 2537 460 2591 καὶ
484 2540 547 2592 ὲν
593 2534 913 2607 ἀλλοφύλοις
940 2535 1216 2607 ἐλογίσθη.
1252 2529 1415 2591 Ὅθεν
1451 2537 1486 2607 ὴ
1517 2535 1826 2609 προφητεία

233 2628 338 2701 τὴν
373 2629 614 2700 ἐσχάτην
641 2629 822 2684 αὐτῶν
862 2626 1134 2701 ἀποϐολὴν
1164 2627 1532 2700 αἰνιττομένη,
1560 2627 1622 2682 τὸ
1672 2627 1828 2698 ῥῆμα

236 2722 338 2793 τῆς
367 2721 652 2793 φάραγγος
679 2720 1006 2792 ἀνέγραψεν.
1048 2720 1202 2774 Ἐπεὶ
1231 2721 1305 2792 μή
1330 2722 1447 2773 ἐστι
1472 2719 1828 2791 προσωπολη-

236 2814 339 2883 ψία
384 2815 538 2887 παρὰ
564 2815 644 2886 τῷ
687 2813 831 2885 Θεῷ,
865 2812 1059 2867 τούτου
1096 2813 1258 2884 χάριν
1284 2815 1345 2867 ἐν
1370 2814 1481 2878 τοῖς
1527 2811 1668 2867 κατά
1715 2808 1827 2866 τῶν

239 2904 557 2974 ἀλλοφύλων
575 2902 814 2973 ἐλέγχοις
845 2902 1012 2973 μέσος
1035 2899 1369 2971 ὲμὸέόληται
1398 2898 1543 2953 καὶὸ
1566 2899 1699 2969 περὶ
1726 2898 1827 2969 τῆς

243 2996 383 3051 Σιὼν
408 2996 589 3065 λόγος.
609 2995 702 3049 Διὸ
739 2994 836 3049 καὶ
861 2993 990 3057 τοὺς
1017 2992 1119 3064 τῆς
1154 2990 1507 3063 Ἰερουσαλὴμ
1534 2991 1827 3062 οἰκήτορας

243 3088 435 3159 ὥσπερ
467 3090 526 3142 ὲν
550 3086 872 3156 ἀλλοφύλοις
894 3084 1221 3141 κατατάττει
1246 3083 1445 3148 ὁΘεὸς,
1469 3082 1564 3137 καὶ
1585 3081 1685 3154 τὴν
1703 3082 1823 3136 κατ’

246 3178 424 3233 αὐτῶν
448 3177 715 3249 προφέρει
740 3176 941 3249 ψῆφον.

320 3289 343 3323 ι
395 3268 732 3341 Ἐνεπλήσθη
764 3271 799 3340 η
830 3269 986 3333 πόλις
1010 3266 1277 3339 βιοιῖιντωιιο⁵
1296 3267 1345 3320 οἱ
1367 3266 1704 3338 τραυματίαι
1732 3283 1826 3320 σου

246 3360 308 3416 ού
323 3362 655 3433 τραυματίαι
673 3361 967 3433 μαχαίρας·
978 3359 1346 3430 οωόἱνεκροί
1360 3376 1453 3413 σου
1469 3358 1654 3430 νεκροὶ
1673 3357 1830 3411 πολέ-

249 3470 373 3524 pou.
414 3471 435 3505 ι
458 3451 690 3524 Θεωρῶν
708 3451 767 3504 δὲ
789 3454 820 3505 ὁ
849 3450 1136 3523 προφήτης
1164 3448 1242 3521 τῷ
1263 3449 1534 3520 πνεύματι
1563 3449 1663 3513 τὰς
1686 3447 1830 3502 κατά

247 3544 341 3600 τοῦ
392 3545 650 3617 Σωτῆρος
694 3542 824 3614 βοὰς
860 3542 1064 3611 αὐτῶν,
1097 3544 1195 3597 καὶ
1230 3543 1331 3607 τάς
1365 3541 1558 3607 ἀθέους
1579 3542 1700 3596 κατ’
1725 3543 1827 3595 αὐ-

248 3636 342 3691 τοῦ
390 3635 766 3708 βλασφημίας,
829 3635 896 3689 δι’
952 3634 1022 3700 ἃς
1073 3634 1494 3707 ἀπεδλήθησαν,
1553 3633 1825 3706 ἐπιφέρει·

324 3835 345 3870 ι
398 3813 733 3886 Ἐνεπλήσθη
748 3813 784 3885 ὴ
804 3811 957 3876 πόλις
972 3810 1236 3882 βοώντων.
1264 3812 1471 3877 Πάντες
1499 3814 1548 3866 οἱ
1572 3811 1831 3884 ἄρχοντές

248 3925 344 3963 σου
386 3906 718 3977 πεφεύγασι,
753 3904 849 3959 καὶ
893 3904 943 3957 οἱ
980 3903 1202 3968 ἁλόντες
1254 3904 1506 3976 σκληρῶς
1556 3894 1830 3975 δεδεμένοι

230 4001 377 4066 ίείσὶ,
412 4000 508 4055 καὶ
528 4000 579 4053 οἱ
608 3997 883 4069 ἰσχύοντες
917 3999 976 4052 ὲν
1010 3998 1094 4053 σοὶ
1118 3998 1306 4071 πόρρω
1337 3996 1660 4067 πεφεύγασι.
1691 4016 1711 4049 ι
1741 3997 1834 4050 Διὸ

244 4094 432 4148 ούκέτι
459 4089 601 4145 κατά
629 4090 693 4145 τὺ
721 4088 949 4144 παλαιὸν
982 4090 1111 4162 παρ’
1137 4090 1322 4153 αὐτοῖς
1346 4089 1409 4143 ού
1449 4087 1706 4159 βασιλεῖς,
1732 4088 1832 4159 οὐχ

245 4186 563 4259 ἡγούμενοι,
591 4185 696 4239 οὐκ
744 4184 1038 4257 ἀρχιερεῖς,
1090 4184 1154 4238 οὐ
1209 4182 1508 4255 προφῆται,
1557 4181 1673 4237 ἀλλ’
1710 4181 1833 4235 οὐδὲ

244 4281 554 4353 ⁴δαρισαῖοι,
600 4276 729 4332 οὐδὲ
783 4276 1151 4340 Σαδδουκαῖοι,
1185 4274 1309 4328 οὐδὲ
1341 4275 1457 4329 ὅσοι
1502 4274 1565 4328 τὸ
1602 4273 1832 4329 παλαιὸν

244 4373 368 4436 ταῖς
401 4368 532 4441 παρ’
558 4368 743 4431 αὐτοῖς
772 4366 968 4438 ἀρχαῖς
996 4364 1302 4435 τετίμηντο.
1327 4362 1513 4418 Ταῦτα
1551 4360 1774 4416 συνιδὼν
1804 4362 1834 4414 ὁ

245 4452 537 4532 προφήτης
559 4457 638 4529 τῷ
675 4454 969 4525 πνεύματι,
1010 4452 1106 4506 καὶ
1135 4452 1236 4525 τὴν
1266 4455 1333 4506 ἐκ
1369 4452 1626 4507 τοσούτου
1666 4450 1834 4521 ὕψους

246 4552 344 4606 ἐπὶ
390 4549 491 4622 τὴν
526 4548 766 4620 ἐσχάτην
797 4544 996 4601 κακίαν
1038 4543 1229 4616 ῶσπερ
1265 4543 1387 4599 τινά
1419 4545 1703 4616 φάραγγα,
1736 4542 1834 4615 τὴν

247 4641 458 4697 πτῶσιν
476 4639 572 4694 τοῦ
616 4637 888 4693 Ἰουδαίων
918 4633 1048 4691 λαοῦ
1065 4633 1466 4706 άπολοφύρεται
1495 4634 1690 4704 λέγων’

324 4837 347 4871 ι
380 4816 481 4871 Διά
507 4814 668 4871 τοῦτο
694 4810 843 4879 εἶπα,
872 4803 1072 4883 Ἄφετὲ
1107 4828 1197 4883 με,
1244 4809 1456 4883 πικρῶς
1503 4808 1828 4880 κλαύσομαι,

251 4911 331 4982 μὴ
386 4907 753 4979 κατισχύσητε
788 4905 1126 4978 παρακαλεῖν
1170 4920 1239 4975 με
1273 4902 1367 4956 ἐπὶ
1411 4901 1474 4956 τὸ
1517 4901 1831 4973 σύντριμμα

252 5005 351 5078 τῆς
394 5003 665 5075 θυγατρὸς
716 5000 810 5056 τοῦ
851 5001 1040 5071 γένους
1084 5016 1207 5072 μου.
1241 5017 1261 5051 ι
1309 4994 1440 5051 Οἶδα
1480 4996 1610 5067 γάρ,
1645 4995 1831 5068 φησὶν,

252 5096 522 5169 ἀκριϐῶς,
553 5095 650 5148 καὶ
678 5092 757 5165 τῷ
791 5091 1062 5163 πνεύματι
1096 5088 1339 5163 προορῶ,
1366 5089 1462 5142 καὶ
1482 5086 1571 5141 διά
1594 5086 1663 5140 τά
1695 5102 1834 5158 προ-

254 5188 517 5261 λεχθέντα
559 5185 760 5249 πάντα,
803 5185 899 5239 καὶ
928 5185 964 5257 ή
995 5183 1150 5248 πόλις
1178 5184 1213 5253 η
1240 5180 1320 5253 τῷ
1347 5179 1467 5250 Θεῷ
1497 5177 1836 5250 ἀνακειμένη

255 5280 527 5337 ἀλιὶισεται
548 5319 566 5344 ,
596 5279 693 5333 καὶ
728 5279 923 5342 πάντες
946 5278 997 5331 οἱ
1033 5277 1093 5330 ἐν
1116 5275 1255 5346 αὐτῇ
1294 5275 1373 5338 εἰς
1417 5271 1595 5344 χαρὰν
1627 5270 1838 5344 ἐχθρῶν

258 5372 744 5445 παραδοθήσονται.
776 5369 977 5442 Διόπερ
1027 5367 1280 5423 ἐντεῦθεν
1336 5365 1439 5437 ἤδη
1470 5363 1838 5436 ἁποδύρομαι,

262 5466 351 5519 καὶ
380 5465 575 5537 ῶσπερ
620 5464 713 5517 ἐπὶ
757 5462 997 5535 γνησίοις
1029 5459 1266 5533 ἐμαυτοῦ
1329 5457 1656 5529 σπλάγχνοις
1704 5456 1840 5510 ἁπο-

262 5556 536 5628 κλαίομαι.

331 5762 352 5796 ¹
376 5763 503 5819 lsai.
542 5776 629 5830 ιι,
662 5761 716 5817 9.
791 5762 810 5793 ⁸
836 5758 999 5816 llcbr.
1038 5758 1250 5829 111,22.

1927 1892 2115 1962 quitur
2152 1890 2383 1958 malitia,
2429 1891 2484 1945 in
2522 1903 2686 1961 quam
2718 1886 2925 1945 decidit
2963 1885 3059 1958 qui
3088 1900 3155 1942 ex
3186 1886 3389 1941 virtute
3415 1886 3508 1942 de-

1924 1983 2149 2040 labitur.
2175 1981 2268 2038 Sic
2297 1981 2464 2054 igitur
2494 1982 2587 2051 qui
2618 1993 2691 2037 ex
2718 1978 2831 2035 fide
2858 1977 3121 2035 aberrant
3158 1978 3226 2034 ad
3254 1978 3509 2033 incredu-

1926 2074 2134 2132 litatem
2175 2084 2486 2132 vertuntur.
2527 2073 2766 2145 Populus
2800 2075 2993 2146 itaque
3024 2085 3092 2128 ex
3131 2069 3508 2127 circumcisio-

1924 2179 2019 2233 ne,
2058 2181 2128 2222 ex
2180 2165 2503 2237 evangelico
2549 2166 2836 2222 cacumine
2878 2166 3081 2237 lapsus,
3114 2173 3172 2220 et
3218 2177 3250 2217 a
3294 2161 3507 2218 caelesti

1929 2258 2060 2316 Sion
2091 2259 2450 2325 abalienatus,
2480 2259 2535 2314 in
2560 2259 2926 2331 praecipitium
2953 2255 3357 2314 incredulitatis
3379 2270 3504 2310 cor-

1926 2351 2091 2407 ruit:
2130 2362 2308 2421 quare
2362 2350 2507 2406 inter
2583 2349 2921 2422 alienigenas
2983 2356 3286 2418 reputatur.
3349 2345 3508 2403 Unde

1926 2442 2210 2512 prophetia
2243 2450 2546 2497 extremam
2584 2452 2776 2498 eorum
2827 2438 3098 2512 repulsam
3147 2436 3505 2500 admubrans,

1929 2533 2157 2589 verbum
2189 2532 2348 2589 vallis
2377 2532 2690 2604 descripsit.
2721 2532 2858 2600 Quia
2890 2544 3020 2588 vero
3047 2545 3152 2587 nou
3182 2538 3270 2586 est
3313 2541 3503 2598 perso-

1929 2637 2121 2681 narum
2169 2624 2414 2694 acceptio
2461 2625 2601 2695 apud
2645 2622 2854 2691 Deum,
2902 2623 3026 2679 ideo
3082 2621 3136 2678 in
3178 2620 3507 2691 alienigena-

1930 2728 2051 2770 rum
2089 2714 2606 2786 reprehensionibus
2638 2713 2851 2769 medius
2876 2713 2943 2769 de
2974 2711 3143 2768 Sione
3192 2725 3373 2767 sermo
3413 2709 3504 2763 iu-

1926 2820 2109 2865 sertus
2141 2817 2248 2864 est.
2293 2806 2556 2877 Quocirca
2586 2805 2976 2878 Hierosolyma:
3002 2803 3232 2868 incolas,
3260 2802 3415 2881 quasi
3450 2801 3506 2855 in

1926 2899 2254 2971 alienigenis
2298 2898 2444 2955 Deus
2489 2896 2795 2964 constituit,
2824 2895 3263 2965 sententiamque
3301 2892 3509 2964 prolcrt

1926 2995 2210 3050 adversum
2237 2991 2378 3050 illos.

2007 3248 2173 3305 Vsus.
2198 3246 2254 3304 2.
2292 3266 2312 3301 ι
2341 3246 2568 3319 Repleta
2615 3256 2696 3304 est
2730 3257 2929 3304 emtas
2960 3237 3323 3303 clamantibus
3352 3266 3364 3302 :
3397 3247 3514 3300 vul-

1935 3341 2110 3397 nerati
2147 3340 2251 3407 tui,
2281 3354 2391 3397 non
2429 3339 2697 3395 vulnerati
2735 3338 2947 3411 gladio;
2983 3354 3155 3408 neque
3177 3340 3374 3393 mortui
3410 3339 3511 3404 tui.

1934 3432 2135 3488 mortui
2165 3431 2327 3488 bello.
2352 3450 2374 3485 ι
2409 3430 2615 3503 Spiritu
2642 3433 2988 3503 conspicatus
3032 3430 3293 3502 propheta
3318 3446 3509 3487 corum

1934 3535 2125 3581 contra
2180 3524 2525 3581 Salvatorem
2560 3525 2851 3590 clamores,
2899 3522 3203 3594 impiasque
3241 3524 3293 3578 in
3336 3525 3513 3593 ipsum

1934 3619 2326 3690 blasphemiae,
2356 3630 2591 3688 quarum
2637 3629 2805 3673 causa
2834 3616 3019 3685 rejecti
3060 3627 3211 3682 sunt.
3237 3615 3516 3686 subiungit

1936 3713 2065 3770 illud
2098 3727 2114 3769 :

2007 3803 2171 3861 Vens.
2202 3804 2256 3860 5.
2298 3824 2318 3857 ι
2346 3803 2567 3874 Repleta
2607 3809 2691 3860 est
2724 3802 2920 3859 civitas
2949 3801 3335 3859 clamantibus.
3384 3802 3514 3858 0m—

1937 3909 2035 3953 nes
2068 3895 2341 3966 principes
2378 3896 2456 3950 tui
2504 3893 2786 3966 fugerunt,
2814 3903 2872 3950 ct.
2915 3894 3058 3964 capti
3104 3894 3313 3949 duriter
3347 3894 3515 3948 vincti

1937 3999 2087 4055 sunt,
2113 3999 2172 4045 et
2197 3989 2288 4059 qui
2324 3994 2573 4058 potentes
2618 3998 2747 4053 sunt
2790 3987 2846 4042 in
2880 3996 2955 4053 te,
2982 3986 3141 4056 longe
3176 3986 3450 4056 fugerunt.
3486 4005 3506 4038 ι

1937 4079 2119 4147 Quare
2150 4093 2258 4133 non
2292 4077 2524 4148 amplius
2550 4085 2611 4132 ut
2647 4076 2953 4148 antiquitus
2975 4090 3153 4148 reges,
3189 4092 3293 4133 non
3326 4078 3517 4139 duces,

1939 4187 2048 4227 non
2083 4168 2418 4235 sacerdotes,
2446 4183 2555 4223 non
2600 4169 2883 4238 prophetat
2905 4169 3049 4239 apud
3079 4167 3198 4223 illos
3227 4178 3384 4228 sunt;
3416 4168 3513 4223 sed

1940 4277 2117 4333 neque
2162 4260 2442 4327 Pbarisai,
2486 4272 2665 4330 neque
2706 4259 2976 4326 Sadueazi,
3010 4275 3190 4331 neque
3235 4258 3322 4313 alii
3358 4270 3519 4328 quot-

1940 4350 2217 4423 quotolim
2252 4365 2442 4407 eorum
2473 4350 2886 4421 magistratibus
2915 4349 3188 4421 perfuncti
3213 4360 3358 4404 sunt.
3394 4348 3520 4403 llme

1939 4459 2063 4500 cum
2111 4443 2306 4514 spiritu
2351 4453 2604 4500 cerneret
2649 4444 2946 4514 pr0phcta,
2997 4456 3209 4499 necnon
3250 4440 3399 4496 illum
3450 4455 3517 4496 ex

1943 4545 2088 4590 tanta
2136 4535 2470 4591 sublimitate
2526 4535 2578 4588 in
2636 4543 2940 4591 extremm
2996 4531 3298 4591 maiitiam.
3328 4546 3425 4587 ceu
3462 4532 3515 4585 in

1940 4627 2231 4699 quamdam
2278 4625 2495 4693 vallem,
2526 4624 2739 4680 Judaiei
2782 4622 2966 4696 populi
3016 4622 3251 4694 lapsum,
3283 4622 3434 4677 luctu
3459 4636 3523 4678 se

1939 4715 2236 4773 discruciat
2266 4714 2454 4769 dicens
2487 4733 2500 4769 :

2008 4808 2173 4866 Vsus.
2216 4808 2271 4863 4.
2322 4806 2658 4876 «Ρποριετεα
2721 4804 2866 4871 dixi,
2933 4804 3097 4860 sinito
3163 4818 3287 4872 mc,
3336 4817 3523 4860 amare

1934 4902 2096 4970 ﬂebo,
2142 4916 2249 4958 non
2294 4898 2544 4972 poteritis
2594 4897 2863 4953 consolari
2932 4912 3018 4953 me
3084 4911 3246 4966 super
3317 4896 3519 4953 contri-

1938 4995 2082 5051 tione
2135 4993 2259 5048 lilia“:
2310 4991 2530 5063 generis
2581 4990 2711 5046 mei.
2740 5009 2761 5043 ι
2796 4987 2932 5044 Nam
2966 4999 3221 5046 accurate
3251 4987 3400 5053 novi,
3445 4988 3519 5042 iu-

1937 5087 2076 5157 quit,
2106 5094 2159 5141 et
2181 5085 2378 5156 spiritu
2407 5084 2702 5154 praevideo,
2726 5083 2897 5138 etiam
2931 5097 3001 5138 ex
3030 5083 3098 5138 iis
3121 5081 3375 5138 omnibus
3402 5097 3523 5153 qum

1942 5194 2103 5249 supra
2145 5178 2288 5233 dicta
2340 5183 2490 5242 sunt,
2530 5173 2805 5230 civitatem
2840 5173 2951 5229 Deo
2997 5173 3269 5229 addictam
3299 5173 3523 5244 capien-

1946 5271 2095 5334 dam,
2122 5277 2180 5323 et
2203 5280 2392 5322 omnes
2421 5265 2515 5337 qui
2554 5264 2608 5318 in
2648 5262 2738 5318 illa
2781 5274 2927 5330 sunt,
2954 5263 3009 5318 in
3044 5263 3300 5334 gaudium
3343 5261 3522 5317 inimi-

1945 5376 2132 5418 corum
2187 5360 2394 5417 daudos
2433 5372 2577 5416 esse.
2644 5359 2828 5425 Quare
2868 5356 2983 5428 jam
3016 5355 3216 5413 exhinc
3260 5355 3437 5427 lugeo,
3467 5365 3524 5410 ct

1945 5455 2098 5527 quasi
2124 5454 2364 5527 genuina
2396 5452 2604 5509 viscera
2633 5466 2750 5509 mea
2782 5447 3024 5520 deploro.
