3862 6210
345 261 450 323 N7

1017 255 1289 318 EUSEBII
1329 251 1802 312 OtESARlENSlS
1838 250 1990 309 OPP.
2031 250 2216 304 PARS
2254 249 2347 304 Ill.
2387 279 2458 290 --
2497 246 2917 304 EXEGETICA.

3517 245 3640 302 21.8

413 376 580 434 Vsus.
614 377 668 437 5,.
707 375 886 445 «Quia
942 377 1061 432 dies
1114 377 1446 432 turnattonis
1471 385 1522 431 et
1561 375 1839 440 interitus,
1869 383 1924 429 et

2107 390 2125 422 ι
2160 371 2284 423 Ὅτι
2319 371 2501 442 ἡμέρα
2531 371 2779 442 ταραχῆς
2804 372 2899 423 καὶ
2923 369 3219 433 ἀπωλείας,
3258 369 3352 424 καὶ
3378 387 3648 424 καταπα-

339 467 894 528 conculcationiszet
942 482 1102 523 error
1158 483 1188 522 a
1242 467 1477 522 Domino
1544 465 1810 520 Sabaoth.
1868 465 1926 519 In

339 560 478 618 valle
525 560 656 616 Sion
702 570 888 620 errant
923 580 936 614 :
975 575 1002 613 a
1030 574 1198 630 parvo
1247 561 1314 614 ad
1355 575 1610 629 magnum
1645 567 1836 614 errant
1871 559 1924 612 in

339 653 640 712 montibus.
673 672 692 706 ι
753 653 880 707 llzrc
924 667 1142 722 quoque
1177 651 1391 706 aestimo
1430 650 1577 706 dicta
1621 650 1689 705 de
1718 651 1805 714 iis,
1834 652 1925 719 qui

339 755 714 804 convenerunt
742 747 792 800 in
825 763 1016 810 unum,
1047 747 1173 800 dum
1205 747 1416 801 insidiae
1444 755 1636 802 contra
1672 743 1928 800 Servato-

336 853 452 898 rem
495 847 740 893 DOSU‘UHI
767 849 1131 894 struerentur.

411 928 580 983 Vens.
611 929 666 984 6.
702 947 720 979 ι
763 927 1010 985 Elamitac
1039 942 1218 986 autem
1246 941 1593 1001 sumpserunt
1621 932 1925 1002 pharetras,

335 1035 392 1081 et
442 1023 697 1078 homines
756 1024 848 1092 qui
909 1023 1212 1078 ascendunt
1249 1039 1439 1094 equos,
1471 1035 1527 1080 et
1580 1031 1928 1098 congregatio

334 1115 494 1174 aciei.
523 1134 542 1166 ι
579 1113 863 1185 Signiﬁcat
889 1124 1069 1168 autem
1117 1116 1353 1170 virtutes
1385 1117 1628 1173 occultas
1667 1129 1722 1173 et
1753 1121 1929 1176 inimi-

337 1219 456 1271 cas,
481 1205 638 1275 queis
663 1219 692 1257 a
719 1205 827 1258 Deo
858 1205 1039 1259 traditi
1077 1215 1224 1259 sunt.
1271 1205 1453 1272 Quare
1485 1208 1730 1264 Elamitaa
1756 1211 1927 1280 signi-

337 1297 505 1356 ﬁcant
537 1298 921 1367 despicientes;
959 1298 1085 1368 quia
1115 1295 1456 1368 pere'untium
1491 1301 1717 1358 salutem
1759 1305 1928 1374 negli-

343 1400 501 1462 gunt,
539 1405 604 1446 ac
639 1391 843 1446 nemini
893 1401 1144 1460 parcunt;
1172 1392 1294 1446 ideo
1320 1393 1693 1449 verisimiliter
1725 1396 1798 1450 ita
1832 1412 1925 1450 vo-

336 1493 535 1538 cantur
579 1499 771 1539 eorum
828 1495 1022 1538 turma:
1077 1483 1413 1540 obsidentes.
1474 1485 1680 1541 Verum
1731 1503 1928 1559 magno

353 1588 480 1628 cum
534 1575 783 1629 exercitu
830 1575 1093 1630 instructa
1150 1575 1268 1630 acie
1315 1576 1368 1631 in
1419 1577 1558 1633 valle
1587 1576 1717 1634 Sion
1758 1581 1826 1636 ab
1858 1581 1929 1638 iis

336 1668 565 1723 obsessa
615 1679 920 1735 versantes,
969 1685 1088 1723 eam
1128 1669 1182 1724 in
1222 1680 1525 1726 extremam
1572 1687 1800 1745 egerunt
1829 1691 1926 1730 va-

333 1761 595 1816 stitawm.

415 1851 576 1908 Vens.
616 1853 670 1907 7.
707 1853 813 1910 «Et
839 1865 1000 1908 erunt
1033 1854 1220 1911 electae
1267 1857 1435 1913 valles
1471 1866 1597 1926 tuae,
1639 1859 1926 1928 replebun-

335 1955 428 2000 tur
453 1945 722 2011 curribus,
756 1948 970 2018 equites
998 1958 1177 2006 autem
1205 1950 1699 2020 occludentportas
1729 1963 1868 2008 tuas.
1899 1973 1917 2004 ι

333 2036 458 2100 Non
489 2052 635 2094 nunc
682 2053 859 2109 neque
909 2039 965 2096 in
991 2041 1245 2111 praesenti
1285 2051 1530 2112 tempore
1554 2081 1570 2106 ,
1605 2043 1700 2098 sed
1737 2042 1790 2097 in
1828 2044 1922 2098 illa

337 2129 459 2197 die;
491 2129 750 2185 nimirum
784 2130 837 2186 in
867 2141 1110 2201 tempore
1132 2147 1228 2204 per
1251 2135 1593 2206 prophetiam
1616 2138 1922 2195 enuntiato.

410 2300 576 2359 Vsus.
605 2303 662 2370 8,
694 2304 749 2360 9.
786 2322 807 2361 ι,
835 2302 901 2358 Ει
935 2305 1214 2364 recludent
1253 2316 1442 2377 portas
1467 2310 1628 2376 Juda,
1663 2323 1718 2370 et
1745 2315 1924 2371 intue-

337 2395 543 2457 buntur
574 2394 630 2450 in
668 2397 756 2451 die
787 2396 878 2452 illa
909 2396 1116 2454 electas
1143 2399 1334 2456 domos
1367 2403 1537 2459 urbis.
1578 2405 1647 2459 Et
1680 2415 1926 2477 retegent

338 2485 656 2546 abscondita
689 2486 974 2546 domorum
1001 2492 1146 2544 arcis
1175 2489 1366 2549 David.
1388 2492 1454 2547 Et
1471 2495 1746 2560 viderunt,
1779 2498 1923 2567 quod

335 2577 523 2649 plures
550 2589 698 2647 sunt,
735 2589 790 2636 et
829 2581 974 2650 quod
1003 2585 1202 2640 avertit
1235 2599 1432 2656 aquam
1461 2589 1663 2644 veteris
1700 2590 1924 2660 piscinae

335 2671 394 2730 in
419 2671 660 2726 civitate.
695 2693 713 2725 ι
750 2671 875 2728 Haec
909 2689 1072 2744 porro
1099 2685 1258 2732 erant
1286 2694 1488 2734 arcana
1523 2682 1674 2752 regni
1703 2684 1925 2754 symbo-

338 2761 417 2828 la,
451 2774 508 2819 et
551 2779 676 2834 quae
720 2765 774 2820 in
828 2767 1144 2823 sanctuario
1172 2770 1409 2839 reposita
1453 2784 1651 2827 erant:
1685 2789 1806 2842 quae
1837 2790 1928 2830 ne-

337 2855 499 2921 mini,
556 2865 919 2928 praeterquam
991 2861 1264 2916 sacerdoti
1317 2871 1546 2928 tantum,
1607 2867 1924 2936 conspicere

337 2947 582 3004 licebat:
611 2964 731 3019 qua:
757 2951 923 3004 etiam
959 2953 1196 3008 inimicis
1227 2956 1483 3010 tradenda
1519 2956 1672 3013 dicit.
1721 2957 1834 3015 Hac
1857 2962 1925 3016 de

337 3055 508 3096 causa
558 3040 712 3095 valiis
765 3041 894 3096 Sion
943 3043 1146 3100 incolas
1199 3046 1544 3115 criminatur,
1599 3051 1743 3120 quod
1777 3063 1922 3108 vete-

338 3133 420 3189 ris
448 3133 500 3187 in
532 3134 664 3188 urbe
699 3135 918 3203 piscinre
947 3151 1114 3205 aquas
1145 3141 1447 3195 everterint
1471 3182 1487 3208 ,
1515 3143 1788 3214 aliamque
1813 3147 1920 3201 sibi

339 3225 487 3280 intra
517 3226 656 3282 duos
682 3243 866 3284 muros
893 3245 1089 3300 aquam
1124 3233 1508 3303 excogitarint.
1555 3237 1710 3306 Aqua
1760 3254 1924 3308 porro

337 3318 544 3373 veteris
586 3319 641 3374 in
674 3321 812 3375 urbe
864 3321 1106 3391 piscinae,
1146 3333 1262 3379 erat
1311 3326 1514 3380 veteris
1556 3339 1610 3382 et
1659 3329 1923 3388 divinitus

337 3409 622 3479 inspirata
661 3409 958 3480 Scriptura:
992 3428 1195 3479 sermo,
1228 3429 1386 3484 quem
1423 3414 1756 3482 derivantes,
1791 3421 1925 3474 alie-

337 3515 465 3556 nam
519 3500 621 3556 sibi
669 3517 864 3572 aquam
911 3506 1313 3575 excogitarunt,
1360 3508 1637 3563 seniorum
1675 3510 1924 3568 videlicet

337 3593 678 3660 traditiones,
728 3595 1004 3652 doctrinas
1037 3606 1093 3652 et
1141 3609 1409 3668 praecepta
1464 3599 1742 3657 hominum
1793 3604 1924 3659 edo-

338 3695 565 3740 centes:
598 3701 704 3757 qua
736 3688 804 3742 de
845 3703 905 3743 re
930 3690 1074 3758 ipsos
1109 3688 1370 3746 Servator
1399 3695 1674 3763 coarguit,
1707 3709 1920 3750 eorum-

337 3794 448 3847 que
491 3782 788 3851 nequitiam
823 3783 1150 3856 criminatur
1186 3785 1270 3838 his
1295 3785 1480 3841 verbis
1509 3806 1524 3842 :
1557 3805 1575 3838 ‹
1605 3788 1672 3842 Ει
1703 3790 1918 3844 irritum

336 3867 551 3925 fecistis
583 3871 808 3925 verbum
839 3870 932 3924 Dei
961 3881 1183 3942 propter
1210 3875 1558 3930 traditionem
1586 3887 1817 3933 vestram
1842 3881 1917 3935 ⁷.»

2035 465 2300 534 τήματος·
2358 465 2452 516 καὶ
2500 462 2766 533 πλάνησις
2805 461 2957 533 παρὰ
2996 462 3204 533 Κυρίου
3251 461 3502 517 Σαϐαὼθ.
3541 463 3647 514 Ἐν

2035 556 2280 625 φάραγγι
2321 553 2458 608 Σιὼν
2498 555 2828 608 πλανῶνται·
2865 555 2975 609 ἀπὸ
3015 555 3212 627 μικροῦ
3260 556 3363 619 ἕως
3391 554 3646 626 μεγάλου

2030 648 2338 702 πλανῶνται
2371 650 2464 702 ἐπὶ
2485 649 2554 702 τὰ
2578 647 2699 720 ὅρη.
2743 669 2762 700 ι
2787 649 2897 702 Καὶ
2925 649 3097 702 ταῦτα
3124 650 3181 702 δέ
3205 645 3355 720 οἶμαι
3373 648 3648 718 λέγεσθαι

2031 741 2161 810 περὶ
2199 741 2306 794 τῶν
2337 740 2480 794 κατὰ
2524 739 2584 792 τὸ
2609 739 2742 794 αὐτὸ
2769 741 3131 794 συνελθόντων
3164 743 3222 794 ἐν
3247 743 3315 812 τῇ
3340 740 3482 795 κατά
3529 739 3643 794 τοῦ

2029 832 2181 900 Σωτῆ
2190 849 2281 895 ρος
2300 832 2457 903 ἡμῶν
2485 831 2771 903 ἐπιϐουλῇ.

2107 944 2124 974 ι
2159 926 2222 977 Oi
2243 925 2300 977 δὲ
2337 925 2621 994 Ἐλαμῖται
2672 924 2861 977 ἔλαϐον
2909 925 3206 996 φαρέτρας,
3237 942 3331 978 και
3359 924 3642 980 ἀναϐάται

2029 1017 2306 1089 ἄνθρωποι
2335 1019 2420 1088 ἐφ’
2449 1019 2668 1082 ἵππους,
2721 1019 2817 1072 καὶ
2849 1018 3138 1089 συναγωγὴ
3180 1019 3557 1090 παρατάξεως.
3610 1037 3634 1072 ι

2027 1112 2191 1182 Δηλοῖ
2236 1112 2293 1165 δέ
2324 1111 2586 1182 δυνάμεις
2636 1112 2865 1181 ἀφανεῖς
2907 1111 3002 1165 καὶ
3042 1111 3355 1182 πολεμίους,
3387 1106 3475 1175 αἷς
3521 1112 3643 1165 ὑπὸ

2029 1202 2166 1256 Θεοῦ
2200 1203 2596 1275 παρεδόθησαν.
2617 1202 2708 1255 Διὸ
2725 1203 2814 1255 καὶ
2833 1205 2882 1255 οἱ
2927 1202 3212 1273 Ἐλαμῐται
3235 1202 3640 1273 ἑρμηνεύονται

2035 1315 2053 1347 ι
2091 1295 2555 1366 παραϐλέποντες·
2594 1315 2612 1348 ι
2667 1295 2756 1349 διὰ
2807 1295 2868 1348 τὸ
2922 1298 3168 1367 παρορᾷν
3210 1297 3310 1366 τὴν
3352 1296 3640 1366 σωτηρίαν

2030 1389 2136 1443 τῶν
2171 1389 2582 1460 ἀπολλυμένων,
2601 1388 2697 1442 καὶ
2739 1388 2965 1459 μηδενὸς
2994 1387 3288 1457 φείδεσθαι,
3311 1388 3454 1451 εἰκὸς
3482 1386 3640 1440 οὕτω

2029 1480 2330 1552 κεκλῆσθαι
2383 1479 2454 1534 τά
2504 1479 2943 1551 πολιορκήσαντα
2995 1479 3193 1543 αὐτοὺς
3260 1477 3640 1550 στρατιωτικὰ

2031 1574 2232 1646 πλήθη.
2273 1573 2435 1628 Ἀλλά
2471 1573 2610 1645 μετά
2639 1573 2901 1644 πλείστης
2917 1572 3201 1643 δυνάμεως
3229 1571 3638 1644 παραταξάμε-

2029 1685 2109 1720 νοι
2162 1669 2229 1738 τῇ
2285 1665 2705 1738 πολιορκηθείσῃ
2759 1666 3003 1737 φάραγγι
3052 1664 3210 1730 Σιὼν,
3258 1667 3339 1729 είς
3397 1665 3638 1735 ἔσχατον

2033 1757 2268 1830 ἐρημίας
2297 1758 2468 1830 αὐτὴν
2501 1759 2728 1830 ήγαγον.

2109 1869 2127 1902 ι
2167 1851 2280 1904 Καὶ
2299 1851 2513 1906 ἔσονται
2546 1853 2602 1904 αἱ
2627 1850 2882 1904 ἐκλεκταὶ
2915 1849 3199 1921 φάραγγές
3238 1867 3356 1914 σου,
3384 1849 3638 1922 πλησθή-

2034 1964 2216 2001 σονται
2243 1947 2526 2019 ἁρμάτων,
2551 1949 2602 1999 οἰ
2635 1946 2694 1999 δὲ
2733 1947 2919 2009 ἱππεῖς
2949 1944 3286 2016 ἐμφράξουσι
3318 1944 3416 2007 τὰς
3452 1943 3636 2010 πύλας

2033 2058 2151 2094 σου.
2186 2059 2206 2094 ι
2245 2040 2381 2110 Οὐχὶ
2400 2040 2517 2104 νῦν,
2540 2039 2661 2092 οὐδὲ
2691 2038 2835 2094 κατὰ
2849 2039 2940 2092 τὸν
2967 2039 3211 2110 παρόντα
3244 2038 3454 2109 καιρὸν,
3489 2035 3637 2090 ἀλλὰ

2029 2132 2097 2200 τῇ
2145 2130 2328 2202 ἡμέρᾳ
2377 2129 2578 2200 ἐκείνῃ·
2615 2128 2764 2198 λέγει
2819 2129 2877 2182 δὲ
2925 2129 2984 2182 ἐν
3029 2128 3106 2200 τῷ
3164 2130 3636 2202 προφητεύομένῳ

2031 2222 2226 2294 καιρῷ.

2110 2334 2130 2366 ι
2171 2315 2282 2368 Καὶ
2322 2313 2731 2384 ἀνακαλύψουσι
2763 2313 2864 2378 τὰς
2912 2315 3086 2379 πύλας
3132 2314 3323 2379 Ἰούδα,
3374 2315 3470 2370 καὶ
3520 2315 3631 2386 ἐμ-

2031 2407 2318 2478 ϐλέψονται
2351 2409 2417 2479 τῇ
2446 2406 2629 2479 ἡμέρᾳ
2660 2407 2842 2478 ἐκείνῃ
2877 2409 2956 2471 εἰς
2972 2409 3100 2472 τοὺς
3131 2408 3420 2472 ἐκλεκτοὺς
3441 2407 3632 2472 οἴκους

2030 2500 2131 2571 τῆς
2165 2499 2392 2562 πόλεως.
2411 2497 2520 2552 Καὶ
2549 2497 2955 2567 ἀνακαλύψουσι
2982 2498 3050 2551 τὰ
3083 2497 3303 2571 κρυπτά
3325 2499 3436 2553 τῶν
3460 2501 3631 2554 οἴκων

2029 2594 2130 2664 τῆς
2161 2593 2337 2664 ἄκρας
2368 2591 2549 2644 Δαυῒδ.
2586 2592 2696 2644 Καὶ
2727 2591 2960 2659 είδοσαν,
3001 2591 3083 2648 ὅτι
3125 2592 3341 2656 πλείους
3375 2593 3500 2657 εἰσὶ,
3528 2593 3630 2646 καὶ

2030 2685 2111 2738 ὅτι
2134 2683 2444 2755 ἀπέστρεψε
2477 2684 2538 2738 τὸ
2571 2682 2717 2756 ὕδωρ
2745 2686 2846 2757 τῆς
2871 2687 3102 2757 ἀρχαίας
3133 2683 3517 2755 κολυμϐήθρας
3544 2685 3630 2747 εἰς

2032 2777 2130 2849 τὴν
2165 2777 2339 2832 πόλιν.
2366 2796 2384 2829 ι
2417 2777 2603 2832 Ταῦτα
2638 2781 2696 2833 δὲ
2724 2775 2791 2849 ἦν
2818 2779 2888 2833 τὰ
2908 2780 3196 2852 ἀπόρρητα
3217 2781 3315 2852 τῆς
3349 2775 3629 2848 βασιλείας

2035 2871 2302 2943 σύμϐολα,
2338 2872 2432 2925 καὶ
2463 2871 2534 2924 τὰ
2566 2874 2624 2926 ἐν
2653 2871 2732 2944 τῷ
2756 2873 3057 2944 ἀγιάσματι
3093 2873 3447 2944 ἀποκείμενα·
3479 2873 3514 2928 ἂ
3533 2871 3629 2928 ού-

2032 2965 2144 3019 δενὶ
2178 2964 2305 3036 ἐξῆν
2331 2968 2380 3019 εἰ
2412 2965 2484 3037 μὴ
2517 2967 2664 3037 μόνῳ
2688 2966 2767 3038 τῷ
2809 2968 3056 3038 ἀρχιερεῖ
3090 2967 3432 3022 ἐποπτεύειν·
3480 2967 3517 3022 ἃ
3559 2969 3627 3040 δὴ

2033 3058 2129 3111 καὶ
2163 3059 2303 3111 αὑτά
2323 3061 2437 3121 τοῖς
2471 3058 2752 3129 πολεμιοις
2775 3060 3248 3131 παραδοθήσεσθαι
3283 3079 3466 3133 φησιν.
3499 3061 3627 3114 Ἐπὶ

2029 3149 2239 3216 τούτοις
2276 3150 2553 3221 μέμφεται
2583 3151 2709 3214 τοὺς
2737 3153 2794 3203 ἐν
2817 3154 2882 3223 τῇ
2919 3152 3163 3224 φάραγγι
3195 3152 3354 3218 Σιὼν,
3381 3154 3456 3217 ὡς
3487 3155 3628 3208 ἀπο-

2033 3242 2373 3313 στρέψαντας
2402 3240 2473 3294 τὰ
2506 3240 2674 3294 ’ύδατα
2707 3241 2810 3312 τῆς
2844 3243 3078 3314 ἀρχαίας
3117 3244 3505 3317 κολυμϐήθρας
3553 3245 3628 3300 τὰ

2029 3333 2160 3387 ὄντα
2183 3335 2240 3386 ἐν
2271 3336 2337 3403 τῇ
2357 3333 2529 3397 πόλει,
2561 3333 2748 3405 ἕτερον
2777 3333 2834 3386 δὲ
2855 3333 2999 3405 ὕδωρ
3015 3335 3196 3399 αὐτοῖς
3229 3337 3627 3408 ἐπινοήσαντας

2035 3423 2234 3495 μεταξὺ
2269 3421 2380 3476 τῶν
2412 3421 2508 3475 δύο
2557 3422 2806 3492 τειχέων.
2843 3423 3030 3496 ’Ύδωρ
3060 3425 3115 3478 δὲ
3147 3420 3216 3496 ἦν
3267 3426 3502 3491 παλαιᾶς
3531 3444 3628 3482 κο-

2031 3513 2354 3586 λυμϐήθρας
2384 3514 2441 3566 ἐν
2483 3513 2549 3582 τῇ
2586 3511 2740 3566 πόλει
2763 3515 2792 3567 ό
2822 3512 2925 3584 τῆς
2972 3514 3207 3579 παλαιᾶς
3238 3517 3332 3569 καὶ
3365 3517 3619 3571 θεοπνεύ-

2033 3628 2160 3663 στου
2213 3609 2437 3682 Γραφῆς
2489 3607 2666 3676 λόγος,
2722 3608 2782 3662 ὃν
2828 3609 3294 3681 ἀποστραφέντες,
3345 3610 3624 3683 ἀλλότριον

2031 3703 2176 3774 ὕδωρ
2210 3703 2421 3764 ἐαυτοῖς
2450 3701 2774 3770 ἐπενόησαν,
2803 3701 2902 3764 τὰς
2922 3701 3246 3773 παραδόσεις
3262 3701 3368 3756 τῶν
3386 3704 3624 3775 πρεσϐυ-

2025 3795 2220 3867 τέρων,
2276 3793 2621 3857 διδάσκοντες
2651 3793 2999 3857 διδασκαλίας
3033 3797 3126 3850 καὶ
3181 3796 3492 3867 ἐντάλματα
3523 3797 3621 3852 ἀν-

2029 3886 2283 3959 θρώπωνο
2320 3885 2406 3956 ἐφ’
2443 3879 2488 3954 ᾧ
2524 3885 2620 3938 καὶ
2661 3886 2935 3957 μέμφεται
2973 3889 3170 3953 αὐτοὺς
3206 3891 3234 3942 ὁ
3268 3890 3479 3960 Σωτὴρ,
3511 3890 3620 3942 ἀπ-

336 3965 580 4037 ελὲγχων
624 3962 804 4019 αὐτῶν
835 3961 933 4034 τὴν
971 3967 1319 4037 παρανομίαν
1361 3969 1446 4038 ἐφ’
1483 3964 1565 4033 οἷς
1611 3988 1764 4040 φησι·
1805 3993 1824 4022 ι
1868 3977 1960 4030 καὶ
1999 3978 2321 4051 ἠκυρώσατε
2374 3979 2464 4033 τὸν
2533 3979 2690 4050 λόγον
2734 3979 2828 4033 τοῦ
2871 3979 3008 4033 Θεοῦ
3046 3978 3136 4034 διὰ
3177 3979 3276 4052 τὴν
3326 3979 3624 4054 παράδοσιν

337 4060 514 4132 ὑμῶν.
555 4078 574 4110 ι

414 4150 581 4208 Vens.
612 4151 702 4216 10,
732 4150 819 4205 Η.
859 4170 878 4203 ι
908 4151 977 4206 Ει
1011 4154 1154 4222 quod
1206 4153 1493 4210 diruerunt
1536 4157 1729 4213 domos
1761 4157 1923 4214 Jeru-
1957 4176 2002 4231 ι)

339 4243 512 4299 salem
547 4244 600 4299 in
624 4244 981 4299 munitionem
1010 4245 1151 4299 muri
1177 4246 1406 4302 civitati.
1433 4247 1503 4302 Et
1533 4248 1741 4307 fecistis
1767 4253 1921 4309 vobis

341 4351 539 4408 aquam
573 4337 628 4391 in
661 4337 839 4392 medio
885 4353 1166 4393 murorum
1200 4339 1432 4394 duorum
1483 4340 1627 4395 intra
1660 4342 1920 4412 piscinam

335 4440 604 4487 veterem.
635 4449 655 4481 ι
691 4428 748 4484 ld
779 4438 959 4485 autem
1007 4430 1127 4485 illos
1175 4432 1443 4502 hodieque
1489 4446 1812 4505 peragentes
1842 4438 1924 4492 vi-

337 4524 490 4587 deas,
543 4522 692 4591 quia,
720 4523 1012 4591 assumptis
1069 4522 1364 4593 Scriptura:
1411 4527 1615 4594 verbis,
1655 4528 1722 4582 iis
1779 4544 1922 4584 com-

336 4624 520 4669 menta
562 4628 660 4667 sua
699 4628 798 4668 ceu
846 4613 1019 4668 muris
1051 4615 1322 4680 muniunt,
1356 4615 1584 4686 ipsaque
1633 4617 1792 4686 quasi
1831 4631 1922 4672 se-

335 4722 482 4778 pem,
527 4707 838 4776 praasidium
881 4714 937 4760 et
989 4706 1191 4760 ntoenia
1242 4707 1438 4763 fabulis
1474 4709 1588 4763 suis
1621 4711 1927 4778 circumpo-

335 4810 498 4856 nunt.
539 4799 1004 4868 Quemadmodum
1033 4802 1179 4856 enim
1215 4802 1565 4871 peregrinum
1610 4802 1715 4857 sibi
1743 4801 1931 4858 locum

338 4893 741 4965 excogitarunt,
771 4910 837 4949 ac
867 4911 1079 4948 murum
1123 4893 1224 4949 sibi
1256 4895 1682 4964 circumquaque
1708 4903 1924 4948 struxe-

336 4997 492 5054 runt,
521 4987 832 5044 divinarum
861 4987 1268 5058 Scripturarum
1318 4986 1497 5041 verbis
1526 5002 1625 5042 ceu
1657 4987 1925 5058 iapidibus

335 5083 461 5151 usi,
497 5082 574 5138 ita
608 5091 664 5138 et
699 5097 896 5153 aquam
932 5082 1132 5137 veteris
1169 5081 1224 5135 in
1274 5081 1407 5136 urbe
1448 5082 1673 5150 piscinae
1713 5091 1928 5138 averte-

334 5187 490 5242 runt,
520 5185 576 5232 et
606 5191 804 5232 novatn
831 5177 934 5232 sibi
975 5190 1170 5245 aquam
1220 5175 1364 5229 inter
1388 5175 1523 5230 duos
1551 5191 1737 5231 muros
1764 5190 1926 5233 exco-

297 5254 613 5339 fgitarunt,
650 5270 906 5324 nimirum
978 5270 1122 5324 inter
1160 5267 1326 5323 Vetus
1374 5277 1430 5322 et
1461 5265 1670 5322 Novum
1727 5268 1919 5325 Testa-

331 5371 580 5416 mentum
610 5378 624 5414 :
653 5363 766 5418 haec
793 5366 991 5434 quippe
1037 5365 1179 5418 muri
1216 5363 1324 5420 duo
1352 5373 1476 5419 sunt
1521 5363 1757 5419 civitatis
1807 5364 1923 5433 Dei,

333 5455 549 5515 scilicet
573 5457 699 5510 vita:
743 5457 971 5512 instituti
1007 5460 1308 5514 secundum
1357 5458 1528 5514 Deum
1560 5473 1573 5508 :
1601 5456 1656 5511 in
1689 5471 1925 5527 quorum

333 5549 515 5609 medio
557 5549 618 5616 ii,
655 5551 747 5622 qui
801 5551 1142 5620 incusantur,
1187 5553 1421 5611 alienam
1471 5558 1527 5606 ct
1570 5549 1914 5620 peregrinam

410 5641 432 5664 '
458 5641 652 5698 Matth.
687 5659 773 5707 xv,
803 5644 836 5698 6

407 5737 544 5817 (ιτ)
589 5739 932 5815 Ἐποιήσατε.

2123 4173 2143 4207 ι
2184 4157 2294 4210 Kal.
2326 4157 2407 4210 ὅτι
2441 4156 2762 4210 καθείλοσαν
2784 4158 2912 4220 τοὺς
2942 4159 3124 4220 οἴκους
3168 4160 3522 4230 Ἰερουσαλὴμ
3553 4161 3630 4224 εἰς

2043 4247 2140 4320 ὸχύ
2151 4266 2226 4321 ρω
2232 4266 2307 4320 μα
2316 4249 2526 4320 τείχους
2541 4252 2607 4320 τῇ
2622 4249 2790 4303 πόλει.
2811 4251 2919 4304 Καὶ
2934 4251 3283 4305 ἐπεσπάσατε
3299 4251 3434 4322 (ξιτ)
3448 4252 3630 4316 αὐτοῖς

2043 4339 2188 4414 ὕδωρ
2219 4341 2322 4394 ἀνὰ
2358 4341 2521 4411 μέσον
2546 4341 2654 4394 τῶν
2670 4342 2761 4395 δύο
2775 4343 2997 4414 τειχέων
3013 4341 3281 4416 ἐσώτερον
3309 4345 3408 4414 τῆς
3435 4345 3622 4416 κολυμ-

2043 4433 2251 4506 ϐήθρας
2277 4435 2376 4505 τῆς
2391 4434 2642 4505 ἀρχαίας.
2677 4453 2695 4485 ι
2739 4434 2898 4500 Ἵδοις
2934 4435 2977 4488 δ’
3013 4435 3078 4489 ἂν
3112 4436 3310 4499 αὐτοὺς
3336 4437 3504 4490 εἰσέτι
3535 4439 3626 4492 καὶ

2038 4523 2134 4578 νῦν
2163 4524 2323 4578 τοῦτο
2356 4525 2715 4596 πράττοντας,
2747 4526 2988 4589 ἐπειδὰν,
3022 4527 3092 4580 τὰ
3127 4530 3344 4599 ῥήματα
3368 4529 3466 4598 τῆς
3479 4529 3628 4594 θείας

2037 4614 2263 4687 Γραφῆς
2297 4616 2798 4686 ἀπολαμϐάνοντες,
2835 4617 2934 4682 τὰς
2983 4619 3190 4682 οἰκείας
3221 4621 3626 4691 περιτειχίζωσι

2041 4705 2384 4776 μυθολογίας,
2420 4705 2608 4775 ὥσπερ
2640 4705 2762 4758 τινὰ
2793 4706 3044 4777 φραγμὸν
3078 4707 3170 4759 καὶ
3197 4707 3496 4775 ἀσφάλειαν
3531 4709 3626 4762 καὶ

2034 4802 2211 4869 τεῖχος
2234 4801 2348 4862 τοῖς
2377 4797 2526 4861 ἰδίοις
2555 4797 2973 4871 περιϐάλλοντες
3011 4797 3220 4869 μύθοις.
3260 4800 3469 4869 ’Ὠσπερ
3513 4800 3623 4871 γὰρ

2035 4893 2184 4960 ξένον
2211 4893 2375 4946 τόπον
2404 4894 2616 4956 ἑαυτοῖς
2671 4891 2992 4962 ἐπενόησαν,
3019 4893 3114 4945 καὶ
3148 4895 3322 4962 τεῖχος
3352 4892 3480 4945 ἴδιον
3521 4911 3622 4946 περ

2036 4985 2302 5056 ριέϐαλον,
2338 4985 2502 5049 λίθοις
2531 4986 2864 5057 χρησάμενοι
2900 4990 3021 5051 ταῖς
3053 4988 3162 5040 τῶν
3195 4989 3354 5041 θείων
3382 4987 3617 5057 Γραφῶν

2031 5075 2228 5142 λέξεσι⁹
2263 5076 2434 5141 οὕτως
2463 5072 2555 5130 οῦν
2599 5076 2948 5148 ἀπέστρεψαν
2982 5078 3043 5130 τὸ
3077 5077 3221 5150 ὕδωρ
3246 5078 3346 5148 τῆς
3381 5078 3616 5143 παλαιᾶς

2031 5168 2416 5240 κολυμϐήθρας
2437 5169 2583 5222 τὸέν
2606 5172 2670 5240 τῇ
2706 5170 2881 5235 πόλει,
2917 5170 3010 5222 καὶ
3056 5171 3354 5241 ἐπενόησαν
3400 5173 3614 5238 ἑαυτοῖς

2031 5261 2178 5325 ξένον
2212 5261 2354 5332 ὕδωρ
2419 5262 2618 5332 μεταξὺ
2650 5262 2758 5315 τῶν
2811 5261 2905 5315 δύο
2959 5264 3206 5332 τειχέων,
3242 5261 3384 5332 λέγω
3417 5263 3480 5335 δὴ
3513 5265 3612 5334 τῆς

2028 5352 2271 5416 Παλαιᾶς
2295 5354 2388 5407 καὶ
2419 5355 2626 5426 Καινῆς
2653 5355 2945 5426 Διαθήκης·
2965 5355 3058 5408 δύο
3090 5355 3198 5428 γὰρ
3231 5356 3298 5409 τὰ
3331 5357 3484 5427 τείχη
3511 5357 3610 5425 τῆς

2025 5443 2120 5498 τοῦ
2149 5444 2283 5498 Θεοῦ
2337 5445 2564 5510 πόλεως,
2600 5446 2798 5517 δηλαδὴ
2856 5449 2953 5519 τῆς
2987 5448 3127 5501 κατὰ
3159 5449 3292 5501 Θεὸν
3337 5448 3610 5514 πολιτείας

2025 5537 2299 5611 τυγχάνει·
2328 5531 2402 5593 ὧν
2437 5539 2598 5609 μέσον
2631 5539 2908 5612 ἀλλότριον
2932 5543 3025 5594 καὶ
3053 5540 3204 5608 ξένον
3226 5540 3367 5612 ὕδωρ
3397 5543 3609 5608 ἑαυτοῖς
