3862 6210
129 266 234 325 249

1106 272 1619 332 COMMENTARIA
1654 275 1725 334 IN
1762 277 2023 335 ISAIAM.
2061 310 2130 321 —
2161 275 2318 335 (PAF.
2358 272 2528 331 XXII.

3314 275 3424 332 250

131 388 181 443 οῖ
201 390 680 462 κατηγορούμενος
728 390 1055 464 ἐπενόησαν,
1077 391 1177 457 τὰς
1209 394 1320 448 τῶν
1351 396 1730 465 πρεσϐυτέρων

1844 414 2041 468 aquam
2074 397 2178 454 sibi
2210 395 2621 468 excogitarent,
2651 394 2910 451 videlicet
2939 392 3220 449 seniorum
3257 395 3428 449 tradi-

132 484 489 555 παραδόσεις,
518 486 606 555 ἐφ’
638 480 730 549 αἷς
748 487 845 540 καὶ
880 485 1025 557 μέγα
1066 488 1358 559 φρονοῦσιν
1385 490 1433 543 οἱ
1474 492 1605 563 παρ’
1637 493 1737 545 αύ-

131 578 245 639 τοῖς
280 575 611 648 καλούμενοι
660 577 1013 649 δευτερωταί.
1070 596 1091 631 ι
1128 580 1239 633 Καὶ
1277 581 1379 634 οὐκ
1411 580 1736 651 ὲνεϐλέψατε

131 668 211 731 εἰς
228 667 323 720 τὸν
350 667 447 721 ἀπ’
477 668 655 740 ἀρχῆς
676 669 982 741 ποιήσαντα
1007 671 1198 742 αὐτὴν,
1240 674 1332 727 καὶ
1360 673 1453 728 τὸν
1475 674 1738 729 κτίσαντα

130 758 302 828 αὐτὴν
334 758 439 812 οὐκ
473 757 666 815 εἶδε-ιε.
709 779 729 812 ι
772 761 934 831 Λέγω
970 762 1036 833 δὴ
1067 761 1169 834 τὴν
1199 763 1440 819 παλαιὰν
1470 764 1737 818 τῶν’θεο-

132 847 417 902 πνεύστων
448 849 683 921 Γραφῶν
712 850 1124 925 κολυμϐήθραν,
1156 852 1253 925 τὴν
1286 854 1395 908 ἀπὸ
1421 855 1614 925 πηγῶν
1639 853 1736 909 τοῦ

130 938 277 995 θείου
310 940 637 1012 Πνεύματος
662 944 1058 1016 προχεομένην.

203 1050 223 1082 ι
263 1031 382 1085 Καὶ
410 1032 641 1087 ἐκάλεσε
670 1033 877 1105 Κύριος
898 1033 1130 1090 Σαϐαὼθ
1164 1037 1223 1089 έν
1243 1038 1310 1108 τῇ
1344 1037 1530 1110 ἡμέρᾳ
1549 1037 1736 1111 ἐκείνῃ

127 1121 416 1194 κλαυθμὸν
449 1125 548 1179 καὶ
583 1125 814 1179 κοπετὸν
848 1127 942 1179 καὶ
991 1125 1242 1198 ξύρησιν,
1279 1128 1375 1183 καὶ
1403 1126 1571 1191 ζῶσιν
1598 1129 1736 1183 σάκ-

128 1232 262 1268 κων*
292 1217 455 1270 αὐτοὶ
473 1217 531 1271 δὲ
546 1219 874 1290 ἐποιήσαντο
906 1219 1248 1291 εὐφροσύνην
1278 1221 1376 1275 καὶ
1394 1220 1734 1293 ἀγαλλίαμα,

126 1304 433 1375 σφάζοντες
456 1308 695 1380 μόσχους
721 1310 818 1364 καὶ
838 1310 1060 1376 θύοντες
1087 1312 1358 1384 πρόϐατα,
1375 1312 1517 1366 ὥστε
1541 1317 1737 1384 φαγεῖν

127 1397 363 1469 κρέατα,
390 1399 489 1453 καλ⁸
513 1401 660 1454 πιεῖν
684 1395 849 1464 οἶνον,
881 1401 1153 1471 λέγοντες,
1187 1401 1457 1475 Φάγωμεν
1476 1405 1573 1458 καὶ
1596 1404 1735 1458 πίω-

131 1506 254 1560 μενο
284 1490 481 1563 αὔριον
520 1491 633 1564 γὰρ
682 1492 1133 1566 ἀποθνήσκομεν..
1164 1513 1184 1546 ι
1228 1495 1286 1549 '0
1332 1495 1432 1567 μὲν
1477 1491 1571 1550 οὖν
1605 1496 1738 1561 Θεὸς

1842 492 2038 557 tiones,
2068 490 2123 545 in
2181 489 2380 560 quibus
2409 486 2577 542 altum
2632 493 2856 556 sapiunt
2886 488 2944 552 ii,
2973 486 3068 557 qui
3109 486 3251 557 apud
3304 487 3426 542 illos
3534 498 3553 521 κ

1841 583 2153 638 ῡευιετοιαι
2189 580 2552 652 appellantur.
2585 599 2601 631 ι
2623 580 2691 635 Et
2724 594 2831 635 non
2864 579 3183 649 respexistis
3216 580 3269 634 in
3299 593 3423 634 eum

1839 676 1931 745 qui
1960 677 2029 730 ab
2059 673 2214 729 initio
2258 673 2387 728 fecit
2425 673 2597 737 illam,
2618 680 2675 725 et
2699 671 3036 726 conditorem
3062 666 3182 738 ejus
3206 686 3314 725 non
3345 671 3426 724 vi-

1839 768 2018 824 distis.
2050 786 2070 820 ι
2103 767 2182 823 De
2215 767 2384 823 veteri
2415 766 2721 821 divinarum
2758 764 3167 833 Scripturarum
3211 763 3424 832 piscina

1840 860 2060 932 loquor,
2090 873 2211 932 qua:
2236 873 2268 914 a
2289 858 2532 915 fontibus
2561 856 2731 913 divini
2761 854 2998 926 Spiritus
3036 865 3278 911 emanat.

1910 1038 2078 1093 Vens.
2114 1037 2201 1102 l2,
2233 1036 2323 1091 15.
2359 1055 2378 1088 ‹
2401 1035 2470 1091 Et
2524 1035 2743 1090 vocavit
2788 1033 3051 1089 Dominus
3096 1033 3334 1090 Sabaoth
3366 1034 3424 1089 in

1840 1130 1929 1185 die
1956 1130 2044 1185 illa
2084 1128 2296 1195 fletum,
2327 1137 2384 1185 et
2429 1128 2734 1199 planctum,
2757 1137 2811 1182 et
2843 1127 3194 1183 abrasionem
3224 1136 3282 1183 et
3309 1126 3424 1182 ciu-

1840 1231 2056 1276 cturam
2090 1235 2377 1275 saccorum
2406 1238 2421 1276 :
2447 1219 2525 1275 illi
2554 1229 2737 1274 autem
2770 1218 2938 1274 laetati
2976 1227 3033 1273 et
3064 1217 3241 1290 gavisi
3274 1226 3421 1284 sunt,

1835 1314 2150 1385 jugulantes
2195 1313 2401 1368 vitulos
2446 1322 2503 1367 et
2556 1320 2861 1367 mactantes
2912 1325 3066 1378 oves,
3096 1319 3155 1366 ut
3199 1313 3429 1367 ederent

1839 1421 2054 1472 carnes,
2087 1415 2144 1461 et
2167 1406 2421 1485 biberent
2451 1404 2658 1472 vinum,
2690 1404 2954 1469 dicentes,
2993 1403 3345 1458 comedamus
3368 1409 3426 1456 et;

1839 1500 2116 1567 bibamus,
2148 1515 2274 1555 eras
2315 1498 2462 1553 enim
2515 1497 2835 1552 moriemur.
2862 1514 2881 1548 ι
2935 1495 3079 1551 Deus
3110 1496 3295 1567 igitur,
3329 1495 3425 1565 qui

132 1582 349 1654 μεγάλα
381 1585 715 1655 τολμήσασι,
757 1585 833 1658 μὴ
864 1583 1189 1658 βουλόμενος
1225 1585 1454 1642 θάνατον
1476 1589 1730 1660 ἁμαρτω-

1841 1608 1947 1648 non
1983 1592 2098 1646 vult
2150 1600 2381 1646 mortem
2431 1589 2756 1660 peccatoris,
2785 1588 2880 1642 sed
2928 1586 3101 1657 magis
3151 1586 3425 1655 pmniten—

127 1672 223 1727 λοῦ
250 1674 328 1739 ὡς
352 1675 455 1747 τὴν
481 1675 776 1746 μετάνοιαν
808 1677 996 1741 αὐτοῦ,
1031 1676 1251 1750 θρηνεῖν
1267 1679 1467 1743 αὐτοὺς
1492 1680 1587 1735 καὶ
1608 1678 1730 1734 ἀπο·

1842 1686 1998 1751 tiam,
2031 1684 2179 1754 ipsos
2235 1698 2429 1753 magna
2494 1681 2738 1737 facinora
2785 1694 3091 1750 aggressos,
3143 1679 3331 1749 lugere
3369 1688 3426 1732 et

126 1764 417 1820 κλαίεσθαι
456 1765 560 1838 τὴν
606 1766 816 1821 ἑαυτῶν
847 1766 1126 1823 ἀπώλειαν
1181 1767 1643 1840 παρεκελεύσατο·
1684 1770 1730 1823 ol

1841 1776 2138 1848 perniciem
2183 1776 2317 1831 ﬂere
2345 1789 2500 1830 suam
2526 1772 2714 1841 jubet;
2754 1771 2831 1826 illi
2868 1786 2997 1826 vero
3028 1770 3082 1825 in
3111 1768 3424 1838 huiusmodi

125 1855 181 1911 δὲ
209 1857 271 1911 ὲν
292 1858 565 1923 τοιούτοις
609 1861 801 1923 κακοῖς
838 1858 1240 1932 ἐξεταζόμενοι,
1263 1861 1341 1925 ὡς
1375 1860 1443 1915 ἂν
1488 1862 1736 1930 ἀπεγνωο

125 1947 285 2012 κότες
320 1948 535 2003 ἑαυτῶν
559 1950 854 2022 σωτηρίαν,
878 1952 960 2015 είς
980 1951 1239 2007 ἀπόνοιαν
1258 1951 1574 2019 ἐξώκειλαν,
1594 1953 1736 2029 μέθῃ

125 2042 223 2092 καὶ
253 2043 441 2113 τρυφῇ
477 2042 706 2106 ἑαυτοὺς
734 2043 1004 2110 ἐκδόντες,
1044 2044 1121 2109 ὡς
1138 2045 1202 2098 οὐ
1224 2044 1616 2118 διαδεξομένης
1637 2048 1736 2102 αὐ·-

123 2132 253 2194 τυὺς
305 2130 449 2186 Θεοῦ
496 2132 733 2205 κρίσεως
768 2134 908 2206 μετά
957 2136 1059 2208 τὴν
1101 2133 1199 2190 τοῦ
1231 2135 1428 2209 θνητοῦ
1484 2137 1603 2208 βίου
1653 2155 1739 2191 τε-

122 2221 346 2294 λευτήν.

203 2331 223 2364 ι
260 2312 377 2367 Καὶ
406 2314 910 2388 ἀνακεκαλυμμένα
931 2316 1108 2372 ταῦτά
1141 2320 1249 2373 εἱσι
1282 2320 1341 2373 ὲν
1360 2322 1474 2384 τοῖς
1488 2319 1593 2375 ὠσὶ
1620 2321 1737 2374 Κυ-

128 2405 249 2475 ρίου
273 2406 532 2460 Σαϐαὼθ.
572 2426 593 2459 ι
632 2408 726 2462 Διὸ
755 2408 947 2482 ῶσπερ
977 2410 1165 2483 δεσμῷ
1193 2411 1330 2465 Θεοῦ
1361 2411 1736 2468 καταδεθεῖσιν

125 2496 315 2560 αὐτοῖς
343 2498 413 2567 τῇ
449 2497 695 2570 ἁμαρτίᾳ
715 2498 990 2570 ἀπόφασις
1012 2499 1359 2572 ἐξενήνεκται
1389 2504 1510 2556 κατ’
1530 2502 1732 2570 αὐτῶν,

126 2587 374 2658 φήσασαο
413 2606 434 2639 ι
460 2589 575 2644 οὐκ
606 2589 941 2664 ἀφεθήσεται
967 2594 1001 2664 ἡ
1028 2593 1254 2667 τοιαύτη
1290 2594 1533 2668 ἁμαρτία
1558 2596 1734 2668 ὑμῶν,

52 2698 72 2727 I
126 2678 236 2743 ἕως
267 2678 607 2753 ἀποθάνητε.
655 2702 677 2735 ι

203 2789 225 2824 ι
261 2770 408 2825 Τάδε
440 2772 590 2843 λέγει
617 2774 824 2848 Κύριος
862 2775 1114 2830 Σαϐαὼθ·
1150 2777 1395 2851 Πορεύου
1418 2780 1501 2844 είς
1533 2796 1733 2836 παστοο

127 2864 322 2937 φόριον
356 2867 497 2938 πρὸς
527 2868 741 2939 Σομνάν
776 2869 867 2923 τὸν
889 2870 1116 2941 ταμίαν,
1152 2873 1249 2926 καὶ
1273 2868 1426 2927 εἷπον
1452 2873 1621 2945 αὐτῷ’
1672 2874 1737 2927 Τί

129 2974 215 3012 σοι
250 2951 392 3023 ὧδε;
416 2959 527 3012 Καὶ
540 2959 594 3012 τί
619 2962 703 3014 σοί
723 2962 873 3015 ἐστιν
902 2954 1026 3027 ὧδε,
1047 2963 1130 3016 ὅτι
1156 2963 1503 3036 ὲλατόμησας
1525 2965 1736 3038 σεαυτῷ

128 3044 239 3107 ὧδε
274 3054 579 3123 μνημεῖον;
630 3055 728 3107 καὶ
750 3054 1014 3126 ἐποίησας
1048 3055 1263 3127 σεαυτῷ
1289 3058 1348 3110 ὲν
1373 3055 1563 3127 ὑψηλῷ
1599 3074 1737 3129 μνη-

130 3146 309 3215 μεῖον,
340 3145 439 3198 καὶ
475 3144 722 3216 ἔγραψας
760 3147 974 3217 σεαυτῷ
1006 3149 1065 3203 ἐν
1103 3148 1285 3220 πέτρᾳ
1318 3151 1559 3221 σκηνήν;
1603 3149 1733 3205 Ἰδοὺ

125 3235 193 3307 δὴ
225 3236 437 3307 Κύριος
472 3237 704 3292 Σαϐαὼθ
754 3239 976 3294 ἐκϐαλεῖ
1009 3241 1104 3294 καὶ
1133 3241 1383 3312 ὲκτρίψει
1414 3242 1603 3314 ἄνδρα,
1638 3243 1734 3297 καὶ

126 3328 326 3397 ἀφελεῖ
356 3328 458 3401 τὴν
488 3330 681 3402 στολήν
700 3349 818 3397 σου,
848 3334 945 3387 καὶ
972 3333 1067 3388 τὸν
1105 3335 1370 3404 στέφανόν
1403 3353 1498 3390 σου
1531 3336 1622 3391 τὸν
1647 3336 1735 3390 ἐν·

125 3420 302 3488 δοξον,
339 3423 438 3476 καὶ
469 3422 615 3494 ῥίψει
668 3441 728 3478 σε
748 3427 829 3489 είς
860 3424 1046 3498 χώραν
1092 3426 1335 3500 μεγάλην
1365 3430 1458 3482 καὶ
1489 3429 1736 3502 ἀμέτρη-

124 3531 243 3578 τον,
295 3516 394 3569 καὶ
441 3519 561 3569 ἐκεῖ
617 3516 886 3590 ἀποθανῇ·
924 3519 1019 3573 καὶ
1072 3518 1228 3591 θήσει
1257 3519 1319 3574 τὸ
1352 3521 1507 3592 ἅρμα
1540 3538 1633 3575 σου
1672 3522 1735 3575 τὺ

129 3607 299 3662 καλὸν
333 3610 419 3672 είς
449 3608 696 3680 ἀτιμίαν,
746 3612 842 3665 καὶ
874 3612 966 3665 τὸν
1003 3607 1153 3666 οἷκον
1196 3610 1293 3665 τοῦ
1350 3613 1608 3685 ἄρχοντός
1636 3630 1733 3667 σου

130 3702 213 3763 εἰς
244 3702 645 3772 ωταπάτημω
682 3703 777 3757 καὶ
807 3704 1156 3777 ἀφαιρεθήσῃ
1188 3706 1254 3759 ὲκ
1284 3707 1384 3777 τῆς
1419 3705 1734 3777 οἰκονομίας

132 3809 228 3847 σου
263 3793 362 3847 καὶ
412 3795 481 3847 ἐκ
524 3795 626 3866 τῆς
676 3795 919 3860 στάσεώς
966 3814 1083 3853 σου.
1146 3816 1166 3849 ι
1222 3798 1420 3868 Ἔλεγε
1474 3798 1653 3852 τοίνυν
1702 3801 1733 3853 ό

140 3886 399 3958 Ἑϐραῖος
419 3888 685 3961 ἀρχιερέα
706 3889 1033 3961 γεγενῆσθαι
1069 3891 1163 3945 τὸν
1202 3892 1417 3963 ΣομνΞΝ
1445 3896 1731 3965 τρυφητήν

130 3996 277 4045 τινα,
299 3980 400 4033 καὶ
427 3979 521 4033 τὸν
544 3979 673 4049 ,βίον
705 3979 941 4051 ἄσεμνον
971 3981 1161 4053 ἄνδρα·
1198 3983 1276 4047 ὡς
1306 3984 1401 4037 καὶ
1441 3983 1731 4056 προδοῦναι

131 4070 225 4125 τὸν
243 4071 377 4124 λαὸν
392 4070 507 4142 (‘28)
524 4072 619 4125 καὶ
632 4071 1002 4145 αὐτομολῆσαι
1014 4075 1155 4147 πρὸς
1170 4075 1374 4147 Σεναχη
1383 4076 1609 4148 ρεὶμτὸν
1623 4075 1731 4129 τῶν

144 4162 455 4217 Ἀσσυρίων
501 4162 745 4233 βασιλέα,
799 4164 937 4237 πρὸς
985 4165 1045 4221 ὃν
1097 4166 1377 4221 ἐκελεύετο
1429 4167 1666 4239 βαδίζειν
1703 4170 1732 4222 ό

131 4255 428 4331 προφῂτης
460 4258 544 4321 εἰς
577 4256 642 4310 τὸ
661 4258 1098 4331 παστοφόριον,ἢ
1125 4260 1267 4314 κατά
1290 4261 1383 4315 τὸν
1411 4262 1728 4333 Σύμμαχον,

136 4367 159 4399 ι
184 4348 278 4400 τὸν
303 4348 759 4419 σκηνοποιοῦντα,
804 4369 824 4402 ι
871 4349 1076 4422 ἥκατά
1102 4351 1196 4405 τὸν
1241 4352 1492 4417 Ἀκύλαν,
1533 4373 1551 4405 ι
1592 4353 1731 4425 πρὸς

1837 1869 1998 1926 malis
2024 1876 2331 1933 versantes,
2357 1867 2513 1937 quasi
2547 1867 2614 1921 de
2636 1866 2813 1920 salute
2836 1864 3193 1933 desperantes
3218 1878 3340 1927 sua,
3368 1863 3423 1917 in

1837 1960 2106 2017 insaniam
2157 1968 2510 2031 proruerunt,
2569 1956 2822 2013 ebrietati
2873 1966 2930 2011 et
2978 1954 3242 2025 voluptati
3302 1969 3426 2010 sese

1837 2052 2128 2116 dedentes;
2156 2050 2311 2120 quasi
2346 2063 2540 2120 nempe
2571 2056 2694 2119 post
2720 2049 2927 2104 exitum
2955 2063 3023 2102 ex
3050 2047 3152 2102 hac
3187 2046 3298 2100 vita
3328 2044 3423 2101 Dei

1832 2143 2096 2213 judicium
2137 2142 2453 2212 neutiquam
2485 2140 2606 2196 illos
2634 2149 2984 2211 excepturum
3016 2146 3182 2194 esset.

1911 2323 2074 2378 Vens.
2109 2322 2198 2377 M.
2232 2341 2251 2374 ι
2276 2323 2344 2378 Ει
2394 2322 2512 2377 hare
2543 2320 2783 2378 revelata
2819 2331 2946 2375 sunt
2979 2320 3032 2375 in
3064 2319 3289 2375 auribus
3317 2318 3425 2374 Do-

1838 2415 1971 2470 mini
2021 2413 2284 2470 Sabaoth.
2319 2432 2340 2466 )
2374 2413 2557 2480 Quare
2614 2412 2726 2467 illis
2778 2421 3002 2481 peccato
3061 2424 3161 2466 ceu
3206 2409 3423 2464 vinculo

1839 2507 1933 2562 Dei
1966 2507 2188 2570 vinctis,
2220 2506 2340 2562 hazc
2366 2506 2641 2561 sententia
2686 2505 2964 2575 profertur
2993 2522 3007 2557 :
3045 2521 3062 2552 ι
3091 2502 3206 2557 Non
3237 2501 3422 2557 dimit-

1839 2606 1984 2673 tetur
2010 2597 2166 2652 vobis
2195 2596 2299 2652 boc
2322 2604 2632 2668 peccatum,
2659 2595 2836 2651 donec
2868 2593 3204 2649 moriamini.
3234 2611 3253 2645 ι
3410 2604 3413 2609 ’

1907 2777 2077 2835 Vens.
2107 2776 2287 2835 15-19.
2323 2797 2342 2831 ι
2367 2776 2496 2834 Haec
2513 2778 2643 2834 dicit
2669 2778 2932 2833 Dominus
2961 2775 3198 2832 Sabaoth
3226 2795 3240 2831 :
3272 2774 3422 2832 Vade

1837 2871 1893 2926 in
1942 2871 2356 2941 pastophorium
2407 2870 2474 2926 ad
2529 2870 2790 2925 Somnam
2847 2871 3194 2940 penuarium,
3229 2876 3285 2925 et
3330 2868 3421 2929 die

1837 2961 1886 3016 ei
1924 2978 1939 3016 :
1972 2960 2113 3029 Quid
2153 2961 2249 3016 tibi
2291 2961 2424 3017 hic?
2464 2961 2528 3016 Ει
2560 2962 2691 3031 quid
2724 2961 2823 3016 tibi
2853 2971 2961 3026 est,
2996 2960 3139 3029 quod
3169 2956 3422 3015 excidisti

1841 3053 1939 3109 tibi
1988 3054 2078 3109 hic
2113 3056 2575 3109 monumentum'.l
2605 3063 2661 3109 et
2717 3053 2897 3109 fecisti
2954 3053 3049 3107 tibi
3099 3052 3153 3106 in
3203 3049 3421 3108 excelso

1840 3155 2276 3213 monumentum,
2310 3154 2366 3201 et
2392 3147 2664 3216 scripsisti
2710 3146 2808 3201 tibi
2840 3147 2893 3200 in
2926 3154 3077 3212 perra
3108 3144 3423 3201 tabernacu-

1836 3239 1989 3295 lum?
2023 3240 2163 3295 Ecee
2187 3249 2339 3295 certe
2371 3240 2633 3295 Dominus
2660 3238 2900 3295 Sabaoth
2924 3238 3107 3310 ejiciet
3130 3246 3181 3292 et
3223 3244 3422 3291 atteret

1835 3333 2037 3400 virum,
2069 3340 2125 3388 et
2152 3332 2365 3390 auferet
2393 3333 2651 3388 amictum
2682 3342 2852 3398 tuum,
2892 3341 2947 3386 et
2985 3347 3243 3387 coronam
3271 3340 3419 3385 tuam

1836 3427 2155 3498 gloriosam,
2188 3436 2243 3483 et
2272 3428 2526 3496 projiciet
2557 3438 2612 3483 te
2641 3427 2694 3481 itt
2739 3428 3018 3499 regionem
3066 3439 3315 3497 magnam
3366 3432 3424 3478 et

1835 3516 2182 3580 immensam,
2214 3525 2269 3572 et
2298 3518 2372 3571 ibi
2415 3518 2701 3583 morieris;
2732 3527 2787 3573 et
2828 3528 2995 3586 ponet
3018 3532 3237 3572 currum
3267 3525 3419 3569 tuum

1832 3607 2121 3678 pulchrum
2154 3609 2206 3662 in
2226 3609 2485 3675 dedecus,
2505 3610 2791 3664 etdomum
2814 3609 3072 3679 principis
3099 3608 3173 3662 tui
3198 3608 3255 3662 in
3283 3623 3420 3663 con-

1834 3698 2197 3755 culcationem
2218 3717 2231 3753 :
2255 3710 2309 3755 et
2336 3715 2364 3754 a
2389 3700 2797 3771 dispensatione
2822 3709 2910 3756 tua
2938 3708 2995 3756 et
3013 3716 3042 3754 a
3069 3700 3302 3756 statione
3331 3710 3421 3754 tua

1833 3790 2129 3850 arceberis.
2161 3812 2181 3845 ›
2220 3794 2312 3849 Ait
2361 3794 2546 3864 itaque
2599 3792 2880 3859 Hebraeus,
2933 3792 3190 3850 Somnam
3253 3789 3422 3846 fuisse

1832 3897 2180 3967 pontiﬁcem,
2226 3888 2589 3957 voluptarium
2627 3894 2680 3940 et
2742 3885 3010 3941 indecorae
3067 3886 3192 3939 vitae
3244 3884 3420 3941 homi-

1833 4005 1989 4056 nem,
2031 3989 2104 4043 ita
2159 3993 2220 4039 ttt
2266 3982 2430 4038 etiam
2465 3979 2721 4050 populum
2772 3980 3028 4049 proderet
3076 3988 3132 4035 et
3178 3978 3419 4034 transfu-

1833 4088 1988 4150 geret
2029 4080 2096 4133 ad
2135 4073 2489 4132 Senacherim
2522 4072 2871 4144 Assyriorum
2906 4087 3108 4142 regem,
3145 4088 3304 4143 quem
3331 4071 3419 4140 ju-

1833 4171 1994 4227 betur
2030 4168 2292 4240 propheta
2335 4166 2389 4221 in
2432 4164 2785 4237 pastophorio
2836 4166 3017 4231 adire;
3045 4166 3179 4233 sive,
3223 4181 3420 4221 secun-

1833 4264 1961 4319 dum
1989 4262 2401 4335 Symmachum,
2434 4277 2453 4312 σ
2482 4259 2548 4313 2d
2580 4259 3051 4315 tabernaculorum
3080 4258 3341 4315 artiﬁcem
3363 4277 3413 4327 ;ι

1833 4373 1952 4424 seu,
1987 4354 2283 4411 secundum
2337 4352 2612 4422 Aquilam,
2673 4370 2693 4404 ι
2725 4353 2792 4406 ad
2848 4351 3191 4407 tabernacula
3251 4338 3441 4423 liget]?

128 4438 224 4493 τόν
254 4437 585 4508 σκηνοῦντα·
615 4458 636 4491 ›
684 4439 829 4495 οὕτω
853 4440 965 4512 γὰρ
986 4443 1337 4513 ήρμήνέυσαν
1368 4443 1504 4497 Θεοῦ
1535 4445 1598 4498 τὸ
1623 4462 1730 4498 πα-

1841 4459 2023 4516 ιθιη,›
2082 4448 2154 4502 ita
2224 4446 2368 4500 enim
2430 4445 2844 4515 pastophorium
2911 4444 3004 4498 Dei
3075 4444 3417 4513 interpretati

133 4530 448 4603 στοφόριον·
482 4532 660 4586 εἰπεῖν
684 4549 747 4586 τε
779 4532 948 4604 αὐτῷ’
970 4534 1186 4606 Μάτην,
1206 4529 1251 4589 ὦ
1273 4530 1449 4601 οὗτος,
1475 4538 1570 4591 καὶ
1600 4554 1737 4609 προ-

131 4624 320 4688 πετῶς
353 4624 543 4679 ἐνθάδε
567 4624 750 4696 σαυτῷ
780 4626 917 4698 πρὸς
934 4629 1003 4699 τῇ
1035 4626 1212 4700 πέτρα
1244 4632 1310 4701 τῇ
1345 4629 1522 4703 ὑψηλῇ
1552 4610 1737 4686 ἐλατό-

137 4733 323 4785 μησρις
357 4719 643 4788 μνημεῖον,
681 4717 958 4783 κοιλαίνας
1004 4720 1064 4772 ὲν
1107 4718 1258 4791 αὐτῷ
1298 4720 1593 4793 γράμμασι
1635 4723 1736 4795 τῆς

136 4807 341 4873 σαυτοῦ
376 4806 604 4880 γνώμης
651 4808 918 4881 σύμϐολα·
952 4811 1053 4865 οὐκ
1103 4811 1279 4876 εἰδὼς,
1324 4813 1405 4866 ὅτι
1432 4814 1558 4886 ὅρος
1593 4815 1735 4869 κατὰ

134 4901 233 4956 σοῦ
265 4902 621 4973 ἐξενήνεκται
662 4902 814 4974 παρὰ
852 4903 1059 4975 Κυρίου
1116 4903 1367 4970 Σαϐαὼθ,
1423 4908 1453 4959 ό
1493 4905 1731 4961 κελεύων

130 4992 537 5066 καθαιρεθέντα
556 5010 618 5048 σε
635 4995 734 5067 τῆς
759 4995 946 5067 τιμῆς,
974 4990 1044 5067 ἦς
1071 4995 1163 5049 ἐπὶ
1182 4996 1278 5049 τοῦ
1305 4998 1571 5069 παρόντος
1603 5016 1733 5070 μετ-

131 5088 304 5155 εῖχες,
338 5082 439 5138 καὶ
473 5085 830 5157 γυμνωθέντα
864 5086 965 5158 τῆς
987 5087 1383 5160 περικειμένης
1404 5106 1486 5142 σοι
1512 5090 1728 5162 στολῆς,

130 5175 228 5232 τοῦ
258 5193 324 5232 τε
381 5177 654 5245 στεφάνου
697 5177 793 5231 καὶ
842 5179 941 5250 τῆς
968 5178 1137 5251 ἄλλης
1176 5180 1354 5251 δόξης,
1387 5181 1728 5253 πορρωτάτω

128 5268 231 5353 τῇς
280 5266 522 5321 ἐνταῦθα
549 5267 677 5338 γῆς,
720 5270 812 5323 ἐπὶ
841 5269 1000 5342 ξένης
1042 5270 1190 5335 τινὸς
1234 5272 1329 5325 καὶ
1373 5272 1591 5344 μακρὰν
1624 5273 1734 5326 ἀπ-

128 5358 455 5431 ῳκισμένης
478 5358 666 5430 χώρας
694 5360 1008 5417 ἀποθανεῖν.
1039 5363 1319 5435 Περιττῶς
1351 5363 1460 5435 ἄρα
1489 5364 1739 5433 ἐφιλοκά-

130 5448 249 5513 lat;
281 5451 378 5505 τὸν
414 5451 587 5506 πολὺν
626 5453 835 5507 ἐκεῖνον
866 5455 1115 5525 συνάγων
1143 5455 1396 5523 πλοῦτον,
1418 5455 1488 5510 τὰ
1511 5456 1733 5529 ἅρματα

132 5544 230 5597 καὶ
255 5542 353 5598 div
378 5543 573 5600 λοιπὸν
590 5543 782 5616 τῦφον,
810 5545 870 5601 ὃν
888 5546 1057 5601 εἰσέτι
1076 5549 1170 5603 καὶ
1195 5548 1291 5603 νῦν
1318 5548 1730 5622 περιϐέϐλησαι.

210 5660 331 5735 (9.8)
369 5662 465 5719 Sic
490 5660 904 5735 iHieronymus,
940 5683 959 5717 ι
994 5665 1170 5735 Supra
1219 5667 1456 5722 diximus
1487 5666 1725 5722 Subitam

138 5729 321 5792 tuisse
350 5734 699 5806 mutilicem,
725 5729 818 5807 Qui
864 5729 1104 5811 Assyriis
1146 5738 1387 5811 prodidit
1419 5738 1721 5796 civitatem.

1839 4550 2005 4598 sunt:
2037 4541 2248 4611 ipsique
2283 4538 2470 4595 dicere
2514 4538 2847 4609 praecipitur,
2895 4535 3042 4592 Heus
3085 4547 3164 4602 tu,
3215 4536 3419 4591 frustra

1836 4643 1892 4689 et
1928 4642 2131 4688 temere
2172 4632 2261 4687 hic
2296 4630 2390 4685 tibi
2426 4631 2481 4685 in
2517 4631 2622 4685 alta
2665 4639 2818 4700 petra
2865 4639 3272 4685 monumentum
3320 4646 3420 4686 ex-

1835 4723 2050 4790 cidisti,
2099 4720 2382 4790 insculptis
2418 4719 2618 4776 litteris
2663 4721 2954 4776 voluntatis
3008 4730 3111 4775 tute
3172 4721 3418 4792 symbola

1837 4823 2233 4885 repraesentans
2277 4830 2292 4866 :
2337 4811 2597 4881 ignorans
2639 4810 2916 4866 decretum
2955 4825 2986 4864 a
3043 4809 3269 4864 Domino
3317 4808 3418 4864 Sa-

1837 4907 1999 4962 baoth
2027 4915 2213 4961 contra
2246 4913 2300 4960 te
2323 4903 2563 4975 prodire,
2590 4917 2698 4973 quo
2727 4911 2780 4957 te
2807 4900 2981 4969 jubet,
3018 4901 3222 4957 honore
3254 4915 3414 4970 quem

1837 5012 1982 5052 nunc
2031 4997 2245 5051 obtines
2284 4996 2665 5059 deturbatum,
2711 4995 2943 5061 amictu,
2996 5010 3102 5065 quo
3148 4992 3413 5057 inducris,

1836 5102 2037 5143 corona
2062 5102 2126 5142 ac
2157 5086 2367 5157 reliquo
2391 5088 2588 5142 decore
2615 5096 2863 5153 exutum,
2891 5086 3083 5155 procul
3110 5087 3214 5141 bac
3247 5096 3415 5149 terra,

1838 5179 1892 5234 in
1926 5179 2211 5249 peregrina
2250 5190 2304 5232 et
2348 5177 2711 5234 remotissima
2766 5181 2987 5248 regione
3037 5177 3276 5248 defungi.
3310 5175 3418 5232 Su-

1838 5270 2044 5342 perﬂue
2074 5270 2237 5340 igitur
2266 5278 2444 5324 tantas
2468 5268 2597 5323 iilas
2625 5266 2845 5324 divitias
2874 5268 3119 5324 Studiose
3157 5268 3417 5339 colligere

1838 5363 2142 5433 satagebas,
2186 5375 2251 5416 ae
2304 5376 2498 5417 currus
2535 5361 2943 5431 superbumque
2974 5360 3138 5415 alium
3178 5374 3416 5430 appara-

1839 5463 1971 5519 tum,
2012 5468 2120 5523 quo
2162 5467 2309 5508 nunc
2336 5451 2600 5507 indueris.
2646 5450 2775 5507 Haec
2813 5452 2939 5509 item
2979 5451 3246 5524 quispiam
3280 5463 3418 5508 tem-

1837 5547 1956 5618 pori
1990 5545 2262 5617 passionis
2303 5543 2614 5601 Servatoris
2652 5546 2828 5600 nostri
2858 5554 3220 5617 congruenter
3259 5555 3411 5616 apta-

1834 5665 1941 5720 Sed
1971 5665 2095 5732 quia
2127 5664 2232 5718 hoc
2259 5661 2569 5721 traditionis
2597 5669 2681 5721 est
2714 5660 3017 5729 Hebraicre,
3046 5667 3099 5717 et
3128 5657 3416 5731 Scriptura

1833 5751 1940 5794 non
1976 5734 2234 5807 loquitur,
2260 5740 2365 5792 etc.
2669 5734 2677 5741 '
