3862 6210
444 271 542 326 εει

1132 271 1404 330 EUSEBﬂ
1440 271 1914 330 CIESARIENSIS
1951 271 2103 329 OPP.

3617 264 3734 320 252

2147 271 2326 327 PARS
2362 271 2454 326 ΠΙ.
2493 299 2566 311 --—
2602 266 3019 325 EXEGETICA.

441 395 604 458 verit,
631 395 944 468 dixeritque
971 395 1254 462 Somnam,
1278 398 1371 467 qui
1404 413 1434 452 a
1465 398 1771 452 sacerdotio
1801 397 2024 463 excidit,

2143 394 2402 466 ’Λρμόσει
2428 393 2488 447 δέ
2531 410 2617 456 τις
2669 392 2739 445 τὰ
2767 390 3105 464 προκείμενα
3130 389 3211 451 εἰς
3257 386 3351 441 τὸν
3383 386 3576 458 καιρὸν
3629 385 3732 438 τοῦ

441 488 668 555 ligurum
720 501 843 544 esse
887 503 1076 544 eorum
1127 492 1218 558 qui
1266 489 1560 544 secundum
1614 489 1814 559 Moysis
1851 489 2024 558 legem

441 578 806 633 sacerdotium
838 595 1102 649 corporeo
1139 595 1290 635 more
1332 580 1558 634 obibant
1592 581 1733 648 apud
1777 577 2026 644 Jadieos;

438 683 579 737 quos
637 680 760 740 post
809 673 1121 741 passionem
1171 671 1506 734 Salvatoris,
1550 681 1803 726 cessante
1849 686 2032 725 sacer-

441 759 610 823 dotio,
638 777 701 816 ea
731 778 856 832 qua:
890 763 944 816 in
981 763 1267 831 prophetia
1297 762 1568 826 feruntur,
1605 776 1868 832 passuros
1907 775 2030 816 esse

439 850 788 906 vaticinatur.
831 852 1056 908 Eliacim
1086 869 1236 918 vero,
1265 854 1358 921 qui
1403 853 1671 924 signiﬁcat
1701 853 1798 908 Dei
1853 865 2027 908 recur-

440 947 627 1012 rectio,
658 947 964 1016 symbolam
1009 963 1131 1002 esse
1181 947 1304 1000 novi
1355 946 1670 1010 sacerdotii,
1700 946 1844 1017 quod
1897 945 2025 1000 Ser-

437 1038 650 1094 vatoris
679 1039 856 1094 nostri
883 1040 1210 1094 resurrectio
1242 1039 1296 1092 in
1329 1039 1447 1108 ejus
1467 1038 1706 1094 Ecclesia
1734 1053 1831 1108 per
1849 1046 2021 1094 totum

435 1130 627 1186 orbem
657 1130 962 1188 constituit.

2133 487 2342 550 πάθους
2369 486 2464 539 τοῦ
2489 485 2741 555 Σωτῆρος
2771 479 2951 554 ήμῶνδ
2987 481 3081 534 τὸν
3108 481 3210 552 μὲν
3240 479 3576 533 ἐκπίπτοντα
3624 479 3734 550 τῆς

2131 579 2436 651 ἱερωσύνης
2470 577 2686 649 Σομνὰν
2724 577 2908 630 εἰκόνα
2937 573 3080 630 εἶναι
3119 574 3295 642 λέγων
3319 572 3428 626 τῶν
3459 571 3610 626 κατὰ
3632 571 3732 624 τὸν

2131 667 2413 732 Μωῦσέως
2443 667 2608 738 νόμον
2653 665 2982 737 σωματικῶς
3029 662 3344 738 ἱερωμένων
3395 663 3546 736 παρά
3593 662 3732 716 ἰου-

2127 759 2317 815 δαίων·
2353 760 2449 824 οῦς
2479 779 2539 815 τε
2583 759 2724 830 μετὰ
2755 759 2817 813 τὸ
2847 759 3020 823 πάθος
3045 759 3108 812 τὸ
3133 758 3400 830 σωτήριον
3432 753 3731 808 πείσεσθαι

2132 851 2202 905 τὰ
2222 851 2699 924 προφητευόμενα,
2726 847 3042 922 παυομένης
3059 849 3160 920 τῆς
3184 846 3507 920 ἱερωσύνης,
3531 844 3733 899 θεσπί-

2131 945 2234 1010 ζει.
2261 947 2365 1000 Τὸν
2390 946 2448 999 δὲ
2492 946 2794 1016 Ἐλιακείμ,
2851 945 3003 999 Θεοῦ
3041 942 3385 1007 ἀνάστασις
3417 938 3729 1011 ἑρμηνευό-

2130 1055 2314 1108 μενον,
2343 1035 2612 1110 σύμϐολον
2629 1033 2768 1092 εἶναι
2787 1039 2888 1108 τῆς
2911 1037 3038 1100 νέας
3063 1036 3158 1090 καὶ
3177 1033 3371 1102 καινῆς
3395 1030 3727 1102 ἱερωσύνης,

2127 1130 2195 1201 ἢν
2235 1133 2271 1202 ἡ
2308 1127 2406 1184 τοῦ
2453 1129 2706 1202 Σωτῆρος
2769 1129 2929 1201 ἡμῶν
2987 1127 3284 1189 ἀνάστασις
3335 1126 3394 1178 ἐν
3441 1125 3506 1195 τῇ
3548 1119 3729 1176 αὑτοῦ

2141 1221 2439 1293 Ἐκκλησία
2481 1223 2604 1275 καθ’
2645 1224 2775 1292 ὅλης
2813 1223 2914 1293 τῆς
2961 1218 3288 1291 οἰκουμένης
3333 1217 3727 1288 συνεστήσατο.

515 1317 894 1372 νηοῖο-24.
941 1338 958 1368 ι
988 1317 1054 1371 Et
1085 1317 1192 1373 erit
1235 1318 1288 1372 in
1336 1317 1424 1372 die
1467 1316 1593 1382 illa,
1643 1316 1852 1372 vocabo
1886 1331 2022 1386 pae-

2204 1331 2224 1362 ι
2256 1313 2368 1366 Καὶ
2395 1311 2550 1366 ἔσται
2574 1313 2634 1364 ὲν
2654 1315 2720 1384 τῇ
2745 1312 2928 1383 ἡμέρᾳ
2951 1311 3158 1382 ἐκείνῃ,
3191 1309 3410 1364 καλέσω
3433 1307 3523 1362 τὸν
3547 1306 3731 1361 παῖδά

439 1426 560 1466 ruta
601 1425 781 1465 meum
816 1409 1043 1465 Eliacim
1073 1409 1310 1465 Clielcia:
1342 1408 1531 1474 lilium,
1569 1417 1628 1463 et
1654 1409 1870 1464 induant
1897 1423 2022 1462 eum

2133 1421 2235 1474 μου
2287 1404 2570 1475 Ἐλιακείμ
2611 1403 2703 1458 τὸν
2745 1402 2841 1457 τοῦ
2884 1401 3140 1464 Χελκίου,
3176 1402 3272 1455 καὶ
3305 1399 3511 1453 ἐνδύσω
3553 1397 3732 1452 αὐτὸν

438 1503 642 1559 amictu
669 1511 786 1570 tuo,
815 1513 869 1558 et
893 1517 1150 1567 coronam
1177 1513 1325 1556 tuam
1361 1501 1502 1556 dabo
1538 1502 1611 1567 ei,
1645 1511 1699 1557 et
1728 1501 2022 1571 potentiam

2130 1496 2230 1567 τὴν
2266 1496 2462 1565 στολήν
2498 1513 2616 1563 σου,
2657 1495 2879 1582 καὶτὸν
2923 1492 3187 1562 στέφανόν
3231 1509 3324 1545 σου
3361 1490 3516 1544 δώσω
3542 1487 3729 1559 αὐτῷ,

440 1605 498 1650 et
542 1595 1000 1663 dispensationem
1055 1604 1203 1648 tuam
1249 1593 1390 1648 dabo
1441 1595 1494 1648 in
1547 1608 1738 1648 manus
1785 1591 1921 1661 ejus.
1959 1591 2024 1645 Et

2130 1588 2225 1640 καὶ
2255 1588 2316 1641 τὸ
2349 1588 2551 1659 κράτος
2583 1588 2681 1642 καὶ
2724 1589 2823 1658 τὴν
2854 1587 3170 1658 οἰκονομίαν
3199 1601 3294 1639 σου
3323 1584 3480 1638 δώσω
3507 1585 3589 1646 εἰς
3620 1582 3730 1646 τὰς

440 1687 548 1740 erit
581 1695 838 1756 tanquam
871 1694 1026 1754 pater
1058 1684 1435 1740 habitantibus
1471 1683 1795 1746 Jerusalem,
1825 1691 1880 1736 et
1929 1682 2024 1738 ha-

2130 1680 2316 1748 χεῖρας
2365 1677 2553 1732 αὐτοῦ.
2598 1677 2709 1732 Καὶ
2743 1678 2897 1732 ἔσται
2937 1678 3015 1741 ὡς
3061 1680 3246 1750 πατὴρ
3289 1679 3403 1739 τοῖς
3451 1673 3730 1727 ἐνοικοῦσι

439 1777 744 1833 bitantibus
773 1774 935 1830 Juda.
969 1775 1038 1830 Et
1083 1775 1224 1830 dabo
1266 1774 1318 1829 ei
1366 1774 1577 1829 clavem
1613 1774 1807 1828 domus
1855 1771 2024 1827 David

2130 1770 2222 1840 τὴν
2257 1770 2650 1842 Ἰερουσαλὴμ,
2707 1773 2804 1826 καὶ
2849 1775 2962 1837 τοῖς
3014 1772 3321 1826 ἐνοικοῦσιν
3363 1768 3553 1824 Ἰούδα.
3609 1767 3732 1823 Καὶ

441 1869 497 1923 in
528 1870 752 1922 liamere
784 1865 940 1935 ejus:
967 1877 1023 1921 et
1053 1868 1282 1938 aperiet,
1314 1880 1489 1934 neque
1513 1865 1621 1920 erit
1647 1869 1740 1934 qui
1767 1863 2020 1926 claudat;

2130 1860 2280 1916 δώσω
2310 1861 2462 1934 αὐτῷ
2488 1863 2587 1935 τὴν
2615 1864 2801 1918 κλεῖδα
2830 1866 2985 1918 οἴκου
3020 1863 3184 1918 Δαυῒδ
3214 1861 3307 1917 ἐπὶ
3334 1861 3414 1933 τῷ
3457 1860 3594 1932 ὤμῳ
3625 1861 3727 1913 αὑ·

435 1969 498 2014 et
526 1960 764 2024 claudet,
791 1975 972 2029 neque
1010 1960 1113 2013 erit
1139 1959 1236 2029 qui
1265 1960 1496 2028 aperiat.
1527 1957 1593 2014 Et
1622 1958 1762 2011 dabo
1799 1955 2022 2025 gloriam

2130 1953 2218 2006 τοῦ
2241 1971 2255 1984 ο
2294 1956 2389 2008 καὶ
2434 1956 2667 2022 ἀνοίξει,
2715 1957 2810 2010 καὶ
2845 1957 2947 2011 οὐκ
2992 1957 3147 2012 ἔσται
3189 1958 3219 2010 ὁ
3253 1954 3592 2010 ἀποκλείων·
3627 1953 3736 2008 καὶ

439 2053 613 2108 David
639 2054 712 2117 ei,
741 2063 793 2108 et
829 2053 1136 2122 imperabit,
1168 2061 1224 2108 et
1260 2067 1366 2106 non
1400 2051 1507 2106 erit
1541 2049 1633 2119 qui
1665 2049 2020 2104 contradicat.

2130 2043 2350 2109 κλείσει,
2387 2046 2482 2100 καὶ
2517 2047 2619 2100 οὐκ
2650 2047 2804 2104 ἔσται
2837 2051 2866 2102 ὁ
2897 2049 3152 2118 ἀνοίγων.
3186 2049 3300 2103 Καὶ
3324 2047 3482 2101 δώσω
3504 2047 3606 2118 τὴν
3632 2045 3733 2099 δό-

441 2144 510 2200 Et
537 2145 866 2199 constituam
901 2160 1024 2198 eam
1069 2143 1368 2214 principem
1405 2144 1458 2197 in
1495 2142 1614 2197 loco
1647 2152 1762 2195 tuto
1789 2158 1805 2195 :
1837 2150 1893 2196 et
1919 2140 2023 2196 erit

2130 2132 2221 2197 ξαν
2245 2135 2410 2190 Δαυῖδ
2443 2138 2624 2209 αὐτῷ,
2656 2140 2753 2193 καὶ¹
2785 2139 2959 2212 ἄρξει,
2997 2141 3092 2196 καὶ
3122 2142 3224 2194 οὐκ
3261 2139 3413 2195 ἔσται
3455 2141 3485 2192 ὁ
3513 2139 3733 2192 ἀντιλὲ-

2123 2242 2257 2293 γων.
2285 2229 2395 2281 Καὶ
2426 2232 2609 2300 στήσω
2633 2231 2795 2284 αὐτὸν
2829 2234 3064 2304 ἄρχοντα
3099 2236 3155 2286 ἐν
3181 2234 3334 2304 τόπῳ
3367 2231 3542 2304 πιστῷ
3565 2249 3579 2262 ⁶
3627 2232 3732 2286 καὶ

2122 2317 2278 2372 ἔσται
2303 2319 2386 2383 εἰς
2421 2319 2612 2392 θρόνον
2640 2323 2801 2395 δόξης
2828 2324 2922 2377 τοῦ
2965 2325 3117 2380 οἴκου
3157 2323 3254 2379 τοῦ
3289 2326 3495 2392 πατρὸς
3530 2324 3730 2379 αὑτοῦ.

2125 2410 2236 2463 Καὶ
2280 2409 2432 2465 ἔσται
2477 2413 2757 2478 πεποιθὼς
2807 2417 2893 2468 ἐπ’
2947 2417 3111 2470 αὐτὸν
3158 2420 3268 2482 πᾶς
3308 2416 3516 2482 ἔνδοξος
3553 2418 3613 2469 ὲν
3645 2415 3734 2486 τῷ

2123 2503 2258 2574 οἴκῳ
2288 2504 2384 2558 τοῦ
2436 2507 2640 2581 πατρὸς
2688 2509 2877 2572 αὐτοῦ,
2919 2509 3028 2565 ἀπὸ
3075 2511 3272 2584 μικροῦ
3303 2511 3411 2575 ἕως
3453 2511 3731 2582 μεγάλου.

2125 2596 2242 2649 Πᾶν
2269 2597 2332 2650 τὸ
2373 2598 2569 2664 σκεῦος
2605 2600 2666 2654 τὸ
2707 2603 2901 2673 μικρὸν
2929 2601 3040 2657 ἀπὸ
3069 2605 3298 2668 σκεύους
3331 2603 3439 2657 τῶν
3470 2601 3728 2671 ἀγανώθ.

2124 2687 2237 2739 Καὶ
2301 2687 2516 2744 ἔσονται
2577 2693 3014 2764 ὲπικρεμάμενοι
3075 2694 3224 2766 αὐτῷ
3285 2697 3344 2749 ὲν
3408 2697 3475 2767 τῇ
3531 2694 3730 2772 ἡμέρᾳ

2125 2779 2328 2850 ἐκείνῃ.
2376 2799 2396 2833 ι
2432 2782 2523 2835 Σοὶ
2558 2783 2657 2853 μὲν
2683 2785 2858 2839 ταῦτα
2899 2786 3143 2839 ἐποίσει·
3171 2786 3263 2840 τὸν
3302 2786 3360 2839 δὲ
3395 2785 3584 2859 ἕτερόν
3623 2802 3727 2840 σου

2124 2871 2216 2925 τὸν
2262 2871 2546 2945 Ἐλιακείμ
2589 2877 2754 2930 παῖδα
2789 2879 2883 2931 καὶ
2907 2878 3094 2932 δοῦλον
3129 2880 3324 2934 ἑαυτοῦ
3346 2920 3360 2945 ,
3389 2880 3726 2952 δοκιμάσας.

2125 2961 2222 3033 τὴν
2267 2962 2366 3034 σὴν
2403 2964 2612 3019 ὲνδύσει
2641 2968 2863 3040 στολὴν,
2907 2972 3003 3023 καὶ
3029 2969 3112 3041 τῷ
3149 2972 3398 3042 στεφάνῳ
3427 2971 3529 3042 τῖἡς
3563 2971 3733 3043 ἀρχι-

2124 3054 2406 3126 ερωσύνης
2430 3057 2669 3128 τιμήσει,
2697 3059 3014 3131 ἐγχειρίσας
3041 3061 3192 3132 αὐτῷ
3218 3063 3288 3133 ἢν
3315 3061 3453 3126 τέως
3489 3063 3586 3114 ἐπὶ
3624 3061 3731 3115 τοῦ

2124 3145 2392 3216 παρόντος
2445 3147 2511 3201 σὺ
2564 3149 2897 3221 ὲπιστεύθης
2935 3153 3285 3223 οἰκονομίαν*
3336 3151 3485 3217 ἄξιος
3531 3153 3644 3224 γὰρ
3699 3156 3734 3208 δ

2123 3235 2261 3306 ἀνὴρ
2281 3235 2507 3290 τούτων.
2543 3237 2759 3310 Ἐπειδὴ
2783 3240 2841 3293 δὲ
2863 3241 3160 3311 προαχθεὶς
3185 3242 3288 3294 ὑπὸ
3314 3241 3412 3294 τοῦ
3433 3239 3597 3304 Θεοῦ,
3620 3242 3732 3294 οὐκ

2125 3325 2241 3379 ἔστι
2271 3343 2354 3380 σοι
2381 3329 2587 3398 ὅμοιος,
2625 3331 2976 3402 ὑπερήφανός
3008 3350 3069 3386 τε
3112 3335 3207 3386 καὶ.
3237 3332 3472 3396 ἀλαζών.
3521 3333 3736 3404 Χώραν

2126 3416 2185 3470 δὲ
2212 3417 2419 3490 πατρὸς
2445 3420 2627 3488 ἐφέξει
2655 3422 2792 3492 πρὸς
2811 3424 2939 3486 τοὺς
2967 3423 3262 3494 μέλλοντας
3289 3425 3382 3478 ὑπ’
3405 3424 3571 3478 αὑτοῦ
3600 3425 3737 3479 διοι-

2127 3508 2361 3562 κεῖσθαι·
2390 3509 2580 3582 διόπερ
2605 3513 2681 3576 ὡς
2712 3514 2861 3583 ⁴ἠπίῳ
2893 3517 2988 3569 καὶ
3016 3515 3179 3588 πρᾴῳ
3205 3517 3303 3587 τὴν
3328 3515 3488 3580 δόξαν
3510 3515 3608 3569 τοῦ
3636 3516 3738 3586 βα-

2128 3599 2323 3664 σιλέως
2351 3602 2512 3656 Δαυῖδ
2539 3603 2635 3657 τοῦ
2663 3606 2977 3675 πραοτάτου
3005 3607 3098 3660 καὶ
3127 3608 3471 3662 δικαιοτάτου
3496 3608 3592 3661 καὶ
3617 3608 3734 3661 δώ-

2128 3709 2232 3760 σει,
2259 3694 2400 3748 ὥστε
2429 3697 2620 3769 ἄρχειν
2645 3697 2740 3750 τοῦ
2771 3697 2903 3752 λαοῦ
2935 3699 3074 3770 μετὰ
3100 3700 3301 3772 πολλῆς
3327 3700 3599 3765 ἐξουσίας,
3629 3701 3738 3754 καὶ

2130 3787 2336 3857 μηδένα
2362 3789 2668 3858 ἀντιλέγειν
2705 3793 2818 3855 τοῖς
2861 3793 2954 3844 ὑπ’
2989 3792 3158 3845 αὐτοῦ
3201 3793 3734 3864 προστασσομὲνοις.

2131 3878 2327 3932 Ἔσται
2354 3879 2412 3932 δὲ
2455 3879 2852 3952 ἐστηλωμένος,
2883 3882 3117 3953 βεϐαίως
3157 3883 3443 3956 ἱδρυμένος
3485 3885 3582 3938 ἐπὶ
3624 3887 3738 3957 τὴν

2129 3971 2322 4024 ἑαυτοῦ
2354 3972 2730 4046 λειτουργίαν·
2761 3975 2837 4040 ὡς
2880 3976 3059 4030 πάντα
3085 3977 3179 4030 τὸν
3219 3980 3278 4030 ὲν
3307 3977 3386 4048 τῷ
3425 3978 3540 4049 λαῷ
3581 3977 3747 4031 ἔνδο-·

437 4073 544 4127 que
569 4058 636 4113 ad
678 4074 931 4130 magnum
971 4060 1038 4115 ab
1069 4060 1187 4129 ejus
1213 4075 1311 4117 ore
1345 4059 1694 4129 pendebant,
1724 4057 1844 4127 ejus
1885 4071 2015 4128 erga

2130 4059 2220 4126 ξον
2253 4061 2327 4132 μὴ
2361 4062 2601 4134 ἀγωνιᾷν
2631 4064 2768 4135 μηδὲ
2797 4062 3103 4136 ὑφορᾶσθαι
3136 4063 3330 4135 φθόνον
3358 4065 3392 4138 ἢ
3423 4067 3736 4137 βασκανίαν

439 4149 625 4205 omnia
655 4150 1008 4206 sollicitudini
1040 4150 1395 4206 confidentes.

2130 4151 2189 4216 ἐξ
2213 4153 2379 4206 αὑτοῦ
2412 4156 2788 4227 γενησομένην
2829 4158 2992 4210 ποτέ·
3024 4158 3345 4212 πεποιθέναι
3370 4159 3428 4211 δὲ
3449 4160 3548 4211 ἐπ’
3578 4159 3739 4229 αύτῷ

438 4241 516 4307 ὡς
541 4243 634 4298 ἐπὶ
671 4245 856 4317 πατρί.
900 4245 1108 4310 Πάντες
1135 4244 1264 4314 γοῦν
1299 4244 1514 4316 ἁθρόως
1547 4243 1657 4299 ἀπὸ
1685 4244 1883 4316 μικροῦ
1923 4244 2028 4309 ἕως
2066 4247 2305 4316 μεγάλου
2367 4249 2585 4305 ἔσονται
2647 4252 3013 4324 ἀνηρτημένοι
3039 4253 3225 4322 αὑτοῦ,
3259 4253 3590 4327 θαρροῦντες
3623 4255 3736 4307 αὑ-

437 4332 534 4390 τοῦ
559 4338 627 4408 τῇ
653 4337 779 4406 περὶ
803 4337 1020 4392 πάντων
1047 4337 1362 4411 κηδεμονίᾳ.

511 4425 679 4486 Vens.
703 4430 794 4485 25.
842 4449 860 4482 ι
893 4431 1019 4486 Haec
1057 4432 1191 4487 dicit
1245 4431 1506 4486 Dominus
1543 4429 1782 4486 Sabaoth
1813 4449 1825 4485 :
1864 4432 2024 4486 Com-

2205 4450 2225 4482 ¢
2264 4431 2402 4484 Τάδε
2439 4431 2590 4500 λέγει
2629 4433 2836 4503 Κύριος
2875 4433 3103 4490 Σαϐαὼθ
3128 4453 3141 4466 ·
3173 4436 3547 4508 Κινηθήσεται
3573 4441 3604 4492 ὁ
3629 4440 3735 4494 ἄν-

438 4523 746 4576 movebitur
790 4524 952 4578 homo
1000 4523 1272 4578 stabilitas
1315 4523 1367 4577 in
1412 4523 1532 4578 loco
1573 4532 1720 4587 tuto,
1768 4532 1823 4578 et
1867 4522 2020 4577 anfe-

2130 4519 2344 4593 θρωπος
2371 4523 2400 4574 ὁ
2427 4524 2827 4594 ὲστηριγμένος
2868 4527 2928 4578 ὲν
2956 4526 3107 4597 τόπῳ
3136 4527 3332 4598 πιστῷ,
3365 4530 3460 4582 καὶ
3493 4531 3740 4601 ἀφαιρε-

439 4621 590 4668 retur
613 4623 668 4669 et
699 4615 877 4678 cadet,
902 4623 958 4670 et
985 4615 1436 4670 exterminabitur
1465 4615 1635 4685 gloria
1672 4615 1726 4668 in
1759 4629 1862 4670 eo:
1895 4615 2022 4684 quia

2130 4614 2356 4686 θήσεται
2394 4615 2490 4668 καὶ
2523 4619 2794 4678 πεσεῖται,
2835 4619 2931 4672 καὶ
2960 4619 3477 4692 ὲξολοθρευθήσεται
3517 4625 3551 4694 ή
3599 4624 3742 4693 δόξα

441 4704 701 4759 Dominus
737 4705 946 4761 loeutus
985 4715 1088 4760 est.
1119 4724 1139 4758 ι
1190 4704 1455 4772 Quoniam
1510 4719 1617 4758 non
1652 4712 1803 4759 recte
1847 4717 2024 4772 neque

2130 4707 2216 4759 ἐπ’
2239 4707 2423 4759 αὐτόν·
2449 4708 2532 4762 ὅτι
2557 4707 2764 4779 Κύριος
2791 4709 3074 4782 ἐλάλησεν.
3107 4731 3126 4763 ι
3172 4712 3390 4784 Ἐπειδὴ
3421 4715 3494 4784 μὴ
3522 4715 3736 4786 ὀρθῶς,

439 4794 674 4869 ﬁdeliter
724 4795 1098 4850 concreditum
1150 4794 1253 4850 sibi
1325 4794 1688 4849 ministerium
1759 4794 1923 4859 obiit,
1969 4794 2022 4848 in

2130 4798 2269 4869 μηδὲ
2311 4798 2518 4864 πιστῶς
2537 4798 2806 4870 διῴκηκεν
2835 4802 2903 4874 ἢν
2929 4801 3228 4874 ἐπιστεύθη
3255 4805 3591 4875 οἰκονομίαν,
3632 4825 3740 4877 με-

439 4886 684 4940 ordinem
731 4887 1003 4956 redigetur
1050 4895 1104 4941 et
1140 4885 1365 4941 honore.
1395 4884 1721 4954 privaliitur,
1757 4885 2024 4955 cadetque

2130 4891 2533 4964 ταταχθήσεται
2569 4894 2663 4946 καὶ
2695 4894 3126 4966 ἀφαιρεθήσεται
3153 4896 3252 4966 τῆς
3274 4896 3443 4967 τιμῆς
3460 4936 3476 4961 ,
3505 4900 3604 4952 καὶ
3630 4918 3740 4955 πε-

439 4979 612 5050 gloria
643 4979 697 5033 in
723 4995 808 5034 eo.
838 4979 901 5033 Et
928 4980 1043 5034 lucc
1067 4979 1247 5033 omnia
1279 4977 1379 5048 ipsi
1404 4977 1676 5045 evenient,
1710 4976 1821 5033 Deo
1850 4979 2024 5047 ipsum

2131 4985 2306 5035 σεῖται
2343 4984 2376 5052 ἡ
2429 4982 2556 5050 δόξα
2581 4985 2670 5036 ἐπ’
2699 4984 2850 5055 αὐτῷ
2871 5002 2887 5016 ο
2917 4987 3011 5038 καὶ
3041 4985 3216 5040 ταῦτα
3248 4986 3427 5040 πάντα
3471 4991 3607 5060 περὶ
3637 4994 3742 5046 αύ-

439 5075 508 5126 ad
558 5071 703 5126 hanc
753 5071 1120 5126 calamitatem
1191 5071 1506 5126 damnante.
1561 5070 1654 5125 His
1711 5085 1873 5140 porro
1927 5085 2024 5124 nos

2130 5074 2219 5128 τὸν
2245 5074 2450 5138 ἔσεται,
2486 5074 2772 5147 κρίναντος
2812 5077 2976 5132 αὑτὸν
3004 5077 3180 5131 ταῦτα
3213 5079 3408 5134 παθεῖν
3436 5081 3533 5134 τοῦ
3562 5083 3733 5140 Θεοῦ.

438 5177 622 5216 sermo
665 5162 733 5217 ad
781 5161 1196 5230 temperantiam
1231 5161 1506 5227 hortatur,
1558 5163 1825 5231 docetque
1856 5177 1925 5217 ne
1972 5164 2024 5215 in

2130 5163 2459 5235 Σωφρονίζει
2477 5164 2535 5217 δὲ
2559 5164 2650 5218 διὰ
2671 5165 2877 5220 τούτων
2904 5167 3000 5220 καὶ⁴
3033 5169 3181 5238 ἡμᾶς
3207 5171 3234 5222 ὁ
3262 5169 3421 5238 λόγος
3452 5172 3740 5231 παιδεύων

439 5257 601 5309 rebus
658 5255 936 5325 prosperis
1001 5253 1280 5308 molliores
1332 5255 1658 5320 evadamus,
1713 5269 1890 5324 neque
1957 5255 2024 5311 de

2135 5256 2209 5326 μὴ
2242 5256 2570 5326 χαυνοῦσθαι
2597 5259 2655 5313 ἐν
2686 5260 2807 5322 ταῖς
2842 5259 3202 5331 εὐπραγίαις,
3238 5261 3374 5334 μηδὲ
3399 5263 3737 5334 ἐπαίρεσθαι

439 5346 670 5416 imperio
721 5346 1133 5416 superbiamus,
1188 5359 1326 5401 neve
1372 5345 1636 5414 judicium
1685 5347 1780 5402 Dei
1829 5346 2024 5403 oblivi-

2130 5351 2249 5412 ταῖς
2270 5351 2485 5420 ἀρχαῖς,
2519 5350 2655 5421 μηδὲ
2679 5353 2780 5421 τῆς
2803 5353 3036 5423 κρίσεως
3065 5355 3403 5425 ἀμνημονεῖν
3431 5356 3530 5410 τοῦ
3562 5357 3734 5413 Θεοῦ.

436 5453 678 5495 scamur.

442 2238 498 2292 in
541 2237 794 2293 thronum
828 2236 1011 2307 gloriae
1044 2237 1236 2291 domus
1277 2235 1448 2306 patris
1480 2235 1582 2289 sui.
1625 2234 1689 2287 Et
1722 2235 1826 2288 erit
1857 2232 2025 2288 conli-

441 2329 576 2382 dens
607 2327 659 2380 in
698 2327 815 2395 ipso
845 2327 1027 2381 onmis
1058 2328 1326 2398 gloriosus
1372 2327 1426 2380 in
1462 2329 1623 2379 domo
1657 2325 1827 2394 patris
1857 2325 1964 2386 sui,
1992 2339 2023 2376 a

393 2470 399 2476 ,
439 2429 610 2484 parvo
639 2428 813 2484 usque
841 2414 907 2469 ad
940 2430 1216 2486 magnam.
1249 2413 1424 2471 Omne
1454 2428 1551 2469 vas
1586 2429 1813 2483 parvum
1841 2429 1870 2467 a
1901 2428 2025 2468 vase

441 2504 700 2571 aganotii.
746 2505 814 2559 Et
863 2517 1026 2559 erant
1076 2505 1300 2576 appensi
1351 2505 1404 2560 ei
1461 2505 1516 2560 iii
1559 2506 1648 2561 die
1691 2505 1806 2559 illa.
1840 2524 1859 2558 ι
1901 2504 2023 2560 Tibi

438 2595 660 2663 quidem
711 2596 974 2669 [Somnaa]
1027 2597 1119 2653 illa
1175 2597 1422 2652 conferet
1462 2613 1478 2652 :
1517 2597 1682 2652 aliam
1727 2612 1857 2653 vero
1895 2613 1926 2649 a
1972 2606 2026 2652 te

439 2685 717 2744 diversum
768 2689 993 2745 Eliacim
1025 2703 1250 2760 puerum
1277 2700 1334 2745 et
1376 2705 1596 2746 servum
1645 2706 1834 2753 suam,
1867 2689 1936 2743 ab
1967 2703 2026 2742 se

438 2779 749 2848 probatum,
789 2783 988 2836 amicta
1031 2782 1220 2837 induet
1251 2791 1370 2848 tuo,
1397 2791 1456 2838 et
1495 2798 1700 2838 corona
1733 2781 2023 2837 sacerdotii

437 2873 749 2951 exornabit,
796 2873 1080 2941 tradetque
1125 2873 1225 2941 ipsi
1263 2888 1406 2935 eam,
1437 2887 1560 2941 quae
1602 2872 1696 2926 tibi
1731 2872 1843 2937 jam
1889 2886 2024 2926 con-

439 2962 647 3017 credita
670 2973 777 3030 est,
818 2962 1303 3033 diSpensationem.
1337 2962 1432 3016 His
1461 2965 1660 3032 quippe
1692 2962 1887 3032 dignas
1915 2971 2020 3028 est,
2050 2997 2092 3054 Ο

441 3052 567 3120 quia
610 3068 641 3106 a
691 3055 799 3108 Deo
837 3056 1134 3122 productus
1168 3063 1221 3108 et
1252 3053 1516 3117 selectas,
1560 3068 1666 3106 non
1703 3063 1790 3106 est
1829 3052 2022 3106 similis

442 3146 543 3209 tui,
583 3144 850 3212 superbus
885 3155 942 3199 et
976 3147 1261 3214 arrogans.
1307 3144 1488 3199 Patris
1535 3154 1713 3199 autem
1755 3143 1875 3200 loco
1918 3146 2024 3199 erit

443 3235 530 3299 iis,
575 3236 667 3304 qui
719 3237 821 3291 sub
854 3235 972 3306 ejus
1020 3235 1500 3291 administratione
1544 3234 1742 3304 degent
1780 3251 1795 3288 :
1829 3249 2022 3303 quam-

439 3328 627 3382 obrem
659 3327 758 3396 ipsi
790 3337 849 3383 ut
886 3329 1003 3383 miti
1032 3339 1087 3384 et
1125 3337 1407 3383 mansueto
1438 3327 1587 3383 dabit
1617 3327 1844 3398 gloriam
1877 3327 2022 3397 regis

440 3419 611 3474 David
651 3421 926 3477 mitissimi
965 3430 1021 3478 et
1059 3419 1377 3489 iustissimi,
1427 3420 1502 3474 ita
1552 3427 1612 3474 at
1656 3418 1854 3489 populo
1895 3433 2019 3472 cum

439 3512 680 3581 potentia
720 3527 914 3583 magna
956 3513 1206 3582 imperet,
1245 3519 1301 3566 et
1347 3507 1514 3579 jussis
1565 3510 1684 3578 ejus
1729 3508 1906 3563 nullas
1940 3522 2027 3561 re-

438 3611 666 3672 pugnet.
710 3603 932 3674 Eritqae
982 3604 1122 3658 lixas
1149 3613 1204 3656 et
1240 3601 1474 3656 lirmiter
1504 3599 1778 3655 stabiiitas
1820 3600 1873 3654 in
1916 3598 2020 3652 mi-

439 3695 668 3751 nisterio
691 3711 821 3760 suo,
856 3696 932 3751 ita
963 3703 1022 3750 ut
1051 3693 1300 3764 quisquis
1333 3693 1386 3747 in
1432 3691 1630 3762 populo
1663 3691 1846 3746 claras
1887 3691 2023 3754 erit,

437 3799 547 3840 non
592 3787 910 3850 contendat,
959 3801 1134 3855 neque
1169 3783 1348 3838 futura
1397 3798 1634 3852 unquam
1674 3781 1912 3852 suspicio
1953 3781 2027 3836 sit

440 3878 657 3933 invidia;
679 3888 770 3934 aut
803 3878 989 3934 livoris
1017 3878 1070 3933 in
1097 3895 1252 3945 eum,
1281 3880 1376 3935 sed
1407 3891 1598 3933 omnes
1627 3875 1727 3945 ipsi
1766 3886 2023 3944 tauquam

437 3969 580 4038 patri
617 3969 912 4025 conﬁdant.
941 3969 1143 4026 Omnes
1183 3985 1315 4039 ergo
1344 3967 1636 4024 confertim
1665 3982 1697 4021 a
1732 3981 1901 4034 parvo
1931 3981 2023 4020 us-

993 5534 1224 5591 CAPUT
1265 5531 1450 5588 XXIII.

2641 5533 3038 5588 ΚΕΦΑΛΑΙΟΝ
3076 5535 3207 5589 Kl".

515 5621 680 5678 VERS.
713 5624 762 5677 I.
801 5643 821 5675 ί
853 5623 1088 5680 Verbum
1132 5625 1282 5698 Tyri.
1320 5625 1554 5692 Ulnlate,
1591 5640 1758 5681 nach
1793 5625 2024 5682 Cartha-

2204 5643 2221 5676 t
2258 5621 2329 5676 Τὸ
2365 5625 2515 5695 ῥῆμα
2541 5624 2741 5696 Τύρου.
2787 5625 3129 5691 Ὀλολύξετε,
3161 5627 3320 5680 πλοῖα
3351 5627 3735 5702 Καρχηδόνος,

440 5713 618 5786 ginis,
656 5715 779 5784 quia
829 5715 1008 5786 periit.
1037 5734 1056 5770 ι
1097 5717 1331 5773 Verbum
1376 5716 1546 5790 igitur
1578 5717 1704 5788 Tyri
1739 5716 1792 5773 in
1837 5718 2024 5789 primis

2130 5717 2214 5770 ὅτι
2251 5715 2515 5771 ἀπώλετο.
2566 5735 2582 5770 t
2631 5718 2702 5771 Τὸ
2734 5718 2885 5789 ῥῆμα
2932 5719 3107 5773 τοίνυν
3144 5718 3238 5788 τῆς
3285 5716 3458 5788 Τύρου
3501 5718 3563 5774 ἐν
3612 5721 3740 5784 τοῖς
