3862 6210
123 303 235 360 255

1055 301 1566 364 (ΞΟΠΜΕΝΤΑΒΙΑ
1607 305 1673 362 ΙΝ
1713 304 1970 361 ISAIAM.
2012 334 2082 344 —
2118 302 2272 361 CAP.
2326 300 2520 358 XXIII.

3316 304 3424 360 εει

126 417 376 489 πριὶιτοις
412 435 670 489 σημαινει
695 417 796 490 τὴν
835 417 1175 474 ἐπελθοῦσαν
1200 423 1267 492 τῇ
1315 421 1478 494 Τύρῳ
1522 421 1735 494 πολιορ-

1837 418 2112 488 signiﬁcat
2155 416 2394 472 futuram
2439 415 2567 487 Tyri
2616 413 2954 480 obsidionem
2987 431 3005 470 :
3035 431 3142 487 quo
3177 424 3424 487 tempore

127 511 256 563 κίαν
278 526 294 540 ο
323 508 450 563 καθ’
489 508 550 562 ὃν
584 508 777 579 χρόνον
807 508 1043 572 ἐπιστὰς
1065 511 1094 562 ὁ
1135 508 1421 582 ’Λσσύριος
1455 509 1594 581 μετά
1623 509 1732 562 τῶν

125 602 309 655 ἄλλων
344 600 516 655 ἐθνῶν
544 601 640 654 καὶ
659 599 831 672 αὐτὴν
855 595 970 654 εἷλε
1009 601 1103 654 καὶ
1135 599 1232 673 τὴν
1261 600 1489 665 Σιδῶνα,
1515 601 1595 665 ὼς
1637 600 1731 654 καὶ

127 695 186 746 ἐν
219 695 345 756 ταῖς
383 691 584 757 ἐξωθεν
611 691 914 762 ἐμφέρεται
957 692 1240 763 ἱστορίαις.
1301 693 1389 746 Ἐν
1430 691 1510 762 τῷ
1554 689 1732 763 καιρῷ

126 786 310 839 τοίνυν
338 785 557 855 ἐκείνῳ,
595 784 716 838 καθ’
745 784 805 837 ὃν
833 783 931 855 τὴν
963 783 1234 854 τοσαύτην
1262 783 1478 856 ἐκείνην
1503 783 1733 854 ὑπέμει-

123 896 218 932 νεν
245 877 488 950 ἐρημίαν
514 879 547 948 ή
573 876 790 948 Τυρίων
823 876 999 941 πόλις,
1027 877 1177 941 εἰκὸς
1198 872 1266 949 ἦν
1293 877 1492 942 αὐτοὺς
1531 877 1731 948 μηκέτι

129 971 270 1043 μηδὲ
317 970 543 1043 συνήθει
577 969 880 1041 κεχρῆσθαι
918 969 1182 1041 ἐμπορίᾳ,
1218 971 1508 1034 ναυτικοὺς
1545 969 1728 1034 ὄντας,

126 1064 225 1119 καὶ
254 1064 493 1118 πάντοτε
531 1061 942 1134 πραγματείαις
969 1064 1090 1126 ταῖς
1121 1061 1210 1114 διὰ
1237 1061 1514 1133 θαλάσσης
1541 1060 1732 1132 σχολά-

127 1154 348 1220 ζοντας.
428 1153 852 1224 ’Δφανισθείσης
897 1151 1079 1207 τοίνυν
1130 1157 1230 1226 τῆς
1283 1153 1498 1226 Τύρου,
1545 1156 1730 1210 οὐκέτι

127 1243 269 1318 ἦσαν
320 1247 375 1301 οἱ
421 1247 523 1312 τὰς
571 1247 845 1319 ἐμπορίας
894 1246 953 1314 ἐξ
998 1249 1172 1318 αὐτῆς
1220 1247 1572 1319 κομίζοντες,
1622 1250 1732 1303 ἀπὸ

130 1339 484 1412 Καρχηδόνος
513 1339 767 1404 εἰωθότες
800 1340 1043 1394 διαπλεῖν
1083 1340 1177 1394 ἐπὶ
1207 1339 1305 1414 τὴν
1335 1341 1533 1414 Τύρον.
1568 1361 1587 1393 ι
1619 1341 1730 1396 Καὶ

128 1433 315 1488 οὐκέτι
346 1432 596 1505 ίρκονται
643 1435 709 1486 ἐκ
749 1437 850 1505 γῆς
890 1434 1191 1488 Κιττιέων·
1237 1429 1405 1504 ἦκται
1447 1433 1732 1505 αἰχμάλω-

126 1544 242 1590 τος.
291 1546 310 1577 ι
352 1525 590 1594 Λέγεται
637 1525 695 1578 δὲ
744 1528 778 1598 ἡ
830 1526 1058 1597 Κύπρος
1101 1527 1248 1580 οὕτω
1287 1526 1579 1598 δηλοῦσθαι
1635 1529 1730 1582 καὶ

127 1614 378 1668 Κιττίων
431 1609 573 1668 εἶναι
612 1614 767 1668 πόλιν
808 1617 868 1670 ἐν
910 1618 1073 1689 αὐτῇ,
1107 1617 1175 1671 δι’
1213 1611 1281 1689 ἧς
1322 1617 1631 1689 παρέπλεον
1677 1619 1728 1672 oi

128 1707 237 1761 ἀπὸ
259 1707 366 1778 τῆς
393 1707 572 1777 Τύρου
601 1709 1024 1780 ναυτιλλόμενοι.

1835 512 2232 581 Superveniens
2257 511 2520 582 Assyrius
2546 524 2671 566 cum
2701 510 2822 565 aliis
2843 510 3122 580 gentibus,
3149 521 3207 566 et
3249 512 3422 582 ipsum

1834 613 1890 658 et
1915 603 2178 659 Sidonem
2218 601 2396 671 cepit,
2439 608 2499 654 ut
2528 600 2697 655 etiam
2743 601 2796 657 in
2827 612 3140 658 exterorum
3177 603 3422 658 historiis

1837 703 2114 749 narratur.
2159 691 2257 748 lllo
2306 691 2492 761 itaque
2542 701 2818 762 tempore,
2867 708 2978 762 quo
3015 693 3302 765 Tyriorum
3341 697 3423 749 ci-

1833 790 1972 844 vitas
2003 796 2210 844 tantam
2244 801 2408 857 passa
2449 794 2540 842 est
2569 786 2906 853 vastitatem.
2935 803 3276 859 consequens
3302 802 3422 847 erat

1835 880 1959 936 illos
2010 894 2120 934 non
2183 878 2348 934 solito
2401 878 2738 933 commercio
2783 879 2905 944 uti;
2965 881 3168 935 nautici
3221 882 3422 952 quippe

1835 980 2032 1036 erant,
2079 987 2142 1026 ac
2178 984 2394 1043 semper
2468 969 2699 1025 marinis
2758 970 3214 1042 negotiationibus
3259 989 3420 1028 vaca-

1835 1066 1988 1122 bant.
2023 1063 2209 1120 Deleta
2253 1065 2437 1133 itaque
2467 1063 2634 1134 Tyro,
2665 1062 2798 1119 nulli
2839 1076 2998 1120 erant
3023 1067 3114 1136 qui
3145 1083 3245 1137 pro
3271 1085 3423 1125 more

1835 1173 2046 1214 merces
2112 1157 2240 1213 inde
2301 1159 2776 1214 transveherent:
2824 1158 2860 1212 ii
2913 1174 3044 1215 vero
3090 1159 3423 1234 Carthagine

1833 1247 2038 1319 Tyrum
2073 1247 2334 1319 navigare
2381 1247 2653 1303 solebant.
2693 1267 2713 1300 ι
2745 1248 2812 1303 Et
2857 1264 2964 1304 non
3009 1251 3149 1306 ultra
3195 1253 3424 1310 veniunt

1831 1339 1899 1394 de
1947 1349 2090 1395 terra
2121 1339 2482 1396 Citiensium:
2518 1339 2793 1398 abductus
2837 1351 2922 1397 est
2957 1344 3227 1413 captivus.
3251 1363 3270 1398 ι
3323 1347 3422 1404 llis

1833 1430 2070 1486 indicari
2121 1429 2361 1501 Cyprum
2393 1432 2617 1496 dicitur,
2649 1432 3049 1504 Cittiorumque
3075 1436 3267 1492 urbem
3319 1437 3422 1493 ibi-

1831 1523 1954 1577 dem
2007 1533 2262 1592 exstare,
2315 1525 2402 1580 cui
2449 1523 2864 1596 adnavigabaut
2900 1527 2994 1596 qui
3043 1525 3190 1599 Tyro
3235 1529 3420 1586 solve-

1831 1614 1985 1670 bant.

199 1819 220 1850 ι
285 1799 410 1855 Τίνι
461 1802 637 1872 ὅμοιοι
690 1801 980 1870 γεγόνασιν
1029 1803 1082 1856 οἱ
1129 1803 1512 1867 κατοικοῦντες
1553 1804 1614 1856 ἐν
1662 1804 1730 1874 τῇ

1909 1796 2072 1854 Vens.
2099 1798 2220 1854 24.
2265 1817 2287 1852 ‹
2315 1797 2413 1856 Cui
2447 1796 2660 1852 similes
2697 1795 2826 1852 facti
2861 1806 2992 1853 sunt
3035 1801 3126 1869 qui
3167 1801 3418 1861 habitant

128 1894 297 1964 νήσῳ,
328 1893 622 1965 μετάϐολοι
641 1895 913 1967 Φοινίκης,
935 1895 1305 1967 διαπερῶντες
1326 1897 1426 1968 τὴν
1451 1895 1727 1954 θάλασσαν

127 1986 183 2038 ὲν
211 1985 371 2039 ὕδατι
392 1985 609 2056 mue;
635 1986 855 2056 σπέρμα
881 1986 1196 2057 μεταϐόλων
1212 1988 1288 2052 ὼς
1315 1987 1529 2059 ἀμητοῦ
1551 1989 1729 2057 εἰσφε-

131 2077 399 2149 ρομένων
436 2078 489 2130 oi
529 2078 817 2149 μετάϐολοι
864 2079 973 2134 τῶν
1015 2079 1206 2136 ἐθνῶν.
1253 2079 1606 2152 Αἱσχύνθητι,
1640 2081 1730 2135 Σι-

129 2169 250 2234 Ξὼν,
294 2167 455 2224 εἶπεν
495 2172 528 2242 ἡ
579 2170 844 2226 θάλασσα.
897 2173 963 2226 Ἦ
1003 2171 1060 2226 δὲ
1105 2174 1258 2244 ἰσχὺς
1305 2177 1404 2246 τῆς
1451 2174 1728 2244 θαλάσσης

129 2257 277 2316 εἶπεν
299 2279 314 2292 ·
346 2262 465 2318 Ούκ
489 2261 701 2328 ῶδινον,
731 2264 853 2318 ούδέ
879 2263 1088 2330 ἔτεκον,
1115 2265 1238 2320 οὐδὲ
1263 2264 1528 2338 ἐξέθρεψα
1557 2268 1728 2320 νεανί-

132 2370 313 2418 σκους,
372 2353 496 2407 οὐδὲ
550 2354 742 2426 ὖψωσα
788 2357 1107 2429 παρθένους.
1170 2378 1188 2411 ι
1240 2359 1357 2414 Νῦν
1401 2360 1459 2414 δὲ
1507 2362 1727 2416 πάντων

129 2447 344 2520 ἁθρόως
375 2450 768 2523 ἀφῃρημένους
789 2492 805 2517 ,
846 2452 940 2506 καὶ
965 2451 1075 2506 τῶν
1121 2453 1494 2525 νομιζομένων
1539 2457 1728 2522 αὐτοῖς

130 2541 352 2608 ἀγαθῶν
388 2543 778 2614 στερηθέντας,
825 2544 1088 2618 αἰσχύνην
1129 2547 1492 2618 καταχέεσθαι
1559 2565 1724 2621 προσ-

129 2635 248 2703 ήκει
266 2652 282 2665 ·
331 2635 411 2708 μὴ
449 2636 670 2707 μόνους,
696 2635 830 2690 ἀλλὰ
861 2637 955 2691 καὶ
986 2639 1113 2702 τοὺς
1141 2640 1206 2692 ἐκ
1245 2640 1504 2708 γειτόνων
1541 2641 1724 2708 αὐτοῖς

130 2726 415 2792 οἰκοῦντας
463 2729 778 2794 Σιδωνίουςο
831 2732 1118 2802 μονονουχὶ
1162 2733 1259 2785 καὶ
1301 2732 1404 2803 τῆς
1445 2732 1725 2806 θαλάσσης

131 2819 320 2890 αῆς,
350 2819 538 2894 φωνὴν
571 2820 844 2894 ἀφιείσης,
872 2822 968 2876 καὶ
995 2822 1412 2896 ἀποθρηνούσης
1438 2824 1609 2895 αὐτῆς
1634 2825 1724 2878 διά

131 2907 187 2960 τὸ
219 2907 425 2980 μηκέτι
472 2909 620 2981 ἔχειν
657 2909 751 2976 οὓς
792 2910 982 2982 θρέψει
1030 2913 1346 2976 νεανίσκους
1387 2913 1483 2968 καὶ
1515 2913 1722 2985 παρθέ-

131 3017 270 3065 νους.
305 3002 433 3055 Ὅτι
458 3002 520 3056 τδ
547 3003 779 3057 παλαιὸν
803 3005 993 3078 ὥσπερ
1024 3006 1300 3078 θαλάσσης
1333 3007 1504 3079 αὐτῆς
1530 3009 1724 3079 γεννή-

134 3111 273 3163 ματα
322 3093 419 3147 ὖπ¹
458 3095 630 3167 αὐτῆς
678 3097 1001 3170 ἐτρέφοντο,
1059 3099 1148 3153 ὅτε
1187 3099 1339 3170 ἤνθει
1388 3100 1459 3153 τὰ
1506 3099 1722 3171 Τυρίων

1837 1899 1892 1954 in
1925 1895 2125 1959 insula,
2161 1893 2531 1965 negotiatores
2558 1890 2872 1956 Plitenieiae,
2904 1891 3236 1962 trajicieotes
3267 1909 3420 1950 utare

1835 1988 1888 2042 in
1926 2001 2067 2055 aqua
2109 1984 2318 2040 multa?
2370 2000 2555 2041 semen
2593 1985 2991 2056 negotiatorum
3023 1985 3180 2054 quasi
3228 1987 3421 2042 messis

1833 2089 2220 2150 comportatur;
2269 2081 2637 2150 negotiatores
2681 2079 2944 2147 gentium.
2980 2078 3278 2144 Erubesce,
3332 2080 3422 2135 Si-

1829 2176 1962 2238 don,
1997 2173 2134 2228 dixit
2165 2187 2336 2227 mare.
2371 2171 2653 2227 Fortitudo
2682 2182 2868 2227 autem
2913 2171 3082 2226 maris
3114 2172 3269 2234 dixit,
3301 2171 3420 2228 Non

1833 2267 2131 2338 parturivi.
2175 2281 2275 2320 nec
2325 2265 2541 2334 peperi,
2589 2280 2690 2320 nec
2739 2266 2978 2320 enutrivi
3020 2265 3270 2335 juvenes,
3318 2282 3420 2322 nec

1834 2357 2066 2412 exaltari
2103 2355 2361 2426 virgines.
2387 2374 2405 2406 ι
2448 2355 2604 2410 Nunc
2640 2366 2823 2410 autem
2863 2371 2959 2412 eos
2989 2357 3244 2412 omnibus
3280 2373 3414 2413 con-

1833 2451 2014 2505 fertim
2061 2450 2302 2513 orbatos,
2331 2457 2388 2502 et
2419 2435 2610 2513 bonis,
2641 2449 2714 2502 ita
2757 2449 2832 2503 illi
2879 2449 3266 2518 opinabantur,
3299 2451 3418 2507 suis

1832 2559 2076 2609 eversos,
2109 2542 2318 2612 pudore
2345 2539 2583 2596 suﬂ'undi
2612 2542 2901 2605 convenit;
2944 2557 3044 2596 nec
3080 2558 3178 2597 eos
3205 2543 3415 2612 solum,

1831 2637 1927 2690 sed
1961 2636 2128 2692 etiam
2161 2634 2373 2691 vicinos
2403 2650 2593 2691 eorum
2645 2633 2940 2689 Sidonios:
2981 2635 3067 2687 vel
3113 2635 3231 2703 ipso
3279 2636 3416 2692 mazi

1831 2731 1987 2799 quasi
2031 2744 2219 2785 vocem
2261 2729 2567 2792 emittente,
2616 2741 2682 2782 ac
2727 2727 2966 2796 lugente,
2999 2729 3144 2796 quod
3187 2726 3418 2796 juvenes

1830 2830 1887 2874 et
1919 2820 2176 2888 virgines,
2197 2833 2334 2890 quos
2361 2819 2614 2884 enutriat,
2637 2833 2743 2872 non
2777 2818 2994 2873 habeat.
3025 2818 3292 2885 Quoniam
3329 2837 3419 2874 an-

1831 2912 2084 2982 tiquitus,
2109 2927 2210 2968 ceu
2253 2912 2420 2966 maris
2453 2909 2626 2979 ipsius
2671 2911 2870 2980 proles,
2898 2911 2967 2967 ab
2993 2927 3059 2966 eo
3095 2911 3410 2981 alebantur,

1828 3023 1936 3076 quo
1967 3017 2208 3078 tempore
2252 3022 2340 3062 res
2367 3005 2655 3077 Tyriorum
2687 3005 2952 3062 ﬂorebant
2978 3026 2993 3064 :
3033 3026 3173 3064 nunc
3203 3019 3412 3078 autem,

1831 3101 1978 3171 Tyro
2025 3100 2222 3165 deleta,
2265 3099 2389 3166 jure
2429 3101 2578 3168 ipsos
2627 3099 2774 3169 luget
2823 3114 3008 3166 mare,
3053 3111 3110 3157 et
3151 3101 3414 3159 fortitudo
3489 3115 3492 3118 ’

131 3187 470 3259 πράγματα’
507 3187 602 3242 νῦν
634 3189 693 3242 δὲ
725 3190 814 3244 ὅτε
859 3191 1056 3264 μηκέτι
1099 3193 1268 3256 ἐστὶν,
1316 3193 1542 3256 εἰκότως
1587 3194 1728 3246 ἀπο-

1830 3191 1946 3261 ejus
1979 3191 2329 3255 lamentatur,
2364 3191 2594 3246 liliorum
2625 3191 2852 3246 exitium
2883 3191 3194 3260 deplorans.

132 3278 378 3333 κλαίεται
403 3280 606 3344 αὐτοὺς
630 3283 662 3352 ή
701 3282 964 3347 θάλασσα,
1004 3286 1098 3339 καὶ
1130 3285 1163 3356 ἡ
1191 3286 1346 3356 ίσχὺς
1385 3287 1558 3358 αὐτῆς
1587 3287 1724 3341 ἀπο-

131 3364 434 3436 θρηνεῖται,
464 3369 559 3422 ἐπὶ
585 3369 798 3435 τέκνοις
824 3373 1159 3427 ἀπολωλόσιν
1188 3374 1587 3447 ὀλοφυρομένη.

198 3474 218 3508 ι
263 3457 439 3510 Ὅταν
463 3458 523 3512 δὲ
548 3459 814 3514 ἀκουστὸν
845 3462 1072 3534 γένηται
1099 3465 1159 3518 ἐν
1181 3464 1466 3535 Αἰγύπτῳ,
1489 3465 1721 3538 λήψεται

125 3548 324 3614 αὐτοὺς
353 3551 518 3624 ὀδύνη
547 3553 679 3626 περὶ
703 3554 902 3626 Τύρου.
945 3557 1234 3612 ’Δπέλθετε
1263 3561 1343 3623 είς
1375 3559 1720 3632 Καρχηδόνα,

125 3643 414 3709 ὀλολύξατε
459 3647 510 3699 οἱ
549 3648 933 3712 κατοικοῦντες
971 3652 1030 3704 ἐν
1061 3653 1127 3722 τῇ
1172 3652 1324 3722 νήσῳ
1364 3651 1558 3723 ταύτῃ.
1607 3652 1721 3706 Οὐκ

127 3737 260 3808 αὐτὴ
295 3731 369 3807 ἦν
403 3737 439 3807 ἠ
469 3736 629 3810 ὕϐρις
654 3739 750 3794 ἀπ’
776 3739 971 3812 ἀρχῆς,
1018 3743 1185 3816 πρινὴ
1213 3743 1585 3814 παραδοθῆναι
1618 3744 1719 3796 αὐ-

126 3830 259 3897 τήν;
312 3827 412 3892 Τίς
458 3828 630 3884 ταῦτα
673 3831 993 3886 ἐϐούλευσεν
1032 3835 1128 3888 ἐπὶ
1160 3833 1370 3906 Τύρον;
1409 3835 1502 3908 Μὴ
1535 3837 1720 3907 ἥσσων

125 3918 293 3979 ἐπὶν,
341 3917 374 3989 ἢ
414 3920 516 3972 οὐκ
557 3919 767 3991 ίσχύει;
814 3923 878 3975 Οἱ
912 3922 1144 3995 ἔμποροι
1195 3924 1366 3995 αὐτῆς
1417 3927 1465 3979 ei
1519 3925 1722 3992 ἔνδοξοι

125 4011 388 4081 ἄρχοντες
416 4010 519 4081 τῆς
538 4013 661 4083 γῆς.
685 4014 892 4085 Κύριος
911 4015 1139 4071 Σαϐαὼθ
1167 4017 1525 4072 ἐϐουλεύσατο
1545 4036 1722 4090 παρα-

125 4100 286 4154 λῦσαι
322 4102 506 4154 πᾶσαν
546 4103 647 4174 τὴν
697 4103 854 4176 ὕϐριν
887 4106 995 4160 τῶν
1031 4107 1287 4172 ἐνδόξων,
1322 4111 1419 4163 καὶ
1451 4110 1721 4180 ἀτιμάσαι

125 4193 232 4243 πᾶν
263 4191 477 4256 ἔνδοξον
517 4193 612 4245 ἐπὶ
640 4193 740 4265 τῆς
785 4196 909 4268 γῆς.
949 4216 970 4250 ι
1031 4197 1193 4252 Ἀλλά
1219 4201 1314 4252 καὶ
1352 4202 1387 4272 ἡ
1420 4201 1717 4270 Αἴγυπτος,

124 4284 186 4337 ἐκ
206 4285 471 4354 γειτόνων
504 4288 910 4358 παρακειμένη,
949 4290 1008 4344 ὲν
1037 4289 1221 4364 ὀδύνῃ,
1263 4293 1416 4362 φησὶ,
1449 4295 1722 4364 καταστή-

126 4392 297 4441 σεται,
330 4378 690 4448 φροντίζουσα
725 4379 817 4433 καὶ
851 4379 1196 4450 ἀγωνίζουσα
1233 4383 1363 4454 περὶ
1405 4384 1596 4454 αὐτῆς,
1641 4385 1716 4457 μή

124 4485 197 4540 πη
231 4468 305 4521 τά
339 4470 505 4538 ὅμοια
539 4469 689 4544 πάθῃ
719 4475 786 4542 τῇ
821 4473 1054 4544 Τυρίων.
1087 4468 1191 4528 τΩν
1212 4473 1356 4529 οὕτω
1387 4476 1714 4547 γενομένων,

122 4562 169 4612 εἰ
195 4560 456 4624 δύνασθε,
488 4562 644 4632 φησὶ,
680 4564 818 4632 μετά
843 4565 968 4629 τοὺς
1000 4566 1348 4632 ἀπολωλότας
1372 4567 1720 4638 ὑπολειφθέν-

121 4671 211 4717 τες
240 4656 302 4707 ἐν
339 4657 405 4726 τῇ
443 4655 623 4728 Τύρῳ,
652 4656 875 4728 διὰϐητε
903 4657 1197 4728 φεύγοντες
1238 4661 1331 4712 ἐπὶ
1361 4662 1488 4724 τοὺς
1521 4661 1718 4732 ὑμετέ-

125 4765 252 4817 ρους
297 4748 570 4812 ἀποίκους
615 4749 713 4821 τὴν
760 4751 1085 4824 Καρχηδόνα
1130 4751 1442 4817 οἰκοῦντας·
1492 4755 1715 4808 κάκεῖσε

124 4842 526 4912 ἁπομείναντες
574 4841 990 4896 ἀποκλαύσασθε
1037 4843 1140 4914 τὴν
1183 4843 1393 4897 ἑαυτῶν
1440 4845 1676 4916 πατρίδα
1699 4885 1713 4909 ,

123 4934 612 5005 καταμεμφόμενοι
647 4935 720 5007 μὴ
753 4935 972 5006 ἐτέρους
1001 4936 1086 5004 ἐφ’
1124 4929 1206 4999 οἷς
1231 4936 1548 5002 πεποίθατε,
1580 4937 1718 4991 ἀλλά

123 5030 217 5098 τὴν
267 5027 431 5099 ὑμῶν
480 5027 662 5082 αὐτῶν
715 5028 1096 5100 ὑπερηφανίαν
1142 5029 1237 5082 καὶ
1293 5030 1394 5102 τὴν
1444 5030 1624 5102 ὓϐριν,

123 5123 334 5186 πάντας
360 5121 559 5184 αὐτοὺς
585 5120 931 5193 περιϐάλλειν
964 5121 1278 5194 ἐπειρᾶσθε.
1307 5122 1388 5176 Τά
1415 5123 1473 5176 δὲ
1507 5123 1714 5194 συμϐε-

121 5211 331 5282 ϐηκότα
364 5212 516 5282 ὑμῖν,
545 5205 592 5264 ὧ
625 5211 835 5283 Τύριοι,
875 5212 952 5284 μὴ
995 5213 1340 5284 εἱμαρμένης
1374 5214 1715 5286 ὲπιγράφετε

122 5305 364 5376 ἀνάγκη·
422 5304 560 5358 ἀλλά
612 5305 884 5374 ζητήσατε
938 5307 1069 5376 παρ’
1114 5306 1364 5370 ἑαυτοῖς,
1407 5305 1492 5370 τίς
1539 5306 1713 5360 ταῦτα

123 5397 505 5462 ἐϐουλεύσατο,
536 5396 618 5460 τίς
653 5397 836 5468 ἔκρινε
876 5398 1046 5452 ταῦτα
1081 5397 1276 5452 παθεῖν
1307 5399 1406 5469 τὴν
1435 5399 1709 5471 ὑμετέραν

124 5487 377 5558 πατρίδα.
422 5483 724 5557 Ζητοῦντες
755 5486 865 5558 γὰρ
898 5489 1160 5561 εὑρήσετε
1206 5491 1266 5542 ἐν
1313 5489 1498 5560 δικαίᾳ
1530 5490 1710 5561 κρίσει

123 5579 190 5630 τα
231 5578 460 5632 τοιαῦτα
514 5577 946 5650 συμϐεϐηκέναι·
991 5581 1196 5654 Κύριος
1233 5583 1340 5655 γὰρ
1388 5579 1636 5648 Σαϐαὼθ,
1682 5584 1713 5635 ὁ

128 5669 275 5740 παρὰ
319 5670 508 5740 μόνοις
553 5669 826 5741 Ἑϐραίοις
893 5669 1330 5743 θεολογούμενος,
1391 5670 1579 5726 τοῦτον
1625 5670 1711 5736 ἐξ·

133 5760 323 5829 ᾗνεγκε
355 5760 448 5815 τὸν
476 5761 623 5831 ὅρον·

1896 3465 2061 3518 Vens.
2090 3463 2213 3518 5-9.
2271 3482 2290 3514 ι
2322 3462 2552 3529 Quando
2603 3472 2788 3515 autem
2853 3461 3097 3516 auditum
3148 3461 3310 3518 fuerit
3357 3463 3410 3517 in

1822 3548 2088 3620 Egypto,
2114 3565 2210 3604 eos
2240 3550 2423 3618 capiet
2468 3548 2625 3604 dolor
2652 3549 2718 3603 de
2742 3548 2907 3619 Tyro.
2935 3551 3094 3605 Abite
3125 3549 3416 3623 Carthagi-

1825 3657 1950 3696 nem
1978 3657 1993 3696 :
2025 3641 2228 3696 ululate
2259 3641 2351 3712 qui
2386 3640 2624 3695 incolitis
2663 3641 2896 3696 insulam
2946 3644 3106 3698 hanc.
3136 3641 3412 3713 Numquid

1825 3735 1939 3790 haec
1985 3745 2106 3789 erat
2151 3733 2348 3804 injuria
2393 3731 2464 3787 ab
2509 3733 2690 3803 initio,
2733 3735 3050 3805 priusquam
3096 3736 3406 3792 traderetur

1824 3828 1972 3896 ipsa?
1999 3825 2133 3894 Quis
2175 3827 2292 3881 haec
2339 3824 2612 3880 consuluit
2661 3840 2826 3894 super
2851 3826 3098 3896 Tyrum?
3135 3827 3274 3882 Num
3308 3829 3409 3882 im-

1822 3919 2072 3977 becillior
2099 3927 2206 3983 est,
2237 3926 2331 3974 aut
2359 3932 2467 3972 non
2496 3917 2706 3975 viribus
2731 3919 2914 3974 valet?
2941 3918 3266 3976 Mercatores
3289 3920 3409 3989 ejus

1822 4011 2066 4084 gloriosi,
2107 4011 2380 4082 principes
2405 4019 2587 4068 teme.
2633 4011 2894 4066 Dominus
2925 4009 3168 4066 Sabaoth
3199 4012 3406 4067 delibe-

1823 4103 1966 4157 ravit
2003 4101 2300 4158 dissolvere
2333 4102 2646 4158 universam
2696 4102 3084 4158 contumeliam
3143 4103 3408 4174 glorioso-

1823 4212 1982 4262 rum,
2033 4208 2089 4253 et
2151 4197 2444 4268 ignominia
2498 4197 2712 4253 allicere
2773 4213 2936 4253 omne
2997 4198 3290 4270 gloriosum
3351 4200 3406 4255 in

1823 4298 2034 4344 terra.)
2066 4288 2267 4346 Verum
2297 4290 2459 4344 etiam
2499 4289 2770 4361 Egyptus
2811 4307 2841 4344 e
2883 4291 3060 4345 vicino
3106 4293 3301 4360 posita,
3350 4293 3405 4346 in

1820 4383 2027 4446 dolore,
2074 4385 2268 4454 inquit,
2312 4386 2696 4448 constituetur,
2733 4383 2969 4438 sollicita
3004 4393 3059 4438 et
3090 4385 3248 4438 anxia
3287 4399 3408 4452 pro-

1822 4483 1942 4544 pter
1973 4473 2136 4536 illam,
2181 4489 2250 4528 ne
2295 4475 2551 4530 videlicet
2601 4489 2786 4544 parem
2829 4472 3006 4544 Tyria:
3036 4473 3403 4527 calamitatem

1824 4567 2078 4636 patiatur.
2113 4566 2297 4622 Rebus
2334 4578 2514 4623 autem
2550 4569 2623 4622 ita
2651 4570 2856 4638 gestis.
2896 4567 2954 4623 Si
3004 4567 3253 4636 potestis,
3297 4567 3401 4631 ait,

1819 4673 1916 4712 vos
1963 4659 2086 4728 qui,
2137 4660 2293 4713 exesis
2328 4659 2468 4726 aliis,
2516 4658 2570 4712 in
2629 4659 2762 4713 urbe
2811 4657 2956 4729 Tyro
2992 4658 3189 4714 residui
3243 4658 3401 4723 estis,

1820 4750 2057 4820 trajicite
2083 4750 2292 4822 profugi
2323 4751 2389 4806 ad
2417 4751 2642 4806 colonos
2675 4761 2888 4806 vestros
2914 4751 3400 4821 Carthaginenses.

1817 4843 1931 4898 Illic
1954 4858 2083 4899 vero
2104 4851 2504 4899 commorantes
2543 4843 2771 4912 patriam
2819 4843 3016 4911 lugete,
3042 4851 3096 4896 et
3123 4853 3399 4908 accusate,

1821 4951 1926 4990 non
1957 4936 2092 4990 alios
2123 4938 2433 5007 quOSpiam,
2461 4935 2658 5004 quibus
2702 4934 2970 4998 lidebatis,
3017 4935 3112 4990 sed
3160 4945 3398 4989 vestram

1821 5028 2128 5097 superbiam
2177 5036 2235 5082 et
2271 5027 2684 5091 contumeliam,
2720 5043 2825 5096 qua
2861 5026 2982 5080 illos
3012 5041 3205 5080 omnes
3249 5041 3400 5080 com-

1819 5121 2022 5192 plicare
2049 5122 2230 5177 conati
2269 5121 2421 5176 estis.
2453 5123 2646 5176 (Iasum
2679 5135 2842 5190 porro
2871 5129 3134 5186 vestrum,
3160 5135 3194 5174 o
3221 5117 3399 5190 Tyrii,

1817 5229 1888 5269 ne
1938 5209 2032 5269 fati
2081 5214 2398 5270 necessitati
2451 5213 2771 5277 ascribatis;
2821 5214 2916 5268 sed
2960 5213 3012 5266 in
3065 5213 3223 5268 vobis
3267 5214 3401 5283 ipsis

1817 5306 2065 5377 quaerite,
2093 5306 2215 5374 quis
2248 5306 2363 5360 haec
2410 5305 2641 5361 consilia
2679 5306 2884 5370 inierit,
2917 5305 3041 5375 quis
3071 5306 3137 5359 ad
3186 5315 3396 5362 tantam

1817 5399 2180 5455 calamitatem
2244 5399 2474 5469 patriam
2534 5408 2773 5453 vestram
2840 5398 3202 5453 damnaverit.
3255 5395 3396 5453 Nam

1819 5493 2188 5562 disquireutcs
2221 5492 2660 5562 deprelicudetis,
2700 5493 2816 5549 haec
2840 5490 2992 5560 justo
3016 5491 3224 5560 judicio
3250 5493 3398 5546 acci-

1819 5585 2000 5640 disse:
2038 5586 2294 5642 Dominus
2343 5585 2544 5655 quippe
2595 5585 2869 5652 Sabaoth,
2911 5586 3004 5655 qui
3058 5584 3199 5654 apud
3254 5584 3398 5641 solos

1821 5675 2073 5732 llebrmos
2135 5693 2232 5747 pro
2287 5677 2394 5732 Deo
2451 5677 2700 5746 habetur,
2757 5682 2856 5734 hoc
2915 5677 3198 5733 decretum
3265 5689 3398 5746 pro-
