3862 6210
501 389 663 446 Vsus.
704 388 796 457 10,
850 389 938 444 Η.
983 406 1005 440 ι
1033 384 1274 459 Operare
1326 397 1529 444 terram
1579 394 1727 442 tuam
1768 404 1784 440 :

425 482 572 537 enim
609 495 714 536 non
762 480 994 551 amplius
1035 480 1259 536 veniunt
1293 478 1644 549 Carthagine.
1676 478 1869 534 Manus
1912 493 2012 533 au-

430 584 537 630 tem
567 583 658 629 tua
692 574 824 629 nihil
862 582 1041 643 potest
1073 572 1306 641 amplius
1344 573 1399 626 in
1441 573 1605 636 mari,
1647 586 1770 641 quae
1812 585 2014 641 provo-

428 659 836 729 cabatreges.»
894 655 973 712 Ne
1022 657 1186 728 igitur
1231 656 1466 725 amplius
1515 655 1824 726 superbias,
1876 668 2016 709 neve

428 760 752 820 arroganter
783 764 936 820 agas,
975 747 1047 803 ob
1080 748 1300 804 divitias
1329 759 1386 804 et
1411 763 1543 817 opes
1572 746 1711 802 mari
1755 748 2016 805 advectas

430 841 527 896 tibi
575 857 590 896 :
639 855 828 895 verum
883 840 1139 910 depressa
1189 849 1246 895 et
1297 839 1539 904 humilis,
1566 838 1804 894 colenda:
1856 848 2015 894 teme

428 946 586 995 vaca,
620 939 683 986 ut
728 929 993 985 fructibus
1024 940 1187 985 terrae
1218 945 1288 984 ex
1331 929 1664 999 agricultura
1697 928 1870 998 partis
1914 944 2015 983 nu-

432 1023 618 1079 triaris
661 1039 680 1078 :
734 1023 947 1077 marina
979 1022 1281 1091 siquidem
1342 1023 1437 1077 tibi
1496 1022 1649 1076 lucra
1706 1033 2012 1077 cessarunt.

427 1112 565 1170 Nam
591 1114 718 1169 dum
751 1113 819 1170 iis
865 1114 1157 1180 l‘rueharis,
1188 1112 1504 1169 felicitatem
1535 1112 1680 1169 ferre
1725 1123 1872 1168 tuam
1908 1129 2014 1169 non

426 1215 673 1275 poteras,
714 1204 808 1260 sed
841 1205 1053 1261 vicinos
1079 1219 1239 1276 reges
1276 1220 1467 1261 omnes
1506 1205 1849 1263 contumeliis
1891 1220 2016 1275 pro-

428 1298 682 1358 vocabas.
713 1297 979 1354 Cazterum
1014 1298 1133 1353 haec
1182 1296 1325 1353 ultra
1370 1297 1556 1355 facere
1589 1298 1689 1353 tibi
1740 1313 1848 1354 non
1883 1297 2016 1353 lice—

426 1391 539 1457 bit,
584 1407 760 1461 neque
809 1403 1004 1447 contra
1035 1391 1173 1447 alios
1224 1392 1548 1462 quospiam,
1596 1406 1774 1462 neque
1822 1403 2014 1447 contra

427 1483 715 1540 ﬁnitimam
742 1482 1023 1551 Sidonem,
1050 1497 1214 1554 quam
1242 1482 1440 1539 laedere
1465 1484 1740 1539 tentabas.
1770 1501 1792 1536 ι
1825 1484 2016 1539 Manus

428 1585 610 1632 autem
644 1586 735 1631 tua
767 1576 901 1631 nihil
932 1583 1112 1645 potest
1136 1575 1408 1646 amplius;
1438 1594 1459 1629 ι
1493 1574 1748 1633 videlicet
1774 1587 2016 1647 potestas

429 1667 601 1739 regia,
631 1680 737 1737 qua
765 1665 895 1722 olim
927 1668 1151 1731 ﬁrmata
1165 1675 1302 1721 erat.

1124 254 1224 320 ΕΙ]
1234 260 1407 319 SEBII
1444 260 1931 319 CIESARIENSIS
1967 260 2023 318 Ol

2162 257 2344 313 PARS
2384 253 2472 312 Ill.
2512 285 2583 296 —
2621 251 3014 309 EXEGETICA

1844 401 2011 441 naves
2039 403 2085 454 Α
2188 401 2207 433 ι
2258 377 2525 451 Ἐργάζου
2564 376 2663 448 τὴν
2705 375 2808 446 γῆν
2854 388 2983 427 σου’
3032 369 3127 423 καὶ
3162 368 3271 439 γάρ
3320 365 3479 420 πλοῖα
3517 362 3719 416 οὐκέτι

3601 239 3724 296 256

2113 475 2331 547 ἔρχεται
2358 474 2424 525 ἐκ
2454 468 2827 540 Καρχηδόνος.
2867 467 2933 519 Ἡ
2958 464 3015 518 δὲ
3036 462 3160 534 χείρ
3189 478 3283 514 σου
3310 458 3497 515 οὐκέτι
3529 457 3719 527 ἰσχύει

2115 565 2259 620 κατὰ
2296 563 2596 627 θάλασσαν,
2639 564 2672 632 ή
2709 557 3088 632 παροξύνουσα
3124 552 3384 625 βασιλεῖς.
3427 570 3447 602 ι
3489 548 3723 619 Μηκέτι

2113 660 2296 713 τοίνυν
2336 656 2567 729 ἐπαίρου
2598 656 2674 719 ὡς
2710 652 2852 725 αὐτὴ
2890 645 3379 721 μεγαλαυχουμένη
3413 642 3506 694 ἐπὶ
3533 638 3619 709 τῷ
3652 639 3723 690 ἐκ

2115 752 2393 820 θαλάσσης
2427 747 2773 821 ποριζομένῳ
2805 762 2888 798 σοι
2921 741 3137 811 πλούτῳ
3158 757 3170 770 ·
3200 734 3604 792 ταπεινωθεῖσα
3632 730 3720 821 δὲ,

2116 843 2244 913 περὶ
2286 819 2386 910 την
2431 819 2636 907 σαυτῆς
2674 832 2906 905 ἀσχολοῦ
2938 832 3041 903 γῆν
3067 824 3439 899 γεωπονοῦσα,
3469 822 3565 877 καὶ
3600 819 3723 874 ἀπό

2108 933 2223 987 τῶν
2260 932 2369 987 ἀπὸ
2392 931 2494 1002 γῆς
2531 926 2763 1000 καρπῶν
2800 923 3111 997 τρεφομένη
3131 938 3145 951 ·
3179 918 3458 972 πέπαυται
3484 915 3597 984 γάρ
3630 928 3723 964 σοι

2113 1026 2185 1080 τά
2211 1027 2320 1081 ἀπὸ
2360 1025 2461 1096 τῆς
2499 1022 2776 1090 θαλάσσης
2811 1017 2999 1089 κέρδη.
3043 1017 3156 1069 Καὶ
3187 1014 3296 1084 γὰρ
3327 1011 3532 1065 τούτων
3571 1008 3724 1060 ἁπο-

2114 1119 2377 1184 λαύουσα,
2418 1117 2519 1170 οὐκ
2566 1114 2762 1185 ἔφερες
2813 1112 2980 1180 αὐτῆς
3032 1109 3130 1178 τὴν
3178 1104 3553 1176 εὐδαιμονίανο
3590 1098 3723 1153 ἀλλ’

2117 1212 2411 1284 ἐξύϐρισας
2451 1207 2832 1280 παροξύνουσα
2867 1202 3108 1274 βασιλεῖς
3154 1198 3360 1261 πάντας
3399 1197 3528 1258 τοὺς
3568 1192 3725 1262 πλη-

2116 1302 2437 1376 σιοχώρους.
2469 1300 2618 1374 Πλὴν
2650 1296 2837 1351 οὐκέτι
2862 1312 2944 1349 σοι
2965 1293 3139 1349 ταῦτα
3167 1293 3426 1362 πράττειν
3467 1286 3720 1353 ἐξέσται,

2116 1398 2239 1454 οὐδὲ
2269 1396 2389 1452 καθ’
2417 1394 2645 1465 ἐτέρων,
2669 1393 2790 1447 οὐδὲ
2816 1388 2959 1444 κατά
2979 1387 3079 1457 τῆς
3101 1384 3327 1456 πλησίον
3350 1399 3432 1435 σοι
3454 1380 3723 1442 Σιδῶνος,

2116 1492 2183 1562 ἢν
2231 1489 2325 1543 καὶ
2355 1487 2524 1559 αὐτὴν
2554 1486 2764 1540 ἀδικεῖν
2808 1482 3125 1553 ἐπιχειρεῖς.
3186 1497 3203 1527 ι
3265 1476 3330 1529 Ἡ
3360 1474 3419 1528 δὲ
3449 1473 3572 1544 χείρ
3622 1487 3724 1526 σου

2117 1584 2306 1637 οὐκέτι
2339 1581 2544 1653 ἰσχύει·
2597 1600 2615 1632 ι
2658 1578 2803 1647 λέγω
2831 1575 2897 1647 δὴ
2924 1578 2957 1647 ἠ
2998 1573 3228 1644 δύναμις
3259 1571 3293 1641 ή
3324 1565 3601 1639 βασιλικὴ,
3651 1565 3724 1618 δι’

2119 1671 2187 1750 ἦς
2218 1675 2279 1728 τὸ
2308 1674 2477 1728 πάλαι
2503 1671 2814 1743 ὠχύρωται,

503 1760 665 1816 Vsus.
692 1760 888 1816 12-16.
923 1777 943 1812 ι
976 1760 1239 1816 Dominus
1273 1760 1614 1816 exercituum
1652 1760 1908 1830 praecepit
1950 1758 2018 1814 de

2200 1785 2219 1819 ι
2270 1765 2477 1837 Κύριος
2525 1761 2753 1817 Σαϐαὼθ
2796 1757 3099 1813 ἐνετείλατο
3144 1754 3272 1825 περὶ
3322 1751 3567 1815 Χαναὰν,
3612 1751 3728 1804 ἀπι-

428 1840 727 1917 Chanaan,
746 1861 808 1906 ut
838 1849 1164 1921 perderetur
1197 1850 1316 1922 ejus
1346 1853 1532 1908 robur.
1570 1852 1637 1907 Et
1666 1853 1872 1917 dicent,
1902 1850 2018 1906 Non

431 1941 576 1996 ultra
604 1941 874 2012 adjicietis
900 1943 1261 1998 contumelias
1305 1954 1361 1999 et
1394 1944 1627 2013 injurias
1661 1945 1865 1999 inferre
1897 1944 2023 1999 lilia:

431 2033 585 2088 Sion.
623 2033 691 2088 Et
715 2031 762 2088 si
811 2032 1013 2089 abieris
1041 2035 1108 2088 ad
1143 2033 1458 2101 Cittienses,
1491 2049 1665 2106 neque
1706 2035 1779 2090 ibi
1809 2036 2022 2106 requies

429 2124 535 2180 erit
562 2124 659 2180 tibi
690 2148 704 2182 :
732 2135 788 2181 et
814 2125 861 2182 si
891 2125 960 2180 ad
993 2134 1197 2182 terram
1222 2126 1624 2194 Chaldaaorum,
1653 2128 1771 2198 ipsa
1802 2143 2023 2199 quoque

430 2217 503 2274 ab
542 2218 784 2289 Assyriis
813 2227 1026 2274 vastata
1053 2228 1157 2283 est,
1190 2235 1366 2288 neque
1398 2220 1474 2275 ibi
1503 2222 1609 2275 erit
1638 2221 1737 2276 tibi
1778 2222 2020 2291 requies,

430 2313 559 2383 quia
601 2327 789 2368 murus
814 2311 930 2383 ejus
951 2311 1171 2368 cecidit.
1202 2311 1434 2378 Ululate,
1467 2327 1632 2368 naves
1652 2312 2021 2384 Carthaginis,

430 2401 559 2472 quia
594 2403 757 2474 periit
800 2402 1033 2458 munitio
1066 2411 1271 2458 vestra.
1314 2403 1381 2458 Et
1419 2405 1527 2459 erit
1563 2404 1618 2459 in
1669 2405 1758 2459 die
1805 2405 1893 2459 illa
1936 2420 2022 2459 re-

430 2493 710 2565 linquetur
756 2494 936 2566 Tyrus
983 2510 1093 2550 ιιι
1152 2495 1348 2563 annis,
1394 2495 1538 2551 sicut
1591 2505 1803 2566 tempus
1856 2496 2022 2567 regis,

431 2585 579 2641 sicut
613 2595 826 2656 tempus
859 2585 1120 2642 hominis.
1163 2585 1232 2641 Et
1261 2589 1371 2642 erit
1415 2596 1540 2657 post
1586 2602 1761 2642 annos
1805 2597 2026 2657 septua-

430 2680 604 2751 ginta,
627 2680 736 2736 erit
758 2678 935 2751 Tyrus
960 2688 1221 2749 tanquam
1252 2680 1527 2736 canticum
1553 2680 1835 2736 adulterae.
1857 2679 2026 2735 Sume

430 2773 721 2838 citharam,
766 2772 973 2839 circui,
1017 2771 1217 2828 civitas
1262 2771 1541 2837 adultera,
1589 2770 1856 2827 oblivioni
1909 2782 2023 2826 tra-

431 2865 586 2920 dita:
621 2865 760 2920 bene
790 2865 945 2935 pulsa
976 2865 1264 2929 citharam,
1300 2864 1469 2918 multa
1500 2878 1661 2931 cane,
1696 2875 1757 2919 ut
1792 2867 1867 2919 tui
1911 2881 2027 2921 me-

433 2956 610 3012 moria
649 2956 945 3011 exsistat.)
981 2954 1111 3023 Quae
1151 2969 1316 3024 porro
1343 2963 1538 3011 contra
1563 2954 1768 3026 Tyrum
1811 2957 1864 3011 in
1902 2957 2030 3010 vati-

434 3049 581 3105 cinio
629 3049 897 3110 feruntur.
947 3049 1131 3104 omnia
1186 3048 1377 3119 paucis
1422 3048 1580 3104 annis
1631 3049 2023 3105 absolventur:

2120 1859 2308 1915 ολέσαι
2349 1859 2520 1930 αὐτῆς
2553 1857 2651 1929 τὴν
2679 1853 2855 1926 ίσχύν.
2886 1853 2997 1906 Kal.
3024 1847 3262 1921 ἐροῦσιν⁹
3311 1845 3511 1900 Οὐκέτι
3540 1844 3605 1897 οὐ
3648 1842 3728 1914 μὴ

2123 1952 2464 2028 προσθήσετε
2503 1948 2598 2003 τοῦ
2631 1948 2875 2021 ὑϐρίζειν
2913 1944 3008 2000 καὶ
3049 1943 3257 1997 ἀδικεῖν
3292 1936 3727 2011 τὴνκθυγατέρα

2123 2046 2284 2102 Σιών.
2325 2046 2438 2100 Καὶ
2477 2043 2573 2097 ἐάν
2609 2041 2854 2114 ἀπέλθῃς
2893 2041 2972 2102 είς
3008 2038 3267 2099 Κιττιεῖς,
3298 2033 3418 2087 οὐδὲ
3444 2033 3564 2085 ἐκεῖ
3592 2029 3730 2084 ἀνά-

2124 2154 2328 2200 παυσις
2350 2135 2657 2188 ἐσταισοι·
2705 2134 2798 2186 καὶ
2834 2133 2916 2196 εἰς
2950 2132 3053 2202 γῆν
3097 2126 3401 2188 Χαλδαίων,
3446 2125 3543 2177 καὶ
3582 2122 3727 2192 αὐτὴ

2124 2229 2418 2301 ἠρήμωται
2447 2226 2558 2280 ἀπὸ
2594 2225 2705 2279 τῶν
2749 2223 3055 2295 Ἀσσυρίων
3078 2262 3093 2286 ,
3125 2219 3247 2273 οὐδέ
3295 2219 3413 2271 ἐκεῖ
3463 2233 3547 2269 σοι
3591 2213 3728 2268 ἀνά-

2124 2337 2329 2384 παυσις
2358 2319 2546 2373 ἔσται’
2590 2318 2674 2371 ὅτι
2717 2318 2747 2369 ὁ
2782 2318 2962 2385 τοῖχος
2999 2312 3170 2383 αὐτῆς
3214 2310 3528 2363 πέπτωκεν.
3576 2306 3728 2359 Ὀλο-

2125 2412 2343 2476 λύξατε,
2377 2404 2539 2465 πλοῖα
2565 2408 2935 2481 Καρχηδόνος,
2971 2407 3050 2460 ὅτι
3078 2403 3328 2458 ἀπώλετο
3366 2400 3429 2455 τὸ
3455 2399 3728 2471 ὀχύρωμα

2126 2505 2300 2576 ὑμῶν.
2342 2504 2451 2557 Kal.
2491 2502 2643 2556 ἔσται
2674 2503 2733 2554 ἐν
2762 2502 2827 2572 τῇ
2865 2499 3048 2571 ἡμέρα
3079 2496 3266 2568 ἐκείνῃ
3289 2492 3729 2562 καταλειφθήσε-

2124 2614 2217 2650 ται
2254 2596 2428 2668 Τύρος
2465 2594 2561 2666 ἔτη
2617 2600 2679 2657 o',
2726 2593 2801 2657 ὡς
2837 2591 3030 2662 χρόνος
3081 2587 3368 2661 βασιλέως,
3410 2586 3488 2648 ὡς
3530 2585 3726 2658 χρόνος

2128 2689 2444 2763 ἀνθρώπου.
2491 2688 2602 2741 Καὶ
2645 2685 2795 2738 ἔσται
2836 2682 2974 2754 μετά
3013 2681 3083 2735 τὰ
3126 2679 3309 2751 ο’ἔτη,
3353 2678 3505 2731 ἐσται
3547 2676 3728 2747 Τύρος

2126 2782 2203 2846 ὡς
2244 2777 2399 2854 ᾆσμα
2441 2780 2668 2852 πόρνης.
2705 2776 2854 2832 Λάϐε
2898 2774 3152 2846 κιθάραν,
3195 2771 3517 2844 ρέμϐευσον,
3572 2768 3728 2832 πόλις

2131 2873 2303 2944 πόρνη
2349 2868 2775 2940 ἐπιλελησμένη,
2808 2865 2991 2929 καλῶς
3021 2864 3325 2936 κιθάρισον,
3358 2859 3532 2913 πολλὰ
3571 2854 3725 2932 ᾇσον,

2129 2964 2217 3017 ἵνα
2246 2979 2340 3016 σου
2374 2961 2534 3032 μνεία
2560 2961 2813 3031 γένηται.
2855 2976 2872 3007 ι
2915 2954 2996 3008 Τὰ
3021 2955 3078 3008 δὲ
3103 2951 3559 3026 προφητευόμενα
3586 2948 3727 3003 κατά

2128 3056 2229 3123 τῆς
2262 3054 2440 3127 Τύρου
2474 3052 2653 3106 πάντα
2682 3054 2742 3104 ὲν
2775 3048 2976 3116 όλίγοις
3013 3045 3158 3099 ἔτεσι
3196 3043 3685 3114 συντελεσθήσεται
3707 3056 3721 3071 ·

434 3142 637 3213 quibus
666 3141 830 3195 etiam
865 3140 1061 3197 civitas
1091 3139 1204 3196 Deo
1247 3152 1595 3206 consecrata,
1643 3142 1862 3197 deserta
1903 3140 2023 3196 fuit.

2138 3148 2194 3201 ἐν
2224 3140 2305 3210 οἷς
2333 3146 2428 3200 καὶ
2455 3145 2490 3216 ἡ
2517 3143 2597 3215 τῷ
2622 3140 2743 3214 Θεῷ
2768 3137 3124 3211 ἀφιερωμένη
3155 3135 3308 3200 πόλις
3336 3135 3578 3206 κατέστη
3601 3132 3727 3206 ἕρη-

437 3234 693 3289 Decrevit
717 3234 917 3304 quippe
965 3233 1130 3300 Deus,
1174 3233 1338 3289 unius
1386 3235 1623 3290 hominis
1668 3235 1794 3288 vitae
1824 3234 2023 3304 spatio,

436 3325 556 3380 sive
604 3324 768 3378 etiam
819 3325 980 3380 unius
1024 3324 1219 3379 annosi
1273 3323 1421 3392 regis
1466 3324 1784 3390 dominatu,
1831 3340 2028 3395 nempe

437 3415 783 3486 septuaginta
816 3417 996 3484 annis,
1047 3416 1283 3472 futuram
1321 3416 1450 3489 Tyri
1498 3416 1849 3472 solitudinem
1893 3417 2027 3471 deli-

440 3510 580 3565 nire.
610 3509 666 3564 lu
699 3508 789 3564 his
822 3519 1003 3563 autem
1054 3507 1397 3578 septuaginta
1443 3507 1625 3574 annis,
1669 3509 1943 3563 canticum
1973 3517 2029 3562 et

440 3616 660 3657 carmen
699 3601 766 3657 de
812 3601 1071 3656 vastitate
1120 3610 1212 3655 tua
1262 3611 1466 3655 canent
1511 3615 1703 3655 omnes
1754 3600 2026 3664 homines,

438 3695 533 3763 qui
560 3703 613 3749 te
659 3693 788 3748 olim
823 3703 1080 3749 accurate
1132 3700 1418 3757 noverant,
1461 3693 1916 3762 quemadmodum
1948 3695 2030 3747 de

440 3786 672 3842 muliere
697 3802 729 3841 a
762 3791 957 3842 decore
989 3801 1088 3841 suo
1122 3785 1294 3854 lapsa.
1323 3783 1406 3839 Tu
1436 3800 1570 3841 vero
1600 3786 1717 3854 ipsa
1749 3794 1863 3841 toto
1891 3783 2028 3839 soli-

444 3878 648 3934 tudinis
674 3886 779 3933 tuae
821 3888 1083 3948 tempore,
1125 3879 1555 3947 circumquaque
1581 3877 1798 3940 oberra,
1826 3889 2032 3946 gyrans

442 3978 500 4028 et
524 3987 555 4025 a
583 3971 702 4027 loco
732 3972 786 4025 in
818 3971 995 4026 locum
1028 3981 1397 4038 transmeans,
1424 3982 1589 4040 atque
1618 3969 1761 4040 apud
1789 3969 2030 4039 reliquas

442 4071 635 4134 gentes
677 4062 977 4118 fornicans.
1005 4061 1160 4130 Quod
1188 4063 1232 4118 si
1267 4062 1437 4130 vales,
1483 4077 1668 4117 sumas
1698 4060 1825 4115 licet
1855 4060 2024 4116 citha-

443 4171 564 4212 ram
594 4165 763 4221 tuam,
791 4170 896 4209 non
923 4162 977 4208 ut
1006 4154 1336 4218 meretricio,
1364 4153 1461 4210 sed
1487 4162 1548 4208 ut
1570 4153 1823 4223 prudenti
1855 4168 2026 4221 more,

441 4247 809 4304 instrumento
860 4249 1032 4302 utaris
1078 4246 1473 4302 tum-Multum
1523 4246 1734 4301 cithara
1791 4246 1939 4312 lude,
1974 4255 2031 4301 et

440 4341 670 4397 multum
699 4353 856 4403 caue,
883 4353 947 4393 ac
976 4352 1166 4409 preces
1196 4338 1725 4410 supplicationesque
1753 4340 1822 4393 ad
1858 4338 2029 4393 Deum

2139 3257 2257 3312 μος.
2293 3241 2517 3310 Ἔκρινε
2551 3237 2660 3307 γὰρ
2688 3237 2717 3289 ό
2738 3234 2869 3297 Θεὸς
2894 3230 3183 3305 ἀνθρώπου
3210 3229 3325 3293 ἐνὸς
3348 3228 3495 3300 ζωῆς
3520 3228 3724 3299 χρόνῳ,

2134 3332 2280 3401 λέγω
2316 3330 2375 3384 δὲ
2413 3330 2782 3401 ἐϐδομήκοντα
2826 3325 3025 3388 ἔτεσιν,
3064 3322 3245 3394 ὁρίσαι
3281 3321 3379 3394 τὴν
3424 3320 3727 3392 μέλλουσαν

2135 3424 2489 3496 διαλήψεσθαι
2533 3421 2771 3495 ἐρημίαν
2815 3420 2914 3491 τὴν
2967 3418 3176 3488 Τύρον,
3226 3417 3259 3488 ἢ
3317 3416 3411 3470 καὶ
3462 3416 3729 3487 βασιλέως

2136 3518 2256 3582 ἐνὸς
2295 3514 2586 3578 πολυετοῦς
2609 3515 2803 3585 ἀρχήν.
2847 3512 2936 3565 Ἐν
2973 3511 3031 3564 δὲ
3057 3509 3270 3573 τούτοις
3302 3511 3413 3571 τοῖς
3455 3505 3498 3560 ο¹
3525 3507 3723 3567 ἔτεσιν,

2136 3608 2279 3681 ᾠδὴν
2310 3609 2405 3662 καὶ
2432 3603 2583 3677 ᾇσμα
2617 3605 2746 3676 περὶ
2772 3604 2870 3675 τῆς
2903 3603 3002 3673 σῆς
3027 3601 3265 3672 ἐρημίας
3296 3600 3488 3671 ᾄσουσι
3523 3599 3726 3658 πάντες

2137 3699 2413 3771 ἄνθρωποι
2450 3700 2497 3752 οἱ
2528 3696 2696 3751 πάλαι
2739 3712 2799 3749 σε
2838 3692 3083 3766 ἀκριϐῶς
3121 3691 3343 3755 εἰδότες,
3383 3691 3461 3753 ὡς
3501 3692 3598 3743 ἐπὶ
3633 3707 3728 3758 γυ-

2137 3794 2284 3848 ναικὶ
2323 3789 2632 3860 ἐκπεσούσῃ
2677 3791 2778 3859 τῆς
2826 3787 2961 3851 ἰδίας
3006 3785 3195 3858 τιμῆς.
3230 3785 3344 3851 Kal.
3388 3786 3453 3839 σὺ
3492 3784 3551 3838 δὲ
3591 3783 3726 3853 αὐτή

2138 3885 2390 3958 περίελθε
2433 3884 2525 3938 τὸν
2560 3883 2653 3936 σὸν
2707 3882 2897 3952 χρόνον
2936 3879 3039 3951 τῆς
3085 3879 3342 3951 ἐρημίας,
3390 3878 3725 3950 ῥεμϐομένη,

2139 3980 2234 4035 κο.)⁸
2266 3978 2432 4032 τόπον
2471 3978 2536 4030 ἐκ
2577 3975 2744 4028 τόπου
2782 3971 3177 4044 μεθισταμένη,
3218 3972 3312 4025 καὶ
3342 3973 3423 4034 εἰς
3458 3968 3527 4023 τὰ
3565 3966 3726 4022 λοιπά

2137 4072 2266 4143 ἔθνη
2293 4068 2719 4141 ἐκπορνεύουσα.
2754 4067 2816 4119 Ei
2843 4065 2900 4118 δὲ
2929 4064 3154 4120 δύνασαι
3175 4060 3414 4116 λαϐοῦσα
3438 4061 3539 4130 τὴν
3568 4076 3725 4113 σεαυ-

2136 4167 2236 4237 τῆς
2288 4161 2520 4233 κιθάραν
2582 4159 2779 4231 μηκέτι
2832 4157 3105 4230 πορνικῷ,
3153 4156 3266 4210 ἀλλ’
3316 4150 3725 4224 ἐπιστημονικῷ

2138 4254 2445 4329 Χρήσασθαι
2477 4252 2557 4323 τῷ
2588 4252 2791 4322 σαυτῆς
2816 4250 3054 4322 ὀργάνῳ,
3092 4246 3263 4302 πολλά
3295 4246 3601 4317 κιθάρισον,
3633 4243 3726 4298 καὶ

2137 4347 2313 4401 πολλὰ
2337 4342 2492 4419 ᾆσον,
2526 4346 2622 4400 καὶ
2653 4345 2721 4398 δι’
2755 4344 2930 4413 εὐχῶν
2964 4343 3058 4395 καὶ
3093 4340 3382 4411 ίκετηρίων
3414 4332 3590 4407 λόγων
3620 4336 3725 4390 τῶν

441 4435 630 4491 emitte
656 4453 670 4488 :
701 4433 781 4489 sic
807 4433 952 4488 enim
1000 4431 1107 4486 erit
1149 4431 1226 4485 tui
1267 4431 1530 4488 memoria
1580 4431 1721 4502 apud
1760 4432 1951 4497 Deum,
1984 4431 2023 4486 si

2140 4440 2278 4513 πρὸς
2304 4440 2456 4493 Θεό-ι·
2481 4437 2623 4492 οὕτω
2649 4438 2759 4508 γὰρ
2786 4436 2938 4488 ἔσται
2967 4452 3059 4488 σου
3092 4433 3250 4505 μνεία
3281 4431 3418 4503 πρὸς
3448 4431 3542 4484 τὸν
3573 4430 3724 4494 Θεὸν,

441 4526 899 4586 modulationibus
937 4527 1158 4593 cantici,
1185 4536 1242 4582 et
1270 4526 1318 4582 si
1349 4527 1598 4583 sensibus
1627 4527 1766 4596 ejus,
1807 4525 2023 4581 citharas

2138 4536 2189 4589 εί
2216 4536 2327 4596 τοῖς
2362 4533 2549 4604 μέλεσι
2576 4530 2672 4585 τοῦ
2700 4529 2943 4602 ᾄσματος
2973 4529 3068 4581 καὶ
3095 4529 3206 4590 τοῖς
3229 4524 3607 4598 αἰσθητηρίοις
3633 4524 3726 4577 αὐ-

442 4623 640 4688 iustar,
695 4621 988 4691 prudenter
1041 4621 1238 4684 utaris,
1286 4629 1653 4690 temperanter
1697 4622 1915 4686 vivens,
1966 4635 2031 4676 ac

443 4715 557 4770 Deo
587 4716 843 4785 placitum
887 4726 1104 4771 cautum
1143 4715 1338 4772 edens.
1366 4713 1459 4770 Sic
1494 4716 1599 4769 erit
1631 4716 1889 4769 memoria
1929 4715 2027 4779 tui,

445 4808 557 4865 Deo
587 4820 638 4863 te
671 4809 1050 4864 recordatione
1080 4824 1178 4864 sua
1212 4809 1492 4881 dignante.

513 4989 679 5046 νιος.
705 4989 794 5045 l7.
836 5009 855 5042 ι
884 4990 951 5045 Ει
979 4991 1085 5047 erit
1131 5001 1255 5062 post
1299 5007 1474 5048 annos
1506 4993 1873 5064 septuaginta,
1905 4993 2035 5047 visi-

430 5082 584 5157 _tabit
613 5082 756 5140 Deus
790 5083 1015 5155 Tyrum,
1046 5095 1101 5140 et
1137 5101 1361 5141 rursum
1412 5087 1734 5141 restituetur
1768 5086 1821 5139 in
1860 5086 2038 5155 pristi-

443 5188 598 5240 ntnn,
620 5183 676 5228 et
708 5175 812 5230 erit
843 5178 1144 5246 emporium
1177 5179 1430 5233 onmibus
1476 5179 1658 5248 regnis
1690 5179 1839 5233 orbis
1873 5193 2036 5247 super

445 5266 641 5321 faciem
691 5278 872 5324 terras.
895 5290 915 5322 ι
944 5270 1284 5339 Supradicto
1322 5271 1509 5341 elapso
1546 5282 1809 5342 tempore,
1846 5271 2034 5325 visita-

447 5358 648 5414 tionem
691 5361 811 5431 ejus
859 5363 1221 5428 nancisceris,
1266 5378 1331 5418 ac
1376 5362 1685 5418 restitueris
1728 5364 1782 5417 in
1831 5371 2031 5418 statum

446 5450 768 5520 pristinum;
802 5451 878 5507 ita
921 5463 980 5507 ut
1012 5468 1226 5508 rursum
1265 5468 1434 5523 penes
1466 5463 1517 5508 te
1564 5454 1864 5524 emporium
1898 5467 2032 5507 con-

447 5543 728 5611 stituatur,
754 5560 818 5601 ac
843 5555 1033 5616 gentes
1057 5547 1417 5618 undequaque
1446 5546 1766 5604 festinanter
1788 5543 2031 5613 allluant,

448 5645 506 5692 et
536 5651 745 5694 merces
772 5653 898 5695 suas
927 5640 992 5695 ad
1024 5650 1075 5697 te
1103 5638 1351 5696 deferant

2137 4627 2237 4698 τῆς
2272 4623 2702 4697 ἐνηρμοσμένοις
2731 4621 2962 4693 κιθάρας
2990 4619 3145 4690 δίκην
3177 4619 3559 4690 ἐπιστημόνως
3590 4618 3723 4690 χρή-

2139 4735 2282 4780 σαιο,
2311 4716 2604 4787 σωφρόνως
2632 4712 2846 4786 βιοῦσα,
2874 4712 2970 4767 καὶ
2989 4710 3110 4783 Θεῷ
3131 4710 3478 4783 ἀρεσκόντως
3503 4709 3720 4780 ᾄδουσα⁸

2136 4809 2280 4863 οὕτω
2316 4809 2427 4880 γάρ
2471 4824 2565 4860 σου
2621 4807 2782 4879 μνεία
2827 4805 3150 4876 γενήσεται,
3185 4800 3626 4868 καταξιώσαντός
3667 4818 3723 4855 σε

2140 4902 2239 4972 τῆς
2272 4898 2433 4953 αὐτοῦ
2471 4900 2693 4970 μνήμης
2724 4898 2820 4951 τοῦ
2856 4897 3012 4951 Θεοῦ.

2216 5014 2234 5045 ι
2275 4994 2384 5046 Καὶ
2405 4992 2558 5046 ἔσται
2591 4992 2728 5063 μετὰ
2756 4991 2799 5044 ο⁸
2822 4990 2940 5062 ἔτη,
2969 4989 3277 5061 ἐπισκοπὴν
3299 4991 3516 5062 ποιήσει
3541 4990 3571 5041 ὁ
3598 4986 3724 5050 Θεὸς

2143 5085 2345 5158 Τύρου,
2374 5085 2468 5138 καὶ
2509 5083 2672 5137 πάλιν
2714 5081 3226 5153 ἀποκαταστήσεται
3265 5082 3348 5145 εἰς
3385 5080 3447 5135 τὺ
3480 5081 3725 5153 ἀρχαῖον,

2145 5180 2242 5234 καὶ
2278 5178 2430 5232 ἔσται
2466 5177 2727 5249 ἐμπόριον
2761 5177 2963 5241 πάσαις
2996 5179 3117 5241 ταῖς
3163 5176 3464 5248 βασιλείαις
3504 5176 3604 5247 τῆς
3650 5173 3722 5227 οἰ-

2139 5271 2415 5344 κουμένης
2443 5271 2535 5324 ἐπὶ
2566 5270 2858 5341 πρόσωπον
2891 5272 2991 5335 τῆς
3022 5269 3146 5340 γῆς.
3192 5290 3212 5321 ι
3249 5268 3479 5331 Αὐτίκα,
3516 5283 3720 5338 συμπε-

2144 5362 2429 5435 ρανθέντος
2460 5359 2554 5414 τοῦ
2595 5358 3028 5431 προλελεγμένου
3060 5357 3272 5430 χρόνου,
3299 5356 3603 5435 ἐπισκοπῆς
3630 5353 3721 5423 τῆς

2141 5456 2272 5524 παρ’
2300 5450 2465 5506 αὐτοῦ
2490 5449 2677 5524 τεύξῃ,
2723 5451 2820 5504 καὶ⁹
2850 5446 3009 5514 αὖθις
3035 5448 3537 5521 ἁποκαταστηθήσῃ
3564 5448 3646 5512 εἰς
3664 5444 3722 5497 τὸ

2142 5547 2366 5618 ἀρχαῖον
2389 5562 2403 5575 ·
2439 5543 2582 5597 ὥστε
2621 5543 2783 5597 πάλιν
2817 5544 3077 5614 συστῆναι
3106 5543 3165 5597 ἐν
3198 5543 3282 5595 σοὶ
3319 5542 3603 5616 ἐμπόριον,
3632 5538 3720 5595 καὶ

2142 5640 2268 5703 τοὺς
2302 5636 2679 5708 ἁπανταχόθεν
2723 5638 2943 5709 συρρεῖν
2982 5635 3438 5703 ἐπισπεύδοντας,
3487 5636 3584 5691 καὶ
3627 5632 3722 5699 τὰς

2143 5728 2348 5785 ἑαυτῶν
2382 5728 2473 5781 ἐπὶ
2508 5728 2590 5781 σοί
2619 5725 3002 5800 πραγματείας
3032 5723 3374 5797 κομίζοντας.
