3862 6210
131 319 219 378 257
1018 320 1523 383 COMMENTARIA
1565 321 1628 376 IN
1670 321 1930 377 ISAIAM.
1968 354 2039 366 -
2076 320 2231 378 CAP.
2275 321 2465 378 XXIV.

3287 327 3395 386 διεδ

196 455 213 488 ι
244 435 346 489 Καὶ
374 435 523 489 ἔσται
554 435 726 507 αὐτῆς
759 436 793 506 ἡ
827 436 1089 508 ἐμπορία,
1119 436 1212 489 καὶ
1250 437 1279 489 6
1310 434 1502 507 μισθὸς
1539 434 1689 505 ἅγιος

1874 432 2040 489 Vens.
2069 436 2158 491 18.
2205 453 2224 487 ι
2258 435 2324 490 Et
2377 437 2482 491 erit
2531 435 2649 505 ejus
2720 441 3018 512 negotiatio
3057 451 3113 498 et
3178 459 3393 503 merces

134 527 315 598 Κυρίῳ.
342 547 359 577 ι
389 526 503 597 (2;!)
526 528 594 578 Ὃ
608 526 672 597 δή
697 529 791 579 καὶ
816 526 1272 603 πληροῦταιθκαθ
1296 528 1447 599 ἡμᾶς
1464 527 1689 603 αὐτούς.

132 618 228 688 Τῆς
250 617 352 689 γὰρ
396 617 726 689 Ἐκκλησίας
762 616 857 671 τοῦ
885 615 1029 671 Θεοῦ
1053 617 1347 689 ἱδρυμένης
1385 618 1445 672 ὲν
1476 620 1543 690 τῇ
1589 619 1634 671 Τ
1637 636 1695 671 υ-

133 710 248 781 ρίων
292 706 467 774 πόλει,
497 707 689 781 ὥσπερ
731 704 825 762 οὖν
861 709 957 762 καὶ
986 711 1045 763 ὲν
1088 712 1201 774 τοῖς
1235 709 1443 774 λοιποῖς
1492 709 1690 776 ἔθνεσι,

132 800 278 854 πολλὰ
294 800 400 853 τῶν
424 802 486 854 ἐν
509 800 650 872 αὐτῇ
686 800 1054 872 μισθωμάτων
1082 801 1148 854 ὲκ
1176 801 1567 874 πραγματείας
1598 819 1693 855 κο-

132 894 408 964 μιζομένων
430 895 719 963 ἁγιάζεται
741 893 819 965 τῷ
834 893 1023 966 Κυρίῳ
1046 895 1469 966 προσφερόμενα
1482 897 1550 966 τῇ
1569 895 1693 948 Ἐκ-

131 988 301 1059 κλησία
312 986 498 1042 αὐτοῦ’
515 987 661 1059 ειπερ
672 990 722 1042 οἱ
739 986 1060 1059 κομίζοντες
1074 988 1447 1061 προσφέρουσι
1479 989 1575 1042 σὺν
1603 989 1694 1042 εὑ-

128 1081 309 1152 λαϐείᾳ.
327 1099 347 1132 ι
367 1083 484 1135 υύκ
497 1081 684 1145 αὐτοῖς
700 1081 1116 1153 συναχθήσεται,
1131 1082 1267 1136 ἀλλὰ
1277 1085 1391 1146 τοῖς
1406 1076 1696 1138 κατοικοῦ-

132 1193 200 1228 σιν
220 1174 387 1228 ἓναντι
430 1175 640 1247 Κυρίου
660 1191 674 1204 ·
707 1176 860 1229 πᾶσα
887 1176 922 1247 ἡ
955 1175 1198 1248 ἐμπορία
1234 1177 1438 1249 αὐτῆς,
1469 1179 1690 1247 φαγεῖν,

131 1270 208 1324 καὶ
228 1271 379 1330 πιεῖν,
394 1270 493 1321 καὶ
518 1267 925 1340 ἐμπλησθῆναι,
947 1271 1042 1323 καὶ
1058 1270 1139 1334 είς
1157 1269 1454 1342 συμϐολὴν,
1477 1287 1582 1344 μνη
1591 1270 1691 1342 μό-

131 1379 260 1415 συνσν
302 1362 479 1416 ἔναντι
514 1362 753 1433 Κυρίουο
811 1382 828 1414 ι
875 1362 1077 1436 δηλαδὴ
1113 1366 1226 1427 τοῖς
1260 1363 1559 1436 παρέδροις
1593 1363 1689 1417 τοῦ

129 1455 518 1528 θυσιαστηρίου*
563 1453 709 1509 οὖτω
757 1455 867 1528 γὰρ
908 1455 1117 1527 Κύριος
1156 1456 1440 1524 διετάξατο
1475 1459 1590 1522 τοῖς
1628 1456 1691 1510 τὸ

130 1550 425 1618 Εὑαγγέλιον
466 1549 933 1619 καταγγέλλουσιν
975 1552 1039 1604 ὲκ
1069 1549 1164 1604 τοῦ
1197 1550 1532 1620 Εὐαγγελίου
1566 1551 1687 1623 ζῇν

131 1641 205 1694 καὶ
225 1643 268 1695 σί
288 1640 361 1712 τῷ
392 1641 770 1714 θυσιαστηρίῳ
801 1640 1249 1713 παρεδρεύοντες,
1286 1641 1367 1712 τῷ
1395 1641 1692 1712 θυσιαστη-

132 1734 213 1803 ρίῳ
231 1734 676 1805 συμμερίςεσθαι.
702 1733 924 1798 Τούτοις
947 1729 1041 1788 οὖν
1063 1735 1270 1800 αὐτοῖς,
1296 1734 1373 1799 ὡς
1393 1734 1460 1789 ἂν
1485 1736 1689 1807 ἱερεῦσι

1804 537 1992 581 sancta
2026 524 2277 581 Domino.
2303 544 2323 577 ι
2359 526 2511 593 Quod
2543 538 2692 584 certe
2727 540 2915 587 nostro
2947 542 3191 604 tempore
3237 551 3399 592 come

1801 618 2006 688 pletum
2037 619 2333 674 cernimus.
2372 617 2508 674 Nam
2561 635 2683 675 cum
2728 620 2972 678 Ecclesia
3016 624 3111 682 Dei
3148 626 3203 682 in
3257 628 3392 684 urbe

1802 709 2113 781 Tyriorum,
2147 710 2373 778 perinde
2409 720 2576 782 atque
2622 713 2675 766 in
2709 712 2933 783 reliquis
2965 717 3223 787 gentibus
3266 718 3395 773 fun-

1802 801 1927 857 data
1982 802 2089 866 sit,
2152 801 2335 857 multae
2379 818 2450 858 ex
2497 803 2616 875 ejus
2684 806 2958 862 mercibus
3025 810 3394 879 negotiatione

1798 894 1972 963 partis
2005 893 2233 949 Domino
2259 906 2681 973 consecrantur,
2712 895 2974 953 Ecclesiae
3002 899 3121 970 ejus
3150 900 3347 957 oblata:
3370 918 3389 956 :

1799 1000 1920 1056 qua:
1954 1001 2077 1042 cum
2120 988 2325 1057 pietate
2365 1002 2395 1042 a
2426 988 2800 1058 praebentibus
2846 987 3175 1049 oﬂ‘eruntur.
3220 1007 3241 1045 ι
3273 991 3394 1047 Non

1802 1080 1933 1150 ipsis
1976 1080 2429 1151 congregabitur;
2472 1080 2568 1137 sed
2611 1082 2710 1146 iis,
2759 1082 2851 1152 qui
2905 1081 3159 1139 habitant
3203 1098 3390 1141 coram

1799 1171 2048 1227 Domino.
2078 1171 2268 1228 Omnis
2310 1173 2608 1244 negotiatio
2649 1172 2792 1242 eius,
2831 1183 2893 1228 ut
2926 1175 3074 1243 edat,
3121 1184 3177 1232 et
3207 1177 3390 1246 bibat,

1797 1273 1855 1321 et
1882 1265 2131 1332 satietur,
2161 1275 2219 1321 et
2259 1266 2312 1322 in
2362 1251 2704 1337 symbolum,
2750 1277 3161 1324 monumentum
3206 1285 3393 1325 coram

1798 1353 2058 1422 Domino;
2093 1355 2353 1411 videlicet
2387 1356 2653 1412 ministris
2692 1356 2879 1413 altaris
2913 1376 2926 1413 :
2960 1361 3041 1414 sic
3085 1360 3228 1415 enim
3262 1376 3394 1431 pra}.

1799 1445 1943 1516 cepit
1965 1445 2223 1502 Dominus
2252 1446 2316 1502 iis
2342 1447 2435 1517 qui
2465 1447 2818 1520 Evangelium
2848 1451 3192 1520 annuntiant,
3233 1463 3290 1508 ut
3320 1468 3391 1509 ex

1796 1537 2089 1610 Evangelio
2114 1540 2334 1606 vivant,
2365 1548 2422 1596 et
2449 1549 2508 1596 ut
2549 1541 2588 1595 ii
2618 1542 2708 1612 qui
2752 1542 2908 1598 altari
2938 1552 3139 1609 astant,
3177 1544 3232 1599 in
3266 1560 3392 1615 por-

1800 1629 2000 1684 tionem
2049 1630 2242 1688 altaris
2281 1618 2661 1688 admittantur.
2697 1633 2793 1688 His
2840 1648 2973 1706 ergo
3014 1635 3168 1706 ipsis,
3204 1644 3392 1707 utpote

1798 1724 2176 1780 sacerdotibus
2212 1724 2349 1791 Dei,
2408 1725 2784 1782 habitantibus
2827 1726 2880 1782 in
2925 1737 3222 1798 conspectu
3266 1726 3380 1782 Do—

128 1823 204 1875 τοῦ
228 1823 349 1877 Θεοῦ
377 1828 495 1889 τοῖς
520 1824 868 1879 κατοικοῦσιν
900 1824 1082 1879 ἔναντι
1112 1826 1320 1897 Κυρίου
1339 1866 1353 1892 ,
1384 1826 1486 1890 τὰς
1510 1826 1689 1899 ἀπαρ-

1799 1817 1955 1883 mini,
1992 1818 2261 1887 primitias
2307 1817 2602 1875 offerentes
2650 1820 2936 1875 memorati
2993 1820 3281 1886 homines,
3332 1838 3390 1879 re

128 1915 209 1984 κάς
235 1916 635 1989 προσφέροντες
656 1919 707 1970 οἱ
736 1917 1091 1988 δηλωθέντες,
1115 1917 1265 1991 ἔργῳ
1294 1918 1565 1992 πληροῦσι
1594 1919 1689 1992 τὴν

1799 1909 1912 1978 ipsa
1956 1918 2014 1964 et
2063 1924 2232 1981 opere
2269 1909 2497 1981 implent
2536 1910 2878 1982 prophetiam
2929 1927 3053 1983 quae
3103 1914 3212 1980 ait,
3268 1933 3288 1967 ι
3323 1914 3390 1970 Ει

129 2009 407 2075 φάσκουσαν
430 2010 797 2081 προφητείανι
830 2030 849 2060 ι
880 2010 993 2063 Καὶ
1017 2010 1171 2064 ἔσται
1192 2011 1460 2083 ἐμπόριον
1485 2012 1691 2078 αὐτοῖς,

128 2101 204 2152 καὶ
230 2101 411 2171 μισθὸς
434 2103 647 2167 αὐτοῖς,
681 2121 699 2154 ι
748 2103 843 2156 καὶ
878 2102 947 2156 τὰ
974 2100 1123 2174 ἑξῆς.

1795 2001 1903 2058 erit
1946 2003 2251 2074 emporium
2313 2003 2480 2074 ipsis,
2523 2015 2589 2071 et,
2628 2018 2839 2060 merces
2906 2004 3058 2075 ipsis.
3089 2023 3109 2059 ι
3156 2016 3212 2063 et
3275 2022 3386 2063 ca:-

1799 2102 1936 2151 tera.

608 2236 1012 2290 ΚΕΦΑΛΑΙΟΝ
1047 2236 1177 2290 KA'.

2354 2235 2587 2293 CAPUT
2639 2235 2830 2291 XXIV.

186 2388 203 2420 ι
240 2369 361 2424 Ἰδοὺ
400 2370 615 2443 Κύριος
653 2372 1013 2443 καταφθείρει
1047 2371 1145 2442 τὴν
1183 2370 1512 2443 οἰκουμένην
1539 2370 1690 2443 ὃλην,

127 2464 200 2515 καὶ
220 2462 489 2535 ἐρημώσει
520 2464 714 2537 αὐτὴν,
748 2465 843 2519 καὶ
896 2462 1236 2534 ἀνακαλύψει
1282 2465 1344 2517 τὸ
1397 2464 1691 2534 πρόσωπον

125 2557 284 2624 αὐτῆς.
321 2576 339 2607 ι
388 2557 614 2628 Ἐπειδὴ
646 2557 756 2628 γὰρ
805 2576 823 2610 ι
880 2557 976 2611 τοῦ
1028 2557 1233 2628 Κυρίου
1281 2558 1314 2628 ή
1359 2558 1429 2627 γῆ
1488 2556 1583 2610 καὶ
1632 2556 1692 2610 τὸ

125 2647 366 2720 πλήρωμα
403 2650 604 2720 αὐτῆς,
642 2669 662 2702 ι
699 2650 902 2704 ὡσανεὶ
924 2650 1146 2704 πάντων
1184 2649 1490 2721 ἀνθρώπων
1524 2650 1689 2722 κηδό-

1870 2371 2030 2428 Vens.
2068 2375 2121 2429 l.
2162 2392 2181 2426 ι
2234 2374 2373 2430 Ecce
2407 2375 2670 2431 Dominus
2721 2386 3035 2445 corrumpet
3083 2384 3253 2430 totum
3292 2391 3383 2432 or-

1794 2467 1938 2532 bem,
1967 2476 2023 2522 et
2054 2467 2290 2523 vastabit
2328 2481 2476 2533 eum,
2522 2468 2886 2525 et'revelabit
2949 2468 3147 2524 faciem
3194 2470 3346 2542 ejus.

1794 2559 1931 2625 Quia
1963 2578 1982 2611 ι
2026 2560 2171 2615 enim
2201 2579 2220 2611 ι
2260 2559 2472 2614 Domini
2516 2569 2599 2616 est
2627 2570 2769 2616 terra
2789 2570 2845 2617 et
2867 2562 3148 2633 plenitudo
3176 2562 3375 2635 ejus*;p

1796 2658 2057 2718 tanquam
2091 2650 2183 2720 qui
2218 2650 2499 2705 hominum
2537 2651 2780 2706 omnium
2831 2667 3020 2706 curam
3060 2652 3236 2724 ge‘rat,
3261 2653 3381 2709 orbi

128 2756 278 2807 μενος,
308 2741 684 2797 διαστέλλεται
716 2745 782 2814 τῇ
822 2743 1118 2815 οἰκουμένῃ
1146 2742 1219 2796 τὰ
1251 2742 1380 2814 περὶ
1417 2742 1516 2813 τῆς
1556 2740 1689 2812 μελ-

1799 2746 2065 2795 terrarum
2106 2740 2345 2810 explicat
2383 2755 2447 2796 ea
2478 2757 2599 2812 qum
2626 2744 2691 2797 ad
2745 2743 2841 2800 Dei
2881 2742 3148 2812 judicium
3209 2744 3382 2816 perti-

125 2830 290 2903 λούσης
338 2834 593 2898 ἅπαντας
639 2834 960 2907 ἀνθρώπους
1000 2833 1357 2906 διαλήψεσθαι
1402 2833 1496 2890 τοῦ
1553 2832 1687 2887 Θεοῦ

1799 2841 1943 2895 nent,
1998 2831 2068 2887 de
2101 2833 2374 2889 universis
2403 2833 2713 2907 hominibus
2768 2834 3105 2903 habendum,
3158 2850 3263 2906 qua
3293 2834 3385 2890 die

126 2924 342 2995 κρίσεως,
371 2930 430 2981 ὲν
680 2928 769 2983 ὅτε
797 2930 975 3001 κρινεῖ
1002 2930 1032 2981 6
1062 2927 1195 2991 Θεὸς
1227 2927 1297 2981 τὰ
1326 2926 1548 3000 κρυπτὰ
1579 2926 1688 2980 τῶν

1799 2923 2209 2991 iudicabitDeus
2221 2928 2432 2983 occulta
2453 2928 2755 2995 hominum,
2778 2947 2798 2981 ‹
2819 2927 2880 2983 Et
2895 2928 3276 3000 dispergeteos
3289 2927 3383 2997 qui

125 3016 420 3088 ἀνθρώπων,
479 3038 498 3071 ι
559 3020 655 3073 καὶ
712 3019 998 3091 διασπερεῖ
1046 3020 1176 3083 τοὺς
1228 3019 1573 3085 ἐνοικοῦντας
1628 3021 1688 3075 ὲν

1799 3018 2047 3073 habitant
2079 3019 2131 3072 in
2158 3020 2299 3088 ipso.
2326 3039 2345 3072 ι
2367 3017 2495 3077 Sive
2523 3022 2822 3077 secundum
2850 3022 3107 3092 Aquilam
3127 3030 3182 3077 et
3202 3021 3382 3077 Theo-

126 3109 257 3181 αὐτῇ.
320 3129 338 3161 ι
392 3111 466 3164 Ἦ
530 3111 676 3164 κατὰ
729 3111 823 3165 τὸν
882 3111 1114 3164 Ἀκύλαν
1172 3113 1267 3165 καὶ
1330 3111 1683 3177 Θεοδοτίωνα,

1799 3114 2090 3181 dotionem,
2164 3132 2183 3165 ι
2222 3114 2464 3184 Dissipat
2519 3108 2655 3170 alios
2712 3115 2864 3184 alibi,
2906 3134 2926 3169 ι
2993 3130 3093 3185 pro
3168 3115 3384 3171 ratione

128 3219 143 3249 ι
172 3201 536 3275 διασκορπίζει
585 3201 778 3266 ἄλλους
822 3200 1078 3273 ἀλλαχοῦ,
1122 3222 1141 3254 ›
1180 3201 1325 3255 κατὰ
1357 3201 1456 3273 τὴν
1488 3202 1684 3257 ἀναλο-

124 3292 226 3358 γίαν
252 3294 355 3348 τῶν
374 3295 616 3350 ἑκάστου
647 3293 902 3365 πράξεων
921 3310 936 3323 ο
963 3292 1156 3348 πολλαὶ
1189 3293 1299 3366 γὰρ
1335 3294 1495 3364 μοναὶ
1536 3293 1690 3368 παρὰ

124 3381 185 3452 τῷ
203 3384 387 3458 Πατρὶ,
424 3386 605 3457 μέγας
641 3403 702 3438 τε
736 3386 833 3440 καὶ
866 3385 1034 3450 πολὺς
1078 3387 1106 3439 6
1146 3384 1242 3439 τοῦ
1282 3383 1418 3438 Θεοῦ
1459 3385 1688 3457 κόσμος,

123 3479 183 3544 ὡς
208 3481 454 3537 δύνασθαι
495 3483 682 3546 πάσας
718 3480 1080 3553 ὑποδέχεσθαι
1126 3481 1224 3535 καὶ
1251 3481 1351 3545 τὰς
1398 3479 1459 3548 ἐξ
1493 3481 1691 3546 αἰῶνος

124 3569 250 3642 ἑντῇ
288 3575 356 3644 γῇ
403 3572 881 3643 πεπολιτευμένας
922 3570 1121 3643 ψυχὰς,
1166 3570 1277 3625 τῶν
1333 3572 1432 3642 μὲν
1477 3571 1691 3625 ἀσεϐῶν

1794 3220 2020 3276 operum
2079 3204 2386 3276 cujusque:
2430 3222 2554 3262 nam
2605 3206 2790 3263 multae
2858 3208 3175 3269 mansiones
3238 3207 3382 3279 apud

1793 3293 2052 3350 Patrem:
2089 3311 2428 3367 magnusque
2469 3307 2524 3351 et
2563 3305 2750 3351 vastus
2779 3308 2864 3353 est
2904 3297 2999 3353 Dei
3035 3300 3289 3363 mundus,
3322 3307 3383 3355 ut

1791 3390 1964 3460 possit
1999 3388 2122 3445 illas
2167 3405 2358 3445 omnes
2394 3390 2678 3446 continere
2712 3390 2946 3454 animas,
2979 3405 3099 3462 quae
3127 3405 3158 3445 a
3180 3391 3382 3446 saeculo

1794 3483 1847 3536 in
1887 3490 2033 3537 terra
2060 3491 2292 3536 versatae
2338 3493 2469 3536 sunt
2512 3499 2526 3538 :
2563 3481 2746 3552 impiis
2776 3481 3049 3537 infernum
3077 3492 3135 3538 et
3161 3484 3380 3540 subter-

1794 3586 2020 3626 raneum
2060 3570 2422 3637 domicilium,
2448 3572 2766 3628 tenebrosos
2804 3572 3019 3628 scilicet
3046 3582 3102 3628 et
3137 3574 3380 3630 occuitos

126 3662 196 3715 τὶν
228 3662 352 3735 ᾅδην
393 3666 489 3719 καὶ
526 3665 591 3717 τὸ
624 3664 732 3717 ὑπὸ
760 3664 863 3734 γῆν
905 3665 1244 3735 οἰκητήριον,
1299 3663 1549 3728 σκοτίους
1596 3666 1689 3718 καὶ

1799 3677 2039 3719 recessus
2068 3662 2265 3728 nactis,
2296 3663 2594 3719 secundum
2627 3662 2780 3731 illud,
2808 3684 2828 3718 ι
2862 3664 3167 3720 lntroibunt
3206 3667 3259 3721 in
3298 3667 3381 3721 in-

126 3753 359 3821 ἁοράτσυς
400 3757 616 3827 μυχοὺς
661 3754 1126 3826 κληρωσαμένων,
1177 3755 1320 3810 κατὰ
1369 3755 1451 3819 τὸ,
1493 3775 1511 3806 ι
1563 3757 1689 3810 Εἰσ-

1799 3755 1998 3813 l'eriora
2048 3767 2208 3813 terrae
2249 3772 2263 3811 :
2300 3758 2585 3813 tradentur
2630 3758 2685 3813 in
2720 3773 2912 3814 manus
2961 3756 3149 3829 gladii,
3195 3769 3381 3830 partes

126 3844 397 3902 ελεὺσσνται
420 3854 503 3913 εἰς
526 3847 599 3901 τὰ
624 3846 915 3903 κατώτατα
939 3848 1039 3919 τῆς
1068 3848 1193 3919 γῆς’
1223 3848 1689 3922 παραδοθήσονται

1799 3851 2035 3921 vulpium
2056 3861 2213 3907 erunt
2229 3853 2282 3920 ’ς
2309 3869 2327 3902 ι
2349 3850 2451 3922 piis
2473 3866 2604 3907 vero
2622 3852 2793 3921 raptis
2822 3851 2876 3907 in
2904 3850 3139 3906 nubibus
3162 3853 3380 3909 obviam

125 3939 189 3999 ei;
212 3943 387 4013 χεῖρας
421 3941 723 4014 ῥομφαίας,
776 3941 995 4013 μερίδες
1036 3941 1338 3995 ἀλωπέκων
1372 3940 1623 3996 ἔσονταιο
1666 3962 1684 3994 ι

1801 3945 2028 4001 Domino
2064 3943 2121 4000 in
2173 3960 2321 4010 aera,
2377 3952 2432 4000 et
2473 3945 2558 3999 sic
2602 3957 2818 4014 semper
2869 3958 2993 3999 cum
3028 3942 3256 4000 Domino
3291 3944 3378 4002 fu-

130 4030 212 4083 τῶν
248 4034 300 4086 δὲ
346 4033 593 4088 εὐσεϐῶν
652 4033 1135 4106 ἁρπαγησομένων
1180 4022 1247 4088 ’ἐν
1307 4033 1562 4104 νεφέλαις
1609 4036 1691 4099 εἰς
1796 4038 1955 4091 turis.

126 4121 394 4195 ἀπάντησιν
424 4126 523 4180 τοῦ
566 4125 776 4198 Κυρίου
802 4127 884 4189 εις
912 4126 1074 4198 ἀέρα,
1104 4125 1200 4180 καὶ
1240 4125 1415 4191 οὕτως
1459 4126 1689 4180 πάντοτε

129 4216 206 4268 σὺν
231 4218 413 4289 Κυρίῳ
439 4219 850 4289 γενησομένων.

188 4326 204 4357 ι
234 4310 339 4364 Καὶ
368 4311 525 4365 ἔσται
559 4313 589 4364 6
620 4311 747 4375 λαὸς
779 4311 856 4375 ὡς
889 4313 918 4365 6
952 4311 1154 4383 ἱερεὺς,
1200 4309 1294 4364 καὶ
1326 4310 1356 4362 6
1391 4313 1520 4374 παῖς
1551 4310 1627 4373 ὡς
1660 4310 1689 4363 6

1865 4305 2030 4362 Vens.
2056 4306 2113 4361 2.
2151 4323 2170 4358 ι
2207 4306 2272 4361 Et
2294 4307 2399 4363 erit
2444 4321 2674 4378 populus
2707 4316 2964 4377 tanquam
3014 4310 3297 4372 sacerdos,
3324 4317 3380 4363 et

127 4400 305 4471 κύριος,
334 4406 428 4458 καὶ
459 4406 496 4477 ή
532 4404 839 4476 θεράπαινα
876 4405 953 4470 ὡς
982 4406 1017 4477 ὴ
1053 4403 1237 4474 κυρία.
1277 4402 1474 4457 Ἔσται
1497 4404 1526 4457 6
1555 4403 1689 4472 ἀγο-

1799 4413 1982 4454 servus
2014 4408 2270 4470 tanquam
2314 4400 2594 4466 dominus,
2640 4408 2695 4455 et
2730 4399 2931 4455 farrnula
2986 4410 3243 4471 tanquam
3279 4402 3376 4457 do-

130 4491 284 4561 ράζων
313 4494 387 4558 ὡς
424 4496 454 4548 6
496 4496 716 4561 πωλῶν,
754 4513 850 4550 και
883 4496 912 4549 6
955 4493 1219 4559 δανείζων
1266 4493 1341 4558 ὡς
1381 4494 1410 4546 6
1446 4492 1688 4557 δανειζό-

1799 4490 1961 4545 mina.
2002 4489 2122 4545 Erit
2166 4491 2259 4560 qui
2289 4491 2423 4546 emit
2482 4502 2739 4562 tanquam
2771 4491 2864 4561 qui
2902 4492 3111 4557 vendit,
3153 4493 3244 4561 qui
3299 4493 3378 4547 le-

1794 4581 1911 4635 nori
1947 4581 2038 4634 dat
2087 4586 2346 4650 tanquam
2383 4581 2475 4651 qui
2506 4580 2725 4650 accipit,
2781 4581 2873 4651 qui
2907 4581 3065 4636 debet
3116 4591 3375 4650 tanquam

1790 4671 1842 4726 is
1864 4662 1951 4726 cui
1978 4673 2159 4727 debet.
2194 4691 2212 4747 ρ
2248 4672 2575 4742 PrOphetico
2601 4688 2752 4728 more
2779 4672 3198 4731 resurrectionis
3227 4689 3375 4729 mor-

1796 4773 2013 4818 tuorum
2047 4766 2264 4820 modum
2306 4764 2595 4836 signiﬁcat.
2626 4765 2760 4820 Cum
2790 4775 2971 4819 autem
3002 4765 3238 4819 revelata
3263 4764 3378 4820 fue-

1797 4855 1910 4910 rint
1945 4871 2010 4910 ea
2061 4871 2179 4924 qua:
2222 4856 2273 4910 in
2320 4865 2467 4911 terra
2525 4858 2746 4913 condita
2779 4871 3033 4927 corpora,
3087 4857 3178 4926 qui
3232 4857 3378 4928 judi-

132 4599 285 4650 μενος,
315 4589 410 4642 καὶ
438 4590 470 4643 6
501 4587 734 4657 ὀφείλων
758 4589 834 4652 ὡς
865 4590 894 4643 6
922 4582 967 4658 ᾧ
997 4586 1224 4657 ὀφείλει’
1267 4605 1286 4639 ι
1314 4586 1685 4657 σημαίνοντος

129 4676 206 4730 τοῦ
244 4678 398 4749 λόγου
447 4681 546 4735 τοῦ
608 4680 948 4754 προφητικοῦ
1003 4681 1096 4734 τὸν
1153 4683 1255 4752 τῆς
1300 4680 1410 4733 τῶν
1470 4678 1687 4750 νεκρῶν

129 4766 447 4837 ἀναστάσεως
523 4775 745 4846 τρόπον.
804 4773 1053 4828 Ἐπειδὰν
1105 4772 1162 4826 δὲ
1225 4772 1580 4845 ἁνακαλυφθῇ
1618 4771 1689 4825 τὰ

129 4858 523 4937 ἐγκεκρυμμένα
566 4869 626 4921 ὲν
663 4870 729 4939 τῇ
759 4870 829 4939 γῇ
868 4866 1118 4938 σώματα,
1159 4867 1603 4937 παραστήσονται
1637 4865 1688 4917 oi

129 4955 405 5027 κρινόμενοι
440 4959 549 5031 πρὸ
596 4958 693 5013 τοῦ
744 4959 985 5032 βήματος
1011 4958 1106 5013 τοῦ
1144 4959 1379 5032 μεγάλου
1414 4958 1604 5030 κριτοῦ
1630 4958 1688 5026 ἐξ

1799 4950 1955 5005 eandi
1989 4960 2115 5005 sunt
2152 4944 2277 5005 ante
2318 4949 2553 5005 tribunal
2604 4950 2787 5029 magni
2847 4948 3066 5019 judicis,
3095 4964 3163 5004 ex
3219 4964 3377 5020 mque

131 5043 226 5099 ἴσου
266 5049 498 5116 πάντες,
542 5051 621 5115 ὡς
654 5051 789 5123 μηδὲ
825 5051 1104 5123 διαφέρειν
1134 5050 1263 5114 τοὺς
1302 5050 1361 5103 ὲν
1393 5047 1473 5121 τῷ
1505 5048 1687 5121 θνητῷ

1799 5062 1986 5102 omnes
2029 5046 2324 5114 sistentur,
2366 5047 2441 5101 ita
2482 5057 2542 5101 ut
2579 5047 2693 5116 qui,
2726 5047 2857 5102 olim
2909 5047 2963 5101 in
3000 5047 3213 5101 mortali
3264 5048 3375 5103 vita

131 5136 214 5209 βίῳ
237 5144 360 5198 ποτὲ
385 5144 650 5212 δόξαντας
675 5144 835 5198 πλέον
864 5161 918 5198 τι
942 5143 1234 5216 ἐσχηκέναι
1261 5142 1380 5214 ήτοι
1418 5143 1477 5196 ἐν
1520 5140 1687 5209 ἀξιώ-

1799 5140 2011 5211 σιίσυίά,
2039 5140 2159 5211 plus
2197 5140 2320 5195 aliis
2353 5140 2555 5195 habere
2593 5138 2919 5194 videbantur
2944 5141 3061 5195 sive
3088 5139 3373 5204 dignitate,

132 5248 260 5299 ματι.
291 5235 325 5306 ἢ
351 5235 525 5304 γένει,
560 5235 596 5308 ἢ
632 5234 865 5307 πλούτῳ,
913 5235 1019 5289 τῶν
1059 5233 1440 5305 ἐνδεεστέρων.
1473 5234 1685 5298 Πάντες

1799 5231 1907 5285 sive
1936 5247 2156 5301 genere,
2180 5232 2297 5287 sive
2329 5230 2554 5294 divitiis,
2582 5229 2714 5283 nihil
2746 5228 2999 5284 differant
3031 5245 3059 5282 a
3092 5229 3377 5299 pauperio-

130 5322 219 5396 γὰρ
248 5325 303 5393 ἐξ
325 5330 439 5383 ἴσου
469 5328 592 5383 τότε
627 5329 1065 5403 παραστήσονται
1090 5325 1168 5398 τῷ
1192 5325 1396 5398 βήματι
1422 5324 1517 5379 τοῦ
1546 5327 1685 5397 Χρι-

1799 5323 1965 5379 ribus.
2044 5323 2246 5380 Omnes
2309 5324 2456 5378 enim
2513 5321 2797 5393 mqualitcr
2848 5320 3105 5377 tribunali
3168 5322 3375 5377 Christi

133 5417 254 5469 στεῦ-
288 5420 378 5474 καὶ⁵
404 5420 486 5491 τῷ
526 5422 665 5491 ἱερεῖ
695 5418 1089 5492 παραπλησίως
1122 5420 1151 5471 6
1184 5416 1333 5483 λαὸς,
1364 5416 1458 5469 καὶ
1483 5416 1685 5486 ὁμοίως

1799 5418 2075 5485 sistentur,
2109 5416 2335 5487 perinde
2371 5426 2428 5471 ut
2465 5415 2746 5481 sacerdos,
2795 5415 2869 5471 ila
2901 5425 2957 5471 et
3011 5421 3268 5486 populus,
3319 5424 3377 5471 et

188 5528 206 5559 ⁸
232 5529 362 5586 l‘saI.
392 5531 487 5596 εδ,
529 5549 567 5586 ι.
672 5532 694 5563 ⁹
727 5531 869 5588 Psal.
902 5548 1038 5594 1.x",
1074 5530 1157 5584 ιι.

137 5689 145 5698 ι
190 5620 291 5745 $9)
329 5624 456 5680 llaec
505 5625 577 5678 ita
626 5626 875 5694 exprimit
908 5624 1287 5696 Hieronymus,
1330 5640 1350 5674 ι
1380 5621 1681 5677 Cernamus
1787 5626 2052 5691 rizentur,
2094 5622 2190 5681 sed
2237 5624 2434 5679 dentur
2468 5622 2554 5678 his
2598 5619 2689 5692 qui
2738 5619 2985 5676 habitant
3035 5634 3217 5678 coram
3263 5617 3373 5677 Do-

137 5704 177 5741 In
239 5709 330 5745 vro
372 5705 684 5745 exstructas
710 5696 911 5745 Christi
947 5696 1246 5745 ecclesias:
1274 5694 1680 5745 consideremus
1786 5698 1953 5745 mino.
1979 5714 1999 5745 ι

136 5694 177 5741 in
198 5694 330 5763 Tyro
372 5705 684 5750 exstructas
710 5696 911 5750 Christi
947 5694 1208 5750 ecclesias
1233 5711 1246 5759 ;
1274 5694 1680 5748 consideremus
1786 5698 1953 5752 ιιιίιιο.
1979 5714 1999 5746 ι

135 5774 242 5827 Opes
271 5767 534 5833 omnium,
560 5766 705 5836 quod
762 5781 868 5821 non
928 5776 1278 5837 reponantur,
1325 5778 1425 5820 nec
1462 5764 1681 5819 thesau-
