3862 6210
1151 332 1425 395 EUSEBll
1461 332 1945 394 CESARIENSIS
1981 332 2135 391 OPP.
2175 329 2363 389 PARS
2398 328 2490 388 Ill.
2530 362 2605 375 —-
2641 326 3068 392 EXEGETlCA.

3647 328 3753 386 260

449 460 679 531 perinde
706 458 798 516 alii
850 473 1066 526 omnes,
1098 459 1251 530 'quia
1284 475 1392 516 non
1424 468 1510 517 est
1550 473 1907 531 personarum
1957 473 2052 515 ac-

2165 456 2381 521 πάντεςο
2405 456 2529 510 ἐπεὶ
2559 457 2637 527 μή
2662 456 2781 509 ἐστι
2812 451 3242 530 προσωττοληῴία
3292 450 3444 524 παρὰ
3486 448 3568 525 τῷ
3609 451 3749 523 θεῷ.

450 553 635 624 ceptio
673 552 818 624 apud
855 552 1046 608 Deum.
1106 551 1476 620 Quamobrem
1513 552 1655 624 apud
1694 551 1797 608 Job
1840 553 2048 609 dictum

450 655 586 701 est:
630 662 652 698 ι
683 644 893 701 Parvus
924 653 979 700 et
1027 658 1260 716 magnus
1306 644 1419 699 illic
1465 652 1636 713 sunt,
1691 655 1750 702 et
1813 645 2052 727 famulus

453 753 565 791 non
596 746 854 792 metuens
901 735 1182 791 dominum
1228 750 1388 791 suum
1427 736 1490 789 η.
1527 754 1547 789 ι

523 826 690 883 Vens.
721 827 777 892 5,
813 829 868 882 4.
918 845 939 879 ι
973 826 1339 899 Corruptione
1369 836 1763 900 corrumpetur
1786 837 1965 895 terra,
1994 838 2052 885 et

452 920 768 992 direptione
813 919 1108 992 diripiatur
1137 930 1286 976 terra
1317 934 1332 974 :
1365 935 1427 977 os
1465 922 1612 978 enim
1664 922 1881 978 Domini
1916 922 2053 979 dixit

454 1013 591 1068 hzrc.
620 1011 785 1068 Luxit
815 1022 986 1080 terra,
1016 1022 1072 1068 et
1122 1022 1420 1085 corruptus
1442 1025 1529 1070 est
1566 1014 1716 1071 orbis
1742 1033 1757 1070 :
1794 1015 2055 1072 luxerunt

453 1109 654 1165 excelsi
706 1119 889 1165 terrae.
922 1128 941 1163 ι
970 1108 1105 1163 Nam
1140 1110 1350 1181 prolata
1397 1123 1494 1181 per
1532 1108 1854 1182 prophetam
1880 1124 1909 1164 a
1940 1108 2053 1165 Deo

454 1201 753 1266 sententia,
782 1206 896 1256 haec
920 1202 1241 1272 contingent
1275 1201 1368 1264 iis,
1415 1201 1509 1272 qui
1554 1202 1798 1272 peiorem
1844 1211 2051 1257 sortem

454 1295 605 1350 nacti
665 1295 871 1352 fuerint
904 1313 919 1349 :
952 1310 1091 1366 quos
1141 1296 1348 1351 terreni
1407 1310 1604 1351 sensus
1638 1308 1801 1351 causa
1849 1303 2051 1351 terram

452 1397 634 1445 vocat.
671 1387 1139 1455 Quemadmodum
1184 1385 1330 1443 enim
1361 1385 1490 1441 olim
1535 1387 1668 1441 Ada‘
1695 1384 1904 1441 dictum
1944 1396 2051 1452 est,

458 1497 479 1533 ι
514 1479 686 1534 Terra
718 1494 799 1546 es,
836 1487 891 1535 et
920 1480 971 1534 in
1006 1489 1209 1534 terram
1260 1478 1558 1536 reverteris
1588 1479 1631 1510 ”
1654 1519 1671 1546 ,
1705 1497 1725 1532 ι
1762 1479 1843 1533 sic
1875 1488 1931 1534 et
1986 1478 2052 1534 iis

450 1571 547 1642 qui
584 1580 829 1642 tempore
882 1557 1054 1626 divini
1110 1569 1325 1642 iudicii,
1380 1569 1673 1641 voluptarii
1710 1577 1766 1626 et
1804 1571 2054 1641 corporis

451 1670 723 1729 amantes,
752 1676 817 1716 ae
844 1660 1074 1731 proinde
1105 1661 1309 1715 terreni
1356 1669 1413 1717 et
1448 1661 1700 1717 carnales
1729 1661 2052 1732 deprehensi

453 1754 685 1820 fuerint,
721 1755 1091 1823 corruptionis
1132 1755 1462 1825 supplicium
1496 1755 1887 1810 comminatur.
1921 1756 2053 1823 Quae

2152 549 2246 605 Διὸ
2291 549 2517 623 εἴρηται
2563 545 2717 621 παρὰ
2758 545 2838 619 τῷ
2897 545 3053 600 Ἰὼϐ·
3108 563 3128 598 ι
3174 546 3390 619 Μικρὸς
3435 545 3533 600 καὶ
3578 543 3755 617 μέγας

2152 644 2272 697 ἐκεῖ
2322 643 2459 705 ἐστι,
2528 641 2624 695 καὶ
2671 638 2930 713 Θεράπων
2979 637 3043 692 οὐ
3104 635 3360 702 δεδοικὼς
3414 635 3511 691 τὸν
3557 636 3754 710 κύριον

2153 732 2344 790 αὐτοῦ.
2387 754 2409 786 ι

2230 848 2249 881 ι
2300 826 2486 903 Φθορᾷ
2532 825 2873 899 φθαρήσεται
2912 826 2947 897 ἡ
2979 825 3075 898 γῆ,
3123 825 3219 878 καὶ
3259 825 3509 897 προνομῇ
3544 838 3751 895 προνο-

2157 919 2487 993 μευθήσεται
2529 919 2564 992 ἡ
2605 919 2701 990 γῆ·
2749 917 2811 972 τὸ
2858 917 2968 992 γὰρ
3025 916 3203 990 στόμα
3254 916 3462 990 Κυρίου
3516 914 3754 988 ἐλάλησε

2153 1012 2347 1067 ταῦτα.
2396 1000 2726 1083 Ἐπένθησεν
2769 1013 2804 1083 ἡ
2843 1010 2918 1084 γῆ
2956 1010 3051 1065 καὶ
3089 1008 3305 1082 ἐφθάρη
3352 1010 3389 1082 ἡ
3420 1006 3753 1081 οἰκουμένῃ’

2154 1104 2469 1177 ἐπένθησαν
2483 1106 2534 1159 el
2562 1104 2758 1176 ὑψηλοὶ
2787 1103 2889 1175 τῆς
2919 1103 3043 1176 γῆς.
3088 1122 3107 1155 ι
3148 1102 3338 1175 Φωνῆς
3364 1102 3475 1175 γὰρ
3502 1102 3758 1173 ἀποφαν-

2152 1197 2318 1270 τικῆς
2343 1196 2479 1252 Θεοῦ
2501 1197 2590 1252 διὰ
2620 1197 2715 1252 τοῦ
2762 1198 3043 1271 προφήτου
3090 1193 3534 1269 προενεχθείσης,
3576 1194 3757 1249 ταῦτα

2153 1289 2446 1354 ἔπαιτοῖς
2476 1289 2579 1362 τὴν
2614 1289 2835 1361 χείρονα
2875 1286 3030 1360 λῆξιν
3061 1286 3369 1359 είληχόσιν⁸
3413 1283 3510 1349 οὓς
3550 1283 3640 1338 διὰ
3691 1283 3757 1339 τὸ

2153 1383 2360 1454 γεῶδες
2401 1384 2657 1455 φρόνημα
2717 1382 2823 1453 γῆν
2872 1379 3152 1452 ὀνομάζει.
3205 1380 3419 1452 ’Ὥσπερ
3464 1376 3573 1452 γάρ
3616 1394 3756 1434 ποτε

2154 1472 2349 1547 ἐλέχθη
2373 1474 2451 1545 τῷ
2488 1473 2681 1546 Ἀδάμ,
2718 1492 2737 1525 ι
2779 1472 2858 1544 Γῆ
2892 1466 2964 1537 εἴ,
3003 1471 3099 1525 καὶ
3129 1472 3210 1536 είς
3237 1471 3343 1542 γῆν
3380 1470 3686 1545 άπελεύσῃ,
3730 1489 3751 1523 ι

2153 1565 2297 1620 οὕτω
2323 1567 2546 1631 καὶτοῖς
2567 1565 2710 1621 κατά
2737 1565 2833 1620 τὸν
2850 1565 3047 1639 καιρὸν
3076 1563 3177 1636 τῆς
3206 1563 3304 1618 τοῦ
3331 1562 3468 1618 Θεοῦ
3514 1563 3759 1635 κρίσεως

2155 1659 2460 1733 φιληδόνοις
2507 1660 2603 1715 καὶ
2651 1658 3016 1732 φιλοσώμασι,
3063 1659 3160 1714 καὶ
3203 1658 3293 1713 διὰ
3329 1655 3489 1712 τοῦτο
3538 1658 3756 1730 γηῖνοις

2154 1755 2250 1810 καὶ
2276 1755 2555 1826 σαρκίνοις
2581 1754 2640 1808 εύ
2651 1752 3037 1827 ρεθησομένοις
3065 1754 3098 1825 ὴ
3124 1750 3423 1824 διαφθορᾶς
3452 1750 3755 1824 ἠπείληται

457 1855 641 1901 autem
672 1847 745 1900 sit
784 1820 930 1899 terra
967 1844 1158 1916 lugens
1201 1820 1262 1901 et
1292 1846 1416 1917 quis
1457 1847 1610 1902 orbis
1640 1820 1965 1918 corruptus,
1996 1849 2048 1903 in

2165 1820 2410 1921 τιμωρία.
2447 1848 2546 1912 Τίς
2577 1820 2809 1901 es}.va
2919 1820 3192 1899 πενθοῦσα
3228 1820 3434 1915 γῆκαὶ
3478 1820 3756 1916 φθαρεῖσα

453 1934 813 2007 sequentibus
841 1936 1115 2001 declarat,
1170 1954 1190 1988 ι
1224 1934 1507 1991 Luxerunt
1534 1935 1739 1993 excelsi
1787 1946 1986 1993 terrae:
2027 1958 2047 1992 ι

457 2032 558 2087 bos
590 2032 794 2101 quippe
827 2029 1064 2084 maxime
1095 2028 1176 2083 ira
1219 2029 1315 2085 Dei
1346 2029 1586 2095 invadet,
1620 2029 1876 2099 quoniam
1905 2048 1925 2082 ι
1962 2046 2055 2087 su-

455 2126 641 2197 perbis
678 2122 908 2191 resistit,
964 2121 1264 2179 humilibus
1302 2133 1487 2179 autem
1526 2124 1621 2178 dat
1675 2122 1909 2192 gratiam
1942 2125 2047 2179 ι’.»

525 2304 695 2362 Vens.
727 2303 783 2360 ὅ.
818 2321 838 2357 ι
876 2301 1048 2359 Terra
1089 2303 1202 2375 egit
1234 2302 1401 2371 impie
1439 2312 1664 2374 propter
1710 2302 2054 2361 habitatores

455 2413 624 2455 suos:
662 2397 788 2467 quia
820 2396 1163 2468 prmvaricati
1194 2404 1321 2451 sunt
1350 2394 1525 2465 legem
1573 2396 1813 2463 Domini,
1844 2407 1899 2452 et
1940 2397 2055 2452 dis-

458 2496 781 2561 sipaverunt
830 2497 888 2543 et
925 2494 1275 2541 mutaverunt
1321 2496 1616 2559 przecepta.
1661 2497 2051 2543 testamentum

450 2594 747 2641 aeternum.
796 2601 816 2636 ι
857 2585 1059 2637 Omnes
1113 2581 1320 2652 quippe
1374 2580 1627 2635 homines
1654 2580 1744 2650 qui
1797 2593 1827 2633 a
1858 2579 2055 2637 saeculo

455 2676 649 2732 orbem
681 2676 1049 2740 incoluerunt,
1084 2673 1260 2731 Graeci
1313 2672 1473 2729 simul
1513 2682 1569 2729 et
1617 2672 1862 2739 barbari,
1895 2682 2058 2728 natu-

456 2768 558 2824 rali
593 2779 817 2839 accepta
855 2768 995 2838 lege,
1015 2775 1070 2822 et
1092 2775 1360 2837 praecepta
1391 2763 1487 2820 Dei
1516 2765 1571 2819 in
1612 2765 1905 2819 animabus
1942 2764 2056 2819 suis

458 2861 731 2930 insculpta
765 2862 1051 2927 habentes,
1078 2870 1239 2930 atque
1276 2866 1662 2914 testamentum
1698 2876 1727 2911 a
1768 2857 1970 2913 steculn
2001 2857 2053 2912 in

457 2952 737 3008 communi
802 2951 1073 3021 cogitandi
1138 2952 1297 3005 modo
1349 2952 1779 3020 complectentes
1813 2967 1828 3002 :
1865 2957 2054 3015 postea

460 3042 556 3098 ubi
589 3058 649 3099 se
678 3043 923 3113 peccatis
938 3052 1128 3098 contra
1155 3054 1404 3097 naturam
1429 3039 1776 3104 dediderunt,
1796 3039 2057 3095 naturalis

457 3134 599 3207 legis
631 3144 1064 3203 transgressores
1092 3133 1269 3189 eil‘ecti
1309 3141 1462 3188 sunt.
1531 3133 1895 3202 Quamobrem
1930 3133 2055 3201 jure

462 3231 529 3283 ad
570 3226 805 3282 tribunal
831 3225 922 3280 Dei
957 3226 1244 3295 sistentur,
1276 3226 1329 3282 in
1361 3224 1571 3296 judicio
1600 3226 2055 3297 transgressionis

458 3330 577 3377 ante
608 3319 875 3376 rationem
908 3319 1117 3375 daturi.

530 3497 699 3555 Vnus.
741 3498 899 3555 (HO.
958 3517 979 3552 t
1037 3499 1273 3571 Propter
1306 3502 1412 3559 hoc
1466 3501 1781 3561 maledictio
1837 3505 2057 3562 vorabit

463 3599 685 3658 terram,
743 3593 1002 3661 quoniam
1051 3602 1417 3665 peccaverunt
1472 3596 1567 3665 qui
1633 3596 1878 3654 incolunt
1908 3613 2054 3653 eam.

462 3682 587 3739 Ideo
617 3700 885 3756 pauperes
934 3695 1096 3741 erunt
1152 3686 1493 3744 habitatores
1556 3697 1739 3754 terrae,
1794 3700 1851 3745 et
1889 3691 2057 3745 relin-

461 3785 704 3846 quentur
728 3776 974 3832 homines
1001 3778 1183 3848 pauci.
1213 3777 1447 3850 Lugebit
1481 3781 1692 3842 vinum.
1735 3781 1940 3853 lugebit
1978 3783 2059 3837 vi-

465 3881 608 3921 nea:
641 3867 1000 3937 ingemiscent
1047 3883 1241 3924 omnes
1304 3869 1402 3941 qui
1470 3869 1795 3927 laetabantur
1849 3875 2057 3928 animo.

464 3956 716 4013 Cessavit
755 3960 1011 4029 gaudium
1075 3971 1482 4034 tympanorum,
1547 3967 1785 4023 cessavit
1822 3983 1928 4026 vox
1976 3970 2057 4025 ci-

470 4053 658 4108 tharae.
709 4052 1080 4122 Erubuerunt,
1133 4070 1241 4111 non
1292 4056 1550 4113 biberunt
1591 4060 1828 4114 vinum:
1869 4076 2056 4117 amara

470 4144 615 4199 facta
651 4154 739 4199 est
780 4146 953 4209 siccra
989 4145 1303 4203 bibentibus
1335 4164 1349 4201 :
1384 4150 1630 4207 desolata
1653 4162 1739 4209 est
1763 4153 1942 4208 omnis
1983 4156 2063 4210 ci-

467 4238 642 4305 vitas;
676 4239 892 4293 claudet
919 4240 1139 4294 domum
1166 4254 1235 4295 ne
1259 4249 1443 4311 pateat
1474 4242 1775 4313 ingressus.
1808 4263 1827 4296 ι
1854 4245 2056 4312 Quem-

466 4330 765 4385 admodum
838 4330 893 4384 in
960 4330 1230 4400 principio
1272 4332 1602 4401 creationis,
1670 4336 1907 4390 nondum
1965 4353 2061 4392 ex-

468 4422 694 4477 sistente
745 4429 995 4490 peccato,
1061 4421 1340 4477 benedixit
1381 4422 1523 4478 Deus
1557 4424 1861 4490 hominem,
1893 4426 1972 4481 sic
2005 4436 2061 4482 et

2153 1941 2469 2013 οἰκουμένη,
2523 1938 2781 2010 διασαφεῖ
2833 1939 3149 2011 ἐπιφέρωνο
3225 1956 3249 1991 ‹
3319 1936 3663 2009 Ἒπένθησαν
3703 1934 3755 1990 οἱ

2154 2034 2348 2108 ὑψηλοὶ
2379 2035 2480 2107 τῆς
2527 2035 2665 2106 γῆς’
2712 2051 2731 2086 ι
2781 2032 3017 2106 μάλιστα
3083 2031 3195 2104 γάρ
3264 2030 3489 2095 τούτους
3529 2031 3564 2103 ἡ
3607 2029 3754 2103 ὀργὴ

2153 2128 2249 2182 τοῦ
2273 2128 2407 2182 Θεοῦ
2433 2126 2841 2199 μετελεύσεται,
2873 2126 2997 2180 ἐπεὶ
3034 2143 3053 2177 ι
3094 2123 3469 2197 ὑπερηφάνοις
3494 2123 3758 2177 ἀντιτάσ-

2156 2240 2328 2287 σεται,
2356 2223 2631 2286 ταπεινοῖς
2653 2221 2713 2275 δέ
2730 2220 2915 2275 δίδωσι
2948 2218 3131 2292 χάριν.
3162 2237 3181 2271 ι

2230 2334 2249 2366 ‹
2287 2316 2352 2367 Ἦ
2368 2315 2444 2387 γῆ
2465 2314 2712 2385 ἡνόμησε
2734 2313 2823 2368 διὰ
2841 2314 2971 2378 τοὺς
2998 2310 3393 2374 κατοικοῦντας
3408 2309 3596 2381 αὐτήν·
3611 2309 3755 2363 διότι

2156 2409 2478 2481 παρέϐησαν
2515 2408 2607 2461 τὸν
2643 2407 2807 2478 νόμον
2852 2406 3063 2478 Κυρίου
3108 2405 3204 2460 καὶ
3247 2404 3622 2468 διεσκέδασαν,
3656 2400 3755 2475 ἧλ-

2155 2495 2323 2561 λαξαν
2348 2494 2417 2548 τὰ
2447 2494 2864 2566 προστάγματα,
2896 2493 3166 2565 διαθήκην
3202 2492 3441 2548 αἰώνιον.
3484 2512 3504 2545 ›
3538 2492 3754 2555 Πάντες

2155 2587 2265 2660 γὰρ
2300 2587 2576 2658 ἄνθρωποι
2608 2587 2658 2639 oi
2691 2584 2751 2650 ἐξ
2777 2584 2978 2651 αἰῶνος
3006 2587 3111 2658 τὴν
3132 2584 3457 2657 οἰκουμένην
3490 2584 3754 2655 οἰκήσαν-

2154 2694 2268 2741 τες,
2291 2676 2554 2747 Ἕλληνες
2580 2675 2716 2748 ὁμοῦ
2747 2676 2843 2730 καὶ
2872 2675 3160 2749 βάρϐαροι,
3195 2676 3286 2730 τὸν
3315 2675 3544 2745 φυσικὸν
3575 2675 3750 2747 νόμον

2157 2769 2560 2843 παρειληφότες
2597 2770 2790 2823 καὶτὰ
2832 2769 3232 2839 προστάγματα
3278 2767 3373 2822 τοῦ
3428 2767 3566 2821 Θεοῦ
3622 2769 3756 2831 ταῖς

2158 2862 2367 2917 ἑαυτῶν
2393 2862 2592 2933 ψυχαῖς
2626 2860 2840 2933 ἔχοντες
2878 2859 3329 2932 ἐγγεγραμμένα,
3379 2860 3485 2932 τήν
3525 2876 3585 2913 τε
3625 2857 3752 2913 δια-

2158 2955 2331 3028 θήκην
2351 2955 2449 3028 τὴν
2470 2954 2530 3020 se
2553 2954 2746 3018 αἰῶνος
2771 2956 2828 3007 ἐν
2856 2955 2979 3017 ταῖς
3021 2955 3231 3018 κοιναῖς
3264 2950 3501 3016 ἐννοίαις
3545 2950 3748 3006 ὑποδε-

2155 3046 2428 3119 δεγμένοι,
2456 3046 2690 3101 κᾶπειτα
2717 3045 2945 3108 ἑαυτοὺς
2972 3046 3087 3109 τοῖς
3113 3044 3266 3116 παρὰ
3302 3044 3463 3115 φύσιν
3498 3044 3755 3117 ἁμαρτή-

2160 3157 2292 3212 μασι
2321 3137 2702 3203 ἐκδεδωκότες,
2734 3135 3052 3209 παραϐάται
3080 3132 3176 3188 τοῦ
3212 3133 3445 3205 φυσικοῦ
3488 3135 3755 3205 γεγόνασι

2155 3232 2341 3304 νόμου.
2384 3231 2477 3285 Διὸ
2518 3230 2583 3303 δὴ
2623 3231 2865 3299 εὐλόγως
2906 3227 3353 3300 παραστήσονται
3396 3226 3481 3298 τῷ
3509 3226 3641 3297 θείῳ
3673 3227 3758 3281 δι-

2155 3325 2462 3398 καστηρίῳ,
2514 3321 2905 3396 κριθησόμενοι
2956 3321 3033 3385 ὡς
3088 3319 3248 3390 λόγον
3306 3317 3596 3390 ὑφέξοντες
3651 3319 3757 3391 τῆς

2156 3414 2367 3471 ἑαυτῶν
2402 3413 2787 3487 παραϐάσεως.

2232 3527 2250 3560 ι
2290 3505 2393 3561 Διὰ
2416 3506 2573 3560 τοῦτο
2599 3504 2709 3578 ἀρά
2732 3504 2908 3559 ἔδεται
2937 3504 3036 3576 τὴν
3065 3500 3190 3575 γῆν,
3226 3501 3312 3556 ὅτι
3344 3500 3673 3572 ἡμάρτοσαν
3705 3501 3757 3553 ei

2155 3598 2540 3663 κατοικοῦντες
2591 3599 2780 3670 αὑτήν.
2824 3597 2925 3651 Διὰ
2966 3593 3141 3650 τοῦτοι
3173 3594 3381 3665 πτωχοὶ
3428 3592 3646 3647 ἔσονται
3702 3593 3758 3646 οἱ

2155 3692 2493 3757 ἐνοικοῦντες
2516 3694 2574 3746 ἐν
2596 3693 2664 3763 τῇ
2694 3692 2788 3763 γῇ,
2830 3691 2927 3744 καὶ
2958 3687 3486 3759 καταλειφθήσονται
3533 3684 3759 3757 ἂνθρω-

2157 3804 2249 3841 ποι
2273 3786 2464 3856 ὀλίγοι.
2500 3784 2765 3854 Πενθήσει
2798 3777 2961 3848 οἶνος,
3006 3780 3267 3852 πενθήσει
3315 3778 3581 3851 ἄμπελος,
3627 3795 3760 3831 στε-

2157 3880 2377 3945 νάξουσι
2406 3877 2609 3941 πάντες
2636 3876 2687 3929 οἱ
2719 3874 3134 3947 εὐφραινόμενοι
3159 3873 3267 3944 τὴν
3286 3871 3488 3943 ψυχήν.
3525 3870 3761 3925 Πέπαυ-

2155 3989 2247 4025 ται
2276 3969 2585 4042 εὐφροσύνη
2618 3968 2937 4039 τυμπάνων,
2976 3966 3253 4020 πέπαυται
3293 3963 3446 4037 φωνὴ
3493 3962 3757 4035 κιθάρας.

2170 4063 2571 4136 ᾘσχύνθησαν,
2619 4062 2721 4115 οὐκ
2757 4060 2941 4115 ἔπινον
2981 4057 3160 4113 οἷνοψ
3192 4058 3392 4130 πικρὸν
3434 4057 3650 4126 ἐγίνετο
3691 4055 3761 4109 τὸ

2160 4156 2357 4227 σίκερα
2392 4156 2507 4218 τοῖς
2536 4154 2811 4207 πίνουσινο
2845 4149 3118 4224 ἠρημώθη
3150 4151 3301 4204 πᾶσα
3325 4148 3515 4214 πόλις·
3544 4148 3761 4203 κλείσει

2158 4249 2337 4303 οἰκίαν
2384 4246 2479 4300 τοῦ
2534 4246 2609 4318 μὴ
2640 4244 2924 4298 εἰσελθεῖν.
2963 4263 2982 4295 ι
3018 4243 3232 4315 Ὠσπερ
3272 4242 3327 4296 δὲ
3365 4243 3423 4295 ἐν
3468 4242 3611 4314 ἀρχῇ
3654 4242 3763 4314 τῆς

2159 4340 2539 4411 κοσμοποιίας,
2573 4338 2740 4409 μήπω
2774 4335 3050 4409 ἁμαρτίας
3076 4334 3412 4406 ὑποστάσης,
3444 4333 3763 4406 ηὗλόγησεν

2158 4435 2188 4488 ό
2214 4432 2347 4497 Θεὸς
2374 4432 2466 4485 τὸν
2497 4430 2805 4503 ἄνθρωπον,
2843 4428 3018 4493 οὕτως
3049 4430 3144 4482 ἐπὶ
3170 4427 3452 4498 συντελείᾳ
3488 4425 3597 4479 τῶν
3624 4425 3766 4479 alti)-

466 4515 523 4569 in
564 4513 1037 4568 consummatione
1073 4513 1419 4569 surculorum.
1471 4514 1659 4586 Neque
1688 4518 1832 4572 enim
1864 4531 2054 4574 omnes

2165 4543 2287 4581 νων.
2331 4524 2466 4579 Ούδέ
2506 4522 2616 4595 γάρ
2655 4523 2864 4586 πάντας
2904 4520 3180 4588 στενάξειν
3221 4522 3356 4592 φησὶ
3396 4520 3523 4584 τοὺς
3566 4520 3628 4571 ἐν
3676 4519 3765 4590 τῷ

466 4606 525 4662 in
582 4600 843 4679 praesenti
885 4607 995 4661 vita
1048 4618 1338 4664 versantes
1410 4610 1769 4681 ingemituros
1806 4612 1905 4678 ait,
1959 4614 2053 4669 sed

466 4708 679 4754 tantum
702 4715 819 4766 eos,
844 4701 1015 4770 quiin
1050 4700 1160 4755 lata
1199 4712 1255 4757 et
1283 4705 1520 4774 spatiosa
1562 4705 1648 4759 via
1690 4706 2055 4774 incesserunt,

464 4793 564 4861 qui
596 4794 1000 4862 compotatione
1034 4803 1090 4849 et
1129 4794 1258 4850 luxu
1290 4812 1393 4852 sua
1430 4797 1614 4852 omnia
1640 4797 2010 4869 dilapidarunt
2039 4820 2055 4858 :

464 4886 562 4957 qui
603 4903 711 4942 non
737 4888 883 4942 ultra
926 4887 1300 4958 voluptatibus
1344 4888 1642 4957 fruuntur,
1698 4893 1794 4949 sed
1836 4894 1904 4951 de
1939 4904 2058 4949 tur-

468 4980 629 5048 pibus
668 4993 732 5033 ac
765 4977 993 5034 nefariis
1027 4980 1197 5049 gestis
1234 4981 1351 5036 suis
1390 4982 1650 5048 convicti,
1704 4984 1911 5054 pudore
1940 4985 2060 5042 suf-

466 5066 793 5123 funduntur.
828 5068 1157 5141 Plerumque
1190 5081 1373 5127 autem
1398 5071 1709 5146 Theologus
1726 5076 1911 5131 vinum
1942 5093 2057 5133 me-

468 5174 712 5224 morans,
770 5160 1055 5216 hominum
1094 5163 1425 5232 voluptatem
1490 5166 1881 5235 subindicavit,
1945 5170 2060 5224 sive

469 5256 774 5310 mercedem
804 5255 1045 5322 malitite,
1077 5265 1239 5326 atque
1269 5257 1466 5312 anima:
1503 5268 1809 5326 veternum,
1836 5260 1929 5332 qui
1962 5277 2059 5317 co-

465 5348 791 5416 gitationum
825 5359 1098 5404 rectarum
1142 5356 1196 5404 et
1240 5352 1571 5407 naturalium
1603 5354 1872 5409 rationem
1900 5369 2059 5410 ever-

469 5441 554 5497 tit.
584 5438 700 5507 Qua
736 5441 1000 5498 ebrietate
1052 5442 1207 5513 quasi
1258 5443 1582 5514 evigilantes
1612 5447 1707 5517 qui
1765 5457 1892 5502 tunc
1929 5462 2058 5517 sup-

468 5529 632 5597 plicio
686 5529 1030 5598 adicientur,
1101 5545 1265 5589 voces
1334 5544 1391 5589 et
1461 5533 1731 5592 clamores
1798 5535 2055 5607 lugubres

468 5618 763 5676 (ﬁttttdeut.

543 5800 586 5833 '°
602 5800 702 5858 Job
732 5818 810 5875 tu,
833 5802 914 5857 l9.
978 5804 1019 5836 ¹¹
1041 5804 1175 5860 Gen.
1210 5822 1292 5875 ιιι,
1325 5805 1407 5862 l9.
1489 5807 1532 5839 ²¹¹
1562 5805 1749 5865 Jarob.
1771 5825 1845 5874 tv,
1869 5809 1922 5864 ϐ.

2166 4618 2393 4691 παρόντι
2433 4617 2551 4689 βίῳ,
2579 4615 2695 4670 ἀλλ’
2717 4615 2753 4687 ἢ
2782 4616 2909 4680 τοὺς
2935 4614 3035 4687 τὴν
3060 4614 3321 4668 πλατεῖαν
3362 4615 3458 4668 καὶ
3505 4611 3763 4686 εὐρύχω-

2167 4728 2265 4784 ρον
2284 4709 2608 4774 ὼδευκότας,
2643 4707 3011 4779 οἰνοφλυγίαις
3038 4707 3133 4762 καὶ
3152 4705 3414 4770 ἀσωτίαις
3440 4706 3509 4761 τὰ
3541 4707 3766 4760 ἑαυτῶν

2162 4803 2602 4875 κατατρίψαντας
2628 4820 2641 4833 ο
2702 4805 2751 4856 οἱ
2801 4802 2896 4855 καὶ¹
2949 4800 3147 4874 μηκέτι
3212 4799 3430 4871 ἔχοντες
3476 4798 3575 4872 τὴν
3647 4799 3765 4853 τῶν

2161 4896 2365 4969 ἡδονῶν
2410 4895 2740 4950 ἀπόλαυσιν
2800 4893 2938 4947 ἀλλὰ
2978 4893 3074 4947 καὶ
3134 4890 3482 4962 ἐλεγχόμενοι
3533 4889 3620 4960 ἐφ’
3667 4885 3767 4955 αἷς

2160 4988 2403 5061 ἔπραξαν
2433 4990 2686 5061 αἰσχραῖς
2723 4989 2817 5041 καὶ
2844 4987 3126 5057 ἀθεμίτοις
3165 4984 3451 5057 πράξεσιν,
3490 4983 3767 5056 αἰσχύνην

2169 5082 2585 5154 καταχεοῦνται.
2618 5080 2886 5143 Πολλάκις
2920 5079 2977 5132 δὲ
3013 5080 3042 5131 ὁ
3069 5077 3333 5146 Θεολόγος
3370 5076 3513 5129 οίνου
3542 5093 3764 5148 μνημο-

2167 5174 2383 5239 νεύσας,
2400 5174 2496 5246 τὴν
2520 5173 2629 5227 τῶν
2655 5172 2958 5243 ἀνθρώπων
2995 5170 3207 5243 τρυφὴν
3233 5168 3471 5242 ᾐνίξατο,
3500 5168 3535 5240 ἢ
3570 5168 3632 5221 τὸ
3662 5170 3764 5239 τῆς

2166 5265 2366 5329 κακίας
2391 5263 2649 5336 μίσθωμα
2682 5264 2776 5317 καὶ
2806 5263 2899 5316 τὸν
2926 5262 3027 5333 τῆς
3056 5261 3235 5332 ψυχῆς
3260 5261 3451 5332 κάρον,
3477 5261 3765 5331 παρατρέ-

2166 5375 2338 5412 ποντα
2366 5359 2466 5429 τὴν
2495 5358 2734 5418 διάνοιαν
2780 5356 2889 5410 τῶν
2930 5354 3109 5428 ὀρθῶν
3142 5355 3238 5408 καὶ
3285 5351 3430 5408 κατὰ
3468 5351 3635 5423 φύσιν
3667 5352 3765 5405 λο-

2164 5450 2409 5524 γισμῶν·
2443 5445 2504 5507 οῦ
2546 5450 2897 5524 μεθύσματος
2936 5450 3127 5522 ὥσπερ
3170 5446 3532 5519 διανήψαντες
3551 5446 3603 5501 οἱ
3639 5446 3765 5499 τότε

2164 5542 2556 5615 κολαζόμενοι,
2639 5541 2825 5611 φωνὰς
2901 5539 3179 5612 ἀφήσουσι
3260 5537 3361 5592 καὶ
3432 5534 3570 5607 βοὰς
3642 5550 3769 5588 πεν-

2164 5634 2343 5699 θικάς.
