3862 6210
480 276 593 335 265

482 510 599 561 vos,
623 496 713 564 qui
745 496 1009 550 habitatis
1051 504 1278 549 terram.
1322 495 1390 549 Et
1416 495 1523 550 erit
1554 495 1645 565 qui
1674 495 1877 565 fugerit
1915 497 2079 551 timo-

482 604 622 652 rem.
653 589 811 644 cadet
865 589 917 643 in
953 589 1162 643 foveam
1190 605 1206 654 ;
1238 589 1329 657 qui
1355 569 1538 644 autem
1568 588 1771 644 exierit
1809 587 1876 644 de
1897 587 2075 655 fovea,

479 683 677 752 laqueo
725 684 972 752 capietur
1026 701 1038 736 :
1077 683 1206 752 quia
1257 682 1512 738 fenestrae
1561 683 1631 737 de
1685 680 1828 737 coelo
1875 689 2078 752 apertae

478 785 626 840 sunt,
658 787 714 829 et
744 777 1130 832 concutientur
1163 775 1518 832 fundamenta
1569 785 1749 832 terrae.
1804 796 1824 829 ι
1868 777 1959 832 Dei
1995 778 2077 832 in-

477 873 840 939 spectionem,
895 880 950 924 et
979 868 1099 937 ejus
1132 871 1388 924 virtutem
1438 868 1774 934 subindicat,
1815 885 1921 939 qna
1955 884 2077 924 om-

476 965 637 1020 nibus
666 966 946 1034 providet,
978 973 1032 1018 et
1063 963 1249 1018 omnia
1279 962 1590 1032 speculatur
1627 963 1782 1033 quasi
1818 978 1885 1018 ex
1925 963 2076 1018 fene-

475 1060 604 1114 stris
629 1059 750 1113 οωιί
785 1058 1043 1112 universa
1083 1055 1400 1126 respiciens.
1423 1057 1555 1122 Quae
1576 1056 1793 1124 quidem
1818 1054 2074 1110 fenestrae

475 1163 607 1209 tunc
636 1154 812 1208 claudi
843 1153 1122 1215 videntur,
1152 1165 1276 1205 cum
1304 1149 1450 1204 Deus
1475 1150 1527 1204 in
1559 1159 1708 1204 terra
1755 1158 2074 1219 peccatores

473 1248 905 1310 circnmlustrat,
937 1262 1033 1300 nec
1055 1253 1236 1300 tamen
1277 1245 1424 1314 ipsos
1453 1244 1686 1315 castigat
1716 1259 1730 1296 :
1767 1252 1897 1298 tunc
1923 1244 2071 1299 enim

473 1360 570 1396 ceu
596 1357 826 1395 aversus
861 1340 993 1393 nihil
1026 1347 1318 1409 peccantes
1372 1339 1642 1406 inspicere
1666 1338 1906 1392 videtur.
1933 1336 2070 1392 Cum

472 1445 652 1489 autem
685 1442 972 1503 pecranles
999 1433 1186 1488 ulcisci
1213 1432 1478 1496 decrevit,
1509 1441 1638 1486 tunc
1665 1429 1917 1487 fenestra:
1942 1431 2069 1487 cmli

471 1540 672 1598 aperta:
723 1528 993 1581 videntur.

543 1705 707 1761 Vens.
735 1704 822 1768 i9,
841 1704 932 1759 20.
959 1722 978 1756 ι
1000 1703 1338 1759 Turbatione
1364 1705 1692 1772 turbabitnr,
1723 1715 1778 1761 et
1799 1706 2068 1778 angustiis

1132 277 1407 334 EUSEBll
1449 277 1936 336 CESARIENSlS
1974 281 2126 339 OPP.
2171 283 2351 339 PARS
2389 283 2478 341 lli.
2520 317 2590 327 —-
2627 286 3044 347 EXEGETICA.

559 399 849 466 νηὶ-17,
887 400 976 455 l8.
1014 418 1032 450 ι
1065 398 1252 455 Timor
1279 410 1335 455 et
1361 401 1540 466 fovea,
1571 409 1626 455 et
1668 373 1896 470 laqueus
1919 417 2082 472 super
2109 417 2156 469 Α

3681 303 3775 362 265

2263 425 2279 456 ι
2321 405 2491 471 Φόϐος
2544 409 2638 460 καὶ
2677 407 2900 477 βόθυνος
2951 410 3048 464 καὶ
3102 413 3270 481 παγὶς
3322 415 3409 484 ἐφ’
3468 415 3615 487 ὑμᾶς
3657 422 3774 485 τοὺς

2183 497 2531 562 ἐνοικοῦντας
2575 500 2670 551 ἐπὶ
2713 503 2814 572 τῆς
2861 504 2986 573 γῆς.
3037 505 3148 559 Καὶ
3186 506 3341 561 ἐσται
3378 510 3406 561 6
3440 507 3662 578 φεύγων
3692 513 3774 565 τὸν

2174 590 2367 659 φόϐον,
2395 595 2716 662 ἐμπεσεῖται
2744 597 2824 658 είς
2847 596 2940 649 τὸν
2963 595 3217 667 βόθυνον·
3251 602 3280 653 6
3311 599 3367 652 δὲ
3406 600 3680 656 ἐκϐαίνων
3714 606 3771 657 ἐκ

2178 682 2274 733 τοῦ
2315 681 2536 752 βοθύνου
2562 683 2830 739 ἁλώσεται
2853 686 2958 740 ὑπὸ
2976 691 3076 760 τῆς
3103 690 3348 758 παγίδος’
3376 693 3460 746 ὃτι
3485 691 3700 766 θυρίδες
3720 696 3776 747 ἐκ

2177 774 2273 829 τοῦ
2300 777 2532 850 οὐρανοῦ
2560 778 2936 850 ἀνεῴχθησαν,
2964 782 3060 834 καὶ
3088 782 3436 854 σεισθὴσεται
3459 784 3529 838 τὰ
3553 785 3775 856 θεμέλια

2176 873 2276 941 τῆς
2290 874 2413 943 γῆς.
2442 891 2460 922 ι
2481 871 2595 941 Τὴν
2627 873 2931 945 ἐπισκοπὴν
2943 873 3037 927 τοῦ
3061 874 3219 942 Θεοῦ,
3242 878 3336 930 καὶ
3360 877 3459 948 τὴν
3473 879 3773 950 ἐποπτικὴν

2177 967 2270 1018 καὶ
2285 967 2385 1044 τὴν
2402 965 2741 1040 θεωρητικὴν
2761 968 2925 1022 αὑτοῦ
2941 968 3049 1023 τῶν
3065 968 3200 1023 ὅλων
3216 969 3445 1042 δύναμιν
3474 973 3678 1026 αίνιττό
3686 991 3778 1043 με-

2176 1079 2285 1126 νος,
2311 1061 2594 1133 ἐφορῶσαν
2610 1062 2678 1115 τὰ
2697 1063 2896 1126 πάντα,
2913 1061 3102 1136 ῶσπερ
3124 1063 3211 1118 διὰ
3234 1063 3464 1137 θυρίδων
3483 1065 3578 1118 τοῦ
3601 1066 3660 1119 οὑ
3670 1083 3776 1138 ρα-

2176 1153 2292 1221 νοῦ,
2318 1155 2375 1208 αἳ
2408 1155 2626 1209 δοκοῦσι
2664 1156 2762 1226 μὲν
2797 1155 3132 1222 κεκλεῖσθαι,
3170 1157 3391 1210 ἐπειδὰν
3419 1159 3545 1222 τοὺς
3575 1159 3775 1230 ἁμαρη

2176 1249 2441 1314 τάνοντας
2482 1250 2576 1303 ἐπὶ
2611 1253 2715 1321 γῆς
2755 1250 3110 1321 περιέρχεται
3153 1253 3183 1304 ὁ
3216 1251 3370 1316 Θεὸς,
3419 1251 3496 1322 μὴ
3539 1251 3771 1318 ἐπεξιὼν

2173 1347 2288 1405 τοῖς
2331 1343 2745 1416 πλημμελοῦσν
2798 1343 2920 1397 τότε
2966 1343 3074 1414 γὰρ
3131 1343 3321 1416 ὥσπερ
3371 1344 3772 1416 ἀποστραφεὶς,

2172 1437 2282 1490 οὐδ’
2311 1436 2510 1508 ὁρῶντι
2547 1438 2671 1500 τοὺς
2709 1436 3126 1508 ἁμαρτάνοντας
3174 1436 3370 1492 ἔοικεν.
3429 1438 3684 1492 Ἐπειδὰν
3717 1438 3772 1491 δὲ

2174 1529 2336 1603 κρίνῃ
2380 1527 2692 1593 ἐπεξελθεῖν
2721 1532 2834 1592 τοῖς
2873 1529 3290 1601 ἡμαρτηκόσιν,
3332 1527 3526 1600 ὥσπερ
3567 1529 3774 1583 ἀναπε-

2171 1620 2461 1673 τάννυνται
2487 1619 2580 1672 τοῦ
2611 1619 2843 1690 ούρανοῦ
2872 1621 2930 1672 αἱ
2958 1618 3173 1690 θυρίδες

2247 1733 2265 1764 ι
2298 1713 2524 1784 Ταραχῇ
2556 1711 2964 1784 ταραχθήσεται
3000 1714 3033 1782 ὴ
3072 1714 3167 1783 γῆ,
3209 1710 3305 1766 καὶ
3326 1710 3532 1780 ἀπορίᾳ
3553 1711 3771 1782 ἀπορη-

467 1799 874 1868 angustiabitur
907 1809 1052 1853 terra
1088 1813 1102 1851 :
1146 1797 1431 1852 inclinavit
1481 1808 1536 1854 et
1582 1800 1892 1854 movebitur
1920 1800 2057 1854 sicut

2182 1783 2396 1876 λήσεται
2502 1783 2607 1876 γῆ·
2632 1783 2822 1861 ἔκλινε
2864 1806 2958 1858 καὶ
2992 1803 3339 1876 σεισθήσεται
3381 1803 3457 1868 ὡς
3478 1805 3771 1875 ὀπωροφύ-

469 1895 744 1961 Iugurinm
773 1903 939 1957 terra,
970 1892 1112 1946 sicut
1157 1892 1344 1946 ebrius
1377 1902 1433 1946 et
1490 1893 1829 1962 crapulatus.
1878 1912 1897 1944 ι
1936 1892 2064 1950 Hac

468 2001 630 2052 porro
684 1986 869 2040 omnia
921 1983 1162 2053 patietur
1203 1995 1387 2051 terra;
1443 1985 1522 2041 sic
1559 1987 1770 2041 vocatis
1806 1987 1914 2043 illis
1947 1987 2065 2058 ejus

462 2081 590 2135 oiim
628 2079 1054 2142 habitatoribus,
1100 2093 1237 2146 quos
1273 2077 1389 2133 haec
1421 2095 1779 2150 perpessuros
1810 2082 1929 2147 ait;
1984 2082 2060 2137 ita

463 2184 523 2227 ut
557 2190 622 2227 ex
677 2172 946 2227 malorum
983 2172 1034 2225 vi
1065 2179 1122 2226 et
1150 2171 1443 2242 gravitate,
1495 2173 1665 2228 ebriis
1689 2182 1745 2228 et
1763 2173 2061 2243 crapulatis

462 2267 669 2323 similes
702 2267 831 2322 sint.
875 2284 894 2317 ς
926 2265 993 2319 Et
1042 2266 1227 2328 cadet,
1262 2273 1318 2319 et
1350 2279 1457 2320 non
1489 2266 1690 2336 poterit
1723 2281 2012 2339 resurgere
2041 2284 2054 2319 :

463 2377 586 2414 nam
620 2359 904 2430 praevaluit
932 2358 987 2413 in
1014 2373 1078 2412 ea
1115 2357 1396 2426 iniquitas.
1433 2377 1451 2410 ι

531 2573 700 2627 "Eas.
740 2570 830 2624 2|.
870 2589 887 2620 ι
929 2567 996 2623 Ει
1050 2567 1156 2623 erit
1196 2568 1251 2622 in
1283 2567 1372 2622 die
1411 2565 1526 2631 illa,
1569 2567 1789 2621 inducet
1833 2567 1974 2622 Deus
2000 2567 2055 2622 in

458 2674 714 2719 ornatum
743 2661 865 2718 caali
891 2678 1134 2716 manum.
1170 2680 1188 2713 ι
1225 2661 1507 2730 Siquidem
1530 2661 1700 2716 semel
1732 2663 1783 2715 in
1816 2661 1923 2716 fine
1954 2663 2055 2716 hu-

457 2776 631 2815 mana:
664 2761 784 2813 vita:
808 2758 958 2828 lapsa
987 2767 1150 2822 terra,
1182 2756 1298 2810 sive
1328 2769 1495 2810 carne
1521 2755 1764 2808 terrestri
1795 2765 1850 2810 et
1875 2758 2054 2810 anima

457 2855 704 2923 corporis
735 2862 988 2916 amante;
1044 2859 1156 2904 tum
1187 2848 1245 2912 ii,
1301 2848 1396 2918 qui
1423 2846 1554 2902 olim
1601 2855 1806 2902 terram
1845 2847 2052 2902 incole-

457 2950 623 3012 bant,
686 2945 1146 3002 resurrectionem
1226 2953 1419 3013 postea
1501 2949 1932 3010 consequentur,
1995 2948 2054 2995 ut

456 3043 721 3095 sistantur
754 3037 1012 3094 tribunali
1054 3037 1284 3102 Christi,
1321 3044 1376 3089 et
1425 3034 1804 3102 unusquisque
1847 3031 2052 3087 referat

2165 1897 2353 1952 λάκιον
2393 1900 2427 1969 ἡ
2472 1900 2567 1969 γῆ,
2602 1899 2679 1960 ὼς
2718 1899 2748 1950 ό
2779 1897 2995 1968 μεθύων
3054 1897 3149 1950 καὶ
3190 1895 3532 1969 κραιπαλῶν.
3581 1915 3600 1949 ι
3652 1896 3769 1949 Καὶ

2166 1990 2338 2044 ταῦτα
2374 1989 2556 2043 πάντα
2589 1988 2840 2042 πείσεται
2869 1989 2903 2059 ἡ
2936 1989 3030 2059 γῆ,
3065 1987 3176 2041 τῶν
3216 2003 3348 2039 ποτε
3395 1987 3769 2056 κατοικησάν-

2163 2101 2272 2136 των
2320 2083 2491 2154 αὑτὴν
2525 2081 2669 2137 οὕτω
2713 2083 2778 2155 δὴ
2824 2083 3176 2154 καλουμένων
3204 2097 3219 2112 ⁶
3253 2080 3478 2134 τοιαῦτα
3519 2079 3581 2133 δέ
3628 2096 3768 2151 φησι

2167 2175 2447 2229 πείσεσθαι
2473 2175 2692 2240 αὐτοὺς,
2719 2175 2796 2238 ὡς
2817 2176 3051 2229 ἐοικέναι
3085 2173 3344 2246 μεθύουσι
3381 2174 3477 2228 καὶ
3520 2189 3768 2244 κραιπα-

2163 2267 2326 2322 λῶσιν
2351 2270 2416 2321 ἐκ
2449 2269 2550 2340 τῆς
2581 2267 2688 2321 τῶν
2722 2267 2910 2321 κακῶν
2941 2267 3269 2338 ὑπερϐολῆς.
3304 2286 3322 2319 ι
3349 2267 3462 2320 Καὶ
3493 2267 3766 2329 πεσεῖται,

2163 2361 2258 2415 καὶ
2295 2362 2357 2414 οὐ
2402 2360 2477 2432 μὴ
2515 2361 2741 2432 δύνηται
2783 2361 3106 2431 ἀναστῆναι·
3157 2360 3457 2431 κατίσγυσε
3508 2357 3620 2430 γὰρ
3673 2358 3764 2412 ἐπ’

2163 2457 2391 2528 αὐτῆςὴ
2429 2455 2649 2527 ἀνομία.
2691 2474 2709 2506 ι

2237 2591 2256 2624 ι
2301 2572 2412 2624 Καὶ
2439 2571 2592 2624 ἐσται
2630 2573 2688 2625 ἐν
2723 2575 2789 2643 τῇ
2837 2571 3022 2644 ἡμέρα
3067 2571 3272 2643 ἐκείνῃ,
3317 2566 3511 2635 ἐπάξει
3552 2571 3582 2623 6
3622 2569 3762 2634 θεὸς

2160 2665 2253 2718 ἐπὶ
2272 2663 2362 2716 τὸν
2381 2663 2585 2734 κόσμον
2616 2663 2710 2718 τοῦ
2749 2663 2982 2734 ούρανοῦ
3016 2662 3116 2734 τὴν
3163 2666 3338 2734 χεῖρα.
3379 2682 3399 2714 ι
3435 2661 3622 2726 "Art-:15
3659 2663 3760 2734 μὲν

2157 2759 2267 2833 γὰρ
2296 2759 2536 2813 πεσοῦσα
2571 2758 2712 2812 κατὰ
2739 2757 2838 2829 τὴν
2884 2757 2978 2810 τοῦ
3023 2756 3220 2828 θνητοῦ
3268 2755 3384 2826 βίου
3421 2755 3688 2828 τελευτὴν
3723 2759 3759 2829 ἡ

2157 2857 2251 2926 γῆ,
2299 2854 2417 2926 ῆτοι
2471 2850 2610 2924 σὰρξ
2660 2851 2869 2921 γεώδης
2917 2851 3012 2903 καὶ
3058 2849 3434 2920 φιλοσώματος
3478 2848 3664 2920 ψυχὴ,
3707 2851 3764 2905 οἱ

2159 2947 2324 3001 πάλαι
2351 2946 2450 3018 τὴν
2478 2947 2582 3018 γῆν
2618 2945 2940 3016 οἰκήσαντες
2984 2944 3081 3013 τῆς
3122 2941 3356 3014 καθεξῆς
3393 2942 3755 3007 ἀναστάσεως

2156 3042 2433 3109 τεύξονται
2463 3043 2543 3104 είς
2573 3040 2635 3092 τὸ
2668 3039 3009 3110 παραστῆναι
3040 3035 3117 3107 τῷ
3140 3035 3345 3107 βήματι
3364 3035 3459 3088 τοῦ
3486 3036 3757 3106 Χριστοῦ,

457 3133 758 3188 secundum
795 3146 858 3188 ea
891 3147 1014 3200 quae
1041 3145 1274 3200 corpore
1306 3127 1663 3198 perpetravit,
1702 3128 1817 3180 sive
1849 3126 2049 3179 bonum

2182 3135 2251 3188 εαὶ
2283 3130 2612 3204 κομίσασθαι
2644 3130 2874 3182 ἕκαστον
2904 3128 2975 3180 τὰ
2999 3127 3087 3180 διὰ
3117 3126 3210 3179 τοῦ
3252 3125 3503 3196 σώματος
3533 3126 3676 3196 πρὸς
3719 3127 3760 3181 ἃ,

457 3229 574 3282 sive
628 3227 855 3281 malum.
888 3227 1020 3280 Cum
1060 3233 1243 3277 autem
1310 3223 1421 3276 lato
1457 3219 1666 3290 judicio
1701 3234 1730 3272 a
1763 3220 1903 3273 bona
1955 3233 2053 3287 Spe

455 3318 786 3383 exciderint,
820 3324 877 3373 et
931 3314 1215 3386 suppliciis
1253 3313 1384 3368 olim
1442 3299 1822 3382 prmnuntiatis
1864 3311 2050 3366 traditi

456 3413 694 3480 fuerint;
741 3421 870 3467 tunc
897 3426 927 3465 a
970 3409 1081 3464 Deo
1111 3406 1269 3478 lapsi,
1328 3421 1434 3461 non
1465 3405 1606 3459 ultra
1637 3417 1922 3474 resurgere
1957 3417 2052 3472 po-

457 3518 659 3563 terunt.
690 3505 858 3572 Queis
895 3501 1134 3556 universi
1161 3497 1695 3555 consummationem
1729 3495 2048 3558 declaravit,

454 3619 559 3672 qna
602 3601 798 3656 caelum
829 3608 884 3654 et
917 3607 1062 3652 terra
1088 3593 1425 3648 transibunt.
1459 3590 1728 3646 Ornalum
1764 3603 1895 3644 vero
1923 3587 2048 3642 caeli

452 3700 591 3754 solet
617 3695 828 3766 Moyses
859 3690 1130 3761 appellare
1159 3685 1349 3751 solem,
1370 3683 1552 3750 lunam
1585 3693 1640 3737 et
1671 3680 1883 3736 stellas.
1913 3698 1931 3730 ι
1961 3679 2047 3732 In-

453 3794 612 3847 ducet
643 3791 785 3844 Deus
825 3787 877 3840 in
903 3792 1159 3840 ornatum
1191 3777 1316 3835 cmli
1346 3790 1567 3832 manum
1593 3792 1607 3842 ;
1649 3794 1668 3826 ι
1702 3788 1899 3843 nempe
1928 3786 2045 3826 me-

453 3894 666 3938 morato
695 3881 886 3952 judicii
923 3878 1019 3934 Dei
1059 3885 1323 3944 tempore.

527 4195 691 4252 νεεδ.
722 4195 818 4250 22.
848 4214 865 4248 ι
908 4199 974 4250 Et
1007 4198 1061 4250 in
1114 4209 1268 4264 reges
1301 4203 1483 4256 terrae,
1535 4199 1591 4246 et
1633 4188 2048 4260 congregabunt

451 4289 925 4360 congregationem
971 4287 1088 4358 ejus
1132 4287 1184 4340 in
1230 4297 1531 4348 carcerem,
1557 4292 1613 4337 et
1653 4279 1946 4336 occludent
1992 4279 2044 4332 in

453 4381 840 4444 munitionem;
887 4395 984 4450 per
1012 4379 1210 4432 multas
1257 4377 1638 4447 generationes
1662 4371 1906 4427 visitatio
1937 4370 2044 4423 erit

447 4494 660 4534 eorum.
687 4475 1089 4530 :Videturmibi
1111 4488 1205 4542 per
1224 4487 1377 4542 reges
1401 4465 1870 4536 terrae,principes
1884 4463 2045 4531 hujus

2155 3226 2411 3299 ἔπραξεν,
2437 3225 2547 3278 εἴτε
2575 3222 2803 3292 ἀγαθὸν,
2824 3222 2933 3274 εἴτε
2963 3219 3152 3273 κακόν·
3189 3218 3409 3272 ἐπειδᾶν
3448 3218 3504 3271 δέ
3536 3220 3760 3290 κριθέν-

2153 3338 2246 3383 τες
2270 3320 2548 3372 ἐκπέσωσι
2597 3318 2697 3388 τῆς
2730 3313 2944 3386 ἀγαθῆς
2974 3312 3210 3376 ἐλπίδος,
3247 3312 3339 3365 καὶ
3364 3314 3486 3376 ταῖς
3515 3311 3758 3383 ἠπειλη-

2156 3414 2346 3484 μέναις
2375 3410 2628 3464 κολάσεσι
2663 3407 3030 3480 παραδοθῶσι,
3060 3406 3121 3459 τὸ
3149 3404 3451 3476 τηνικαῦτα
3480 3404 3575 3457 τοῦ
3611 3405 3757 3458 Θεοῦ

2152 3504 2499 3565 ἐκπεσόντες,
2543 3501 2728 3554 οὐκέτι
2781 3501 3078 3571 ἀναστῆναι
3125 3498 3464 3568 δυνήσονται.
3532 3499 3623 3550 Ἐν
3669 3493 3759 3561 οἷς

2150 3595 2248 3667 τὴν
2278 3594 2585 3648 συντέλειαν
2617 3592 2853 3663 ἐδήλωσε
2896 3590 2990 3643 τοῦ
3022 3589 3245 3654 παντὸς,
3281 3590 3338 3642 ὲιν
3369 3584 3402 3662 ᾖ
3447 3590 3475 3641 6
3516 3589 3758 3659 οὐρανὸς

2142 3691 2246 3744 καὶ
2287 3692 2321 3761 ἡ
2370 3691 2440 3760 γῆ
2477 3686 2923 3759 παρελεύσονται.
2967 3683 3187 3754 Κόσμον
3220 3682 3277 3734 δὲ
3317 3680 3545 3753 ούρανοῦ
3583 3682 3757 3735 εἴωθε

2149 3783 2328 3846 λέγειν
2359 3782 2388 3833 ό
2425 3781 2667 3850 Μωῦσῆς
2694 3779 2785 3832 τὸν
2818 3777 2968 3849 ἥλιον
2991 3777 3086 3829 καὶ
3123 3776 3221 3846 τὴν
3251 3775 3479 3846 σελήνην
3501 3775 3592 3828 καὶ
3617 3777 3759 3840 τοὺς

2147 3876 2403 3948 ἀστέρας.
2437 3893 2455 3925 ι
2479 3872 2700 3938 Ἐπάξει
2731 3872 2758 3923 ὁ
2791 3870 2924 3933 Θεὸς
2951 3869 3044 3920 ἐπὶ
3076 3869 3166 3922 τὸν
3198 3868 3401 3938 κόσμον
3450 3866 3546 3920 τοῦ
3575 3868 3758 3940 οὐρα-

2148 3969 2240 4024 νοῦ
2273 3970 2372 4041 τὴν
2407 3971 2596 4040 χεῖρα·
2636 3985 2655 4018 ι
2693 3965 2838 4034 λέγω
2877 3964 2933 4016 δὲ
2968 3963 3110 4017 κατὰ
3143 3963 3235 4016 τὸν
3277 3961 3609 4032 δηλούμενον
3645 3964 3757 4032 τῆς

2147 4063 2241 4115 τοῦ
2276 4061 2412 4115 Θεοῦ
2447 4061 2685 4129 κρίσεως
2713 4058 2925 4130 καιρόν.

2225 4198 2243 4229 ‹
2280 4177 2389 4230 Καὶ
2426 4176 2520 4228 ἐπὶ
2556 4175 2683 4236 τοὺς
2729 4171 2970 4243 βασιλεῖς
3001 4172 3102 4240 τῆς
3145 4171 3267 4239 γῆς,
3319 4167 3413 4220 καὶ
3453 4164 3756 4232 συνάξουσι

2149 4271 2473 4341 συναγωγὴν
2501 4269 2673 4339 αὐτῆς
2697 4269 2778 4329 εἰς
2811 4266 3212 4336 δεσμωτήριον,
3260 4261 3355 4315 καὶ
3385 4260 3760 4314 ἀποκλείσου-

2150 4381 2233 4417 σιν
2263 4366 2341 4426 εἰς
2369 4362 2632 4433 ὀχύρωμα
2651 4377 2663 4389 ·
2693 4359 2782 4412 διὰ
2810 4357 3022 4410 πολλῶν
3053 4355 3252 4425 γενεῶν
3283 4353 3558 4425 ἐπισκοπὴ
3589 4352 3759 4408 ἔσται

2147 4456 2344 4510 αὐτῶν.
2388 4474 2406 4505 ›
2442 4455 2600 4506 Δοκεῖ
2633 4469 2722 4523 μοι
2748 4451 2876 4514 τοὺς
2897 4451 3163 4520 ἄρχοντας
3183 4446 3276 4500 τοῦ
3314 4446 3512 4508 αἰῶνος
3546 4444 3758 4498 τούτου

450 4572 634 4628 saeculi
666 4569 1015 4642 significare;
1069 4566 1150 4620 sic
1179 4565 1322 4620 enim
1357 4561 1564 4615 Danieli
1594 4557 1908 4614 declarabat
1934 4554 2043 4609 Ga-

2185 4546 2436 4620 ημαίνειν
2458 4544 2547 4598 διὰ
2573 4544 2681 4597 τῶν
2713 4542 2974 4613 βασιλέων
3003 4543 3102 4610 τῆς
3130 4542 3263 4609 γῆς·
3299 4537 3443 4592 οὕτω
3479 4535 3613 4606 γοῦν
3648 4538 3761 4590 καὶ

435 4664 613 4730 .briel,
656 4663 782 4718 dum
821 4659 1039 4715 oraCula
1099 4657 1201 4727 ipsi
1247 4656 1436 4711 ederet
1487 4653 1572 4706 his
1637 4649 1868 4704 verbis:
1908 4667 1926 4698 ‹
1977 4646 2044 4700 Ει

449 4759 596 4813 venit
623 4757 674 4810 in
704 4769 994 4812 occursum
1031 4765 1208 4805 meum
1234 4749 1484 4820 princeps
1509 4743 1661 4811 regni
1688 4741 1986 4796 Medorum.
2017 4759 2034 4792 ι

448 4853 742 4920 Postquam
785 4845 1086 4901 invisibiles
1117 4839 1424 4908 huiusmodi
1474 4837 1718 4906 gentium
1759 4849 1912 4902 reges
1947 4833 2037 4886 hic

451 4942 794 5003 memoravit,
818 4941 964 5009 ipsos
994 4951 1153 4989 t'nanu
1184 4933 1278 4986 Dei
1302 4928 1716 5000 congregandos
1740 4927 1839 4989 ait,
1875 4936 2040 4994 atque

451 5041 504 5093 in
540 5048 817 5094 carcerem
853 5027 1250 5100 conjiciendos,
1287 5032 1336 5078 et
1369 5020 1736 5076 occludendos
1773 5017 1826 5071 in
1857 5014 2038 5069 muni-

451 5133 619 5185 tione.
651 5127 786 5181 Nam
819 5140 943 5180 cum
978 5122 1217 5175 futurum
1259 5127 1406 5172 esset
1436 5123 1496 5168 ut
1526 5127 1753 5183 regnum
1785 5109 1879 5163 Dei
1909 5119 2038 5162 tunc

450 5222 711 5294 temporis
750 5218 1147 5289 resplenderet,
1179 5227 1244 5267 ac
1290 5224 1489 5265 novum
1523 5205 1800 5270 saeculum,
1831 5201 2038 5272 princi-

448 5329 630 5388 patus,
671 5323 969 5385 potestates
1012 5319 1066 5364 et
1119 5316 1366 5362 rectores
1419 5300 1606 5356 mundi
1665 5297 2035 5357 tenebrarum,

450 5427 512 5465 ac
566 5406 870 5476 spiritualia
911 5402 1171 5472 nequitiae
1204 5405 1514 5468 superaret,
1556 5405 1896 5461 consequens
1920 5396 2039 5442 erat

450 5512 506 5554 ut
535 5502 570 5554 ii
607 5501 661 5553 in
695 5498 871 5552 lacum
905 5510 1066 5565 quem
1103 5488 1800 5564 foderantconjicerentur.
1835 5481 2035 5534 Larum

447 5595 590 5647 enim
623 5591 822 5661 impius
867 5589 1045 5644 omnis
1075 5587 1287 5655 aperuit
1325 5594 1379 5638 et
1401 5580 1588 5637 eil‘odit
1624 5593 1772 5642 eum,
1801 5574 2037 5630 etcadet

451 5687 502 5740 in
530 5684 741 5738 foveam
765 5697 927 5750 quam
960 5680 1108 5734 fecit.

2147 4641 2224 4711 τῷ
2249 4638 2448 4708 Δανιὴλ
2467 4639 2495 4690 ὁ
2519 4635 2872 4708 χρηματίζων
2897 4631 3044 4702 αὐτῷ
3067 4629 3306 4702 Γαϐριὴλ
3328 4628 3519 4700 ἐδήλου
3542 4627 3756 4696 λέγων·

2153 4755 2170 4784 ι
2211 4734 2324 4786 ’Καὶ
2349 4731 2572 4803 ἐξῆλθεν
2605 4730 2687 4792 εἰς
2718 4726 3043 4796 συνάντησίν
3089 4741 3190 4794 μου
3237 4723 3419 4796 ἄρχων
3463 4720 3763 4792 βασιλείας

2144 4826 2366 4897 Μήδων,
2407 4843 2426 4874 ι
2463 4823 2602 4885 Τοὺς
2630 4819 2906 4882 τοιούτους
2939 4817 3207 4888 ἀοράτους
3238 4814 3352 4867 τῶν
3379 4811 3550 4866 ἐθνῶν
3588 4811 3764 4882 βασι-

2143 4919 2255 4982 λεῖς
2286 4915 2518 4971 ἐνταῦθα
2555 4911 2834 4986 προειπὼν
2873 4913 2902 4964 ὁ
2933 4910 3112 4978 λόγος,
3159 4905 3593 4978 συναχθήσεσθαι
3641 4906 3762 4959 αὐ·-

2145 5012 2272 5074 τούς
2302 5026 2465 5080 φησιν
2499 5007 2604 5060 ὑπὸ
2629 5010 2729 5077 τῆς
2759 5003 2942 5075 χειρὸς
2976 5001 3070 5054 τοῦ
3112 5000 3272 5064 Θεοῦ,
3315 5001 3408 5053 καὶ
3456 4998 3758 5071 ἐμϐληθή-

2149 5102 2336 5156 σεσθαι
2379 5103 2460 5164 εἰς
2507 5098 2880 5169 δεσμωτήριον
2931 5097 3024 5148 καὶ
3079 5090 3612 5163 ἁποκλεισθήσεσθαι
3660 5094 3760 5156 εἰς

2146 5196 2430 5268 ὀχύρωμα.
2468 5192 2792 5273 ,Ἀκόλουθόν
2829 5209 2921 5262 μοι
2959 5190 3067 5277 γὰρ
3090 5185 3157 5260 ἦν
3188 5190 3287 5257 τῆς
3330 5185 3608 5256 βασιλείας
3644 5186 3754 5238 τοῦ

2140 5290 2276 5344 Θεοῦ
2310 5287 2609 5360 μελλούσης
2639 5285 2759 5339 τότε
2790 5283 3137 5354 διαλάμπειν,
3174 5279 3268 5332 τοῦ
3295 5296 3355 5331 τε
3386 5278 3508 5330 νέου
3543 5276 3760 5340 αἰῶνος

2142 5385 2458 5455 ἐπικρατεῖν
2507 5379 2606 5443 τὰς
2651 5378 2827 5450 ἀρχὰς
2875 5377 2970 5431 καὶ
3018 5375 3117 5438 τὰς
3167 5372 3418 5437 ἐξουσίας
3471 5369 3568 5423 καὶ
3613 5368 3760 5433 τοὺς

2140 5475 2590 5547 κοσμοκράτορας
2625 5469 2718 5524 τοῦ
2765 5470 2992 5532 σκότους
3025 5467 3239 5530 τούτου,
3271 5465 3364 5517 καὶ
3388 5461 3458 5515 τὰ
3491 5477 3764 5531 πνευμα-

2140 5569 2268 5622 τικὰ
2299 5570 2398 5639 τῆς
2439 5565 2724 5637 πονηρίας,
2769 5565 2850 5627 είς
2881 5563 2973 5616 τὸν
3019 5562 3366 5633 προσήκοντα
3398 5554 3599 5616 αὐτοὺς
3637 5569 3756 5604 κα-

2138 5662 2475 5734 ταϐληθῆναι
2507 5659 2730 5724 λάκκον,
2755 5657 2814 5711 ὃν
2833 5656 2988 5710 αὐτοὶ
3013 5656 3226 5717 ἑαυτοῖς
3247 5649 3484 5723 ὤρυξαν.
3517 5645 3758 5701 Λάκκου

447 5784 555 5856 γὰρ
587 5783 696 5846 πᾶς
746 5777 948 5850 ἀσεϐὴς
979 5775 1154 5848 ὤρυξε
1211 5777 1306 5829 καὶ
1353 5771 1658 5840 ἀνέσκαψεν
1709 5769 1890 5832 αὑτὸν,
1943 5767 2038 5820 καὶ
2078 5763 2395 5833 ἐμπεσεῖται
2425 5758 2505 5819 είς
2535 5755 2725 5827 βόθρον
2761 5754 2821 5808 ὃν
2851 5751 3161 5826 εἰργάσατο.
