3862 6210
192 308 299 366 265

1115 310 1620 368 εωιωζιςτλιιιλ
1656 314 1718 367 IN
1757 316 2010 371 ISAIAM.
2048 348 2119 359 —-
2156 316 2311 372 CAP.
2349 316 2514 373 XXV.

3322 328 3429 389 266

263 440 287 473 ι
326 420 434 475 Καὶ
463 422 762 492 τακήσεται
807 420 840 491 ἠ
890 420 1130 487 πλίνθος,
1164 425 1259 479 καὶ
1283 428 1527 481 πεσεῖται
1561 430 1623 482 τὸ
1650 429 1724 482 rei

1831 481 1832 487 η
1924 425 2088 482 Vsus.
2104 428 2195 485 23.
2219 447 2240 481 ι
2260 430 2325 484 Et
2349 431 2583 488 tabescet
2605 432 2763 502 later,
2786 449 2838 494 et
2859 442 3012 499 cadet
3046 454 3233 504 murus
3264 468 3285 504 τ
3300 467 3425 522 qma

187 528 300 583 χος,
344 513 430 565 ὅτι
472 511 785 582 βασιλεύσει
810 513 1011 585 Κύριος
1056 516 1122 568 ἐκ
1151 513 1289 568 Σιὼν
1337 516 1432 570 καὶ
1470 518 1530 582 ἐξ
1562 518 1759 592 Ἱερου-

186 604 391 675 σαλὴμ,
454 606 551 657 καὶ
586 603 818 657 ἐνώπιον
858 603 963 659 τῶν
1012 605 1396 679 πρεσϐυτέρων
1436 608 1759 681 δοξασθήσε-

181 714 292 751 ται.
335 717 355 747 ι
411 697 561 749 Ἔδει
590 694 701 766 γὰρ
728 696 875 767 ἡμᾶς
902 697 961 749 ἐν
990 697 1070 767 τῷ
1095 700 1222 770 περὶ
1253 700 1561 765 συντελείας
1592 702 1752 774 λόγῳ,

178 790 273 844 καὶ
303 788 378 842 τὰ
425 790 557 861 περὶ
590 791 693 858 τῆς
726 790 1138 861 κηρυττομένης
1179 790 1273 844 τοῦ
1319 794 1568 864 Σωτῆρος
1600 796 1755 865 ἡμῶν

175 879 509 950 ἐπουρανίου
560 878 839 948 βασιλείας
873 880 1085 950 μαθεῖν,
1139 882 1261 950 ἥτις
1294 883 1444 938 ἔσται
1496 902 1632 956 μετα
1656 888 1753 959 τὴν

175 972 503 1043 καθαίρεσιν
549 972 658 1025 τῶν
703 971 885 1043 ἀρχῶν
915 973 1009 1026 καὶ
1057 972 1165 1028 τῶν
1209 973 1481 1039 ἐξουσιῶν.
1530 977 1666 1032 Σιὼν
1692 979 1751 1033 δὲ

172 1066 267 1119 καὶ
310 1063 673 1135 Ἰερουσαλὴμ
695 1062 953 1126 πολλάκις
977 1059 1116 1118 εἶναι
1141 1065 1491 1139 ἐπουρανίους
1520 1069 1627 1123 ἀπὸ
1652 1073 1752 1142 τῆς

172 1155 546 1224 ἁποστολικῆς
592 1155 898 1226 μαρτυρίας
955 1160 1377 1230 παρεστήσαμεν
1395 1177 1409 1191 °
1438 1161 1564 1215 ἔνθα
1594 1165 1627 1234 ὴ
1652 1163 1748 1217 τοῦ

174 1249 424 1321 Χριστοῦ
461 1248 707 1317 βασιλεία
736 1252 1015 1320 στήσεται.

683 1342 1078 1399 ΚΕΦΑΛΑΙυΝ
1115 1346 1243 1400 κεν.

238 1450 261 1482 ι
294 1431 476 1502 Κύριε
519 1431 549 1483 ό
591 1430 725 1495 Θεὸς
774 1432 963 1503 ἡμῶν,
1014 1435 1225 1500 δοξάσω
1270 1453 1329 1490 σε
1354 1477 1369 1500 ,
1419 1440 1643 1510 ὑμνήσω
1684 1443 1746 1496 τὸ

164 1524 337 1595 ὄνομά
364 1540 485 1587 σου,
518 1524 600 1577 ὅτι
638 1525 900 1595 ἐποίησας
930 1525 1220 1596 θαυμαστὰ
1263 1530 1581 1601 πράγματα,
1619 1532 1744 1602 βου-

164 1616 260 1688 λὴν
318 1617 575 1687 ἀρχαίαν,
627 1615 925 1687 ἀληθινήν·
975 1618 1209 1684 γένοιτο,
1258 1620 1450 1693 Κύριε.
1489 1640 1508 1673 ι
1559 1622 1744 1678 Ταῦτά

164 1725 297 1778 φησι
332 1707 584 1761 σπεύδων
615 1706 805 1779 ὥσπερ
834 1708 927 1761 καὶ
955 1708 1236 1779 ἐπιθυμῶν
1329 1712 1491 1782 τάχος
1520 1714 1742 1784 ἐπιστῆ-

1861 521 2103 590 regnabit
2134 521 2390 579 Dominus
2412 540 2479 578 ex
2499 525 2628 582 Sion
2654 540 2709 583 et
2741 544 2807 587 ex
2825 532 3140 607 Jerusalem,
3159 550 3215 596 et
3240 521 3423 601 coram

1856 613 2165 671 senioribus
2213 617 2617 685 glorificabitur.
2649 638 2669 674 ι
2698 620 2805 677 Par
2826 627 3019 697 quippe
3059 640 3175 686 erat
3233 649 3331 690 nos
3368 636 3423 691 in

1854 718 2104 761 sermone
2126 708 2194 763 de
2215 714 2679 770 consummatione
2729 720 2888 774 etiam
2909 721 2993 775 illa
3018 724 3279 793 ediscere,
3304 742 3424 796 qme
3473 778 3477 781 .

1854 795 1922 848 ad
1963 797 2184 852 cmlesle
2213 801 2475 872 nobisque
2523 806 2875 875 prmdicatum
2922 812 3216 870 Salvatoris
3249 795 3420 874 nostri

1854 898 2074 953 regnum
2130 892 2483 960 spectabant,
2537 896 2679 964 quod
2738 908 2862 966 post
2920 902 3309 973 principatuum
3367 917 3423 963 et

1852 985 2175 1044 potestatum
2204 984 2536 1041 eversionem
2570 988 2806 1046 futurum
2843 1000 2944 1047 est.
2997 993 3126 1049 Sion
3160 1008 3339 1053 autem
3365 1010 3423 1054 et

1849 1064 2167 1140 Jerusalem,
2200 1075 2443 1132 coelestia
2497 1093 2617 1135 esse
2666 1082 2782 1137 loca
2827 1083 2941 1151 jam
2994 1088 3311 1159 plerumque
3351 1107 3418 1149 ex

1850 1160 2145 1226 apostolico
2191 1165 2496 1223 testimonio
2547 1171 2828 1228 docuimus
2870 1192 2885 1228 :
2938 1175 3032 1231 ubi
3073 1178 3275 1236 Christi
3330 1199 3420 1239 re-

1848 1264 2013 1319 gnum
2058 1254 2338 1311 consistet.

2410 1347 2636 1406 CAPUT
2683 1352 2851 1413 XXV.

1916 1433 2080 1487 Vens.
2108 1434 2156 1487 Ι.
2190 1453 2209 1487 ι
2239 1434 2463 1493 Domine
2484 1439 2623 1496 Deus
2646 1455 2848 1513 noster,
2871 1447 3185 1517 glorificabo
3204 1460 3278 1519 te,
3306 1452 3419 1509 lau-

1844 1522 1982 1577 dabo
2017 1539 2209 1579 nomen
2237 1535 2407 1594 tuum,
2435 1532 2689 1599 quoniam
2722 1534 2892 1591 fecisti
2924 1540 3271 1598 admirabiles
3302 1560 3411 1611 res,

1843 1616 2123 1670 consilium
2153 1618 2431 1688 antiquum
2458 1659 2475 1685 ,
2523 1636 2709 1678 verum
2740 1643 2753 1681 :
2791 1627 2913 1695 fiat,
2941 1630 3186 1690 Domine.
3220 1652 3242 1688 ι
3286 1635 3414 1693 Hae

1841 1716 2016 1763 autem
2060 1708 2135 1763 ait
2172 1711 2323 1780 quasi
2354 1711 2617 1768 festinans
2643 1725 2697 1771 et
2734 1722 3118 1792 concupiscens
3144 1725 3409 1783 bonorum

162 1817 250 1854 ναι
293 1800 358 1853 τὸ
390 1799 503 1852 τῶν
554 1797 777 1866 ἀγαθῶν
821 1797 993 1861 τέλος.
1038 1799 1323 1870 Νοήσομεν
1369 1802 1425 1854 δὲ
1473 1804 1621 1867 ὅπως
1668 1800 1724 1876 ἦη

1841 1798 2003 1853 finem
2030 1801 2282 1857 celeriter
2316 1804 2525 1859 adesse.
2571 1806 2671 1872 Qui
2711 1824 2873 1877 porro
2902 1826 2961 1867 se
2992 1814 3240 1873 habuerit
3267 1821 3411 1873 anti-

163 1894 370 1965 ἀρχαία
413 1893 448 1961 ἠ
496 1890 657 1961 βουλὴ
691 1889 829 1961 αὕτη
857 1929 874 1954 ,
907 1892 1299 1961 ἐπιστήσαντες
1344 1896 1409 1963 τῇ
1460 1898 1608 1965 φωνῇ
1641 1894 1735 1949 τοῦ

160 1986 437 2055 ἃατῆρος,
485 1985 553 2053 τῇ
583 1982 816 2053 λεγούσῃ
841 1986 954 2047 τοῖς
982 1985 1061 2047 είς
1088 1983 1159 2037 τὰ
1200 1984 1347 2049 δεξιὰ
1387 1987 1736 2055 στησομένοις

157 2077 325 2132 αὐτοῦ
353 2093 370 2108 ·
408 2095 430 2127 ι
476 2074 675 2137 Δεῦτε,
722 2075 771 2127 oi
804 2074 1159 2146 εὐλογημένοι
1207 2077 1300 2129 τοῦ
1353 2077 1563 2147 Πατρός
1609 2095 1731 2148 μου,

155 2168 610 2239 κληρονομήσατε
632 2168 732 2237 τὴν
752 2169 1160 2238 ἡτοιμασμένην
1183 2169 1312 2238 ὑμῖν
1330 2167 1602 2238 βασιλείαν
1626 2171 1733 2224 ἀπὸ

154 2258 469 2329 καταδολῆς
497 2258 726 2327 κόσμου.
769 2275 789 2308 ι
840 2257 950 2310 Καὶ
989 2258 1017 2309 ὁ
1059 2256 1375 2320 Ἀπόστολος
1402 2256 1459 2309 δὲ
1485 2255 1732 2310 ἐντεῦθεν

152 2351 477 2423 ὁρμώμενος
526 2350 731 2420 ἔγραφε
774 2365 788 2379 ·
831 2367 851 2400 ι
904 2347 1103 2412 Καθὼς
1149 2347 1427 2414 ἐξελέξατο
1475 2350 1620 2419 ἡμᾶς
1671 2350 1730 2402 ἐν

151 2440 305 2511 αὐτῷ
336 2441 448 2509 πρὸ
476 2437 781 2508 καταϐολῆς
809 2438 1037 2509 κόσμου,
1070 2432 1209 2491 εἶναι
1244 2438 1390 2507 ἡμᾶς
1422 2437 1608 2505 ἁγίους
1634 2438 1728 2491 καὶ

150 2531 424 2604 ἀμώμους
466 2529 804 2583 κατενώπιον
839 2528 1004 2582 αὐτοῦ
1056 2530 1114 2582 ἐν
1156 2527 1377 2600 ἀγάπῃ,
1431 2528 1727 2598 προορίσας

148 2626 300 2696 ἡμᾶς
332 2626 415 2687 εἰς
447 2622 719 2676 υἱοθεσίαν
742 2619 936 2691 ἐαυτῷ.
978 2639 998 2672 ι
1042 2621 1269 2692 Ἀρχαία
1297 2620 1474 2673 τοίνυν
1497 2615 1563 2689 ἦν
1586 2619 1725 2690 αὕτη

150 2717 339 2788 βουλή.
374 2716 488 2769 Καὶ
507 2714 655 2767 ταῦτ’
685 2709 754 2784 ἦν
779 2713 992 2785 ἀληθῶς
1021 2713 1088 2766 τὰ
1110 2712 1398 2783 θαυμαστὰ
1425 2714 1725 2783 πράγματα

146 2807 216 2862 τὰ
252 2807 644 2879 προωρισμένα
700 2822 797 2877 μου
849 2805 955 2877 πρὸ
1004 2804 1304 2874 καταδολῆς
1354 2804 1578 2874 κόσμου,
1631 2804 1724 2857 ἐπὶ

146 2900 433 2971 συντελείᾳ
473 2900 529 2952 δὲ
560 2898 670 2951 τῶν
701 2897 915 2951 αἰώνων
960 2896 1446 2967 πληρωθησόμενα.
1497 2897 1724 2968 Ἀρχαία

146 2992 248 3061 μὲν
296 2987 394 3044 οὖν
438 2986 508 3059 ἣν
541 2991 575 3060 ἠ
632 2988 795 3059 βουλὴ
850 2987 988 3059 αὕτη
1020 2987 1110 3042 διὰ
1154 2987 1254 3059 τὴν
1292 2988 1597 3059 πρόγνωσιν
1627 2988 1722 3042 καὶ

143 3083 484 3154 προορισμδν
520 3081 613 3135 τοῦ
667 3079 801 3134 Θεοῦ
827 3096 841 3109 °
890 3080 1116 3150 ἀληθινὴ
1145 3080 1203 3133 δὲ
1248 3079 1336 3133 διὰ
1378 3082 1476 3150 τὴν
1512 3079 1604 3134 τοῦ
1633 3080 1722 3135 τὲ-

140 3170 267 3236 λους
294 3171 542 3227 ἔκϐασιν.

212 3282 236 3315 ο
271 3259 398 3317 Ὀτι
421 3262 622 3332 ἔθηκας
645 3260 827 3325 πόλεις
848 3274 927 3323 εις
956 3259 1138 3331 χῶμα,
1167 3261 1348 3324 πόλεις
1370 3259 1592 3331 ὀχυρὰς,
1623 3259 1717 3315 τοῦ

139 3359 329 3410 πεσεῖν
352 3355 532 3409 αὐτῶν
554 3354 619 3407 τὰ
639 3352 882 3423 θεμέλια.
902 3352 1022 3405 Τῶν
1036 3352 1247 3406 ἀσεϐῶν
1272 3352 1421 3416 πόλις
1436 3352 1525 3405 τὸν
1546 3351 1718 3407 αίῶνα

150 3448 213 3502 οὐ
265 3446 343 3518 μὴ
390 3445 741 3516 οίκοδομηθῇ.
791 3442 889 3497 Διὰ
946 3441 1102 3496 τοῦτο
1142 3443 1352 3512 εύλογεῖ
1393 3461 1453 3497 σε
1486 3444 1515 3495 ὁ
1544 3444 1717 3508 λαὸςὸ

136 3536 374 3607 πτωχὸς,
409 3537 503 3589 καὶ
528 3534 710 3599 πόλεις
733 3533 942 3607 ἀνδρῶν
964 3533 1334 3617 ἀδικουμένων
1364 3533 1715 3604 εὐλογήσουσί

137 3648 215 3684 σε.
261 3650 281 3682 ι
317 3630 429 3683 Καὶ
460 3629 551 3680 ἐπὶ
580 3626 790 3690 τούτοις
819 3623 933 3691 οὖν,
967 3628 1120 3699 φησὶ,
1160 3625 1368 3692 δοξάσω
1390 3645 1472 3691 σε,
1499 3628 1578 3681 ὅτι
1604 3627 1714 3680 τῶν

135 3720 351 3777 ἀσεϐῶν
388 3719 658 3791 περιεῖλες
690 3717 787 3783 τὰς
828 3720 1047 3783 πόλεις,
1099 3719 1368 3788 ἀφανίσας
1405 3719 1583 3773 αὐτῶν
1616 3719 1713 3785 τὰς

131 3815 327 3879 ἀθέους
358 3813 634 3876 πολιτείας
667 3813 761 3867 καὶ
790 3811 863 3867 τὰ
884 3812 1055 3884 ὰσεὸἦ
1101 3813 1528 3884 οἰκοδομήματα.
1559 3814 1625 3867 Οἵ
1646 3828 1711 3881 γε

135 3908 262 3979 μὴν,
284 3906 648 3969 διασωθέντες
675 3905 735 3971 ἐξ
758 3905 937 3959 αὐτῶν
964 3906 1208 3969 ἐκείνων,
1230 3904 1585 3977 εὐλογὴσουσί
1612 3922 1671 3961 σε
1691 3922 1708 3937 ·

130 3999 337 4071 ῆκατὰ
381 3997 765 4062 τοὺςηλοιποὺς
790 3997 1152 4071 ἐρμηνευτὰς,
1188 4018 1207 4049 ι
1238 3998 1522 4064 δοξάσουσί
1561 4015 1640 4053 σε.
1684 4017 1704 4051 ι

131 4089 251 4142 Εἰσὶ
277 4088 337 4143 δὲ
369 4082 515 4142 οὗτοι
544 4090 575 4143 ὁ
599 4087 726 4151 λαὸς
749 4087 838 4142 (ita
863 4089 922 4142 σὲ
951 4087 1271 4159 πτωχεύσας
1295 4088 1437 4144 κατὰ
1460 4089 1550 4144 τὸν
1576 4089 1709 4161 πρό-

129 4197 288 4253 τερον
312 4179 511 4243 αἰῶνα,
534 4180 627 4233 καὶ
658 4179 841 4245 πόλεις
866 4179 973 4233 τῶν
1000 4180 1165 4235 πάλαι
1199 4180 1584 4251 ἀδικουμένων,
1614 4180 1708 4246 οὒς

127 4272 350 4341 ⁴ὴόίιιοιυν
398 4273 447 4323 ot
492 4269 716 4324 διῶκται
747 4272 845 4341 τῆς
889 4270 1216 4335 θεοσεϐείας.
1274 4266 1430 4327 Οὗτοι
1475 4271 1703 4343 εὐλογή-

128 4364 281 4417 οουσί
311 4379 376 4416 σε
404 4362 463 4415 ἐν
493 4364 560 4433 τῇ
604 4361 901 4435 Ἐκκλησία
934 4379 1028 4416 σου
1067 4363 1127 4418 ἐν
1156 4363 1433 4434 διαφόροις
1460 4362 1706 4417 πολιτεύ-

129 4469 263 4522 μασι
290 4450 669 4518 ἐξεταοθέντες
721 4452 814 4505 καὶ
840 4451 1063 4517 δικαίως
1084 4450 1454 4523 εὐλογήσωσι.

1842 1904 2004 1957 quum
2058 1893 2163 1948 hoc
2215 1896 2500 1950 consilium
2554 1899 2955 1972 intelligemus,
3012 1906 3058 1962 si
3108 1907 3410 1967 Salvatoris

1841 1982 2011 2034 nostri
2040 1984 2157 2037 voci
2187 1988 2563 2054 attendamus,
2612 2004 2733 2059 qua:
2781 1992 2846 2047 ad
2891 1996 3171 2054 dexteram
3215 2004 3410 2072 positis

1837 2072 1912 2124 ait
1944 2090 1958 2127 :
1994 2091 2012 2125 ι
2044 2074 2255 2143 Venite,
2290 2079 2559 2135 benedicti
2594 2080 2771 2139 Patris
2799 2087 2925 2152 mei,
2956 2088 3271 2150 haereditate
3313 2111 3408 2151 ac-

1837 2163 1998 2232 cipite
2071 2179 2317 2235 paratum
2404 2171 2554 2226 vobis
2620 2188 2848 2243 regnum
2916 2193 2946 2232 a
3013 2183 3405 2241 constitutione

1836 2257 2019 2310 mundi
2049 2258 2111 2313 ¹³.
2157 2279 2176 2310 ι
2199 2260 2376 2331 Atque
2409 2264 2533 2319 hinc
2562 2276 2773 2336 sumpta
2801 2272 3087 2328 occasione
3110 2275 3405 2343 Apostolus

1835 2350 2050 2413 scribit,
2102 2370 2120 2401 ι
2148 2350 2305 2407 Sicut
2349 2354 2511 2425 elegit
2541 2372 2639 2413 nos
2672 2359 2723 2413 in
2757 2361 2873 2430 ipso
2898 2374 3021 2419 ante
3058 2369 3239 2422 mundi
3268 2384 3402 2423 con-

1835 2439 2193 2507 stitutionem,
2249 2453 2307 2498 ut
2352 2459 2599 2503 essemus
2648 2453 2819 2506 sancti
2872 2464 2924 2509 et
2975 2455 3303 2513 immaculati
3345 2461 3401 2517 in
3452 2520 3457 2525 ,

1834 2541 2124 2598 conspectu
2158 2532 2274 2602 ejus
2305 2535 2356 2587 in
2390 2536 2664 2594 eharitate
2695 2556 2710 2594 :
2742 2543 2832 2611 qui
2867 2547 3268 2614 praedestinavit
3298 2567 3404 2608 nos

1832 2618 1887 2673 in
1922 2622 2263 2690 adOptionem
2294 2624 2527 2681 filiorum
2554 2631 2653 2685 sibi
2684 2631 2782 2701 ipsi
2807 2634 2869 2690 “.
2893 2654 2912 2688 ι
2946 2636 3238 2708 Autiquum
3269 2656 3399 2712 ergo

1831 2709 2115 2764 consilium
2150 2712 2282 2767 illud
2330 2725 2468 2772 erat.
2508 2719 2575 2773 Et
2612 2736 2798 2778 revera
2841 2725 2922 2780 lue
2957 2727 3086 2797 ipsa:
3115 2740 3270 2786 erant
3308 2750 3397 2791 res

1830 2803 2172 2859 admirabiles
2222 2821 2255 2860 a
2310 2823 2397 2863 me
2457 2813 2699 2880 praevisa:
2763 2825 2889 2872 ante
2957 2822 3396 2880 constitutionem

1829 2896 2055 2960 mundi,
2106 2913 2228 2966 quae
2280 2899 2333 2951 in
2390 2906 2855 2963 consummatione
2910 2912 3232 2968 smeulorum
3288 2916 3393 2971 imo

1828 2983 2035 3054 plendze
2063 2996 2207 3042 sunt.
2243 2987 2409 3057 Igitur
2452 2992 2732 3064 antiquum
2768 2997 2899 3053 illud
2949 3002 3233 3059 consilium
3275 3016 3398 3061 erat

1827 3085 2050 3145 pr0pter
2114 3078 2511 3147 prazscientiam
2571 3094 2629 3139 et
2688 3085 3392 3166 praedestinationem'Dei;

1748 3156 1792 3214 C
1826 3180 2011 3220 vermn
2051 3177 2255 3235 autem,
2293 3182 2517 3242 propter
2547 3175 2667 3230 finis
2698 3178 2923 3235 exitum.

1895 3258 2059 3315 Vens.
2093 3262 2149 3316 9..
2206 3282 2223 3315 ι
2254 3263 2389 3332 Quia
2424 3268 2648 3336 posuisti
2698 3272 2950 3328 civitates
3000 3273 3051 3328 in
3101 3279 3390 3346 tumulum,

1818 3350 2066 3407 civitates
2120 3354 2312 3420 fortes,
2368 3365 2427 3412 ut
2468 3359 2726 3414 caderent
2776 3363 3124 3421 fundamenta
3174 3382 3389 3427 earum.

1818 3441 2106 3509 lmpiorum
2173 3446 2369 3503 civitas
2422 3451 2475 3503 in
2532 3452 2787 3508 saeculum
2850 3471 2956 3511 non
3009 3459 3385 3517 :cdificahitur.

1815 3530 2105 3602 Propterea
2134 3535 2416 3594 benedicet
2456 3539 2549 3594 tibi
2590 3544 2816 3612 populus
2857 3560 3085 3617 pauper,
3113 3560 3167 3605 et
3194 3552 3386 3607 civita-

1816 3631 1897 3677 tes
1920 3626 2155 3680 virorum
2186 3629 2437 3697 iujuriatn
2460 3632 2839 3687 sustinentium
2866 3636 3175 3694 benedicent
3203 3643 3320 3697 tibi.
3359 3661 3380 3697 ι

1814 3712 1878 3768 Et
1906 3715 1956 3768 in
1990 3716 2075 3772 his
2103 3733 2335 3789 quoque,
2371 3722 2470 3788 ait,
2491 3723 2780 3780 celebrabo
2827 3736 2900 3793 te,
2933 3731 3059 3798 quia
3095 3733 3382 3803 impiorum

1812 3807 1973 3861 urbes
2016 3810 2285 3876 evertisti,‘
2322 3828 2507 3868 earum
2554 3815 2719 3886 impia
2754 3818 3000 3875 instituta
3026 3822 3233 3891 delens,
3274 3826 3382 3882 im-

1812 3897 2011 3968 piaque
2059 3901 2332 3958 domicilia
2377 3915 2651 3965 evertens.
2694 3907 2797 3974 Qui
2823 3924 3002 3967 autem
3032 3929 3099 3969 ex
3140 3915 3206 3972 iis
3249 3931 3379 3973 evao

1810 3992 1987 4046 serint
2010 4032 2024 4055 ,
2054 3993 2091 4048 ii
2133 3994 2454 4051 benedicent
2491 3996 2590 4053 tibi
2629 4017 2643 4054 :
2674 3999 2791 4054 sive
2820 4006 3118 4059 secundum
3144 4006 3380 4078 reliquos

1810 4079 2154 4150 interpretes,
2189 4084 2555 4154 gloriﬁcabunt
2590 4096 2661 4143 te.
2700 4086 2766 4144 Hi
2815 4106 2947 4147 vero
2995 4104 3122 4149 sunt
3152 4098 3382 4167 populus

1808 4171 1898 4226 ille
1944 4174 2036 4241 qui
2101 4174 2154 4227 in
2205 4177 2373 4244 priori
2424 4178 2622 4234 saeculo
2660 4193 2881 4251 propter
2929 4192 2982 4238 te
3039 4200 3245 4256 pauper
3299 4192 3381 4247 ef-

1806 4256 1981 4313 fectus
2012 4271 2117 4326 est,
2171 4273 2225 4317 et
2256 4266 2422 4320 urbes
2468 4282 2680 4333 eorum,
2718 4272 2807 4339 qui
2854 4272 2979 4329 olim
3018 4275 3212 4346 injuria
3245 4292 3378 4337 sunt

1805 4348 2031 4415 affecti,
2076 4354 2272 4421 quibus
2320 4357 2577 4427 injuriam
2615 4362 2923 4419 inferebant
2962 4367 3065 4435 piae
3101 4368 3377 4439 religionis

1806 4441 2122 4498 adversarii.
2175 4445 2237 4501 Hi
2287 4446 2609 4507 benedicent
2658 4453 2754 4508 tibi
2803 4455 2855 4509 in
2895 4457 3135 4514 Ecclesia
3180 4469 3270 4515 tua
3316 4462 3374 4519 in

1732 4530 1779 4586 D
1802 4533 1969 4588 variis
1997 4535 2120 4590 vitae
2164 4537 2425 4596 institutis
2456 4553 2759 4612 versantes,
2803 4562 2870 4603 ac
2904 4546 3029 4617 jure
3056 4552 3253 4609 merito
3280 4552 3373 4610 be-

197 4749 217 4782 σ
273 4728 494 4799 Ἑγένου
537 4727 649 4800 γὰρ
691 4729 843 4802 πάσῃ
898 4727 1051 4799 πόλει
1085 4729 1313 4799 ταπεινῇ
1357 4725 1571 4799 βοηθὸς,
1602 4728 1696 4781 καὶ

1797 4625 2070 4682 nedicent.

1872 4716 2039 4771 Vens.
2071 4716 2126 4771 ι.
2183 4737 2203 4769 ι
2228 4716 2398 4776 Fuisti
2430 4724 2575 4778 enim
2603 4727 2751 4782 omni
2787 4728 2996 4785 civitati
3042 4730 3234 4790 humili
3277 4736 3373 4790 ad-

121 4826 234 4888 τοίς
266 4822 589 4893 ἀθυμήσασι
631 4820 697 4875 δι’
728 4821 937 4875 ἔνδειαν
988 4819 1166 4891 σκέπη
1197 4836 1212 4851 ·
1256 4819 1370 4874 ἀπὸ
1395 4818 1698 4891 ἀνθρώπων

1831 4819 1965 4877 ator,
2020 4819 2077 4864 et
2128 4811 2375 4869 tristibus
2423 4828 2643 4887 propter
2688 4819 2925 4891 inopiam
2973 4829 3262 4896 protectio,
3302 4830 3369 4884 ab

124 4914 378 4988 qupé'w
404 4912 547 4987 ῥύσῃ
571 4911 766 4978 αὐτούς
784 4929 798 4943 ’
832 4914 1006 4983 σκέπη
1029 4910 1326 4981 διψὼνεαυν,
1362 4911 1455 4965 καὶ
1482 4910 1697 4981 πνεῦμα
1734 4954 1737 4957 γ

904 5019 924 5053 ι

192 5200 216 5234 e
250 5176 625 5250 Εὑλογήσουσί
650 5194 731 5245 σε,
757 5176 833 5241 ὡς
858 5174 1135 5249 ἄνθρωποι
1162 5175 1422 5245 διψῶντες
1445 5178 1502 5229 ἐν
1524 5174 1692 5229 Σιών·

118 5275 198 5328 ὅτι
231 5271 605 5348 pira-natam
646 5268 758 5323 ἀπὸ
800 5268 1104 5343 ἀνθρώπων
1144 5266 1376 5332 ἀσεϐῶν,
1416 5264 1507 5348 Δοἷς
1551 5269 1697 5340 ἡμᾶς
1740 5258 1743 5262 ’

118 5344 465 5438 πρωϊ-αις.
499 5381 519 5414 ι
556 5362 779 5418 mare
824 5356 965 5433 ἦσαν
996 5361 1242 5416 ταπεινοὶ
1267 5361 1359 5414 καὶ
1403 5344 1465 5441 ἐν
1486 5360 1694 5432 ἀθυμία

118 5458 209 5512 καὶ
262 5460 325 5512 ἐν
376 5456 554 5527 ἐνδείᾳ
599 5455 779 5527 πάσης
823 5454 1033 5526 τρυφῆς
1081 5451 1282 5525 μεταξὺ
1331 5452 1438 5507 τῶν
1472 5452 1688 5522 φαύλων

118 5549 600 5620 ἀναστρεφόμενοι,
635 5548 698 5599 σὺ
728 5546 914 5601 αὐτῶν
950 5542 1092 5617 ἦσθα
1121 5544 1313 5617 βοηθὸς
1342 5546 1436 5599 καὶ
1462 5545 1637 5615 σκέπη
1658 5563 1671 5576 ο

180 5733 234 5773 ⁸³
257 5735 449 5792 Matth.
482 5748 610 5793 xxv,
648 5732 737 5786 54.
814 5730 857 5761 ⁸⁵
885 5729 1081 5798 Ερὶιειο
1103 5728 1217 5800 ιιι,
1247 5731 1297 5785 5.

166 5808 177 5813 ’
438 5827 714 5890 ΡΑτιιοι..
747 5823 862 5884 Gn.
892 5822 1122 5886 xxn'.

1800 4900 2110 4957 hominibus
2158 4904 2316 4961 malis
2368 4905 2621 4966 liberabis
2672 4926 2768 4969 eos
2809 4931 2825 4969 :
2864 4916 3239 4975 umbraculum
3288 4921 3368 4976 si-

1801 4993 2091 5060 tientium,
2148 5006 2206 5053 et
2254 4999 2483 5070 spirltus
2530 5002 2806 5061 hominum
2852 5006 3105 5077 injuriam
3152 5011 3366 5082 patien-

1799 5084 1953 5139 tium.
1988 5104 2007 5136 ι

1868 5173 2035 5234 Vens.
2064 5176 2119 5232 5.
2161 5196 2182 5229 ι
2207 5174 2541 5235 Benedicent
2569 5182 2693 5249 tibi,
2713 5185 2869 5254 quasi
2899 5185 3152 5243 homines
3174 5183 3365 5243 sitien-

1798 5275 1879 5323 tes
1913 5268 1967 5323 in
2005 5266 2157 5334 Sion,
2210 5272 2340 5342 quia
2387 5270 2648 5329 liberabis
2682 5290 2777 5332 eos
2812 5278 2877 5332 ab
2912 5279 3226 5335 hominibus
3266 5279 3341 5336 im

1794 5358 1921 5428 piis,
1955 5359 2157 5430 quibus
2185 5375 2284 5416 nos
2315 5359 2604 5419 tradidisti.
2633 5383 2653 5417 ι
2691 5364 2824 5420 Cum
2858 5376 3036 5422 autem
3064 5379 3249 5425 essent
3282 5369 3363 5425 af-

1798 5449 1928 5508 ﬂicti
1960 5453 2283 5524 mwstique,
2326 5464 2489 5526 atque
2533 5457 2711 5514 omnis
2747 5458 3043 5528 voluptatis
3086 5473 3359 5528 expertes,

1793 5545 1846 5599 in
1883 5543 2064 5601 medio
2095 5544 2462 5617 improborum
2495 5558 2779 5607 versantes
2859 5552 2917 5607 tu"
2966 5552 3099 5619 ipsis
3149 5552 3357 5621 adjutot

3004 5826 3046 5887 9
