3862 6210
413 316 514 372 267

1083 311 1353 370 EUSEBII
1391 309 1866 370 CESARIENSIS
1902 309 2054 369 OPP.
2094 311 2273 368 PARS
2309 310 2398 369 Ill.
2438 342 2506 353 -—
2542 309 2960 370 EXEGETICA.

3569 294 3679 370 eos

413 446 472 495 et
497 438 864 506 legumentum
896 443 1024 487 eras
1057 443 1074 484 :
1109 431 1221 486 imo
1247 429 1413 485 etiam
1455 428 1562 483 illis
1597 434 1727 482 tunc
1760 424 1996 483 sitienti-

2114 425 2232 480 ιλλὰ
2264 426 2360 480 καὶ
2403 425 2693 496 διψώντων
2720 428 2840 480 κατ’
2874 427 3063 480 ἐκεῖνό
3080 427 3270 498 καιροῦ
3287 431 3309 492 ”,
3363 428 3442 493 ὼς
3475 422 3679 499 λέγειν,

414 531 539 595 bus,
582 543 647 583 ac
696 524 1020 589 dicentibus,
1069 542 1089 576 ι
1121 522 1310 579 Sitivit
1353 522 1531 577 anima
1574 535 1695 576 mea
1730 522 1796 575 ad
1824 519 1995 575 Deum

415 616 611 671 fortem
658 622 715 668 et
747 612 1042 675 viventem,
1074 629 1092 663 ι
1149 618 1204 665 ιιι
1241 610 1365 665 item
1414 609 1536 665 fons
1578 624 1735 675 eras,
1769 611 1861 680 qui
1904 624 1999 666 eos

418 706 598 763 sancti
628 704 863 776 Spiritus
911 703 1065 758 aiveo
1119 701 1483 773 refrigerabas
1536 711 1700 772 atque
1745 705 1996 773 potabas,

415 815 481 857 ac
507 815 603 856 eos
627 798 811 853 animo
838 796 1151 852 deﬁcientes
1181 795 1491 859 recreabas,
1516 796 1774 866 ipsosque
1796 795 1999 851 virtute

414 890 684 959 unigeniti
720 888 882 945 Verbi
937 889 1011 943 tui
1053 888 1425 943 confortahas.
1476 886 1555 943 Ne
1614 902 1744 943 vero
1772 887 1886 944 haec
1930 890 2000 943 de

417 997 477 1038 se
524 982 669 1038 dicta
723 983 891 1038 fuisse
937 981 1344 1051 suspicarentur
1397 979 1608 1045 Judmi,
1662 978 1888 1037 effusam
1943 982 1997 1036 in

418 1086 613 1128 omnes
664 1081 857 1141 gentes
905 1071 1108 1128 Christi
1164 1070 1398 1143 gratiam
1452 1072 1758 1129 necessario
1813 1072 2001 1128 adiicit

417 1167 508 1224 his
537 1166 718 1223 verbis
749 1183 762 1221 :

490 1346 661 1402 Vens.
693 1345 746 1401 6.
790 1363 809 1397 ι
838 1346 908 1401 Ει
951 1345 1115 1400 faciet
1156 1345 1419 1402 Dominus
1445 1343 1703 1401 Sabaoth
1748 1344 2001 1400 omnibus

419 1441 673 1510 gentibus
705 1440 758 1493 in
794 1446 979 1494 monte
1013 1440 1135 1495 hoc.
1170 1459 1188 1494 ι
1230 1440 1370 1506 Quid
1400 1454 1531 1495 vero
1560 1439 1765 1494 faciet?
1798 1438 2004 1494 Secun-

419 1533 546 1588 dum
590 1532 826 1601 reliquos
872 1531 1089 1601 quidem
1120 1531 1465 1601 interpretes,
1502 1550 1522 1584 ι
1562 1542 1812 1603 potum,»
1861 1532 2004 1587 dici-

422 1634 546 1693 tur;
597 1626 893 1682 secundum
934 1634 1112 1681 autem
1141 1623 1308 1690 LXX,
1349 1643 1368 1677 ι
1390 1625 1608 1692 Bibent,
1642 1625 1837 1694 inquit,
1868 1625 2004 1680 lasti-

419 1718 579 1784 tiam,
621 1717 807 1772 bibent
838 1716 1047 1770 vinum.
1075 1735 1094 1768 ι
1139 1715 1457 1770 Convivium
1489 1731 1619 1787 ergo
1648 1731 1752 1769 non
1792 1714 2000 1781 lsraeli,

2103 538 2122 571 ι
2172 518 2455 591 Ἐδίψησεν
2484 519 2692 590 ἡψυχὴ
2728 535 2828 590 μου
2869 518 3006 590 πρὸς
3033 518 3125 573 τὸν
3169 519 3302 573 Θεὸν
3331 520 3424 575 τὸν
3462 522 3681 595 ίσχυρδν

2096 612 2192 665 καὶ
2221 609 2419 675 ζῶντα,
2460 630 2478 662 ι
2519 611 2585 663 σὺ
2618 609 2781 665 πάλιν
2807 606 2952 682 ἦσθα
2973 610 3145 682 πηγὴ,
3193 611 3455 685 δροσίζων
3482 613 3683 678 αὐτοὺς

2097 704 2194 756 καὶ
2214 701 2448 767 ποτίζων
2478 704 2546 773 τῇ
2571 700 2667 755 τοῦ
2691 702 2849 770 ἁγίου
2879 701 3195 772 Πνεύματος
3214 704 3469 777 ὲπιρῤοῇ,
3493 704 3593 758 καί¹
3619 706 3685 758 σὺ

2098 795 2197 867 τῆς
2230 793 2578 866 ὀλιγοψυχίας
2622 794 2819 859 αὐτοὺς
2877 795 3123 861 ἀνεκτῶ,
3173 796 3438 868 ἐνισχύων
3484 798 3687 860 αὐτοὺς

2098 891 2164 961 τῇ
2198 889 2423 959 δυνάμει
2468 887 2563 942 τοῦ
2614 887 2937 959 μονογενοῦς
2986 905 3082 941 σου
3117 889 3316 958 Λόγου,
3352 891 3471 943 Ἵνα
3515 890 3574 943 δὲ
3611 889 3689 961 μὴ

2102 982 2230 1053 περὶ
2259 980 2437 1035 αὐτῶν
2488 978 2660 1033 ταῦτα
2694 979 2950 1049 λέγεσθαι
3003 979 3349 1035 ὑπολάϐωσιν
3411 981 3690 1035 Ἰουδαίων

2101 1075 2309 1137 παῖδες,
2363 1072 2676 1142 ἀναγκαίως
2699 1072 2800 1145 τὴν
2837 1074 2918 1136 είς
2947 1072 3127 1126 πάντα
3169 1073 3236 1127 τά
3268 1072 3395 1144 ἔθνη
3428 1073 3692 1143 χυθεῖσαν

2099 1164 2193 1218 τοῦ
2215 1162 2451 1235 Χριστοῦ
2482 1164 2645 1235 χάριν
2675 1164 2927 1235 ἐπιφέρει
2958 1163 3169 1233 λέγων·

2178 1364 2198 1397 ι
2234 1345 2344 1399 Καὶ
2381 1345 2597 1417 ποιήσει
2624 1346 2653 1399 6
2682 1345 2888 1417 Κύριος
2922 1343 3149 1398 Σαϐαὼθ
3190 1345 3323 1398 πᾶσι
3360 1346 3475 1408 τοῖς
3509 1343 3693 1398 ἔθνεσι

2101 1436 2193 1490 ἐπὶ
2221 1437 2281 1489 τὸ
2306 1437 2432 1509 ὄρος
2453 1437 2631 1490 τοῦτο.
2672 1452 2693 1488 ι
2748 1437 2813 1490 Τί
2857 1436 2916 1490 δὲ
2957 1437 3208 1508 ποιήσει;
3252 1435 3393 1489 κατὰ
3437 1436 3537 1507 μὲν
3561 1437 3694 1500 τοὺς

2101 1529 2319 1594 λοιποὺς
2342 1530 2707 1601 ὲρμηνευτὰς,
2761 1549 2781 1582 ι
2820 1529 3004 1593 πότον,
3037 1547 3057 1582 ι
3104 1528 3230 1601 ἑξῆς
3262 1529 3510 1600 εἴρηταιο
3548 1527 3697 1582 κατὰ

2101 1620 2158 1674 δὲ
2197 1622 2324 1685 τοὺς
2361 1621 2783 1693 Ἐϐδομήκοντα,
2823 1640 2841 1673 ι
2878 1621 3122 1688 Πίονται,
3160 1639 3179 1671 ι
3217 1621 3411 1691 φησὶν,
3444 1638 3464 1671 ι
3503 1622 3696 1693 εὐφρο-

2108 1712 2298 1784 σύνην,
2323 1714 2546 1767 ’πίονται
2572 1709 2735 1768 οῐνον.
2774 1732 2792 1764 ι
2839 1712 3148 1784 Συμπόσιον
3172 1712 3352 1765 τοίνυν
3373 1713 3437 1766 οὐ
3468 1711 3547 1783 τῷ
3584 1713 3698 1766 Ἰσ-

428 1824 608 1879 neque
632 1808 861 1865 Judaico
893 1807 1109 1879 populo,
1162 1808 1256 1863 sed
1287 1806 1538 1863 omnibus
1556 1783 1816 1878 gentibus
1844 1822 2005 1877 para-

2114 1783 2272 1876 ραὴλ,
2311 1805 2431 1857 οὐδὲ
2478 1804 2558 1875 τῷ
2614 1804 2887 1858 Ἰουδαίων
2933 1802 3069 1874 λαῷ,
3118 1805 3252 1858 πᾶσι
3289 1804 3347 1857 δὲ
3369 1806 3484 1868 τοῖς
3515 1802 3699 1857 ἔθνεσι

422 1911 602 1957 turum
627 1916 749 1957 esse
771 1901 1055 1955 Dominum
1076 1900 1422 1965 vaticinatur,
1449 1916 1554 1955 nou
1582 1900 1633 1953 in
1650 1899 2003 1962 convallibus,

419 2009 527 2050 non
563 1994 616 2048 in
645 1993 894 2065 planitie,
928 1993 1022 2048 sed
1069 2007 1245 2061 neque
1280 1992 1462 2047 multis
1495 1994 1550 2047 in
1584 1995 1874 2058 montibus,
1913 2008 2008 2046 ne-

418 2100 529 2157 que
559 2086 611 2140 in
654 2086 762 2141 alio
799 2086 993 2155 quovis
1047 2093 1252 2149 monte,
1280 2085 1376 2140 sed
1411 2085 1463 2139 in
1496 2086 1608 2153 illo,
1639 2100 1798 2155 quem
1833 2088 2007 2153 expli-

419 2195 552 2236 cans
580 2180 818 2247 dicebat,
856 2198 875 2230 ι
899 2180 1166 2247 Quoniam
1202 2178 1450 2248 regnabit
1483 2178 1744 2233 Dominus
1775 2179 1827 2233 in
1854 2195 2009 2233 mou-

418 2272 588 2338 tibus,
631 2281 685 2327 et
727 2271 782 2326 in
821 2280 1115 2341 conspectu
1147 2272 1422 2327 seniorum
1475 2286 1695 2325 suorum
1740 2271 2007 2343 gloriﬁca-

417 2365 586 2423 bitur.
612 2384 633 2417 ι
674 2364 810 2420 Nam
846 2364 899 2419 in
941 2373 1123 2420 monte
1168 2365 1319 2434 regni
1365 2366 1472 2431 sui,
1520 2363 1577 2419 in
1620 2378 1729 2433 quo
1777 2365 2006 2435 gloriam

419 2474 575 2514 suam
619 2456 928 2513 senioribus
964 2456 1078 2512 suis
1118 2456 1407 2526 prmbehit,
1450 2471 1513 2512 ac
1544 2457 1794 2526 gentibus
1821 2460 2007 2512 convi-

418 2549 567 2603 vium
626 2548 932 2618 apparabit,
985 2544 1413 2601 immortalitatis
1465 2554 1649 2615 potum
1700 2546 1832 2616 ipsis
1865 2547 2008 2603 elar-

419 2640 617 2709 gietur.
657 2639 813 2694 Hunc
861 2654 992 2693 vero
1043 2647 1281 2693 montem
1326 2636 1566 2705 explicat
1604 2636 1895 2708 Apostolus
1928 2638 2010 2692 di-

419 2748 549 2789 cens
577 2733 637 2798 ιε,
680 2751 698 2785 ι
731 2731 1052 2788 Accessistis
1094 2730 1161 2784 ad
1193 2728 1321 2784 Siou
1356 2739 1618 2795 montem,
1646 2737 1702 2786 et
1732 2729 2006 2785 civitatem

419 2823 515 2879 Dei
561 2823 839 2886 viventis,
887 2819 1190 2876 Jerusalem
1252 2820 1553 2884 caelestem,
1608 2830 1666 2874 et
1713 2820 2005 2875 multorum

420 2915 655 2973 millium
700 2914 1018 2986 angelorum
1061 2911 1443 2982 frequentiam,
1474 2920 1529 2966 et
1558 2910 1856 2967 Ecclesiam
1896 2915 2009 2982 pri-

419 3007 758 3073 mitivorum,
785 3005 876 3075 qui
907 3003 1164 3073 descripti
1200 3011 1329 3057 sunt
1360 3003 1413 3057 in
1442 3003 1616 3061 cmlis.
1644 3024 1663 3057 2
1700 3003 1814 3060 Hoc
1847 3005 2009 3076 igitur

420 3097 622 3154 inloco
648 3096 953 3161 constituti,
990 3111 1098 3152 non
1130 3094 1321 3159 lsrael,
1366 3096 1461 3152 sed
1488 3105 1753 3165 quotquot.
1777 3111 1844 3152 ex
1872 3112 2005 3167 gen-
2034 3135 2077 3194 Ο

421 3193 569 3248 tibus
594 3190 849 3246 omnibus
887 3188 1349 3260 promissionibus
1380 3187 1589 3260 dignati
1619 3199 1786 3254 sunt,
1818 3188 2007 3245 bibent

421 3283 695 3351 laetitiam,
725 3282 914 3340 bibent
952 3283 1080 3337 item
1113 3280 1243 3337 illud
1279 3296 1347 3336 ex
1376 3295 1507 3335 vera
1538 3282 1649 3336 vite
1686 3295 2005 3352 expressum

422 3376 633 3444 viuum,
673 3376 741 3431 de
787 3390 898 3447 quo
948 3374 1201 3431 Salvator
1244 3374 1340 3440 ait,
1392 3392 1413 3425 ο
1442 3373 1558 3429 Νοη
1604 3375 1789 3445 utique
1826 3376 2006 3431 bibam

421 3466 576 3533 illud,
615 3466 789 3521 donec
817 3465 999 3521 bibam
1027 3464 1159 3520 illud
1192 3476 1395 3518 novum
1431 3460 1713 3518 vobiscum
1746 3462 1802 3516 in
1840 3476 2008 3533 regno

424 3559 689 3615 caelorum
719 3559 785 3613 ¹⁸.
816 3577 834 3610 ι

495 3736 668 3795 Vsus.
706 3740 761 3793 7.
821 3757 841 3791 ι
874 3738 1157 3809 Ungentur
1209 3747 1489 3809 unguento
1548 3737 1601 3792 in
1656 3747 1839 3792 monte
1884 3737 2007 3792 hoc.

422 3826 605 3883 Trade
637 3829 821 3883 omnia
869 3829 986 3884 haec
1014 3827 1274 3897 gentibus
1311 3844 1326 3882 :
1378 3828 1665 3885 consilium
1710 3827 1855 3882 enim
1906 3828 2012 3881 hoc

426 3936 591 3990 super
636 3934 831 3975 omnes
874 3930 1081 3991 gentes.
1114 3939 1133 3973 ι
1197 3920 1399 3976 ﬂorum
1444 3934 1612 3991 porro
1660 3920 1928 3989 imagines
1958 3928 2014 3973 et

424 4013 669 4084 symbola
700 4013 754 4067 in
793 4014 1070 4083 mysteriis
1117 4014 1244 4066 novi
1286 4012 1617 4067 Testamenti
1674 4026 1771 4083 per
1820 4012 2015 4082 mysti-

424 4121 549 4160 cum
580 4107 823 4161 chrisma
850 4115 906 4161 et
933 4106 1223 4161 salutarem
1255 4106 1575 4175 sanguinem
1612 4106 1768 4160 nobis
1791 4104 2012 4158 tradidit

424 4199 771 4270 evangelicus
799 4214 1011 4263 sermo;
1043 4206 1102 4253 ut
1138 4197 1191 4252 in
1232 4197 1317 4252 his
1349 4198 1584 4268 probati,
1618 4198 1784 4252 etiam
1825 4196 2013 4252 melio-

426 4308 548 4347 rum
608 4291 901 4362 participes
954 4290 1174 4346 simus:
1212 4292 1412 4345 etenim
1464 4289 1628 4347 Israel
1686 4291 1773 4345 his
1820 4290 2012 4359 dignus

424 4396 536 4436 non
593 4392 700 4436 est.
761 4381 1231 4448 Quemadmodum
1288 4391 1473 4436 autem
1529 4381 1653 4450 quis
1708 4381 2011 4449 depositum

2110 1898 2554 1969 παρασκευάσειν
2586 1896 2677 1951 τὸν
2721 1896 2927 1969 Κύριον
2958 1897 3016 1949 tv
3047 1895 3260 1960 τούτοις
3299 1895 3565 1961 θεσπίζει,
3594 1895 3700 1949 οὐκ

2108 1992 2165 2044 tv
2194 1989 2549 2060 κοιλώμασιν,
2589 1989 2711 2042 οὐδὲ
2740 1991 2799 2043 tv
2831 1987 3283 2059 <pdpay€w,.065t
3315 1990 3373 2042 tv
3407 1988 3662 2043 πεδιάσιν
3683 2003 3700 2017 ’

2106 2082 2221 2136 ἀλλ’
2277 2083 2398 2136 οὐδὲ
2450 2084 2507 2134 tv
2564 2081 2778 2145 πολλοῖς
2821 2083 3026 2153 ὄρεσιν,
3077 2079 3187 2134 οὐδ’
3216 2081 3294 2144 ὡς
3341 2080 3530 2151 ἔτυχεν
3578 2079 3702 2143 ἐνὸς

2106 2175 2293 2244 ὄρους’
2324 2175 2438 2228 ἀλλ’
2487 2177 2546 2227 tv
2590 2175 2803 2245 ἐκείνῳ,
2832 2175 2968 2246 ὅπερ
2988 2173 3202 2238 δεικνὺς
3242 2173 3464 2242 ἔλεγεν
3506 2192 3524 2225 ι
3572 2173 3704 2227 Ὅτι

2109 2265 2418 2337 βασιλεύσει
2454 2266 2659 2339 Κύριος
2692 2268 2750 2319 tv
2786 2266 2963 2338 ὄρεσι,
3010 2267 3104 2320 καὶ
3151 2264 3384 2320 ἐνώπιον
3416 2265 3526 2319 τῶν
3559 2282 3704 2337 πρε-

2108 2357 2387 2430 σϐυτέρων
2420 2356 2588 2411 αὐτοῦ
2630 2356 3043 2427 δοξασθήσεται.
3086 2374 3105 2407 ι
3156 2357 3244 2410 Ἐν
3295 2354 3404 2428 γάρ
3443 2340 3529 2426 ’τῷ
3580 2355 3705 2427 ὄρει

2105 2452 2203 2519 τῆς
2232 2448 2425 2502 ἑαυτοῦ
2460 2447 2756 2518 βασιλείας,
2783 2448 2841 2499 ὲν
2866 2438 2913 2514 ᾧ
2939 2446 3033 2499 καὶ
3060 2444 3158 2516 τὴν
3180 2441 3337 2508 δόξαν
3359 2440 3556 2496 ἑαυτοῦ
3587 2444 3705 2505 τοῖς

2107 2537 2300 2591 ἑαυτοῦ
2353 2536 2749 2609 πρεσϐυτέροις
2791 2535 3043 2608 παρέξει,
3101 2535 3196 2589 καὶ
3249 2537 3361 2597 τοῖς
3412 2533 3591 2587 ἔθνεσι
3638 2533 3707 2587 τὸ

2110 2631 2413 2702 συμπόσιον
2447 2628 2903 2700 παρασκευάσας,
2939 2627 3001 2681 τὸ
3035 2626 3136 2699 τῆς
3169 2624 3471 2689 ἀθανασίας
3511 2625 3708 2690 αὐτοῖς

2108 2722 2271 2775 ποτὸν
2298 2722 2621 2793 δωρήσεται.
2656 2719 2963 2791 Παρίστησι
2987 2719 3044 2773 δὲ
3069 2718 3133 2772 τὸ
3155 2718 3283 2791 ὄρος
3305 2719 3336 2770 6
3374 2717 3707 2782 Ἀπόστολος

2107 2812 2308 2868 είπών·
2337 2833 2356 2866 ι
2382 2812 2833 2886 Προσεληλύθατε
2878 2811 3017 2866 Σιὼν
3061 2812 3176 2884 ὄρει
3199 2850 3215 2876 ,
3251 2810 3347 2865 καὶ
3378 2809 3530 2865 πόλει
3558 2810 3704 2864 Θεοῦ

2110 2903 2311 2969 ζῶντος
2350 2902 2708 2976 Ἰερουσαλὴμ
2736 2902 3067 2973 ἐπουρανίῳ,
3115 2901 3210 2955 καὶ
3249 2901 3504 2974 μυριάσιν
3532 2900 3718 2970 ἀγγέ-

2108 2995 2216 3049 λων
2272 2995 2603 3069 πανηγύρει,
2648 2998 2747 3050 καὶ
2793 2994 3092 3067 Ἐκκλησία
3143 2995 3510 3069 πρωτοτόκων
3557 2995 3705 3048 ἀπο-

2110 3090 2519 3162 γεγραμμένων
2565 3090 2624 3144 ὲν
2669 3090 2941 3161 οὐρανοῖς.
3012 3107 3031 3140 ι
3096 3086 3363 3143 Ἐνταῦθα
3399 3088 3578 3142 τοίνυν
3608 3104 3709 3157 γε·

2109 3182 2346 3254 νόμενοι,
2370 3184 2473 3253 οὐχ
2491 3183 2519 3234 6
2555 3182 2797 3254 Ἰσραὴλ,
2826 3182 2940 3235 ἀλλ’
2965 3181 3015 3235 oi
3040 3179 3102 3245 ἐξ
3120 3180 3374 3236 ἁπάντων
3397 3181 3508 3237 τῶν
3530 3181 3709 3236 ἐθνῶν

2112 3274 2529 3346 καταξιούμενοι
2560 3274 2671 3328 τῶν
2706 3273 3047 3343 ἐπαγγελιῶν
3080 3273 3295 3327 πίονται
3328 3272 3704 3346 εὐφροσύνην,

2114 3369 2208 3422 καὶ
2241 3367 2452 3421 πίονται
2478 3367 2568 3420 τὸν
2598 3367 2663 3420 ἐκ
2687 3366 2786 3437 τῆς
2814 3365 3072 3437 ἀληθινῆς
3098 3365 3348 3437 ἀμπέλου
3378 3361 3545 3429 οῐνον,
3573 3367 3710 3439 περὶ

2113 3454 2173 3515 οὗ
2201 3463 2228 3513 6
2260 3460 2453 3531 Σωτὴρ
2480 3459 2633 3527 ἔλεγε
2658 3476 2671 3488 ·
2717 3478 2735 3510 ι
2778 3458 2856 3512 Οὐ
2884 3457 2990 3529 μὴν
3017 3457 3129 3511 πίω
3159 3456 3342 3523 αὐτὸν,
3369 3457 3476 3522 ἓως
3504 3457 3572 3512 ἂν
3592 3459 3712 3513 πίω

2114 3549 2281 3602 αὐτὸν
2329 3548 2513 3603 καινὸν
2554 3548 2673 3620 μεθ’
2718 3546 2875 3620 ὑμῶν
2915 3548 2975 3603 tv
3006 3552 3072 3621 τῇ
3125 3547 3370 3619 βασιλείᾳ
3400 3548 3508 3602 τῶν
3538 3548 3713 3620 ούρα-

2115 3658 2240 3693 νων.
2282 3658 2298 3690 ι

2189 3753 2206 3785 ι
2250 3732 2544 3804 Χρίσονται
2590 3731 2759 3804 μύρον
2805 3734 2864 3786 tv
2914 3731 2994 3803 τῷ
3045 3731 3163 3805 ὄρει
3209 3731 3405 3802 τούτῳ.
3456 3732 3711 3803 Παράδος

2114 3825 2290 3882 ταῦτα
2333 3827 2512 3880 πάντα
2548 3828 2659 3889 τοῖς
2694 3824 2905 3879 ἔθνεσιν
2932 3839 2947 3854 ⁸
2987 3826 3021 3896 ἡ
3075 3823 3186 3897 γάρ
3217 3825 3380 3897 βουλὴ
3424 3822 3565 3895 αῦτη
3612 3825 3715 3877 ἐπὶ

2118 3920 2298 3974 πάντα
2329 3918 2399 3972 τὰ
2430 3918 2580 3989 ἔθνη.
2625 3936 2644 3969 ι
2680 3916 2899 3972 Τούτων
2924 3916 2983 3971 δὲ
3011 3916 3227 3980 εἰκόνας
3258 3918 3395 3988 ἡμῖν
3429 3914 3525 3968 καὶ
3562 3914 3712 3986 σύμ-

2116 4009 2248 4063 ϐολα
2273 4010 2331 4062 tv
2361 4012 2475 4072 τοῖς
2512 4008 2837 4080 μυστηρίοις
2856 4008 2956 4079 τῆς
2985 4010 3181 4079 καινῆς
3208 4005 3482 4077 Διαθήκης
3499 4005 3589 4063 διὰ
3610 4005 3713 4059 τοῦ

2120 4103 2384 4175 μυστικοῦ
2428 4103 2729 4173 χρίσματος
2785 4103 2880 4156 καὶ
2934 4101 3028 4155 τοῦ
3077 4101 3347 4173 σωτηρίου
3398 4099 3631 4170 αἵματος
3681 4102 3714 4153 6

2117 4196 2473 4265 εὐαγγελικὸς
2505 4195 2864 4267 παραδέδωκε
2898 4194 3055 4264 λόγος
3090 4212 3103 4225 ·
3136 4196 3245 4263 ἵνα,
3286 4196 3347 4249 tv
3379 4194 3584 4258 τούτοις
3616 4194 3712 4249 δο-

2117 4288 2499 4360 κιμασθέντες,
2546 4288 2775 4341 καὶτῶν
2811 4288 3136 4360 κρειττόνων
3181 4286 3578 4358 μεταλάϐωμεν
3605 4301 3626 4319 ο
3682 4289 3715 4340 ὁ

2116 4382 2227 4453 γὰρ
2269 4380 2487 4453 Ἰσραὴλ
2523 4382 2627 4435 οὐκ
2652 4379 2803 4445 ἄξιος
2830 4380 3054 4434 τούτων.
3092 4380 3305 4453 Ὠσπερ
3335 4380 3392 4434 δέ
3426 4398 3509 4444 τις
3536 4397 3717 4451 παρα-

426 4489 548 4529 cum
604 4487 855 4528 mensura
921 4474 1120 4542 tradit,
1176 4476 1293 4539 sic,
1350 4475 1548 4543 inquit,
1599 4474 1885 4543 mysticum
1941 4474 2007 4526 de

2114 4474 2426 4546 καταθήκην
2458 4476 2516 4527 tv
2536 4474 2718 4546 μέτρῳ
2741 4473 3093 4545 παραδίδωσι,
3108 4473 3273 4538 οὕτω,
3299 4473 3452 4543 φησὶ,
3468 4473 3561 4526 τὸν
3576 4472 3717 4545 περὶ

424 4565 700 4635 praedictis
757 4567 922 4620 rebus
978 4579 1288 4620 sermonem
1363 4569 1515 4619 trade
1576 4564 1827 4618 omnibus
1881 4576 2014 4631 geu-

428 4658 574 4711 tibus
631 4670 647 4710 :
706 4673 832 4713 nam
898 4659 1004 4715 hoc
1063 4658 1354 4728 consilium
1416 4670 1582 4727 super
1633 4670 1824 4710 onmes
1878 4669 2006 4725 gen-

426 4756 508 4804 tes
538 4758 639 4803 est.

498 4839 662 4898 Vsus.
693 4842 745 4897 8.
787 4861 807 4894 ι
830 4844 1117 4913 Absorpsit
1155 4857 1304 4896 mors
1339 4841 1639 4913 praevalens
1662 4880 1677 4905 ,
1724 4850 1782 4895 et
1824 4854 2013 4894 rursus

422 4935 649 4990 abstulit
677 4933 821 4989 Deus
851 4950 1071 4995 omnem,
1097 4935 1394 5005 lacrymam
1427 4937 1495 4986 ab
1520 4932 1668 4987 omni
1698 4931 1844 4985 vultu
1878 4951 1891 4986 :
1923 4947 2013 5001 op-

423 5024 711 5093 probrium
762 5024 947 5094 populi
1000 5024 1227 5080 abstulit
1275 5026 1345 5079 ab
1406 5024 1662 5079 universa
1712 5031 1904 5078 terra:
1951 5037 2012 5077 os

423 5116 570 5171 enim
597 5116 813 5171 Domini
845 5117 1085 5172 locutum
1112 5125 1215 5171 est.
1242 5136 1261 5169 ›
1299 5116 1436 5171 Tum
1466 5116 1655 5186 igitur,
1683 5130 1806 5169 cum
1836 5115 2013 5170 sancti

425 5224 530 5263 una
580 5226 703 5264 cum
750 5209 891 5265 Filio
943 5210 1038 5265 Dei
1094 5209 1440 5280 reguabunt,
1494 5209 1608 5277 ipsa
1665 5222 1832 5272 mors,
1894 5195 2014 5276 qua:

425 5302 555 5355 olim
583 5294 916 5372 deglutiebat
946 5317 1041 5357 eos
1061 5343 1075 5369 ,
1104 5304 1326 5360 omnino
1356 5301 1757 5356 absorbehitur.
1787 5300 1894 5355 Pro
1920 5286 2035 5354 illa,

424 5402 633 5460 autem,
663 5394 770 5449 erit
798 5397 994 5451 unctio.
1029 5411 1133 5465 qua
1185 5396 1518 5464 inungentur
1560 5385 1751 5449 omnes
1800 5402 2009 5464 gentes.

425 5483 637 5540 Etenim
669 5489 815 5542 uncti
863 5489 952 5545 illo
983 5476 1281 5558 unguento,
1328 5503 1437 5543 non
1470 5488 1613 5541 ultra
1643 5488 1802 5541 morti
1850 5496 2016 5543 erunt

426 5579 643 5634 obnoxii
669 5620 684 5645 ,
726 5583 824 5637 sed
853 5582 1280 5638 immortalitatis
1313 5592 1367 5637 et
1392 5592 1613 5637 aeternas
1643 5582 1765 5637 vitae
1792 5596 2013 5637 consor-

422 5784 473 5833 l'
526 5781 688 5839 Hebr.
716 5783 942 5871 x1532.
1020 5784 1064 5817 ¹⁶
1088 5782 1278 5842 Matth.
1308 5796 1460 5846 nvi,
1497 5782 1586 5839 29.

2115 4565 2224 4619 τῶν
2269 4565 2571 4638 λεχθέντων
2625 4566 2885 4637 μυστικὸν
2938 4566 3096 4635 λόγον
3140 4565 3381 4637 παράδος
3413 4566 3547 4618 πᾶσι
3592 4568 3715 4629 τοῖς

2118 4659 2294 4714 ἔθνεσι
2324 4678 2336 4691 ’
2367 4663 2462 4715 καὶ
2492 4660 2599 4734 γὰρ
2629 4661 2790 4732 βουλὴ
2821 4660 2960 4731 αῦτη
2990 4660 3084 4713 ἐπὶ
3115 4660 3294 4714 πάντα
3310 4659 3381 4713 τὰ
3411 4657 3574 4745 ἔθνη..

2191 4861 2209 4896 ι
2252 4842 2531 4897 Κατὲπιεν
2550 4844 2579 4894 6
2604 4840 2834 4906 θάνατος
2854 4842 3098 4913 ἰσχύσας,
3116 4840 3211 4894 καὶ
3227 4838 3389 4894 πάλιν
3413 4836 3659 4907 άφεῖλειν
3682 4837 3741 4890 6*

2114 4934 2247 4998 Θεὸς
2271 4936 2381 4989 πᾶν
2405 4935 2639 5004 δάκρυον
2670 4937 2779 4990 ἀπὸ
2801 4935 3001 5000 παντὸς
3031 4932 3326 5007 προσώπου
3350 4947 3365 4961 ·
3400 4930 3462 4984 τὸ
3504 4930 3727 4995 ὄνειδος

2109 5025 2208 5079 τοῦ
2244 5026 2374 5080 λαοῦ
2404 5028 2624 5095 ἀφεῖλεν
2643 5029 2752 5082 ἀπὸ
2777 5028 2959 5099 πάσης
2986 5028 3085 5098 τῆς
3108 5027 3212 5097 γῆς
3238 5042 3252 5056 ’
3284 5020 3349 5078 τὸ
3373 5023 3483 5093 γὰρ
3514 5021 3713 5093 στόμα

2110 5119 2314 5189 Κυρίου
2337 5120 2583 5189 ὲλάλησε.
2612 5138 2630 5170 ι
2653 5120 2785 5173 Τότε
2802 5120 3000 5185 τοίνυν,
3019 5119 3106 5172 ὅτε
3132 5117 3212 5189 τῷ
3244 5117 3361 5188 Υίῷ
3383 5116 3476 5169 τοῦ
3498 5113 3635 5169 Θεοῦ
3657 5114 3714 5169 οἱ

2112 5212 2257 5280 ἅγιοι
2289 5213 2830 5283 συμϐασιλεύσουσιν,
2864 5213 3026 5276 αὐτὸς
3050 5206 3079 5265 ό
3105 5211 3336 5275 θάνατος
3353 5209 3382 5265 6
3411 5208 3581 5263 πάλαι
3607 5210 3713 5263 κα-

2114 5304 2360 5359 ταπίνων
2374 5307 2589 5370 αὐτοὺς,
2612 5307 2829 5370 πάντως
2855 5303 3318 5377 καταποθήσεται.
3337 5303 3481 5356 Ἀντὶ
3501 5301 3559 5356 δὲ
3585 5300 3718 5355 τού-

2119 5414 2214 5450 του
2244 5397 2395 5453 ἔσται
2426 5402 2459 5471 ἡ
2495 5400 2675 5471 χρίσις
2711 5401 2743 5470 ἡ
2776 5398 3109 5471 κεχρισμένη
3140 5401 3220 5461 είς
3250 5378 3426 5451 πάντα
3459 5396 3526 5450 τὰ
3549 5396 3744 5465 ῐθνη.”

2119 5489 2449 5563 Χρισθέντες
2500 5490 2611 5563 γὰρ
2661 5489 3079 5563 τῷεχρίσματι,
3136 5490 3322 5544 οὐκέτι
3387 5490 3715 5560 γενήσονται

2122 5584 2422 5655 ὑποχείριοι
2454 5584 2531 5655 τῷ
2566 5584 2781 5655 θανάτῳ
2803 5602 2815 5615 ο
2854 5576 3152 5649 ἀθανασίας
3176 5584 3233 5638 δὲ
3268 5584 3361 5638 καὶ
3394 5580 3546 5653 ζωῆς
3576 5581 3721 5640 αἰω-
