3862 6210
143 303 262 359 seu:

1069 303 1576 362 COMMENTARIA
1610 305 1680 362 IN
1720 304 1976 359 ISAIAM.
2012 333 2084 347 --
2117 306 2272 360 CAP.
2312 305 2506 362 XXVI.

3312 313 3422 375 ιτα

143 418 258 472 uio»
289 417 643 490 μετέχοντες,
679 419 773 475 τὸν
805 419 1035 476 θάνατον
1057 421 1415 497 ἀνενέργητον
1442 425 1537 480 καὶ
1557 424 1740 496 ὥσπερ

1850 433 1955 491 tes,
1985 434 2217 479 mortem
2248 423 2578 480 imbecillam
2608 433 2660 480 et
2689 425 2844 496 quasi
2869 433 3135 482 mortuam
3166 428 3416 510 reddent,

143 511 339 582 νεκρὸν
361 513 792 582 καταστήσουσι.
838 513 978 567 Ἀλλ’
999 515 1150 586 ὁμῶς
1173 516 1202 567 ό
1231 516 1610 588 φιλάνθρωπος
1631 517 1742 570 τῶν

145 599 458 671 ἀνθρώπων
498 601 716 673 Σωτὴρ,
749 602 1057 674 ῥυσάμενος
1099 602 1196 658 τοῦ
1242 604 1472 660 θανάτου
1504 605 1605 670 τὰς
1631 606 1750 661 τῶν

146 690 459 763 ἀνθρώπων
509 690 713 761 ψυχὰς,
758 693 859 764 τῆς
893 710 956 746 τε
997 693 1258 748 πολυθέου
1291 696 1387 749 καὶ
1422 696 1742 769 δαιμονικῆς

146 784 364 853 πλάνης
407 783 804 856 ἐλευθερώσας,
841 785 1029 854 ἀφεῖλε
1063 788 1172 840 πᾶν
1199 786 1434 859 δάκρυον
1471 788 1582 841 ἀπὸ
1605 805 1742 842 παν-

145 874 233 940 τὸς
285 875 614 948 προσώπου.
680 875 925 940 Ὀνειδος
973 875 1032 931 δὲ
1085 874 1160 949 ῆν
1207 878 1303 932 τοῦ
1361 878 1491 933 λαοῦ
1540 880 1635 934 τοῦ
1681 880 1742 948 ἐξ

143 969 319 1024 ἐθνῶν
379 971 417 1039 ὴ
472 971 800 1042 κρατήσασα
850 970 1033 1023 αὐτῶν
1091 971 1508 1044 εἰδωλολατρεία
1537 990 1551 1002 ·
1605 974 1746 1044 ὅπερ

144 1060 350 1122 ὄνειδος
383 1060 609 1129 ἀφεῖλεν
657 1060 686 1111 ὁ
716 1059 849 1122 Θεὸς
870 1101 882 1119 .
921 1061 1016 1114 καί⁵
1063 1061 1125 1114 τὸ
1162 1062 1255 1116 ἐπὶΙ
1279 1062 1457 1134 τούτῳ
1485 1063 1739 1135 δάκρυον,

145 1152 252 1205 τῶν
285 1151 380 1205 διὰ
403 1152 506 1222 τὴν
530 1151 944 1224 φιλανθρωπίαν
975 1152 1075 1224 τὴν
1103 1152 1212 1208 τῶν
1248 1155 1520 1210 τοσούτων
1555 1155 1742 1227 ψυχῶν

147 1241 606 1312 ἀποκλειομένων
633 1241 928 1295 ἀπώλειαν.
967 1242 1206 1307 Ὀνειδος
1231 1242 1339 1315 γάρ
1367 1239 1435 1315 ἦν
1459 1245 1520 1297 οὐ
1549 1245 1742 1316 μικρὸν

143 1338 256 1398 τοῖς
290 1335 419 1388 κατ’
471 1333 658 1387 εἰκόνα
708 1332 804 1387 τοῦ
857 1333 993 1388 Θεοῦ
1027 1336 1420 1408 πεποιημένοις
1468 1336 1531 1389 τὸ
1580 1338 1744 1390 ἐκπε-

146 1429 261 1479 σεῖν
309 1427 411 1496 τῆς
462 1425 688 1480 αἰωνίου
737 1426 882 1496 ζωῆς
936 1428 1030 1480 καὶ
1082 1426 1300 1497 θανάτῳ
1347 1427 1740 1499 ὑποϐληθῆναι.

155 1517 298 1571 Ἀλλ’
351 1516 657 1588 ἀρθήσεται
707 1517 770 1570 τὸ
817 1517 1037 1583 ὄνειδος,
1076 1517 1172 1570 τοῦ
1205 1519 1302 1589 μὲν
1338 1518 1566 1572 θανάτου
1609 1537 1746 1572 κατ-

143 1609 483 1681 αργηθέντος
552 1610 650 1662 καὶ
687 1607 784 1662 τοῦ
827 1609 1050 1674 σκότους
1093 1609 1520 1678 ἀφανισθέντος·
1556 1610 1656 1681 τῆς
1690 1609 1748 1663 δὲ

156 1702 252 1757 τοῦ
291 1702 535 1776 Χριστοῦ
586 1702 861 1773 βασιλείας
909 1703 1112 1774 αἰωνίῳ
1156 1703 1269 1774 ζωῇ
1309 1703 1743 1775 διαλαμπούσης,

1841 514 2095 589 Attamen
2143 515 2384 572 clemens
2426 515 2520 570 ille
2561 516 2838 573 hominum
2888 517 3180 589 Senator,
3213 523 3417 593 ereptis

1842 619 1871 659 a
1917 615 2090 661 morte
2137 617 2301 672 atque
2349 621 2378 660 a
2425 607 2804 676 superstitioso
2844 617 2900 664 et
2940 610 3203 668 diabolico
3233 615 3415 668 numi~

1842 712 1969 750 num
2018 711 2204 751 errore
2236 696 2486 752 liberatis
2523 697 2806 754 animabus
2837 700 3139 766 hominum,
3187 703 3414 760 abstulit

1841 801 2055 842 omnem
2111 787 2404 859 lacrymam
2444 789 2514 844 ab
2552 790 2699 844 omni
2727 789 2896 846 vultu.
2926 791 3286 862 Opprobrium
3318 810 3417 850 au-

1843 886 1950 932 tem
1996 878 2177 949 populi
2206 893 2275 933 ex
2317 879 2570 950 gentibus
2597 891 2715 936 erat
2759 882 3060 939 idololatria
3096 900 3265 956 penes
3295 887 3422 946 illos

1841 970 2092 1026 obtinens
2128 989 2142 1027 :
2181 972 2324 1044 quod
2357 972 2708 1044 Opprobrium
2745 986 2799 1030 et
2833 975 3097 1047 lacrymas
3136 979 3260 1035 inde
3290 995 3417 1036 con-

1843 1073 2132 1133 sequentes
2165 1065 2391 1120 abstulit
2425 1067 2590 1134 Deus,
2631 1068 2696 1122 iis
2751 1067 2842 1138 qui
2872 1068 2942 1123 ob
2985 1071 3280 1127 humanum
3328 1072 3420 1129 af-

1842 1151 2042 1207 fectum
2092 1155 2397 1211 animarum
2446 1154 2754 1224 hujusmodi
2808 1157 3104 1226 perniciem
3140 1159 3415 1230 lugebant.

1846 1243 1991 1299 Sane
2040 1245 2395 1316 opprobrium
2445 1261 2554 1301 non
2602 1247 2873 1301 modicum
2924 1259 3042 1303 erat
3092 1249 3163 1305 iis
3204 1251 3296 1322 qui
3345 1254 3420 1310 ad

1846 1337 2134 1407 imaginem
2175 1337 2270 1392 Dei
2306 1337 2510 1392 conditi
2557 1347 2758 1403 erant,
2799 1339 2940 1409 quod
2980 1356 3010 1395 a
3057 1341 3168 1396 vita
3214 1351 3419 1402 aeterna

1847 1427 2160 1482 laberentur
2183 1443 2248 1482 ac
2275 1429 2438 1483 morti
2466 1429 2884 1500 subjicerentur.
2921 1431 3028 1487 Sed
3058 1434 3417 1503 Opprobrium

1846 1521 2150 1585 auferetur,
2184 1520 2357 1576 deleta
2389 1531 2584 1588 morte,
2617 1522 2958 1592 tenebrisque
2987 1523 3233 1580 sublatis.
3261 1525 3420 1582 Chri-

1849 1614 1920 1668 Sli
1949 1623 2133 1671 autem
2166 1629 2334 1685 regno
2359 1613 2412 1668 in
2443 1624 2650 1669 aeterna
2683 1615 2789 1668 vita
2821 1613 3080 1686 fulgente,
3110 1615 3202 1672 illo
3231 1616 3420 1673 fruen-

1851 1712 1939 1758 tur
1976 1706 2010 1759 ii
2047 1721 2115 1760 ex
2163 1705 2450 1774 gentibus,
2491 1705 2585 1775 qui
2633 1720 2662 1759 a
2710 1705 2952 1774 pristinis
2994 1707 3210 1776 quidem
3260 1709 3422 1772 malis

146 1794 555 1849 ἀπολαύσουσιν
583 1797 634 1848 οἱ
663 1795 722 1861 ἐξ
750 1795 1004 1849 ἁπάντων
1023 1794 1132 1849 τῶν
1155 1795 1324 1848 ἐθνῶν
1352 1795 1462 1849 τῶν
1487 1795 1586 1866 μὲν
1611 1812 1740 1865 προ-

1846 1796 2016 1866 erepti
2049 1805 2212 1861 sunt,
2249 1805 2306 1852 et
2339 1798 2430 1865 qui
2463 1797 2744 1867 promissis
2769 1796 2866 1852 Dei
2904 1798 3273 1857 donabuntur.

145 1889 328 1960 τέρων
377 1887 818 1959 ἠλευθερωμένοι
877 1888 1086 1953 κακῶν,
1123 1887 1236 1942 τῶν
1290 1888 1350 1942 δέ
1400 1889 1745 1959 ἐπαγγελιῶν

142 1977 281 2032 Θεοῦ
317 1976 630 2049 καταξιωθη
638 1978 877 2048 σόμενοι.

216 2086 236 2118 ι
269 2068 385 2121 Καὶ
413 2065 599 2138 ἐροῦσι
629 2069 697 2138 τῇ
726 2067 908 2139 ἡμέρα
937 2066 1124 2140 ἐκείνῃ
1142 2086 1156 2099 ·
1197 2069 1326 2122 Ἰδοὺ
1373 2069 1402 2121 ὁ
1427 2069 1558 2134 Θεὸς
1586 2069 1743 2141 ἡμῶν

143 2161 230 2229 ἐφ’
264 2153 688 2232 ἠλπίζομεν,
738 2161 832 2215 καὶ
878 2160 1041 2215 σώσει
1089 2164 1260 2236 ἡμᾶς.
1305 2158 1470 2228 Οὗτος
1516 2163 1746 2236 Κύριος,Ι

143 2252 525 2323 ὑπεμείναμεν
557 2251 707 2323 αύτῷ
742 2255 836 2307 καὶ
867 2253 1274 2326 ῆγαλλιώμεθα,
1309 2256 1404 2309 καὶ
1435 2257 1745 2329 εὐφράνθη-

141 2341 358 2412 σόμιθα
397 2342 490 2395 ἐπὶ
519 2344 587 2413 τῇ
622 2342 866 2414 σωτηρίᾳ
908 2343 1087 2414 ἡμῶν.
1131 2345 1460 2399 Ἀνάπαυσιν
1504 2345 1665 2399 δώσει
1714 2349 1744 2400 ό

139 2433 277 2498 Θεὸς
309 2435 405 2488 ἐπὶ
439 2434 503 2488 τὸ
527 2434 654 2506 ὄρος
684 2434 862 2489 τοῦτο.
900 2455 918 2486 ι
941 2436 1361 2502 Καταποθέντος
1391 2438 1486 2492 τοῦ
1508 2437 1742 2493 θανάτου

139 2528 290 2580 κατά
320 2527 415 2580 τὸν
436 2527 538 2596 τῆς
570 2527 920 2593 ἀναστάσεως
965 2529 1177 2600 καιρὸν,
1201 2530 1252 2582 oi.
1285 2528 1380 2582 τοῦ
1403 2527 1523 2582 νέου
1551 2530 1747 2594 αἰῶνος

141 2619 256 2672 υἱοὶ
303 2623 372 2691 τῇ
415 2621 601 2693 ἡμέρᾳ
626 2621 808 2693 ἐκείνῃ
851 2621 1266 2693 εὐχαριστήριον
1309 2621 1529 2692 ᾅσουσιν
1574 2622 1741 2693 ᾠδὴν,

142 2709 390 2783 ὁρῶντες
434 2713 492 2764 ἐν
532 2711 661 2783 δόξῃ
696 2712 786 2765 τὸν
829 2711 1039 2765 ἑαυτῶν
1069 2712 1318 2783 Σωτῆρα,
1362 2711 1458 2765 καὶ
1490 2710 1745 2781 ὲροῦσινε⁵

145 2821 171 2855 c
221 2801 360 2857 Ἰδοὺ
390 2800 421 2852 ὀ
458 2801 592 2866 Θεὸς
619 2801 780 2874 ἡμῶν
828 2803 914 2871 ἐφ’
944 2795 990 2870 ᾦ
1019 2802 1340 2873 ἠλπίζομεν.
1381 2821 1400 2853 ι
1438 2801 1614 2855 Πάλαι
1645 2801 1747 2872 μὲν

137 2894 255 2966 γὰρ
307 2895 470 2948 αὑτὸν
529 2896 598 2948 ἐν
644 2893 855 2948 ἐλπίσιν
910 2894 1162 2966 εἴχομεν,
1224 2894 1571 2958 πιστεύοντες
1622 2896 1744 2958 ταῖς

141 2987 320 3049 θείαις
340 2987 475 3057 περὶ
499 2985 664 3040 αὐτοῦ
693 2985 1065 3049 διδασκαλίαις
1083 3002 1097 3015 ο
1127 2984 1222 3038 νῦν
1247 2984 1302 3036 δὲ
1327 2985 1423 3038 κα)⁸
1443 2984 1743 3055 ὀφθαλμοῖς

1917 2067 2084 2123 Vens.
2113 2069 2168 2133 9,
2198 2067 2290 2124 10.
2327 2086 2346 2122 ι
2369 2069 2436 2124 Ει
2480 2068 2662 2124 dicent
2693 2071 2746 2124 in
2790 2069 2886 2125 illa
2928 2071 3014 2126 die
3037 2112 3053 2137 ,
3097 2071 3238 2130 Ecce
3275 2073 3422 2134 Deus

1846 2170 2050 2226 noster,
2085 2162 2140 2216 in
2184 2175 2290 2230 quo
2333 2162 2724 2232 sperabamus,
2767 2174 2820 2216 et
2868 2161 3100 2218 salvabit
3139 2181 3260 2221 nos.
3309 2165 3420 2223 Iste

1845 2251 2136 2316 Dominus,
2162 2250 2519 2307 sustinuimus
2547 2265 2692 2316 eum,
2725 2259 2779 2305 et
2804 2252 3208 2309 exsultabamus
3235 2264 3291 2309 et
3321 2255 3414 2311 leo

1846 2344 2083 2400 tabimur
2113 2345 2165 2399 in
2197 2344 2374 2401 salute
2417 2354 2626 2400 nostra.
2679 2343 2938 2413 Requiem
2972 2346 3123 2400 dabit
3153 2345 3294 2403 Deus
3322 2363 3400 2404 su-

1845 2450 1944 2508 per
1972 2443 2209 2490 montem
2236 2434 2398 2490 hunc.
2431 2453 2452 2487 ι
2497 2435 2765 2504 Absorpta
2795 2438 3421 2496 mortemesurrectionis

1847 2537 2126 2596 tempore,
2181 2526 2308 2582 novi
2367 2526 2552 2582 saeculi
2603 2527 2697 2581 tilii
2745 2528 2798 2583 in
2844 2527 2934 2582 illa
2986 2529 3076 2584 die
3119 2531 3417 2599 gratiarum

1845 2620 2076 2674 actionis
2113 2618 2389 2673 canticum
2419 2629 2637 2681 canent,
2667 2618 2914 2674 videntes
2943 2619 2994 2674 iu
3020 2619 3194 2689 gloria
3222 2621 3412 2677 Serva:

1849 2717 2018 2763 torem
2049 2723 2208 2762 suum
2227 2747 2242 2774 ,
2273 2715 2328 2764 et
2363 2708 2566 2774 dicent,
2604 2726 2624 2758 ι
2653 2706 2792 2764 Ecce
2813 2709 2959 2765 Deus
2995 2720 3200 2776 noster,
3224 2711 3278 2767 in
3307 2727 3417 2784 qua

1845 2800 2216 2870 sperabamus.
2239 2819 2259 2853 ι
2293 2800 2435 2856 Olim
2464 2815 2698 2869 namque
2739 2800 2912 2870 ipsum
2956 2802 3010 2857 in
3043 2817 3138 2872 spe
3170 2803 3382 2861 habeba

1846 2907 1994 2959 mus,
2029 2891 2290 2948 doctrinae
2317 2892 2493 2962 ipsum
2528 2893 2872 2950 annuntianti
2900 2893 3061 2949 ﬁdem
3110 2895 3417 2964 habentes;

1839 2981 1952 3055 jam
1975 2998 2108 3039 vero
2152 2982 2285 3052 ipsis
2315 2981 2489 3038 oculis
2516 2983 2763 3039 videmus
2795 2998 2940 3051 eum,
2967 2999 3136 3056 quare
3173 2987 3284 3057 jam
3322 2988 3420 3054 diu

137 3079 364 3150 ὁρῶμεν
436 3077 630 3142 αὐτὸν,
671 3079 752 3132 διὸ
799 3077 1142 3148 ὑπεμένομεν
1193 3076 1360 3130 πάλαι
1408 3076 1477 3130 τὰ
1520 3076 1740 3131 ἐπιόντα

1846 3074 2247 3130 sustinebamus
2289 3073 2594 3143 ingruentia
2646 3073 2805 3130 nobis
2848 3076 3008 3133 mala.
3065 3077 3132 3132 Et
3178 3078 3255 3133 illi
3287 3081 3418 3150 qui:

316 3170 562 3241 λυπηρά.
611 3170 724 3224 Καὶ
767 3171 816 3223 oi
853 3143 952 3241 μέν
985 3143 1160 3222 ταῦτα
1192 3169 1438 3240 ἐροῦσιν·
1469 3170 1497 3222 ό
1527 3168 1584 3222 δέ
1613 3168 1739 3222 ἀνάη

1846 3167 1967 3222 dem
2003 3166 2118 3221 haec
2146 3165 2344 3220 dicturi
2373 3175 2542 3232 sunt;
2587 3164 2679 3221 ille
2709 3180 2840 3221 vero
2884 3168 3123 3242 requiem
3157 3169 3289 3241 ipsis
3315 3171 3417 3225 das

141 3279 348 3316 παυσιν
377 3262 562 3326 αὐτοῖς
593 3261 754 3316 δώσει
778 3264 834 3321 ἐν
856 3259 936 3337 τῷ
962 3259 1309 3333 πφλεχθέντι
1339 3261 1441 3332 τῆς.
1462 3259 1738 3331 βασιλείας

141 3353 315 3411 αὐτοῦ
349 3353 492 3425 ὃρει.

217 3465 238 3497 ι
278 3447 390 3500 Καὶ
433 3445 951 3517 καταπατηθήσεται
1011 3447 1045 3517 ἡ
1103 3443 1412 3510 Μωαϐῖτις,
1446 3443 1508 3498 ὃν
1535 3443 1737 3515 τρόπον

139 3539 410 3594 πατοῦσιν
439 3538 620 3592 ἅλωνα
653 3540 712 3591 ἐν
753 3538 1009 3609 ἁμάξαις.
1046 3538 1162 3595 Καὶ,
1187 3538 1375 3609 ἀνήσει
1417 3536 1515 3600 τὰς
1547 3542 1736 3611 χεῖρας

139 3632 331 3695 αὐτοῦ,
351 3633 414 3685 ὃν
438 3633 638 3703 τρόπον
667 3634 759 3685 καὶ
778 3631 938 3695 αὐτὸς
965 3630 1298 3684 ἐταπείνωσε
1321 3628 1414 3682 τοῦ
1448 3629 1734 3684 ἀπολέσαι.

141 3724 256 3786 Καὶ
285 3722 620 3777 ταπεινώσει
660 3722 760 3792 τὴν
807 3720 962 3792 ὓϐριν
1007 3719 1196 3783 αὐτοῦ,
1235 3720 1320 3788 ἐφ’
1349 3718 1386 3773 ἃ
1421 3720 1520 3782 τὰς
1548 3722 1736 3791 χεῖρας

141 3815 404 3877 ἐπέϐαλε,
445 3815 541 3867 καὶ
570 3814 632 3866 τὸ
665 3813 799 3882 ὕψος
834 3813 932 3884 τῆς
962 3811 1282 3882 καταφυγῆς
1314 3809 1406 3863 τοῦ
1433 3811 1612 3880 τοίχου
1640 3827 1737 3865 ταν-

143 3907 438 3964 πεινώσειο
468 3906 563 3960 καὶ
588 3904 954 3974 καταϐήσεται
975 3903 1080 3967 ἓως
1105 3901 1199 3956 τοῦ
1227 3902 1476 3972 ἐδάφους.
1515 3921 1533 3952 ι
1569 3898 1736 3974 Οἶμαι

140 4001 200 4054 δὲ
250 3996 494 4054 ἐνταῦθα
544 3995 720 4052 Μωὰδ
767 3994 1024 4065 λέγεσθαι
1062 3993 1156 4047 τὸν
1203 3993 1438 4064 πονηρὸν
1480 3994 1734 4064 δαίμονα,

149 4094 248 4147 καὶ
307 4091 412 4162 τὴν
455 4089 840 4160 ἀντικειμένην
902 4086 1156 4157 δύναμιν,
1192 4085 1292 4157 τὴν
1355 4085 1522 4140 πάλαι
1581 4085 1738 4158 παρὰ

139 4187 250 4247 τοῖς
307 4181 632 4246 Μωαϐίταις
681 4181 757 4244 ὡς
803 4179 921 4232 θεὸν
967 4176 1317 4250 τιμωμένην·
1379 4178 1502 4248 ἥτις
1545 4177 1737 4250 ἐπειδὴ

147 4277 292 4346 μέγα
325 4275 568 4345 ἐφρόνει,
603 4270 1043 4343 κατεπαιρομένη
1076 4268 1171 4322 τοῦ
1211 4267 1347 4322 Θεοῦ
1383 4268 1613 4340 Ἰσραὴλ,
1639 4271 1738 4330 καὶ

141 4372 202 4424 τὴ
245 4363 338 4439 ὕφ’
381 4368 584 4438 ἑαυτὴν
625 4365 776 4428 ἔθνος
820 4362 1192 4434 ἐπιτρίϐουσα,
1221 4360 1298 4424 ὡς
1331 4361 1425 4414 καὶ
1447 4362 1538 4413 ἐπ’
1568 4361 1736 4416 αὐτοῦ

1840 3259 1920 3315 bit
1948 3258 2002 3312 in
2036 3265 2338 3313 memorato
2371 3257 2518 3326 regni
2552 3256 2636 3311 sui
2677 3269 2883 3314 monte.

1909 3440 2076 3496 Vsus.
2110 3439 2202 3504 Η,
2235 3439 2323 3494 12.
2359 3457 2382 3491 ι
2406 3440 2472 3493 Et
2512 3438 2919 3494 conculcabitur
2947 3438 3229 3507 Moabitis,
3274 3457 3413 3514 quo-

1838 3536 2000 3591 modo
2036 3533 2248 3588 calcant
2290 3546 2472 3586 aream
2525 3531 2799 3600 plaustris.
2844 3533 2909 3588 Et
2949 3535 3189 3589 remittet
3217 3551 3416 3591 manus

1837 3642 1989 3691 suas,
2034 3627 2176 3680 sicut
2208 3631 2262 3677 et
2296 3625 2424 3693 ipse‘
2449 3623 2780 3689 bumiliavit,
2820 3633 2878 3678 ut
2912 3621 3177 3694 perderet.
3224 3607 3291 3680 Εἰ
3316 3626 3414 3699 εἰσ-τ

1838 3719 2033 3791 primct
2063 3714 2317 3786 injuriam
2353 3714 2489 3783 ejus,
2529 3713 2585 3767 iu
2614 3729 2735 3783 qua:
2766 3729 2958 3769 manus
3001 3711 3207 3785 injecit,
3241 3724 3296 3770 et
3324 3709 3418 3771 al?

1839 3811 2122 3868 titudinem
2175 3808 2364 3880 refugii
2420 3809 2564 3864 muri
2607 3809 2916 3867 humiliabit
2953 3828 2967 3864 :
3011 3818 3064 3864 et
3113 3809 3414 3878 descendet,

1836 3921 2012 3976 usque
2042 3906 2108 3960 ad
2148 3903 2540 3975 pavimentum.
2569 3921 2590 3955 ι
2623 3902 2875 3956 Arbitror
2918 3901 3009 3958 hic
3039 3897 3195 3956 Moab
3230 3897 3416 3960 vocari

1837 3997 2137 4066 malignum
2200 3995 2537 4059 daemonem,
2605 4003 2660 4047 et
2715 3991 3082 4046 adversariam
3129 3991 3417 4056 virtutem,

1837 4105 1958 4165 qua:
2001 4089 2130 4144 olim
2163 4087 2305 4157 apud
2335 4084 2606 4141 Moabitas
2657 4094 2718 4139 ut
2749 4085 2884 4140 deus
2933 4083 3240 4153 colebatur;
3293 4100 3418 4155 quae

1837 4181 1965 4252 quia
2011 4180 2178 4236 altum
2229 4176 2516 4245 sapiebat,
2561 4186 2750 4232 contra
2793 4176 2960 4230 Deum
3010 4173 3175 4230 lsrael
3221 4190 3412 4246 super-

1837 4275 1998 4332 biens
2026 4312 2042 4340 ,
2096 4272 2309 4342 sibique
2362 4268 2635 4325 subditam
2684 4275 2900 4338 gentem
2954 4265 3261 4337 depravans
3291 4303 3307 4332 ,
3355 4277 3418 4324 ut

1837 4367 2004 4422 etiam
2041 4374 2283 4431 tempore
2313 4361 2513 4434 Moysis
2565 4359 2692 4414 talia
2741 4359 3003 4425 auderet,
3047 4373 3112 4413 ac
3157 4357 3417 4428 populum

142 4464 426 4526 Μωῦσέως
480 4459 706 4515 τοιαῦτα
764 4457 1056 4528 τολμῆσαι,
1109 4454 1185 4522 ὼς
1225 4451 1588 4524 ἐκπορνεῦσαι
1641 4452 1734 4505 τὸν

1846 4459 1905 4514 ad
1952 4455 2398 4519 fornicationem,
2454 4461 2508 4508 et
2559 4452 2626 4506 ad
2673 4451 3030 4506 initiationem
3084 4447 3421 4517 Beelpbegor.

141 4556 270 4608 λαὸν
310 4554 412 4608 καὶ
448 4551 761 4621 τελεσθῆναι
794 4548 870 4619 τῷ
899 4543 1217 4615 Βεελφεγώρ
1237 4562 1250 4573 ·
1295 4543 1452 4597 τοῦτο
1476 4543 1533 4597 δέ
1573 4539 1640 4614 ἦν
1673 4542 1740 4596 τὸ

1846 4549 2318 4613 deduceret;erat
2364 4553 2553 4600 autem
2596 4541 2724 4598 illud
2770 4541 3124 4597 Moabit‘arum
3175 4537 3420 4620 idolum;

143 4650 250 4701 τῶν
278 4642 594 4702 Μωαϐιτῶν
619 4641 862 4695 εἴδωλονο
887 4637 1076 4692 τούτου
1109 4635 1268 4708 χάριν
1304 4635 1370 4688 τὰ
1396 4633 1740 4704 προκείμενα

1846 4641 2043 4704 idcirco
2091 4639 2208 4694 lucc
2245 4651 2365 4706 quae
2399 4634 2512 4704 jam
2551 4642 2892 4700 tractamus,
2939 4628 3091 4700 quasi
3143 4629 3210 4684 de
3259 4625 3420 4700 gravi,

141 4740 216 4805 ὡς
246 4739 380 4810 περὶ
407 4734 588 4805 δεινῆς
615 4749 756 4796 τινος
785 4731 880 4784 καὶ
908 4729 1178 4800 θεομάχου
1211 4726 1492 4790 δυνάμεως
1525 4740 1740 4795 πρόιτε-ι

1846 4732 2070 4807 quadam
2102 4740 2158 4788 et
2187 4728 2296 4785 Deo
2327 4729 2550 4783 inimica
2583 4727 2782 4783 virtute
2817 4723 3278 4801 prmuuutiautur.

144 4836 438 4904 φήτευται.

637 4934 1034 4994 ΚΕΦΑΛΔΙΟΝ
1086 4934 1232 4999 KG”.

219 5058 241 5091 ‘
268 5039 352 5108 Τῇ
386 5034 574 5106 ἡμέρᾳ
597 5031 780 5102 ἐκείνῃ
811 5029 1030 5100 ᾇσονται
1059 5025 1124 5077 τὸ
1142 5019 1296 5094 ᾆσμα
1323 5020 1482 5073 τοῦτο
1515 5018 1610 5070 ἐπὶ
1633 5018 1750 5108 γῆς

156 5107 331 5186 Ἰούδα
350 5128 623 5196 λέγοντες.
668 5141 688 5174 ι
740 5121 878 5176 Μεθ’
913 5120 999 5190 ἣν,
1033 5115 1126 5170 τοῦ
1160 5113 1410 5184 Σωτῆρος
1451 5109 1608 5180 ἡμῶν
1635 5107 1740 5179 τὴν

146 5200 311 5279 αύτοῦ
354 5218 634 5291 βασιλείαν
653 5211 1015 5283 ἀπειληφότος
1055 5211 1112 5262 ἐν
1138 5207 1220 5277 τῷ
1255 5203 1564 5274 ἐπουρανίῳ
1595 5201 1733 5272 δρει,

144 5318 193 5370 oi
225 5316 338 5368 τῶν
374 5309 720 5379 ἐπαγγελιῶν
753 5307 894 5374 ἀξιοι
919 5303 1140 5376 ᾅσονται
1168 5303 1228 5353 ἐν
1249 5300 1319 5370 τῇ
1342 5294 1529 5368 ἡμέρα
1551 5295 1738 5364 ἐκείνῃ

142 5409 203 5462 τὸ
247 5395 582 5476 ἐπουράνιον
621 5398 876 5473 ᾇσμαέν
913 5397 981 5467 τῇ
1027 5393 1334 5466 ἐπουρανίῳ
1379 5386 1745 5459 Ἰερουσαλὴμ·

145 5502 449 5572 γενόμενοι,
482 5499 550 5567 ῆν
580 5494 673 5548 ἐπὶ
691 5491 787 5546 τοῦ
814 5489 1081 5561 παρόντος
1114 5483 1372 5540 Ἰουδαίαν
1395 5482 1676 5572 ὠνόμασεν
1706 5481 1745 5532 ὁ

149 5570 322 5664 λόγος,
346 5587 659 5650 ἀκολούθως
682 5587 749 5655 τῇ
771 5582 925 5656 χώρᾳ.
949 5580 1050 5652 τῆς
1073 5577 1315 5663 ἐπιγείου
1356 5570 1730 5645 Ἰερουσαλήμ.

152 5687 304 5740 Οὕτω
333 5684 442 5754 γὰρ
471 5678 610 5751 ὁμοῦ
651 5676 745 5730 καὶ
775 5676 886 5737 τοῖς
931 5670 1303 5742 ἀκροωμένοις
1314 5665 1435 5720 ’τοῦ
1471 5664 1742 5754 Ἰουδαίων

149 5777 277 5831 λαοῦ
302 5752 459 5830 παισὶ
485 5766 752 5837 θυμηδίαν
773 5763 896 5826 τινὰ
921 5764 1013 5818 καὶ
1040 5758 1352 5829 προτροπὴν
1393 5757 1472 5820 εἰς
1507 5753 1610 5822 τὴν
1627 5752 1749 5814 τῶνα

2395 4905 2624 4965 CAPUT
2661 4901 2855 4982 xxrv1.

1911 5009 2076 5064 Vens.
2115 5010 2142 5068 1
2205 5028 2224 5060 ι
2255 5003 2315 5062 in
2343 5003 2432 5059 illa
2471 5003 2560 5057 die
2597 4999 2896 5054 cantabunt
2931 4992 3201 5050 canticum
3227 4990 3330 5046 l'toc
3356 4989 3418 5046 in

1839 5113 1983 5158 terra
2011 5101 2172 5166 Juda,
2209 5100 2482 5155 dicentes.
2510 5113 2529 5146 ι
2579 5091 2710 5148 Post
2753 5105 2928 5161 quam
2959 5087 3131 5155 diem,
3169 5083 3261 5139 ubi
3293 5081 3420 5138 Sal-

1836 5201 1992 5252 vator
2035 5200 2222 5246 noster
2258 5189 2313 5244 in
2347 5185 2552 5248 cmlesti
2596 5191 2780 5239 monte
2816 5193 3038 5249 regnum
3069 5190 3226 5232 suum
3259 5188 3418 5229 acce-

1837 5285 2002 5355 perit,
2030 5282 2124 5352 qui
2153 5279 2438 5352 promissis
2481 5274 2627 5349 digni
2661 5281 2849 5334 erunt,
2875 5279 3006 5323 tunc
3035 5266 3257 5323 caeleste
3285 5279 3422 5320 can-

1842 5378 2010 5432 ticum
2060 5374 2346 5438 emittent,
2400 5369 2456 5424 in
2507 5363 2711 5423 coelesti
2765 5359 3063 5418 Jerusalem
3099 5356 3422 5444 constituti,

1839 5486 2001 5543 quam
2042 5469 2099 5523 in
2128 5462 2383 5537 praesenti
2411 5460 2650 5516 Judwam
2690 5469 2868 5512 sermo
2896 5458 3192 5521 nuncupat,
3226 5449 3416 5543 habita

1839 5541 2076 5632 regionis
2101 5558 2290 5628 inqua
2325 5563 2539 5610 terrena
2573 5546 2875 5621 Jerusalem
2903 5545 3021 5620 sita
3044 5553 3150 5606 est,
3179 5541 3414 5601 ratione.

1839 5658 1919 5714 Ita
1948 5655 2094 5712 enim
2145 5663 2201 5708 et
2227 5647 2428 5706 ludatis
2470 5643 2562 5715 qui
2614 5639 2931 5713 audiebant,
2984 5633 3318 5692 alacritatem
3360 5641 3420 5685 et

1843 5749 2256 5807 incitamentum
2292 5741 2360 5798 ad
2409 5751 2594 5808 rerum
2631 5731 3229 5812 propositarunwem
3276 5720 3422 5798 ind},
