3862 6210
449 294 552 351 2ῗὶ

1125 292 1395 348 EUSEBIl
1433 264 2098 350 casantea'stsorr.
2140 291 2322 347 rans
2359 291 2447 345 ιιι.
2490 325 2555 332 --
2597 291 3009 349 necuim.

3593 286 3705 355 ιιτὶ

454 416 528 470 dit
554 431 569 477 ;
612 424 774 483 atque
800 413 963 469 simul
995 427 1182 469 veram
1209 410 1448 469 Judteam
1483 414 1797 479 declaravit,
1828 429 2002 487 nempt

2123 415 2499 486 προκειμένων
2528 412 2717 468 ἐλπίδα
2748 417 3007 487 παρεῖχεν
3033 432 3048 445 ·
3088 414 3221 486 ὁμοῦ
3250 415 3344 470 καὶ
3387 414 3487 487 τὴν
3519 416 3698 488 ἀληθι-

453 507 683 565 εαξῐοειίε
708 505 1092 577 Hierosolyma:
1118 507 1412 578 regionem,
1452 508 1721 575 ingentem
1754 509 1871 577 ejus
1900 508 2019 563 lati-

451 600 688 655 tudinem
744 599 847 656 hoc
894 609 1056 669 pacto
1106 600 1447 669 signiﬁcans;
1501 612 1558 654 ut
1606 601 1757 657 locus
1802 604 2018 673 quidem

450 689 633 747 Iudaea
678 706 802 744 esse
850 689 1273 760 intelligeretur,
1308 690 1556 760 religiosa
1588 702 1765 746 autem
1792 708 2020 747 convcr-

450 782 607 847 satio,
663 796 824 852 quam
884 781 1081 836 ibidem
1132 791 1349 836 servant
1395 782 1560 837 divini
1619 792 1675 837 et
1724 785 2016 856 evangelici

411 865 707 965 aspir-itus.
741 886 840 942 pro
886 872 981 928 Dei
1019 872 1233 928 civitate
1278 872 1587 927 haberetur.
1643 874 1761 941 Quo
1805 875 1858 929 in
1903 874 2019 929 loco

416 962 723 1051 ;constituti
790 962 824 1016 ii
878 962 970 1032 qui
1022 962 1074 1017 in
1127 962 1408 1031 prophetia
1451 963 1799 1032 indicantur,
1835 964 2020 1020 subse-

418 1050 619 1120 i‘queus
646 1052 914 1103 canticum
952 1051 1005 1103 in
1037 1050 1125 1106 die
1153 1051 1240 1104 illa
1271 1052 1585 1107 cantabunt.

523 1161 541 1193 ι
572 1142 713 1195 Ecce
752 1143 947 1196 civitas
991 1143 1222 1211 munita,
1272 1154 1326 1198 et
1372 1145 1609 1200 salutare
1657 1144 1809 1201 nobis
1853 1157 2018 1216 ponet

448 1240 660 1281 murum
688 1237 735 1280 et
761 1228 1203 1284 circummurale.
1235 1250 1254 1282 ι
1286 1230 1567 1301 Siquidem
1601 1232 1819 1289 infirma
1850 1235 1937 1289 illa
1964 1246 2019 1292 et

446 1327 661 1373 terrena
691 1319 906 1386 civitas,
943 1321 1147 1374 munita
1180 1334 1235 1376 et
1284 1324 1438 1376 tirma
1496 1340 1600 1379 non
1643 1338 1781 1390 erat,
1835 1337 2018 1397 utpote

446 1421 564 1475 qum
590 1408 907 1477 plerumque
943 1409 1010 1463 ab
1044 1409 1281 1465 inimicis
1312 1420 1473 1480 Capta
1520 1413 1722 1481 fuerit;
1770 1414 1886 1469 luce
1924 1431 2018 1469 au-

445 1508 550 1552 tem
578 1514 703 1553 vere
739 1500 930 1554 civitas
961 1500 1054 1555 Dei
1086 1501 1294 1556 munita
1322 1512 1423 1566 est,
1451 1512 1504 1556 et
1535 1503 1637 1559 hoc
1659 1513 1741 1558 est
1780 1505 2017 1561 salutare

444 1601 688 1645 nostrum
717 1607 735 1659 ;
774 1594 1067 1647 secundum
1098 1593 1483 1664 Symmachum
1522 1604 1725 1664 autem,
1775 1616 1795 1649 ι
1828 1597 2018 1652 Dicent

2122 504 2218 574 νὴν
2259 505 2569 575 παρέστησε
2618 504 2894 570 Ἰουδαίαν,
2939 506 3037 576 τῆς
3075 506 3398 575 ἐπουρανίου
3433 507 3699 578 Ἰερουσα-

2120 594 2233 666 λὴμ
2250 593 2346 665 τὴν
2369 594 2570 665 χώραν,
2597 596 2690 648 καὶ
2722 594 2784 647 τὸ
2815 594 2958 665 μέγα
2988 594 3189 658 πλάτος
3225 588 3327 647 ὧδέ
3362 612 3463 647 που
3500 596 3700 667 σημαί-

2121 704 2254 739 νων·
2290 686 2354 739 ἵν’
2396 687 2425 738 ὀ
2473 686 2571 755 μὲν
2600 686 2762 749 τόπος
2793 685 2980 756 νοῆται
3019 686 3267 748 Ἰουδαία,
3301 686 3362 737 τὸ
3395 685 3451 738 δὲ
3478 688 3536 739 ἐν
3564 687 3697 758 αὐτῇ

2119 775 2369 839 θεοσεϐὲς
2419 774 2720 844 πολίτευμα
2790 774 2897 827 τῶν
2951 772 3110 825 θείων
3175 773 3269 826 καὶ
3329 773 3697 841 εύαγγελικῶν

2120 866 2444 937 πνευμάτων
2477 867 2511 937 ἡ
2550 865 2644 919 τοῦ
2677 864 2812 918 Θεοῦ
2856 865 3036 928 πόλις·
3072 864 3198 918 ἔνθα
3227 865 3509 935 γενόμενοι
3540 866 3590 917 οί
3615 865 3699 918 διὰ

2118 959 2220 1028 τῆς
2253 957 2586 1030 προφητείας
2611 956 2930 1028 δηλούμενοι
2963 959 3028 1028 τῇ
3054 958 3238 1027 ἡμέρᾳ
3267 956 3449 1027 ἐκείνῃ
3475 955 3699 1027 ᾅσονται

2117 1050 2178 1102 τὸ
2208 1046 2361 1122 ᾇσμα
2385 1050 2445 1103 τὸ
2475 1042 2877 1120 ἐπιλεγόμενον.

2195 1158 2213 1192 ι
2260 1140 2387 1194 Ἰδοὺ
2427 1140 2578 1201 πόλις
2600 1138 2788 1209 ὀχυρὰ,
2825 1139 2917 1191 καὶ
2953 1137 3220 1207 σωτήριον
3259 1137 3389 1207 ἡμῖν
3416 1135 3573 1207 θήσει
3600 1138 3699 1189 τεῖ-

2119 1250 2212 1303 χος
2254 1233 2346 1285 καὶ
2369 1230 2687 1302 περίτειχος.
2718 1248 2737 1280 ε
2777 1230 2850 1283 οὐ
2877 1230 2984 1301 γὰρ
3022 1224 3089 1299 ἦν
3115 1231 3148 1300 ὴ
3180 1229 3328 1282 κάτω
3356 1229 3450 1281 καὶ
3479 1229 3572 1281 ἐπὶ
3597 1228 3699 1299 γῆς

2119 1325 2273 1389 πόλις
2320 1325 2514 1396 ὀχυρὰ,
2557 1324 2815 1386 πολλάκις
2853 1324 2959 1375 ὑπὸ
3000 1321 3109 1375 τῶν
3165 1321 3433 1391 πολεμίων
3471 1320 3697 1383 ἁλοῦσα,

2118 1418 2255 1488 αὕτη
2288 1416 2345 1469 δὲ
2377 1415 2590 1485 ἀληθῶς
2611 1414 2782 1485 ὀχυρὰ
2809 1414 2903 1466 τοῦ
2935 1414 3067 1466 Θεοῦ
3104 1414 3361 1483 τυγχάνει
3392 1413 3567 1479 πόλις,
3605 1413 3699 1468 καὶ

2117 1508 2258 1562 τοῦτ’
2286 1506 2400 1560 ἔστι
2422 1507 2481 1560 τὸ
2509 1508 2773 1578 σωτήριον
2804 1507 2836 1576 ἡ
2846 1504 2978 1576 μῶν.
3005 1504 3161 1557 Κατὰ
3182 1506 3238 1557 δὲ
3265 1505 3356 1558 τὸν
3378 1503 3696 1574 Σύμμαχον,

2125 1618 2143 1651 ι
2182 1598 2397 1670 Ἐροῦσι
2431 1597 2486 1651 δὲ
2521 1597 2735 1668 ᾄδοντες
2781 1596 2842 1649 τὸ
2884 1593 3055 1667 ᾆσμα,
3103 1596 3255 1650 πόλιν
3312 1596 3535 1667 ἰσχυρὰν
3588 1594 3697 1664 ἔχο-

446 1692 702 1736 cauentes
739 1686 1030 1749 canticum,
1062 1684 1336 1738 civitatem
1364 1683 1558 1739 fortem
1590 1686 1885 1754 habemus;
1913 1707 1931 1739 ι
1961 1698 2002 1741 et

2122 1708 2221 1761 μεν
2245 1707 2257 1719 ·
2303 1709 2319 1741 ι
2349 1688 2489 1741 κατὰ
2514 1689 2571 1741 δὲ
2599 1689 2688 1741 τὸν
2718 1687 3011 1758 Σύμμαχον
3038 1686 3178 1757 (sic),
3215 1706 3233 1737 ι
3263 1686 3421 1749 Πόλις
3439 1686 3695 1758 κράτους,

441 1775 739 1829 secundum
769 1776 1019 1831 eumdem
1063 1776 1470 1843 Symmachum,
1507 1796 1529 1830 ς
1559 1780 1747 1835 civitas
1780 1780 2002 1850 imperii,

2115 1758 2245 1853 ήμῖν
2274 1781 2571 1852 σωτήριον.’
2592 1800 2610 1831 ι
2634 1781 2695 1833 Ἡ
2723 1779 3052 1851 δὲἚϐραῖκὴ
3085 1779 3228 1845 λέξις
3258 1780 3377 1831 ἀντὶ
3403 1779 3519 1844 τοῦ,
3550 1798 3569 1829 ι
3597 1795 3696 1834 σω·

441 1867 598 1921 nobis
639 1866 917 1934 salutare;
949 1886 967 1919 ι
1026 1866 1287 1923 Ιηιειιτιιίελ
1356 1885 1487 1926 vero
1536 1869 1695 1925 lectio
1742 1886 1841 1940 pro
1899 1873 2011 1938 illo,

447 1978 465 2009 ι
504 1959 775 2023 salutare,
804 1979 822 2012 ι
860 1974 1057 2014 nomen
1089 1959 1215 2015 Jesu
1260 1962 1474 2030 proprie
1510 1972 1564 2016 et
1602 1962 1747 2017 clare
1776 1964 2015 2017 cireum-

441 2048 545 2104 ferl
578 2069 591 2105 :
623 2050 905 2120 ipsissimis
945 2052 1142 2121 quippe
1185 2053 1379 2107 litteris
1406 2053 1655 2107 Salvator
1694 2064 1881 2109 noster
1913 2053 2015 2109 He-

438 2143 625 2196 braice
657 2143 932 2199 scribitur.
985 2142 1103 2212 ipse
1137 2145 1319 2214 itaque
1352 2143 1606 2199 Salvator
1635 2155 1842 2209 noster,
1883 2144 2013 2199 bea-

440 2245 619 2288 torum
665 2234 857 2291 civitas
913 2246 1034 2303 est;
1096 2238 1209 2307 ipse
1253 2253 1440 2292 murus
1505 2251 1691 2292 eorum
1754 2247 1809 2291 et
1857 2247 2011 2292 aute-

439 2325 665 2381 morale.

508 2418 759 2473 \‘Ens.2.
812 2420 1073 2487 «Aperite
1120 2430 1337 2489 portas,
1398 2421 1731 2492 ingrediatur
1783 2422 2011 2492 populus

440 2512 755 2566 custodiens
806 2512 1157 2567 veritatem.»
1206 2512 1430 2568 Nemiuc
1475 2514 1673 2582 quippe
1706 2514 1818 2582 jam
1862 2516 2009 2569 obsi-

435 2614 639 2670 Stentc,
674 2605 830 2659 obice
860 2620 923 2658 ac
955 2604 1340 2674 impedimento
1367 2621 1539 2660 vacua
1573 2606 1849 2675 liberaque
1878 2607 2009 2676 ipsis

434 2697 524 2751 via
553 2696 677 2753 fuit.
712 2696 880 2765 Cujus
906 2696 982 2751 rei
1019 2710 1184 2751 causa
1213 2705 1297 2750 est
1326 2695 1533 2765 justum
1560 2696 1654 2751 Dei
1681 2695 1967 2765 judicium.

501 2881 672 2937 Vens.
700 2881 823 2935 5-5.
863 2880 1261 2936 «Patrocinans
1306 2881 1541 2948 veritati,
1590 2891 1645 2937 ct
1695 2882 2005 2939 custodiens

432 2988 644 3044 pacem,
676 2972 801 3042 quia
848 2971 988 3026 inte
1035 2972 1395 3041 speravimus,
1444 2971 1688 3039 Domine,
1739 2987 1910 3041 usque
1953 2974 2005 3027 in

2113 1872 2320 1941 τήριον,
2371 1888 2388 1920 ι
2427 1871 2519 1922 καὶ
2549 1870 2670 1922 ἀντὶ
2708 1869 2822 1929 τοῦ,
2860 1888 2879 1920 ι
2909 1868 3199 1941 σωτηρίου,
3237 1887 3255 1920 ι
3290 1868 3350 1923 τὸ
3378 1869 3547 1939 ὄνομα
3568 1868 3696 1922 λευ⁴

2113 1962 2225 2024 κῶς
2250 1961 2343 2015 τιῦ
2384 1960 2556 2032 Ἰησοῦ
2590 1960 2732 2013 οὕτω
2773 1961 3045 2032 raptt-515v
3092 1962 3274 2024 αὐτοῖς
3301 1960 3412 2033 γὰρ
3434 1962 3697 2033 γράμμα.-

2115 2071 2199 2107 σιν
2231 2056 2259 2107 ὁ
2291 2054 2479 2125 Σωτὴρ
2517 2053 2672 2124 ήμῶν
2714 2053 3022 2126 Ἐὀραῖκῶς
3052 2056 3340 2127 γράφεται.
3401 2054 3570 2116 Αὐτὸς
3598 2050 3696 2109 οὖν

2111 2144 2142 2197 ι
2174 2143 2362 2214 Σωτὴρ
2397 2143 2552 2213 ήμῶν
2595 2142 2704 2195 τῶν
2733 2145 3018 2216 μακαρίων
3056 2143 3228 2207 πόλις,
3272 2143 3433 2207 αύτὸς
3464 2146 3561 2198 καὶ
3584 2145 3697 2198 τεῖο

2112 2252 2205 2307 χος
2232 2235 2409 2287 αὐτῶν
2440 2235 2531 2288 καὶ
2559 2235 2891 2306 περίτειχος.

2184 2429 2204 2462 ι
2251 2411 2519 2477 Ἀνοίξατε
2571 2413 2766 2478 πύλας,
2807 2415 3092 2468 εἰσελθέτω
3138 2415 3267 2480 λαὸς
3305 2416 3597 2485 φυλάσσων
3622 2416 3676 2471 δι

2109 2504 2423 2573 καιοσύνην,
2474 2506 2567 2559 καὶ
2616 2507 2903 2576 φυλάσσων
2938 2508 3215 2578 ἀλήθειαν.
3258 2530 3277 2562 ι
3326 2512 3542 2579 Μηκέτι
3581 2512 3693 2585 γὰρ

2112 2598 2337 2670 μηδενὸς
2396 2598 2547 2661 ὄντος
2611 2597 2880 2668 ἐμποδὼν,
2940 2600 3216 2665 ἀκώλυτος
3266 2601 3354 2655 καλ
3406 2604 3672 2673 ἀπαραπό

2106 2689 2285 2753 διστος
2308 2691 2402 2744 καὶ
2430 2690 2612 2743 εὐθεῖα
2641 2694 2672 2762 ή
2698 2692 2815 2754 ὁδὸς
2840 2692 3020 2756 αὐτοῖς
3050 2693 3258 2761 γέγονε.
3284 2695 3506 2759 Τούτοις
3533 2695 3590 2749 δὲ
3616 2694 3685 2749 αὖ

2110 2796 2220 2834 τιον
2250 2783 2281 2851 ή
2311 2780 2677 2850 δικαιοκρισία
2705 2780 2799 2834 τοῦ
2826 2781 2982 2834 Θεοῦ.

2184 2892 2199 2923 ι
2244 2869 2798 2941 Ἀντιλαμϐανόμενος
2821 2871 3077 2942 ἀληθείας
3110 2872 3205 2925 καὶ
3230 2873 3518 2945 φυλάσσων
3538 2879 3684 2949 είρήο

2107 2980 2224 3034 νην,
2270 2966 2350 3018 ὅτι
2384 2965 2476 3016 ἐπὶ
2503 2964 2585 3016 σοὶ
2616 2963 2941 3035 ἠλπίσαμεν,
2969 2964 3161 3035 Κύριε,
3197 2965 3299 3031 ἕως
3335 2966 3428 3020 τοῦ
3469 2969 3692 3035 αἰῶνος.

433 3066 711 3121 saeculum.
767 3064 908 3120 Deus
955 3080 1213 3135 magnus,
1261 3074 1534 3129 mternus,
1572 3066 1663 3134 qui
1717 3079 2001 3135 postquam

2117 3056 2175 3109 '0
2193 3056 2324 3118 Θεὸς
2345 3057 2373 3108 ό
2399 3054 2589 3127 μέγας,
2603 3056 2630 3108 ὁ
2646 3054 2879 3119 αἰώνιος,
2894 3056 2976 3121 ὃς,
2998 3056 3353 3121 ταπεινώσας,
3378 3060 3691 3130 κατήγαγες

432 3157 762 3221 Ιιιιηιὶιίιιειί,
791 3156 1023 3211 eduxisti
1060 3156 1370 3211 habitantes
1408 3158 1460 3211 in
1503 3158 1767 3222 excelsis,
1813 3160 2004 3212 civita-

432 3259 516 3303 tes
545 3248 779 3303 munitas
804 3256 1017 3302 evertes
1042 3256 1098 3301 et
1128 3247 1350 3315 dejicies
1398 3263 1572 3315 usque
1607 3249 1674 3302 ad
1726 3250 2006 3318 pavimen-

432 3350 569 3393 tum.
597 3359 616 3393 ι
655 3339 781 3395 llmc
822 3340 1018 3409 quippe
1061 3340 1223 3410 digna
1266 3349 1390 3393 sunt
1441 3339 1526 3391 illa
1559 3340 1697 3407 apud
1733 3350 1783 3393 te
1813 3355 2006 3393 recon-

430 3432 542 3487 dita
592 3447 708 3502 spe,
750 3440 803 3487 et
844 3431 957 3486 hmo
994 3431 1116 3485 dico
1162 3431 1280 3495 tibi,
1321 3432 1759 3500 concupiscentia
1808 3434 2007 3488 anima)

428 3540 583 3582 metu.
629 3526 709 3581 Tu
744 3526 923 3594 enim,
960 3526 1216 3591 Domine,
1267 3526 1708 3595 concupiscentia
1758 3541 1876 3581 mea
1920 3541 1998 3591 cs,

427 3629 491 3670 ac
522 3616 736 3671 divinus
787 3631 941 3671 amor
986 3614 1184 3669 animat
1240 3631 1391 3670 mete.
1430 3617 1608 3681 Quare
1656 3616 1834 3670 anima
1883 3632 1999 3671 mea

426 3705 759 3762 desideravit
808 3716 879 3770 te,
934 3705 1049 3776 ipsa
1094 3706 1291 3774 quippe
1332 3706 1566 3760 nominis
1615 3707 1689 3760 lui
1740 3708 1999 3762 memoria

428 3800 666 3854 animam
726 3810 967 3854 nostram
1026 3802 1419 3855 in'vexcessunt
1471 3800 1650 3869 rapit,
1705 3809 1757 3851 et
1806 3799 1872 3855 ad
1926 3802 1997 3854 tui

425 3905 666 3944 amorem
712 3891 1031 3947 inﬂammat.

499 3979 660 4035 Vsus.
690 3981 805 4036 6-9.
858 3983 963 4037 «Et
1013 3984 1411 4038 conculcabunt
1463 3999 1558 4039 eas
1619 3988 1783 4054 pedes
1839 4000 1988 4039 man-

423 4082 720 4136 suetorum,
750 4084 804 4126 ct
852 4074 1133 4128 humilium
1171 4074 1419 4145 vestigia.
1451 4073 1547 4128 Via
1586 4075 1795 4143 piorum
1849 4088 1993 4130 recta

422 4158 564 4212 facta
610 4170 724 4227 est,
772 4169 827 4214 et
876 4172 1175 4232 prmparata
1228 4163 1314 4216 via
1359 4162 1657 4229 justorum.
1702 4164 1797 4218 Via
1846 4166 1992 4218 enim

420 4249 636 4305 Domini
659 4250 945 4319 judicium.
982 4253 1336 4322 Speravimus
1364 4254 1415 4308 in
1446 4255 1672 4310 nomine
1697 4266 1806 4320 tuo,
1844 4266 1898 4309 et
1938 4258 1991 4311 in

418 4345 680 4399 memoria
721 4359 882 4415 quam
922 4344 1196 4411 desiderat
1235 4346 1419 4399 anima
1468 4355 1673 4401 nostra.
1717 4344 1795 4403 De
1836 4360 1993 4404 nocte

2108 3147 2232 3209 τοὺς
2265 3146 2606 3210 ἐνοικοῦντας
2649 3150 2705 3200 ἐν
2732 3146 2973 3217 ὑψηλοῖς,
3006 3147 3188 3211 πόλεις
3209 3148 3409 3219 ὀχυρὰς
3450 3151 3669 3204 καταόα

2110 3236 2239 3300 λεῖς,
2270 3238 2363 3291 καὶ
2396 3237 2650 3303 κατάξεις
2681 3239 2784 3302 ἕως
2813 3238 3062 3308 ἐδάφους.
3095 3259 3113 3291 ι
3144 3240 3303 3306 "Agna
3334 3240 3442 3311 γὰρ
3472 3242 3571 3312 τῆς
3603 3243 3691 3295 ὲλο

2111 3329 2260 3392 πίδος
2278 3329 2377 3400 τῆς
2400 3330 2548 3401 παρὰ
2574 3328 2665 3382 σοῦ
2688 3329 3211 3403 τεθησαυρισμένης,
3235 3331 3520 3386 καὶταῦτα
3544 3333 3691 3403 λέγω

2110 3421 2247 3494 πρὸς
2281 3422 2362 3487 σὲ,
2403 3423 2501 3493 τὴν
2533 3421 2826 3493 ἐπιθυμίαν
2859 3424 2957 3494 τῆς
2984 3423 3161 3494 ψυχῆς
3194 3442 3314 3495 μου.
3351 3426 3421 3478 Σὺ
3450 3426 3559 3497 γὰρ
3580 3422 3689 3491 εἷς,

2108 3514 2331 3585 Κύριος,
2428 3513 2691 3584 ἐπιθυμία
2728 3531 2853 3585 μου,
2896 3514 2991 3568 καὶ
3027 3517 3056 3568 ὁ
3083 3515 3224 3580 θεῖος
3252 3517 3389 3589 ἔρως
3419 3518 3517 3589 τῆς
3548 3519 3690 3590 ἐμῆς

2106 3606 2300 3677 ψυχῆς.
2334 3606 2423 3659 Διὸ
2450 3608 2481 3677 ή
2509 3605 2653 3677 ψυχή
2683 3624 2782 3676 μου
2812 3607 3127 3679 ἐπεθύμησέ
3162 3625 3249 3661 σε·
3282 3612 3375 3662 καὶ
3401 3611 3541 3682 αὑτὴ
3572 3610 3689 3683 γὰρ

2107 3700 2139 3769 ή
2160 3700 2343 3770 μνήμη
2363 3698 2455 3751 τοῦ
2484 3690 2745 3769 ὀνόματός
2770 3716 2862 3752 σου
2889 3700 3161 3772 ἐξίστησιν
3182 3702 3214 3772 ή
3222 3701 3337 3771 μῶν
3362 3701 3459 3773 τὴν
3481 3702 3689 3775 ψυχὴν,

2106 3789 2199 3841 καὶ
2227 3790 2481 3861 διεγείρει
2508 3791 2601 3844 ἐπὶ
2623 3791 2712 3845 τὸν
2737 3791 2827 3847 σὸν
2860 3791 3044 3846 πόθον.

2180 3991 2199 4024 ι
2234 3973 2345 4026 Καὶ
2382 3974 2711 4045 πατήσουσιν
2751 3973 2915 4037 αὐτὰς
2959 3974 3122 4036 πόδες
3160 3972 3399 4044 πραέων,
3442 3971 3537 4024 καὶ
3581 3987 3686 4024 τα-

2103 4064 2301 4118 πεινῶν
2334 4066 2569 4136 βήματα.
2619 4065 2770 4129 Ὁδὸς
2801 4064 3036 4119 εὐσεϐῶν
3085 4064 3267 4118 εὐθεῖα
3308 4063 3543 4131 ἐγένετο,
3584 4062 3687 4116 καὶ

2101 4157 2590 4227 παρεσκευασμένη
2636 4159 2669 4227 ή
2716 4158 2831 4221 ὁδὸς
2872 4157 2980 4210 τῶν
3022 4155 3282 4209 εὐσεϐῶν.
3327 4156 3388 4208 Ἠ
3426 4154 3532 4226 γὰρ
3559 4154 3688 4217 ὁδὸς

2100 4246 2307 4319 Κυρίου
2337 4250 2535 4321 κρίσις.
2585 4250 2921 4319 Ἦλπίσαμεν
2954 4250 3047 4302 ἐπὶ
3079 4248 3154 4319 τῷ
3179 4248 3402 4319 ὀνόματί
3435 4264 3551 4310 σου,
3583 4247 3688 4300 καὶ

2101 4342 2193 4394 ἐπὶ
2224 4344 2290 4412 τῇ
2329 4342 2487 4412 μνεία
2592 4341 2849 4412 ἐπιθυμεῖ
2878 4344 2911 4412 ή
2944 4340 3090 4413 ψυχὴ
3127 4340 3301 4412 ήμῶν.
3350 4340 3444 4393 Ἐκ
3483 4340 3687 4403 νυκτὸς

417 4431 603 4502 vigilat
642 4432 865 4501 spiritus
896 4447 1047 4488 meus
1098 4435 1166 4488 ad
1216 4444 1298 4499 te,
1344 4435 1520 4501 Deus;
1555 4437 1679 4506 quia
1734 4436 1822 4492 lux
1856 4452 1991 4507 pra:-

2115 4433 2337 4506 5999iCst
2375 4433 2434 4487 τὸ
2465 4435 2683 4506 πνεῦμά
2723 4451 2825 4505 μου
2855 4434 2989 4505 πρὸς
3021 4434 3099 4497 σὲ,
3134 4435 3163 4486 ὁ
3191 4432 3352 4496 Θεός·
3397 4431 3529 4485 διότι
3561 4432 3687 4501 φῶς

417 4529 572 4592 cepta
603 4530 693 4577 tua
729 4536 896 4594 super
940 4532 1160 4579 terram.
1192 4543 1211 4579 ι
1254 4524 1438 4596 Neque
1463 4526 1609 4581 enim
1642 4527 1816 4583 noctis
1849 4538 1987 4583 tcm-

415 4626 548 4683 pore
578 4614 819 4670 dormire
842 4628 1132 4686 possumus
1160 4635 1176 4684 ;
1216 4618 1311 4673 sed
1344 4628 1470 4673 tunc
1498 4602 1663 4691 etiam
1706 4620 1988 4689 vigilantes

414 4704 632 4772 Spiritu,
655 4713 709 4759 te
734 4706 1227 4776 concupiscentiam
1271 4716 1517 4763 nostram
1555 4694 1619 4762 in.
1640 4718 1820 4764 mente
1849 4718 1990 4764 tene-

412 4806 556 4847 mus.
601 4791 695 4849 Sic
742 4793 904 4865 igitur
946 4794 1102 4850 nobis
1147 4794 1279 4865 ipsa:
1325 4805 1511 4852 noctes
1566 4807 1821 4867 tanquam
1876 4800 1987 4855 dies

412 4883 785 4950 illustrantur,
827 4885 1083 4955 quoniam
1133 4897 1409 4958 pra-cepta
1470 4898 1558 4943 tua
1606 4898 1659 4945 et
1708 4904 1990 4947 sermones

411 4975 486 5028 tui
519 4975 676 5031 nobis
706 4975 884 5031 adhuc
908 4976 961 5031 in
986 4985 1130 5033 terra
1158 4978 1528 5045 versantibus,
1555 4982 1718 5037 et'die
1737 4992 1793 5036 et
1826 4992 1989 5039 nocte

409 5064 546 5123 lucis
586 5068 762 5123 instar
800 5067 925 5122 data
960 5076 1107 5123 sunt.
1156 5066 1281 5124 llzec
1332 5085 1397 5126 ex
1437 5071 1664 5128 allectus
1699 5074 1985 5129 vehemen-

409 5156 485 5209 tia
536 5156 752 5214 locutus
796 5159 1061 5229 propheta
1095 5156 1262 5214 Deum
1321 5161 1698 5233 compellans,
1752 5166 1820 5220 ad
1888 5180 1986 5222 nos

407 5250 742 5316 pertransit,
786 5260 1076 5320 monetque
1137 5263 1198 5308 ut
1255 5254 1477 5320 eadem,
1535 5269 1639 5324 qua
1705 5258 1842 5326 ipse,
1900 5260 1982 5311 via

409 5339 742 5395 incedamus.

473 5516 644 5574 Vens.
680 5519 769 5585 10,
800 5521 888 5578 ll.
930 5542 949 5574 ι
982 5521 1256 5580 Justitiam
1312 5526 1529 5594 discite,
1576 5526 1671 5597 qui
1718 5528 1979 5585 habitatis

2092 4522 2161 4577 τὰ
2192 4524 2586 4595 προστάγματα
2616 4539 2708 4577 σου
2742 4523 2834 4579 ἐπὶ
2855 4523 2952 4595 τῆς
2974 4523 3097 4594 γῆς.
3126 4541 3144 4575 ι
3171 4521 3308 4576 Οὔτε
3333 4521 3443 4594 γὰρ
3473 4520 3688 4574 καθεύ-⁵

2091 4611 2205 4667 δειν
2233 4607 2335 4668 οἷοί
2363 4614 2421 4669 τέ
2450 4615 2618 4685 ἐσμεν
2644 4614 2771 4678 τοὺς
2795 4614 2893 4686 τῆς
2924 4613 3119 4676 νυκτὸς
3145 4610 3392 4686 καιροὺς,
3419 4611 3553 4666 ἀλλὰ
3582 4612 3687 4666 καὶ

2092 4702 2251 4775 ήμῶν
2298 4704 2676 4778 ἐγρηγορότων
2714 4703 2795 4776 τῷ
2823 4703 3112 4775 πνεύματι,
3144 4702 3208 4757 σέ
3254 4702 3353 4775 τήν
3380 4701 3687 4774 ἐπιθυμίαν

2094 4795 2252 4867 ήμῶν
2308 4798 2448 4850 κατὰ
2487 4796 2612 4850 νοῦν
2653 4795 2869 4869 ἔχομεν.
2905 4795 3093 4861 οὕτως
3133 4790 3226 4851 οὖν
3260 4796 3357 4851 καὶ
3393 4797 3451 4851 ai
3479 4795 3686 4865 νύκτες

2094 4887 2252 4960 ἡμῶν
2269 4888 2344 4953 ὡς
2372 4890 2572 4962 ἡμέραι
2605 4888 3014 4960 πεφωτισμέναι
3038 4888 3398 4959 τυγχάνουσιν
3414 4904 3428 4916 ·
3456 4884 3683 4962 ἐπειδᾷ

2097 4996 2203 5049 περ
2232 4980 2299 5035 τὰ
2336 4982 2736 5054 προστάγματά
2773 5000 2869 5039 σου
2900 4982 2995 5037 καὶ
3023 4982 3073 5035 οί
3094 4979 3241 5050 λόγοι
3275 4995 3369 5035 σου
3398 4981 3529 5053 ήμίν
3558 4986 3683 5049 τοῖς

2092 5071 2186 5124 ἐπὶ
2230 5071 2329 5142 τῆς
2364 5073 2465 5143 γῆς
2496 5073 2577 5127 ἔτι
2620 5075 2720 5139 τὰς
2746 5073 3025 5148 διατριϐὰς
3072 5070 3415 5142 ποιουμένοις
3459 5072 3556 5127 καὶ
3584 5073 3682 5130 διὰ

2092 5163 2284 5225 νυκτὸς
2338 5164 2430 5217 καὶ
2466 5163 2533 5218 δι’
2560 5166 2773 5239 ἡμέρας
2806 5166 2929 5221 ἀντὶ
2966 5162 3142 5234 φωτὸς
3182 5158 3460 5231 ἐδόθησαν.
3504 5160 3680 5216 Ταῦθ’

2092 5252 2506 5329 ὑπερϐαλλούσῃ
2535 5254 2772 5312 διαθέσει
2804 5257 2941 5327 πρὸς
2972 5255 3062 5309 τὸν
3088 5252 3222 5308 Θεὸν
3253 5253 3615 5327 ἀναφωνήσας
3645 5255 3679 5306 ὁ

2088 5347 2398 5417 προφήτης,
2427 5348 2741 5419 μεταϐαίνει
2765 5352 2850 5421 ἐφ’
2872 5351 3038 5422 ἡμᾶς,
3072 5343 3353 5419 παραινῶν
3377 5345 3476 5417 τήν
3497 5346 3677 5425 αὐτήν

2086 5438 2235 5510 αύτῷ
2256 5439 2490 5510 βαδίζειν
2518 5443 2657 5497 ὁδόν.

2158 5550 2177 5583 ι
2201 5532 2557 5605 Δικαιοσύνην
2583 5534 2805 5605 μάθετε,
2840 5537 2890 5591 οἱ
2920 5536 3254 5604 ἐνοικοῦντες
3286 5541 3378 5594 ἐπὶ
3407 5540 3508 5610 τῆς
3537 5537 3670 5608 γῆς·

406 5616 627 5665 terram.
660 5612 908 5668 Cessavit
954 5618 1098 5669 enim
1145 5617 1342 5687 impius
1377 5636 1391 5673 :
1426 5619 1603 5674 omnis
1634 5620 1724 5687 qui
1752 5621 1978 5674 non-di-

2115 5624 2359 5679 Ιέπαυται
2383 5625 2491 5697 γὰρ
2523 5627 2727 5699 ἀσεϐής
2746 5646 2759 5659 ·
2785 5630 2893 5693 πᾶς
2920 5628 2979 5693 ὃς
3007 5630 3066 5684 ού
3108 5631 3182 5703 μὴ
3214 5632 3359 5704 μάθῃ
3392 5628 3671 5684 δικαιοσύ-

401 5698 598 5753 diccrit
643 5699 903 5758 iustitiam
949 5704 1003 5757 ln
1054 5713 1202 5761 terra
1234 5746 1249 5769 ,
1290 5707 1573 5763 veritatem
1627 5725 1731 5765 non
1788 5709 1971 5766 faciet.

2115 5732 2175 5778 ην
2213 5714 2305 5768 ἐπὶ
2334 5713 2434 5780 τῆς
2462 5716 2585 5783 γῆς.
2630 5718 2886 5785 ἀλήθειαν
2929 5720 2990 5773 ού
3025 5698 3363 5790 magis“;
3417 5718 3672 5791 ’Δρθήτω
