3862 6210
192 258 283 319 επ,
1067 256 1575 317 ιυιιιιιιιλιςίειιιλ
1611 268 1680 319 tu

1822 271 1978 321 tlAm.
2020 298 2089 309 —-
2122 276 2278 324 (ιΔΣΡ.
2319 275 2508 329 λᾹῨΙ.

3280 287 3388 346 ιτς

186 367 433 439 ὀάσεσὴς.
468 368 551 465 ἵνα
584 368 659 439 μὴ
694 369 778 443 εἴη
811 369 905 441 τὴν
927 370 1084 436 δόξαν
1098 364 1335 446 Κυρίου.
1370 376 1564 450 Κύριε,
1596 379 1713 451 ὕψη·

1839 380 2079 439 Tollatur
2115 384 2333 457 impius,
2372 398 2554 444 utnon
2580 390 2756 447 videat
2780 392 3004 465 gloriam
3028 393 3261 451 Domini.
3292 397 3399 456 Do-

184 452 260 519 λός
309 470 397 507 σου
439 456 469 509 6
517 453 777 526 βραχίων,
824 459 920 511 καὶ
958 460 1059 514 οὐκ
1103 462 1355 533 ᾔδεισανο
1405 469 1626 536 γνόντες
1671 472 1729 527 δὲ

185 544 622 617 αἰσχυνθήσονται.
641 568 659 600 ι
686 550 942 606 Ταπεινοὶ
977 553 1085 625 γάρ
1106 555 1256 619 ὖντες
1284 558 1333 610 οἰ
1366 559 1601 624 ἀσεϐεῖς,
1634 564 1729 616 καὶ

186 636 372 707 μακρὰν
403 638 770 709 ἀφεστηκότες
794 641 892 711 τῆς
924 644 1178 711 γνώσεως
1208 647 1305 701 τοῦ
1332 650 1488 715 Θεοῦ,
1524 655 1581 705 ἑν
1610 657 1731 709 σκό-

182 744 246 797 “?
285 727 388 816 ἲῆς
440 730 606 783 αὐτοῦ
671 732 893 799 ἀγνοίας
953 737 1364 792 ἐκαλινδοῦντο·
1436 744 1572 797 ἀλλά
1629 748 1729 816 τῆς

183 815 377 868 καθόλου
408 816 665 885 γνώσεως
690 820 1011 892 ἐπιστάσης,
1053 825 1376 898 θεασάμενοι
1405 831 1496 884 τὸν
1528 815 1728 905 ὑψηλδν

184 902 407 976 βραχίονα
462 908 514 961 οἱ
578 912 746 965 πάλαι
798 915 961 968 αὐτὸν
1019 916 1096 981 ὼς
1157 920 1232 991 μὴ
1292 922 1422 977 ὄντα
1481 902 1730 999 βλασφη-

185 994 398 1064 μοῦντες,
441 998 740 1055 παύσονται
782 1005 882 1074 τῆς
925 1007 1182 1073 ἀπονοίας
1226 1012 1460 1086 αἰσχύνη
1499 1018 1727 1087 κατεχὸο

184 1104 327 1157 μενοι.

242 1196 261 1230 ι
290 1181 446 1251 Ζῆλος
472 1182 705 1255 λήψεται
726 1185 853 1241 λαὸν
893 1188 1240 1246 ἀπαίδευτον.
1280 1212 1300 1246 ι
1338 1195 1641 1251 Δίνίττεται
1670 1200 1727 1255 δὲ

177 1268 280 1333 τοὺς
310 1272 368 1323 ὲκ
398 1278 697 1345 περιτομῆς
729 1276 804 1346 μὴ
843 1280 1311 1351 κᾳταδεξαμένους
1348 1285 1445 1356 τὴν
1471 1287 1558 1341 διὰ
1587 1291 1727 1361 Χριο

181 1359 282 1413 ι’τοῦ
296 1363 462 1435 χάριν.
486 1384 504 1414 ι
529 1366 638 1419 Καὶ
659 1367 756 1420 νῦν
785 1368 897 1440 πῦρ
924 1371 1049 1436 τοὺς
1079 1374 1426 1440 ὑπεναντίους
1456 1378 1628 1433 ἔδεται
1648 1397 1660 1409 ·
1699 1401 1719 1435 ι

177 1451 241 1516 ὡς
288 1452 347 1507 ἂν
396 1457 672 1524 ἀποφάσει
728 1459 1267 1533 ὑποϐληοησομένους
1320 1470 1385 1539 τῇ
1451 1467 1722 1545 λεγούσῃ·

181 1567 201 1599 ι
224 1549 497 1619 Πορεύεσθε
533 1554 615 1616 εἰς
636 1557 697 1606 τδ
726 1553 838 1627 πῦρ
876 1557 935 1608 τὸ
984 1556 1199 1612 αἰώνιον
1232 1561 1293 1613 τὸ
1325 1565 1725 1637 ἡτοιμασμένον

176 1639 238 1711 τῷ
279 1641 494 1713 διαϐόλῳ
549 1647 645 1699 καὶ
690 1649 804 1711 τοῖς
841 1648 1093 1716 ἀγγέλοις
1121 1653 1310 1707 αὐτοῦ.
1352 1674 1372 1708 ι
1421 1657 1635 1731 Ἐπειδὴ
1662 1660 1723 1713 τὸ

177 1730 271 1798 φῶς
300 1734 390 1787 οὐκ
418 1735 689 1803 ἐδέξαντο,
725 1739 1186 1812 παραδοθήσονται
1220 1745 1296 1818 τῷ
1334 1749 1469 1821 πυρὶ
1517 1752 1611 1805 καὶ
1642 1752 1721 1823 τῷ

179 1823 349 1877 σκότει.
1352 1867 1356 1871 .

233 1931 251 1964 ι
274 1914 432 1987 Κύριε
492 1920 522 1971 ὁ
568 1918 699 1983 Θεὸς
738 1921 912 1992 ἡμῶν,
949 1924 1171 1997 εἰρήνην
1205 1927 1293 1993 δὸς
1317 1932 1448 2001 ἡμῖν
1473 1950 1487 1962 ·
1542 1935 1720 1990 πάντα

172 2001 260 2098 γὰρ
305 2007 588 2072 ἀπέδωκας
649 2012 801 2080 ήμῖν.
848 2013 1020 2085 Κύριε
1069 2019 1098 2070 ὁ
1139 2018 1269 2083 Θεὸς
1306 2023 1484 2093 ἡμῶν,
1522 2027 1721 2098 κτῆσαι

172 2094 307 2164 ἡμᾶς.
336 2098 523 2170 Κύριε,
557 2102 714 2167 ἐκτὸς
740 2103 833 2157 σοῦ
864 2105 1020 2161 ἄλλον
1048 2110 1147 2164 οὐκ
1173 2112 1393 2184 οἴδαμεν
1414 2133 1427 2145 ·
1461 2117 1521 2170 τὸ
1549 2094 1723 2191 ὄνομά

174 2203 249 2285 σου
271 2189 617 2285 ὀνομάζομεν.
659 2215 676 2247 ι
708 2197 863 2253 Καλὰ
901 2202 998 2272 μὲν
1031 2203 1139 2275 γάρ
1172 2206 1266 2258 καὶ
1298 2208 1365 2261 τὰ
1394 2208 1527 2263 ἄλλα
1567 2189 1721 2285 παρὰ

174 2277 248 2377 rei
276 2280 437 2334 πάντα
459 2301 473 2313 ·
504 2286 570 2337 τὸ
599 2286 655 2339 δὲ
681 2288 940 2358 μέγιστον
959 2292 1130 2366 δῶρον
1162 2298 1195 2368 ή
1229 2299 1381 2370 παρὰ
1417 2301 1530 2366 σοῦ,
1566 2277 1660 2358 καί
1680 2308 1714 2377 ή

173 2370 282 2440 πρὸς
302 2374 481 2428 ἑαυτὸν
517 2380 714 2450 εἰρήνη
751 2384 1027 2455 τυγχάνει,
1065 2387 1133 2440 ἶν’
1164 2390 1513 2447 ἀστασίαστοι
1547 2370 1715 2467 ὦμεν,

173 2462 247 2514 καὶ
266 2466 583 2536 χρονεύουσα
608 2473 741 2543 πρὸς
764 2475 822 2527 σὲ
850 2477 1141 2545 διαπαντὸς
1162 2481 1476 2549 φυλάττοιτο
1508 2489 1656 2559 ἡμῶν
1681 2492 1715 2562 ή

170 2550 307 2649 φυγή.
339 2556 502 2611 Τοῦτο
532 2560 581 2612 δ’
604 2561 668 2615 ἂν
695 2564 917 2632 γένοιτο,
953 2572 1001 2622 εἰ
1030 2572 1343 2648 καταξιώσῃ
1377 2550 1560 2649 κτῆμα
1595 2550 1718 2634 cato:

170 2643 253 2736 τοῦᾲ
285 2647 403 2701 ἰδιον
434 2652 691 2721 γενέσθαι
726 2658 870 2728 ἡμᾶς
889 2677 901 2689 °
932 2663 1053 2716 ἐπεὶ
1081 2665 1173 2717 καὶ
1210 2643 1372 2736 ήμείς
1413 2643 1513 2723 ουκ
1557 2672 1715 2726 ἄλλον

168 2734 265 2839 τινὰ
289 2738 497 2811 οἴδαμεν
529 2743 566 2813 ἦ
603 2744 682 2810 σὲ,
712 2750 805 2802 καὶ
843 2752 989 2824 μόνῳ
1026 2754 1103 2825 τῷ
1128 2734 1352 2828 ὀνόματί
1386 2778 1478 2814 σου
1519 2764 1716 2839 τεθαρ-

1829 476 1997 544 mine,
2020 477 2295 532 excelsum
2349 476 2627 535 brachium
2658 490 2805 537 tuum
2827 522 2843 549 ,
2893 492 2948 539 et
2981 501 3086 539 non
3135 502 3399 559 cognoveo

1830 578 1957 623 runt
1986 587 1999 622 :
2034 569 2270 625 scientes
2294 581 2473 625 autem
2504 573 2844 628 erubescent.
2879 594 2897 628 ι
2939 576 3089 645 lmpii
3113 581 3279 645 enim,
3308 582 3399 638 ab-

1824 661 1956 729 jecti
1986 677 2107 716 cum
2141 663 2252 718 sint
2275 707 2288 729 ,
2320 680 2383 720 ac
2418 668 2602 735 procul
2633 670 2940 734 cognitione
2989 672 3078 725 Dei
3116 674 3302 741 positi,
3338 676 3393 730 in

1831 753 2068 809 tenebris
2120 755 2234 822 ejus
2283 756 2601 824 ignorantia:
2632 762 3008 815 volutabantur
3042 780 3056 817 :
3088 778 3275 820 verum
3304 767 3399 821 ad.

1831 845 2083 899 veniente
2119 847 2206 899 illa
2248 848 2539 904 universali
2594 851 2935 921 cognitione,
2978 854 3219 910 videntes
3270 857 3397 910 bra-

1830 936 2012 990 chium
2058 938 2188 992 illud
2232 940 2506 995 excelsum
2560 943 2594 996 ii
2621 981 2637 1003 .
2670 946 2758 1011 qui
2799 944 2927 997 olim
2955 946 3075 1000 eum
3102 948 3256 1016 quasi
3288 963 3395 1004 non

1828 1026 2181 1081 exsistcntem
2212 1029 2542 1099 bIaSpbemis
2593 1033 2754 1089 dictis
2797 1033 3159 1104 incessebant,
3189 1038 3398 1108 pudore

1828 1115 2007 1170 allecti
2043 1119 2268 1173 insanize
2299 1121 2462 1175 linem
2496 1122 2718 1177 facient.

1904 1231 1923 1263 ι
1960 1212 2119 1266 Zelus
2145 1215 2514 1282 apprebcndet
2536 1218 2785 1287 populum
2817 1219 3166 1278 ineruditum.
3194 1240 3213 1273 ι
3254 1218 3396 1275 Sub.

1826 1303 2027 1359 iudicat
2069 1319 2163 1360 eos
2199 1323 2267 1362 ex
2314 1308 2729 1365 circumcisione
2756 1349 2771 1373 ,
2811 1312 2902 1379 qui
2931 1301 3159 1380 gratiam
3189 1311 3393 1368 Christi

1828 1410 1935 1451 non
1967 1396 2197 1466 amplexi
2244 1407 2407 1462 sunt;
2452 1417 2470 1449 ι
2506 1397 2571 1452 Ει
2605 1399 2719 1467 jam
2763 1401 2900 1471 ignis
2933 1402 3272 1458 adversarios
3300 1401 3395 1459 de-

1824 1496 2013 1554 vorat;
2058 1506 2078 1539 ι
2137 1499 2325 1559 utpote
2352 1491 2445 1559 qni
2492 1493 2777 1546 sententia:
2821 1493 3142 1562 subjiciendi
3176 1494 3286 1548 sint
3310 1495 3395 1548 di-

1825 1583 1994 1647 centi,
2036 1600 2054 1633 ι
2088 1582 2353 1638 Discedite
2399 1586 2453 1636 in
2508 1584 2686 1651 ignem
2711 1593 2998 1651 :eternntn,
3029 1596 3389 1656 pra'paratum

1826 1674 2042 1728 diabolo
2072 1685 2125 1729 et
2156 1676 2360 1745 angelis
2386 1675 2503 1745 ejus
2531 1676 2594 1730 ³⁷.
2631 1694 2649 1729 ι
2700 1676 2837 1743 Quia
2887 1676 3060 1732 lucem
3088 1692 3194 1732 non
3232 1684 3392 1732 acce-

1754 1739 1797 1795 Β
1826 1776 2041 1835 perunt,
2082 1767 2189 1836 igni
2222 1739 2288 1821 ac
2314 1767 2551 1823 tenebris
2582 1771 2882 1823 tradentur.

1895 1942 2055 1999 Vsus.
2085 1944 2172 2011 12,
2210 1945 2298 1999 13.
2330 1964 2349 1997 ι
2389 1945 2612 2000 Domine
2645 1945 2787 2001 Deus
2838 1955 3042 2014 noster,
3088 1959 3275 2016 pacem
3319 1944 3391 2000 da

1822 2035 1977 2090 nobis
2008 2053 2023 2089 :
2052 2036 2230 2090 omnia
2257 2037 2401 2091 enim
2430 2038 2625 2091 dedisti
2657 2037 2830 2091 nobis.
2870 2038 3090 2092 Domine
3120 2036 3264 2093 Deus
3292 2052 3391 2092 no-

1819 2132 1953 2188 ster,
1985 2126 2197 2193 posside
2236 2141 2334 2180 nos
2368 2144 2381 2179 :
2420 2126 2663 2193 Domine,
2694 2139 2847 2182 extra
2872 2136 2922 2180 te
2950 2126 3112 2181 alium
3149 2140 3257 2181 non
3288 2141 3387 2181 no-

1820 2214 1996 2267 vimus
2032 2233 2047 2269 :
2086 2231 2279 2271 nomen
2323 2225 2470 2271 tuum
2510 2218 2850 2272 invocamus.
2880 2217 2997 2271 Alia
3028 2218 3226 2287 quippe
3262 2233 3386 2272 om-

1820 2304 1908 2359 nia
1938 2305 2035 2361 abs
2070 2317 2119 2360 te
2142 2307 2264 2360 data
2296 2307 2496 2377 optima
2523 2318 2649 2362 sunt
2683 2326 2697 2363 :
2730 2310 2824 2364 sed
2850 2310 3093 2363 omnium
3121 2309 3383 2363 donorum

1821 2397 2113 2451 maximum
2149 2406 2253 2464 est,
2278 2415 2383 2466 pax
2429 2399 2519 2453 illa
2549 2415 2667 2469 qua:
2699 2402 2796 2456 abs
2829 2411 2881 2455 te
2915 2400 3298 2470 proliciscitur,
3331 2411 3389 2458 et

1816 2503 1975 2557 quant
2006 2489 2283 2543 nobiscum
2330 2489 2590 2543 habemus
2618 2530 2633 2555 ,
2668 2501 2728 2544 ut
2773 2491 2888 2545 sine
2925 2491 3154 2545 tumultu
3181 2501 3237 2546 et
3267 2507 3386 2547 mu-

1819 2582 2020 2636 tatione
2058 2582 2336 2650 degamus,
2385 2595 2673 2650 annuaque
2718 2592 2905 2636 nostra
2929 2582 3023 2637 tibi
3049 2596 3262 2651 semper
3289 2597 3387 2636 va-

1816 2684 1947 2725 cans
1975 2683 2240 2725 servetur.
2278 2671 2332 2725 Id
2378 2681 2555 2724 autem
2611 2673 2888 2741 inveniet,
2936 2672 2982 2727 si
3029 2689 3125 2727 nos
3158 2673 3273 2741 ipse
3328 2673 3385 2726 iu

1816 2762 2088 2832 propriam
2125 2763 2217 2816 tibi
2244 2763 2642 2832 possessionem
2685 2765 2883 2819 habere
2912 2765 3154 2834 digneris
3195 2785 3209 2821 :
3255 2769 3383 2838 quia

170 2826 396 2926 ρήκαμεν.
460 2835 594 2889 Ὅτε
656 2839 838 2894 τοίνυν
901 2846 1091 2900 οὐδένα
1150 2848 1334 2921 ἕτερον
1372 2855 1713 2926 ἐκεκτήμεοα

1822 2869 1917 2910 nos
1962 2871 2066 2909 non
2107 2856 2270 2910 alium
2307 2857 2557 2911 novimus
2584 2866 2778 2925 prmter
2825 2867 2913 2925 te,
2946 2868 3002 2913 et
3053 2859 3105 2913 iu
3140 2860 3255 2914 solo
3286 2876 3382 2915 ne.

168 2915 212 3018 Eu
248 2919 335 3018 Δτῷ
397 2921 496 2995 βίῳ
562 2927 595 2999 ἢ
660 2928 742 2994 σὲ,
813 2933 1035 2999 εἰκότως
1090 2915 1476 3011 ἀντιϐολοῦμεν
1542 2915 1712 3001 κατα-

1822 2946 1962 3001 mine
1994 2957 2084 3002 tuo
2111 2948 2450 3002 conlidimus.
2476 2945 2609 3001 Cum
2641 2948 2804 3018 igitur
2831 2949 2885 3003 iu
2913 2950 3018 3003 vita
3051 2960 3236 3005 nostra
3273 2966 3380 3006 non

168 3003 385 3131 ξζιιέθῆναι
434 3014 537 3084 τῆς
590 3016 690 3087 σῆς
742 3020 995 3089 γενέσθαι
1047 3026 1261 3097 μερίδος
1316 3003 1410 3084 καὶ
1461 3032 1556 3087 τοῦ
1614 3036 1710 3090 σοῦ

1822 3037 1979 3091 alium
2014 3052 2175 3108 quam
2215 3048 2264 3091 te
2295 3039 2734 3106 possederimus;
2761 3038 2886 3107 jure
2911 3049 3385 3112 rogamus,uttnze

169 3098 356 3170 κλήρου·
1738 3098 1783 3131 υ
1814 3130 2075 3199 portionis
2103 3140 2151 3183 et
2176 3131 2340 3184 sortis
2368 3145 2488 3185 esse
2517 3146 2845 3186 mereamur.

228 3197 336 3290 ι-οἱ
374 3198 429 3251 δὲ
457 3202 644 3273 νεκροὶ
671 3202 813 3274 ζωὴν
848 3206 909 3259 οὐ
939 3207 1015 3279 μὴ
1049 3208 1252 3278 ἴδωσιν,
1279 3214 1400 3268 οὐδὲ
1447 3217 1620 3290 ἰατροὶ
1648 3218 1709 3272 οὐ

1822 3197 1831 3199 ν
1882 3214 2047 3270 Vnus.
2091 3217 2174 3268 t4.
2227 3234 2245 3266 ι
2304 3214 2501 3269 lllortui
2546 3228 2725 3272 autem
2759 3219 2926 3275 vitam
2962 3236 3066 3276 non
3100 3222 3389 3288 videbunt,

169 3280 229 3355 μὴ
246 3284 591 3384 ἀναστήσωσι.
628 3295 727 3350 Διὰ
754 3298 912 3351 τοῦτο
944 3301 1250 3372 ἀπήγαγες,
1286 3308 1379 3359 καὶ
1400 3280 1708 3375 ἀπώλεσας,

1822 3321 1990 3376 neque
2022 3308 2215 3360 medici
2252 3308 2620 3376 suscitabnnt.
2652 3310 2773 3365 Ideo
2820 3312 3093 3368 abduxiin
3119 3353 3135 3378 ,
3171 3325 3226 3369 et
3256 3329 3383 3384 per-

168 3377 242 3473 καί
263 3373 390 3473 ῆρας
412 3385 517 3436 πᾶν
552 3386 721 3456 ἄρσεν
750 3389 945 3445 αὐτῶν.
986 3412 1006 3444 ι
1273 3397 1371 3468 μὲν
1404 3397 1519 3464 οὖν,
1554 3363 1707 3473 φησί,

1900 3363 1916 3376 ,
2475 3363 2491 3376 .
2748 3363 2762 3365 -
3176 3363 3224 3369 ν-
3257 3363 3344 3384 τν-

1822 3396 2017 3461 iidisti,
2047 3405 2103 3450 et
2134 3397 2402 3451 sustulisti
2440 3413 2604 3453 omne
2654 3400 2951 3455 masculum
2980 3416 3191 3458 eorum.
3222 3422 3241 3455 ι
3272 3403 3391 3461 Nos

168 3466 235 3518 σοὶ
260 3470 427 3540 ἐσμὲν,
455 3474 652 3547 Κύριε,
676 3480 769 3532 καὶ
803 3483 866 3534 σὺ
896 3483 957 3535 τὸ
990 3485 1253 3559 ἡμέτερον
1276 3466 1546 3563 ήύπάρκεις

1822 3486 2049 3557 quidem,
2085 3488 2183 3550 ait,
2211 3487 2286 3541 tui
2315 3503 2502 3542 sumus
2524 3527 2540 3553 ,
2569 3489 2792 3544 Domine
2814 3533 2831 3559 ,
2866 3501 2920 3545 et
2948 3501 3001 3545 tu
3033 3503 3216 3548 nostra
3252 3509 3380 3564 pos-

168 3572 225 3625 μα
240 3576 251 3587 ⁸
274 3563 316 3613 οί
340 3563 391 3616 δὲ
411 3570 527 3631 ταῖς
549 3570 687 3640 πρὸς
707 3570 932 3626 θάνατον
965 3575 1258 3648 ἁμαρτίαις
1286 3581 1512 3647 ἑαυτοὺς
1535 3563 1708 3639 ἐκδόν-

1822 3580 1983 3634 sessio
2013 3594 2109 3644 es;
2144 3579 2239 3647 qui
2273 3594 2402 3634 vero
2429 3594 2550 3635 sese
2584 3584 2822 3650 peccatis
2850 3584 2918 3637 ad
2962 3596 3193 3640 mortem
3223 3588 3382 3642 dedi-

165 3665 251 3714 τες,
280 3656 363 3708 καὶ
390 3655 475 3710 διὰ
500 3660 664 3713 τοῦτο
684 3666 866 3733 νεκροὶ
894 3665 990 3729 τὰς
1015 3666 1189 3738 ψυχὰς
1214 3672 1493 3744 γενόμενοι
1511 3692 1525 3705 ο
1564 3694 1583 3727 t
1605 3676 1709 3746 ψυ-

1822 3670 2021 3739 ierunt,
2089 3672 2321 3740 ideoque
2373 3672 2661 3727 animabus
2724 3678 2925 3729 mortui
2980 3687 3105 3731 sunt
3175 3696 3189 3731 :
3253 3694 3395 3733 nam

296 3747 456 3818 γὰρι
496 3752 910 3826 ἁμαρτάνουσα,
959 3758 1096 3831 αὕτη
1125 3741 1509 3820 ἀποθανεῖται·
1549 3788 1567 3821 ι
1606 3741 1705 3843 τὴν

1822 3781 1829 3815 ι
1855 3764 2036 3817 anima
2055 3779 2174 3833 qua:
2194 3766 2522 3835 peccaverit,
2555 3766 2668 3835 ipsa
2690 3768 2950 3823 morietur
2973 3785 2986 3820 :
3009 3787 3028 3821 ι
3054 3771 3381 3840 promissam

165 3832 205 3885 δὲ
225 3837 623 3914 ἐπηγγελμένην
650 3850 760 3910 τοῖς
786 3850 961 3918 ἁγίοις
993 3852 1209 3908 αἰώνιον
1236 3856 1378 3931 ζωὴν
1419 3862 1520 3915 οὐκ
1545 3832 1707 3933 ὄψον-

1822 3856 2005 3911 ianetis
2039 3832 2297 3911 aeternam
2330 3858 2494 3910 vitam
2529 3872 2633 3911 non
2666 3858 2947 3922 videbunt,
2979 3876 3152 3932 neque
3181 3861 3382 3918 medici

166 3938 249 3989 ut,
272 3930 379 3983 οὐδὲ
422 3935 595 4007 ἰατροί
633 3935 795 3989 ποθεν
834 3940 1151 4008 ἐπιστάντες
1184 3948 1324 4001 κατὰ
1348 3950 1438 4003 τὸν
1460 3950 1559 4022 τῆς
1582 3930 1703 4024 κρί-

1822 3950 2166 4019 tudecunque
2214 3952 2477 4006 accedant
2513 3950 2704 4021 judicii
2778 3961 3020 4024 tempore
3044 3930 3077 4019 ,ἡ
3122 3966 3381 4023 poterunt

165 4032 274 4082 σεως
300 4025 474 4095 καιρὸν
505 4027 824 4099 δυνήσονται
848 4033 1029 4097 αὐτοῖς
1051 4038 1409 4111 ἐπικουρῆσαι
1440 4044 1575 4116 πρὸς
1602 4063 1704 4100 σω-

1824 4044 1937 4114 psis
1964 4057 2121 4112 opem
2151 4043 2216 4097 ad
2249 4043 2479 4098 salutem
2521 4043 2770 4099 conferre
2794 4084 2812 4110 ,
2844 4061 3016 4117 neque
3042 4062 3136 4103 eos
3158 4048 3227 4104 ab
3255 4051 3373 4104 exi-

170 4110 339 4179 τηρίαν,
389 4118 495 4170 οὐδ’
538 4120 607 4173 ἂν
647 4122 945 4195 ἀναστῆσαι
996 4127 1172 4182 αὐτῶν
1205 4131 1306 4203 τὴν
1344 4134 1568 4191 πτῶσιν.
1595 4137 1702 4203 Οὓς

1825 4110 1879 4190 io
1906 4110 2193 4190 suscitare.
2224 4135 2282 4189 Si
2311 4137 2532 4206 quidem
2560 4152 2699 4205 quos
2729 4147 2783 4192 tu
2807 4177 2828 4204 ,
2855 4155 3081 4210 magne,
3115 4142 3381 4198 terribilis

165 4202 249 4303 γάρ
278 4206 333 4257 σὺ
360 4210 387 4260 ὁ
411 4210 583 4279 μέγας
615 4216 709 4266 καὶ
735 4216 961 4289 φοϐερὸς
994 4221 1086 4273 καὶ
1110 4202 1315 4287 δίκαιος
1344 4216 1536 4299 κρίτης
1558 4245 1702 4302 παρ-

1822 4237 1857 4284 :t
1895 4228 2043 4299 juste
2070 4228 2245 4284 Judcx
2275 4269 2290 4294 ,
2320 4202 2591 4300 perniciei.
2629 4232 2898 4288 tradidisti
2925 4274 2941 4298 ,
2972 4234 3096 4303 quis
3124 4236 3371 4291 medicus

166 4290 337 4361 ἔδωκας
391 4301 657 4375 ἀπωλείᾳ,
716 4307 798 4371 τίς
866 4311 1065 4383 ἰατρῶν
1125 4313 1493 4373 διασώσασθαι
1534 4320 1699 4393 δυνή-

1822 4290 2017 4376 ιοινιιτο
2043 4321 2288 4392 poterit?

165 4397 286 4438 σεται
303 4405 316 4452 ;
1726 4429 1779 4488 D

1880 4516 1899 4552 ι
1939 4499 2062 4556 Ideo
2092 4500 2364 4558 abduxisti
2398 4511 2452 4557 et
2482 4504 2802 4573 perdidisti,
2844 4514 2897 4561 et
2927 4504 3187 4562 sustulisti
3212 4523 3372 4564 omne

1802 4591 2104 4645 masculum
2152 4607 2360 4647 eorum.
2410 4612 2429 4646 ι
2464 4594 2570 4648 Pro
2601 4595 2690 4650 illo
2720 4607 2898 4652 autem
2928 4636 2945 4658 ,
2979 4614 2999 4649 ι
3028 4607 3083 4654 et
3103 4599 3372 4655 sustulisti

1800 4683 1961 4737 oiliii‘e
1992 4682 2289 4739 masculum
2328 4701 2515 4740 eorum
2543 4727 2558 4751 ,
2603 4706 2621 4738 ι
2658 4681 3014 4759 Symmachus
3038 4728 3058 4753 ,
3096 4708 3116 4741 ι
3151 4705 3369 4747 omnem

1802 4776 2119 4830 memoriam
2174 4792 2391 4845 eorum;
2432 4798 2450 4831 ι
2489 4780 2681 4851 Aquila
2738 4795 2868 4836 vero
2913 4791 2970 4838 et
3017 4782 3316 4840 Tlteodotio
3352 4828 3367 4851 ,

1805 4884 1826 4919 ι
1863 4881 2023 4922 οιηιιο
2055 4870 2367 4926 memoriale
2393 4888 2605 4937 eorum,
2645 4892 2664 4924 ι
2698 4874 3033 4945 interpretati
3066 4885 3213 4933 stmt.
3265 4877 3373 4932 Par

1796 4970 1914 5015 erat
1943 4964 2086 5016 enim
2119 4974 2420 5019 memorato
2464 4964 2650 5033 judicii
2690 4977 2930 5036 tempore
2954 5009 2968 5035 ,
2998 4984 3216 5024 onmem
3269 4986 3369 5025 ne-

1798 5054 1980 5120 quitizn
2017 5058 2335 5111 memoriam
2365 5058 2432 5111 de
2462 5058 2637 5112 medio
2664 5058 2801 5112 tolli.
2839 5060 2991 5126 Quod
3024 5061 3069 5116 si
3097 5062 3365 5126 dicamus,

1802 5162 1823 5196 ι
1852 5161 2014 5200 omne
2050 5148 2347 5202 masculum
2384 5164 2594 5215 eorum,
2640 5169 2658 5203 ι
2694 5165 2946 5221 magnam
2994 5168 3172 5208 sermo
3222 5169 3366 5224 pra:-

1799 5237 1903 5293 l‘ert
1941 5242 2356 5307 lmmanitatem,
2409 5244 2566 5313 quasi
2596 5244 2803 5301 scilicet
2830 5261 2934 5300 non
2967 5246 3067 5317 ipsi
3104 5258 3360 5316 peccato-

1800 5348 1890 5388 res
1917 5333 2129 5388 delendi
2160 5350 2223 5389 ae
2268 5334 2509 5390 funditus
2559 5337 2815 5405 perdendi
2845 5340 2978 5406 sint,
3027 5338 3122 5394 sed
3170 5353 3362 5394 eorum

1796 5424 1939 5479 fetus
1964 5464 1979 5489 ,
2015 5439 2152 5493 quos
2195 5440 2381 5480 eorttm
2415 5427 2593 5479 anima
2627 5428 2837 5497 peperit
2861 5420 2890 5492 .’
2933 5428 3086 5484 malae
3111 5429 3367 5486 videlicet

1795 5516 2170 5586 cogitationes,
2204 5517 2270 5572 de
2304 5518 2481 5572 medio
2507 5517 2753 5576 tollenda
2780 5519 2906 5575 sint.

223 4494 238 4527 ι
266 4480 353 4534 Διά
374 4484 525 4539 τοῦτο
560 4489 844 4561 ἀπήγαγες
870 4493 964 4546 καὶ
988 4494 1293 4562 ἀπώλεσας,
1319 4502 1411 4554 καὶ
1428 4497 1462 4573 ἦ
1471 4520 1568 4575 ρας
1588 4506 1697 4560 πᾶν

164 4564 299 4635 ἄρσεν
357 4576 547 4633 αὐτῶν.
592 4598 612 4631 ι
670 4582 813 4635 Ἀντὶ
873 4584 931 4637 δὲ
992 4584 1109 4651 τοῦ,
1156 4605 1188 4647 ,σ
1245 4590 1337 4642 καὶ
1395 4586 1535 4662 ἦρας
1588 4597 1697 4649 πᾶν

163 4657 299 4757 ἄρσεν
329 4666 521 4732 αὐτῶν,
567 4690 586 4721 ι
634 4672 662 4724 ὁ
701 4673 1012 4745 Σύμμαχος,
1054 4697 1073 4729 ‹
1109 4680 1286 4732 πᾶσαν
1331 4657 1449 4753 τὴν-
1476 4686 1696 4757 μνήμην

164 4752 310 4806 αὐτῶν
337 4775 350 4788 -
381 4779 398 4811 ι
429 4764 528 4816 ὁδὲ
568 4764 906 4837 Ἀκύλαςξκαὶ
927 4768 1235 4835 Θεοδοτίων,
1273 4792 1291 4823 ι
1332 4776 1438 4828 πᾶν
1465 4752 1526 4830 τὸ
1558 4752 1695 4849 μνη-

167 4844 360 4909 μέσυνον
394 4853 569 4907 αὐτῶν
606 4876 623 4909 ι
645 4859 1016 4930 ἡρμήνευσαν.
1046 4863 1191 4915 Ἔδει
1220 4865 1326 4937 γὰρ
1354 4869 1533 4921 πᾶσαν
1566 4872 1697 4943 μνή-

167 4950 251 5004 μην
279 4943 462 5008 κακίας
505 4947 735 5019 ἀρθῆναι
778 4952 916 5005 κατὰ
964 4952 1051 5007 τὸν
1073 4954 1401 5027 δηλούμενον
1450 4960 1548 5031 τῆς
1581 4964 1702 5032 κρί-

168 5040 275 5092 σεως
324 5037 524 5107 καιρόν.
568 5041 629 5093 Εἰ
680 5041 737 5094 δὲ
778 5042 1005 5112 λέγοιτο,
1042 5065 1060 5097 ι
1094 5049 1203 5100 πᾶν
1240 5049 1405 5120 ἄρσεν
1436 5052 1636 5118 αὐτῶν,
1676 5074 1695 5106 ι

171 5117 329 5193 ιωῖἇιὴν
358 5128 562 5197 εἰσάγει
583 5132 680 5203 τὴν
700 5134 1106 5209 φιλανθρωπίαν
1138 5140 1166 5192 ὁ
1198 5138 1385 5208 λόγος·
1424 5144 1498 5207 ὡς
1522 5145 1699 5199 αὐτῶν

167 5210 245 5309 μὲν
266 5214 640 5309 ήμαρτηκότων
681 5226 754 5298 μὴ
801 5228 1100 5298 μελλόντων
1133 5232 1510 5303 ἀφανίζεσθαι,
1561 5239 1702 5309 μηδὲ

168 5302 225 5365 εἰς
245 5307 297 5361 τὸ
310 5314 558 5379 παντελὲς
580 5319 904 5377 ἀπόλλυσθαι
924 5341 937 5353 ·
971 5325 1079 5378 τῶν
1099 5324 1156 5380 δὲ
1172 5330 1524 5399 γεννημάτων
1551 5330 1693 5387 οὕτω

168 5394 483 5494 δτὶλξυμένων,
540 5402 611 5462 ὧν
658 5413 689 5481 ἡ
746 5413 891 5487 ψυχὴ
941 5417 1122 5471 αὐτῶν
1178 5394 1474 5494 γεγέννηκε
1542 5423 1689 5493 λογι-

169 5485 288 5549 ³μῶν
308 5497 567 5567 πονηρῶν,
592 5501 794 5558 τούτων
822 5485 1125 5581 ἀφανισμὸν
1145 5485 1469 5585 γενήσεσθαί
1498 5485 1683 5587 φησίν.

217 5684 250 5714 ¹’
282 5689 455 5751 Μιιιὶἰι.
490 5710 614 5755 xxv.
652 5703 736 5757 Η.
