3862 6210
1103 285 1374 344 EUSEBII
1403 283 1887 346 ‘CESAR‘IENSIS
1918 287 2070 346 ore.
2103 287 2290 346 PARS
2321 281 2418 344 m.
2449 312 2526 329 -
2549 272 2973 344 'EXEGETICA.

3511 305 3517 309 ·
3574 277 3688 342 978

451 431 454 434 η
499 399 672 461 Vens.
715 405 784 460 ιδ
811 443 829 471 ,
871 389 963 463 16.
999 423 1020 456 ι
1059 405 1208 461 Adde
1233 406 1314 462 eis
1341 406 1477 461 maia
1505 447 1522 472 ,
1571 408 1835 474 Domine,
1864 409 2002 464 adde

2115 418 2118 420 '
2179 425 2199 460 ι
2228 405 2469 479 Πρόσθες
2501 405 2683 469 αὐτοῖς
2716 403 2884 468 κακὰ,
2905 401 3104 474 Κύριε,
3129 399 3371 472 ’πρόσθες
3402 399 3552 459 κακᾶ
3579 405 3694 465 τοῖς

430 499 571 556 mala
615 498 864 571 gloriosis
913 508 1091 554 terrm.
1142 500 1409 566 Domine,
1451 500 1505 556 iu
1537 501 1885 558 tribulatione
1918 516 2002 556 re-

429 591 635 646 cordati
669 605 856 645 sumus
885 591 960 644 tui
1001 613 1011 646 :
1050 591 1102 644 in
1136 591 1487 647 tribulatione
1512 607 1678 662 parva
1719 593 2002 665 disciplina

430 690 526 736 tua
552 681 729 736 nobis.
770 700 790 732 ι
824 681 1090 749 Quoniam
1123 683 1445 738 universalis
1468 683 1659 753 judicii
1684 686 1858 740 locum
1883 701 2005 741 con—

430 771 724 840 templatur
748 771 1039 840 propheta,
1071 787 1168 828 ceu
1197 771 1402 842 judicio
1434 789 1694 844 praesens,
1738 790 1801 830 ac
1828 777 2002 833 tribu-

431 861 546 917 nali
578 862 671 917 Dei
721 873 944 929 astans;
983 878 1082 933 pro
1107 864 1423 920 conditione
1447 881 1627 920 rerum
1655 883 1789 937 quas
1817 869 1960 922 videt
1985 909 2000 934 ,

428 954 592 1010 modo
623 954 932 1019 conlitetur,
961 958 1124 1011 modo
1152 966 1428 1027 precatur,
1461 960 1621 1013 modo
1649 962 1850 1030 gratias
1872 961 1999 1030 agit,

428 1058 554 1101 mox
580 1044 757 1116 dignis
790 1060 819 1099 a
852 1045 963 1100 Deo
997 1061 1097 1116 pro
1147 1048 1340 1102 merito
1375 1049 1581 1104 dandas
1617 1052 2004 1107 retributiones

427 1144 670 1191 enarrat.
716 1135 842 1191 Haec
892 1152 1056 1207 porro
1090 1141 1272 1194 omnia
1325 1141 1481 1195 nobis
1514 1155 1611 1211 per
1665 1139 2002 1212 Scripturam

429 1224 582 1281 suam
610 1226 788 1295 oﬂert,
823 1237 884 1282 ut
912 1229 1279 1296 instituamur,
1309 1233 1486 1286 edocti
1520 1234 1702 1287 omnia
1738 1249 1859 1304 quae
1889 1234 2004 1304 ipse

427 1330 499 1374 ex
529 1318 694 1375 divini
725 1321 961 1389 Spiritus
991 1321 1351 1378 illustratione
1398 1336 1645 1380 noverat.
1695 1325 1761 1381 Et
1812 1341 1953 1381 nunc
1985 1367 2000 1392 ,

429 1411 645 1483 inquit,
686 1413 950 1481 Domine,
987 1431 1110 1471 cum
1145 1427 1356 1488 tempus
1391 1419 1642 1482 adesset,
1689 1419 1744 1472 in
1778 1428 2002 1489 angusta

433 1513 492 1560 et
521 1512 672 1560 arcta
699 1508 786 1560 via
826 1504 1158 1571 incedentes,
1177 1521 1274 1577 pro
1296 1509 1494 1577 pietate
1518 1510 1999 1564 eoncertabamus:

427 1611 618 1653 verum
667 1596 723 1652 in
757 1595 1046 1652 aﬂlictione
1096 1598 1187 1652 illa
1223 1637 1239 1661 ,
1292 1614 1630 1670 nequaquam
1661 1616 1877 1656 eramus
1926 1602 2002 1657 tui

428 1690 778 1746 immemores
807 1707 825 1744 :
858 1689 950 1746 sed
978 1690 1353 1747 recordatione
1393 1693 1469 1746 tui
1513 1694 1851 1748 corroborati
1909 1709 2005 1764 pa-

2103 499 2335 564 ὲνδόξοις
2357 500 2457 572 τῆς
2483 499 2608 568 γῆς.
2635 497 2833 569 Κύριε,
2868 498 2931 550 ’ὲν
2965 494 3140 565 θλίψει
3171 493 3526 566 ὲμνήσθημέν
3558 511 3654 547 σου
3673 511 3692 523 ‘

2104 592 2160 643 ὲν
2187 589 2363 660 θλίψει
2409 590 2583 660 μικρᾷ
2625 588 2658 658 ἡ
2697 586 2914 640 παιδεία
2960 603 3052 639 σου
3097 586 3251 656 ἡμῖν.
3283 604 3304 636 ι
3346 584 3564 655 Ἐπειδὴ
3601 585 3698 637 τὸν

2104 681 2233 752 περὶ
2263 682 2364 753 τῆς
2389 679 2621 734 καθόλου
2654 679 2889 750 κρίσεως
2914 679 3078 732 τόπον
3105 675 3300 747 θεωρεῖ
3327 677 3355 729 ὁ
3382 678 3698 748 προφήτης,

2104 775 2304 829 ὡσανεὶ
2359 770 2549 845 παρὼν
2602 775 2666 844 τῇ
2710 771 2909 844 κρίσει,
2943 771 3038 824 καὶ
3077 769 3152 840 τῷ
3189 769 3394 840 βήματι
3426 767 3519 821 τοῦ
3554 768 3697 821 Θεοῦ

2104 865 2413 940 παρεστὼς,
2443 867 2527 936 ἐφ’
2548 860 2629 929 οἷς
2655 866 2780 937 ὁρᾷ,
2809 864 2940 918 ποτὲ
2966 863 3064 934 μὲν
3097 861 3520 933 ὲξομολογεϊται,
3561 860 3698 914 ποτὲ

2103 959 2160 1012 δὲ
2196 958 2446 1024 ἱκετεύει,
2476 957 2608 1012 ποτὲ
2635 957 2691 1010 δὲ
2712 957 3040 1028 εὐχαριστεῖ,
3064 953 3195 1006 ποτὲ
3221 954 3277 1006 δὲ
3298 953 3395 1017 τὰς
3424 951 3700 1024 ἀποθησο-

2108 1050 2274 1121 μένας
2317 1049 2422 1102 sne
2468 1047 2562 1102 τοῦ
2601 1046 2746 1102 ’Θεοῦ
2781 1045 3015 1117 ἀμοιϐὰς
3050 1045 3164 1107 10?;
3195 1043 3366 1109 ἀξίοις
3397 1043 3696 1115 διέρχεται.

2104 1143 2288 1196 Πάντα
2325 1141 2383 1194 δὲ
2427 1140 2601 1194 ταῦτα
2624 1140 2712 1193 διὰ
2743 1139 2842 1210 τῆς
2870 1135 3034 1192 αὐτοῦ
3062 1136 3285 1208 Γραφῆς
3314 1136 3408 1189 καὶ
3431 1137 3566 1206 ἡμῖν
3593 1151 3700 1187 παι

2107 1235 2410 1306 ραδίδωσιν,
2459 1233 2534 1297 ὡς
2584 1233 2650 1286 ἂν
2691 1228 3088 1300 παιδευοίμεθα
3123 1228 3498 1298 διδασκόμενοι
3530 1227 3698 1283 πάνθ’

2103 1325 2202 1376 ὅσα
2256 1324 2350 1376 καὶ
2402 1323 2565 1386 αὐτὸς
2613 1323 2678 1375 ἐκ
2719 1321 2819 1391 τῆς
2865 1318 2959 1372 τοῦ
3004 1318 3149 1371 θείου
3197 1317 3516 1388 Πνεύματος
3571 1318 3701 1372 ἑπι-

2104 1415 2362 1485 λάμύεως
2381 1414 2540 1484 ἔγνω.
2568 1413 2679 1466 Καὶ
2704 1411 2798 1466 νῦν
2831 1407 2944 1475 οὖν,
2978 1411 3161 1481 φησὶν,
3191 1411 3279 1463 ὅτε
3304 1409 3495 1480 καιρὸς
3521 1404 3612 1481 ἦν,
3647 1403 3700 1463 ὦ

2105 1507 2298 1578 Κύριε,
2333 1507 2431 1578 τὴν
2484 1505 2675 1576 στενὴν
2721 1504 2815 1559 καὶ
2859 1504 2958 1576 τὴν
3004 1502 3370 1573 τεθλιμμένην
3415 1501 3698 1566 ὁδεύοντες

2105 1599 2245 1670 ὑπὲρ
2266 1599 2364 1670 τῆς
2390 1597 2673 1660 εὐσεϐείας
2698 1595 3103 1667 ἠγωνιζόμεθα·
3135 1594 3274 1666 πλὴν
3301 1594 3394 1648 καὶ
3423 1595 3481 1646 ὲν
3501 1593 3695 1666 ἐκείνῃ

2106 1689 2171 1759 τῇ
2211 1687 2387 1758 θλίψει
2423 1688 2524 1740 οὐκ
2575 1682 2718 1759 ἦμέν
2779 1703 2871 1740 σου
2915 1686 3258 1756 ἀμνήμονες-
3307 1685 3399 1738 ὐπ’
3435 1685 3606 1755 αὐτῆς
3635 1683 3698 1738 δὲ

349 1835 353 1843 ,
429 1782 626 1838 tienter
676 1781 1018 1848 ferebamus,
1051 1784 1127 1838 ita
1158 1792 1220 1839 ut
1246 1783 1586 1849 diceremus,
1625 1803 1643 1837 ι
1679 1783 2004 1842 Ττὶὺιιιιιιίοα

2112 1781 2202 1851 τῆς
2247 1781 2348 1852 σῆς
2397 1782 2618 1852 μνήμης
2653 1780 3047 1850 δυναμούμενοι
3101 1779 3382 1851 καρτερῶς
3424 1778 3699 1849 ὑπεμένο-

427 1889 554 1929 nem
588 1874 877 1945 patientes,
913 1875 1008 1930 sed
1036 1891 1146 1930 non
1197 1876 1497 1946 angustiati
1525 1893 1540 1943 ;
1571 1878 2004 1946 persecutionem

427 1964 687 2033 ferentes,
717 1968 810 2022 sed
840 1981 944 2022 non
971 1967 1248 2034 derelicti;
1285 1967 1498 2037 dejecti,
1531 1968 1626 2024 sed
1669 1984 1774 2024 non
1823 1971 2005 2040 perdi-

430 2057 470 2112 ti
494 2057 559 2112 ¹⁸.
591 2075 610 2110 ι
645 2055 758 2112 Hac
789 2071 920 2126 ergo
942 2056 1262 2112 calamitate
1288 2057 1590 2125 erudimur,
1621 2059 1852 2114 scientes
1878 2059 2006 2129 quia

429 2159 596 2220 quem
627 2147 802 2220 diligit
832 2149 998 2214 Deus,
1019 2147 1268 2220 castigat.

493 2327 670 2385 Vens.
699 2329 787 2398 i7,
815 2329 905 2386 i8.
938 2348 957 2384 ι
993 2330 1061 2386 Ει
1087 2331 1229 2387 sicut
1267 2331 1586 2401 parturiens
1613 2333 2009 2403 apprOpinquat

429 2421 498 2477 ad
522 2429 758 2492 partum,
782 2432 835 2477 et.
861 2423 914 2477 in
945 2423 1133 2479 dolore
1160 2440 1258 2479 suo
1288 2425 1520 2480 clamat:
1555 2425 1634 2479 sic
1662 2425 1788 2479 facti
1823 2440 2009 2480 sumus

429 2511 638 2568 Dilecto
662 2521 773 2568 tuo.
803 2512 1028 2581 Propter
1057 2515 1302 2569 timorem
1333 2525 1504 2579 tuum,
1531 2515 1772 2576 Domine,
1807 2515 1864 2569 in
1889 2523 2010 2570 ute-

429 2617 496 2658 ro
521 2605 832 2675 accepimus
852 2645 870 2673 ,
904 2616 961 2662 et
991 2608 1378 2676 parturivimus
1405 2649 1420 2676 ,
1462 2620 1517 2664 et
1545 2610 1852 2680 peperimus
1895 2611 2002 2680 spi-

429 2695 596 2750 ritum
617 2695 808 2752 salutis
835 2707 939 2752 tuae
961 2739 976 2763 ,
1009 2713 1168 2768 quem
1202 2701 1430 2756 fecimus
1462 2701 1516 2756 in
1561 2709 1726 2757 terra.
1769 2701 1883 2757 Non
1917 2717 2008 2758 ca-

429 2785 644 2856 demus,
669 2788 764 2844 sed
791 2789 986 2845 cadent
1007 2805 1197 2846 omnes
1221 2791 1554 2849 habitatores
1584 2803 1762 2848 terrae.
1790 2813 1808 2846 )
1830 2795 2009 2862 Quare

431 2897 646 2938 omnem
673 2882 911 2940 laborem
940 2887 1292 2951 sustinentes,
1327 2887 1530 2942 similes
1555 2903 1774 2944 eramus
1795 2887 2005 2944 mulieri

431 2973 753 3040 parturienti
781 3011 797 3036 ,
837 2981 891 3028 et
919 2973 1214 3030 clamorem
1247 2978 1554 3046 etnittenti,
1603 2979 1728 3050 quia
1762 2980 1837 3044 id,
1864 2981 2006 3048 quod

431 3061 486 3116 in
515 3071 705 3118 ventre
736 3073 1006 3133 movetur,
1040 3065 1095 3120 in
1125 3065 1298 3122 lucem
1321 3069 1550 3126 enixura
1579 3079 1663 3125 est
1692 3088 1708 3124 :
1741 3070 1816 3124 ita
1835 3080 1890 3126 et
1910 3086 2007 3127 nos

429 3162 679 3222 respectu
711 3153 904 3210 Dilecti
951 3157 1026 3211 tui
1075 3157 1274 3213 fuimus
1308 3177 1321 3214 :
1355 3175 1478 3214 nam
1513 3161 1846 3232 unigenitum
1872 3163 2006 3218 Ver-

429 3241 557 3297 bum
592 3252 740 3300 tuum
772 3246 920 3302 intus
944 3247 998 3301 in
1028 3249 1207 3303 anima
1232 3250 1516 3318 habentes,
1546 3268 1758 3308 necnon
1787 3254 2005 3310 insitum

429 3336 530 3390 abs
579 3347 634 3392 te
679 3338 838 3393 nobis
868 3339 1106 3394 divinum
1163 3342 1452 3410 timorem,
1505 3360 1568 3398 ac
1596 3357 2009 3415 perseveranter

431 3426 692 3496 ferentes,
722 3444 827 3484 non
867 3445 963 3501 spe
988 3430 1125 3502 lapsi
1153 3447 1382 3500 sumus;
1424 3437 1519 3491 sed
1547 3439 1855 3511 peperimus
1895 3439 2006 3510 spi-

431 3518 594 3573 ritum
624 3520 838 3576 salutis.
879 3521 1013 3576 Nam
1062 3522 1186 3579 ﬂuis
1225 3524 1318 3579 ille
1372 3525 1563 3581 Dilecti
1597 3528 1672 3581 tui
1710 3537 1765 3583 et
1799 3529 2008 3584 timoris

429 3610 546 3678 ejus
570 3619 780 3682 partus,
818 3612 1042 3684 spiritus
1073 3617 1244 3670 nostri
1277 3624 1422 3672 satus
1448 3627 1602 3682 erat;
1645 3633 1805 3690 quem
1842 3620 2006 3689 spiri-

431 3711 546 3756 tum
579 3709 640 3756 ut
667 3703 958 3768 edidimus,
995 3705 1248 3761 omnibus
1274 3707 1464 3762 orbem
1514 3707 1878 3765 incolentibus
1905 3711 2006 3766 lto-

330 3865 332 3867 ,
431 3792 670 3848 minibus
697 3804 882 3849 notum
915 3796 1170 3863 fecimus;
1217 3807 1273 3853 ut
1311 3807 1376 3854 ἐι
1417 3799 1520 3868 ipsi
1559 3801 1688 3856 hinc
1710 3803 1906 3870 edocti,
1940 3818 2008 3863 ex

431 3883 776 3940 aemulatione
807 3889 1146 3953 parturiendi
1185 3904 1216 3944 a
1247 3890 1445 3946 timore
1499 3901 1592 3947 tuo
1617 3933 1632 3958 ,
1661 3902 1718 3948 et
1763 3895 2010 3963 pariendi

431 3973 680 4028 eumdem
733 3975 1020 4045 spiritum,
1071 3978 1360 4035 utilitatem
1400 3981 1724 4053 percipiant.
1788 3983 2005 4038 Etenim

430 4064 523 4134 qui
553 4064 696 4120 hunc
728 4065 919 4124 salutis
966 4069 1218 4138 spiritum
1269 4087 1376 4126 non
1409 4074 1801 4144 conceperint,
1834 4091 2008 4146 neque

432 4157 762 4225 pepererint,
788 4171 911 4212 cum
937 4158 1176 4228 alioquin
1203 4161 1419 4218 steriles
1443 4171 1498 4218 et
1526 4162 1860 4220 infructuosi
1877 4167 2005 4232 sint,

431 4264 462 4302 a
493 4262 592 4318 spe
634 4249 690 4308 in
723 4257 774 4304 te
803 4251 1040 4320 reposita
1079 4252 1332 4307 excident
1376 4271 1390 4307 :
1439 4255 1531 4323 qui
1573 4264 1752 4309 autem
1793 4270 1858 4310 ex
1885 4270 2010 4325 por-

432 4341 578 4397 tione
607 4351 699 4397 tua
730 4352 898 4409 sunt,
943 4343 1146 4413 quique
1171 4354 1394 4415 propter
1426 4354 1480 4400 te
1518 4362 1881 4402 aerumnarum
1911 4364 2006 4419 ge-

2111 1887 2238 1942 μεν’
2263 1870 2402 1923 ὥστε
2428 1870 2606 1938 λέγειν
2669 1887 2688 1920 ‹
2717 1869 3052 1940 Θλιϐόμενοι,
3089 1868 3202 1921 ἀλλ’
3241 1869 3302 1922 οὐ
3329 1867 3700 1939 στενοχωροῦσ-

2110 1979 2292 2034 μενοι·
2315 1962 2650 2034 διωκόμενοι,
2672 1961 2784 2016 ἀλλ’
2810 1962 2907 2014 οὐκ
2932 1961 3534 2032 ὲγκαταλιμπανόμενοι
3553 1977 3568 1990 ·
3591 1977 3701 2016 κα-

2106 2053 2517 2125 ταϐαλλόμενοι,
2559 2053 2674 2107 ἀλλ’
2715 2054 2817 2107 οὐκ
2849 2051 3226 2126 ἀπολλύμενοι.
3282 2073 3300 2104 ι
3341 2053 3440 2107 Διὰ
3488 2052 3700 2122 ταύτης

2104 2145 2237 2214 γοῦν
2265 2145 2367 2215 τῆς
2389 2144 2623 2215 θλίψεως
2645 2143 3033 2216 παιδευόμεθα,
3059 2144 3278 2208 εἰδότες,
3306 2145 3388 2198 ὅτι
3411 2144 3473 2198 ὃν
3499 2145 3696 2215 ἀγαπᾷ

2105 2236 2330 2309 Κύριος,
2358 2235 2622 2290 παιδεύει.

2183 2347 2203 2378 ι
2231 2328 2344 2380 Καὶ
2372 2328 2448 2392 ὡς
2483 2329 2517 2400 ή
2553 2327 2820 2382 ὠδίνουσα
2851 2327 3056 2396 ἐγγίζει
3099 2325 3194 2380 τοῦ
3228 2329 3425 2391 τεκεῖν,
3463 2325 3559 2380 καὶ
3594 2325 3695 2379 ἐπὶ

2089 2421 2172 2496 ,τῇ
2231 2419 2379 2472 ὠδῖνι
2419 2419 2591 2490 αὐτῆς
2634 2420 2932 2490 ὲκέκραγεν
2957 2436 2971 2450 ·
3020 2417 3194 2481 οὕτως
3247 2418 3582 2491 ἐγενήθημεν
3612 2417 3698 2489 τῷ

2119 2511 2412 2583 Ἀγαπητῷ
2436 2529 2551 2566 σου.
2579 2511 2679 2566 Διὰ
2711 2514 2799 2566 τὸν
2832 2512 2993 2583 φόϐον
3029 2529 3143 2576 σου,
3175 2511 3366 2583 Κύριε,
3402 2511 3459 2562 ἐν
3492 2509 3698 2581 γαστρὶ

2110 2602 2393 2674 ἐλάϐομεν,
2417 2603 2513 2656 καὶ
2546 2602 2907 2676 ὠδινήσαμεν,
2929 2605 3023 2657 καὶ
3056 2604 3314 2673 ὲτέκομεν
3342 2601 3558 2672 πνεῦμα
3587 2618 3699 2654 σω-

2105 2695 2300 2766 τηρίας
2331 2711 2447 2758 σου,
2487 2693 2516 2747 ὃ
2547 2694 2878 2766 ἐποιήσαμεν
2904 2694 2996 2748 ἐπὶ
3029 2694 3128 2764 τῆς
3157 2695 3278 2764 γῆς.
3311 2693 3386 2746 Οὐ
3422 2690 3701 2763 πεσούμε-

2107 2784 2194 2849 θα,
2252 2783 2388 2838 ἀλλὰ
2438 2784 2727 2839 πεσοῦνται
2773 2786 2972 2848 πάντες
3011 2786 3060 2838 οἱ
3083 2783 3419 2847 ἐνοικοῦντες
3457 2782 3552 2836 ἐπὶ
3585 2783 3697 2854 τῆς

2108 2879 2228 2948 γῆς.
2269 2895 2288 2930 t
2319 2877 2409 2931 Διὸ
2447 2877 2625 2934 πάντα
2664 2879 2823 2933 πόνον
2867 2877 3246 2950 ὑπομένοντες,
3282 2878 3521 2941 ἐοικότες
3543 2872 3697 2948 ἦμεν

2105 2969 2372 3045 ὠδινούσῃ
2416 2970 2657 3040 γυναικὶ,
2709 2973 2804 3025 καὶ
2853 2972 2981 3044 βοὰς
3019 2970 3254 3044 ἀφιούσῃ
3300 2970 3428 3044 περὶ
3459 2969 3590 3024 αὐτὸ
3632 2969 3699 3024 τὸ

2116 3063 2330 3134 μέλλειν
2366 3065 2428 3117 τὸ
2456 3064 2598 3119 κατὰ
2624 3065 2863 3138 γαστρὸς
2892 3066 3208 3136 κινούμενον
3257 3065 3337 3128 είς
3390 3063 3509 3134 φῶς
3558 3080 3699 3134 προ-

2107 3155 2262 3224 άγειν
2281 3171 2295 3186 ⁸
2325 3155 2466 3209 οὕτω
2504 3156 2613 3230 γὰρ
2647 3157 2742 3211 καὶ
2769 3158 2928 3228 ἡμεῖς
2954 3157 3182 3228 ἐγενήθη
3206 3157 3304 3228 μὲν
3319 3154 3396 3227 τῷ
3425 3154 3503 3226 σῷ
3532 3155 3701 3223 Ἀγα-

2108 3245 2265 3318 πητῷ
2283 3262 2300 3276 ·
2329 3247 2420 3301 τὸν
2453 3247 2564 3319 γὰρ
2601 3251 2861 3321 μονογενῆ
2900 3266 2992 3302 σου
3017 3249 3187 3318 Λόγον
3213 3247 3361 3301 ἔνδον
3393 3248 3606 3318 ἔχοντες
3633 3249 3697 3300 ὲν

2107 3343 2173 3410 τῇ
2214 3339 2422 3394 ἑαυτῶν
2455 3340 2624 3412 ψυχῇ,
2660 3341 2753 3394 καὶ
2785 3341 2874 3394 τὸν
2901 3344 2963 3394 ὲκ
2995 3341 3087 3394 σού
3112 3341 3529 3410 κατασπαρέντα
3557 3341 3696 3412 ἡμῖν

2110 3429 2290 3483 ἔνθεον
2319 3429 2502 3499 φόϐον,
2531 3430 2624 3483 καὶ
2655 3430 2718 3501 δὴ
2749 3431 3206 3502 καρτερήσαντες,
3246 3431 3346 3483 οὐκ
3377 3428 3698 3498 έσφάλημεν

2108 3522 2207 3592 τῆς
2236 3522 2468 3585 ἐλπίδος,
2499 3520 2614 3575 ἀλλ’
2643 3522 2901 3592 ὲτέκομεν
2931 3521 3145 3592 πνεῦμα
3181 3522 3479 3593 σωτηρίας.
3524 3521 3697 3584 Τέλος

2109 3613 2219 3685 γὰρ
2253 3614 2353 3685 τῆς
2375 3615 2622 3685 κυήσεως
2663 3613 2755 3667 τοῦ
2802 3615 3110 3685 Ἀγαπητοῢ
3143 3632 3235 3668 σου
3278 3615 3372 3668 καὶ
3401 3614 3493 3668 τοῦ
3523 3613 3700 3686 φόϐου¹

2109 3705 2274 3758 αὐτοῦ
2315 3707 2349 3778 ή
2383 3705 2623 3779 σωτηρία
2647 3702 2714 3778 ἦν
2735 3705 2830 3759 τοῦ
2859 3707 3124 3779 ἡμετέρου
3156 3706 3488 3778 πνεύματος.
3509 3706 3699 3779 Ὅπερ

2109 3798 2578 3869 ἀπογεννήσαντες
2635 3799 2868 3870 φανερὸν
2923 3801 3341 3872 ’κατεστήσαμεν
3386 3801 3520 3852 πᾶσι
3577 3802 3702 3863 τοῖς

2111 3890 2204 3944 ὲπὶ
2233 3890 2334 3961 τῆς
2366 3891 2468 3962 γῆς
2496 3890 2838 3944 κατοικοῦσιν
2871 3891 3197 3964 ἀνθρώποις,
3222 3892 3298 3957 ὡς
3321 3893 3387 3946 ἂν
3417 3891 3510 3945 καὶ
3540 3891 3701 3944 αὐτοὶ

2115 3980 2378 4052 μαθόντες
2425 3982 2754 4053 ὠφεληθεῖεν
2804 3983 2893 4036 διὰ
2935 3983 3028 4037 τοῦ
3073 3981 3312 4054 ζηλῶσαι
3357 3983 3562 4053 κυῆσαι
3597 3984 3700 4036 καὶ

2111 4073 2308 4137 αὐτοὺς
2335 4074 2449 4127 ἀπὸ
2471 4073 2566 4127 τοῦ
2602 4074 2788 4144 φόϐου,
2829 4076 2924 4130 καὶ
2953 4078 3238 4129 ἀποτεκεῖν
3273 4075 3335 4128 τὸ
3370 4074 3501 4128 αὐτὸ
3530 4073 3700 4128 πνεῦ-

2116 4180 2208 4234 μα.
2257 4165 2318 4218 Οἱ
2369 4166 2477 4236 γὰρ
2530 4167 2604 4238 μὴ
2656 4166 2817 4220 τοῦτο
2864 4167 3120 4232 λαϐόντες
3165 4165 3300 4239 μηδὲ⁹
3336 4167 3589 4229 τεκόντες
3631 4166 3700 4219 τὸ

2113 4255 2332 4328 πνεῦμα
2363 4257 2463 4328 τῆς
2494 4257 2787 4330 σωτηρίας,
2823 4259 2998 4322 ἄλλως
3031 4258 3087 4312 δὲ
3119 4258 3302 4327 ἄγονοι
3329 4259 3422 4312 καὶ
3454 4259 3700 4330 ἄκαρποι

2113 4348 2410 4418 γενόμενοι,
2438 4349 2532 4402 καὶ
2554 4349 2912 4404 ἐκπεσοῦνται
2933 4353 3035 4422 τῆς
3060 4351 3209 4422 παρὰ
3244 4349 3338 4404 σοῦ
3373 4349 3586 4413 ἐλπίδος
3606 4367 3622 4382 ·
3647 4351 3701 4404 οί

431 4448 535 4490 nus
564 4450 725 4515 omne
751 4435 989 4491 tolerant
1015 4477 1030 4501 ,
1060 4438 1272 4492 etiamsi
1312 4454 1485 4509 usque
1513 4439 1579 4493 ad
1608 4450 1839 4495 mortem
1870 4456 2003 4496 con-

2112 4439 2168 4492 δέ
2216 4456 2280 4508 γε
2312 4443 2411 4511 τῆς
2431 4441 2530 4511 σῆς
2567 4441 2782 4513 μερίδος
2804 4441 2978 4506 ὄντες,
3019 4444 3067 4496 οἱ
3098 4441 3185 4495 διὰ
3219 4443 3279 4495 σὲ
3313 4444 3493 4496 πᾶσαν
3519 4441 3702 4512 θλίψιν

432 4535 513 4607 tra
545 4536 824 4597 peccatum
860 4531 1300 4585 concertaverint
1322 4571 1339 4598 ,
1372 4547 1400 4584 a
1436 4531 1545 4586 vita
1572 4573 1588 4602 ,
1634 4547 1754 4602 quae
1783 4526 2008 4607 apud‘te

429 4597 534 4684 est,
562 4633 900 4689 nequaquam
928 4620 1200 4675 labentur.

500 4797 669 4854 Vens.
698 4799 786 4859 19.
836 4819 857 4854 ι
893 4799 1198 4869 Resurgent
1231 4802 1432 4857 mortui
1460 4841 1476 4867 ,
1533 4811 1589 4856 et
1618 4800 2007 4856 excitabuntur

429 4895 524 4966 qui
543 4906 680 4953 “sunt
713 4897 769 4952 in
797 4899 1166 4966 monumentis
1191 4940 1206 4965 ,
1234 4908 1290 4954 et
1318 4899 1652 4954 laatabuntur
1674 4897 1767 4968 qui
1797 4906 1923 4952 sunt
1949 4898 2004 4951 in

430 4998 576 5044 terra
607 5005 623 5042 :
655 5003 745 5044 ros
783 4989 927 5043 enim
959 5030 976 5057 ,
1025 4991 1119 5060 qui
1153 5005 1179 5043 a
1217 4999 1269 5046 te
1297 4999 1421 5054 est,
1468 4989 1675 5045 medela
1707 4989 1840 5056 ipsis
1875 4996 1959 5042 est
1989 5005 2004 5043 :

431 5087 577 5133 terra
600 5086 781 5134 autem
815 5079 1103 5150 impiorum
1147 5081 1328 5136 cadet.
1385 5099 1404 5133 ι
1457 5081 1765 5148 Resurgent
1807 5078 2007 5148 quippe

429 5171 664 5234 mortui;
692 5171 809 5226 sive
841 5171 1136 5225 secundum
1166 5173 1437 5242 Aquilam,
1469 5190 1489 5222 ι
1524 5169 1721 5226 Vivent
1742 5171 1835 5240 qui
1859 5185 2006 5224 mor-

431 5265 508 5316 tui
563 5261 778 5318 l‘uerant
826 5263 942 5330 tui;
985 5282 1004 5316 ι
1045 5264 1161 5320 sive
1209 5265 1502 5320 secundum
1532 5263 1918 5336 Symmachum
1951 5271 2007 5316 et

429 5349 859 5410 Theodotionem
884 5397 899 5422 ,
943 5375 960 5408 ι
1000 5355 1196 5410 Vivent
1227 5357 1424 5411 mortui
1471 5357 1569 5411 tui.
1617 5375 1637 5409 ι
1677 5353 1875 5410 Mortui
1907 5369 2012 5409 au-'

431 5449 541 5494 tem
571 5441 687 5511 ejus
712 5445 935 5514 quinam
969 5445 1192 5511 fuerint,
1226 5446 1330 5501 nisi
1364 5445 1537 5501 sancti
1564 5445 1681 5515 ejus
1710 5455 2003 5517 martyres,

429 5530 526 5602 qui
559 5533 649 5588 alii
686 5549 715 5588 a
744 5536 1017 5606 praedictis
1037 5536 1267 5596 mortuis
1295 5547 1444 5608 sunt,
1472 5535 1540 5594 de
1565 5536 1768 5611 quibus
1796 5535 2002 5594 dictum

503 5710 549 5748 ι’
589 5709 628 5766 Il
657 5708 782 5766 Cor.
818 5727 892 5778 tv,
918 5713 971 5770 9.

2117 4531 2526 4602 ὑπομείναντες,
2592 4535 2640 4585 εί
2702 4533 2795 4586 καὶ
2857 4533 3019 4609 μέχρι
3058 4533 3285 4587 θανάτου
3337 4532 3702 4600 ἀγωνίσαιντο

2118 4623 2254 4694 πρὸς
2303 4623 2401 4694 τὴν
2451 4624 2741 4698 ἁμαρτίαν,
2797 4625 3049 4697 οὐδαμῶς
3097 4625 3194 4696 τῆς
3238 4624 3388 4697 παρὰ
3435 4623 3517 4676 σοὶ
3550 4621 3700 4695 ζωῆς

2115 4714 2296 4769 ἁποπε
2306 4715 2538 4769 σοῦνται.

2193 4827 2210 4858 t
2263 4808 2680 4880 Ἀναστήσονται
2707 4811 2756 4863 οἱ
2787 4810 2992 4882 νεκροὶ,
3033 4809 3126 4863 καὶ
3156 4808 3537 4880 ἐγερθήσονται
3559 4807 3609 4860 οἱ
3639 4809 3700 4860 ὲν

2112 4900 2226 4962 τοῖς
2269 4899 2574 4970 μνημείοις,
2623 4901 2717 4954 καὶ
2760 4901 3222 4977 εὐφρανθήσονται
3274 4904 3321 4954 οἱ
3370 4903 3426 4955 ὲν
3476 4903 3542 4971 τῇ
3585 4901 3695 4971 γῇ·

2113 4993 2148 5063 ή
2174 4989 2282 5062 γὰρ
2318 4991 2506 5062 δρόσος
2539 4993 2571 5063 ή
2611 4993 2763 5064 παρὰ
2807 4992 2899 5047 σοῦ
2949 4993 3085 5064 ἴαμα
3120 4993 3302 5056 αὐτοῖς
3343 4993 3492 5045 ἐστιν
3516 5008 3531 5022 ⁸
3573 4992 3607 5062 ή
3633 4989 3698 5044 δὲ

2114 5083 2184 5153 γῆ
2226 5081 2335 5135 τῶν
2372 5083 2582 5137 ἀσεϐῶν
2627 5087 2890 5138 πεσεῖται.
2944 5105 2962 5136 ι
3027 5086 3446 5156 Ἀναστήσονται
3488 5083 3599 5156 γὰρ
3647 5083 3697 5136 οἱ

2113 5173 2315 5244 νεκροὶ,
2347 5175 2380 5246 ἢ
2410 5176 2553 5230 κατὰ
2581 5175 2670 5230 τὸν
2715 5176 2965 5240 Ἀκύλαν,
3008 5197 3026 5230 ι
3065 5179 3327 5247 Ζήσονται
3359 5176 3409 5228 οἱ
3461 5174 3690 5228 τεθνεῶ-

2113 5263 2205 5327 τές
2245 5280 2359 5329 σου,
2413 5283 2430 5315 ι
2472 5265 2505 5336 ἢ
2546 5265 2688 5320 κατὰ
2727 5266 2818 5319 τὸν
2861 5267 3156 5338 Σύμμαχον
3199 5266 3294 5319 καὶ
3341 5265 3694 5325 Θεοδοτίωνα,

2119 5373 2138 5405 ι
2181 5356 2442 5426 Ζήσονται
2489 5359 2538 5410 οἱ
2573 5359 2756 5432 νεκροί
2804 5377 2920 5412 σου.
2955 5379 2974 5411 ι
3017 5359 3221 5431 Νεκροὶ
3263 5358 3320 5411 δὲ
3352 5355 3517 5410 αὐτοῦ
3551 5355 3695 5419 τίνες

2114 5443 2180 5498 ἂν
2211 5442 2342 5510 εἷεν,
2389 5448 2422 5519 ἢ
2470 5451 2518 5502 οί
2569 5449 2714 5520 ἅγιοι
2762 5451 2925 5505 αὐτοῦ
2980 5449 3272 5522 μάρτυρες,
3318 5449 3496 5520 ἕτεροι
3543 5446 3694 5508 ὄντες

2115 5537 2271 5612 παρὰ
2298 5541 2424 5604 τοὺς
2460 5540 2746 5612 λεχθέντας
2771 5543 3022 5615 νεκροὺς,
3060 5544 3184 5616 περὶ
3209 5535 3292 5599 ὧν
3322 5540 3526 5614 εἴρητο·
3570 5556 3589 5592 ι
3631 5536 3695 5591 0!
