3862 6210
186 273 311 329 177

1130 260 1636 337 consumma
1675 280 1743 337 IN
1780 274 2159 357 tertiana:
2192 278 2360 343 car;
2387 279 2581 346 xxvr:

3416 200 3435 233 \

3330 270 3463 350 ’τετε

197 388 261 444 δὲ
292 389 481 459 νεκροὶ
503 387 647 462 ζωὴν
678 391 739 443 ού
771 391 845 463 μὴ
878 392 1080 459 ῐδωσιν,
1108 395 1230 450 οὐδὲ
1266 398 1441 469 ἰατροὶ
1466 399 1528 451 ού
1562 400 1636 470 μὴ
1670 400 1795 453 ἀνα-

1895 401 2091 469 fuerat,
2128 420 2149 455 ι
2190 401 2390 463 Mortui
2416 414 2601 461 autem
2643 403 2808 459 vitam
2837 420 2944 462 non
2978 405 3256 473 videbunt,
3286 424 3464 481 neque

210 480 541 551 πήσονταις
571 500 592 532 ι
637 482 778 535 Ἀλλ’
804 484 1001 539 ἐκεῖνοι
1030 486 1129 558 μὲν
1157 483 1298 558 ἦσαν
1330 488 1532 560 νεκροὶ,
1560 489 1629 542 τά
1654 489 1792 561 πρὸς

203 571 436 625 θάνατον
457 574 857 645 ἡμαρτηκότες,
890 578 939 629 οί
968 576 1025 630 δὲ
1055 579 1240 649 νεκροὶ
1276 580 1372 633 τοῦ
1406 579 1611 652 Κυρίου
1643 583 1693 634 oi.
1722 580 1789 634 δι’

200 662 369 715 αὑτὸν
401 665 581 718 πᾶσαν
611 663 789 736 θλίψιν
818 667 923 731 ἕως
954 668 1184 724 θάνατον
1217 669 1597 741 ὑπομένοντες.
1647 673 1791 726 Ἀντί⁵

195 752 259 807 δὲ
284 752 405 819 τοῦ,
446 773 465 806 ι
506 756 914 829 ἐγερθήσονται,
957 779 976 811 ι
1013 762 1064 813 οί
1096 761 1276 816 λοιποὶ
1307 764 1677 836 ήρμήνευσαν,
1716 766 1792 830 ὡς

197 847 583 919 κοιμηθέντων
615 850 817 914 αὐτῶν,
850 853 971 923 οὐχὶ
1016 854 1074 907 δὲ
1113 854 1443 909 τεθνεώτων.
1480 857 1571 910 Διὸ
1615 858 1643 909 ὁ
1683 857 1791 910 τῶν

196 939 374 1005 ἁγίων
408 938 636 1006 θάνατος
681 944 939 1014 κοίμησις
970 945 1316 1016 ὀνομάζεται.
1357 947 1687 1011 Ἀκολούθως
1731 948 1790 1002 δέ

196 1033 265 1101 τῇ
296 1033 554 1103 κοιμήσει
579 1035 613 1105 ἡ
639 1034 934 1100 ἀνάστασις
965 1036 1299 1109 ἐξυπνισμὺς
1326 1039 1392 1093 ἂν
1425 1040 1662 1111 λεχθείη.
1700 1041 1790 1094 Διὸ

196 1122 345 1177 κατά
388 1125 516 1188 τοὺς
561 1125 781 1191 λοιποὺς
818 1129 1159 1199 ἐρμηνευτὰς
1202 1130 1693 1203 ἐξυπνισθήσεσθαι
1739 1134 1791 1187 oi

190 1215 256 1267 ὲν
288 1218 405 1280 τοῖς
440 1217 721 1289 μνημείοις
754 1219 895 1273 κατά
921 1220 985 1273 τὸ
1012 1221 1226 1295 πρῶτον
1258 1223 1531 1296 εἴρηνταιο
1560 1225 1701 1279 κατὰ
1733 1227 1791 1282 δὲ

196 1302 263 1359 τδ
285 1305 563 1378 δεύτερον,
594 1328 612 1360 ι
635 1310 1073 1379 ἀγαλλιάσονται,
1114 1332 1133 1367 ι
1168 1315 1200 1384 ἢ
1229 1334 1247 1366 ι
1278 1316 1573 1381 αἰνέσουσι,
1604 1336 1623 1369 ι
1648 1318 1791 1371 κατὰ

192 1397 290 1450 τὸν
327 1399 630 1472 meum}
659 1419 679 1452 ι
706 1402 1051 1470 ἀλαλάξουσι,
1088 1424 1107 1457 ι
1133 1406 1274 1460 κατά
1317 1408 1408 1461 τὸν
1440 1406 1785 1464 Θεοδοτίωνα.

195 1488 404 1559 Δρόσος
436 1491 471 1561 ἡ
501 1491 595 1545 ἐπὶ
624 1493 727 1564 γῆς
756 1494 1018 1549 κατιοῦσα
1055 1498 1238 1569 ἡρέμα
1266 1499 1361 1552 καὶ
1383 1500 1572 1570 πράως
1598 1501 1788 1573 ἐκτρέ-

195 1596 291 1647 φει
321 1580 620 1649 καὶ.αῦξειν
641 1587 787 1638 ποιεῖ
806 1585 874 1638 τά
898 1586 1294 1659 ἐναποκείμενα
1312 1590 1450 1661 αὐτῇ
1480 1590 1785 1661 σπέρματα·

193 1671 290 1725 τὸν
315 1672 480 1727 αὐτὸν
512 1674 714 1746 τρόπον
745 1679 776 1747 ή
812 1678 962 1749 παρά
989 1679 1084 1733 σοῦ
1116 1679 1305 1751 δρόσος
1343 1681 1479 1752 ίαμα
1512 1684 1607 1735 καὶ
1644 1684 1788 1755 ζωὴν
1821 1698 1825 1701 ·

194 1761 294 1815 καὶ
328 1763 604 1834 σωτηρίαν
642 1765 865 1837 παρέξει
897 1770 1009 1833 τοῖς
1044 1772 1152 1833 σοῖς
1185 1774 1420 1842 νεκροῖς,
1451 1764 1527 1824 ὧν
1582 1782 1648 1826 ta
1681 1771 1788 1825 σώ-
1819 1762 1862 1816 Β

196 1868 351 1923 ματα
395 1853 539 1908 κατὰ
571 1858 764 1927 καιρὸν
798 1860 891 1913 ἐπὶ
939 1859 1041 1930 τῆς
1070 1860 1176 1932 γῆς
1204 1862 1443 1934 ἐσπάρη.
1484 1863 1597 1916 Οὐκ
1629 1863 1696 1917 ἂν
1729 1863 1788 1917 δέ

194 1942 473 2015 ἁμάρτοις
496 1947 658 2001 αὐτὸν
687 1945 826 2004 εἶναι
854 1950 1043 2023 δρόσον
1064 1950 1238 2021 λέγων
1273 1953 1366 2005 τὸν
1400 1954 1663 2024 μονογενῆ
1696 1954 1788 2008 τοῦ

191 2034 334 2088 Θεοῦ
376 2037 573 2106 Λόγον,
623 2040 704 2106 ὃς,
751 2042 1048 2108 ἐπιστάξας
1095 2042 1194 2107 τὰς
1245 2043 1439 2098 ἑαυτοῦ
1493 2044 1792 2110 ζωοποιοὺς

198 2125 475 2192 σταγόνας
505 2130 618 2193 τοῖς
646 2130 812 2184 αὑτοῦ
842 2133 1076 2203 νεκροῖς,
1110 2130 1246 2202 ὁμοῦ
1292 2133 1387 2186 κα)⁵
1439 2131 1581 2187 ἴασιν
1615 2135 1790 2206 ἁμαρ-

193 2218 477 2289 τημάτων,
502 2222 555 2274 εί
581 2223 684 2276 πού
714 2241 768 2277 τι
800 2226 981 2289 αὐτοῖς
1000 2226 1118 2278 κατ’
1145 2224 1432 2296 ἄνθρωπον
1464 2226 1791 2298 πεπλημμέ-

191 2308 349 2381 λητο,
401 2310 630 2382 παρέξει
678 2313 814 2384 ὁμοῦ
860 2315 959 2368 καὶ
1009 2315 1310 2370 ἀνάστασιν
1356 2315 1449 2369 καὶ
1492 2318 1787 2388 σωτηρίαν,

195 2400 296 2454 καὶ
344 2398 491 2473 ζωὴν
528 2401 747 2458 αἰώνιον
794 2405 976 2470 αὐτοῖς
1018 2406 1321 2479 δωρήσεται
1344 2425 1357 2438 -
1406 2406 1522 2462 ἀλλ’
1554 2408 1673 2480 οὐχὶ
1720 2409 1790 2463 τά

194 2488 309 2546 τῶν
335 2492 554 2558 ἀσεϐῶν
588 2494 835 2550 τοιαῦτα.

274 2691 296 2726 ι
319 2670 515 2737 Βάδιζε
537 2713 552 2739 ,
580 2674 610 2727 ὁ
638 2673 765 2740 λαός
801 2694 922 2747 μου·
960 2679 1164 2733 εἴσελθε
1194 2680 1274 2744 είς
1299 2678 1368 2731 τά
1386 2678 1609 2750 ταμιεῖά
1636 2695 1782 2732 σουί

202 2764 282 2835 μὴ
311 2765 680 2837 περιεργάζου
711 2768 781 2822 τά
812 2771 1150 2842 πορρωτάτω
1173 2772 1510 2842 τυγχάνοντα
1541 2772 1649 2825 τῶν
1680 2772 1787 2826 σῶν

194 2859 483 2930 ταμιείων.
506 2878 525 2910 ι
549 2861 893 2917 Ἀπόκλεισον
933 2862 1032 2934 τὴν
1083 2863 1252 2936 θύραν
1287 2881 1376 2917 σου
1398 2881 1411 2894 ο
1448 2863 1787 2936 ἀποκρύϐηθι

197 2951 401 3023 μικρὸν
430 2953 572 3019 ὅσον,
595 2954 702 3019 ἕως
724 2954 791 3009 ἂν
823 2956 1121 3029 παρέλθῃή
1154 2956 1292 3028 ὀργὴ
1318 2958 1542 3028 Κυρίου.
1576 2976 1595 3007 ι
1632 2956 1787 3010 Μετά

193 3045 297 3117 τὴν
344 3044 696 3101 διδασκαλίαν
731 3048 830 3119 τῆς
870 3048 978 3101 τῶν
1018 3048 1230 3121 νεκρῶν
1278 3048 1650 3115 ἀναστάσεως,
1706 3048 1783 3112 ὡς

196 3138 577 3211 περιεστῶτας
638 3139 967 3213 ἔμπροσθεν,
1037 3141 1134 3195 καὶ
1188 3141 1282 3195 ἐπὶ
1340 3141 1402 3193 τὸ
1462 3141 1592 3195 αὐτὸ
1646 3140 1787 3212 μετὰ

197 3230 303 3305 τὴν
351 3232 647 3287 ἀνάστασιν
690 3233 1061 3305 συνηγμένους
1100 3234 1226 3297 τοὺς
1273 3233 1459 3302 ἁγίους
1506 3231 1601 3287 τοῦ
1649 3232 1785 3287 Θεοῦ

194 3323 540 3397 θεασάμενον
581 3325 644 3380 τὸ
694 3326 910 3398 πνεῦμα
964 3326 1026 3380 τὸ
1076 3312 1433 3398 προφητικὸν,
1485 3326 1676 3380 ἔπειτα
1728 3326 1789 3392 ἐξ

193 3417 387 3489 ἐτέρου
422 3418 622 3488 μέρους
651 3418 750 3490 τὴν
782 3417 1042 3472 ἐπιοῦσαν
1068 3420 1182 3481 τοῖς
1208 3417 1460 3472 ἀσεϐέσιν
1488 3418 1657 3489 ὀργὴν
1685 3436 1787 3471 κα-

194 3506 495 3578 τανοῆσαν,
524 3506 597 3578 τιῖ·
629 3507 871 3579 τάγματι
896 3507 1005 3562 τῶν
1034 3506 1204 3577 ἀγίων
1234 3511 1545 3580 προσφωνεῖ
1576 3508 1788 3580 ἀποχω-

198 3600 317 3669 ρεῖν
353 3598 493 3672 πρὸς
540 3598 712 3672 βραχὺ
745 3600 839 3654 τοῦ
873 3600 1087 3673 μακρὰν
1125 3600 1488 3672 κρύπτεσθαι,
1525 3599 1599 3665 ὡς
1647 3601 1785 3673 μηδέ

1894 492 2086 549 medici
2111 492 2487 549 suscitabunt?
2518 512 2538 547 ι
2572 494 2679 550 Sed
2707 493 2783 550 illi
2810 496 3030 566 quidem
3061 498 3257 554 mortui
3284 511 3463 568 erant,

1892 584 1984 654 qui
2013 584 2082 639 ad
2110 594 2340 640 mortem
2374 597 2755 656 peccaverant.
2800 588 2997 645 Mortui
3035 599 3217 647 autem
3247 574 3462 650 Domini

1891 687 2017 732 sunt
2059 677 2098 732 ii
2132 678 2224 747 qui
2264 686 2492 748 propter
2549 693 2672 733 eum
2705 693 2922 736 omnem
2971 680 3339 738 calamitatem
3391 685 3461 741 ad

1892 777 2125 825 mortem
2154 784 2326 839 usque
2355 778 2485 825 sunt
2528 770 2794 841 perpessi.
2827 770 2936 826 Pro
2962 770 3054 826 illo
3085 782 3289 841 autem,
3320 793 3342 828 ι
3372 790 3465 832 ex-

1890 862 2220 926 citabuntur,
2252 881 2272 914 »
2293 861 2486 933 reliqui
2518 862 2968 933 interpretantur,
2995 881 3060 922 ac
3082 867 3130 921 si
3162 866 3461 936 dormiant,

1892 968 1955 1009 ac
1979 970 2085 1009 non
2123 954 2321 1009 mortui
2370 954 2501 1009 sint.
2538 954 2899 1021 Quamobrem
2934 965 3245 1014 sanctorum
3276 973 3460 1025 mors,

1891 1033 2115 1100 somnus
2147 1045 2471 1117 appellatur.
2507 1047 2918 1117 Consequenter
2970 1058 3155 1105 autem
3202 1049 3271 1105 ad
3319 1064 3466 1106 som-

1892 1153 2043 1203 num,
2072 1137 2426 1206 resurrectio,
2462 1140 2802 1207 experrectio
2836 1154 2956 1196 esse
2978 1141 3208 1196 dicatur.
3265 1139 3464 1208 Quam-
3566 1216 3571 1219 1

1892 1229 2078 1285 obrem
2116 1231 2415 1285 secundum
2444 1231 2683 1300 reliquos
2712 1233 3038 1303 interpretes
3064 1272 3081 1300 ,
3112 1240 3465 1303 experrectu-

1892 1338 1985 1377 ros
2020 1336 2140 1377 esse
2192 1325 2284 1391 qui
2342 1323 2393 1377 in
2447 1323 2812 1379 monumentis
2844 1332 2972 1378 sunt
3013 1323 3192 1392 primo
3224 1324 3462 1392 dicitur;

1891 1414 2129 1469 secundo
2157 1421 2335 1469 autem
2371 1431 2391 1466 ι
2427 1413 2788 1482 laetabuntur;
2827 1432 2847 1467 ι
2886 1415 3022 1483 sive,
3047 1433 3068 1468 ι
3092 1414 3405 1481 laudabunt,
3439 1432 3460 1468 ι

1892 1516 1950 1559 ιιι
1981 1505 2209 1573 Aquila;
2258 1506 2396 1573 sive,
2431 1524 2451 1558 ι
2485 1505 2818 1575 jubilabunt,
2858 1525 2877 1561 ι
2920 1515 2978 1562 ιιι
3011 1505 3309 1563 Theodotio
3338 1522 3463 1563 ver-

1893 1596 1978 1652 tit.
2016 1595 2124 1650 Ros
2158 1604 2340 1651 autem
2369 1597 2424 1653 in
2449 1607 2649 1652 terram
2687 1596 2965 1668 delapsus,
3001 1598 3203 1653 sensim
3231 1597 3465 1668 placide-

1891 1704 1997 1759 que
2026 1691 2222 1759 injecta
2253 1689 2326 1745 ibi
2352 1690 2558 1744 semina
2587 1690 2793 1745 enutrit
2837 1698 2893 1745 et
2935 1704 3249 1746 accrescere
3285 1689 3459 1746 facit:

1892 1781 2193 1850 eodemque
2222 1782 2383 1836 modo
2411 1795 2502 1837 ros
2542 1781 2641 1837 abs
2677 1790 2728 1837 te
2759 1782 3033 1852 prodiens,
3068 1782 3351 1849 medelam,
3376 1783 3462 1838 vi-

1895 1880 2001 1925 tam
2030 1881 2085 1926 et
2116 1872 2346 1928 salutem
2377 1872 2608 1929 mortuis
2655 1870 2844 1929 aﬂ‘eret
2880 1875 2985 1929 tuis
3009 1915 3024 1941 ,
3076 1888 3303 1944 quorum
3335 1889 3460 1931 cor-

1890 1978 2021 2033 pora
2053 1964 2218 2020 variis
2247 1965 2580 2034 temporibus
2627 1965 2680 2020 in
2712 1975 2913 2021 terram
2948 1966 3092 2022 velut
3119 1968 3327 2023 semina
3374 1966 3464 2036 ja-

1892 2062 1980 2107 cta
2016 2053 2234 2109 fuerint.
2272 2053 2459 2125 Neque
2492 2070 2656 2124 porro
2695 2056 3035 2113 aberraveris
3060 2098 3076 2123 ,
3110 2056 3158 2113 si
3203 2057 3354 2114 dicas
3383 2059 3464 2129 ip-

1890 2160 2009 2201 sum
2044 2146 2382 2216 unigenitum
2412 2146 2510 2202 Dei
2547 2146 2780 2202 Verbum
2810 2163 2986 2204 rorem
3007 2164 3148 2216 esse,
3181 2150 3323 2221 quod
3344 2159 3464 2221 gut-

1892 2235 2032 2290 tulas
2057 2250 2186 2292 suas
2217 2235 2448 2292 mortuis
2476 2235 2589 2291 suis
2626 2234 2894 2292 instillare
2922 2235 3133 2292 faciens
3157 2280 3173 2305 ,
3218 2253 3327 2292 una
3378 2252 3465 2293 re-

1890 2326 2126 2382 medium
2157 2326 2420 2397 peccatis,
2445 2327 2491 2382 si
2528 2327 2659 2397 quid
2688 2328 2757 2383 ab
2786 2328 2894 2383 illis
2921 2329 3235 2385 humanitus
3269 2343 3464 2399 pecca-

1893 2427 2003 2472 tum
2030 2457 2047 2484 ,
2092 2432 2156 2472 ac
2182 2418 2643 2474 resurrectionem
2668 2458 2683 2486 ,
2717 2418 2946 2474 salutem
2975 2428 3031 2474 et
3066 2422 3233 2475 vitam
3260 2421 3462 2491 sempi-

1875 2522 2103 2566 ternam
2136 2510 2267 2579 ipsis
2298 2508 2559 2566 conferet.
2589 2510 2661 2566 At
2692 2525 2782 2566 res
2815 2511 3101 2582 impiorum
3130 2526 3239 2569 non
3271 2513 3461 2570 eodem

1889 2604 2049 2659 modo
2072 2619 2133 2659 se
2164 2605 2387 2665 habent.
2998 2645 3003 2651 -

1962 2698 2128 2754 Vens.
2156 2697 2246 2752 ΞΟ.
2285 2714 2306 2750 ι
2343 2697 2513 2764 Vade,
2543 2698 2774 2767 populus
2819 2712 2973 2753 meus
3006 2717 3019 2753 :
3054 2696 3197 2754 intra
3230 2698 3284 2755 in
3310 2697 3463 2756 cubi-

1890 2789 2012 2846 cula
2045 2799 2174 2857 tua;
2213 2809 2232 2844 ι
2272 2806 2339 2846 ne
2372 2792 2643 2849 curiosius
2687 2791 2933 2861 inquiras
2974 2806 3039 2847 ea
3067 2831 3083 2858 ,
3113 2806 3232 2861 quae
3276 2792 3463 2861 procul

1891 2881 2153 2937 cubiculis
2204 2881 2313 2938 tuis
2358 2891 2664 2939 versantur.
2717 2899 2738 2936 ι
2790 2879 2996 2937 Claude
3032 2881 3229 2935 ostium
3266 2891 3411 2936 tuum
3443 2901 3461 2936 :

1890 2973 2229 3030 abscondere
2303 2975 2579 3044 paululum
2649 2974 3180 3047 quantulumcunque
3216 3012 3233 3040 ,
3291 2974 3463 3030 donec

1890 3074 2240 3135 pertranseat
2263 3069 2345 3124 ira
2374 3066 2611 3123 Domini.
2652 3085 2672 3120 ι
2709 3066 2837 3121 Post
2872 3064 3091 3121 allatam
3117 3065 3185 3121 de
3220 3080 3463 3123 resurre-

1890 3160 2074 3215 ctione
2135 3170 2479 3216 mortuorum
2528 3159 2856 3224 doctrinam,
2902 3170 3121 3214 sanctos
3174 3157 3315 3226 Dei,
3367 3158 3464 3229 qui

1891 3261 2050 3306 antea
2097 3252 2604 3317 circumsteterant,
2633 3252 2822 3307 eodem
2855 3251 2911 3307 in
2946 3251 3067 3307 loco
3099 3260 3317 3307 coactos
3342 3261 3465 3321 post

1889 3342 2344 3396 resurrectionem
2374 3342 2565 3396 videns
2590 3341 2938 3411 propheticus
2993 3341 3238 3411 spiritus.
3267 3342 3463 3397 deinde

1886 3445 2018 3487 vero
2044 3432 2147 3487 alia
2179 3448 2244 3487 ex
2272 3441 2424 3503 parte
2455 3431 2830 3487 imminentem
2868 3421 3213 3501 impiis’iram
3243 3433 3465 3503 conspi-

1888 3533 2062 3589 catus,
2103 3536 2418 3580 sanctorum
2458 3532 2659 3578 coetum
2700 3524 2771 3578 ad
2793 3523 3065 3579 modicum
3112 3533 3324 3595 tempus
3370 3538 3459 3579 se-

1888 3615 2083 3670 cedere
2113 3630 2179 3671 ac
2208 3613 2401 3685 procul
2430 3626 2552 3669 sese
2578 3613 2856 3669 occultare
2887 3623 3090 3679 monet,
3119 3631 3187 3670 ne
3218 3616 3329 3670 sint
3359 3616 3463 3669 im-

198 3688 443 3761 θεωροὺς
486 3689 587 3758 τῆς
623 3690 732 3770 τῶν
775 3691 989 3744 ἀσεϐῶν
1030 3690 1276 3760 γίνεσθαι
1327 3690 1625 3754 ἀπωλείας.
1674 3690 1784 3745 Τα-

1891 3707 2103 3775 piorum
2136 3706 2401 3776 perniciei
2428 3712 2789 3774 spectatores.
2835 3702 3094 3760 Cubicula
3122 3720 3248 3761 vero
3279 3705 3463 3775 populi

196 3781 364 3852 μιεῐα
380 3780 438 3834 δὲ
466 3780 562 3834 τοῦ
592 3780 722 3836 λαοῦ
746 3782 839 3837 τοῦ
861 3782 995 3836 Θεοῦ
1020 3783 1077 3836 αἱ
1109 3782 1303 3836 πολλαὶ
1328 3782 1481 3855 παρά
1503 3782 1582 3854 τῷ
1608 3782 1785 3855 Πατρὶ

1891 3797 2009 3866 Dei,
2040 3798 2308 3870 intelligas
2337 3811 2457 3853 esse
2488 3794 2683 3852 multas
2706 3796 2849 3864 apud
2878 3796 3096 3851 Patrem
3120 3795 3459 3867 mansiones,

194 3873 528 3943 τυγχάνουσι
566 3874 753 3944 μοναὶ,
781 3873 995 3946 ἑκάστῳ
1026 3875 1267 3946 τάγματι
1298 3875 1406 3928 τῶν
1440 3875 1610 3943 ἁγίων
1644 3874 1786 3929 κατὰ

1891 3891 2030 3961 iusto
2067 3892 2159 3948 Dei
2185 3890 2388 3962 judicio
2427 3886 2655 3959 singulis
2706 3889 2986 3945 ordinibus
3032 3888 3349 3945 destinatas.
3398 3886 3460 3943 In

194 3964 419 4018 δικαίαν
450 3964 587 4018 Θεοῦ
638 3966 819 4038 κρίσιν
852 3967 1247 4038 ἀφωρισμέναι.
1285 3967 1379 4031 Εἰς
1412 3966 1563 4019 ταῦτ’
1595 3961 1688 4020 οὖν
1716 3966 1787 4020 τά

1891 3985 2005 4039 haec
2048 3961 2235 4054 igitur,
2266 3980 2464 4051 popule
2495 3981 2567 4036 mi
2592 4021 2609 4047 ,
2652 3989 2843 4051 parata
2874 3979 2968 4035 tibi
2998 3977 3247 4065 cubicula
3284 3978 3464 4050 ingre-

196 4059 285 4111 σοὶ
302 4059 801 4129 παρεσκευασμένα
830 4059 1053 4130 ταμιεῖά
1081 4076 1196 4123 σου,
1223 4060 1405 4129 φησὶν,
1428 4060 1456 4113 ὁ
1479 4058 1611 4130 ἐμὸς
1635 4059 1783 4123 λαὸς,

1891 4077 2040 4143 dere,
2072 4086 2127 4131 et
2154 4076 2347 4131 claude
2370 4074 2565 4131 ostium
2597 4082 2770 4128 tuum.

192 4147 430 4211 εἴσελθε,
464 4149 559 4203 καὶ
596 4148 916 4203 ἀπόκλεισον
946 4150 1046 4222 τὴν
1079 4149 1248 4222 θύραν
1282 4167 1397 4204 σου.
2007 4173 2013 4178 ·

272 4256 294 4291 ι
344 4239 482 4293 Ἰδοὺ
511 4239 621 4312 γὰρ
654 4240 857 4312 Κύριος
890 4240 998 4294 ἀπὸ
1027 4240 1119 4295 τοῦ
1149 4241 1305 4312 ἁγίου
1340 4243 1535 4311 ἐπάγει
1562 4242 1661 4314 τὴν
1695 4242 1783 4313 ὀρ-

1962 4232 2130 4288 Vsns.
2158 4233 2253 4295 21.
2288 4249 2308 4284 ι
2358 4231 2494 4290 Ecce
2528 4230 2675 4288 enim
2704 4231 2964 4287 Dominus
2998 4230 3063 4285 de
3093 4239 3283 4285 sancto
3313 4229 3463 4285 indu-

192 4333 302 4404 γὴν
335 4332 433 4385 ἐπὶ
472 4333 597 4396 τοὺς
628 4331 971 4397 ἐνοικοῦντας
1004 4334 1095 4387 ἐτιῦ⁸
1122 4334 1221 4405 τῆς
1248 4334 1371 4404 γῆς.
1412 4353 1430 4386 ι
1470 4332 1780 4405 Παρελθού-

1891 4327 1968 4383 cit
1998 4328 2132 4381 iram
2167 4328 2339 4395 super“
2364 4326 2703 4383 habitatores
2734 4333 2916 4380 terrae.
2966 4343 2985 4376 ι
3020 4323 3316 4394 Postquam
3367 4335 3463 4376 au-

195 4440 300 4493 σης
350 4423 411 4477 δέ
459 4423 654 4494 αὐτῆς,
696 4424 1044 4489 ἀναπετάσας
1092 4425 1278 4479 λοιπὸν
1304 4424 1404 4489 τάς
1434 4423 1542 4478 τῶν
1583 4422 1780 4479 σαυτοῦ

1893 4429 1997 4474 tem
2026 4418 2114 4473 illa
2140 4418 2519 4489 pertransierit
2542 4459 2557 4485 ,
2596 4418 2852 4473 reseratis
2879 4415 3095 4472 demum
3123 4411 3353 4469 cubiculi
3387 4412 3462 4466 tui

192 4516 469 4587 ταμιείων
501 4515 698 4580 πύλας,
745 4515 884 4587 μετά
912 4516 1114 4588 πολλῇς
1152 4515 1399 4580 ἐξουσίας
1433 4515 1527 4568 κα)⁵
1565 4517 1782 4587 παρρη-

194 4612 321 4674 σίας
343 4609 534 4682 πρόῖθι
552 4609 644 4663 τὸν
666 4608 784 4663 νέον
806 4609 1123 4663 ἐποπτεύων
1154 4609 1346 4671 αἰῶνα,
1372 4609 1465 4662 καὶ
1487 4607 1583 4679 τὴν
1608 4609 1781 4679 ἐπηγ-

191 4702 471 4773 γελμένην
506 4718 589 4755 σοι
619 4700 892 4772 βασιλείαν
916 4700 1009 4754 τοῦ
1043 4698 1199 4754 Θεοῦ.
1244 4718 1263 4750 ι
1305 4700 1416 4753 Καὶ
1444 4698 1779 4769 ἀνακαλύψει

192 4796 231 4865 ἡ
257 4793 335 4863 τῆ
365 4792 427 4848 τδ
457 4787 597 4864 αἷμα
630 4793 817 4864 αὐτῆς,
854 4793 951 4846 καὶ
975 4793 1042 4846 ού
1076 4791 1445 4861 κατακαλύψει
1487 4793 1614 4854 τοὺς
1646 4792 1779 4862 ἀνῃ-

198 4884 505 4958 ρημένους·
544 4905 564 4939 ι
614 4885 690 4949 ὡς
735 4884 941 4956 μηδένα
984 4884 1167 4939 λαθεῖν
1211 4885 1320 4939 τῶν
1348 4884 1514 4938 πάλαι
1545 4885 1605 4937 ἐν
1640 4884 1779 4955 αὐτῇ

195 4978 298 5041 τὰς
329 4975 512 5047 ψυχὰς
543 4976 901 5050 ἀνῃρημένων
922 4975 1010 5030 διὰ
1039 4976 1147 5031 τῶν
1178 4976 1312 5049 πρὸς
1336 4976 1563 5030 θάνατον
1601 4976 1781 5047 ἁμαρ-

194 5070 462 5140 τημάτων
479 5086 493 5098 ·
522 5069 615 5122 ἐπὶ
644 5069 819 5140 τούτῳ
857 5069 965 5141 γάρ
986 5068 1086 5141 τὴν
1112 5070 1283 5142 ὀργὴν
1315 5067 1536 5134 ἐπάξειν
1569 5066 1784 5139 εἴρηται

195 5162 225 5214 ό
256 5159 409 5223 Θεός·
436 5159 606 5232 ὀργῆς
642 5159 875 5214 ἐνταῦθα
898 5159 1303 5232 ὀνομαζομένης
1332 5158 1439 5212 τῶν
1471 5160 1591 5221 ταῖς
1622 5155 1780 5211 κολά-

197 5268 318 5305 σεσι
347 5250 779 5321 διακονουμένων
802 5251 1068 5320 ἀγγέλων.
1091 5250 1202 5322 (50)
1224 5252 1385 5323 Δηλοῖ
1403 5249 1460 5304 δὲ
1472 5249 1558 5304 διὰ
1578 5248 1780 5304 τούτων

195 5343 297 5411 τὴν
327 5341 438 5394 τῶν
486 5342 657 5410 ἀγίων
686 5340 782 5395 τοῦ
808 5341 943 5396 Θεοῦ
974 5342 1251 5414 ἀναίρεσιν
1280 5342 1371 5397 καὶ
1396 5340 1465 5394 τὰ
1495 5339 1604 5393 τῶν
1639 5356 1779 5412 μαρ-

196 5431 381 5503 τύρων
413 5432 643 5502 αἵματα,
674 5432 803 5504 περὶ
835 5425 910 5487 ὧν
940 5434 1034 5488 καὶ
1056 5433 1297 5505 Μωῦσῆς
1329 5434 1386 5487 ἐν
1422 5431 1629 5504 μεγάλῃ
1669 5430 1778 5503 ᾠδῇ

198 5524 428 5594 γράφων
458 5523 637 5592 ἔλεγε·
671 5543 691 5581 t
731 5526 852 5580 Ὅτι
881 5526 942 5579 τὸ
972 5519 1109 5607 αἷμα
1140 5525 1247 5587 τῶν
1282 5524 1413 5581 υίῶν
1453 5523 1618 5580 αὐτοῦ
1643 5522 1783 5581 ἐκδι-

275 5696 388 5759 (30)
427 5697 554 5754 llaec
587 5696 965 5761 llicronvmus.

1885 4510 2088 4581 jannis,
2124 4519 2392 4579 potestate
2412 4518 2469 4565 et
2495 4509 2690 4565 ﬁducia
2730 4508 2899 4563 multa
2931 4507 3229 4561 instructus
3268 4503 3461 4574 prodi,

1891 4617 2088 4657 novum
2136 4601 2391 4658 saeculum
2420 4610 2852 4677 conspecturus,
2884 4612 3093 4654 necnon
3134 4596 3462 4667 promissum

1890 4694 1985 4750 tibi
2012 4709 2235 4763 regnum
2286 4692 2403 4754 Dei,
2450 4711 2468 4745 ι
2521 4693 2589 4749 Ει
2640 4693 2903 4749 revelabit
2956 4700 3099 4745 terra
3142 4689 3461 4760 sanguinem

1889 4801 2070 4851 suum,
2101 4795 2154 4842 et
2184 4802 2290 4841 non
2321 4786 2617 4842 abscondet
2651 4785 3001 4847 interfectos;
3039 4802 3060 4838 ι
3095 4782 3167 4838 ita
3202 4792 3264 4837 ut
3302 4796 3463 4836 nemo

1890 4878 2057 4935 lateat
2089 4895 2276 4934 eorum
2307 4919 2321 4945 ,
2358 4878 2442 4948 qui
2464 4879 2591 4933 olim
2620 4877 2672 4932 in
2703 4894 2762 4933 ea
2795 4877 3091 4933 secundum
3120 4875 3356 4930 animam
3392 4875 3461 4931 ob

1890 4980 2112 5043 peccata
2155 4972 2221 5026 ad
2274 4980 2505 5026 mortem
2554 4970 2825 5026 interfecti
2872 4969 3023 5024 fuere
3051 4988 3064 5023 :
3096 4968 3199 5023 hac
3219 4967 3365 5022 enim
3394 4968 3463 5022 de

1890 5079 2051 5120 causa
2085 5064 2219 5117 iram
2254 5062 2569 5118 inducturus
2598 5076 2750 5117 suam
2802 5060 2943 5115 Deus
2974 5060 3194 5114 dicitur.
3231 5058 3330 5113 Hic
3359 5058 3464 5114 sci-

1890 5154 2018 5211 licet
2051 5156 2128 5208 ira
2176 5164 2435 5209 vocantur
2483 5152 2661 5221 angeli
2713 5141 3006 5206 inferendae
3060 5148 3251 5203 ultioni
3300 5149 3463 5203 mini-

1887 5256 2150 5303 strantes.
2204 5244 2296 5300 His
2327 5259 2491 5314 porro
2553 5242 2822 5313 significat
2877 5250 3189 5299 sanctosum
3225 5240 3319 5296 Dei
3366 5256 3463 5297 ne-

1887 5355 2047 5403 cem,
2104 5347 2159 5392 et
2218 5348 2518 5409 martyrum
2574 5336 2889 5406 sanguinem
2930 5378 2944 5400 ,
3001 5334 3068 5389 de
3104 5335 3300 5405 quibus
3349 5333 3464 5393 haec

1888 5434 1941 5489 in
1983 5446 2177 5504 magno
2227 5431 2437 5486 cantico
2494 5430 2682 5484 scribit
2751 5428 3008 5500 Moyses,
3068 5446 3086 5481 ι
3149 5427 3285 5497 Quia
3343 5444 3463 5485 san-

1892 5527 2110 5600 guitmm
2157 5526 2388 5583 filiorum
2419 5538 2631 5582 suorum
2694 5522 2986 5581 ulciscetur
3017 5534 3075 5580 et
3126 5523 3465 5593 vindicabit,
