3862 6210
436 257 546 313 179

1104 251 1374 310 EUSEBII
1410 248 1881 310 CESARIENSIS
1912 249 2063 308 OPP.
2104 250 2284 308 PARS
2319 249 2409 308 ﬁl.
2446 278 2519 293 --
2553 249 2972 308 EXEGETICA.

3565 253 3676 310 280

437 386 495 434 οι
515 373 772 432 ultionem
800 371 1060 430 retribuet
1084 371 1322 429 mimicis
1343 410 1362 440 ,
1396 380 1452 428 et
1473 369 1782 429 sdientibus
1820 386 1879 427 se
1918 388 1992 428 re-

2109 374 2305 436 κεῖται,
2346 371 2440 426 καὶ
2485 370 2777 443 ἐκδικήσει,
2821 372 2911 429 καὶ
2956 371 3321 426 ἀνταποδώσει
3365 374 3520 447 δίκην
3564 378 3678 442 τοῖς

442 467 642 525 tribuet
670 466 735 521 ¹⁹.

981 555 1210 614 CAPUT
1244 552 1457 612 XXVII.

508 651 671 707 Vsus.
710 650 765 706 1.
797 668 819 703 ι
857 648 912 705 lu
947 650 1033 705 die
1060 649 1150 705 illa
1201 650 1420 707 inducet
1448 650 1589 706 Deus
1617 649 1853 721 gladium
1885 667 2010 707 san-

437 753 610 811 ctum,
640 759 897 814 magnum
922 751 976 803 et
999 744 1233 799 validum
1266 758 1427 813 super
1451 742 1761 812 draconem,
1797 759 2012 813 serpen-

432 853 542 899 tem
588 840 885 912 fugientem
912 880 928 904 ,
967 854 1131 908 super
1158 839 1452 894 draconem
1479 847 1784 907 serpentem
1811 848 2011 892 tortuo—

430 949 575 999 sum,
604 943 660 989 et
686 934 901 989 occidet
931 934 1249 989 draconem.
1283 932 1445 1003 Virga
1476 932 1658 1001 itaque
1708 929 1829 995 Dei,
1861 937 2007 983 recta

431 1041 556 1083 cum
583 1026 676 1093 sit,
698 1013 754 1080 et
783 1026 1125 1096 eastigationi
1157 1034 1308 1094 apta,
1343 1025 1637 1078 secundum
1674 1022 1824 1088 illud,
1849 1041 1866 1073 ι
1892 1020 2009 1073 Viro

430 1131 495 1187 gs
525 1116 884 1181 reetitudinis,
916 1118 1062 1186 virga
1090 1116 1239 1185 regni
1269 1116 1344 1169 tui
1378 1116 1452 1181 ‘°,
1488 1134 1508 1167 ι
1548 1116 1614 1173 iis
1640 1116 1729 1185 qui
1762 1115 1813 1169 in
1849 1113 2008 1169 rebus

431 1207 699 1264 medelam
736 1208 1150 1263 admittentibus
1179 1215 1474 1278 peccarunt
1496 1250 1511 1276 ,
1541 1217 1792 1263 servatur
1819 1208 1884 1260 ad
1925 1207 2007 1274 ip-

432 1314 616 1355 sorum
656 1299 1089 1369 castigationem,
1114 1301 1551 1357 emendationem
1583 1310 1640 1356 et
1683 1302 1749 1356 ad
1796 1300 2004 1354 utilita-

430 1398 538 1447 tem
569 1391 801 1460 prolata.
840 1391 941 1459 Qui
986 1402 1167 1447 autem
1220 1393 1352 1448 nihil
1388 1404 1636 1461 rectum,
1680 1407 2006 1462 aequumque

427 1483 566 1539 nihil
598 1483 782 1549 habet,
825 1484 918 1539 sed
964 1485 1185 1543 omnino
1219 1484 1458 1542 deﬂexus
1481 1496 1537 1541 et
1572 1496 1847 1541 tortuosus
1877 1497 1999 1552 est,

428 1591 496 1631 ac
527 1586 746 1646 pectore
778 1585 1071 1641 ventreque
1100 1578 1248 1632 humi
1283 1589 1498 1646 reptat,
1526 1580 1875 1647 omniumque
1911 1593 2003 1646 pe-

429 1668 591 1724 dibus
640 1670 709 1724 ad
751 1668 1246 1738 supplantationem
1294 1681 1351 1727 et
1380 1672 1741 1740 dejectionem
1775 1671 2001 1725 insidias

2110 462 2341 534 ἐχθροῖς,
2376 464 2470 517 καὶ
2505 464 2616 527 τοῖς
2642 461 2890 534 μισοῦσιν
2918 462 3305 518 ἀνταποδώσει.
3339 484 3358 517 ι

2600 568 2990 624 ΚΕΦΑΛΑΙΟΝ
3024 568 3149 621 ΚΖ’.

2183 680 2203 714 ι
2251 662 2339 716 Ἐν
2364 663 2430 733 τῇ
2456 662 2638 732 ἡμέρα
2663 659 2845 731 ἐκείνῃ
2870 660 3057 726 ἐπάξει
3082 663 3110 714 ὁ
3134 658 3263 723 Θεὸς
3286 658 3383 729 τὴν
3406 659 3678 729 μάχαιραν

2106 753 2203 824 τὴν
2230 752 2409 821 ἁγίαν,
2443 753 2540 822 τὴν
2568 752 2809 823 μεγάλην
2835 752 2927 805 καί
2942 751 3037 823 τὴν
3063 752 3285 821 ἰσχυρὰν
3318 751 3411 802 ἐπὶ
3437 751 3525 803 τὸν
3549 750 3679 822 δρά-

2108 861 2289 907 κοντα,
2316 844 2406 897 τὸν
2429 843 2549 912 ὅφιν
2573 844 2858 913 φεύγοντα,
2891 845 2982 897 ἐπὶ
3002 844 3092 896 τὸν
3114 844 3380 915 δράκοντα
3398 842 3519 911 ὅξιν
3548 860 3678 897 σκο-

2107 933 2239 997 λιὸν,
2276 936 2370 987 καὶ
2396 934 2575 989 ἀνελεῖ
2594 935 2683 989 τὸν
2711 935 2995 1006 δράκοντα.
3029 954 3047 984 ι
3079 935 3139 986 Ἠ
3169 934 3265 1004 μὲν
3296 929 3387 987 οὖν
3421 933 3515 987 τοῦ
3537 933 3676 988 Θεοῦ

2107 1024 2323 1097 ῥάϐδος,
2376 1024 2560 1080 εὐθεῖά
2599 1044 2682 1090 τις
2720 1025 2853 1079 οὖσα
2893 1026 2986 1079 καί
3028 1024 3363 1095 παιδευτικὴ,
3409 1024 3548 1079 κατά
3588 1025 3674 1089 τὸ,

2112 1133 2130 1165 σ
2155 1115 2373 1179 Ῥάϐδος
2399 1116 2688 1187 εὐθύτητος
2710 1120 2742 1188 ἡ
2769 1116 2958 1188 ῥάϐδος
2970 1118 3066 1187 τῆς
3086 1116 3358 1186 βασιλείας
3382 1115 3493 1169 σοῦ·
3521 1136 3540 1167 ι
3560 1119 3680 1181 τοῖς

2109 1206 2301 1275 ἰάσιμα
2318 1207 2656 1278 ἡμαρτηκόσι
2672 1211 2963 1279 τετήρηται
2981 1208 3058 1269 εἰς
3086 1206 3361 1259 παίδευσιν
3385 1205 3561 1259 αὐτῶν
3580 1207 3679 1260 καὶ

2105 1294 2385 1364 βελτίωσιν
2408 1297 2500 1348 καὶ
2518 1296 2694 1367 ψυχῆς
2713 1297 2972 1366 ὠφέλειαν
2990 1299 3389 1367 προσαγομένη·
3410 1299 3438 1350 ὀ
3457 1295 3512 1349 δὲ
3537 1295 3679 1368 μηδὲ

2102 1388 2259 1461 ὀρθὸν
2286 1389 2420 1460 μηδέ
2449 1389 2574 1442 εὐθὺ
2603 1388 3085 1459 κεκτημένος,ὅλος
3109 1387 3165 1441 δὲ
3192 1387 3363 1440 διόλου
3386 1387 3673 1457 καμπύλος

2102 1484 2196 1536 καὶ
2221 1482 2449 1547 σκολιὸς,
2470 1484 2640 1553 χαμαί
2658 1500 2715 1535 τε
2732 1484 2823 1535 ἐπὶ
2842 1482 2902 1535 τὸ
2928 1481 3118 1552 στῆθος
3139 1482 3229 1534 καί
3245 1481 3446 1534 κοιλίαν
3462 1481 3673 1553 ἕρπων,

2101 1574 2402 1647 ἐφεδρεύων
2432 1593 2491 1628 τε
2521 1579 2631 1638 τοῖς
2671 1576 2885 1629 πάντων
2914 1575 3068 1627 ποσὶν
3099 1575 3190 1627 ἐπὶ
3217 1574 3278 1626 τὸ
3297 1572 3557 1638 σκελίζειν
3580 1572 3678 1627 καὶ

2100 1666 2455 1721 καταϐάλλειν
2486 1668 2702 1729 αὐτοὺς,
2740 1666 2877 1736 μετὰ
2929 1664 3133 1728 πάντας
3186 1666 3310 1727 τοὺς
3353 1664 3567 1728 ἀσεϐεῖς
3606 1666 3677 1735 τῇ

427 1757 673 1824 molitur,
721 1770 845 1830 post
876 1761 1072 1830 impios
1101 1776 1290 1818 omnes
1312 1802 1330 1829 ,
1360 1764 1534 1832 gravi,
1562 1778 1758 1831 magno
1784 1763 1992 1816 valido-

2105 1761 2316 1830 σκληρᾷ
2350 1760 2441 1812 καὶ
2477 1757 2687 1829 μεγάλῃ
2721 1758 2809 1812 καὶ
2867 1759 3061 1829 ἰσχυρᾷ
3086 1757 3327 1827 μαχαίρᾳ
3368 1755 3678 1828 παραδοθή-

426 1864 536 1921 que
573 1850 751 1921 gladio
779 1852 1043 1917 tradetur,
1079 1869 1238 1922 quem
1274 1856 1371 1924 ipsi
1402 1855 1503 1909 soli
1536 1870 1762 1925 magnus
1799 1856 1887 1911 ille
1917 1854 2003 1911 Ju-

426 1944 530 1998 dex
560 1943 895 2000 reconditum
919 1957 967 2001 et
1002 1958 1245 2017 paratum
1279 1948 1493 2004 habuit.
1526 1949 1777 2005 Gladium
1806 1952 1893 2006 hic
1917 1967 2004 2007 vo-

428 2045 517 2092 cat
546 2036 769 2092 ultionis
806 2037 1058 2094 ell'ectum
1092 2058 1106 2093 :
1139 2055 1298 2109 quem
1351 2041 1477 2097 item
1524 2052 1775 2099 sanctum
1827 2044 1998 2108 dicit,

427 2144 548 2185 cum
579 2138 640 2185 ut
670 2130 939 2185 minarum
967 2140 1229 2188 terrorem
1275 2132 1482 2201 leniat,
1507 2145 1619 2189 tum
1654 2143 1714 2190 ut
1752 2136 2003 2191 ostendat

426 2236 522 2279 eos
565 2224 657 2293 qui
700 2224 963 2292 supplicio
998 2222 1328 2292 afllcieutur,
1372 2244 1481 2283 non
1530 2229 1595 2283 ad
1631 2229 1855 2284 exitium
1886 2243 2001 2282 ver-

426 2319 617 2373 tendos
642 2354 663 2386 ,
695 2320 789 2373 sed
824 2318 1234 2388 castigationem
1266 2321 1395 2391 ipsis
1426 2321 1734 2377 sanctitatis
1768 2336 1996 2376 causam

425 2408 665 2465 futuram
691 2425 830 2465 esse.
854 2411 925 2464 At
951 2412 1095 2465 enim
1130 2412 1271 2469 Deus
1296 2415 1426 2469 dum
1457 2416 1712 2486 castigat,
1742 2430 1847 2468 non
1873 2426 1997 2484 per-

429 2500 582 2564 dere,
618 2501 713 2556 sed
737 2515 830 2555 eos
858 2502 948 2571 qui
976 2513 1364 2561 convertuntur
1390 2509 1680 2563 emendare
1706 2517 1763 2562 et
1796 2504 1996 2563 sancti-

425 2588 589 2647 ﬁcare
605 2602 874 2662 peroptat.

495 2682 659 2740 Vens.
699 2684 822 2739 2-4.
870 2704 888 2737 ι
916 2685 973 2740 lu
1016 2685 1107 2741 illa
1142 2686 1230 2742 die
1263 2688 1421 2743 vinea
1472 2686 1702 2758 pulchra
1735 2684 1993 2743 :deside-

423 2775 564 2830 rium
617 2776 844 2831 canendi
879 2786 1067 2831 contra
1118 2778 1287 2836 illam.
1344 2779 1458 2850 Ego
1507 2778 1716 2834 eivitas'
1760 2778 1988 2845 munita,

422 2867 616 2924 civitas
660 2869 906 2934 obsessa,
963 2868 1165 2931 frustra
1213 2878 1397 2939 potum
1440 2871 1580 2926 dabo
1608 2870 1992 2938 illizeapietur

421 2959 568 3013 enim
594 2970 778 3024 noctu,
807 2960 893 3014 die
929 2968 1111 3016 autem
1144 2961 1301 3015 cadet
1346 2976 1538 3017 murus
1568 2962 1706 3031 ejus.
1748 2959 1865 3015 Non
1906 2967 1989 3014 est

420 3063 543 3119 qua:
568 3064 671 3103 non
707 3051 1129 3120 apprehenderit
1161 3065 1301 3109 eam.
1335 3052 1466 3119 Quis
1495 3063 1657 3122 ponet
1687 3068 1771 3109 me
1800 3062 1987 3108 custo-

420 3142 543 3196 dem
574 3140 739 3195 culmi
774 3143 824 3195 in
852 3141 1027 3211 agro?
1066 3152 1291 3212 propter
1322 3144 1599 3200 inimicam
1629 3145 1773 3200 hanc
1816 3144 1989 3215 repuli

420 3245 561 3289 eam.
588 3230 714 3287 Ideo
742 3231 871 3286 fecit
903 3233 1160 3289 Dominus
1182 3236 1365 3290 omnia
1387 3250 1507 3305 quae
1524 3238 1807 3306 disposuit.
1833 3238 1993 3293 Com-

420 3323 579 3377 busta
602 3339 743 3378 sum.
781 3342 800 3376 ι
856 3323 981 3381 Ιιαιο
1027 3342 1189 3395 porro
1222 3337 1307 3384 est
1355 3330 1484 3384 dicti
1512 3332 1779 3385 sententia
1807 3347 1820 3385 :
1850 3332 1989 3387 Num

416 3414 619 3469 malum
647 3431 745 3485 pro
783 3417 930 3473 malo
952 3418 1201 3486 gentibus
1243 3420 1631 3489 reddiderunt,
1669 3424 1762 3491 qui
1797 3439 1988 3493 pacem

421 3507 529 3563 illis
590 3509 991 3577 prmdicabant?
1067 3510 1132 3565 lli
1185 3512 1330 3566 enim
1387 3513 1814 3583 insequebantur
1872 3532 1986 3582 eos,

419 3599 600 3668 plagis
629 3600 794 3655 etiam
827 3600 1060 3667 additis;
1108 3602 1183 3656 illi
1228 3619 1358 3658 vero
1407 3604 1775 3674 pulcherrima
1834 3608 1986 3677 ipsis,

416 3702 612 3759 pacem
676 3691 888 3747 scilicet
941 3695 1356 3749 annuntiabant.
1421 3693 1561 3751 Num
1621 3697 1786 3767 igitur
1835 3700 1985 3769 paria

412 3783 759 3852 patiebantur
787 3784 1015 3853 gentiles
1045 3786 1143 3850 illi,
1186 3787 1310 3841 dum
1338 3788 1489 3857 pacis
1515 3802 1793 3859 praecones
1842 3792 1986 3861 inju-

416 3872 516 3927 riis
570 3872 887 3929 aﬂleerent?
932 3873 1306 3929 Verberabant
1362 3878 1530 3941 enim,
1591 3894 1691 3933 nec
1745 3880 1984 3936 vicissim

414 3964 743 4039 Vapulabant
766 3981 780 4030 ;
802 3968 1122 4023 occidebant
1148 3982 1253 4023 nec
1275 3970 1667 4025 occidebantur
1696 3986 1712 4025 :
1744 3987 1989 4041 pugnan-

415 4064 501 4111 tes
529 4064 710 4111 autem
743 4067 796 4112 et
816 4060 1105 4128 opprobria
1134 4059 1448 4124 inferentes,
1480 4063 1627 4130 ipsos
1659 4065 1986 4120 divexabant

414 4154 577 4213 atque
607 4144 916 4214 pellebant;
967 4148 1043 4201 illi
1091 4164 1221 4203 vero
1276 4166 1381 4204 non
1440 4163 1737 4218 cessantes,
1797 4170 1983 4226 pacem

412 4236 549 4304 ipsis
580 4246 634 4292 et
667 4237 806 4291 bona
829 4239 1172 4293 nuntiabant.
1203 4238 1380 4306 Quare
1408 4243 1587 4297 subdit
1618 4261 1632 4295 :

480 4419 646 4476 Vens.
686 4419 805 4475 5-8.
851 4419 1214 4476 «Clamabunt
1242 4421 1578 4478 habitatores
1607 4426 1724 4492 ejus
1751 4444 1764 4479 :
1795 4424 1984 4480 Facia-
2016 4447 2058 4503 ι)

407 4525 531 4567 mus
560 4526 750 4580 pacem
783 4528 905 4567 eum
936 4527 1023 4579 eo,
1057 4513 1323 4568 faciamus
1366 4529 1551 4582 pacem
1588 4534 1602 4570 :
1633 4519 1724 4585 qui
1758 4519 1981 4573 veniunt

407 4604 505 4658 lilii
531 4603 701 4659 Jacol)
744 4606 1144 4673 germinabunt,
1193 4616 1251 4662 et
1284 4605 1497 4663 ﬂorebit
1529 4609 1692 4664 lsrael
1723 4628 1737 4663 :
1768 4619 1824 4665 et
1875 4612 1978 4665 im-

406 4694 645 4762 plebitur
676 4704 823 4750 terra
853 4695 1032 4752 fructu
1064 4697 1201 4766 ejus.
1244 4698 1382 4753 Num
1426 4701 1566 4754 sicut
1608 4702 1722 4771 ipse
1750 4717 1980 4770 percus-

406 4786 502 4853 sit,
557 4797 610 4843 et
663 4787 779 4857 ipse
832 4789 1085 4844 similiter
1141 4793 1511 4860 pereutietur?
1567 4802 1620 4847 et
1664 4794 1806 4847 sicut
1862 4795 1981 4864 ipse

406 4878 630 4944 occidit,
658 4879 729 4933 ita
754 4880 1065 4935 occidetur?
1087 4881 1341 4953 Pugnans
1366 4895 1423 4937 et
1456 4882 1790 4951 exprobrans
1818 4886 1982 4940 emit-

407 4976 485 5025 tet
512 4982 628 5023 eos.
659 4968 848 5024 Nonne
873 4981 924 5024 tu
953 4986 1099 5037 eras,
1129 4973 1219 5041 qui
1254 4975 1606 5031 meditabaris
1626 4975 1821 5046 spiritu
1842 4976 1978 5031 duro

406 5057 716 5113 interficere
743 5074 837 5113 eos
867 5060 1056 5129 spiritu
1096 5061 1383 5117 furoris?»
1425 5064 1549 5119 llmc
1598 5067 1743 5120 enim
1797 5066 1975 5121 medi-

402 5149 656 5205 tabantur
694 5152 767 5205 illi
819 5167 885 5207 ex
925 5155 1173 5224 gentibus
1218 5155 1481 5221 inﬁdeles,
1520 5158 1750 5225 (spiritu
1790 5159 1925 5213 duro
1950 5177 1973 5212 ι

402 5251 592 5297 contra
651 5244 922 5314 apostolos
961 5245 1162 5300 Christi
1220 5249 1503 5317 occupati,
1538 5249 1776 5320 nihilque
1826 5250 1974 5306 aliud

403 5337 726 5402 cogitantes,
757 5354 917 5407 quam
953 5341 1220 5408 quomodo
1256 5340 1446 5396 eodem
1475 5343 1664 5412 spiritu
1694 5346 1973 5400 interﬁce-

405 5436 524 5480 rent
546 5441 661 5481 eos.
691 5427 799 5483 Sed
826 5432 1080 5499 quoniam
1132 5434 1388 5488 arrumuis
1429 5434 1734 5504 hujusmodi
1786 5437 1971 5493 aﬂ’ecti

405 5515 503 5583 illi,
550 5534 570 5568 ι
595 5531 660 5572 ex
687 5517 855 5576 Jacob
897 5526 1290 5595 germinantes,
1342 5534 1395 5580 et
1434 5541 1502 5582 ex
1540 5527 1707 5585 lsrael
1751 5527 1972 5585 elllore-

467 5696 510 5728 “
543 5697 875 5762 Deumxxn.
913 5702 999 5755 {5.
1079 5704 1123 5736 '°
1152 5704 1291 5759 Psal.
1320 5720 1463 5770 κων,
1490 5703 1539 5757 7.

2106 1863 2276 1915 σεται,
2314 1852 2380 1922 ἣν
2408 1849 2555 1920 αὐτῷ
2581 1850 2724 1921 μόνῳ
2767 1852 2795 1903 ὁ
2840 1850 3011 1920 μέγας
3054 1850 3246 1920 κριτὴς
3298 1848 3676 1919 ἐταμιεύσατο.

2101 1943 2393 2013 Μάχαιραν
2435 1943 2669 1997 ἐνταῦθα
2708 1943 2853 2010 λέγει
2886 1944 2985 2013 τὴν
3025 1942 3302 2013 ἐνέργειαν
3350 1942 3452 2011 τῆς
3494 1942 3677 2010 δίκης

2101 2036 2237 2089 ἀλλά
2265 2038 2357 2090 καί
2389 2037 2551 2105 ἁγίαν
2582 2035 2754 2099 καλεῖ,
2789 2033 2922 2105 ὁμοῦ
2967 2035 3064 2105 μὲν
3098 2033 3584 2105 παραμυθούμενος
3611 2032 3679 2087 τὸ

2100 2128 2327 2200 φοϐερὸν
2365 2129 2462 2199 τῆς
2493 2127 2745 2197 ἀπειλῆς,
2778 2126 2913 2197 ὁμοῦ
2948 2126 3005 2179 δὲ
3037 2128 3131 2179 καὶ
3166 2125 3399 2189 δεικνὺς,
3450 2125 3525 2188 ὡς
3571 2124 3678 2179 οὐκ

2100 2222 2179 2284 εἰς
2209 2219 2482 2274 ἀπώλειαν
2513 2220 2976 2291 καταστρέψωσιν
2998 2222 3047 2272 οἰ
3072 2218 3489 2291 τιμωρούμενον
3512 2218 3657 2286 ἀγιω

2100 2312 2264 2383 σύνης
2286 2330 2344 2365 τε
2374 2314 2555 2376 αὐτοῖς
2576 2314 2747 2366 αἴτιον
2776 2313 2926 2365 ἐσται
2956 2311 3292 2383 μετανοοῦσι.
3317 2311 3426 2365 Καὶ
3445 2310 3552 2381 γὰρ
3571 2309 3677 2364 οὐκ

2097 2405 2355 2458 ἀπολέσαι
2398 2404 2648 2474 βούλεται
2690 2405 2719 2457 ὁ
2768 2404 2900 2469 Θεὸς
2940 2404 3227 2469 παιδεύων,
3274 2402 3411 2457 ἀλλά
3434 2401 3676 2474 καθᾶραι

2098 2499 2192 2552 καὶ
2221 2497 2441 2567 ἁγιάσαι
2471 2497 2922 2569 ἐπιστρέψαντας.

2167 2697 2187 2730 ι
2231 2676 2309 2750 Τῇ
2356 2677 2537 2749 ἡμέρα
2585 2678 2767 2749 ἐκείνῃ
2816 2678 3074 2748 άμπελὼν
3114 2678 3297 2740 καλὸς,
3347 2678 3675 2749 ἐπιθύμημα

2092 2769 2343 2841 ἐξάρχειν
2378 2773 2496 2824 κατ’
2531 2771 2721 2841 αὐτῆς.
2772 2769 2912 2839 Ἐγὼ
2961 2769 3113 2832 πόλις
3154 2769 3348 2841 ὀχυρὰ,
3396 2771 3548 2834 πόλις
3579 2787 3674 2824 πο-

2090 2863 2470 2936 λιορκουμένη,
2535 2864 2709 2935 μάτην
2758 2862 2925 2915 ποτιῶ
2980 2863 3148 2933 αὑτήν
3174 2879 3187 2892 °
3253 2861 3514 2915 ἁλώσεται
3559 2864 3675 2935 γὰρ

2090 2956 2303 3019 νυκτὸς,
2353 2956 2566 3028 ἡμέρας
2605 2954 2661 3008 δέ
2702 2957 2944 3008 πεσεῖται
2984 2954 3046 3006 τὸ
3091 2957 3269 3025 τεῖχος
3318 2954 3503 3024 αὐτῆς.
3555 2955 3673 3009 Οὐκ

2094 3046 2239 3101 ἐστιν
2282 3049 2315 3118 ἢ
2349 3048 2448 3099 οὐκ
2477 3046 2771 3100 ἐπελάϐετο
2803 3046 2994 3115 αὐτῆς.
3029 3043 3124 3108 Τίς
3167 3062 3235 3115 με
3276 3044 3429 3116 θήσει
3463 3044 3672 3114 φυλάσ-

2094 3156 2207 3193 σειν
2246 3138 2494 3209 καλάμην
2538 3138 2596 3191 ἐν
2637 3136 2828 3209 amp;
2876 3137 2963 3191 διὰ
3008 3136 3106 3207 τὴν
3155 3136 3415 3207 πολεμίαν
3462 3137 3672 3209 ταύτην

2087 3233 2329 3303 ὴθέτηκα
2391 3231 2576 3302 αὑτήν.
2624 3231 2815 3283 Τοίνυν
2856 3230 2945 3283 διὰ
2989 3229 3148 3283 τοῦτο
3191 3231 3412 3301 ἐποίησε
3462 3228 3672 3303 Κύριος

2089 3325 2263 3378 πάντα
2284 3325 2384 3377 ὅσα
2415 3322 2689 3390 συνέταξε.
2718 3322 3171 3393 Κατακέκαυμαι.
3206 3342 3224 3373 ι
3263 3323 3321 3375 '0
3341 3322 3396 3376 δὲ
3418 3320 3543 3385 νοῦς
3569 3321 3669 3377 τοῦ

2087 3416 2244 3484 λόγου
2280 3415 2519 3478 τοιοῦτός
2551 3417 2666 3467 ἐστι
2687 3432 2700 3446 ⁸
2737 3416 2828 3486 Μή
2864 3432 2915 3468 τι
2956 3415 3126 3468 κακὸν
3186 3414 3306 3468 ἀντί
3347 3414 3518 3467 κακοῦ
3551 3416 3671 3478 τοῖς

2090 3506 2295 3558 ἔθνεσιν
2334 3505 2652 3559 ἀπεδίδοσαν
2697 3508 2745 3558 οἰ
2792 3504 3152 3576 κηρύττοντες
3192 3506 3375 3567 αὐτοῖς
3408 3505 3669 3577 εἰρήνην;

2089 3598 2152 3650 Oi
2190 3597 2287 3667 μὲν
2317 3596 2424 3667 γὰρ
2454 3596 2675 3649 ἐδίωκον
2716 3597 2914 3659 αὐτοὺς
2961 3597 3054 3649 καὶ
3093 3596 3307 3667 πληγὰς
3344 3594 3625 3657 ἐπιθέντες
3653 3610 3668 3626 ο

2086 3689 2137 3741 el
2168 3688 2225 3740 δέ
2251 3687 2320 3741 τὰ
2347 3687 2606 3741 κάλλιστα
2638 3689 2823 3751 αὐτοῖς
2845 3689 2943 3758 τὴν
2970 3690 3191 3760 εἰρήνην
3223 3688 3661 3762 εὐηγγελίζοντο.

2086 3782 2229 3851 Μήτι
2277 3777 2368 3834 οὖν
2416 3781 2484 3833 τὰ
2525 3779 2615 3834 ἴσα
2662 3780 2898 3851 ἔπασχον
2931 3782 2978 3834 οί
3026 3781 3083 3844 ἐξ
3133 3781 3321 3845 ἐθνῶν,
3356 3781 3669 3846 ἀδικοῦντες

2086 3873 2213 3936 τοὺς
2252 3872 2351 3943 τῆς
2383 3873 2606 3944 εἰρήνης
2648 3874 2930 3943 κήρυκας;
2965 3874 3232 3926 Ἔτυπτον
3266 3874 3394 3944 γὰρ,
3438 3874 3533 3928 καὶ
3564 3874 3667 3927 οὐκ

2084 3964 2494 4029 ἀντετύπτοντο,
2516 3967 2610 4018 καὶ
2646 3963 2900 4036 ἀνῄρουν,
2947 3964 3059 4017 ἀλλ’
3094 3965 3193 4018 οὐκ
3237 3965 3665 4038 ἀντανῃροῦντο·

2086 4056 2182 4107 καὶ
2230 4057 2522 4126 μαχόμενοι
2567 4056 2623 4109 δὲ
2669 4057 2760 4109 καὶ
2797 4055 3163 4121 ὀνειδίζοντες,
3203 4057 3421 4109 ἐδίωκον
3465 4058 3665 4119 αὐτοὺς

2088 4149 2182 4201 καὶ
2225 4149 2640 4215 ἐξαπέστελλον·
2668 4151 2715 4201 οἰ
2755 4150 2809 4201 δὲ
2848 4150 2947 4202 οὐκ
2980 4150 3285 4220 ἀνεχώρουν
3324 4149 3415 4203 τοῦ
3454 4152 3550 4221 τὴν
3580 4152 3664 4203 εἰ-

2089 4242 2258 4314 ρήνην
2298 4243 2390 4294 καὶ
2421 4240 2514 4293 τοῦ
2548 4242 2615 4294 τά
2647 4242 2828 4310 ἀγαθά
2855 4242 3035 4305 αὐτοῖς
3069 4241 3537 4309 εὐαγγελίζεσθαι.
3572 4243 3662 4297 Διὸ

2088 4332 2352 4399 ἐπιλέγειο

2164 4442 2180 4474 ι
2222 4425 2510 4495 Βοήσονται
2555 4427 2600 4477 οἰ
2648 4426 2979 4490 ἐνοικοῦντες
3025 4428 3081 4480 ἐν
3132 4427 3295 4498 αὑτῇο
3347 4430 3663 4498 ποιήσωμεν

2087 4517 2310 4588 εἰρήνην
2347 4516 2516 4587 αὐτῷ,
2550 4518 2863 4588 ποιήσωμεν
2893 4520 3140 4589 εἰρήνην·
3176 4520 3224 4571 οἱ
3257 4520 3541 4590 ἐρχόμενοι
3576 4521 3660 4573 τὲ-

2087 4625 2192 4661 κνα
2241 4607 2435 4661 Ἰακὼϐ
2470 4608 2785 4679 βλαστήσει,
2831 4612 2925 4664 καὶ
2954 4610 3234 4681 ἐξανθήσει
3292 4611 3527 4684 Ἰσραὴλ,
3566 4612 3662 4666 καὶ

2084 4699 2526 4770 ἐμπλησθήσεται
2570 4702 2603 4771 ή
2637 4703 2925 4773 οἰκουμένη
2960 4703 3049 4755 τοῦ
3094 4704 3306 4773 καρποῦ
3348 4703 3533 4757 αὑτοῦ.
3569 4707 3661 4779 Μὴ

2088 4790 2163 4854 ὡς
2194 4791 2355 4855 αὐτὸς
2379 4790 2635 4858 ἐπάταξε,
2661 4795 2753 4847 καὶ
2774 4794 2934 4858 αὐτὸς
2961 4794 3129 4857 οῦτως
3154 4795 3489 4866 πληγήσεται
3508 4814 3522 4827 ⁸
3564 4800 3662 4852 καὶ

2088 4882 2163 4945 ὡς
2194 4883 2356 4946 αὐτὸς
2386 4884 2612 4950 ἀνεῖλεν,
2654 4884 2826 4949 οὕτως
2856 4887 3300 4960 ἀναιρεθήσεται;
3335 4890 3661 4961 Μαχόμενος

2088 4974 2182 5031 καὶ
2208 4972 2480 5039 ὀνειδίζων
2506 4976 2853 5041 ἐξαποστελεῖ
2877 4979 3088 5043 αὐτούς.
3121 4983 3195 5033 οὐ
3228 4981 3290 5033 σὺ
3326 4976 3467 5051 ἦσθα
3501 4981 3659 5051 μελε-

2086 5063 2196 5120 τῶν
2237 5066 2314 5136 τῷ
2342 5066 2611 5137 πνεύματι
2635 5069 2711 5139 τῷ
2754 5068 2991 5141 σκληρῷ,
3017 5071 3225 5124 ἀνελεῖν
3262 5074 3457 5136 αὐτοὺς
3494 5074 3659 5126 πνεύ-

2088 5171 2217 5226 ματι
2264 5157 2468 5227 θυμοῦ;
2516 5177 2534 5209 ι
2587 5158 2769 5212 Ταῦτα
2822 5160 2929 5231 γὰρ
2969 5160 3234 5230 ἐμελέτων
3280 5163 3328 5215 οἱ
3376 5159 3434 5225 ἐξ
3486 5159 3659 5212 ἐθνῶν

2083 5249 2297 5304 ἄπιστοι
2338 5250 2479 5303 κατά
2515 5251 2622 5304 τῶν
2668 5252 2976 5305 ἀποστόλων
3018 5252 3111 5306 τοῦ
3152 5253 3388 5325 Χριστοῦ
3436 5272 3455 5303 ‹
3496 5252 3661 5306 πνεύ-

2086 5359 2212 5413 ματι
2249 5343 2467 5415 σκληρῷ
2499 5362 2517 5394 ι
2568 5343 2939 5414 κατεχόμενοι.
2983 5346 3075 5398 καί
3118 5346 3268 5399 οὐδὲν
3309 5346 3495 5415 ἕτερον
3542 5345 3657 5399 δια-

2081 5435 2378 5507 νοούμενοι,
2432 5437 2463 5508 ἢ
2503 5439 2649 5501 ὅπως
2697 5439 2958 5492 ἀνέλωσιν
3013 5441 3209 5505 αὐτοὺς
3251 5441 3329 5513 τῷ
3373 5443 3430 5493 ἐν
3472 5442 3656 5505 αὐτοῖς

2081 5529 2370 5602 πνεύματι.
2414 5530 2551 5585 Ἀλλ’
2600 5533 2783 5605 ἐπειδὴ
2825 5533 3047 5588 τοιαῦτα
3075 5535 3371 5606 πάσχοντες
3393 5536 3441 5588 οἰ
3472 5537 3537 5587 ἐκ
3560 5532 3653 5589 τοῦ
