3862 6210
168 296 277 358 ει

1107 287 1615 349 COMMENTARIA
1650 286 1724 344 IN
1753 282 2017 343 ISAIAM.
2058 310 2131 324 —
2164 279 2321 340 CAP.
2363 276 2576 334 XXVII.

170 417 391 476 Ἰακὼϐ
428 417 852 490 βλαστήσαντες,
896 420 992 475 καὶ
1032 420 1098 473 ὲκ
1142 417 1240 473 τοῦ
1284 417 1504 492 Ἰσραὴλ
1547 417 1775 489 ἐξανθή-

1881 419 2120 471 scentes.
2148 427 2168 461 ι
2204 406 2386 463 omnia
2418 404 2634 460 fortiter
2659 403 2697 469 ιι
2724 399 2971 456 terebant
2994 417 3013 451 ι
3043 406 3267 469 propter
3307 396 3467 453 Clit-t-

178 527 399 577 σαντες,
431 530 453 563 ι
493 510 689 583 ἔφερον
723 512 904 566 πάντα
935 511 1202 582 γενναίως
1233 511 1323 567 διὰ
1363 512 1455 567 τὸν
1503 510 1771 584 Χριστόν·

173 603 374 661 τούτου
405 604 570 676 χάριν
604 601 869 675 ἐπιλέγει·

254 714 275 747 ι
316 697 421 751 Διά
456 696 621 750 ¹τοῦτο
648 696 1084 770 ἀφαιρεθήσεται
1114 698 1146 771 ή
1189 698 1386 771 ἀνομία
1432 697 1650 763 Ἰακὼϐ,
1678 697 1776 753 καὶ

173 786 341 843 τοῦτό
394 789 545 842 ἐστιν
597 789 631 860 ἡ
680 789 902 858 εὐλογία
939 789 1129 851 αὐτοῦ,
1177 791 1308 846 ὅταν
1352 790 1638 863 ἀφέλωμαι
1674 789 1773 861 τὴν

173 882 458 954 ἁμαρτίαν
490 881 679 945 αὐτοῦ,
726 883 854 938 ὅταν
887 882 1018 937 θῶσι
1045 885 1253 950 πάντας
1283 886 1410 949 τοὺς
1450 883 1632 945 λίθους
1665 881 1774 937 τῶν

178 974 384 1047 βωμῶν
416 976 958 1047 κατακεκομμένους,
988 977 1065 1044 ὡς
1094 977 1280 1032 κονίαν
1312 976 1535 1049 λεπτὴν,
1568 977 1663 1030 καὶ
1682 988 1685 993 ‘
1707 975 1771 1030 ού

180 1067 258 1141 μὴ
312 1066 475 1141 μείνῃ
525 1065 595 1120 τὰ
626 1066 819 1139 δένδρα
856 1067 1058 1134 αὐτῶν,
1104 1069 1199 1122 καὶ
1237 1067 1308 1122 τὰ
1347 1067 1543 1121 εἴδωλα
1590 1064 1772 1119 αὐτῶν

176 1159 590 1231 ἑκκεκομμένα,
612 1156 803 1230 ὥσπερ
836 1158 1039 1231 δρυμὸς
1089 1160 1324 1232 μακράν.
1362 1178 1378 1210 ι
1426 1156 1609 1212 Ταῦτα
1637 1156 1769 1228 γὰρ,

176 1253 371 1324 φησιν,
403 1250 554 1306 αἴτια
582 1251 872 1323 γενήσεται
904 1251 1005 1323 τῆς
1066 1232 1318 1323 ἀφέσεως
1347 1250 1458 1304 τῶν
1484 1249 1771 1323 ἁμαρτιῶν

192 1342 413 1408 Ἰακὼϐ,
461 1345 556 1399 καὶ
601 1343 689 1398 διὰ
736 1344 1046 1399 ταῦτα-ἐπ’
1080 1344 1244 1398 αὐτὸν
1275 1342 1394 1415 ἥξει
1445 1346 1479 1415 ἡ
1527 1342 1768 1413 εὐλογία,

174 1434 594 1508 ἀφαιρουμένης
636 1433 804 1489 αὐτοῦ
845 1436 942 1506 τῆς
975 1434 1270 1506 ἁμαρτίας.
1308 1433 1619 1505 Σωθήσεται
1661 1432 1771 1504 γὰρ

174 1525 268 1581 διὰ
310 1527 412 1597 τῆς
441 1527 808 1596 τεκνογονίας,
853 1525 951 1580 ἐὰν
983 1526 1210 1597 μείνω-ιι
1252 1527 1310 1579 ἐν
1351 1526 1417 1597 τῇ
1461 1525 1644 1579 πίστει
1676 1525 1771 1578 καὶ

172 1617 367 1690 ἀγάπῃ
387 1618 481 1672 καὶ
503 1617 762 1690 ἁγιασμῷ
782 1617 919 1690 μετὰ
938 1635 1055 1688 ato-,0
1065 1617 1312 1691 ροσύνης.
1335 1618 1477 1672 κατά
1499 1617 1589 1671 τὴν
1617 1616 1772 1672 Ἀπό-

175 1711 389 1767 άτολον·
439 1711 732 1768 ἀκόλουθόν
764 1714 877 1766 ἐστι
907 1712 1000 1766 καὶ
1027 1712 1119 1767 τὸν
1169 1711 1362 1766 Ἰακὼϐ
1398 1713 1563 1766 τέκνα
1599 1731 1617 1763 ι
1652 1712 1771 1782 βλαο

1876 517 2018 562 stutn
2043 521 2058 571 ;
2091 503 2214 560 ideo
2244 498 2537 573 subiungit
2560 515 2578 552 :

1945 681 2113 739 Vens.
2153 679 2209 736 9.
2254 698 2273 732 ι
2297 675 2596 745 Propterea
2641 671 2925 728 auferetur
2965 670 3234 742 iniquitas
3267 665 3466 732 Iacob,

1873 787 1929 834 et
1952 777 2065 833 ltzec
2092 774 2197 830 erit
2226 769 2535 828 benedictio
2574 765 2729 837 ejus,
2765 782 2890 822 cum
2938 765 3223 820 abstulero
3267 779 3464 834 pecea-

1876 870 1987 924 tum
2023 867 2162 937 eius,
2185 844 2403 936 quando
2432 864 2719 933 posuerim
2747 876 2941 914 omnes
2964 859 3171 929 laptiles
3205 858 3462 914 altarium

1864 946 2165 1019 contritus,
2206 958 2362 1030 quasi
2407 958 2646 1011 cinerem
2682 955 2951 1007 minutnnt
2988 963 3089 1007 :et
3133 969 3238 1005 non
3277 967 3464 1003 niane-

1873 1054 2007 1110 bunt
2039 1054 2265 1108 arbores
2295 1066 2485 1107 eorum
2526 1090 2540 1114 ,
2574 1059 2626 1101 ιιι
2654 1047 2794 1101 idola
2828 1062 3018 1100 eorum
3060 1049 3244 1100 excisa
3266 1086 3280 1105 .
3312 1045 3465 1113 quasi

1873 1149 2003 1204 silva
2040 1147 2246 1217 procul.
2274 1163 2293 1197 ι
2340 1142 2487 1208 llzrc,
2522 1142 2736 1212 inquit,
2777 1141 2829 1194 in
2862 1156 3028 1194 causa
3069 1149 3228 1193 erunt
3277 1138 3466 1197 remis-

1872 1244 2042 1300 sionis
2095 1252 2447 1311 peccatorum
2498 1236 2668 1295 πωροι)
2703 1255 2716 1292 :
2747 1246 2803 1292 et
2868 1236 3062 1290 eadem
3127 1237 3194 1290 tle
3262 1248 3467 1300 causa,

1872 1336 2052 1392 deleto
2081 1344 2303 1405 peccato
2325 1332 2465 1402 ejus,
2504 1329 2813 1385 benedictio
2851 1342 3014 1395 super
3052 1326 3206 1381 illum
3261 1325 3466 1383 veniet.

1871 1428 2005 1484 Nam
2025 1430 2094 1486 ob
2118 1430 2349 1483 tiliorunt
2379 1427 2820 1498 procreationem
2853 1423 3187 1489 servabitur,
3214 1423 3257 1476 si
3284 1433 3464 1478 tamen

1874 1520 1945 1575 it'li
1980 1521 2275 1574 manserint
2321 1520 2374 1573 in
2421 1517 2558 1582 ﬁde,
2607 1517 2901 1571 dilectione
2932 1527 2988 1570 et
3020 1517 3465 1572 sanctiﬁcatione

1871 1625 1993 1667 Cum
2027 1611 2412 1681 temperantia,
2445 1610 2742 1665 secundum
2770 1608 3089 1679 Apostolum
3125 1627 3140 1663 :
3175 1624 3240 1664 ac
3270 1625 3466 1666 conse-

1872 1716 2042 1771 quens
2095 1712 2179 1758 est
2217 1701 2479 1758 Jacobum
2532 1702 2672 1756 ﬁlios
2727 1703 3196 1772 «germinantem,
3234 1722 3254 1757 ι
3302 1713 3358 1758 ct
3404 1705 3456 1759 in

174 1804 475 1876 στήσαντα,
504 1824 526 1857 ι
552 1804 761 1859 καὶτὸν
785 1804 1023 1859 τοιοῦτον
1046 1804 1258 1876 καρπὸν
1292 1823 1313 1856 ι
1347 1803 1717 1877 ὲξανθήσαντα
1740 1825 1759 1857 ι

1867 1794 2142 1863 eopiusmtt
2190 1795 2432 1850 fructum
2489 1811 2508 1846 ι
2541 1792 3007 1861 eﬂiorescentetu,
3036 1814 3056 1849 ι
3099 1796 3168 1852 ob
3220 1795 3458 1852 ﬁliorum

170 1893 261 1950 διὰ
300 1896 405 1968 τῆς
441 1896 647 1953 τούτων
693 1896 896 1968 ἀρετῆς
928 1897 1258 1967 κοινωνῆσαι
1300 1897 1479 1951 αὐτῶν
1518 1899 1583 1969 τῇ
1612 1896 1765 1951 εύλο-

168 1984 291 2058 γῖα.
322 1986 591 2057 Σημαίνει
622 1987 680 2041 δὲ
717 1988 747 2041 ὁ
780 1985 935 2056 λόγος
966 1987 1192 2052 πολλοὺς
1231 1987 1321 2042 διὰ
1346 1988 1448 2058 τῆς
1478 1987 1765 2043 ἀποστολι-

167 2077 278 2148 xi}:
308 2078 531 2149 χάριτος
561 2079 657 2135 καὶ
682 2078 791 2133 τῶν
816 2079 958 2134 κατὰ
988 2080 1168 2152 σάρκα
1195 2079 1555 2150 γειτνιώντων
1582 2082 1766 2146 αὐτοῖς

168 2169 539 2244 σωθήσεσθαι.

245 2287 266 2320 ι
300 2267 379 2323 Τὸ
404 2265 830 2338 κατοικούμενον
871 2264 1120 2338 ποίμνιον
1160 2265 1443 2339 ἀνειμένον
1479 2264 1652 2330 ἔσται,
1688 2264 1765 2331 ὡς

166 2360 427 2433 ποίμνιον
456 2356 971 2430 καταλελειμμένον.
1008 2358 1120 2412 Καὶ
1169 2357 1321 2412 ἔσται
1356 2356 1524 2412 πολὺν
1573 2357 1764 2430 χρόνον

163 2452 249 2517 είς
310 2451 590 2524 βόσκημα,
646 2451 744 2505 καὶ
798 2451 917 2505 ἐκεῖ
972 2449 1384 2505 ἀναπαύσονται
1422 2450 1679 2522 ποίμνια.
1737 2468 1757 2503 ι

178 2542 337 2598 Ἐπεὶ
401 2543 478 2615 μὴ
532 2541 907 2615 ἐϐουλήθησαν
938 2542 1030 2596 τὸν
1068 2542 1231 2597 καλὸν
1270 2542 1504 2614 ποιμένα
1533 2540 1765 2614 παραδέε-

164 2635 390 2704 ξασθαι,
428 2635 524 2690 τὸν
547 2635 710 2690 θέντα
739 2634 837 2707 τὴν
875 2635 1069 2689 ἑαυτοῦ
1098 2634 1277 2706 ψυχὴν
1304 2636 1444 2709 ὑπὲρ
1474 2635 1583 2689 τῶν
1624 2652 1760 2707 προ-

163 2728 378 2783 ϐάτων·
410 2727 602 2800 διόπερ
632 2729 665 2800 ή
696 2725 853 2799 χώρα
874 2727 977 2798 τῆς
1003 2726 1180 2799 ψυχῆς
1204 2727 1385 2782 αὐτῶν
1411 2728 1565 2782 ἔσται
1592 2728 1761 2782 πολὺν

162 2819 358 2893 χρόνον
391 2820 473 2884 εἰς
506 2818 779 2890 βόσκημα,
812 2816 887 2882 ὼς
932 2818 1274 2890 πληροῦσθαι
1315 2822 1396 2884 είς
1441 2820 1639 2884 αὐτοὺς
1676 2818 1758 2884 τὸ,

167 2933 191 2965 ι
226 2911 535 2984 ἐλυμήνατο
575 2912 748 2985 αὐτὴν
782 2906 844 2977 ῦς
880 2913 944 2968 ἐκ
974 2912 1203 2987 δρυμοῦ,
1227 2912 1324 2967 καὶ
1361 2912 1542 2984 μονιὺς
1572 2912 1761 2983 ἄγριος

162 3020 360 3060 ιατενε
368 3005 585 3076 μήσατο
609 3005 804 3077 αὐτήν.
819 3026 840 3059 ι

237 3118 258 3151 ι
288 3098 403 3153 Καὶ
439 3097 579 3169 μετά
624 3100 818 3171 χρόνον
840 3100 942 3155 ούκ
970 3099 1125 3154 ἔσται
1157 3101 1216 3153 ὲν
1243 3098 1382 3169 αὐτῇ
1411 3098 1518 3151 πᾶν
1549 3094 1757 3169 χλωρὸν
1785 3144 1827 3201 C

161 3189 253 3245 διὰ
281 3190 346 3244 τὶ
366 3187 721 3262 ξηρανθῖψαι.
753 3210 772 3244 ι
799 3221 867 3232 —-
888 3210 907 3243 ι
931 3191 1098 3254 Ἐκεῖ,
1133 3192 1317 3260 φησιν,
1343 3189 1752 3245 ἀναπαύσονται

161 3280 234 3339 τὰ
259 3282 513 3355 ποίμνια,
547 3303 567 3335 ι
605 3282 764 3355 δῆλον
787 3282 844 3338 δὲ
874 3284 957 3337 ὅτι
1001 3285 1050 3337 οἱ
1086 3282 1514 3346 καταϐόσκοντες
1541 3283 1635 3337 καὶ
1665 3280 1759 3335 λυ·

163 3377 484 3447 μαινόμενοι
525 3375 715 3448 αὐτὴν.
754 3376 847 3439 Εἰς
877 3375 1146 3445 τοσαύτην
1191 3374 1249 3429 δὲ
1286 3375 1756 3447 περιτραπήσεται

158 3467 423 3541 ἐρημίαν,
477 3467 555 3533 ὡς
606 3467 774 3537 μηδὲν
815 3467 1026 3539 χλωρὸν
1068 3469 1127 3521 ὲν
1176 3468 1312 3540 αύτῇ
1355 3465 1594 3538 ὑπάρξαι
1619 3483 1633 3497 ·
1677 3464 1757 3519 διὸ

157 3558 415 3615 λέλεκται
433 3576 448 3591 θ
483 3580 501 3609 ι
525 3561 634 3614 Καὶ
653 3561 755 3615 ούκ
788 3559 942 3613 ἔσται
966 3561 1024 3613 ὲν
1061 3559 1212 3631 αὐτῷ
1242 3559 1469 3632 χλωρόν.
1493 3559 1756 3623 Γυναῖκες

156 3653 456 3725 ἐρχόμεναι
497 3652 606 3707 ἀπὸ
643 3652 793 3719 θέας,
831 3652 1005 3707 δεῦτε⁸
1035 3653 1098 3707 ού
1126 3653 1236 3725 γὰρ
1277 3652 1406 3718 λαός
1438 3655 1585 3707 ἐστιν
1616 3650 1755 3723 ἔχων

160 3744 401 3800 σύνεσιν.
443 3764 463 3798 ι
502 3746 770 3810 Γυναῖκας
804 3745 1176 3807 ἀνακαλεῖται,
1211 3745 1288 3809 ὡς
1316 3744 1528 3816 ἀνδρῶν
1565 3745 1638 3815 μὴ
1668 3744 1757 3797 eu-

161 3837 506 3910 ρισκομένων
541 3837 600 3890 ὲν
628 3838 811 3902 αὐτοῖς
846 3836 1013 3903 ἀξίων
1045 3836 1340 3908 σωτηρίας.
1383 3835 1475 3890 Διὸ
1507 3838 1627 3900 ταῖς
1657 3852 1756 3905 γυ-

155 3929 306 3998 ναιξὶ
338 3927 779 4002 παρακελεύεται
818 3928 1072 3984 σπεύδειν
1111 3929 1205 3983 καὶ
1236 3930 1394 3999 ἥκειν
1425 3931 1507 3994 εἰς
1542 3945 1754 4001 μαρτυ-

159 4020 284 4094 ρίαν
303 4021 417 4075 ἀπὸ
439 4020 567 4085 θέας
593 4008 715 4074 tibi)"
733 4020 1050 4093 παραδόξων
1075 4019 1170 4074 καὶ
1196 4018 1515 4091 θαυμασίων
1546 4018 1752 4092 ἔργων,

155 4112 236 4177 ὡς
273 4112 340 4167 ἂν
366 4111 621 4168 ἐλθοῦσαι
666 4113 962 4183 φωτίσαιεν
1000 4113 1093 4167 τὸν
1124 4114 1183 4167 ὲν
1233 4112 1409 4184 σκότῳ
1444 4111 1756 4183 καθήμενον

156 4203 284 4260 λαὸν
310 4207 409 4260 καὶ
443 4205 544 4275 τὴν
581 4205 734 4260 πὸλιν
763 4206 943 4261 αὐτῶν
982 4206 1083 4278 τὴν
1115 4205 1444 4277 ἀφειμένην.
1479 4205 1571 4258 Διὸ
1608 4203 1755 4259 κατὰ

153 4297 251 4352 τὸν
274 4297 512 4352 ’Δκύλαν
540 4299 756 4371 εἴρηται
775 4315 789 4330 ⁸
824 4317 844 4350 ι
881 4298 1144 4362 Γυναῖκες
1175 4297 1464 4369 ἐρχόμεναι
1491 4295 1755 4366 φωτίζου-

158 4392 438 4463 σιναύτήν
459 4408 473 4422 ·
497 4411 517 4445 ι
550 4393 693 4445 κατά
720 4391 776 4445 δὲ
804 4391 896 4445 τὸν
921 4391 1235 4462 Σύμμαχον,
1261 4408 1280 4441 ι
1303 4390 1562 4454 Γυναῖκες
1592 4389 1752 4462 ἐρχό-

1869 1887 2118 1942 virtutem
2161 1888 2214 1941 in
2248 1898 2457 1956 partem
2492 1887 2890 1942 benedictionis
2924 1887 3132 1943 venire.
3174 1888 3455 1945 Iudicatur

1868 1990 2045 2034 autem
2077 1980 2275 2035 multos
2307 1996 2404 2050 per
2426 1981 2782 2051 apostolicam
2828 1981 3084 2050 gratiam,
3132 1990 3189 2036 et
3229 1997 3325 2049 per
3362 1995 3458 2036 eos

1866 2074 1955 2142 qui
2001 2075 2131 2145 ipsis
2156 2089 2325 2130 carne
2379 2074 2666 2145 propinqui
2710 2082 2861 2138 sunt,
2897 2072 3128 2128 salutem
3180 2089 3453 2130 consecu-

1868 2175 2019 2221 turos
2044 2182 2186 2222 esse.

1936 2256 2103 2313 Vens.
2161 2260 2248 2314 l0.
2321 2276 2342 2311 ι
2378 2258 2696 2314 llabitatnm
2758 2257 2901 2312 ovile
2958 2258 3245 2312 remissum
3308 2258 3451 2326 erit,

1865 2352 2009 2408 sicut
2048 2352 2190 2406 ovile
2229 2352 2569 2408 derelii-tum.
2607 2350 2674 2406 Et
2712 2350 2816 2407 erit
2867 2350 3040 2404 multo
3101 2360 3347 2420 tempore
3397 2350 3451 2406 in

1865 2459 2081 2513 pascua,
2132 2453 2186 2498 et
2227 2444 2299 2498 ibi
2351 2444 2696 2512 requiescent
2752 2458 3009 2513 gregem:
3065 2440 3205 2510 Quia
3252 2442 3450 2498 bonum

1866 2534 2013 2589 illum
2065 2544 2336 2605 pastorem
2393 2538 2645 2605 accipere
2702 2535 3027 2600 noluerunt,
3064 2536 3155 2603 qui
3208 2537 3449 2590 animam

1862 2642 2021 2683 suam
2075 2631 2255 2699 posuit
2311 2643 2408 2698 pro
2452 2629 2650 2683 ovibus
2682 2629 2832 2691 suis;
2898 2627 3019 2682 ideo
3073 2641 3205 2696 ager
3252 2629 3448 2682 animat

1862 2733 2051 2774 eorum
2088 2720 2247 2789 longo
2296 2731 2542 2791 tempore
2591 2721 2644 2775 in
2685 2720 2944 2789 pabulum
2982 2720 3123 2786 erit;
3171 2721 3242 2774 ita
3288 2731 3347 2775 ut
3394 2720 3449 2776 in

1863 2812 1998 2884 ipsis
2044 2814 2334 2885 impleatur
2387 2818 2491 2870 hoc
2547 2815 2776 2879 dictum,
2841 2812 3271 2867 «exterminavit
3327 2828 3448 2867 eain

1862 2922 1993 2977 aper
2042 2908 2109 2961 de
2157 2907 2326 2975 silva,
2401 2916 2458 2965 et
2512 2907 2808 2983 singularis
2853 2905 3007 2963 ferus
3059 2907 3321 2977 depastus
3367 2914 3452 2962 est

1861 3012 1979 3053 earn
2011 2999 2079 3052 ιι.
2106 3017 2126 3051 ι
2884 3006 2889 3011 ’

1935 3089 2095 3145 Vens.
2137 3090 2228 3146 ιι.
2271 3109 2291 3142 ι
2321 3088 2387 3146 Ει
2426 3102 2548 3161 post
2576 3101 2789 3160 tempus
2816 3108 2924 3149 non
2957 3093 3062 3148 erit
3088 3094 3143 3149 in
3175 3109 3236 3150 ea
3269 3107 3443 3151 omne

1862 3183 2054 3249 viride,
2082 3199 2147 3239 eo
2170 3185 2310 3254 quod
2336 3186 2610 3241 exsiccata
2635 3186 2725 3241 sit.
2759 3206 2776 3239 ι
2804 3216 2875 3230 —-
2897 3187 3059 3250 «Illic,
3094 3188 3189 3250 ait,
3235 3187 3447 3256 requie-

1859 3290 2015 3335 scent
2042 3296 2255 3353 greges.
2286 3299 2306 3332 ι
2340 3282 2373 3334 ii
2404 3282 2660 3336 videlicet
2699 3282 2791 3352 qui
2839 3283 3012 3352 ipsam
3058 3287 3356 3354 «lopasennt
3391 3293 3447 3338 et

1857 3373 2245 3429 exteritiinanl.
2277 3373 2331 3429 Ιιι
2362 3383 2565 3429 lautam
2601 3389 2763 3442 porro
2803 3377 3116 3430 vastitatem
3160 3376 3435 3440 deveniet,

1859 3475 1916 3519 ιιι
1966 3464 2215 3523 ﬂoridum
2267 3466 2399 3521 nibil
2441 3467 2495 3521 itt
2544 3466 2630 3520 illa
2702 3468 2988 3535 supersit:
3025 3481 3196 3536 quare
3244 3466 3449 3521 dicitur

1864 3575 1884 3610 ι
1912 3556 1979 3612 Et
2009 3573 2113 3612 non
2145 3559 2246 3615 erit
2279 3560 2332 3614 in
2378 3559 2463 3613 illa
2508 3558 2700 3613 viride.
2761 3559 3016 3615 Mulieres
3078 3559 3359 3615 venientes
3404 3572 3436 3615 ε

1856 3649 2184 3718 spectaculo,
2211 3652 2431 3708 adeste:
2456 3666 2562 3705 non
2590 3651 2737 3705 enim
2760 3659 2846 3706 est
2867 3652 3095 3720 populus
3121 3652 3210 3720 qui
3240 3651 3443 3706 habeat

1859 3741 2289 3810 intelligentiam.
2325 3760 2344 3795 ι
2405 3741 2659 3798 Mulieres
2699 3751 2913 3806 evomit,
2946 3757 3011 3798 ac
3060 3743 3104 3797 si
3150 3744 3293 3797 inter
3338 3757 3432 3798 eos

1858 3835 1957 3889 viri
1985 3850 2088 3890 non
2116 3835 2462 3905 reperiantur
2496 3835 2674 3890 salute
2704 3835 2869 3903 digiti.
2908 3834 3270 3903 Quamobrem
3315 3850 3438 3889 uiu-

1860 3927 2019 3985 licres
2047 3938 2324 3984 maturare
2349 3929 2524 3998 jubet,
2569 3938 2626 3983 et
2661 3928 2929 3984 accedere
2959 3928 3028 3981 ad
3062 3925 3437 3983 testimonium

1857 4020 1924 4076 de
1951 4021 2294 4078 mirabilibus
2336 4021 2446 4077 illis
2473 4029 2530 4076 et
2574 4022 2911 4090 prodigiosis
2960 4021 3221 4090 operibus
3261 4020 3445 4076 feren-

1857 4114 2020 4180 dum;
2096 4122 2158 4169 ut
2219 4113 2544 4168 accedentes
2609 4112 2718 4167 illa:
2778 4111 3035 4181 populum
3086 4111 3139 4167 in
3201 4111 3444 4167 tenebris

1857 4205 2154 4269 sedentem,
2202 4214 2259 4261 et
2301 4219 2492 4260 eorum
2538 4206 2729 4259 urbem
2765 4203 3086 4260 derelictam
3134 4203 3434 4258 illttslt'ent.

1856 4297 2037 4365 Quare
2062 4296 2357 4353 secundum
2376 4296 2628 4366 Aquilam
2653 4297 2879 4363 dicitur,
2910 4297 3156 4353 mulieres
3183 4297 3443 4352 venientes

1853 4388 2156 4442 illuminant
2179 4406 2334 4454 eam;
2368 4390 2667 4446 secundum
2709 4389 3099 4460 Symmachum
3140 4404 3293 4455 vero,
3322 4405 3443 4443 utu-

160 4499 323 4554 μεναι
356 4482 453 4537 καὶ
497 4481 753 4554 δηλοῦσαι
784 4483 978 4555 αὐτήν.
1019 4502 1038 4533 ι
1083 4482 1217 4536 Τίνα
1250 4481 1308 4536 δὲ
1345 4482 1534 4555 αὐτὴν,
1580 4481 1614 4554 ἢ
1652 4481 1752 4555 τὴν

1865 4479 2007 4534 lieres
2030 4481 2293 4535 venientes
2318 4491 2366 4535 et
2401 4481 2696 4535 indicantes
2715 4499 2852 4536 eant.
2881 4480 3016 4536 Eam
3047 4496 3202 4545 vero,
3241 4496 3433 4548 quam,

158 4573 423 4647 ἀνωτέρω
450 4574 731 4646 λεχθεῖσαν
780 4574 970 4642 πόλιν;
1003 4575 1133 4646 περὶ
1174 4568 1244 4647 ἦς
1274 4575 1480 4646 εἴρητο·
1537 4593 1556 4625 ι
1589 4574 1750 4643 Πόλις

155 4666 269 4737 γὰρ
298 4667 642 4740 ὠχυρωμένη
670 4668 703 4739 ἡ
738 4667 873 4738 μόνη
899 4666 1059 4738 καλὴ,
1090 4668 1184 4721 καὶ
1215 4668 1430 4737 ἀφεῖται
1462 4667 1557 4721 καὶ
1584 4667 1752 4734 ἐγκα-

152 4760 507 4815 ταλέλειπται
539 4760 617 4823 ὡς
645 4759 870 4831 ἕρημος.
911 4779 932 4812 ι
964 4758 1149 4814 Ταῦτα
1185 4757 1242 4813 δὲ
1276 4757 1583 4831 ἐπληροῦτο
1611 4757 1750 4828 πρὸς

154 4849 302 4916 λέξιν
329 4850 427 4904 καὶ
458 4849 594 4921 πρὸς
620 4850 861 4923 ἱστορίαν
888 4849 1032 4905 κατά
1054 4850 1154 4922 τὴν
1179 4848 1273 4902 τοῦ
1307 4848 1559 4921 Σωτῆρος
1590 4846 1747 4918 ἡμῶν

155 4943 477 5006 ἀνάστασιν,
513 4944 572 4996 ὲν
609 4935 675 5008 ᾧ,
724 4942 866 4997 κατά
902 4943 1001 5014 μὲν
1041 4942 1133 4995 τὸν
1164 4941 1462 5006 Ματθαῖον,
1489 4961 1531 4992 .‹
1563 4936 1745 4995 ’Ἡσαν

154 5035 272 5088 ἐκεῖ
295 5036 556 5102 γυναῖκες
584 5033 775 5088 πολλαὶ
799 5033 907 5087 ἀπὸ
937 5031 1154 5105 μακρὰν
1187 5031 1508 5104 θεωροῦσαι,
1542 5030 1745 5096 αἵτινες

155 5125 532 5196 ἢιωλούθησαν
583 5124 731 5197 αύτῷ
769 5127 876 5181 ἀπὸ
922 5125 1022 5196 τῆς
1068 5123 1358 5188 Γαλιλαίας
1401 5123 1744 5178 διακονοῦσαι

151 5216 323 5286 αὐτῷ’
359 5218 418 5270 ὲν
456 5210 545 5282 αἶς
583 5212 878 5289 ἧνΜαρία
925 5219 958 5290 ή
1001 5214 1359 5288 Μαγδαληνὴ,
1410 5215 1506 5269 καὶ
1554 5216 1745 5288 Μαρία

164 5304 448 5372 Ἰακώϐου,
473 5309 570 5364 καὶ
604 5310 762 5381 Ίωσὴ
809 5311 1012 5381 μήτηρ,
1051 5309 1146 5364 καί
1174 5311 1206 5381 ἡ
1243 5308 1426 5381 μήτηρ
1460 5308 1569 5362 τῶν
1610 5308 1743 5363 υἱῶν

156 5396 476 5452 Ζεϐεδαίου·
516 5417 537 5450 ι
579 5397 724 5453 κατὰ
744 5397 815 5454 δὲ.
839 5398 931 5453 τὸν
970 5400 1218 5454 Λουκᾶνν
1265 5418 1286 5450 ι
1319 5396 1743 5472 Κατακολουθή-

156 5504 318 5543 mut
350 5489 410 5543 δὲ
453 5490 713 5559 γυναῖκές
744 5507 890 5556 τινες
917 5486 1080 5563 ἦσαν,
1098 5490 1513 5561 συνεληλυθυῖαι
1547 5492 1614 5545 ὲκ
1643 5490 1744 5562 τῆς

156 5579 449 5647 Γαλιλαίας
474 5580 653 5660 αὐτῷ,
687 5600 709 5635 ι
738 5582 836 5643 καὶ
866 5582 935 5637 τά
962 5581 1110 5654 ἑξῆς.
1137 5601 1156 5635 ι
1198 5583 1299 5637 Διά
1345 5581 1505 5639 τοῦτο
1548 5583 1611 5638 οὐ
1665 5582 1741 5654 μὴ

1858 4571 1959 4626 nisi
1998 4586 2161 4642 supra
2201 4584 2578 4637 ,tnetnoratam
2623 4574 2902 4629 civitatem
2951 4572 3020 4629 de
3072 4587 3179 4644 qua
3235 4573 3439 4627 dictum

1854 4671 1958 4728 est,
1994 4681 2015 4716 ι
2037 4662 2245 4721 Civitas
2268 4666 2412 4720 enim
2446 4666 2654 4720 nmnita
2683 4665 2796 4721 sola
2826 4664 3053 4736 pulebra
3073 4704 3086 4724 .
3123 4673 3178 4719 et
3208 4663 3435 4718 dimitti-

1856 4763 1943 4807 tur
1998 4763 2056 4809 et
2093 4754 2365 4810 deseritur
2401 4764 2662 4825 tanquam
2714 4755 2989 4812 solitudo?
3019 4773 3039 4807 ι
3091 4753 3218 4810 ιιευο
3252 4764 3432 4808 autem

1853 4845 2149 4899 secundum
2203 4845 2439 4901 litteram
2486 4854 2543 4900 et
2586 4846 2873 4902 historiam
2915 4844 3138 4913 impleta
3193 4853 3324 4899 sunt
3378 4844 3430 4897 in

1854 4936 2161 4994 Servatoris
2227 4939 2396 4994 nostri
2462 4939 2869 4993 resurrectione
2903 4976 2919 5000 ,
2980 4951 3091 5004 quo
3159 4942 3436 5004 tenipore,

1850 5032 2148 5088 secundum
2179 5029 2523 5095 Mattbzeum,
2574 5046 2598 5084 ι
2627 5031 2793 5085 Erant
2827 5030 2898 5083 ibi
2946 5029 3205 5083 mulieres
3248 5026 3433 5082 multae

1853 5138 1881 5179 a
1912 5123 2066 5193 longe
2114 5124 2501 5192 respicientes,
2550 5137 2675 5192 qum
2715 5130 2913 5177 secula!
2965 5120 3182 5175 fuerant
3226 5134 3351 5172 cum
3404 5134 3433 5171 a

1850 5214 2107 5278 Galilrea,
2163 5215 2539 5270 ministrantes
2577 5214 2625 5267 ei
2658 5231 2671 5268 :
2705 5214 2851 5268 inter
2893 5226 3036 5281 quas
3085 5220 3206 5267 crat
3264 5207 3433 5263 Maria

1850 5304 2188 5376 Magdalene,
2210 5316 2265 5361 et
2288 5303 2453 5359 Maria
2479 5302 2690 5371 Jacobi,
2717 5315 2771 5360 et
2797 5302 2923 5361 Jose
2948 5312 3147 5364 mater,
3180 5311 3235 5354 ct
3261 5310 3436 5354 mater

1852 5397 2083 5452 ﬁliorum
2136 5397 2380 5453 Zebedasi
2435 5398 2520 5464 ¹²;
2556 5415 2577 5451 ι
2644 5397 2943 5453 secundum
3008 5394 3211 5451 Lucam
3275 5408 3431 5461 vero,

1849 5487 2153 5545 subsecutae
2197 5499 2377 5545 autem
2424 5489 2683 5543 mulieres
2710 5486 2982 5558 qumdam,
3034 5501 3157 5558 qua)
3193 5502 3316 5542 cum
3367 5500 3435 5547 eo

1851 5590 2112 5637 venerant
2169 5581 2235 5639 de
2290 5578 2511 5639 Galilaea
2561 5581 2628 5650 “,
2659 5600 2677 5633 ι
2731 5592 2841 5638 etc.
2905 5600 2924 5634 ι
2957 5580 3253 5655 PrOpterea
3322 5595 3431 5637 non

224 5759 268 5792 ¹¹
306 5758 450 5816 Psal.
483 5773 672 5826 usta,
701 5763 785 5818 ll.
863 5763 908 5795 ”
941 5760 1129 5817 Matth.
1162 5775 1333 5825 ιινιι,
1363 5760 1451 5816 55.
1530 5761 1577 5794 ⁸⁸
1607 5756 1740 5816 Luc.

1865 5773 1943 5824 ιιι,
1979 5760 2069 5818 55.
