3862 6210
440 319 549 374 285

1150 309 1418 367 EUSEBII
1459 310 1938 368 (LESARIENSIS
1975 311 2126 367 OPP.
2169 309 2348 365 PARS
2385 308 2474 366 lll.
2511 339 2584 353 --
2619 304 3042 363 EXEGETICA.

3601 306 3713 358 284

349 498 356 515 ι
443 431 811 495 miserebitur,
838 433 926 502 qui
957 432 1082 486 fecit
1119 446 1236 498 eos,
1266 439 1324 486 ct
1357 432 1448 501 qui
1486 431 1741 488 formavit
1776 449 1871 489 eos
1915 449 2018 488 non

2125 432 2442 504 οίκτειρήσῃ
2485 433 2512 485 ὁ
2545 431 2776 501 ποιήσας
2805 430 3024 492 αὐτοὺς,
3049 427 3170 481 οὐδὲ
3203 429 3230 480 ὁ
3254 412 3471 490 ’πλάσάς
3511 427 3736 509 αὐτοὺς·⁴
3768 491 3779 510 Β

441 527 809 581 miserebitur.
837 544 855 578 ι
891 525 986 580 His
1005 524 1299 595 signiﬁcari
1331 525 1570 579 arbitror
1589 525 1789 579 bellum
1817 525 2021 582 Judazis

441 618 496 674 in
520 617 930 672 Palmstinorum
959 628 1140 688 gente,
1160 617 1503 688 posteditum
1530 629 1725 674 contra
1748 619 2021 676 Christum

440 709 674 773 facinus,
704 710 932 762 illatum.

513 798 679 854 Vens.
725 800 808 853 12.
859 817 876 850 ι
908 799 973 853 Ει
1008 799 1115 854 erit
1147 799 1198 854 in
1238 799 1324 855 die
1347 801 1473 867 illa,
1501 802 1788 858 concludet
1817 803 1958 859 Deus
1990 821 2022 860 a

441 889 585 942 fossa
616 889 876 956 ﬂuminis,
900 905 1074 958 usque
1100 891 1166 944 ad
1189 890 1650 947 Rhinocoruram.
1685 891 1796 949 Vos
1840 906 2021 950 autem

440 992 768 1051 congregata
797 982 1075 1052 sigillatim
1122 981 1262 1037 ﬁlios
1310 983 1494 1038 Israel.
1526 1005 1544 1038 ι
1580 984 1675 1040 Est
1722 987 1823 1041 hoc
1869 989 2023 1058 oppi-

437 1071 565 1126 dum
603 1073 667 1126 ad
712 1083 952 1128 montem
1013 1074 1158 1129 inter
1209 1073 1506 1146 Egyptum
1555 1085 1611 1130 et
1671 1077 2021 1132 Palazstinam

413 1158 620 1220 'situni.
648 1165 993 1236 Quapropter
1031 1169 1330 1222 secundum
1378 1169 1619 1240 reliquos
1663 1169 2019 1242 interpretes,

441 1272 463 1305 ε
501 1255 642 1308 intra
713 1265 1012 1310 torrentem
1073 1255 1374 1328 IEgypti,»
1431 1260 1640 1314 dictum
1691 1269 1798 1316 est.
1854 1260 2019 1328 Queis

413 1346 846 1412 "subindicatur,
877 1357 937 1401 ut
978 1347 1100 1418 .jam
1132 1349 1264 1414 dixi,
1321 1350 1522 1405 bellum
1563 1349 1766 1408 Judmis
1813 1353 1867 1408 in
1914 1353 2019 1408 Pa-

443 1437 778 1492 lastinorum
811 1450 971 1510 gente
1000 1441 1214 1510 positis,
1250 1441 1614 1497 inferendum.

507 1527 672 1586 Vens.
717 1531 804 1584 13.
851 1549 870 1583 ι
901 1531 968 1586 Et
1012 1532 1120 1586 erit
1180 1532 1234 1587 in
1286 1534 1373 1588 die
1404 1534 1530 1599 illa,
1580 1535 1836 1603 claugent
1889 1537 2017 1592 tuba

437 1635 654 1690 magna,
680 1631 736 1677 et
771 1623 990 1678 venient
1016 1625 1107 1693 qui
1136 1625 1411 1695 perierant
1438 1627 1491 1680 in
1521 1627 1745 1697 regione
1773 1629 2020 1699 Assyrio-

435 1729 583 1778 rum,
632 1723 687 1769 et
730 1716 821 1784 qui
854 1717 1136 1784 perierant
1182 1718 1236 1771 in
1286 1717 1520 1789 :Egypto
1557 1733 1572 1772 :
1604 1730 1660 1775 et
1708 1722 2019 1777 adorabunt

2124 526 2186 578 οὐ
2227 526 2300 596 μὴ
2337 524 2551 597 ἐλεήσῃ.
2593 543 2611 575 ο
2665 518 2833 592 Οἶμαι
2863 521 2920 573 δὲ
2961 519 3047 573 διὰ
3084 519 3290 572 τούτων
3346 523 3708 588 σημαινεσθαι

2123 618 2217 670 τὸν
2245 617 2540 671 ὲπελθόντα
2579 619 2690 678 τοῖς
2738 614 3007 677 Ἰουδαίοις
3052 613 3286 685 πόλεμον
3323 611 3466 665 κατά
3495 612 3558 664 τὸ
3597 611 3709 665 Πα-

2123 709 2411 763 λαιστίνων
2442 708 2611 772 ἔθνος,
2648 706 2786 779 μετά
2810 707 2909 777 τὴν
2943 706 3085 760 κατὰ
3109 703 3343 776 Χριστοῦ
3372 704 3599 775 τόλμαν.

2201 822 2218 854 ι
2256 804 2366 856 Καὶ
2392 801 2545 854 ἔσται
2573 802 2628 853 ἐν
2655 802 2720 870 τῇ
2743 799 2927 870 ἡμέρᾳ
2955 797 3158 869 ἐκείνῃ,
3194 796 3497 868 συμφράξει
3526 797 3555 848 ὁ
3574 796 3710 862 Θεὸς

2124 895 2233 947 ἀπὸ
2265 894 2364 964 τῆς
2396 892 2660 965 διώρυγος
2693 890 2786 944 τοῦ
2834 889 3080 960 ποταμοῦ
3115 890 3218 953 ἕως
3259 888 3707 960 Ῥινοκορούρων.

2135 984 2324 1054 Ὑμεῖς
2347 983 2403 1036 δὲ
2427 983 2760 1050 συναγάγετε
2791 982 2930 1034 κατά
2963 981 3055 1034 ἕνα
3089 981 3214 1043 τοὺς
3235 981 3383 1044 υἱοὺς
3417 979 3650 1051 Ἰσραήλ.
3683 999 3703 1030 ο

2122 1075 2284 1138 Πόλις
2311 1075 2368 1127 δὲ
2400 1075 2534 1145 αὕτη
2585 1075 2730 1128 ἐστὶν
2762 1075 2905 1144 ἀμφὶ
2936 1072 3030 1127 τοῦ
3059 1072 3217 1145 ὅρους
3243 1071 3336 1125 τοῦ
3367 1072 3568 1143 μεταξὺ
3605 1071 3710 1141 τῆς

2122 1167 2399 1235 Αἰγύπτου
2449 1167 2541 1218 καὶ
2588 1165 2687 1236 τῆς
2729 1163 3094 1232 Παλαιστίνης
3133 1163 3382 1233 κειμένη.
3423 1163 3515 1215 Διὸ
3564 1161 3709 1215 κατά

2122 1260 2248 1322 τοὺς
2292 1259 2508 1321 λοιποὺς
2551 1255 2909 1329 ἐρμηνευτὰς,
2958 1274 2975 1306 ‹
3015 1253 3122 1308 ἔσω
3150 1253 3243 1307 τοῦ
3279 1253 3580 1326 χειμάρῤου
3612 1254 3710 1306 Αἰ-

2121 1350 2350 1418 γύπτου,
2388 1369 2405 1401 i
2438 1348 2681 1420 εἴρηταιο
2719 1346 3114 1418 αἰνιττομένου,
3145 1346 3222 1410 ὡς
3246 1345 3401 1417 ἔφην,
3427 1345 3522 1399 τοῦ
3545 1345 3706 1415 λόγου

2120 1442 2212 1495 τὸν
2251 1441 2612 1511 γενησόμενον
2642 1438 2782 1494 κατά
2835 1437 3102 1492 Ἰουδαίων
3137 1437 3370 1507 πόλεμον
3401 1437 3459 1488 ὲν
3493 1435 3570 1506 τῷ
3595 1435 3710 1488 Πα-

2125 1529 2410 1595 λαιστίνων
2451 1529 2614 1585 ἔθνει.
2655 1547 2673 1580 ι
2722 1529 2833 1582 Καὶ
2876 1527 3027 1582 ἔσται
3071 1529 3125 1581 ὲν
3160 1530 3223 1598 τῇ
3269 1528 3453 1600 ἡμέρᾳ
3497 1528 3706 1599 ἐκείνῃ,

2124 1619 2414 1673 σαλπιοῦσι
2441 1623 2507 1692 τῇ
2562 1618 2823 1688 σάλπιγγι
2867 1623 2935 1692 τῇ
2986 1617 3218 1691 μεγάλῃ,
3262 1618 3357 1672 καὶ
3396 1617 3614 1688 ἥξουσιν
3655 1620 3707 1672 οἱ

2121 1715 2446 1784 ἀπολόμενοι
2493 1715 2550 1766 ὲν
2582 1714 2648 1784 τῇ
2684 1710 2839 1783 χώρᾳ
2867 1711 2976 1765 τῶν
3028 1711 3330 1783 Ἀσσυρίων
3364 1712 3457 1764 καὶ
3487 1712 3538 1764 οἱ
3571 1712 3709 1765 ἀπο-

436 1804 723 1861 Dominum
770 1822 932 1877 super
967 1817 1206 1863 montem
1261 1822 1512 1865 sanctum
1544 1812 1596 1865 in
1630 1811 1955 1867 Jerusalem.
1993 1832 2011 1863 ι

2124 1806 2335 1878 λόμενοι
2369 1809 2428 1859 ὲν
2472 1804 2752 1875 Αίγύπτῳο
2802 1805 2898 1858 καὶ⁹
2931 1806 3367 1876 προσκυνήσουσι
3396 1803 3474 1874 τῷ
3515 1805 3709 1876 Κυρίῳ

437 1898 814 1966 Expetendum
840 1900 988 1955 enim
1029 1910 1134 1966 est,
1167 1912 1223 1954 ut
1252 1901 1336 1956 vel
1365 1919 1502 1957 unus
1532 1919 1747 1968 eorum,
1779 1906 1860 1960 vel
1887 1907 2009 1970 duo,

435 1986 520 2039 vel
549 1987 755 2058 aliquot
789 2005 958 2058 parvo
992 2005 1220 2046 numero
1256 2009 1352 2062 per
1398 1994 1639 2065 singulas
1685 1997 1878 2064 urbes,
1924 2006 2017 2050 aut

423 2090 537 2147 ~per
571 2080 812 2151 singulas
833 2093 1022 2153 gentes
1051 2083 1285 2138 salutem
1334 2086 1636 2140 obtineant.
1679 2086 1791 2143 llos
1835 2089 2021 2158 itaque

436 2172 716 2241 sigillatim
753 2185 1082 2246 congregate
1117 2194 1131 2232 :
1167 2179 1390 2249 reliquis
1432 2195 1559 2235 vero
1599 2182 1854 2249 gentibus
1894 2184 2021 2238 tuba

429 2269 635 2334 magna
656 2276 835 2333 cauet,
867 2283 930 2324 ac
945 2285 1070 2324 cum
1097 2271 1336 2327 clamore
1362 2273 1639 2343 loquetur,
1670 2275 2021 2332 audientibus

433 2359 708 2412 universis
736 2359 1067 2416 hominibus.
1117 2361 1502 2434 ngyptiorum
1534 2367 1754 2421 nomine
1785 2367 2013 2422 idolola-

435 2459 550 2503 tras
587 2465 778 2506 omnes
827 2452 1062 2521 indicat;
1099 2468 1195 2522 per
1245 2458 1496 2526 Assyrios
1544 2470 1759 2522 autem,
1805 2460 2019 2516 lsraelis

431 2541 707 2606 inimicos,
732 2545 824 2615 qui
853 2543 1166 2601 Iudaeorum
1191 2551 1467 2620 regionem
1489 2551 1821 2607 obsederunt
1849 2569 1860 2604 :
1894 2569 2016 2608 nam

433 2635 762 2705 evangelicae
806 2637 950 2694 illius
992 2647 1130 2694 vere
1182 2655 1392 2712 magna:
1439 2645 1582 2698 tubae
1625 2644 2020 2714 praedicatione

433 2725 541 2780 illis
569 2728 874 2795 enuntiata,
907 2731 996 2800 qui
1023 2733 1164 2802 apud
1196 2742 1388 2803 gentes
1425 2734 1756 2798 idololatraa,
1791 2745 1844 2791 et
1889 2736 2015 2789 olim

435 2815 645 2872 inimici
670 2827 724 2872 et
751 2818 939 2876 hostes
987 2821 1302 2877 Israeliticae
1342 2824 1620 2894 religionis
1653 2835 1844 2890 erant,
1885 2841 2018 2880 con-

433 2909 581 2961 versi
627 2909 692 2962 ad
729 2909 897 2965 Deum
940 2913 1240 2979 accedent;
1283 2914 1356 2967 ita
1405 2924 1464 2968 ut
1517 2915 1554 2969 ii
1607 2916 1709 2985 qui
1745 2916 2019 2985 quondam

437 2995 706 3052 idolorum
731 3000 880 3054 cultu
911 3010 968 3056 et
999 3017 1188 3060 errore
1227 3005 1425 3076 perditi
1457 3014 1652 3072 erant,
1694 3006 2020 3074 resipiscen-

431 3087 600 3142 1es’et
622 3089 688 3142 ad
722 3090 815 3145 Dei
842 3096 1212 3162 cognitionem
1243 3105 1610 3164 maturantes,
1655 3097 1886 3152 salutem
1921 3112 2018 3168 per

440 3178 713 3236 Christum
742 3184 980 3240 oblatam
1003 3189 1414 3243 nanciscantur.

2124 1899 2217 1951 ἐπὶ
2245 1899 2305 1952 τὸ
2347 1897 2472 1970 ὅρος
2499 1897 2560 1950 τὸ
2600 1898 2753 1965 ἅγιον
2789 1898 2848 1951 ἐν
2905 1896 3277 1968 Ἰερουσαλήμ.
3318 1915 3336 1948 ι
3402 1896 3710 1967 Ἀγαπητδν

2121 1988 2231 2059 γὰρ
2254 1988 2315 2041 τὸ
2348 1987 2452 2040 κᾶν
2489 1987 2604 2050 ἕνα,
2636 1986 2669 2056 ἢ
2704 1986 2797 2040 καὶ
2821 1986 3090 2057 δεύτερον,
3121 1987 3212 2038 καί
3237 2003 3388 2049 τινας
3415 1986 3710 2058 εὐαριθμή-

2120 2097 2248 2143 τους
2270 2078 2329 2143 ὲξ
2355 2078 2534 2132 αὐτῶν
2560 2079 2681 2132 καθ’
2713 2080 2948 2150 ἑκάστην
2971 2078 3124 2132 πόλιν
3148 2079 3180 2150 ἢ
3205 2079 3300 2132 καὶ
3326 2078 3448 2132 καθ’
3475 2079 3711 2134 ἕκαστον

2121 2174 2273 2237 ἔθνος
2305 2173 2592 2238 σώζεσθαι.
2625 2172 2861 2237 Τούτους
2895 2173 2992 2243 μὲν
3032 2169 3126 2226 οὖν
3172 2172 3313 2226 κατὰ
3344 2173 3442 2225 ἕνα
3475 2173 3711 2243 συναγά-

2120 2283 2276 2334 γετεο
2313 2270 2424 2330 τοῖς
2457 2267 2513 2319 δὲ
2553 2266 2759 2330 λοιποῖς
2801 2266 2978 2319 ἔθνεσι
3022 2265 3282 2335 σάλπιγγι
3314 2266 3563 2320 σαλπίσει
3614 2283 3712 2337 μευ

2117 2359 2281 2430 γάλῃ,
2325 2358 2417 2412 τοῦ
2452 2359 2609 2428 λόγου
2651 2358 2881 2429 βοῶντος
2924 2360 3004 2423 εἰς
3045 2357 3369 2422 ἐξάκουστον
3402 2359 3568 2412 πᾶσιν
3612 2359 3711 2412 ἀν-

2120 2451 2380 2523 θρώποις.
2429 2453 2694 2524 Σημαίνει
2739 2452 2794 2506 δὲ
2825 2451 2911 2506 διὰ
2951 2453 3049 2524 μὲν
3079 2452 3188 2507 τῶν
3223 2453 3553 2522 Αἰγυπτίων,
3581 2452 3710 2518 τοὺς

2119 2542 2512 2616 εἰδωλολάτρας
2552 2544 2782 2609 πάντας,
2831 2543 2920 2598 διά
2961 2545 3020 2598 δὲ
3059 2545 3168 2598 τῶν
3232 2544 3532 2617 Ἀσσυρίων
3582 2546 3710 2608 τοὺς

2119 2636 2413 2706 πολεμίους
2447 2636 2542 2689 τοῦ
2588 2636 2825 2708 Ἰσραὴλ,
2868 2637 2995 2700 τοὺς
3037 2637 3402 2709 πολιορκητὰς
3430 2638 3530 2709 τῆς
3578 2637 3711 2690 Ἰουο

2117 2725 2282 2779 δαίων
2311 2725 2494 2799 χώρας
2519 2727 2862 2799 γενομένους,
2893 2723 2980 2792 οἷς.
3002 2728 3096 2781 τοῦ
3118 2728 3276 2796 λόγου
3295 2728 3383 2781 διά
3425 2728 3526 2798 τῆς
3549 2728 3711 2798 εὐαγο

2121 2817 2344 2887 γελικῆς
2391 2816 2688 2886 σάλπιγγος
2724 2818 2822 2889 τῆς
2865 2817 2941 2881 ὡς
2992 2816 3210 2888 ἀληθῶς
3253 2817 3492 2888 μεγάλης
3535 2815 3711 2889 κηρύ-

2123 2906 2330 2972 ξαντος,
2363 2908 2760 2978 μεταϐαλόντες
2779 2911 2827 2962 οἰ
2855 2911 2910 2962 ὲν
2934 2913 3050 2972 τοῖς
3073 2910 3281 2964 ἔθνεσιν
3301 2909 3710 2982 εἰδωλολάτραι,

2122 2999 2218 3052 καὶ
2243 2999 2291 3051 οἱ
2323 2998 2488 3052 πάλαι
2521 2999 2726 3072 ἐχθροὶ,
2761 3002 2855 3053 καὶ
2881 3001 2930 3053 οἱ
2963 3000 3212 3072 πολέμιοι
3235 3000 3337 3071 τῆς
3357 2999 3451 3054 τοῦ
3493 2999 3711 3072 Ἰσραὴλ

2123 3088 2453 3152 θεοσεϐείας,
2481 3089 2670 3161 ἥξουσι
2695 3092 2832 3161 πρὸς
2859 3090 2950 3142 τὸν
2980 3088 3112 3144 Θεὸν
3155 3089 3602 3160 ἐπιστρέψαντες,
3636 3088 3712 3153 ὡς

2118 3186 2248 3249 τοὺς
2291 3185 2458 3240 πάλαι
2509 3185 2856 3248 ἀπολωλότας
2911 3185 2967 3236 ὲν
3008 3186 3074 3256 τῇ
3111 3183 3212 3254 τῆς
3264 3182 3708 3251 εἰδωλολατρείας

437 3272 633 3348 πλάνῃ,
665 3278 1098 3351 μεταϐληθέντας
1125 3283 1217 3336 καὶ
1244 3281 1584 3345 σπεύσαντας
1608 3282 1782 3336 ἐλθεῖν
1806 3283 1897 3335 ἐπὶ
1919 3281 2017 3353 τὴν
2049 3279 2142 3334 τοῦ
2173 3279 2308 3334 Θεοῦ
2327 3280 2548 3350 γνῶσιν,
2578 3281 2672 3334 καὶ
2700 3281 2800 3350 τῆς
2815 3279 2904 3333 διὰ
2933 3277 3169 3349 Χριστοῦ
3194 3275 3464 3346 σωτηρίας
3485 3276 3698 3344 τυχεῖν,

967 3371 1195 3429 CAPUT
1246 3372 1483 3455 xxvm.

505 3458 670 3516 Vens.
713 3462 766 3516 l.
811 3461 947 3519 «Vae
989 3479 1203 3520 corona:
1257 3467 1644 3532 contumeliae,
1692 3466 2018 3534 mercenarii

437 3552 716 3622 Ephraim.
745 3575 764 3608 ι
824 3555 923 3612 Hic
969 3557 1395 3624 Pharisaeorum,
1443 3576 1782 3615 summorum
1835 3575 2018 3616 sacer-

435 3649 646 3714 dotum,
689 3658 743 3703 et
799 3650 1131 3721 reliquorum
1177 3652 1390 3708 Iudaici
1454 3655 1640 3725 populi
1706 3653 2015 3724 principum

438 3727 753 3793 con'sessum
786 3741 1096 3808 subiudicat
1129 3763 1143 3799 :
1177 3757 1314 3814 quos
1359 3759 1426 3798 ex
1465 3744 1696 3800 diversis
1735 3746 2020 3802 ordinibus

435 3835 491 3881 et
526 3827 879 3898 dignitatibus
903 3832 957 3887 in
983 3850 1148 3888 unum
1183 3845 1426 3902 coactos,
1465 3852 1679 3892 coronae
1712 3847 2017 3908 comparat,

435 3934 544 3972 non
570 3920 794 3976 honoris
829 3933 922 3977 aut
958 3925 1172 3995 gloriae,
1220 3930 1316 3983 sed
1364 3930 1712 3984 contumelia
1752 3940 1807 3984 et
1856 3932 2018 3986 dede-

440 4012 606 4067 coris.
647 4015 826 4082 Quare
855 4018 953 4085 ait,
985 4037 1003 4070 ι
1039 4018 1131 4075 Vae
1157 4037 1376 4077 corona:
1407 4024 1787 4090 contumelia;
1821 4043 1840 4077 ι
1903 4025 2019 4080 sive

439 4107 737 4160 secundum
782 4109 1020 4181 reliquos
1080 4112 1431 4185 interpretes.
1495 4115 1768 4171 «Corona:
1820 4131 2016 4186 super-

441 4197 607 4251 biae.»
653 4197 788 4253 Nam
824 4203 1042 4272 superbi
1077 4206 1298 4274 quidam
1350 4215 1540 4271 erant,
1594 4219 1912 4278 arrogantes
1963 4217 2018 4263 et

440 4287 634 4355 insani,
703 4291 757 4344 in
797 4308 1031 4362 quorum
1091 4312 1324 4352 numero
1375 4299 1700 4353 mercenarii
1762 4300 2015 4368 Ephraim

433 4380 913 4447 computabantur.
948 4383 1143 4440 .ludam
1193 4397 1343 4442 certe
1369 4389 1702 4456 proditorem
1753 4405 1819 4444 ex
1870 4390 2016 4444 tribu

436 4467 703 4537 Bphraim
756 4471 925 4528 fuisse
987 4473 1161 4530 fertur
1209 4494 1224 4528 :
1267 4493 1427 4545 quem
1457 4480 1578 4533 ideo
1621 4481 2015 4534 mercenarium

440 4567 614 4625 vocat,
673 4560 798 4630 quia
832 4565 1085 4632 pactione
1122 4568 1366 4636 pecunia:
1417 4569 1482 4622 ad
1537 4571 1852 4639 magistrum
1891 4584 2016 4637 pro-

437 4648 676 4704 dendum
724 4653 983 4711 inductus
1024 4656 1206 4713 fuerit.
1275 4659 1446 4714 «Flos
1489 4661 1690 4716 cadens
1732 4662 1797 4716 de
1844 4663 2014 4730 gloria

2623 3373 3020 3427 ΚΕΦΑΛΑΙΟΝ
3073 3371 3207 3424 ΚΗ⁶.

2202 3486 2218 3519 ι
2253 3467 2389 3521 Οὐαὶ
2451 3467 2527 3539 τῷ
2593 3467 2841 3538 στεφάνῳ
2901 3466 3000 3537 τῆς
3060 3463 3290 3536 ὕϐρεως,
3341 3462 3392 3515 οἱ
3448 3461 3714 3533 μισθωτοὶ

2117 3559 2378 3631 Ἐφραῒμ.
2411 3579 2428 3610 ι
2468 3558 2846 3612 Αἰνίττεταιδὲ
2879 3557 2938 3610 τὸ
2970 3556 3241 3627 συνέδριον
3269 3555 3378 3608 τῶν
3404 3552 3715 3625 Φαρισαίων

2115 3651 2212 3703 καὶ
2231 3651 2534 3720 ἀρχιερέων
2558 3650 2654 3704 καὶ
2682 3649 2790 3703 τῶν
2815 3648 3018 3703 λοιπῶν
3035 3648 3311 3720 ἀρχόντων
3328 3647 3421 3700 τοῦ
3444 3646 3716 3701 Ἰουδαίων

2117 3741 2267 3795 λαοῦ·
2303 3743 2417 3806 οὓς,
2447 3745 2509 3795 ὲκ
2541 3741 2814 3813 διαφόρων
2840 3742 3165 3812 ἀξιωμάτων
3201 3739 3551 3804 συνελθόντας
3574 3741 3717 3798 κατά

2117 3834 2178 3886 τὸ
2222 3835 2372 3898 αὐτὸ,
2418 3836 2666 3906 στεφάνῳ
2717 3832 3075 3905 παραϐάλλει,
3111 3832 3172 3884 ού
3205 3831 3371 3902 τιμῆς
3403 3847 3548 3894 τινος
3592 3829 3715 3882 οὐδὲ

2116 3925 2296 3998 δόξης,
2332 3927 2444 3980 ἀλλ’
2482 3926 2691 3997 ὓόρεως
2718 3927 2812 3979 καὶ
2837 3925 3082 3995 ἀτιμίας.
3107 3924 3198 3976 Διό
3215 3940 3399 3994 φησιν,
3434 3941 3452 3973 ι
3489 3921 3715 3991 Οὐαὶτῷ

2121 4019 2369 4091 στεφάνῳ
2416 4020 2514 4091 τῆς
2547 4019 2778 4090 ὕϐρεως,
2817 4037 2835 4069 ι
2888 4017 2920 4088 ἢ
2958 4016 3098 4070 κατὰ
3149 4019 3272 4079 τοὺς
3303 4013 3521 4077 λοιποὺς
3548 4015 3718 4085 ἑρμη-

2115 4109 2329 4175 νευτάς,
2367 4130 2385 4161 ι
2417 4111 2496 4182 τῷ
2530 4111 2778 4182 στεφάνῳ
2805 4111 2903 4181 τῆς
2929 4108 3322 4183 ὑπερηφανίας.
3351 4126 3369 4159 ι
3399 4107 3716 4178 Ὑπερήφα-

2113 4219 2195 4256 νοι
2227 4203 2334 4273 γάρ
2377 4220 2522 4266 τινες
2558 4199 2722 4273 ἦσαν,
2755 4201 3012 4267 ἀλαζόνες
3048 4219 3107 4254 τε
3139 4202 3233 4255 καὶ
3262 4199 3717 4271 ἀπονενοημένοι,

2116 4297 2175 4348 ὲν
2195 4290 2275 4360 οἷς
2302 4297 2545 4367 ὑπῆρχον
2565 4296 2658 4350 καὶ
2683 4297 2732 4349 οἰ
2757 4295 3017 4367 μισθωτοὶ
3033 4294 3127 4348 τοῦ
3145 4295 3385 4366 Ἐφραῖμ
3418 4292 3552 4364 (51).
3569 4291 3716 4345 Ἐλέ-

2119 4406 2245 4457 γετο
2276 4388 2332 4441 δὲ
2367 4388 2570 4446 Ἰούδας
2628 4390 2656 4440 ὀ
2695 4389 2958 4462 προδότης
3007 4389 3072 4440 ἐκ
3117 4386 3288 4459 φυλῆς
3329 4387 3568 4459 Ἐφραῖμ
3615 4403 3718 4454 γε-

2116 4480 2350 4548 γονέναι·
2392 4479 2661 4550 μισθωτὸν
2708 4479 2764 4532 δὲ
2819 4479 2995 4546 καλεῖ,
3048 4479 3124 4541 ὡς
3174 4478 3239 4531 ἂν
3275 4476 3719 4548 ἐξηγορασμένον

2117 4573 2395 4643 χρήμασιν
2443 4572 2535 4625 ἐπὶ
2587 4572 2648 4625 τὸ
2703 4571 2994 4643 προδοῦναι
3055 4571 3145 4624 τὸν
3203 4569 3540 4624 διδάσκαλον.
3585 4587 3604 4619 ι
3637 4569 3718 4622 Τὸ

2118 4662 2278 4726 ἄνθος
2307 4663 2367 4716 τὸ
2394 4663 2625 4716 ἐκπεσὸν
2657 4663 2756 4734 τῆς
2807 4661 2964 4734 δόξης
3029 4663 3122 4715 ἐπὶ
3170 4663 3270 4732 τῆς
3322 4660 3565 4731 κορυφῆς
3616 4659 3718 4713 τοῦ

437 4755 604 4812 super
664 4747 922 4802 verticem
988 4750 1187 4804 montis
1243 4753 1482 4821 pinguis,
1531 4753 1621 4821 qui
1680 4753 1815 4806 ebrii
1887 4752 2015 4807 estis

2124 4753 2279 4825 ὗρους
2305 4753 2397 4806 τοῦ
2447 4752 2650 4824 παχέος
2713 4755 2762 4806 οἱ
2818 4752 3109 4824 μεθύοντες
3170 4753 3296 4806 ἄνευ
3353 4753 3516 4805 οἴνου.
3556 4770 3574 4802 ι
3609 4751 3722 4804 Με-

437 4834 646 4904 absque
684 4836 833 4894 vino.
860 4858 880 4892 ι
911 4837 1045 4894 Nam
1077 4841 1263 4912 gloriae
1318 4842 1599 4911 apostolici
1653 4843 1808 4896 chori
1842 4844 2014 4912 parti-

435 4940 591 4996 ceps,
624 4927 885 4986 inclinato
918 4935 983 4987 ad
1030 4949 1144 4988 rem
1175 4935 1468 5001 pessimam
1513 4935 1717 5001 animo,
1763 4932 1861 4989 llos
1909 4935 2020 5004 glo-

438 5019 536 5072 riae
563 5020 760 5077 cadens
781 5022 1005 5080 eﬂ'ectus
1033 5034 1140 5081 est.
1165 5025 1291 5082 Flos
1310 5036 1490 5081 autem
1515 5038 1570 5081 et
1596 5041 1822 5096 germen
1859 5028 2020 5096 paulo

441 5119 569 5166 ante
599 5114 932 5169 vocabantur
953 5118 1184 5187 apostoli
1214 5118 1541 5184 Salvatoris,
1575 5120 1666 5172 ubi
1704 5117 2015 5180 dicebatur.

448 5205 623 5262 «Filii
667 5208 838 5267 Jacob
891 5213 1294 5282 germinabunt,
1349 5223 1404 5267 et
1449 5210 1663 5266 ﬂorebit
1716 5210 1910 5277 Israel,
1965 5219 2020 5265 et

443 5299 758 5370 implebitur
786 5313 928 5360 terra
959 5305 1137 5361 fructu
1183 5305 1321 5374 ejus.
1360 5323 1378 5356 ι
1416 5302 1621 5359 Verum
1659 5304 1744 5359 his
1769 5304 2019 5372 delapsus

439 5393 725 5460 propheta,
752 5394 852 5452 llos
884 5397 1068 5467 gloriae
1097 5397 1356 5454 decidens
1389 5399 1564 5454 dictus
1595 5406 1698 5453 est.
1735 5395 1830 5450 His
1855 5411 2018 5464 porro

437 5483 820 5553 signiﬁcantur
845 5489 880 5544 ii
903 5492 993 5562 qui
1023 5500 1312 5562 aggravata
1343 5492 1524 5546 anima
1552 5497 1700 5554 sunt,
1729 5488 1796 5543 de
1819 5485 2017 5557 quibus

520 5614 1310 5698 (3l)__Aititem_ﬂieronymhs
1353 5625 1545 5681 ludam
1589 5625 1900 5698 lscarintem
1957 5637 2019 5678 ex

449 5688 592 5741 tribu
617 5688 878 5760 Ephraim
908 5694 1096 5759 fuisse,
1137 5688 1198 5750 ἐκ
1230 5697 1483 5759 Eusebio,
1537 5707 1594 5750 ut
1638 5695 1850 5747 videtur
1905 5710 2021 5748 mu-

451 5768 649 5816 tuatus.
714 5760 1076 5835 Similiterque
1126 5783 1245 5837 qua:
1296 5767 1520 5825 inferius
1567 5769 1630 5823 de
1670 5765 2020 5820 Gcthsetnaui

2123 4843 2337 4915 τασχὼν
2361 4845 2470 4917 γὰρ
2499 4846 2598 4916 τῆς
2619 4844 2777 4918 δόξης
2801 4845 2896 4899 τοῦ
2922 4845 3279 4899 ἁποστολικοῦ
3301 4844 3484 4916 χοροῦ,
3515 4843 3602 4896 διὰ
3617 4846 3722 4914 τῆς

2129 4939 2220 4990 ἐπὶ
2251 4938 2311 4990 τὸ
2333 4942 2510 5009 χεῖρον
2549 4939 2744 5010 ῥοπῆς,
2771 4940 2960 5008 γέγονε
2994 4939 3055 4992 τὸ
3081 4938 3242 5001 ἄνθος
3260 4936 3321 4990 τὸ
3347 4935 3579 4988 ἐκπεσὸν
3614 4937 3718 5007 τῆς

2127 5029 2304 5100 δόξης.
2342 5031 2536 5094 ’Ἄνθος
2573 5031 2630 5083 δὲ
2651 5032 2746 5084 καὶ
2775 5029 3002 5100 βλαστὸς
3025 5028 3207 5101 μικρῷ
3236 5026 3469 5098 πρόσθεν
3502 5025 3722 5097 ὠνομά-

2127 5121 2282 5186 ζοντο
2304 5124 2353 5176 οἰ
2387 5121 2778 5176 ἀπόστολοιτοῦ
2807 5122 3075 5193 Σωτῆρος,
3111 5121 3169 5172 ὲν
3187 5114 3268 5183 οἷς
3301 5118 3535 5188 ἐλέγετο·
3569 5137 3587 5169 ι
3618 5117 3722 5172 Τέ-

2125 5229 2229 5266 κνα
2273 5213 2464 5266 Ἰακὼὸ
2507 5213 2818 5284 βλαστήσει,
2864 5213 2957 5266 καὶ
2997 5209 3284 5282 ὲξανθήσει
3317 5209 3558 5280 Ἰσραὴλ,
3621 5209 3722 5262 καὶ

2123 5305 2491 5377 πλησθήσεται
2525 5308 2558 5378 ἡ
2601 5307 2892 5377 οἰκουμένη
2919 5303 3011 5358 τοῦ
3039 5302 3254 5374 καρποῦ
3286 5301 3472 5355 αὑτοῦ.
3511 5320 3531 5352 ι
3576 5299 3719 5352 Ἀλλ’

2123 5395 2189 5447 ὲκ
2220 5394 2422 5451 τούτων
2447 5396 2475 5448 ὁ
2499 5398 2778 5468 προφήτης
2807 5395 3077 5457 ἐκπεσὼν,
3103 5393 3165 5446 τὸ
3188 5392 3346 5455 ἄνθος
3387 5393 3450 5445 τὸ
3482 5390 3721 5445 ἐκπεσὸν

2123 5487 2222 5560 τῆς
2243 5488 2399 5561 δόξης
2417 5490 2648 5563 εἴρηται.
2671 5490 2744 5560 Ση
2754 5488 2930 5560 μαίνει
2962 5487 3020 5541 δὲ
3038 5481 3191 5551 οὗτος
3224 5488 3252 5541 ὁ
3283 5485 3438 5554 λόγος
3463 5483 3525 5536 τὸ
3550 5483 3723 5556 σπέρ-

2130 5626 2402 5688 dicnntur,
2441 5625 2797 5699 Hieronymus
2821 5625 2999 5683 ali‘ert.
3049 5623 3166 5682 Vox
3200 5630 3394 5690 autem
3443 5619 3718 5676 Hebraica

2130 5710 2206 5755 est
2225 5704 2579 5758 D’27N'N’J.
