3862 6210
171 270 301 332 α
867 323 875 328 ,
1094 267 1610 323 COMMENTABIA
1649 267 1715 319 IN
1757 266 2012 318 ISAIAM.
2043 289 2116 304 »-
2147 265 2304 313 tier.
2348 265 2579 310 mutu.
2731 286 2734 287 ν
3345 268 3458 329 286

190 403 269 457 μα
296 380 412 438 τῶν
456 382 556 455 τὴν
586 383 766 456 ψυχὴν
800 383 1270 455 πεπαχυμμένων,
1302 385 1429 456 περὶ
1466 375 1541 438 ὧν
1570 381 1783 452 ἐλέχθη·

1896 379 2095 433 dictum
2145 385 2252 443 est,
2323 392 2342 426 t
2372 374 2734 429 lnerassatum
2808 373 2892 422 est
2951 364 3094 419 enim
3135 378 3238 418 cor
3281 361 3456 432 p0pttli

185 454 214 529 ξ
261 454 575 548 Ἐπαχύνθη
606 454 775 547 γὰρὴ
807 475 1003 548 καρδία
1028 454 1123 528 τοῦ
1158 475 1290 529 λαοῦ
1311 454 1522 531 τοότου.
1561 494 1580 528 ι
1600 473 1782 528 Ἦσαν

1896 469 2046 542 hujus
2077 469 2146 525 “.
2168 488 2193 527 ›
2238 468 2415 523 Erant-
2445 466 2630 533 itaque
2664 476 2762 516 ceu
2797 459 3067 528 quoddam
3106 454 3306 510 montis
3336 454 3455 522 pili;-

183 568 371 623 τοίνυν
404 568 592 640 ὥσπερ
626 585 710 631 τις
734 567 945 638 κορυφὴ
971 567 1130 638 ὅρους
1158 567 1252 620 τοῦ
1280 567 1483 638 παχέος
1512 569 1563 620 οἱ
1591 567 1784 638 ἄρχον-

185 680 281 724 τες
302 660 401 715 τοῦ
431 661 866 732 πεπαχυμμένου
886 659 1038 726 λαοῦ,
1065 660 1275 733 κεφαλὴ
1299 661 1657 730 τυγχάνοντες
1681 658 1781 711 αὐ-

181 755 321 818 τῶν,
353 749 436 818 οἷς
461 753 708 824 συνήφθη
733 752 794 805 τὸ
829 749 987 814 ἄνθος
1019 751 1078 804 τὸ
1109 752 1342 806 ἐκπεσὸν
1377 752 1476 822 τῆς
1496 751 1671 822 δόξης·
1703 750 1784 802 διὸ

183 848 554 913 ταλανίζεται.
600 847 746 900 Ἀντὶ
799 846 857 898 δὲ
905 844 1023 910 τοῦ,
1076 864 1094 896 ι
1137 847 1230 898 ἐπὶ
1262 844 1364 914 τῆς
1398 845 1638 917 κορυφῆς
1687 842 1782 896 τοῦ

176 938 350 1009 δρους
370 936 464 990 τοῦ
494 938 716 1008 παχέος,
749 955 773 989 ι
798 940 826 989 6
851 937 946 1007 μὲν
979 935 1232 1000 Ἀκύλας,
1261 955 1279 986 ‹
1309 935 1587 1008 φάραγγος
1612 938 1785 1009 ῥυπα-

175 1006 347 1103 ριῶν,
379 1049 402 1083 ι
439 1032 470 1083 ὁ
495 1030 554 1084 δὲ
575 1006 898 1100 ξύμμαχος,
929 1048 949 1080 ί
993 1029 1271 1100 φάραγγος
1293 1006 1580 1099 πιοτήτων,
1667 1028 1695 1078 6
1726 1026 1784 1079 δὲ

173 1123 506 1187 Θεοδοτίων,
547 1141 566 1174 ι
603 1123 887 1194 φάραγγος
921 1120 1143 1186 πιόνων,
1189 1141 1208 1172 ι
1240 1120 1614 1192 ἡρμήνευσαν·
1667 1117 1783 1189 ἡδὲ

197 1216 467 1290 Ἐϐραῖκὴ
518 1217 694 1288 φωνὴ,
759 1235 778 1268 t
819 1216 1156 1288 Γηθσημανὶ,
1216 1234 1235 1266 ι
1294 1213 1559 1285 περιέχει.
1607 1213 1782 1283 Ὅπερ

183 1310 406 1381 ἢκουσά
430 1325 576 1374 τινος
617 1309 725 1363 τῶν
752 1310 1035 1381 ἡμετέρων
1063 1307 1366 1380 ἀγαπητῶν
1395 1305 1784 1376 διασαφοῦντος

175 1401 285 1456 ’καὶ
333 1401 588 1471 λέγοντος
633 1402 726 1455 τὸν
760 1401 925 1455 τόπον
964 1397 1101 1455 εἶναι
1130 1402 1222 1455 τὸν
1257 1403 1314 1454 ὲν
1344 1399 1424 1470 τῷ
1464 1397 1783 1468 Εὐαγγελίῳ

179 1513 212 1544 η
260 1493 579 1566 Γεθσημανὶ
631 1513 651 1546 ι
685 1493 1096 1563 ὠνομασμένον,
1131 1492 1259 1546 ἔνθα
1287 1494 1315 1546 6
1343 1490 1609 1570 armatich
1645 1488 1782 1560 μετὰ

181 1586 284 1640 τοῦ
321 1587 588 1657 στεφάνου
605 1588 705 1658 τῆς
735 1585 946 1660 ὕϐρεως
970 1584 1211 1640 ἐπελθὼν
1238 1584 1315 1656 τῷ
1336 1584 1575 1656 Σωτῆρι,
1599 1581 1670 1638 τὰ
1687 1582 1784 1653 τῆς

179 1680 481 1752 προδοσίας
512 1680 830 1753 εἰργάσατο.

267 1791 287 1822 t
326 1771 461 1825 Ἰδοὺ
500 1771 718 1842 ἰσχυρὸν
759 1769 855 1824 καὶ
888 1769 1144 1840 σκληρὸν,
1172 1769 1200 1820 6
1229 1766 1400 1838 θυμὸς
1429 1764 1656 1835 Κυρίου,
1708 1764 1784 1828 ὡς

179 1862 405 1932 χάλαζα
431 1860 853 1932 καταφερομένη
887 1861 986 1913 οὐκ
1017 1859 1215 1930 έχουσα
1247 1857 1476 1928 σκέπην,
1507 1855 1598 1928 βίᾳ
1625 1873 1787 1910 κατα-

183 1952 492 2024 φερομένη·
528 1953 604 2016 ὼς
633 1951 826 2016 ὕδατος
855 1951 991 2005 πολὺ
1026 1949 1230 2021 πλῆθος
1263 1947 1426 2020 σύρον
1460 1946 1664 2019 χώραν,
1716 1950 1782 2019 τῇ

184 2049 259 2116 γῇ
293 2046 512 2117 ποιήσει
532 2045 833 2114 άνάπαυμα
863 2046 984 2107 ταῖς
998 2042 1206 2114 χερσίν.
1244 2060 1261 2093 ι
1308 2039 1464 2094 Οὕτω
1483 2039 1593 2112 γὰρ
1615 2039 1785 2111 θυμὸς

185 2139 426 2209 Κυρίου,
464 2139 616 2208 φησὶ,
651 2136 794 2191 κατὰ
811 2136 1016 2189 τούτων
1043 2132 1221 2188 αὐτῶν
1253 2132 1531 2186 ἐλεύσεται
1560 2130 1667 2185 τῶν
1691 2149 1786 2202 με-

184 2227 431 2282 θυόντων
456 2230 582 2284 ἄνευ
612 2227 778 2282 οἴνου’
811 2227 886 2290 ὡς
911 2224 1122 2297 χαλάζῃ
1151 2223 1616 2296 παραϐάλλεσθαι,
1644 2223 1786 2276 κατὰ

185 2319 442 2390 κεφαλῆς
472 2319 682 2392 ἀνδρῶν
709 2319 812 2372 οὐκ
852 2317 1082 2388 ἐχούσης
1100 2317 1309 2388 σκέπην
1341 2315 1780 2388 καταρασσούσῃ.

186 2410 356 2465 Οὕτω
372 2428 490 2475 πως
513 2411 604 2463 τὸν
627 2410 796 2480 θυμὸν
833 2407 926 2463 τοῦ
955 2407 1089 2462 Θεοῦ
1125 2407 1266 2460 κατὰ
1310 2405 1418 2459 τῶν
1442 2405 1784 2478 δηλουμένων

180 2501 655 2575 ἐπενεχθήσεσθαί
671 2519 826 2573 φησι.

270 2615 291 2649 ι
329 2595 442 2650 Καὶ
505 2597 617 2658 τοῖς
668 2595 795 2648 ποσὶ
857 2593 1378 2665 καταπατηθήσεται
1436 2593 1465 2646 ό
1525 2592 1787 2662 στέφανος

184 2685 432 2760 ὕϐρεως,
458 2689 508 2741 oi
549 2686 809 2758 μισθωτοὶ
833 2685 929 2739 τοῦ
959 2687 1222 2758 Ἐφραῖμ.
1257 2705 1278 2738 ι
1315 2685 1490 2739 Πάλαι
1527 2685 1626 2756 μὲν
1676 2684 1786 2757 γὰρ

185 2775 340 2850 ἦσαν
368 2780 630 2849 στέφανος
659 2778 871 2851 ὕϐρεως
900 2780 980 2843 είς
1006 2778 1068 2832 τὸ
1097 2776 1338 2852 ὑϐρίζειν
1365 2776 1784 2850 παρατεταγμέ-

195 2890 300 2927 νοι·
329 2871 415 2924 διὸ
450 2873 545 2926 καὶ
584 2871 844 2942 στέφανος
871 2869 1246 2944 ὑπερηφανίας
1266 2868 1529 2938 ἐλέγοντο·
1554 2868 1708 2932 τέλος
1731 2868 1788 2921 δὲ

185 2965 401 3028 αὐτοὺς
435 2963 756 3034 διαλήψεται
786 2963 1048 3028 τοιοῦτον,
1077 2963 1153 3026 ὡς
1201 2960 1651 3032 καταπατηθῆναι
1691 2960 1788 3014 αὐ-

192 3059 344 3123 τούς·
376 3058 457 3111 διὸ
485 3056 580 3110 καὶ
608 3054 1069 3129 κατεπατήθησαν
1103 3053 1208 3108 ὑπό
1233 3071 1293 3106 τε
1322 3052 1431 3106 τῶν
1460 3052 1787 3107 καταδουλω-

187 3151 452 3221 σαμένων
486 3150 685 3213 αὐτοὺς
719 3149 1012 3220 πολεμίωνο
1067 3148 1118 3201 οἳ
1167 3147 1261 3200 καὶ
1292 3144 1390 3218 τὴν
1425 3144 1578 3200 πόλιν
1611 3145 1788 3200 αὐτῶν

189 3244 415 3307 ἑαυτοῖς
442 3242 730 3314 καταπατή
740 3258 884 3313 ματα
910 3241 1265 3312 πεποιήκασι.

275 3443 296 3476 ι
325 3424 440 3477 Καὶ
472 3423 624 3478 ἔσται
667 3425 728 3477 τὸ
759 3423 918 3489 ἄνθος
948 3425 1008 3478 τὸ
1037 3425 1269 3478 ἐκπεσὸν
1302 3425 1400 3496 τῆς
1429 3424 1641 3487 ἐλπίδος
1692 3423 1793 3494 τῆς

190 3514 362 3586 δόξης
405 3516 494 3566 ἐπ’
523 3515 692 3586 ἄκρου
725 3515 819 3568 τοῦ
840 3515 1000 3586 ὅρους
1023 3516 1117 3569 τοῦ
1149 3515 1377 3586 ὑψηλοῦ·
1395 3516 1470 3579 ὡς
1486 3516 1793 3588 πρόδρομος

197 3607 393 3660 σύκου·
430 3604 554 3659 ἰδὼν
601 3606 754 3670 αὐτὸ,
804 3607 934 3678 πρὶν
984 3609 1064 3671 είς
1093 3609 1193 3680 τὴν
1224 3611 1381 3680 χεῖρα
1414 3607 1578 3662 αὑτοῦ
1609 3607 1792 3660 λαϐεῖν

197 3698 358 3763 αὐτὸ,
397 3696 613 3769 θελήσει
656 3697 785 3752 αὐτὸ
823 3701 1131 3754 καταπιεῖν.
1177 3718 1195 3750 ι
1247 3700 1500 3762 Τοιοῦτος
1527 3699 1584 3752 δέ
1609 3716 1693 3763 τις
1724 3695 1793 3770 ἦν

190 3793 226 3843 ὁ
264 3787 492 3852 Ἰούδας,
527 3787 687 3850 ἄνθος
722 3787 822 3858 μὲν
852 3787 1110 3856 γεγονὼς,
1141 3787 1276 3840 ἀλλὰ
1305 3787 1552 3841 ἐκπεσὼν
1585 3789 1682 3858 τῆς
1709 3786 1796 3839 ὲλ-

198 3879 356 3944 πίδος
383 3877 521 3949 όμοῦ
554 3880 648 3932 καὶ
680 3879 778 3948 τῆς
809 3878 984 3949 δόξης.
1023 3880 1135 3933 Καὶ
1175 3879 1344 3932 πάλαι
1382 3879 1479 3950 μὲν
1509 3878 1793 3948 τυγχάνων

196 3974 393 4027 ἐπάνω
421 3972 582 4043 ὅρους
606 3971 700 4025 τοῦ
732 3971 960 4042 ὑψηλοῦ,
989 3973 1118 4041 περὶ
1148 3967 1208 4026 οὗ
1236 3970 1439 4042 προῖὼν
1467 3973 1494 4024 6
1514 3974 1796 4044 προφήτης

197 4065 394 4134 φησίν·
423 4084 442 4116 ί
469 4065 726 4136 Ἐπ’,ὅρος
751 4064 950 4135 ὑψηλὸν
979 4062 1230 4134 ἀνάϐηθι,
1256 4066 1283 4117 ό
1308 4063 1794 4133 εὐαγγελιζόμενος

194 4157 365 4218 Σιών.
401 4177 420 4208 ι
477 4157 637 4209 Ἀλλὰ
668 4157 859 4226 γέγονε
904 4155 1142 4218 τοιοῦτός
1197 4173 1303 4220 τις,
1335 4156 1411 4220 ὼς
1463 4155 1794 4226 ὁμοιωθῆναι

200 4252 500 4324 προδρόμῳ
531 4249 718 4314 σύκου,
769 4248 967 4324 καρπῷ
999 4249 1434 4321 ἀτελεσφορήτῳ,
1475 4249 1662 4320 ὡραίῳ
1696 4247 1795 4318 μὲν

195 4345 299 4397 καὶ
328 4343 484 4414 καλῷ
513 4345 582 4414 τῇ
627 4342 746 4412 θέᾳ,
787 4343 1045 4414 ἀχρήστῳ
1077 4341 1134 4394 δὲ
1165 4341 1338 4404 ἄλλως
1378 4339 1465 4394 διὰ
1518 4341 1580 4393 τὸ
1608 4339 1796 4402 ἀτελὲς

1884 565 2002 635 guis
2036 575 2320 626 cacumen,
2354 558 2628 630 principes
2658 553 2838 624 populi
2899 549 3245 619 impinguati,
3289 551 3458 621 caput

1885 657 2136 712 videlicet
2155 669 2368 717 eorum,
2395 650 2592 721 quibus
2635 647 2733 702 ﬂos
2775 644 2962 716 gloria:
3005 641 3262 696 decidens
3318 651 3456 691 con.

1878 750 2102 821 junctus
2143 757 2258 813 est;
2295 748 2418 800 ideo
2463 744 2699 798 miseros
2729 740 2849 793 illos
2877 735 3157 806 praedicat.
3213 731 3320 786 Pro
3365 727 3457 783 illo

1885 819 2086 907 autem,
2119 860 2139 892 ι
2171 854 2332 911 super
2359 836 2622 892 verticem
2664 831 2866 886 montis
2896 827 3137 899 pinguis,
3162 844 3180 876 ι
3239 819 3456 890 Aquila,

1889 953 1908 986 t
1938 933 2100 988 vallis
2151 931 2486 994 sordium”
2545 924 2932 997 Symmachus,
2977 917 3175 972 tvallis
3225 915 3457 984 pingue-

1877 1025 2105 1091 dinum;
2135 1043 2155 1076 ι
2188 1021 2512 1086 Theodotio,
2555 1036 2574 1071 t
2604 1015 2762 1070 vallis
2783 1013 3088 1085 pinguium,
3122 1029 3139 1062 ι
3190 1009 3459 1075 interpre-

1879 1117 1986 1171 tati
2021 1124 2181 1182 sunt;
2225 1113 2496 1169 llebraica
2545 1117 2726 1165 autem
2772 1107 2951 1170 lectio,
2992 1123 3009 1155 t
3038 1095 3452 1157 Gethsetnanin

1881 1207 2220 1264 circumfert.
2244 1206 2420 1272 Quam
2450 1216 2636 1258 vocem
2661 1198 2844 1254 audivi
2868 1194 3178 1265 quempiam
3200 1207 3231 1244 ε
3249 1187 3461 1244 dilectis

1884 1299 2104 1365 nostris,
2155 1298 2221 1353 de
2252 1297 2390 1363 loco,
2441 1293 2535 1364 qui
2569 1292 2622 1346 in
2660 1286 2954 1357 Evangelia
3007 1301 3027 1335 t
3057 1276 3403 1337 Gethsemani
3433 1293 3456 1328 ι

1878 1393 2102 1458 dicitur,
2129 1388 2516 1460 explicantem,
2566 1381 2655 1436 ubi
2698 1379 2947 1451 proditor
2978 1389 3100 1430 cum
3143 1373 3233 1426 illa
3267 1377 3460 1424 contu-

1885 1486 2059 1541 melia:
2121 1497 2323 1541 corona
2385 1479 2736 1536 Servatorem
2803 1471 3033 1533 adiens,
3091 1463 3456 1536 proditionem

1885 1579 2034 1636 fecit.

1813 1732 1857 1786 Β
1953 1759 2121 1818 Vens.
2160 1759 2216 1814 2.
2265 1712 2450 1810 tEcce
2480 1752 2622 1807 forte
2657 1757 2712 1804 et
2760 1746 2992 1808 durum,
3050 1739 3200 1792 furor
3249 1731 3462 1788 Domini

1885 1854 2026 1908 sicut
2076 1850 2282 1921 grando
2347 1844 2567 1914 delapsa
2625 1855 2733 1894 non
2796 1835 3005 1892 habens
3063 1823 3459 1886 utnbraculum,

1885 1959 2004 2014 quae
2027 1943 2295 1996 violenter
2337 1938 2540 1993 decidit
2575 1951 2592 1994 ;
2624 1933 2766 1987 sicut
2791 1942 2946 1998 aqua:
2988 1925 3070 1978 vis
3116 1932 3309 1990 magna
3346 1925 3462 1970 tra-

1881 2037 2023 2091 hens
2056 2034 2330 2102 regionem
2365 2043 2380 2082 :
2419 2028 2472 2082 in
2508 2036 2653 2080 terra
2679 2021 2842 2076 faciet
2872 2017 3107 2088 quietem
3137 2008 3404 2065 manibus.
3437 2019 3461 2057 ι

1886 2125 1985 2192 Ita,
2027 2100 2223 2192 inquit,
2253 2119 2404 2175 furor
2435 2117 2646 2173 Domini
2681 2127 2775 2169 eos
2812 2111 2904 2180 qui
2935 2106 3070 2162 ebrii
3107 2110 3232 2160 sunt
3263 2100 3464 2168 absqu‘e

1886 2219 2033 2281 vino,
2084 2217 2374 2270 invasurus
2432 2219 2552 2274 est,
2607 2217 2666 2262 ut
2715 2203 2964 2275 grandini
3019 2190 3464 2266 cornparetnrin

1886 2312 2060 2381 capita
2086 2311 2324 2363 virorum
2355 2311 2664 2374 legumento
2697 2295 2941 2353 carentia
2969 2291 3198 2358 delapsae
3234 2307 3246 2342 :
3273 2285 3461 2338 eodem

1886 2405 2046 2460 modo
2091 2403 2328 2456 furorem
2364 2396 2459 2453 Dei
2511 2391 2827 2450 memoratis
2870 2382 3182 2441 hominibus
3223 2376 3464 2431 inferen-

1883 2499 2012 2552 ztlnm
2041 2495 2302 2566 praedicit.

1961 2588 2123 2643 Vens.
2163 2587 2216 2641 5.
2264 2604 2282 2638 t
2314 2583 2380 2638 Et
2406 2581 2636 2652 pedibus
2664 2573 3073 2634 conculcabitur
3099 2579 3300 2623 corona
3333 2576 3465 2616 con-

1889 2681 2162 2748 tumelite,
2216 2675 2540 2734 mercenarii
2591 2671 2918 2742 Ephraim.»
2995 2663 3136 2719 Olim
3197 2653 3465 2726 siquidem

1887 2788 2085 2830 corona
2116 2769 2460 2828 contumeliae
2480 2773 2674 2830 erant,
2707 2763 2774 2818 ad
2817 2757 3156 2816 inferendam
3183 2757 3467 2807 contume-

1884 2866 2015 2922 liam
2064 2863 2353 2928 instructi;
2405 2867 2738 2932 quapropter
2774 2867 2971 2910 corona
3027 2850 3157 2903 item
3203 2841 3468 2914 superbia

1888 2957 2256 3022 vocabantur;
2296 2953 2417 3008 talis
2451 2961 2631 3006 autem
2664 2947 2788 3002 finis
2820 2951 3185 3013 occupaturus
3223 2951 3316 2991 eos
3350 2945 3468 2996 est,

1890 3058 1948 3103 ut
1976 3047 2364 3104 conculcentur
2394 3062 2407 3099 :
2440 3051 2494 3098 et
2529 3055 2663 3096 sane
2691 3035 3000 3094 conculcati
3029 3040 3156 3088 sunt
3187 3029 3255 3083 ab
3281 3026 3466 3082 inimi-

1891 3144 1991 3206 cis,
2025 3141 2118 3211 qui
2158 3139 2304 3209 ipsos
2332 3137 2384 3192 in
2419 3134 2740 3190 servitutem
2771 3130 3101 3198 redegerunt
3133 3142 3146 3178 :
3177 3122 3269 3191 qui
3301 3118 3465 3172 etiam

1889 3235 2166 3290 civitatem
2210 3245 2396 3287 eorum
2434 3225 2704 3282 calcaneis
2747 3221 2864 3276 suis
2908 3215 3261 3274 obterendam
3307 3223 3468 3264 cura-

1891 3338 2037 3384 runt.

1964 3419 2125 3473 Vens.
2179 3416 2230 3470 ι.
2290 3432 2309 3466 ι
2335 3413 2402 3468 Ει
2451 3410 2556 3466 erit
2604 3407 2705 3463 flos
2740 3404 2831 3475 qui
2867 3399 3065 3457 decidit
3116 3398 3182 3452 de
3215 3407 3312 3462 spe
3351 3389 3471 3462 glo-

1895 3514 2010 3576 riae,
2058 3513 2112 3564 in
2161 3507 2366 3563 vertice
2414 3502 2614 3558 montis
2668 3495 2907 3562 excelsi;
2958 3492 3100 3547 sicut
3150 3491 3474 3557 praematura

1895 3608 2074 3670 licus;
2119 3601 2211 3672 qui
2250 3597 2449 3654 viderit
2499 3610 2655 3658 eam,
2697 3591 3012 3660 priusquam
3062 3587 3240 3638 sumat
3283 3589 3472 3639 manu,

1895 3665 2072 3764 cupiet
2107 3665 2224 3748 eam
2259 3692 2540 3746 devorare.
2575 3705 2594 3739 ι
2653 3682 2799 3737 Talis
2828 3687 2949 3735 erat
2993 3674 3185 3737 Judas,
3247 3669 3338 3739 qui
3373 3665 3473 3723 flos

1829 3773 1836 3781 ’
1896 3801 2028 3841 sane
2051 3785 2258 3849 fuerat;
2303 3795 2491 3837 verum
2517 3780 2582 3832 de
2613 3790 2709 3846 spe
2740 3771 2904 3828 simul
2933 3779 2985 3824 et
3031 3770 3096 3822 de
3122 3762 3302 3834 gloria
3325 3758 3475 3815 deci-

1894 3881 1993 3935 dit.
2029 3879 2095 3932 Et
2119 3877 2245 3932 olim
2276 3874 2495 3944 quidem
2531 3883 2694 3939 supra
2742 3873 2981 3920 montem
3019 3857 3295 3915 excelsum
3331 3859 3474 3918 erat,

1896 3975 1961 4027 de
2010 3986 2116 4040 quo
2168 3971 2223 4024 in
2254 3965 2637 4037 {sequentibus
2687 3959 2953 4031 propheta
3017 3953 3190 4016 dicit,
3251 3945 3476 4015 «Supra

1895 4073 2132 4118 montem
2159 4060 2435 4116 excelsum
2476 4053 2708 4112 ascende
2729 4093 2745 4119 ,
2783 4052 2874 4122 qui
2899 4045 3241 4115 evangelizas
3270 4042 3421 4096 Sion.
3449 4056 3471 4092 ›

1901 4155 2096 4209 Verum
2126 4153 2214 4206 ille
2243 4151 2364 4206 talis
2401 4149 2599 4211 evasit,
2635 4157 2694 4200 ut
2726 4152 3070 4216 praamaturte
3101 4137 3226 4192 [icui
3254 4147 3478 4204 compa-

1899 4255 2135 4310 raretur,
2170 4242 2488 4309 imperfecto
2534 4238 2744 4294 scilicet
2789 4233 3030 4297 fructui;
3077 4227 3322 4298 specioso
3352 4223 3477 4294 quiv

1901 4343 2021 4397 :lem
2058 4354 2123 4394 ac
2162 4338 2336 4392 forma
2387 4333 2636 4406 pulchro,
2692 4327 2788 4384 sed
2824 4325 2958 4381 alias
3004 4320 3222 4384 inutili,
3253 4318 3379 4387 quia
3408 4313 3479 4369 ob

201 4436 297 4489 τοῦ
336 4413 479 4506 πρὸς
505 4413 710 4506 τροφὴν
739 4413 1046 4504 ἐπιτηδείου
1081 4433 1316 4506 καρποῦ.
1369 4434 1460 4486 Διὸ
1493 4432 1790 4505 πρόδρομον

1903 4431 2364 4503 ἰιηρετΐεοιῑοηεῐη
2417 4426 2652 4482 nondum
2700 4420 2816 4476 esui
2871 4427 3029 4487 aptus
3080 4413 3289 4466 fructus
3334 4415 3475 4462 erat.

193 4529 372 4582 αὐτὸν
411 4528 706 4598 γενόμενον
748 4525 1072 4597 τεθεαμένος
1097 4529 1126 4580 ό
1157 4526 1264 4579 τῶν
1297 4524 1477 4579 καλῶν
1506 4524 1794 4596 βάσκανος,

203 4622 538 4693 προήρπασε
572 4619 826 4682 σπεύσας’
886 4619 962 4681 ὼς
1015 4617 1237 4690 θελῆσαι
1297 4617 1459 4672 αὐτὸν
1511 4618 1798 4671 καταπιεῖν

197 4715 337 4785 πρὶν
371 4713 406 4783 ἢ
437 4712 538 4783 τῆς
569 4711 752 4783 χειρὸς
775 4709 1147 4765 ὲπιλαῦέσθαι·
1172 4709 1314 4763 οὕτω
1352 4708 1482 4778 γοῦν
1521 4708 1680 4760 αὐτὸν
1704 4707 1798 4760 καὶ

195 4805 475 4859 ,κατέπιεν
506 4803 752 4874 ἰσχύσας.

282 4917 303 4950 ι
346 4897 431 4969 Τῇ
465 4899 652 4968 ἡμέρᾳ
679 4897 864 4968 ἐκείνῃ
917 4894 1071 4948 ἔσται
1105 4893 1312 4966 Κύριος
1342 4891 1568 4948 Σαϐαὼθ
1615 4895 1643 4946 ό
1683 4891 1802 4945 στέ-

1904 4501 2263 4594 Quamobrem
2309 4526 2693 4590 praematurum
2737 4527 2860 4568 eum
2915 4505 3268 4574 conspicatus
3307 4501 3481 4554 bono-

1905 4589 2022 4672 {um
2053 4615 2270 4670 invidus
2312 4589 2436 4674 ille,
2483 4609 2805 4664 festinanter
2846 4599 3144 4673 praeripuit,
3189 4596 3262 4649 ita
3305 4601 3364 4646 ut
3394 4589 3480 4646 vel

1905 4723 2194 4778 antequam
2223 4705 2376 4762 illum
2408 4717 2570 4758 manu
2606 4706 2846 4770 caperet,
2894 4695 3155 4749 devorare
3179 4684 3344 4742 vellet
3377 4702 3392 4739 :
3426 4691 3482 4740 et.

1902 4805 1981 4860 sic
2013 4817 2138 4858 vere
2157 4799 2463 4862 devoravit,
2498 4797 2625 4868 quia
2654 4790 2942 4864 praevaluit
2973 4786 3098 4857 ipsi.
3467 4824 3484 4830 ..

1975 4893 2116 4950 Vens
2174 4893 2228 4959 5,
2277 4892 2333 4951 6.
2395 4910 2414 4943 t
2446 4889 2500 4945 In
2540 4888 2629 4943 die
2668 4886 2760 4941 illa
2796 4883 2902 4939 erit
2951 4877 3209 4935 Dominus
3238 4870 3478 4932 Sabaoth

205 5007 378 5058 φανος
547 4965 780 5053 ἐλπίδος,
891 4988 1118 5052 πλακεὶς
1149 4965 1247 5058 τῆς
1299 4986 1476 5054 δόξης,
1514 4984 1590 5056 τῷ
1637 5002 1790 5038 κατα-

1899 5003 2100 5044 corona
2155 4989 2291 5055 spei,
2339 4999 2460 5054 quae
2516 4978 2844 5049 complicata
2891 4981 2977 5029 est
3027 4969 3210 5042 gloriae
3263 4965 3482 5020 residuo

205 5081 486 5153 λειφθέντι
537 5081 632 5136 τοῦ
661 5081 812 5136 λαοῦ.
849 5079 1384 5152 Καταλειφθὴσονται
1417 5080 1475 5132 δὲ
1501 5079 1594 5131 ἐπὶ
1638 5077 1801 5131 πνεύ-

208 5190 345 5244 ματι
375 5173 612 5244 κρίσεως
647 5173 740 5225 ἐπὶ
768 5171 970 5244 κρίσιν,
1013 5172 1108 5225 καὶ
1163 5172 1315 5240 ἰσχὺν
1358 5170 1674 5223 κωλυόντων
1710 5169 1804 5222 ἁν-

209 5265 373 5318 ελεῖν.
412 5284 433 5316 ι
462 5264 634 5334 Δῆλον
662 5265 718 5318 δὲ
745 5265 827 5318 ὅτι
851 5266 961 5327 τοῖς
995 5261 1416 5334 περιλειφθεῖσιν
1449 5263 1514 5315 ὲκ
1559 5261 1659 5331 τῆς
1702 5259 1796 5313 τοῦ

211 5357 415 5420 παντὸς
449 5355 580 5430 λαοῦ
609 5356 904 5420 ἀπωλείας·
935 5350 1077 5410 οὗτοι
1095 5355 1154 5408 δὲ
1181 5351 1322 5426 ἦσαν
1348 5353 1514 5429 οίιτοῦ
1549 5353 1798 5424 Σωτῆρος

211 5447 502 5502 ἀπόστολοί
518 5466 577 5502 τε
609 5450 704 5501 καὶ
731 5447 986 5520 μαθηταί·
1018 5447 1178 5501 αὐτὸν
1211 5446 1318 5519 γὰρ
1344 5445 1558 5501 ἔσεσθαι
1576 5445 1665 5500 τὸν
1685 5445 1796 5500 Κύ-

215 5557 331 5614 ριον
366 5541 630 5611 στέφανον
659 5541 871 5606 ἐλπίδος
893 5539 1304 5611 ἐπαγγέλλεται.

219 5721 265 5752 ³⁸
290 5720 463 5778 καιιιι
523 5737 643 5777 xm.
678 5721 762 5775 15.

1901 5078 2096 5149 populi.
2158 5077 2553 5146 Relinquentur
2603 5080 2785 5126 autem
2821 5068 2876 5122 in
2931 5065 3130 5135 spiritu
3185 5057 3376 5128 iudicii
3423 5056 3481 5111 in

1897 5169 2157 5239 judicium
2202 5178 2255 5222 et
2306 5165 2679 5221 fortitudinem
2730 5160 3031 5216 vetantiqu
3088 5151 3419 5210 interficere.
3455 5166 3478 5202 ι

1906 5259 2164 5315 Videlicet
2191 5258 2256 5313 iis
2293 5258 2385 5328 qui
2414 5272 2446 5311 a
2481 5255 2643 5309 totius
2669 5250 2848 5323 populi
2879 5250 3049 5304 exitio
3077 5240 3438 5301 remanserint
3467 5257 3480 5295 :

1907 5353 1958 5406 lti
2000 5360 2180 5406 autem
2225 5359 2382 5404 erant
2437 5345 2666 5418 apostoli
2723 5353 2779 5399 et
2816 5340 3067 5411 discipuli
3131 5335 3480 5393 Salvatoris:

1909 5444 2082 5512 ipsum
2109 5443 2306 5512 quippe
2342 5439 2624 5498 Dominum
2655 5449 2915 5495 coronam
2947 5431 3062 5503 spei
3092 5428 3334 5488 futurum
3365 5440 3487 5484 csso

1907 5535 2216 5605 pollicetur.
