3862 6210
396 290 501 344 187

1097 280 1370 341 EUSEBII
1407 278 1892 338 CESABENSIS
1925 278 2076 336 OPP.
2119 276 2301 334 PARS
2338 277 2425 334 Ill.
2466 305 2538 322 --
2570 274 2985 333 EXEGETICA.

464 404 633 461 Vsus.
685 400 738 456 τ.
799 419 821 454 ι
849 397 912 455 lli
979 400 1126 455 cnim
1188 400 1318 455 vino
1376 398 1642 455 scelerate
1694 406 1924 469 egerunt
1952 412 1972 452 :

2151 414 2173 449 ι
2205 388 2366 450 οὗτοι
2392 395 2499 467 γάρ
2525 392 2657 466 οἴνῳ
2682 389 3206 463 πεπλημμελημένοι
3233 386 3666 461 εἰσίν-,ἐπλανή-

394 503 713 554 erraverunt
746 500 971 563 propter
1015 492 1268 557 siceram,
1293 508 1315 544 ι
1371 504 1536 560 quam
1582 490 1777 559 reliquit
1811 491 1983 545 inter-

394 597 598 660 pretes,
642 600 668 637 ι
694 585 1051 647 ebrietatem,
1085 600 1107 634 ο
1163 590 1517 637 vocaverunt.
1571 579 1649 636 Ne
1687 581 1811 645 quis
1853 595 1984 636 vero

393 691 543 749 putet
601 677 788 730 viuum
842 684 899 730 et
930 674 1255 730 ebrietatem
1311 674 1367 729 in
1417 674 1625 746 vulgari
1681 689 1842 729 sensu
1895 676 1983 731 Itic

394 768 644 838 intelligi,
683 768 936 822 cautione
963 764 1215 835 superius
1260 775 1345 821 est
1391 779 1523 820 usus
1561 767 1781 830 dicens,
1837 784 1863 820 r
1887 768 1978 833 qui

393 863 528 917 ebrii
558 862 689 915 estis
731 860 936 928 absque
967 860 1114 915 vino.
1143 876 1163 911 ι
1208 858 1368 914 Aliud
1410 858 1595 927 itaque
1624 859 1811 912 vitrum
1840 867 1979 925 erat,

396 954 504 1009 alia
566 954 741 1009 siccra
793 953 910 1006 sive
950 951 1214 1016 ebrietas,
1275 966 1395 1020 qure
1429 951 1576 1019 ipsos
1626 952 1680 1004 in
1736 966 1980 1007 errorem

396 1047 632 1103 induxit.
663 1064 683 1098 ι
710 1045 981 1100 Sacerdos
1015 1054 1071 1099 et
1112 1045 1374 1114 propheta
1413 1052 1597 1099 mente
1630 1052 1984 1099 excesserunt

396 1150 623 1211 propter
674 1138 908 1193 siceram
947 1150 965 1189 :
996 1137 1267 1205 absorpti‘
1302 1147 1435 1192 sunt
1469 1144 1694 1205 propter
1745 1137 1930 1191 vinum
1963 1155 1979 1191 :

396 1233 768 1287 titubavcruut
830 1232 899 1285 ab
967 1230 1235 1286 ebrietate
1268 1269 1286 1297 ,
1328 1240 1658 1285 erraverunt
1692 1247 1707 1284 :
1743 1229 1848 1285 hoc
1898 1239 1982 1286 est

394 1324 645 1396 phasma.
681 1341 700 1375 ι

465 1412 631 1469 Vens.
687 1412 743 1469 8.
808 1430 831 1465 σ
860 1412 1170 1468 Maledictio
1202 1412 1485 1467 devorabit
1519 1413 1625 1469 hoc
1656 1413 1980 1469 consilium:

395 1505 499 1563 hoc
551 1507 698 1563 enim
737 1506 1028 1561 consilium
1095 1516 1324 1575 propter
1374 1507 1681 1561 avaritiam.
1711 1523 1731 1558 ο
1792 1507 1981 1562 Visum

394 1599 536 1653 enim
592 1611 718 1653 vere
743 1608 862 1651 erat
897 1612 959 1653 ac
1012 1603 1353 1666 phantasma,
1399 1599 1543 1669 quod
1596 1600 1668 1653 illi
1711 1614 1903 1654 omnes
1928 1609 1983 1653 ct

395 1686 681 1744 confertim
717 1687 810 1742 tali
859 1698 1044 1742 essent
1082 1686 1278 1743 aﬂ‘ectu
1304 1726 1319 1749 ,
1367 1702 1432 1741 ac
1471 1687 1758 1742 consilium
1815 1700 1979 1758 gravo

395 1779 733 1851 impiumque
765 1778 1057 1847 iniissent,
1087 1779 1229 1848 quod
1263 1778 1355 1834 Dei
1381 1777 1688 1834 maledictio
1720 1779 1976 1833 invasura

396 1884 501 1928 est.
532 1870 703 1928 ludas
750 1872 913 1938 igitur
943 1872 1187 1944 pecunia:
1222 1882 1277 1926 et
1301 1871 1545 1926 avaritia:
1588 1886 1752 1927 causa
1784 1872 1978 1927 Salva-

396 1971 569 2019 torem
602 1962 841 2034 prodidit
875 1980 889 2017 :
918 1963 1114 2033 reliqui
1153 1976 1283 2017 vero
1327 1977 1449 2032 qua:
1493 1976 1559 2017 cx
1602 1963 1799 2033 populo
1840 1964 1981 2019 rele-

397 2056 586 2113 rebaut
652 2055 1017 2112 emolumenta
1085 2056 1470 2120 vindicantes,
1550 2071 1617 2112 ac
1671 2058 1981 2126 suspicione

397 2143 660 2216 permoti,
696 2160 765 2201 tte
799 2143 1001 2200 Christi
1031 2146 1255 2198 verbum
1306 2145 1453 2213 ipsos
1486 2145 1794 2215 principatu
1824 2160 1981 2201 ever-

396 2247 559 2302 teret,
590 2238 1053 2309 conspirationem
1097 2239 1150 2291 in
1186 2238 1334 2291 illum
1380 2236 1724 2303 conﬂarunt;
1761 2253 1867 2309 qua
1914 2240 1981 2294 de

395 2342 560 2384 causa
589 2329 818 2396 dicitur,
862 2348 881 2382 ι
905 2328 1019 2386 lloc
1058 2331 1204 2384 enim
1233 2329 1519 2384 consilium
1551 2340 1774 2401 propter
1804 2333 1983 2386 avari-

396 2421 550 2478 tiam.
578 2438 598 2473 ι

470 2512 636 2568 Vsus.
661 2510 716 2568 9.
751 2529 770 2565 t
799 2511 899 2569 Ctti
943 2510 1386 2567 annuntiavimus
1417 2511 1604 2567 mala?
1649 2512 1715 2568 Et
1756 2515 1845 2570 cui
1884 2530 1983 2570 an-

398 2604 770 2658 nuntiavimus
805 2602 1098 2658 nuntium?
1120 2604 1211 2674 qui
1244 2604 1417 2660 avulsi
1451 2615 1573 2661 sunt
1618 2621 1651 2660 a
1686 2605 1846 2672 lacte,
1884 2607 1978 2678 qui

396 2694 659 2751 abstracti
697 2705 824 2751 sunt
859 2695 929 2751 ab
969 2698 1157 2753 ubere.
1206 2714 1227 2751 ο
1280 2697 1578 2769 Postquam
1632 2700 1978 2769 prophetiam

393 2787 464 2843 de
504 2802 708 2843 corona
741 2789 1031 2858 superbiat,
1063 2804 1128 2845 ac
1155 2789 1225 2845 de
1259 2790 1489 2860 reliquis
1518 2792 1827 2861 subiunctis
1881 2792 1978 2848 de-

393 2878 715 2950 scripserat,
765 2895 980 2934 rursum
1013 2883 1080 2935 ad
1111 2882 1469 2949 apostolicum
1504 2885 1752 2938 ordinem
1775 2886 1977 2940 transi-

394 2981 509 3024 tum
567 2970 714 3038 facit,
765 2972 924 3041 cujus
993 2972 1108 3043 ipse
1158 2972 1424 3030 Dominus
1474 2972 1714 3031 Sabaoth
1774 2991 1980 3032 corona

2082 485 2256 560 θησαν
2300 486 2390 542 διά
2441 486 2503 541 τὺ
2533 484 2746 559 σίκεραο
2787 505 2808 537 ι
2843 488 2982 556 οπερ
3021 485 3075 536 οἱ
3116 481 3293 536 λοιποὶ
3327 483 3667 553 ἐρμηνευταὶ

2087 597 2108 632 ι
2143 578 2395 651 μέθυσμα
2424 597 2445 630 ι
2463 576 2773 648 ὠνόμασαν.
2793 575 2912 631 ἰνα
2941 573 3000 628 δέ
3032 574 3107 645 μή
3129 588 3215 637 τις
3241 566 3382 625 οἶνον
3403 570 3666 625 ὑπολάϐοι

2080 673 2178 726 καὶ
2213 670 2468 742 μέθυσμα
2479 670 2542 724 τὸ
2558 666 2860 741 προχείρως
2876 665 3012 720 ’νοού
3020 680 3198 736 μενον,
3220 661 3666 737 προησφαλίσατο

2080 762 2340 835 ἀνωτέρω
2363 761 2556 827 εἰπὼν,
2582 779 2601 812 ι
2640 762 2691 814 οί
2728 758 3017 830 μεθύοντες
3041 757 3168 812 ἄνευ
3195 756 3359 810 οἴνου.
3399 774 3421 806 ι
3451 753 3665 809 Οὐκοῦν

2080 852 2268 926 ἕτερος
2315 850 2384 926 ἦν
2413 849 2566 917 οὗτος
2597 853 2628 906 6
2650 848 2812 916 οἶνος,
2843 849 2937 904 καὶ
2961 847 3088 904 ἄλλο
3120 847 3181 903 τὸ
3211 847 3543 918 καλούμενον
3576 846 3665 901 σί-

2082 963 2242 1019 κερα.
2272 946 2305 1018 ἢ
2340 947 2403 1000 τὸ
2445 946 2721 1018 μέθυσμα,
2772 944 2841 998 δι’
2875 937 2938 997 οὗ
2969 942 3039 996 τά
3082 941 3182 1013 τῆς
3237 940 3447 1012 πλάνης
3478 938 3667 1002 αὐτοῖς

2081 1040 2294 1108 γέγονε.
2329 1057 2348 1092 ι
2401 1038 2601 1110 ἰερεὺς
2629 1038 2725 1093 καὶ
2757 1037 3041 1109 προφήτης
3063 1032 3359 1106 ἐξέστησαν
3383 1032 3472 1087 διά
3496 1031 3561 1086 τὸ
3583 1031 3669 1086 σί-

2081 1148 2240 1203 κερα·
2274 1130 2652 1201 κατεπόθησαν
2671 1129 2760 1184 διὰ
2784 1129 2874 1184 τὸν
2904 1125 3065 1191 οἶνον,
3091 1126 3411 1198 ἐσείσθησαν
3425 1124 3539 1180 ἀπὸ
3562 1122 3667 1195 τῆς

2085 1222 2277 1295 μέθης,
2311 1222 2715 1294 ἐπλανήθησαν⁵
2752 1221 3001 1276 τουτέστι
3035 1219 3247 1291 φάσμα.
3282 1237 3309 1270 ι

2157 1423 2178 1454 ι
2220 1401 2354 1474 ’Δρά
2380 1402 2556 1457 ἔδεται
2589 1401 2792 1475 ταύτην
2811 1402 2910 1475 τὴν
2934 1401 3149 1473 βουλήνο
3181 1399 3322 1472 αὕτη
3356 1397 3513 1472 γὰρὴ
3542 1399 3672 1470 βοο-

2081 1495 2147 1567 λὴ
2191 1496 2355 1551 ’ἑνεκα
2405 1495 2733 1564 πλεονεξίας.
2775 1516 2795 1548 ι
2826 1496 3024 1567 Φάσμα
3053 1495 3162 1568 γὰρ
3201 1489 3271 1566 ἦν
3300 1490 3517 1565 άληθῶς
3568 1491 3671 1547 καὶ

2083 1589 2376 1659 φάντασμα
2409 1587 2470 1641 τὸ
2507 1588 2717 1652 πάντας
2738 1589 2935 1651 αὐτοὺς
2966 1585 3178 1658 ἀθρόως
3208 1583 3280 1638 τά
3308 1582 3542 1638 τοσαῦτα
3561 1597 3671 1636 πα.-

2082 1678 2196 1734 θείν
2232 1678 2401 1734 καὶτὸ
2427 1678 2621 1751 βουλὴν
2649 1677 3037 1751 βουλεύσασθαι
3065 1676 3244 1747 δεινὴν
3273 1675 3368 1737 καὶ
3388 1674 3566 1737 ἄθεον,
3597 1674 3668 1746 ἢν

2012 1753 2057 1809 Β
2082 1773 2453 1845 καταλήψεται
2469 1776 2502 1844 ή
2529 1776 2594 1828 ἐκ
2615 1772 2708 1826 τοῦ
2733 1771 2867 1825 Θεοῦ
2894 1772 3021 1844 άρά.
3062 1769 3264 1834 Ἰούδας
3299 1768 3398 1840 μὲν
3412 1763 3504 1822 οὖν
3529 1782 3669 1838 χρη·

2087 1864 2273 1937 μάτων
2289 1865 2474 1919 ἕνεκεν
2506 1864 2601 1919 καὶ
2619 1863 2718 1933 τῆς
2740 1861 2943 1917 τούτων
2975 1859 3287 1926 πλεονεξίας
3316 1858 3408 1912 τὸν
3434 1856 3669 1929 Σωτῆρα

2083 1957 2393 2032 παρεδίδου·
2421 1958 2470 2011 ei
2503 1956 2560 2011 δὲ
2591 1954 2791 2017 λοιποὶ,
2847 1951 3300 2032 μεταποιούμενοι
3329 1950 3429 2020 τῆς
3457 1950 3522 2002 ἐκ
3568 1944 3668 2001 τοῦ

2079 2046 2211 2103 λαοῦ
2236 2046 2566 2114 πλεονεξίας,
2592 2044 2688 2098 καὶ
2724 2044 2797 2115 μή
2829 2058 2903 2114 πη
2933 2044 2963 2097 6
2996 2039 3233 2113 Χριστοῦ
3255 2038 3413 2107 λόγος
3447 2034 3670 2093 καθέλοι

2081 2141 2279 2205 αὐτοὺς
2294 2139 2395 2211 τῆς
2419 2136 2594 2210 ἀρχῆς
2619 2132 2983 2209 ὑφορώμενοι,
3001 2134 3100 2205 τὴν
3131 2133 3250 2188 κατ’
3282 2128 3449 2187 αὑτυῦ
3466 2128 3669 2200 σκευὴν

2080 2230 2394 2304 ἐτύρευσαψ
2430 2227 2512 2282 διὸ
2555 2226 2790 2300 εἴρηταιο
2831 2244 2851 2277 ι
2897 2223 3044 2296 Αὕτη
3071 2223 3178 2298 γάρ
3207 2224 3236 2296 ή
3269 2221 3434 2295 βουλὴ
3474 2221 3666 2276 ἐνεκεν

2082 2321 2409 2387 πλεονεξίας.
2441 2339 2461 2375 ι

2110 2523 2112 2526 ’
2155 2546 2181 2585 ε
2211 2530 2326 2584 Τίνι
2361 2525 2763 2599 ἀνηγγείλαμεν
2788 2522 2964 2586 κακὰ,
2989 2519 3086 2575 καὶ
3120 2518 3228 2574 τίνι
3265 2514 3669 2588 άνηγγείλαμεν

2080 2619 2370 2692 άγγελίανς
2403 2621 2452 2672 οἱ
2491 2613 3093 2686 ἀπογεγαλακτισμένοι
3141 2609 3250 2665 ἀπὸ
3277 2608 3570 2679 γάλακτος,
3614 2605 3667 2661 οι

2081 2712 2494 2784 ἀπεσπασμένοι
2531 2709 2639 2764 ἀπὸ
2664 2706 2890 2780 μαστοῦ.
2922 2726 2940 2758 ι
2978 2703 3294 2776 Διαγράψας
3321 2703 3351 2755 6
3379 2701 3536 2769 λόγος
3564 2698 3668 2773 τὴν

2082 2806 2210 2877 περὶ
2237 2799 2342 2859 τού
2368 2801 2635 2872 στεφάνου
2683 2800 2782 2871 τῆς
2814 2797 3024 2871 ὕϐρεως
3048 2796 3143 2850 καὶ
3169 2793 3278 2849 τῶν
3310 2792 3437 2864 ἑξῆς
3466 2792 3668 2863 ἐπενη-

2081 2898 2359 2969 νεγμένων
2384 2893 2738 2967 προφητείαν,
2760 2889 3072 2963 μεταϐαίνει
3105 2887 3267 2942 πάλιν
3288 2888 3379 2940 ἐπὶ
3394 2884 3456 2939 τὸ
3478 2884 3670 2954 τάγμα

2080 2991 2143 3046 τὸ
2179 2986 2557 3050 άποστολικδν,
2591 2980 2650 3041 οὖ
2680 2983 2898 3053 ἐλέγετο
2926 2979 3062 3036 εἶναι
3095 2981 3256 3045 αὐτὸς
3278 2981 3307 3035 6
3325 2977 3528 3050 Κύριος
3561 2977 3671 3032 Σα-

395 3064 534 3132 spei,
574 3073 627 3118 et
661 3065 798 3119 tiara
831 3064 1019 3135 gloriae
1066 3082 1189 3122 esse
1229 3068 1534 3123 dicebatur.
1577 3063 1737 3125 lltt'uc
1783 3084 1970 3140 porro,

2084 3079 2229 3135 ϐαὼθ
2263 3079 2525 3149 στέφανος
2556 3074 2768 3140 ἐλπίδος
2801 3075 2895 3127 καὶ
2941 3073 3153 3145 κίδαρις
3178 3068 3352 3141 δόξης.
3384 3068 3495 3122 Καὶ
3525 3066 3669 3121 διδά-

397 3155 657 3211 videlicet
685 3157 1045 3226 apostolicum
1086 3159 1339 3223 chorum,
1379 3160 1540 3216 docet
1582 3162 1842 3218 Dominus
1877 3164 1979 3219 Sa-

398 3244 594 3315 baoth,
622 3256 682 3303 ut
712 3250 780 3304 ad
820 3265 1094 3307 aerumnas
1124 3251 1225 3307 sibi
1254 3259 1477 3323 propter
1500 3251 1707 3310 Christi
1750 3257 1977 3311 verbum

397 3338 716 3397 infcreudas
776 3358 837 3398 se
885 3353 1214 3424 pra‘pareut.
1276 3343 1625 3415 Quapropter
1680 3362 1776 3401 ceu
1835 3348 1980 3416 ipsos

395 3432 726 3502 compellans
754 3435 851 3500 ait,
882 3453 903 3488 ι
933 3436 1029 3491 Cui
1058 3436 1510 3493 annuntiavimus
1554 3439 1697 3494 mala
1717 3439 1745 3494 il
1796 3439 1860 3495 Et
1887 3440 1977 3496 cui

397 3525 840 3582 auuttutiavituus
890 3528 1187 3585 nuntium?
1237 3543 1304 3584 ac
1353 3529 1399 3585 si
1448 3533 1697 3600 apertius
1744 3534 1976 3598 diceret,

393 3610 529 3684 Quis
561 3618 760 3673 alacris
792 3629 848 3674 et
887 3630 1169 3690 promptus
1205 3629 1289 3676 est
1325 3620 1392 3675 ad
1439 3624 1802 3691 praenuntiata
1836 3624 1974 3678 mala

391 3707 674 3765 subeunda
692 3709 719 3765 ?
741 3710 875 3766 Mala
906 3727 1068 3782 porro
1089 3714 1141 3768 in
1171 3715 1445 3769 communi
1477 3725 1656 3782 vocat,
1678 3733 1974 3785 aerumnas,

394 3808 453 3853 et
485 3810 707 3870 caetera,
740 3818 860 3873 qua:
891 3806 1065 3861 tristia
1095 3815 1437 3876 rcputantur,
1474 3805 1690 3866 labores
1740 3810 1974 3876 scilicet,

395 3890 732 3961 amictioues
779 3897 1000 3965 pietatis
1047 3914 1211 3953 causa
1257 3911 1562 3971 susceptas.
1607 3903 1713 3959 Vos
1772 3907 1973 3961 etenim

396 3985 678 4054 apostolos
734 4002 917 4043 sermo
965 3992 1194 4060 reSpicit
1223 4008 1238 4047 :
1266 3994 1381 4049 lucc
1413 3996 1569 4050 vobis
1605 3994 1787 4051 futura
1813 3998 1976 4067 polli-

393 4088 604 4132 cemur.
634 4076 768 4130 Nam
797 4095 920 4135 cum
950 4080 1185 4136 infantes
1206 4086 1423 4151 essetis,
1453 4102 1809 4143 mammarum
1840 4091 1979 4148 lacte

390 4169 607 4232 nutriti,
656 4171 793 4226 nihil
844 4172 999 4229 vobis
1046 4175 1225 4232 simile
1272 4179 1628 4246 imminebat,
1676 4183 1747 4237 ob
1801 4187 1977 4241 :etatis

394 4260 761 4328 spiritualiter
787 4276 1028 4335 accepta:
1059 4267 1509 4328 immaturitatem
1538 4289 1638 4328 :ac
1666 4275 1974 4346 ltnjusmodi

394 4359 527 4407 tunc
559 4356 749 4419 eratis,
779 4357 879 4412 sub
908 4356 1029 4429 lege
1060 4360 1260 4432 Moysis
1290 4377 1391 4417 ceu
1423 4367 1715 4438 prtlagogo
1742 4383 1973 4424 versati.

2081 3190 2202 3228 σκει
2252 3171 2439 3226 τοῦτον
2472 3169 2637 3233 αὐτὸς
2682 3168 2711 3221 6
2761 3166 2966 3239 Κύριος
3003 3162 3255 3228 Σαϐαὼθ,
3286 3161 3429 3232 λέγω
3462 3159 3528 3232 δὴ
3572 3160 3669 3214 τὸν

2077 3264 2434 3322 άποστολικὸν
2491 3263 2651 3334 χορὸν
2696 3257 3210 3333 παρασκευάζεσθαι
3271 3255 3410 3328 πρὸς
3459 3253 3669 3324 θλίψεις

2083 3358 2381 3433 μελλούσας
2414 3358 2598 3421 αὐτοῖς
2636 3353 2937 3425 ἐπάγεσθαι
2978 3351 3066 3406 διὰ
3098 3350 3188 3405 τὸν
3214 3346 3451 3421 Χριστοῦ
3487 3348 3667 3416 λόγον.

2078 3449 2172 3505 Διδ
2205 3448 2393 3520 ὥσπερ
2438 3446 2727 3517 ἐπιφωνῶν
2766 3445 2948 3509 αὐτοῖς
2972 3443 3140 3512 λέγει⁸
3181 3462 3199 3494 ι
3238 3442 3357 3495 Τίνι
3410 3438 3667 3511 άνηγγεί-

2078 3538 2249 3613 λαμεν
2283 3538 2461 3602 κακά;
2496 3538 2590 3591 καὶ
2619 3537 2727 3590 τίνι
2765 3532 3171 3605 ἀνηγγείλαμεν
3196 3528 3492 3599 ἀγγελίανς
3535 3546 3554 3578 ι
3592 3527 3668 3591 ὡς

2078 3632 2127 3684 εί
2152 3630 2483 3704 σαφέστερον
2514 3629 2686 3698 ἔλεγε*
2719 3626 2815 3692 Τίς
2834 3625 2941 3697 ἄρα
2958 3624 3237 3697 πρόθυμος
3264 3617 3669 3694 παραδέξασθαι

2026 3774 2043 3791 ,
2078 3727 2148 3781 τὰ
2172 3723 2616 3796 ἐπαγγελλόμενα
2648 3721 2829 3787 κακά;
2858 3718 3019 3774 Κακά
3050 3717 3106 3771 δὲ
3141 3716 3397 3787 ὀνομάζει
3432 3714 3666 3769 κοινοτέ-

2084 3835 2192 3891 ρως
2206 3818 2303 3881 τὰς
2337 3816 2689 3889 περιστάσεις
2719 3814 2814 3868 καὶ
2836 3812 2903 3867 τά
2924 3812 3252 3883 νομιζόμενα
3284 3807 3523 3880 λυπηρά·
3542 3806 3669 3869 τοὺς

2080 3909 2278 3973 πόνους
2321 3906 2522 3979 δηλαδὴ
2566 3905 2659 3961 καὶ
2698 3904 2799 3969 τὰς
2829 3903 3036 3974 θλίψεις
3064 3905 3162 3966 τὰς
3193 3901 3334 3972 ὑπὲρ
3363 3897 3665 3960 εὐσεϐείας.

2079 4000 2224 4074 Πρὸς
2260 4000 2403 4071 ὑμᾶς
2432 3999 2539 4069 γάρ
2580 3998 2706 4062 τοὺς
2757 3996 3087 4059 ἀποστόλους
3119 3994 3265 4047 ἐστὶν
3286 3995 3314 4047 6
3343 3992 3519 4060 λόγος,
3570 3988 3664 4043 καὶ

2077 4090 2250 4145 ταῦτα
2274 4090 2401 4162 περὶ
2441 4088 2597 4160 ὑμῶν
2649 4085 3075 4157 ἐπαγγέλλομεν.
3122 4085 3251 4139 Ὅτε
3287 4083 3384 4154 μὲν
3410 4080 3519 4152 γάρ
3563 4075 3665 4152 ἦτε

2076 4184 2280 4255 νήπιοι,
2312 4182 2514 4236 ὡσανεὶ
2546 4180 2652 4234 ὑπὸ
2678 4177 2867 4251 μαζῶν
2897 4177 3220 4250 τρεφόμενοι
3243 4171 3668 4244 γάλακτι,ούδὲν

2077 4269 2146 4347 ἦν
2179 4275 2309 4345 ὑμῖν
2342 4272 2691 4343 ἐπικείμενον
2730 4269 2969 4325 τοιοῦτον
3000 4268 3090 4324 διὰ
3122 4268 3184 4323 τὸ
3211 4265 3401 4331 ἀτελὲς
3423 4264 3523 4335 τῆς
3541 4279 3668 4335 νοη-

2077 4363 2181 4434 τῆς
2195 4363 2431 4435 ἡλικίας
2465 4361 2697 4416 τοιοῦτοι
2716 4361 2774 4415 δὲ
2791 4358 3153 4431 τυγχάνοντες
3174 4357 3225 4410 οἱ
3255 4355 3360 4410 ὑπὸ
3390 4353 3673 4424 παιδαγω-

394 4455 498 4509 tes,
524 4445 639 4502 sive
661 4447 837 4517 prima
872 4450 975 4520 pia:
1007 4453 1269 4509 doctrinae
1308 4457 1650 4515 institutione
1695 4464 1850 4530 quasi
1891 4463 1969 4516 la-

2084 4456 2171 4526 γὸν
2184 4456 2278 4510 τὸν
2306 4457 2440 4510 Μωῦ
2447 4455 2586 4519 σέως
2599 4454 2783 4526 νόμον,
2816 4453 2926 4506 εἴτε
2940 4449 3205 4521 γαλουχού
3213 4465 3364 4520 μενοι
3383 4449 3503 4510 ταῖς
3522 4445 3672 4519 πρὼ-

391 4547 482 4593 ctc
528 4537 716 4594 refecti
747 4555 763 4606 ;
796 4556 943 4597 nunc
983 4555 1162 4600 autem
1211 4563 1333 4603 cum
1367 4550 1421 4603 iu
1451 4551 1777 4619 perfectiore
1813 4562 1974 4610 tctate

2084 4562 2196 4611 ταις
2219 4548 2551 4615 εἰσαγωγαῖς
2569 4544 2664 4598 τοῦ
2680 4541 2965 4607 θεοσεϐοῦς
2988 4541 3168 4610 λόγου·
3198 4538 3295 4593 νῦν
3316 4538 3374 4593 δὲ
3395 4539 3507 4601 ὅτε,
3537 4552 3673 4609 προ-

391 4645 421 4685 s
447 4631 719 4702 predagogi
749 4649 881 4689 cura
907 4637 1108 4701 educti,
1131 4641 1197 4693 ad
1223 4640 1609 4708 perfectiorem
1649 4645 1970 4711 magistrum

2084 4637 2341 4708 κόψαντες
2353 4641 2420 4709 τῇ
2444 4638 2650 4709 ἡλικίᾳ,
2675 4636 2767 4689 τοῦ
2790 4634 2887 4707 μὲν
2911 4631 3258 4702 παιδαγωγοῦ
3285 4630 3664 4702 ἀπηλλάγητε,

391 4724 753 4791 secesseritis,
807 4742 838 4779 a
890 4726 1047 4800 legali
1109 4730 1249 4789 lacte
1293 4734 1540 4800 abducti,
1583 4744 1639 4791 et
1685 4752 1715 4790 a
1753 4740 1969 4803 matris,

2084 4727 2155 4799 τῷ
2184 4728 2240 4783 δὲ
2261 4728 2451 4799 τελείῳ
2480 4720 2781 4797 διδασκάλῳ
2812 4722 3267 4797 προσεληλύθατε,
3295 4721 3669 4792 ἀπογαλακτιο

390 4815 507 4869 slve
555 4810 765 4870 Judaici
840 4824 896 4871 ct
953 4823 1200 4890 corporei
1265 4825 1468 4892 cultus,
1518 4826 1644 4881 sinu
1708 4828 1968 4883 abstracti

2084 4824 2294 4888 σθέντες
2347 4822 2456 4876 άπὸ
2503 4820 2728 4893 νομικοῦ
2761 4820 3031 4889 γάλακτος
3074 4820 3170 4875 καὶ
3219 4816 3668 4879 ἀποσπασθέντες

386 4904 546 4961 estis.
2069 4917 2146 4982 ὡς
2194 4918 2303 4972 άπὸ
2334 4902 2542 4989 μητρὸς
2588 4916 2692 4988 τῆς
2735 4915 3033 4987 Ἰουδαϊκῆς
3083 4915 3175 4969 καὶ
3206 4911 3525 4985 σωματικῆς
3566 4911 3669 4966 λα-

2071 5008 2289 5082 τρείοις.¹

2148 5121 2168 5154 ι
2208 5101 2397 5173 θλίψιν
2418 5102 2507 5155 ἐπὶ
2539 5100 2717 5169 θλίψιν
2745 5101 3063 5173 προσδέχου,
3108 5097 3296 5152 ἐλπίδα
3325 5097 3411 5150 ἐπ’
3447 5096 3661 5151 ἐλπίδα·

2072 5199 2153 5251 ἔτι
2196 5196 2409 5271 μικρὸν,
2439 5196 2520 5249 έτι
2555 5195 2771 5268 μικρόν·
2809 5194 2897 5248 διὰ
2940 5193 3244 5264 φαυλισμδν
3277 5190 3523 5264 χειλέων,
3574 5189 3667 5245 διὰ

2073 5292 2323 5358 γλώσσης
2354 5287 2563 5358 ἐτέρας·
2586 5288 2666 5341 ὅτι
2690 5286 2984 5358 λαλήσουσι
3015 5285 3092 5355 τῷ
3122 5283 3235 5355 λαῷ
3268 5284 3443 5354 τούτῳ
3467 5283 3663 5351 λέγον-

391 5369 596 5423 aliam-
648 5373 772 5441 quia
809 5373 1105 5444 loquentur
1153 5377 1354 5446 populo
1399 5377 1550 5441 huic,
1592 5379 1841 5433 dicentes
1898 5379 1972 5445 ei,

2084 5395 2164 5444 τες
2204 5379 2371 5451 αύτῷ·
2430 5381 2755 5451 Ἀνάπαυμα
2786 5378 2865 5451 τῷ
2923 5378 3206 5443 πεινῶντι,
3265 5378 3361 5433 καὶ
3401 5373 3563 5429 τοῦτο
3600 5372 3665 5427 τὸ

392 5456 633 5530 Beqnies
673 5466 958 5525 esurienti.
993 5476 1049 5522 et
1085 5467 1202 5524 lucc
1252 5478 1334 5523 cst
1368 5470 1647 5534 contritio,
1683 5478 1739 5524 et
1784 5471 1975 5526 uoluc-

2084 5471 2409 5545 σύντριμμα,
2444 5471 2538 5525 καὶ
2557 5472 2657 5525 οὐκ
2678 5470 2948 5544 ἠθέλησαν
2987 5469 3206 5525 ἀκούειν
3233 5467 3364 5537 (33).
3389 5485 3407 5515 ι
3429 5466 3664 5533 Λέγεται

395 5562 523 5613 runt
574 5555 782 5612 audire.
827 5576 846 5610 ι
896 5553 1023 5617 llaec
1076 5562 1376 5624 apostolico
1410 5560 1579 5615 choro
1606 5562 1881 5628 dicuntur,
1917 5571 1973 5619 et

2084 5560 2130 5616 se
2171 5562 2348 5618 ταῦτα
2392 5563 2530 5637 πρὸς
2559 5562 2651 5616 τὸν
2680 5562 2843 5637 χορὸν
2875 5562 2968 5616 τὸν
2997 5560 3353 5616 άποστολικὸν
3378 5558 3473 5612 καὶ
3526 5575 3668 5631 προς

400 5649 582 5747 milli)
614 5665 998 5747 ﬂlerouymus,
1046 5688 1067 5722 ι
1113 5669 1374 5747 Loquitur
1420 5680 1603 5747 autem
1665 5673 1732 5729 ad
1790 5673 2017 5730 chorum
2060 5674 2441 5744 apostolicum,
2480 5675 2835 5747 omniumque
2872 5674 3235 5741 credentium,
3268 5694 3287 5727 ι
3342 5680 3476 5740 etc,
3535 5689 3660 5745 qua

400 5734 491 5790 ille
515 5735 626 5803 pari
657 5734 834 5805 melo,
873 5740 965 5796 sed
997 5734 1338 5811 paucioribus
1358 5743 1626 5799 enuntiat.

461 5089 627 5148 Vsus.
649 5093 836 5149 Ill-l2.
873 5114 892 5145 ι
923 5096 1351 5154 Tribnlationcm
1378 5100 1969 5169 supertribnlationem

390 5192 668 5254 exspecta,
705 5201 855 5257 spent
888 5203 1053 5259 super
1083 5207 1231 5261 spem
1266 5211 1281 5250 :
1316 5193 1492 5247 adhuc
1530 5208 1747 5261 parum,
1792 5197 1970 5249 adlmc

391 5290 618 5345 parum:
653 5289 875 5349 propter
897 5281 1211 5351 despectum
1243 5284 1531 5347 labiornm,
1585 5300 1682 5354 per
1730 5285 1969 5356 linguam
