3862 6210
188 279 301 335 389
1118 279 1633 335 COMMENTABIA
1676 280 1739 333 ΙΝ

1878 281 2039 334 tlAM.
2080 308 2151 321 -—
2185 284 2340 334 CAP.
2384 285 2622 337 χλγιιι.
3366 290 3472 345 ῑθυ

192 401 408 463 πάντας
425 400 551 462 τοὺς
571 400 650 470 τῷ
679 400 934 471 σωτηρίῳ
954 399 1272 470 Εὐαγγελίῳ
1296 400 1768 471 μαθητευομένους

1900 396 2156 452 omnibus
2178 397 2269 468 qui
2294 396 2548 451 salutaris
2590 395 2867 466 Evangelii
2913 397 3200 469 disciplina
3231 400 3469 456 Institutt

189 493 265 547 ϐύ
296 493 381 546 δεῖ
410 492 466 545 δὲ
501 495 559 546 ἐν
583 495 703 555 ταῖς
729 491 968 562 θλίψεσιν
996 492 1205 545 ἑαυτῶν
1228 494 1326 565 τὴν
1353 493 1624 565 σωτηρίαν
1658 495 1768 546 ἀπο

1893 500 2041 546 sunt.
2085 489 2140 544 In
2189 491 2460 559 angustiis
2491 500 2673 543 autem
2716 491 2783 544 de
2831 490 3008 546 salute
3036 492 3331 561 desperare
3361 507 3469 548 non

188 581 504 654 γινώσκειν,
534 583 611 647 ὡς
638 586 697 637 ἐν
728 584 905 653 θλίψει
944 585 1173 638 πάντοτε
1205 585 1621 657 προσδοκῶντας
1665 585 1768 639 ἐσε·

1891 593 2129 652 oportet,
2164 599 2228 637 ac
2255 585 2299 637 si
2332 597 2554 650 semper
2586 598 2684 637 vos
2710 585 2898 636 eodem
2928 584 2979 637 in
3013 593 3155 638 statu
3179 598 3472 641 mansuros

186 677 334 732 σθαι·
362 679 491 732 ὅσον
534 678 645 749 γὰρ
686 677 861 743 οὔπω,
905 681 1267 751 παυσαμένης
1297 680 1396 751 τῆς
1429 680 1679 750 θλίψεως,
1713 680 1768 734 τὸ

1891 675 2225 744 exspectetis
2280 694 2295 730 :
2347 675 2754 743 quamprimum
2806 675 2975 738 enim,
3028 686 3274 732 cessante
3332 674 3471 732 ami-

186 772 252 823 ἐκ
280 768 491 838 ταύτης
545 769 693 839 ὑμᾶς
739 768 969 841 βραδεῖα
1001 770 1322 837 διαδέξεται,
1374 770 1603 843 νικητὰς
1643 773 1768 826 ἀπο·

1891 768 2094 834 ctione,
2127 768 2246 837 ejus
2261 782 2360 822 vos
2380 766 2598 834 praemia
2630 767 2925 836 excipient,
2958 782 3078 820 cum
3114 768 3349 822 victores
3374 769 3470 822 de-

184 858 511 928 φανθέντας,
544 860 640 912 καὶ
659 859 753 912 τὸν
783 858 1045 929 στέφανον
1069 860 1171 929 τῆς
1197 859 1409 924 ἐλπίδος
1427 861 1517 916 τὸν
1552 861 1784 917 πλακέν-

183 951 367 1021 τατῆς
395 950 557 1020 δόξης
575 950 1043 1021 ἀναδησαμένους.
1071 952 1274 1023 Διόπερ
1296 952 1485 1005 ἐλπίδα
1502 953 1588 1006 ἐπ’
1604 953 1780 1009 ἐλπίδι

181 1040 402 1109 ἐπάγει,
431 1043 493 1096 ού
522 1041 661 1112 μετὰ
690 1042 899 1111 μακρὸν
913 1040 1189 1113 διάστημα
1209 1043 1308 1113 τῆς
1337 1042 1586 1113 θλίψεως·
1605 1042 1778 1116 βραχὺ

182 1132 289 1204 γάρ
321 1149 376 1185 τι
412 1133 565 1187 ἔσται
615 1133 679 1185 τὸ
714 1132 939 1203 μεταξύ·
974 1132 1057 1186 διό
1089 1150 1277 1205 φησιν,
1331 1152 1346 1186 ι
1391 1135 1511 1187 Ἔτι
1560 1137 1775 1206 μικρόν·

191 1218 256 1271 Ἡ
298 1238 319 1271 ι
384 1219 497 1292 γὰρ
548 1239 567 1270 ι
608 1219 785 1289 θλίψις
839 1220 1117 1292 ὑπομονὴν
1174 1222 1599 1295 κατεργάζεται·
1640 1228 1674 1297 ἡ
1721 1226 1780 1281 δὲ

180 1311 433 1381 ὑπομονὴ
478 1311 725 1383 δοκιμήν·
761 1314 793 1384 ἡ
824 1313 882 1367 δὲ
912 1313 1108 1385 δοκιμὴ
1137 1314 1346 1369 ἐλπίδα·
1374 1318 1407 1387 ὴ
1434 1317 1491 1370 δὲ
1511 1317 1667 1382 ἐλπὶς
1715 1319 1775 1372 οὐ

179 1400 557 1472 καταισχύνει.
601 1420 620 1454 ι
669 1403 1020 1468 Φαυλίζοντες
1052 1405 1158 1478 γὰρ
1192 1406 1336 1476 ὑμᾶς
1382 1410 1432 1461 οί
1482 1406 1775 1474 θλίϐοντες,

179 1491 279 1544 καὶ
327 1491 702 1562 χλευάζοντες,
756 1493 1121 1566 λοιδοροῦντες
1168 1496 1263 1549 καὶ
1304 1496 1773 1570 βλασφημοῦντες,

179 1582 517 1638 διατελοῦσιν
549 1585 864 1659 ἁλλοιοτὲρᾳ
881 1587 1100 1661 γλώσσῃ
1133 1589 1422 1660 χρώμενοι.
1458 1584 1557 1643 Ὧν
1580 1590 1661 1644 δεῖ
1678 1609 1777 1644 κα-

179 1678 469 1746 ταφρονεῖν
501 1675 590 1730 διὰ
619 1676 719 1748 τὴν
751 1677 831 1731 ἐτι
866 1678 1061 1750 μικρὸν
1102 1678 1487 1751 διαδεξομένην
1518 1682 1663 1752 ὑμᾶς
1684 1681 1775 1734 ἐλ-

178 1766 333 1821 πίδα.

254 1924 272 1954 ¢
314 1906 424 1958 Καὶ
450 1904 602 1960 ἔσται
626 1906 808 1971 αὐτοῖς
828 1906 890 1961 τὸ
920 1906 1097 1977 λόγιον
1131 1908 1226 1962 τοῦ
1261 1909 1420 1975 Θεοῦ,
1471 1910 1649 1981 θλίψις
1682 1913 1775 1966 ἐπὶ

174 1996 376 2067 θλίψει,
413 1997 568 2062 ἐλπὶς
608 2001 693 2051 ἐπ’
738 1999 931 2053 ἐλπίδι·
957 2000 1035 2053 ἔτι
1074 2001 1288 2073 μικρὸν,
1324 2002 1404 2055 ἔτι
1436 2004 1649 2075 μικρὸν·
1689 2003 1776 2057 ἴνα

175 2089 522 2159 πορευθῶσιν
542 2092 621 2154 εἰς
651 2091 716 2143 τὰ
736 2092 931 2157 ὀπίσω,
967 2095 1060 2147 καὶ
1090 2093 1494 2159 κινδυνεύσωσι,
1526 2094 1619 2148 καὶ
1654 2112 1775 2149 συν-

173 2181 563 2253 τριϐήσωνται,
588 2184 680 2236 καὶ
698 2183 1035 2239 ἁλώσωνται.
1063 2205 1079 2236 ι
1102 2186 1383 2240 Δείκνυσιν
1411 2188 1439 2240 ὁ
1471 2186 1626 2255 λόγος
1648 2188 1773 2252 τοὺς

173 2278 240 2329 ἐκ
296 2276 605 2347 περιτομῆς
642 2278 926 2341 ἀπίστους,
985 2279 1034 2332 οἳ
1077 2278 1139 2331 οὐ
1174 2278 1496 2349 θελήσουσιν
1530 2278 1766 2333 ἀκούειν.

174 2367 381 2439 Διόπερ
401 2386 418 2418 t
436 2370 649 2434 Ἔσται,
680 2370 831 2442 φησὶ,
853 2369 911 2423 τὸ
938 2369 1116 2440 λόγιον
1142 2371 1348 2443 Κυρίου
1372 2372 1572 2436 αὐτοῖς,
1596 2372 1772 2442 θλίψις

174 2460 268 2511 ἐπὶ
319 2459 521 2530 θλίψει.
555 2480 573 2511 ι
630 2464 693 2515 Ui
728 2463 835 2534 γὰρ
885 2462 959 2534 μὴ
997 2462 1347 2534 βουληθέντες
1397 2462 1486 2517 διὰ
1538 2463 1773 2536 Χριστὸν

176 2551 479 2615 θλίϐεσθαι,
512 2554 644 2626 μηδὲ
678 2554 775 2626 τὴν
812 2556 1003 2628 στενὴν
1032 2557 1126 2610 καὶ
1146 2555 1511 2628 τεθλιμμένην
1530 2557 1768 2612 ὁδεῦσαι·

176 2644 274 2716 τὴν
295 2646 556 2700 πλατεῖαν
576 2647 633 2700 δέ
665 2649 754 2700 καὶ
773 2648 1082 2719 εὐρύχωρον
1111 2647 1458 2714 ἀπελθόντες,
1478 2647 1771 2702 πεσοῦνται

175 2740 255 2803 εἰς
276 2738 346 2791 τὰ
380 2739 557 2793 ὀπίσω
590 2741 683 2793 καὶ
716 2740 1185 2812 συντριϐήσονται,
1214 2741 1309 2793 καὶ
1342 2739 1768 2803 κινδυνεύσουσι,

174 2832 269 2883 καὶ
286 2829 606 2885 ἁλώσονται.
643 2832 827 2886 Ταῦτα
882 2832 992 2905 γὰρ
1022 2832 1199 2886 πάντα
1227 2830 1527 2897 διαδέξεται
1574 2833 1772 2897 αὐτοὺς

179 2924 252 2993 μὴ
284 2922 647 2993 βουληθέντας
678 2924 737 2977 τδ
784 2924 1084 2997 προλεχθέν
1114 2925 1294 2994 λόγιον
1327 2926 1532 2997 Κυρίου
1586 2942 1769 2997 παρα-

172 3011 451 3080 δέξασθαι·
488 3015 699 3077 ἐαυτοῖς
720 3014 775 3066 δέ
800 3014 1060 3079 πτώσεως
1090 3014 1187 3069 καὶ
1222 3015 1515 3087 συντριϐἧς
1539 3015 1769 3087 γενομέο

173 3124 295 3167 νους
329 3106 562 3169 αἰτίους.

247 3240 267 3272 ι
293 3221 395 3274 Διὰ
422 3221 581 3275 τοῦτο
611 3222 880 3276 ἀκούσατε
901 3222 1055 3292 λόγον
1082 3223 1307 3295 Κυρίου,
1341 3222 1532 3295 ἄνδρες
1546 3222 1769 3296 τεθλιμ-

172 3326 349 3375 μενοι,
379 3314 473 3364 καὶ
508 3315 554 3365 oi
589 3312 847 3385 ἄρχοντες
867 3312 960 3366 τοῦ
992 3313 1121 3367 λαοῦ
1153 3314 1344 3367 τούτου
1365 3313 1459 3368 τοῦ
1483 3317 1541 3368 ἐν
1581 3316 1772 3387 Ἰερου-

172 3403 378 3474 σαλήμ.
415 3424 434 3455 ι
476 3407 684 3458 Ὄντων
741 3405 848 3479 γὰρ
884 3406 974 3458 καὶ
1009 3405 1182 3461 ἄλλων
1213 3405 1523 3477 χλευαστῶν
1557 3405 1766 3478 ἀνδρῶν

170 3497 276 3550 τῶν
303 3500 437 3569 παρ’
463 3500 688 3570 Ἕλλησι
721 3500 1081 3572 διασυρόντων
1104 3501 1195 3554 τὸν
1211 3499 1445 3572 Χριστοῦ
1473 3500 1647 3569 λόγον·
1680 3502 1767 3554 ἶνα

171 3592 244 3662 μή
280 3609 366 3654 τις
398 3592 646 3666 ὑπολάϐῃ
676 3594 800 3663 περὶ
818 3593 1021 3664 ἐτέρων
1037 3594 1105 3645 τὰ
1132 3592 1467 3665 προκείμενα
1488 3591 1763 3662 λέγεσθαι,

169 3682 420 3755 ἀκριϐῶς
456 3685 549 3737 καὶ
583 3685 896 3753 ἀναγκαίως
936 3684 1278 3756 προσέθηκεν
1326 3684 1408 3748 τὸ,
1443 3685 1493 3737 οί
1522 3684 1766 3751 ἐξουσιά-

169 3778 352 3844 ζοντες
378 3776 475 3829 τοῦ
505 3775 637 3829 λαοῦ
662 3774 873 3829 τούτου.
905 3776 1013 3828 Καὶ
1041 3776 1337 3847 ἐπειδήπερ
1370 3777 1464 3829 καὶ
1490 3776 1647 3840 ἐκτδς
1670 3777 1765 3849 τῆς

177 3868 536 3940 Ἰερουσαλὴμ
577 3864 718 3939 ἦσαν
767 3866 984 3929 πλείους
1026 3866 1132 3919 ἀνὰ
1161 3867 1337 3919 πᾶσαν
1370 3867 1468 3938 τὴν
1508 3866 1765 3920 Ἰουδαίαν

168 3961 262 4016 καὶ
292 3958 585 4013 Γαλιλαίαν
618 3959 958 4031 προεστῶτες
1005 3957 1099 4011 τοῦ
1143 3956 1295 4021 λαοῦ,
1344 3959 1765 4029 ἐπισημαίνεται

168 4050 414 4124 ἀκριϐῶς
476 4052 613 4123 πρὸς
659 4052 844 4114 ποίους
903 4050 1169 4124 ἄρχοντας
1202 4050 1298 4104 καὶ⁵
1349 4050 1765 4118 ἐξουσιάζοντας

168 4143 259 4198 τοῦ
294 4143 427 4197 λαοῦ
452 4143 625 4197 ταῦτα
645 4143 870 4211 γένοιτο.

238 4277 260 4308 σ
303 4259 431 4310 Ὂτι
464 4258 678 4310 εἴπατε·
740 4257 1105 4328 Ἑποιήσαμεν
1153 4256 1418 4329 διαθήκην
1474 4256 1612 4327 μετὰ
1668 4254 1762 4309 τοῦ

166 4348 314 4411 ἐδου,
353 4349 451 4401 καὶ
486 4346 624 4417 μετὰ
643 4347 737 4402 τοῦ
770 4347 1004 4401 θανάτου
1040 4347 1335 4418 συνθήκας.
1364 4347 1632 4416 Καταιγὶς
1663 4363 1762 4416 φετ

168 4441 371 4511 ρομένη
399 4440 496 4493 ἐὰν
526 4438 793 4511 παρέλθῃ,
815 4440 874 4493 ού
911 4441 986 4511 μὴ
1019 4439 1224 4514 ἐπέλθῃ
1258 4442 1344 4510 ἐφ’
1363 4441 1531 4511 ἡμᾶς·
1557 4438 1760 4511 ἐθήκα-

1887 860 2103 925 clarati,
2157 876 2356 915 corona
2393 860 2531 926 spei,
2589 873 2709 927 qua:
2756 857 2944 928 gloria:
2992 859 3313 928 complicata
3360 868 3468 925 est,

1890 951 2284 1007 redimiemini.
2338 951 2602 1018 Quocirca
2654 964 2805 1018 spem
2847 966 3009 1019 supra
3051 966 3201 1017 spem
3253 950 3471 1021 ingerit,

1886 1059 1995 1098 non
2029 1052 2151 1114 post
2182 1043 2408 1097 multum
2453 1042 2695 1112 elapsum
2729 1042 2815 1097 θαι
2839 1043 3039 1097 etionis
3067 1053 3314 1113 tempus:
3351 1060 3471 1098 mo-

1887 1134 2069 1189 dicum
2102 1135 2249 1189 enim
2279 1134 2442 1203 spatii
2483 1134 2824 1189 intercedet:
2867 1149 3039 1203 quare
3078 1136 3177 1200 ait,
3234 1134 3470 1191 tAdhuc

1889 1229 2199 1293 modicum;
2231 1246 2249 1278 ι
2276 1243 2399 1282 nam
2435 1246 2454 1279 ι
2488 1228 2765 1281 tribulatio
2824 1227 3140 1295 patientiam
3178 1238 3471 1295 operatur;

1885 1320 2147 1388 patientia
2180 1334 2334 1384 vero,
2384 1320 2760 1390 probationem
2789 1335 2805 1385 ;
2850 1318 3097 1389 probatio
3126 1333 3275 1388 spem
3305 1337 3321 1385 ;
3347 1333 3471 1389 spes

1884 1421 2066 1466 autem
2109 1427 2216 1466 non
2251 1410 2633 1467 confundit".
2662 1431 2681 1463 ι
2721 1411 2999 1479 Siquidem
3032 1411 3065 1464 ii
3102 1411 3193 1480 qui
3217 1425 3313 1466 vos
3332 1427 3471 1465 mru-

1885 1505 2029 1559 mnis
2059 1514 2339 1573 premunt,
2372 1513 2708 1574 contemptu,
2740 1505 2875 1569 risu,
2902 1503 3188 1567 conviciis,
3217 1502 3468 1572 blasphe-

1886 1598 1990 1653 mis
2037 1599 2199 1654 dictis
2248 1614 2343 1653 vos
2396 1598 2699 1663 incessunt,
2760 1596 2939 1653 aliena
2986 1604 3206 1651 utentes
3262 1595 3466 1665 lingua.

1887 1686 2035 1754 Quos
2069 1690 2138 1743 ob
2176 1703 2326 1756 spem
2371 1702 2468 1741 vos
2509 1687 2914 1755 quamprimum
2948 1696 3328 1756 excepturam,
3366 1686 3465 1744 de-

1804 1788 1847 1844 B
1878 1780 2089 1849 speetni
2119 1778 2371 1834 habeatis
2408 1787 2646 1849 Oportet.

1950 1907 2119 1962 Vens.
2157 1908 2247 1961 15.
2284 1926 2304 1960 ι
2338 1907 2405 1962 Ει
2435 1908 2538 1964 erit
2577 1908 2656 1963 eis
2692 1921 2873 1962 sermo
2899 1905 3018 1971 Dei,
3056 1908 3337 1964 tribulatio
3372 1922 3467 1964 suc

1875 2013 1977 2069 per
2028 1999 2461 2065 tribulationem,
2518 2013 2642 2068 spes
2703 2012 2867 2066 super
2923 2013 3110 2067 spem:
3159 2001 3337 2053 adhuc
3369 2015 3465 2070 pa-

1878 2103 2019 2153 rum,
2051 2090 2225 2143 adhuc
2255 2104 2483 2158 parum;
2521 2100 2579 2141 ut
2622 2090 2823 2143 abeant
2868 2099 3194 2152 retrorsum,
3228 2100 3284 2145 et
3318 2092 3465 2160 peri-

1874 2180 2137 2235 clitentur
2159 2218 2174 2245 ,
2212 2192 2266 2235 et
2301 2190 2679 2247 conterantur,
2716 2190 2771 2235 et
2799 2182 3110 2250 capiantur.
3138 2200 3156 2235 ι
3198 2181 3292 2235 llis
3325 2184 3465 2238 indi-'-

1874 2282 2073 2327 cantur
2103 2273 2363 2328 increduli
2409 2287 2477 2327 ex
2520 2272 2963 2337 circumcisione,
3000 2275 3091 2340 qui
3125 2276 3318 2329 audire
3358 2290 3461 2329 no-

1876 2364 2009 2418 lent.
2066 2364 2434 2432 Quamobrem
2478 2366 2578 2429 ait,
2621 2382 2641 2415 ‹
2670 2364 2783 2418 Erit
2819 2365 2949 2434 ipsis
2990 2381 3173 2419 sermo
3222 2365 3458 2431 Domini,

1876 2455 2152 2510 tribulatio
2206 2470 2370 2525 super
2413 2456 2839 2511 tribulationem.
2880 2474 2901 2508 ι
2970 2457 3070 2522 Qui
3129 2459 3273 2512 enim
3321 2456 3458 2513 ami-

1874 2550 2114 2602 ctionem
2153 2561 2375 2617 propter
2413 2549 2691 2603 Christum
2736 2550 3074 2604 subeundam
3126 2549 3457 2616 detrrctant,

1873 2649 1929 2694 et
1962 2641 2013 2693 in
2046 2650 2271 2710 angusta
2309 2653 2569 2710 arctaque
2621 2643 2704 2694 via
2739 2642 2993 2696 incedere
3028 2641 3238 2705 nolunt,
3264 2644 3359 2698 sed
3403 2644 3458 2698 itt

1873 2730 2036 2784 latam
2079 2741 2132 2784 et
2172 2734 2464 2802 spatiosam
2523 2734 2747 2799 abeunt,
2793 2745 3096 2788 retrorsum
3153 2737 3354 2790 cadent
3402 2745 3460 2791 et

1874 2832 2248 2889 conterentur,
2301 2825 2777 2893 periclitabttntut‘,
2844 2836 2901 2879 et
2962 2828 3270 2896 capientur.
3329 2828 3459 2886 limo

1874 2917 2073 2987 quippe
2103 2918 2283 2972 omnia
2311 2920 2436 2973 illos
2465 2922 2762 2989 excipient,
2795 2924 2941 2991 quod
2980 2924 3302 2991 pradictum
3340 2940 3457 2978 ser-

1874 3023 2093 3063 monem
2141 3009 2355 3065 Domini
2406 3012 2660 3081 amplecti
2702 3014 3100 3081 recusaverint,
3146 3029 3212 3070 ac
3240 3015 3458 3072 contri-

1877 3102 2042 3157 tionis
2076 3113 2332 3159 auctores
2357 3104 2459 3159 sibi
2489 3106 2621 3175 ipsis
2655 3105 2874 3161 fuerint.

1951 3215 2113 3270 Vens.
2154 3216 2240 3270 II.
2291 3236 2309 3269 ι
2359 3216 2658 3287 Propterea
2709 3222 2893 3276 audite
2946 3223 3172 3277 verbum
3214 3222 3454 3291 Domini,

1871 3307 1973 3362 viri
2012 3309 2276 3375 tribolati,
2314 3321 2363 3366 et
2397 3314 2674 3383 principes
2707 3315 2889 3384 populi
2920 3315 3102 3385 hujus,
3139 3318 3232 3387 qui
3267 3328 3353 3371 est
3401 3318 3454 3371 in

1868 3404 2193 3463 Jerusalem.
2239 3428 2258 3461 ι
2307 3410 2522 3466 Etenim
2560 3430 2683 3468 cum
2738 3414 2827 3468 alii
2868 3416 3141 3471 derisores
3174 3419 3275 3471 viri
3320 3419 3452 3481 sint,

1868 3498 1960 3567 qui
1998 3501 2135 3567 ame
2172 3498 2390 3557 Graecos
2425 3502 2628 3557 Christi
2670 3520 2976 3558 sermonem
3032 3507 3351 3568 traducunt,
3386 3522 3454 3561 ne

1869 3587 1993 3655 quis
2044 3590 2416 3658 suspicaretur
2458 3595 2573 3646 tunc
2621 3592 2687 3645 ad
2725 3594 2863 3647 alios
2893 3606 3162 3661 spectare,
3196 3609 3455 3652 acettrate

1868 3694 1932 3734 ac
1957 3682 2268 3735 necessario
2302 3681 2522 3749 adjecit,
2552 3686 2815 3753 principes
2856 3687 3016 3756 hujus
3046 3680 3249 3754 populi.
3306 3688 3454 3755 Quo-

1868 3772 2016 3824 niam
2052 3788 2179 3826 vero
2217 3785 2372 3828 extra
2403 3774 2831 3847 Hierosolymam
2869 3794 2961 3849 per
2995 3790 3161 3832 totam
3205 3778 3451 3836 Iudaeam

1867 3876 1915 3919 et
1935 3864 2237 3928 Galilaeam,
2262 3868 2353 3920 alii
2377 3885 2540 3930 qnam
2563 3870 2946 3937 plurimierant
2967 3874 3143 3941 populi
3165 3873 3451 3943 prafecti;

1869 3958 2117 4027 apposite
2153 3959 2428 4028 signiﬁcat
2457 3964 2522 4014 ad
2549 3978 2685 4032 quos
2718 3962 2990 4033 principes
3014 3974 3067 4019 et
3100 3968 3453 4037 magistratus

1870 4049 2051 4120 populi
2087 4050 2198 4105 haec
2224 4052 2583 4123 respicerent.

1940 4247 2104 4303 Vsus.
2142 4250 2231 4306 15.
2272 4268 2293 4304 ι
2317 4252 2453 4319 Quia
2491 4252 2746 4311 dixistis:
2780 4254 3452 4347 Fecimusteﬂamentnut

1863 4354 1989 4394 cum
2018 4340 2254 4409 inferno,
2287 4356 2341 4398 et
2368 4360 2491 4400 cum
2525 4358 2697 4402 morte
2727 4361 2909 4415 pacta.
2946 4340 3185 4404 i’rocclla
3230 4352 3450 4407 irruens

1864 4434 1908 4487 si
1943 4434 2245 4499 transierit,
2283 4451 2386 4490 non
2415 4440 2593 4492 veniet
2623 4454 2785 4509 super
2816 4456 2949 4497 nos:
2986 4444 3264 4509 pomioms
3300 4459 3448 4496 invn-

167 4505 266 4592 as
294 4505 496 4601 ψεῦδος
525 4505 627 4603 τη.)
664 4505 853 4585 una.
887 4505 1066 4602 aptata,
1099 4505 1312 4603 aut"ij
1337 4505 1522 4603 ψεύδει
1554 4505 1760 4586 σκεπα-

1878 4524 2083 4579 tlacinm
2115 4540 2264 4595 spem
2299 4537 2571 4592 nostram,
2601 4540 2656 4582 et
2690 4532 2978 4585 mendacio
3020 4541 3385 4600 protegantur.
3423 4550 3445 4586 ι

167 4623 503 4696 σθησόμεθα.
549 4643 567 4675 ι
611 4623 830 4694 Ἐπειδὴ
853 4625 1033 4678 τοίνυν
1082 4624 1256 4679 ταῦτα
1287 4624 1639 4696 διενοήθησαν
1666 4624 1761 4678 καὶ

166 4714 419 4789 ἀλλήλοις
464 4714 751 4787 ὡμίλησαν
784 4716 835 4770 οἰ
871 4714 1260 4788 προλεχθέντες
1303 4715 1620 4787 χλευασταὶ,
1668 4714 1760 4770 τὸν

166 4808 269 4879 μιν
297 4803 542 4879 Χριστοῦ
567 4805 727 4876 λόγον
756 4806 1137 4879 χλευάσαντες,
1173 4808 1269 4861 καὶ
1293 4806 1669 4879 διασύραντες,
1690 4806 1761 4862 δι’

162 4894 227 4956 ὦ
271 4899 643 4965 ἐδιδάσκοντο,
698 4900 775 4962 ὡς
830 4899 941 4954 δέοι
973 4900 1172 4965 αὐτοὺς
1218 4899 1399 4971 θλίψιν
1452 4900 1547 4955 ἐπὶ
1580 4898 1759 4969 θλίψιν

166 4988 497 5062 προσδοκᾷν,
532 4991 628 5044 καὶ
652 4990 755 5062 τὴν
788 4990 876 5045 ἐπ’
909 4990 1049 5062 αὐτῇ
1079 4988 1269 5044 ἐλπίδα
1303 4990 1392 5043 ἐπ’
1419 4988 1615 5043 ἐλπίδι·
1641 4987 1758 5041 ἐλό-

166 5098 321 5152 m
351 5082 413 5138 δὲ
447 5081 631 5152 φιλίαν
684 5082 1009 5136 σπείσασθαι
1052 5079 1190 5155 πρὸς
1234 5082 1329 5136 τδν
1388 5081 1622 5136 θάνατον
1662 5080 1757 5136 καὶ

163 5176 304 5248 πρὸς
323 5175 421 5229 τὸν
449 5175 608 5247 ᾅδην,
631 5174 974 5246 καταφυγὴν,
1021 5173 1182 5228 τοῦτο
1224 5172 1550 5245 πράξαντες,
1585 5188 1757 5244 προσ-

122 5314 127 5321 .
163 5269 436 5339 οδόκησαν
460 5267 586 5322 οὒτε
614 5268 848 5338 θλίψεως
883 5266 1337 5339 πειραθήσεσθαι,
1371 5265 1495 5321 οὕτε
1524 5263 1758 5339 λυπηρῷ

161 5379 270 5416 τινι
297 5362 396 5415 καὶ
429 5361 587 5430 ἀηδςῖ
619 5359 1052 5432 περιπεσεῖσθαι·
1080 5360 1135 5427 pl
1161 5358 1218 5413 δὲ
1246 5357 1488 5431 συμϐαίη
1523 5356 1760 5429 μάλιστά

163 5450 285 5507 τινα
311 5451 481 5506 ποθεν
520 5450 918 5517 ἐπικλύζουσαν
949 5451 1008 5518 ἐξ
1054 5451 1435 5521 ἀντικειμένης
1474 5448 1756 5520 δυνάμεως

163 5540 377 5604 tantum
429 5539 535 5592 οὐκ
563 5540 650 5593 ἐπ’
676 5541 872 5606 αὐτοὺς
904 5540 1054 5608 ἥξειν
1079 5537 1348 5594 ὑπέλαϐον
1376 5538 1537 5597 διὰτὸ
1569 5539 1753 5607 φίλους

236 5749 283 5779 ’⁸
314 5746 473 5801 Rom.
511 5762 561 5811 ν,
581 5746 633 5809 3,
666 5746 712 5801 ι.

1868 4615 2004 4685 Quia
2057 4618 2221 4687 igitur
2266 4622 2549 4674 memorati
2608 4622 2879 4677 derisores
2947 4621 3062 4677 hmc
3120 4625 3447 4694 cogitarunt,

1869 4708 1985 4764 lucc
2016 4710 2155 4765 inter
2192 4726 2251 4766 se
2290 4712 2541 4767 collocuti
2570 4722 2718 4779 sunt,
2747 4714 2947 4769 Christi
2976 4729 3285 4769 sermonem
3321 4716 3447 4770 irri-

1868 4803 2080 4870 dentes,
2138 4819 2371 4874 cumque
2420 4804 2791 4870 traducentes,
2826 4820 2857 4859 a
2906 4820 3015 4875 quo
3054 4806 3447 4873 edocebantur,

1867 4906 2125 4965 oportere
2156 4912 2253 4952 eos
2284 4896 2689 4952 tribulationem
2720 4911 2885 4967 super
2912 4896 3323 4953 tribulationem
3348 4914 3448 4955 ex-

1868 4998 2139 5057 δροοιιπο,
2188 5003 2256 5045 ac
2301 4998 2701 5059 οοιιεωιιιεηισι·
2750 5001 2904 5059 spem
2949 5002 3114 5058 super
3146 5003 3299 5059 spem
3330 5003 3450 5042 Illa.

1868 5093 2041 5145 nere;
2090 5080 2166 5135 illi
2212 5089 2405 5135 contra
2449 5081 2517 5135 ad
2567 5079 2863 5135 amicitiam
2914 5096 3038 5135 cum
3066 5087 3243 5134 morte
3277 5086 3335 5134 et
3362 5078 3449 5134 ina

1867 5166 2024 5224 ferno
2056 5169 2348 5224 iucundam
2401 5170 2632 5226 arbitrio
2672 5185 2772 5225 suo
2820 5169 3068 5236 deducti,
3101 5183 3170 5224 ac
3204 5167 3312 5224 tale
3344 5168 3447 5225 sibi

1864 5260 2171 5331 periugium
2202 5261 2627 5327 constituentes,
2649 5270 3059 5330 exspectaram,
3089 5276 3147 5316 se
3172 5275 3446 5330 nunquam

1863 5350 1921 5409 in
1948 5352 2159 5407 tristem
2210 5351 2675 5425 injucundumque
2723 5367 2913 5407 casum
2967 5351 3243 5421 lapsuros,
3272 5364 3446 5421 neque

1864 5444 2273 5501 tribulationem
2304 5456 2637 5516 aperturos
2661 5460 2813 5501 esse:
2846 5444 2991 5516 quod
3023 5444 3069 5499 si
3101 5444 3446 5516 contingeret

1862 5518 2179 5607 alienando,
2213 5539 2583 5597 adversariam
2611 5539 2906 5597 quamdam
2938 5538 3196 5595 virtutem
3245 5537 3420 5596 irrum
