3862 6210
409 291 510 358 291

1082 291 1352 351 EUSEBII
1389 287 1825 351 CESABIENS‘l
1834 288 1880 349 ε’
1909 293 1985 350 OF

2103 293 2286 350 PARS
2326 291 2415 350 ῐῙῐ.
2452 325 2518 334 --
2560 291 2973 350 ΕΧΕΟΕΤΙΕΑ.

3576 293 3686 355 292

411 429 561 488 pere,
618 428 720 469 non
779 412 830 466 in
879 427 938 468 se
987 422 1272 468 venturam
1321 427 1442 468 esse
1483 415 1800 483 sperabant,
1850 415 1985 484 quod

2096 411 2235 468 εἶναι
2269 418 2333 487 τῇ
2386 415 2741 490 ἀντικειμένῃ
2777 416 3004 488 δυνάμει
3035 418 3130 470 καὶ
3164 416 3310 490 αὐτῷ
3339 416 3416 490 τῷ
3445 417 3683 491 θανάτῳ,

411 509 514 577 ipsi
551 507 879 561 adversariae
926 507 1184 576 potestati
1242 514 1295 560 et
1345 505 1506 561 morti
1555 507 1794 559 amicitia
1819 506 1991 574 juncti

409 609 630 655 essent:
663 599 784 655 ideo
816 618 835 651 ‹
866 600 1068 661 audite,
1095 619 1114 652 ι
1152 598 1350 668 inquit,
1392 615 1414 650 ‹
1443 599 1666 653 verbum
1701 598 1932 652 Domini.
1967 619 1986 652 ι

479 691 643 744 Vens.
674 690 765 743 l6.
807 709 827 743 ι
854 690 1146 760 Propterea
1199 689 1314 744 haec
1355 689 1488 745 dicit
1518 691 1781 746 Dominus
1808 705 1823 743 :
1855 691 1994 748 Ecce

406 794 507 849 ego
530 782 818 836 immittam
866 784 918 836 in
965 781 1314 836 fundamenta
1361 783 1493 837 Sion
1518 782 1752 852 lapidem
1787 785 1994 854 pretio-

406 887 550 939 sum,
603 874 859 942 electum,
911 875 1249 945 angularem,
1306 876 1688 930 honorabilem
1719 877 1770 931 in
1800 877 1994 933 funda-

407 977 587 1022 menta
619 967 777 1036 ejus;
813 977 867 1023 et
899 969 990 1038 qui
1019 969 1318 1023 crediderit
1361 969 1415 1023 in
1463 983 1550 1035 eo,
1610 985 1716 1023 non
1750 969 1995 1025 confun-

407 1058 593 1116 detur.
637 1077 656 1111 ι
719 1060 829 1115 Vos
881 1061 1102 1130 quidem
1149 1062 1380 1128 primum
1429 1064 1583 1117 vobis
1639 1064 1990 1131 prardieatam

410 1154 642 1222 gratiam
683 1167 790 1207 non
823 1151 1146 1221 suscepistis
1182 1169 1196 1207 :
1233 1168 1331 1222 ego
1363 1167 1492 1208 vero
1535 1153 1774 1224 lapidem
1812 1170 1990 1209 meum

408 1245 707 1313 pretiosum
751 1254 806 1300 et
849 1245 1228 1301 honorabilem
1279 1247 1332 1300 in
1387 1245 1600 1316 angulis
1627 1247 1990 1313 constituens,

406 1335 679 1390 excelsum
717 1351 868 1400 eum,
903 1336 1192 1401 illustrem,
1235 1338 1599 1408 omnibusque
1649 1339 1772 1393 aliis
1819 1343 1994 1394 mani-

405 1426 602 1482 festum
641 1427 862 1494 faciam,
905 1438 965 1482 ut
993 1429 1242 1499 quisquis
1275 1430 1328 1483 in
1355 1431 1526 1498 ipsum
1570 1431 1884 1498 crediderit,
1926 1449 1993 1488 ne

405 1517 770 1592 spe-labatur.
823 1519 980 1574 Hunc
1022 1535 1188 1588 porro
1237 1520 1470 1589 lapidem
1521 1522 1576 1577 in
1625 1523 1992 1580 fundamentis

407 1608 539 1663 Sion
586 1625 644 1665 se
673 1611 978 1679 positurum
1029 1612 1340 1681 pollicetur,
1376 1615 1520 1684 quod
1576 1617 1742 1671 etiam
1787 1617 1986 1685 effecit,

405 1716 530 1756 cum
565 1703 668 1759 ltoc
692 1704 898 1758 dictum
947 1705 1260 1775 complevit,
1311 1725 1329 1758 ι
1363 1706 1538 1778 Supra
1583 1719 1791 1778 petram
1819 1712 1987 1765 :edili-

405 1795 541 1852 cabo
581 1797 882 1852 Ecclesiam
915 1814 1089 1852 meam
1125 1799 1192 1853 ³⁸.
1225 1819 1244 1852 ι
1282 1799 1420 1854 Nam
1457 1812 1696 1856 montem
1725 1803 1854 1858 Sion
1893 1821 1990 1874 pro

404 1889 716 1960 evangelica
744 1889 1151 1960 praedicatione,
1189 1901 1244 1945 et
1277 1907 1374 1961 pro
1405 1891 1648 1948 Ecclesia
1685 1908 1846 1962 supra
1868 1910 1989 1950 eam

405 1980 630 2036 fundata
679 1983 1004 2051 plerumque
1048 1983 1385 2052 accepimus.
1437 1983 1596 2038 Hunc
1647 2000 1810 2055 porro
1851 1986 1990 2056 lapi-

404 2074 527 2128 dem
557 2075 878 2144 pretiosum,
926 2074 1160 2130 electum
1200 2084 1255 2129 et
1302 2074 1680 2130 honorabilem
1712 2078 1766 2130 in
1798 2076 1991 2132 funda-

403 2176 584 2222 menta
639 2166 894 2222 Ecclesiae
934 2182 996 2222 se
1047 2167 1351 2235 positurum
1405 2167 1712 2236 promittit;
1756 2167 1990 2238 indeque

402 2265 487 2312 est
521 2260 664 2327 quod
716 2259 996 2328 angularis
1029 2268 1085 2312 et
1119 2274 1368 2314 summus
1414 2260 1700 2330 augularis
1738 2271 1991 2317 vocetur.

402 2348 708 2406 Humanum
739 2360 922 2406 autem
957 2350 1259 2406 Salvatoris
1315 2351 1487 2406 nostri
1535 2366 1734 2420 corpus
1768 2351 1851 2406 sic
1887 2367 1986 2407 vo-

405 2444 522 2499 cari
559 2443 754 2514 potuit,
783 2442 1070 2514 quoniam,
1121 2443 1424 2497 secundum
1461 2441 1764 2508 Danielem,
1799 2459 1819 2492 ι
1851 2440 1988 2509 lapis

400 2534 615 2590 excisus
640 2535 760 2591 sine
791 2537 1067 2598 manibus,
1105 2553 1127 2588 ι
1164 2535 1318 2589 visus
1345 2534 1482 2602 fuit;
1515 2535 1589 2590 ita
1622 2543 1680 2588 ut
1709 2534 1844 2602 lapis
1869 2536 1989 2603 qui-

402 2627 522 2682 dem
545 2643 643 2698 pro
673 2628 912 2683 humano
939 2641 1190 2697 corpore,
1222 2641 1380 2680 mons
1411 2641 1510 2696 pro
1533 2624 1836 2681 Salvatoris
1855 2625 1985 2682 dei-

401 2729 532 2786 tate,
571 2721 928 2792 intelligatur.

470 2812 638 2869 Vsus.
669 2815 759 2871 17.
795 2833 812 2866 ι
842 2813 910 2867 Ει
936 2828 1133 2883 ponam
1163 2811 1430 2880 judicium
1460 2812 1513 2866 in
1549 2827 1732 2883 spem:
1776 2811 1990 2868 miseri-

401 2906 587 2959 cordia
615 2913 801 2960 autem
849 2920 968 2959 mea
1016 2905 1070 2958 in
1121 2906 1404 2973 pondera;
1439 2912 1496 2958 et
1529 2905 1624 2973 qui
1659 2905 1825 2960 liditis
1871 2904 1988 2960 fru-

401 3007 512 3050 stra
544 2997 850 3068 mendacio,
903 2997 1032 3066 quia
1089 3012 1196 3052 non
1253 2996 1610 3065 pertransibit
1652 3011 1749 3051 vos
1775 3006 1986 3067 tempe-

402 3097 536 3142 stas.
570 3106 590 3140 ι
635 3088 946 3143 Secundum
976 3088 1214 3156 reliquos
1255 3097 1436 3142 autem
1473 3092 1806 3157 interpretes
1841 3107 1860 3140 ‹
1892 3092 1982 3159 qui
2011 3119 2054 3177 ε

403 3181 596 3243 ετοιίίι,
634 3195 740 3234 non
783 3179 1084 3234 festinabit.
1121 3199 1139 3232 ι
1177 3179 1315 3234 Nam
1361 3181 1455 3250 qui
1505 3181 1702 3246 credit,
1732 3197 1984 3250 perseve-

399 3263 586 3328 ranter
615 3281 757 3341 aget,
785 3288 896 3326 rem
931 3274 1096 3327 verbo
1128 3275 1454 3343 promissam
1503 3282 1848 3342 exspectans.
1883 3274 1983 3331 Hie

402 3380 532 3418 vero
563 3366 700 3434 lapis
732 3365 913 3431 fuerit,
952 3365 1176 3435 ipsaque
1203 3375 1357 3435 petra
1392 3365 1459 3419 de
1485 3379 1593 3434 qua
1633 3363 1886 3420 Salvator
1905 3366 1984 3420 di-

400 3456 581 3522 cebat,
624 3478 641 3510 ι
679 3457 854 3527 Super
904 3458 1042 3512 banc
1088 3468 1299 3528 petram
1347 3457 1630 3513 aediﬁcabo
1680 3458 1982 3514 Ecclesiam

400 3565 598 3604 meam.
635 3569 655 3602 ι
689 3549 789 3605 llic
823 3549 981 3620 lapis,
1011 3551 1096 3604 vel
1131 3566 1252 3606 cum
1275 3549 1569 3619 iudicabit,
1600 3567 1853 3622 magnam
1892 3553 1981 3618 iis,

401 3643 469 3700 de
496 3642 696 3712 quibus
730 3642 1000 3710 judicium
1052 3643 1383 3710 instituitur,
1413 3659 1566 3714 spem
1601 3644 1820 3712 afferet,
1854 3647 1983 3716 quia

399 3739 527 3809 ipsi,
548 3738 858 3810 iustissimo
892 3739 1149 3808 pondere.
1175 3747 1231 3792 et
1274 3751 1554 3804 mensura,
1607 3737 1984 3794 misericordia

398 3832 754 3903 adiungitur;
784 3830 1140 3900 quamobrem
1175 3829 1379 3883 dicitur
1405 3845 1420 3882 :

474 3925 638 3980 Vnus.
671 3924 760 3978 {8.
803 3941 822 3974 ι
855 3921 1227 3976 Misericordia
1266 3930 1449 3973 autem
1483 3935 1600 3974 mea
1633 3919 1686 3974 in
1717 3919 1980 3990 pondera.

396 4019 466 4074 Et
506 4033 611 4072 non
639 4015 850 4070 auferet
897 4015 1050 4068 vobis
1097 4023 1486 4069 testamentum
1517 4014 1739 4068 mortis:
1777 4024 1833 4068 et
1854 4026 1981 4080 spes

397 4115 580 4164 vestra
619 4107 674 4161 in
709 4106 1006 4172 infernum,
1038 4121 1145 4159 non
1178 4105 1562 4174 permanebit:
1615 4105 1852 4172 procella
1885 4120 1981 4160 ve-

397 4201 554 4256 niens
583 4200 627 4255 si
657 4199 959 4265 transierit,
1004 4198 1161 4253 eritis
1197 4197 1272 4251 illi
1321 4199 1376 4251 in
1424 4198 1913 4254 conculcatiouem.
1946 4217 1966 4249 ι

395 4293 476 4352 Ne
499 4309 596 4348 vos
632 4293 732 4363 ipsi
772 4291 1078 4362 decipiatis,
1139 4289 1337 4360 inquit,
1379 4289 1672 4344 dicentes:
1713 4292 1980 4356 Quoniam

396 4388 591 4444 mortis
625 4385 787 4442 amici
819 4399 1050 4452 ,sumus,
1099 4398 1206 4437 non
1241 4383 1409 4436 irruct
1440 4382 1493 4436 in
1519 4397 1619 4437 nos
1665 4391 1977 4450 tempestas,

2097 511 2280 580 φησιν,
2319 528 2337 560 ι
2367 509 2638 563 ἀκούσατε
2672 510 2829 579 λόγον
2860 511 3087 582 Κυρίου.
3131 529 3152 564 ι

2172 710 2189 741 ι
2221 691 2320 745 Διὰ
2337 691 2494 745 τοῦτο
2518 693 2645 747 τάδε
2687 691 2836 761 λέγει
2869 693 3089 766 Κύριοςο
3129 695 3261 749 Ἰδοὺ
3299 695 3414 765 ἐγὼ·
3459 696 3685 768 ἐμϐαλῶ

2095 787 2174 848 εἰς
2200 786 2268 838 τὰ
2299 785 2522 857 θεμέλια
2557 786 2697 841 Σιὼν
2721 786 2866 841 λίθον
2896 787 3182 860 πολυτελῆ,
3214 789 3492 854 ἐκλεκτὸν,
3515 791 3685 864 ἀκρο-

2093 881 2368 947 γωνιαῖον,
2422 879 2639 949 ἔντιμον
2689 881 2768 943 είς
2792 880 2864 933 τὰ
2911 880 3136 952 θεμέλια
3168 881 3358 952 αὐτῆς
3393 883 3487 937 καὶ
3517 885 3548 936 6
3593 901 3686 936 πι-

2097 969 2301 1024 στεύων
2335 972 2422 1024 ἐπ’
2453 971 2627 1042 αὐτῷ,
2658 972 2720 1024 οὐ
2754 971 2829 1043 μὴ
2863 973 3254 1045 καταισχυνθῇ.
3291 993 3310 1023 ι
3371 975 3560 1046 Ὑμεῖς
3585 977 3687 1046 μὲν

2093 1063 2156 1114 οὐ
2185 1061 2555 1133 παρεδέξασθε
2601 1063 2702 1134 τὴν
2730 1062 2964 1133 πρώτως
2989 1065 3118 1135 ὑμῖν
3147 1065 3686 1134 κατεπαγγελθεῒσαν

2094 1151 2275 1223 χάριν·
2325 1152 2434 1220 ἐγὼ
2483 1153 2539 1205 δὲ
2571 1153 2663 1206 τὸν
2695 1155 2934 1224 ἐμαυτοῦ
2959 1154 3106 1208 λίθον
3146 1156 3241 1210 τὸν
3266 1155 3529 1228 πολυτελῆ
3585 1156 3688 1209 καὶ

2093 1245 2273 1315 τίμιον
2301 1248 2358 1298 ἐν
2393 1246 2759 1318 άκρογωνίαις
2795 1247 3034 1313 ἀναθεὶς,
3062 1247 3265 1319 ὑψηλὸν
3289 1250 3383 1303 καὶ
3416 1251 3680 1322 ἐπιφανῆ,

2094 1340 2315 1402 καὶτοῖς
2339 1339 2518 1403 ἄλλοις
2539 1343 2706 1394 πᾶσιν
2741 1340 2964 1410 ἔκδηλον
2991 1344 3224 1412 ποιήσω,
3258 1342 3406 1406 ὅπως
3433 1346 3542 1407 πᾶς
3591 1347 3687 1398 ἐπ’

2042 1444 2052 1456 ’
2094 1429 2255 1481 αὐτὸν
2289 1428 2562 1483 πιστεύων
2615 1429 2688 1500 μὴ
2739 1430 2948 1503 ἐκπέσῃ
2980 1431 3079 1501 τῆς
3111 1431 3344 1496 ἐλπίδος.
3380 1431 3581 1486 Τοῦτον
3623 1433 3686 1486 δὲ

2093 1521 2184 1575 τὸν
2209 1522 2354 1576 λίθον
2373 1522 2767 1591 ἐπαγγέλλεται
2793 1521 2979 1594 θήσειν
3009 1525 3090 1587 εἰς
3115 1525 3184 1577 τὰ
3217 1524 3444 1595 θεμέλια
3475 1525 3637 1588 Σιὼν,
3655 1525 3688 1578 θ

2092 1613 2156 1686 δὴ
2212 1616 2304 1668 καὶ
2349 1615 2496 1687 ἔργῳ
2529 1616 2849 1685 πεποίηκεν,
2897 1613 3070 1668 εἰπὼν
3100 1617 3194 1669 καὶ⁴
3240 1616 3557 1681 ἐπιτελέσας
3595 1618 3681 1682 τδ,

2099 1726 2118 1757 ι
2155 1707 2277 1759 Ἐπὶ
2297 1706 2400 1777 τὴν
2423 1708 2630 1780 πέτραν
2653 1706 2989 1779 οἰκοδομήσω
3016 1725 3116 1778 μου
3144 1707 3242 1778 τὴν
3270 1709 3612 1781 Ἐκκλησίαν.
3654 1726 3679 1762 1

2025 1779 2064 1832 Β
2093 1795 2232 1850 Σιὼν
2276 1796 2387 1868 γὰρ
2431 1797 2556 1869 ὅρος
2601 1797 2662 1851 τὸ
2705 1798 3058 1866 εὐαγγελικὸν
3104 1801 3388 1871 κήρυγμα,
3440 1779 3534 1854 καὶ
3588 1802 3681 1855 ἐπί

2091 1889 2266 1961 τούτῳ
2298 1889 2772 1962 τεθεμελιωμένην
2817 1891 3142 1965 Ἐκκλησίαν
3177 1892 3435 1957 πολλάκις
3474 1893 3678 1965 ἐξειλή-

2092 1996 2290 2050 φαμεν.
2321 1980 2597 2053 Πολυτελῆ
2625 1981 2683 2035 δὲ
2708 1983 2838 2036 ὄντα
2858 1963 2960 2035 τὸν,
3002 1982 3146 2036 λίθον
3171 1981 3361 2036 τοῦτον
3390 1985 3482 2038 καὶ
3524 1963 3682 2038 ἐκλε-

2091 2071 2216 2123 κτὸν
2254 2073 2346 2125 κοιλ¹
2385 2072 2566 2142 τίμιον
2601 2071 2789 2143 θήσειν
2822 2074 2902 2134 είς
2945 2073 3014 2126 τὰ
3053 2072 3286 2143 θεμέλια.
3310 2074 3408 2146 τῆς
3451 2075 3684 2145 Ἐκκλη-

2093 2162 2212 2226 σίας
2243 2164 2664 2232 ἐπαγγέλλεταν
2697 2165 2949 2219 ἐντεῦθεν
2999 2169 3253 2234 γωνιαῖος
3303 2167 3398 2220 καὶ
3430 2168 3680 2238 ἁκρογωτ

2088 2257 2257 2318 νιαῖος
2285 2255 2560 2326 κέκληται.
2602 2257 2703 2328 Εἴη
2735 2257 2778 2310 δ’
2812 2258 2878 2311 ἂν
2901 2257 2962 2310 τὸ
3001 2257 3338 2330 ἀνθρώπινον
3369 2259 3462 2313 τοῦ
3495 2261 3684 2332 Σωτῆ-

2098 2363 2188 2418 ρος
2219 2347 2377 2418 ἡμῶν
2408 2347 2578 2412 οὕτως
2610 2348 2999 2420 ὠνομασμένον
3033 2350 3212 2421 σῶμα·
3242 2352 3364 2404 ἐπεὶ
3407 2353 3503 2406 καὶ
3535 2354 3684 2408 κατὰ

2090 2439 2181 2493 τὸν
2217 2439 2444 2512 Δανιὴλ,
2474 2459 2489 2493 ι
2536 2443 2680 2507 λίθος
2714 2443 2946 2514 τμηθεὶς
2982 2445 3111 2499 ἄνευ
3147 2444 3344 2518 χειρῶν
3385 2465 3404 2498 ι
3445 2449 3680 2519 έωρᾶτο’

2087 2533 2236 2586 λίθου
2268 2534 2366 2606 μὲν
2390 2533 2484 2588 τοῦ
2519 2534 2862 2606 ἀνθρωπίνου
2887 2539 3179 2608 νοουμένου
3211 2537 3482 2610 σώματος·
3513 2540 3680 2612 ὅρους

2086 2625 2144 2679 δὲ
2175 2627 2276 2698 τῆς
2309 2627 2446 2681 κατὰ
2471 2628 2560 2681 τὸν
2593 2629 2824 2699 Σωτῆρα
2857 2629 3138 2701 θεότητος..

2163 2826 2181 2858 ι
2223 2807 2333 2861 Καὶ
2361 2806 2509 2880 θήσω
2560 2807 2742 2878 κρίσιν
2781 2808 2862 2870 είς
2912 2808 3133 2862 ἐλπίδα·
3168 2811 3209 2880 ἡν
3230 2809 3287 2862 δὲ
3325 2806 3677 2878 ἐλεημοσύνη

2090 2917 2192 2970 μου
2227 2901 2307 2962 είς
2338 2899 2640 2970 σταθμοὺς,
2671 2899 2766 2953 καὶ
2805 2901 2855 2953 οἱ
2886 2901 3208 2966 πεποιθότες
3243 2903 3420 2972 μάτην
3463 2901 3673 2970 ψεύδει,

2086 2992 2170 3045 ὃτι
2212 2993 2276 3044 οὑ
2323 2993 2400 3063 μὴ
2445 2992 2701 3066 παρέλθῃ
2728 2993 2873 3062 ὑμᾶς
2902 2995 3174 3063 καταιγίς.
3215 3014 3234 3046 ι
3263 2994 3422 3048 Κατὰ
3457 2995 3516 3046 δὲ
3547 2994 3681 3056 τοὺς

2087 3085 2308 3149 λοιποὺς
2337 3085 2703 3157 ἐρμηνευτάς,
2725 3107 2743 3138 ι
2769 3089 2795 3141 6
2823 3087 3094 3141 πιστεύων
3131 3088 3193 3140 οὐ
3224 3087 3468 3142 σπεύσει.
3505 3107 3522 3138 t
3549 3089 3680 3140 Μα-

2092 3177 2428 3250 κροθυμήσει
2477 3179 2587 3251 γὰρ
2615 3181 2648 3234 ὁ
2681 3179 2977 3244 πιστεύων,
3027 3180 3336 3252 περιμένων
3369 3179 3466 3238 τοῦ
3511 3179 3680 3248 λόγου

2091 3270 2191 3341 τὴν
2224 3271 2575 3340 ἐπαγγελιαν.
2611 3266 2782 3337 Οὗτος
2809 3273 2854 3326 δ’
2879 3272 2946 3326 ἂν
2979 3271 3064 3344 εἴη
3091 3274 3120 3326 6
3146 3272 3313 3337 λίθος,
3356 3275 3385 3326 6
3424 3271 3586 3334 αὑτός
3615 3289 3679 3324 τε

2092 3359 2266 3431 πέτρα
2285 3403 2298 3423 ,
2345 3362 2471 3432 περὶ
2499 3357 2565 3433 ἧς
2596 3365 2625 3416 6
2653 3363 2845 3435 Σωτὴρ
2882 3362 3035 3432 ἔλεγε
3058 3380 3074 3395 ο
3107 3382 3126 3414 ι
3178 3363 3300 3416 Ἐπὶ
3333 3362 3433 3434 τὴν
3467 3361 3682 3433 πέτραν

2089 3452 2293 3523 ταύτην
2327 3454 2666 3524 οἰκοδομήσω
2715 3473 2814 3525 μου
2849 3455 2948 3525 τὴν
2984 3455 3331 3527 Ἐκκλησίαν.
3370 3475 3390 3507 ι
3431 3449 3596 3518 Οὗτος
3649 3453 3679 3506 6

2089 3546 2235 3610 λίθος
2265 3547 2357 3599 καὶ
2383 3547 2590 3618 κρίνων
2632 3547 2844 3616 ἀγαθὰς
2889 3547 3116 3619 παρέξει
3169 3550 3283 3612 τοῖς
3331 3550 3677 3621 κρινομένοις

2091 3638 2335 3703 ἐλπίδας,
2368 3639 2556 3711 ἐπειδὴ
2605 3640 2872 3710 συνῆπται
2933 3638 3086 3710 αὐτῷ
3138 3639 3479 3712 ἐλεημοσύνη
3535 3645 3682 3713 μετᾶ

2089 3730 2429 3785 δικαιοτάτου
2463 3730 2708 3804 σταθμοῦ
2737 3733 2837 3788 καὶ
2861 3731 3061 3805 μέτρου
3087 3749 3100 3762 ·
3129 3731 3210 3786 διὸ
3239 3731 3512 3787 λέλεκται⁹

2165 3949 2186 3982 ι
2219 3932 2350 3986 Ἡδὲ
2374 3932 2711 4006 ἐλεημοσύνη
2737 3951 2838 4006 μου
2860 3951 2942 3999 εις
2963 3936 3257 4007 σταθμούς.
3278 3937 3370 4009 Μὴ
3385 3938 3479 3992 καὶ
3499 3937 3680 4014 ἀφέλῃ

2090 4020 2244 4092 ὑμῶν
2276 4019 2375 4093 τὴν
2419 4022 2686 4094 διαθήκην
2715 4023 2810 4076 τοῦ
2841 4023 3073 4076 θανάτου
3097 4038 3112 4054 ⁸
3150 4025 3298 4096 καὶὴ
3328 4025 3482 4090 ἐλπὶς
3520 4025 3682 4098 ὑμῶν

2087 4115 2122 4186 ὴ
2154 4115 2289 4185 πρὸς
2326 4116 2416 4170 τὸν
2456 4116 2587 4188 ᾅδην
2617 4119 2677 4170 ού
2713 4117 2786 4190 μὴ
2816 4119 3071 4190 ὲμμείνη.
3100 4119 3366 4189 Καταιγὶς
3399 4121 3681 4194 φερομένη

2088 4206 2183 4260 ἐὰν
2212 4207 2434 4280 ἐπέλθῃ,
2471 4209 2662 4262 ἔσεσθε
2685 4211 2824 4282 αὐτῇ
2856 4217 2936 4274 είς
2971 4212 3367 4283 καταπάτημα.
3397 4231 3415 4264 ι
3449 4212 3542 4285 Μὴ
3564 4213 3679 4284 γὰρ

2088 4298 2331 4362 ἑαυτοὺς,
2361 4299 2544 4368 φησιν,
2581 4300 2825 4354 ἀπατᾶτε
2861 4300 3426 4373 φάσκοντεςοἘπειδὴ
3460 4302 3540 4373 τῷ
3571 4303 3675 4357 θα-

2086 4388 2232 4459 νάτῳ
2263 4389 2649 4462 ἐφιλιώθημεν,
2674 4393 2734 4445 οὐ
2775 4392 2849 4464 μὴ
2872 4393 3074 4466 ἐπέλθῃ
3107 4393 3189 4462 ἐφ’
3220 4393 3367 4463 ἡμᾶς
3393 4396 3669 4464 καταιγὶς,

395 4497 499 4537 nec
527 4480 805 4550 quidpiam
838 4477 1041 4534 doloris
1070 4476 1436 4546 experiemur.
1467 4472 1843 4536 Verum,beus
1863 4490 1980 4544 vos,

2095 4479 2206 4533 οὐδὲ
2257 4481 2708 4553 πειραθησόμεθά
2747 4501 2892 4547 τινος
2948 4482 3216 4554 λυπηροῦ.
3261 4483 3514 4536 Ἀκούετε
3564 4484 3678 4553 γὰρ

392 4573 506 4643 iam
537 4574 720 4629 audite
750 4581 805 4626 et
837 4569 1088 4632 ediscite,
1115 4567 1208 4637 qui
1244 4565 1534 4620 mendacio
1564 4564 1750 4631 fiditis,
1776 4565 1984 4619 dicitis-

394 4679 526 4738 que,
592 4683 612 4716 ι
669 4662 955 4718 Posuimus
1010 4659 1356 4720 mendacium
1404 4673 1554 4729 spem
1605 4668 1873 4725 nostram,
1929 4667 1985 4714 et

398 4757 684 4814 mendacio
742 4758 1090 4827 protegemur
1121 4753 1140 4819 ξ
1173 4773 1193 4806 ι
1242 4753 1478 4822 procella
1530 4751 1839 4821 irrumpens
1881 4767 1983 4808 ne-

398 4865 672 4920 quaquam
725 4863 818 4904 vos
869 4846 1208 4919 prateribit;
1247 4845 1344 4900 sed
1374 4854 1612 4898 vestrum
1641 4859 1764 4898 cum
1806 4853 1985 4900 morte

397 4950 617 5015 pactum
648 4937 879 5004 auferet,
924 4953 989 4993 ac
1038 4951 1164 5009 spes
1210 4945 1413 5002 vestra,
1448 4950 1609 5004 quam
1665 4934 1719 4989 in
1769 4935 1983 4992 inferno

399 5034 694 5103 repositam
727 5031 1032 5096 habebatis,
1081 5047 1188 5087 non
1242 5029 1503 5084 manebit.
1548 5026 1831 5098 Siquidem
1882 5031 1985 5083 im-

400 5126 608 5182 becilla:
635 5127 713 5181 rei
750 5141 844 5180 vos
874 5123 1312 5187 concredidistis,
1344 5137 1469 5177 cum
1503 5120 1559 5176 in
1603 5128 1780 5175 morte
1810 5133 1869 5176 et
1901 5121 1985 5175 in-

400 5219 554 5273 ferno
582 5234 734 5288 spem
763 5227 1002 5272 vestram
1039 5203 1394 5288 apposuistis.

477 5309 636 5366 Vens.
667 5301 848 5374 l9,20.
887 5326 907 5360 ι
938 5307 1074 5365 Cum
1109 5309 1413 5373 transierit,
1451 5307 1603 5363 tollet
1631 5323 1725 5363 vos
1757 5324 1772 5361 :
1803 5320 1981 5371 mane,

401 5414 581 5473 mane,
603 5391 869 5474 transibit
905 5401 958 5455 in
1003 5402 1110 5464 die,
1150 5412 1205 5455 et
1240 5401 1292 5455 in
1330 5411 1490 5458 nocte
1517 5403 1623 5456 erit
1657 5385 1783 5470 spes
1816 5388 1978 5453 mala;

401 5480 603 5556 Discite
634 5500 693 5543 ut
719 5491 973 5546 audiatis.
1027 5493 1085 5546 ιη
1125 5494 1389 5567 angustiis
1427 5494 1607 5567 positi.
1638 5511 1744 5549 non
1793 5494 1982 5568 possu-

403 5593 523 5633 mus
567 5595 862 5650 pugnare:
920 5584 1020 5654 ipsi
1066 5596 1247 5640 autem
1304 5577 1758 5652 iufirmi'sumus,
1797 5589 1980 5639 tit‘VOS

401 5675 825 5743 congregemini.
872 5694 891 5726 ι
938 5675 1070 5730 Nam
1131 5679 1176 5734 si
1238 5677 1577 5748 voluissetis,
1626 5679 1681 5735 in
1735 5675 1982 5749 portione

479 5783 526 5818 "
552 5782 746 5843 Matth.
794 5787 1018 5851 “1,18.

2089 4574 2338 4627 ἐντεῦθεν
2513 4577 2605 4631 καὶ
2639 4575 2957 4648 μανθάνετε,
3000 4569 3045 4630 ὦ
3091 4570 3236 4630 οὗτοι
3271 4576 3321 4628 οί
3353 4575 3677 4638 πεποιθότες

2088 4661 2164 4733 τῷ
2200 4663 2383 4732 ψεύδει
2424 4665 2519 4718 καλ⁸
2563 4667 2865 4738 εἰρηκότες,
2908 4684 2927 4716 ε
2979 4665 3293 4738 Ἐθήκαμεν
3338 4665 3532 4737 ψεῦδος
3575 4665 3678 4736 τὴν

2089 4757 2278 4812 ἐλπίδα
2299 4752 2484 4831 ἡμῶν,
2517 4762 2612 4814 καὶ
2638 4759 2715 4832 τῷ
2747 4760 2931 4830 ψεύδει
2967 4759 3460 4832 σκεπασθησύμεθα
3481 4776 3495 4792 ο
3529 4777 3552 4811 ›
3593 4760 3678 4813 ὅτι

2089 4853 2342 4920 καταιγὶς
2386 4851 2731 4924 παρελθοῦσα
2777 4853 2839 4905 οὐ
2882 4852 3280 4924 παρελεύσεται
3326 4853 3470 4924 ὑμᾶς
3495 4868 3510 4881 ⁸
3537 4850 3679 4905 ἀλλὰ

2087 4941 2278 5013 ἀφελεῖ
2303 4945 2456 5016 ὑμῶν
2482 4946 2582 5016 τὴν
2623 4946 2760 5018 πρὸς
2790 4947 2881 4999 τὸν
2916 4945 3148 4999 θάνατον
3179 4944 3475 5016 συνθήκην,
3506 4945 3622 4997 και
3642 4947 3675 5013 ἡ

2089 5037 2244 5102 ἐλπὶς
2273 5039 2425 5109 ὑμῶν
2453 5042 2486 5112 ἡ
2522 5041 2658 5113 πρὸς
2685 5039 2776 5094 τὸν
2812 5039 2946 5111 ᾅδην
2974 5039 3036 5092 ού
3080 5038 3154 5110 μὴ
3179 5037 3435 5110 ἐμμείνῃ.
3482 5035 3680 5107 Σαθρῷ

2090 5131 2200 5202 γὰρ
2231 5134 2517 5205 πράγματι
2551 5137 2776 5201 ἑαυτοὺς
2806 5134 3186 5197 ἐπιστεύσατε,
3209 5131 3425 5202 θανάτῳ
3453 5131 3548 5184 καὶ
3572 5130 3677 5204 ᾅδῃ

2089 5221 2189 5286 τὰς
2219 5224 2490 5295 ὑμετέρας
2516 5224 2734 5289 ἐλπίδας
2755 5224 3178 5296 ἀναρτήσαντες.

2086 5308 2087 5311 “
2168 5333 2188 5365 α
2222 5316 2389 5369 Ὅταν
2406 5316 2676 5391 παρέλθῃ,
2711 5316 2941 5389 λήψεται
2965 5317 3132 5388 ὑμᾶς·
3179 5313 3332 5389 πρωῒ
3353 5311 3501 5388 πρωῒ
3537 5329 3676 5384 παρ-
3711 5328 3732 5347 ·

2082 5399 2370 5460 ελεύσεται
2405 5409 2642 5481 ἡμέρας,
2671 5409 2767 5462 καί
2801 5411 2860 5462 ἐν
2886 5409 3043 5462 νυκτὶ
3072 5407 3224 5462 ἔσται
3250 5407 3405 5470 ἐλπὶς

2087 5495 2303 5549 Μάθετε
2331 5498 2570 5553 ἀκούειν.
2601 5501 3121 5574 Στενοχωρούμενοι,
3154 5498 3216 5552 οὐ
3259 5494 3536 5567 δυνάμεθα
3563 5493 3672 5567 μάὲ

2089 5586 2279 5656 χεσθαι
2297 5592 2316 5622 ο’
2342 5591 2494 5644 αὐτοὶ
2523 5592 2579 5646 δέ
2605 5591 2939 5664 ἀσθενοῦμεν
2968 5592 3062 5646 τοῦ
3097 5592 3242 5662 ὑμᾶς
3265 5587 3622 5659 συναχθῆναι.
3652 5608 3672 5639 r

2089 5683 2154 5736 El
2190 5684 2298 5758 γὰρ
2329 5686 2572 5758 ἐθέλητε,
2602 5689 2695 5742 καὶ
2721 5689 2780 5741 ἐν
2803 5689 2867 5757 τῇ
2905 5685 3079 5759 μερίδι
3113 5685 3205 5738 τοῦ
3231 5682 3364 5737 Θεοῦ
3399 5677 3677 5752 συναχθήο
