3862 6210
172 292 269 345 295

1071 287 1580 343 COMMENTARIA
1619 286 1687 341 IN
1729 283 1987 343 ISAIAM.
2029 317 2097 329 -—
2134 286 2286 343 CAP.
2331 287 2562 343 XXVIII.

3308 293 3416 349 294

173 400 335 463 οεσθε,
365 398 458 451 καὶ
492 399 589 452 οὐκ
621 397 949 468 ἀσθενήσετε
980 396 1121 466 ὑπερ
1158 396 1442 461 εὐσεϐείας
1470 398 1734 467 ἀγωνιξόο

1838 397 1931 452 Dei
1966 397 2281 469 congregati
2316 397 2583 463 fuissetis,
2622 411 2721 453 nec
2768 398 2822 453 in
2868 412 3045 472 pugna
3081 414 3180 469 pro
3212 403 3415 472 pietate

173 509 307 564 μενοι
326 507 339 520 ’
366 490 551 560 ἐπειδὴ
571 490 627 542 δὲ
648 490 865 553 ἓκοντες
890 489 969 559 τῷ
992 489 1209 562 Θανάτῳ
1235 491 1330 544 καὶ
1355 490 1435 560 τῷ
1469 490 1568 562 ᾅδῃ
1603 493 1729 545 ἐαυ-

168 584 281 647 τοὺς
307 580 817 654 προσεκληρὼσατε,
844 579 1162 651 γινώσκετε,
1197 582 1278 634 ὅτι
1307 581 1408 651 ήδη
1437 582 1565 652 ὑμῖν
1599 584 1731 633 ὲπε-

168 673 393 727 λεύσεται
419 671 579 734 αὐτὸς
601 673 630 723 ό
648 670 873 742 Κύριος,
891 673 1111 741 ὲπάγων
1136 671 1256 726 καθ’
1274 671 1428 741 ὑμῶν
1453 670 1621 743 ὀργὴν
1645 671 1733 725 διὰ

167 764 227 816 τὰ
254 762 617 836 προλεχθέντα
647 762 843 816 πάντα.

230 896 248 928 ι
285 878 497 947 Ὠσπερ
521 875 648 947 ὄρος
680 875 893 930 ἀσεϐῶν
928 877 1296 948 ἀναστήσεται
1346 876 1551 949 Κύριος
1573 917 1585 941 ,
1637 879 1731 931 καί

166 969 298 1023 ἔσται
328 970 384 1021 tv
409 970 480 1039 τῇ
515 968 763 1039 φάραγγι
793 967 1051 1021 Γαϐαών·
1104 970 1243 1041 μετά
1292 969 1463 1039 θυμοῦ
1514 974 1730 1040 ποιήσει

165 1058 225 1112 τὰ
248 1059 377 1129 ἔργα
409 1058 603 1123 αὑτοῦ,
640 1059 870 1129 πικρίας
898 1057 1080 1129 ἔργον.
1122 1078 1140 1109 ι
1173 1060 1407 1132 Πικρίας
1432 1060 1568 1133 ἔργα
1614 1065 1730 1126 τοῖς

164 1152 411 1225 δεηθεῖσιν
424 1152 619 1224 ὥσπερ
641 1151 913 1205 ἀντιδότου
932 1152 1134 1223 πικρᾶς
1148 1152 1237 1204 διὰ
1253 1152 1350 1225 τὴν
1365 1153 1730 1223 ὑποκειμένην

164 1246 323 1299 αὐτῶν
348 1249 414 1317 τῇ
442 1246 591 1317 ψυχῇ
611 1244 830 1298 κακίαν.
844 1246 1047 1315 Πικρία
1067 1244 1123 1297 δὲ
1143 1245 1238 1298 καὶ
1256 1245 1395 1317 ὀργὴ
1411 1246 1503 1299 καὶ
1534 1246 1726 1316 θυμὸς,

165 1340 243 1394 καὶ
266 1340 331 1393 τὰ
348 1338 573 1394 τοιαῦτα
599 1337 868 1408 λεγόμενα
894 1338 987 1391 ἐπὶ
1013 1336 1147 1392 Θεοῦ
1168 1337 1319 1390 οὐδὲν
1351 1337 1535 1409 ἕτερον
1568 1338 1600 1409 ἢ
1630 1338 1729 1403 τὰς

165 1429 289 1483 κατὰ
309 1429 417 1482 τῶν
447 1427 665 1483 ἀσεϐῶν
685 1427 938 1491 κολάσεις
962 1428 1060 1491 τὰς
1084 1428 1151 1480 ὲκ
1182 1424 1276 1478 τοῦ
1305 1426 1451 1479 θείου
1479 1427 1732 1499 δικαστη-

167 1524 269 1593 ρίου
288 1521 721 1593 ὲπελευσομένας
737 1520 895 1574 εῐωθε
917 1520 1224 1591 σημαίνειν.
1247 1538 1265 1570 ι
1290 1519 1347 1572 Ὁ
1374 1519 1430 1571 δὲ
1447 1518 1615 1590 θυμὸς
1632 1522 1728 1573 αύ-

165 1612 244 1666 τοῦ
290 1613 588 1684 ἀλλοτρίως
642 1614 920 1684 χρήσεται,
972 1611 1067 1665 καὶ
1103 1613 1136 1683 ἠ
1178 1613 1384 1683 σαπρία
1417 1611 1581 1665 αὐτοῦ
1633 1613 1728 1665 ἀλ-

165 1707 326 1778 λπρία
343 1724 356 1737 ·
391 1725 411 1758 ι

224 1834 244 1869 ι
275 1818 379 1871 Καὶ
420 1818 587 1889 ὑμεῖς
630 1816 705 1889 μὴ
741 1815 1154 1888 εὐφρανθείητε,
1184 1816 1319 1887 μηδὲ
1349 1817 1722 1887 ίσχυσάτωσαν

164 1905 294 1977 ὑμῶν
304 1909 350 1961 οἱ
363 1908 574 1979 δεσμοί·
591 1907 726 1960 διότι
744 1907 1197 1977 συντετελεσμένα
1208 1906 1303 1960 καὶ
1313 1924 1499 1960 συντετ
1507 1925 1579 1978 μη
1587 1908 1725 1978 μένα

164 1999 440 2071 πράγματα
474 2001 689 2071 ήκουσα
698 2016 775 2053 πα
783 1999 848 2071 ρὰ
860 1999 1067 2071 Κυρίου
1084 1997 1333 2061 Σαϐαὼθ,
1350 1998 1387 2052 ἃ
1403 2000 1617 2070 ποιήσει
1632 2001 1725 2052 ἐπὶ

162 2093 318 2144 πᾶσαν
331 2093 428 2163 τὴν
445 2092 574 2161 γῆν.
597 2110 616 2142 ι
636 2092 789 2161 Μηδὲ
814 2092 932 2161 ίσχυ
940 2090 1185 2144 σάτωσαν
1199 2092 1249 2143 οἱ
1269 2090 1426 2154 πόδες
1452 2090 1625 2161 ὑμῶν,
1643 2086 1724 2155 οἷς

164 2182 466 2253 κατεδήσατε
497 2184 728 2246 ἑαυτοὺς
759 2182 1025 2254 διαθήκην
1054 2181 1297 2253 μετὰτοῦ
1320 2182 1552 2236 θανάτου
1568 2200 1724 2255 ποιη-

164 2272 359 2342 σάμενοι
385 2276 479 2327 καὶ
505 2274 648 2345 μετὰ
679 2274 772 2327 τοῦ
790 2273 914 2346 ᾅδου
947 2274 1217 2346 συνθήκας
1234 2292 1248 2305 ·
1270 2275 1384 2330 ἀλλ’
1413 2277 1466 2329 εῐ
1490 2293 1572 2338 τις
1596 2277 1723 2346 ὑμῖν

164 2364 260 2414 ἐστι
286 2364 563 2435 σωτηρίας
589 2364 767 2428 ἐλπὶς,
798 2364 1133 2438 διαρῥήξατε
1163 2365 1293 2429 τοὺς
1326 2365 1463 2438 πρὸς
1494 2365 1586 2419 τὸν
1629 2365 1725 2419 θά-

165 2468 299 2505 νατον
337 2453 605 2521 δεσμούς’
635 2455 963 2525 ἀναχωρεῖτε
996 2454 1053 2507 δὲ
1090 2455 1185 2508 καὶ
1218 2455 1322 2526 τῆς
1360 2456 1722 2528 νομιζομένης

166 2540 272 2610 ὂμίν
297 2542 659 2614 εὐφροσύνης,
693 2543 793 2612 τῆς
824 2560 885 2596 τε
914 2543 1252 2615 προσκαίρου
1296 2544 1579 2599 παύσασθε
1604 2546 1724 2617 ἡδο-

164 2632 264 2702 τῆς⁸
300 2633 503 2687 τούτων
526 2634 637 2703 γὰρ
669 2634 852 2688 ὁποῖον
870 2633 1021 2686 ἔσται
1056 2634 1118 2686 τὸ
1142 2633 1294 2698 τέλος
1340 2635 1721 2706 μεμαθήκατε.

165 2724 325 2779 Ταῦτα
353 2725 409 2778 δὲ
443 2727 520 2797 μὴ
552 2726 811 2798 νομίσητε
849 2726 1029 2794 λέγειν
1073 2726 1173 2797 ἐμὲ
1204 2726 1297 2781 τὸν
1328 2728 1649 2799 προφήτην*
1685 2727 1723 2782 ἃ

165 2814 255 2887 γὰρ
277 2817 481 2887 ήκουσα
507 2816 690 2887 ψυχῆς
724 2820 861 2888 ἀκοῇ
909 2818 1193 2889 εἰρηκότος
1219 2818 1315 2871 τοῦ
1359 2820 1573 2889 Κυρίου
1614 2820 1721 2872 Σα-

162 2908 309 2974 εαὼθ,
353 2909 508 2963 ταῦθ’
535 2911 664 2980 ὑμῖν
720 2910 1066 2980 μεταδέδωκα
1088 2927 1101 2939 ⁸
1140 2908 1415 2982 ἠϐουλήθη
1446 2910 1555 2982 γὰρ
1579 2912 1724 2982 ὑμᾶς

167 3000 229 3071 μὴ
246 3002 449 3069 ἀγνοεῖν
482 3003 556 3056 τά
584 3003 712 3074 παρ’
740 3002 889 3073 αὐτῷ
918 3002 1280 3074 κεκρυμμένα
1308 3004 1403 3056 καὶ
1440 3004 1722 3074 ὡρισμένα

164 3094 240 3145 καὶ
258 3098 661 3167 συντεταγμένα
689 3098 1014 3167 πράγματα.

227 3207 243 3238 ι
288 3188 637 3253 Ἐνωτίζεσθε
679 3192 769 3243 καὶ
798 3189 1020 3244 ἀκούετε
1047 3189 1149 3258 τῆς
1175 3188 1359 3261 φωνῆς
1396 3205 1496 3259 μου
1520 3204 1535 3218 ο
1560 3204 1726 3259 προσ-

166 3282 296 3351 έχετε
325 3285 416 3336 καὶ
444 3283 673 3337 ἀκούετε
698 3284 825 3346 τοὺς
842 3283 1033 3352 λόγους
1057 3299 1178 3353 μου.
1216 3301 1234 3332 ι
1266 3281 1366 3334 Διά
1400 3281 1498 3351 μὲν
1537 3279 1634 3333 τοῦ
1656 3281 1724 3350 τῇ

165 3378 291 3445 φωνῇ
315 3379 377 3445 τῇ
398 3377 463 3429 δι’
482 3376 646 3447 ἀέρος
664 3374 940 3447 φερομένῃ
957 3374 1025 3428 τὰ
1046 3368 1161 3427 ὦτα
1184 3372 1442 3444 παρέχειν
1457 3371 1517 3424 τὸ
1536 3372 1724 3424 ἐνωτίσ-

164 3460 323 3526 ζεσθαι
351 3464 530 3535 δηλῶν
556 3483 570 3495 ’
594 3465 683 3518 διὰ
703 3466 759 3518 δὲ
786 3465 881 3518 τοῦ
917 3463 1134 3517 ἀκούειν
1160 3465 1256 3517 καὶ
1277 3462 1592 3533 πειθαρχεῖν
1614 3464 1725 3525 τοῖς

164 3556 442 3625 ’λεγομένοις
466 3556 533 3611 τὸ
564 3556 801 3611 ἀκούειν·
826 3556 914 3611 διὰ
936 3556 993 3610 δὲ
1004 3555 1095 3609 τοῦ
1109 3558 1249 3609 νοεῖν
1265 3557 1377 3619 τοῖς
1392 3555 1723 3625 σημαινομέ-

165 3661 254 3711 νοις
274 3650 523 3719 νοήμασι,
535 3650 632 3720 τὴν
652 3650 927 3721 προσοχὴν
942 3649 1038 3701 καὶ
1054 3648 1153 3719 τὴν
1171 3646 1406 3717 θεωρίαν
1422 3647 1718 3718 σημαίνων.

225 3757 242 3788 ι
280 3741 367 3811 Μὴ
420 3741 554 3811 ὅλην
612 3741 711 3811 τὴν
771 3740 986 3811 ἡμέραν
1044 3737 1361 3809 ἀροτριὰσει
1420 3736 1722 3809 ἁροτριῶν;

166 3827 402 3902 ῆσπόρον
451 3832 865 3904 προετοιμάσει,
918 3832 1044 3902 πρὶν
1094 3828 1430 3902 ἐργάσασθαι
1459 3829 1558 3900 τὴν
1584 3830 1721 3899 γῆν;

166 3921 258 3990 οὐχ
300 3923 426 3976 ὅταν
452 3923 691 3994 ὁμαλίσῃ
724 3923 786 3975 τὸ
814 3923 1108 3992 πρόσωπον
1132 3921 1321 3993 αὐτῆς,
1357 3920 1480 3973 τότε
1510 3920 1724 3992 σπείρει

167 4012 337 4082 μικρὸν
360 4012 645 4084 μελάνθιον
664 4013 697 4083 ἢ
716 4012 783 4065 κύ
792 4029 973 4083 μινον;
995 4011 1091 4064 καὶ
1113 4012 1272 4065 πάλιν
1297 4011 1511 4082 σπείρει
1529 4029 1601 4064 πυ
1611 4010 1722 4081 ρὸν,

165 4104 241 4154 καὶ
265 4104 471 4175 κριθὴν,
499 4106 600 4159 καὶ
631 4104 865 4175 κέγχρον
891 4103 986 4156 καὶ
1015 4101 1142 4167 ζέαν
1170 4105 1228 4155 tv
1246 4104 1359 4165 τοῖς
1380 4101 1554 4173 ὁρίοις
1579 4119 1670 4154 σου
1704 4118 1719 4167 ;

165 4195 240 4246 καὶ
270 4197 604 4268 παιδευθήσῃ
631 4196 858 4269 κρίματι
900 4194 1036 4249 Θεοῦ
1063 4212 1177 4258 σου,
1222 4194 1317 4247 καὶ
1349 4191 1719 4265 εὐφρανθήσῃ.

166 4288 230 4339 υύ
264 4290 365 4361 γὰρ
398 4289 542 4360 μετά
574 4288 939 4360 σκληρότητος
970 4286 1294 4357 καθαίρεται
1325 4284 1386 4337 τὸ
1414 4283 1720 4354 μελάνθιον,

164 4379 265 4433 οὐδὲ
290 4383 478 4452 τροχὸς
522 4380 739 4451 ἀμάξης
766 4378 1010 4451 περιάξει
1043 4377 1137 4430 ἐπὶ
1187 4377 1248 4429 τὸ
1288 4373 1546 4445 κύμινονσ
1586 4374 1723 4428 ἀλλά

166 4467 322 4539 ράὗδῳ
355 4472 669 4525 τινάσσεται
692 4469 752 4521 τὸ
783 4466 1093 4539 μελάνθιον,
1126 4465 1186 4518 τὸ
1223 4464 1279 4517 δὲ
1318 4463 1541 4533 κύμινον
1582 4462 1720 4533 μετὰ

165 4559 307 4629 imm
335 4562 696 4635 βρωθήσεται.
736 4580 755 4613 ι
784 4557 897 4614 Εἴθ’
927 4558 1284 4627 ὑποδείγματι
1326 4555 1587 4625 κέχρηται
1628 4573 1726 4624 φυ-

167 4652 311 4723 σικῷ·
336 4655 412 4718 ὼς
448 4655 561 4725 γὰρ
589 4654 689 4724 τῆς
715 4652 856 4706 κατά
882 4651 980 4721 τὴν
1025 4649 1209 4720 χώραν
1234 4651 1509 4720 γεωργίας
1539 4649 1733 4721 ἕτερός,

164 4743 289 4797 ἐστιν
317 4748 554 4818 ὸκαιρὺς
583 4745 677 4799 τοῦ
707 4744 874 4816 ἀροῦν
910 4741 1007 4813 τὴν
1050 4740 1253 4813 χώραν,
1285 4741 1380 4793 καὶ
1415 4739 1599 4812 ἔτερος
1629 4740 1725 4794 τοῦ

167 4836 381 4909 σπείρειν
412 4839 737 4909 σπέρματα,
776 4838 842 4907 τῇ
889 4832 1225 4903 ὑποκειμένῃ
1267 4833 1337 4903 γῇ
1374 4831 1685 4903 κατάλληλα
1708 4849 1721 4860 ·

165 4926 285 4980 κατά
306 4926 373 4980 τὰ
405 4926 547 4980 αὑτά
580 4927 674 4980 καὶ
719 4926 752 4978 ὁ
791 4922 901 4976 τῶν
945 4920 1133 4991 ψυχῶν
1165 4917 1407 4989 γεωργὸς
1447 4916 1541 4986 τοῦ
1586 4916 1721 4970 Θεοῦ

166 5017 333 5086 Λόγος,
359 5019 505 5075 κατά
537 5020 636 5091 μὲν
667 5018 761 5071 τὸν
807 5013 1110 5085 ἐπιτήδειον
1142 5010 1333 5080 καιρὸν
1356 5007 1458 5079 τὰς
1496 5006 1603 5061 τῶν
1629 5010 1724 5061 ἀν-

167 5109 375 5217 gp‘rwtmv
408 5113 590 5184 ψυχὰς
618 5110 869 5165 νεοῦσθαι
915 5107 1202 5179 βούλεται,
1240 5103 1328 5211 διά
1358 5102 1459 5172 τῆς
1502 5100 1724 5217 λογικής

166 5194 488 5269 διδασκαλίας
545 5203 834 5275 σχιζούσης
880 5202 974 5255 καὶ
1020 5195 1430 5268 ἀνατεμνούσης
1484 5195 1610 5257 τοὺς
1663 5194 1724 5246 tv

170 5289 301 5358 βάθει
324 5296 730 5367 κρυπτομένους
756 5292 1049 5362 λογισμοὺς
1076 5287 1155 5358 τῷ
1172 5286 1266 5340 τοῦ
1291 5286 1449 5354 λόγου
1477 5285 1716 5356 ἀρότρῳ.

169 5385 245 5437 Διὸ
262 5388 579 5458 προστάττει
603 5386 805 5455 λέγων·
845 5403 864 5436 ι
896 5381 1154 5435 Νεὼσατε
1185 5380 1398 5440 ἑαυτοῖς
1441 5376 1713 5445 νεώματα,

172 5472 246 5530 ἰαὶ
292 5480 364 5551 μὴ
415 5482 675 5551 σπείρητε
704 5480 789 5531 ἐπ’
818 5475 1099 5538 ἀκάνθαις.
1134 5492 1155 5525 ι
1199 5468 1451 5524 Ἐπειδὰν
1489 5467 1546 5526 δὲ
1582 5470 1717 5537 ὁμα-

170 5564 300 5640 λισθῇ
330 5572 389 5623 τὸ
411 5570 650 5641 ὡσπερεὶ
679 5568 966 5638 πρόσωπον
985 5566 1082 5635 τῆς
1101 5561 1302 5633 ψυχῆς,
1324 5561 1504 5628 πάσης
1525 5558 1725 5621 καφιίας

172 5659 581 5730 περιαιρεθείσης
634 5657 734 5726 τῆς
770 5656 932 5709 πάλαι
963 5656 1020 5707 tv
1069 5653 1205 5722 αὑτῇ
1256 5648 1508 5703 ἀκανθῶν
1559 5647 1716 5717 δίκην

174 5752 389 5823 φυιίσης,
415 5751 715 5829 τηνικαρτα
754 5749 1102 5815 καταλλήλως
1143 5749 1213 5816 τῇ
1244 5745 1352 5801 τῶν
1382 5744 1713 5821 ὑποδεχομέή

1836 490 2156 544 sustinenda
2209 490 2411 543 inﬁrmi
2472 490 2706 557 essetis;
2776 490 2899 558 quia
2961 506 3092 545 vero
3164 492 3415 550 lubenter

1831 582 1992 635 morti
2025 592 2080 636 et
2115 581 2325 636 inferno
2359 595 2451 636 vos
2516 580 2819 647 :ledidistis,
2853 581 3046 636 scitote
3082 580 3194 649 jam
3235 584 3412 652 ipsum

1833 673 2119 728 Dominum
2172 689 2270 728 vos
2336 673 2647 727 invasurum
2703 689 2850 739 esse,
2908 685 2969 727 ut
3007 676 3077 729 ob
3110 687 3410 733 memorata

1831 766 2012 820 omnia
2049 766 2185 821 iram
2216 777 2272 820 et
2298 767 2556 821 ultionem
2591 765 2787 820 inferat
2812 766 2984 820 vobis.

1900 900 2067 956 Vsus.
2089 901 2181 958 2i.
2214 919 2232 952 ι
2266 901 2421 957 Sicut
2462 917 2621 957 mons
2668 902 2957 972 impiorum
2986 915 3276 973 consurget
3300 905 3409 961 Do-

1830 993 2033 1057 minus,
2063 1006 2119 1049 et
2145 994 2251 1049 erit
2285 995 2336 1048 in
2367 994 2508 1048 valle
2537 994 2803 1049 Gabaon:
2848 1011 2971 1049 cum
3022 994 3210 1075 furore
3249 999 3413 1054 faciet

1828 1099 1993 1154 opera
2021 1099 2139 1149 sua,
2173 1085 2557 1141 amaritudinis
2582 1101 2736 1156 Opus.
2767 1106 2789 1139 ι
2822 1088 3222 1144 Amaritudinis
3244 1105 3410 1160 opera

1830 1177 1897 1230 iis
1921 1176 2148 1245 inﬁiget,
2178 1178 2268 1246 qui
2295 1178 2367 1233 ob
2415 1179 2632 1232 insitam
2681 1180 2875 1234 animae
2921 1181 3207 1247 malitiam,
3251 1185 3407 1253 quasi

1828 1270 2027 1323 acerbo
2057 1270 2295 1325 remedio
2324 1286 2462 1340 Opus
2494 1273 2717 1326 habent.
2756 1272 3033 1327 Caeterum
3077 1275 3405 1341 aliiaritudo,

1829 1360 1907 1415 ira
1933 1372 1989 1415 et
2018 1362 2190 1429 furor,
2222 1373 2277 1418 et
2307 1364 2503 1417 similia
2556 1364 2624 1419 de
2670 1364 2781 1419 Deo
2826 1365 3058 1434 prolata,
3097 1367 3232 1421 nihil
3261 1369 3407 1423 aliud

1828 1451 2143 1522 signiﬁcare
2176 1455 2373 1518 solent,
2417 1470 2580 1524 quam
2625 1471 2655 1508 a
2711 1455 2895 1510 divino
2924 1458 3180 1513 tribunali
3208 1460 3410 1519 immit-

1829 1546 1992 1601 tenda
2029 1547 2209 1617 impiis
2235 1547 2520 1617 supplicia.
2569 1566 2589 1598 ‹
2635 1548 2805 1603 Furor
2837 1560 3017 1604 autem
3071 1550 3188 1620 ejus
3227 1553 3407 1613 alieno

1826 1640 1987 1695 modo
2016 1649 2220 1705 utetur,
2245 1650 2299 1696 et
2322 1641 2499 1695 caries
2524 1641 2642 1710 ejus
2672 1642 2845 1694 aliena
2869 1659 2883 1696 :
2915 1661 2939 1694 ι

1899 1824 2067 1879 Vens.
2099 1825 2189 1878 22.
2223 1845 2245 1876 ‹
2274 1824 2343 1879 Ει
2386 1840 2480 1879 vos
2519 1825 2691 1881 nolite
2734 1825 2926 1891 lzetari,
2961 1840 3138 1896 neque
3184 1826 3407 1884 confor-

1825 1924 2012 1973 tentur
2039 1919 2253 1973 vincula
2286 1928 2497 1973 vestra:
2527 1920 2651 1988 quia
2677 1929 3090 1975 consummatas
3128 1929 3184 1975 et
3205 1921 3403 1977 abbre-

1825 2009 1999 2063 viatas
2032 2025 2118 2064 res
2154 2009 2335 2064 audivi
2387 2024 2417 2062 a
2465 2009 2694 2064 Domino
2740 2011 3025 2066 Sabaoth:
3071 2027 3211 2082 quas
3241 2013 3409 2068 faciet

1826 2116 1990 2171 super
2022 2102 2333 2156 universam
2367 2112 2588 2155 terram.
2619 2120 2639 2153 ι
2689 2100 2873 2171 Neque
2896 2100 3274 2158 confortentur
3311 2118 3406 2174 pe-

1824 2193 1922 2247 des
1951 2195 2140 2259 vestri,
2164 2194 2384 2262 quibus,
2423 2194 2561 2249 inito
2609 2209 2730 2249 cum
2759 2205 2935 2250 morte
2966 2193 3199 2263 foedere,
3225 2205 3282 2251 et
3312 2211 3407 2266 pa-

1824 2284 2005 2340 ctione
2047 2301 2170 2339 cum
2206 2285 2426 2340 inferno
2456 2286 2620 2353 facta,
2665 2302 2765 2342 vos
2808 2287 3111 2359 colligastis
3155 2307 3169 2343 :
3221 2290 3316 2344 sed
3358 2291 3404 2346 si

1825 2393 1930 2447 qua
1959 2379 2109 2434 vobis
2134 2394 2258 2449 spes
2290 2379 2483 2434 salutis
2505 2380 2768 2449 supersit,
2792 2364 3031 2451 rumpite
3065 2381 3258 2435 mortis
3286 2381 3407 2436 vin-

1825 2471 1982 2527 cula:
2032 2473 2098 2527 ab
2125 2487 2213 2539 ea,
2242 2486 2403 2542 quam
2445 2471 2693 2526 laetitiam
2734 2473 3063 2542 opinamini,
3102 2474 3403 2539 abscedite,

1827 2571 2187 2633 temporanea:
2213 2564 2503 2634 voluptatis
2528 2566 2690 2619 ﬁne'm
2720 2565 2917 2621 facite:
2940 2566 3134 2621 borum
3168 2581 3406 2637 namque

1824 2657 1915 2726 qui
1943 2656 2160 2712 futurus
2191 2657 2314 2712 ﬁnis
2336 2657 2407 2711 sit
2429 2658 2757 2713 edidicistis.
2787 2657 3057 2713 Caeterum
3095 2675 3167 2715 ne
3204 2662 3406 2731 putetis

1825 2762 1911 2801 me
1934 2749 2259 2818 prophetam
2290 2749 2480 2805 istlizec
2509 2750 2693 2805 dicere
2719 2767 2734 2804 :
2770 2766 2895 2804 nam
2925 2767 3046 2821 quae
3081 2753 3280 2809 animae
3304 2768 3407 2811 au-

1827 2838 1976 2893 ribus
1998 2840 2306 2909 loquentem
2337 2841 2627 2897 Dominum
2657 2842 2901 2899 Sabaoth
2932 2846 3140 2911 audivi,
3174 2846 3288 2904 haec
3315 2862 3386 2903 vo

1823 2932 1908 2986 bis
1941 2934 2278 2990 renuntiavi:
2312 2934 2428 3003 ipse
2455 2936 2656 3006 quippe
2684 2937 2895 2992 occulta
2929 2947 2985 2993 et
3009 2949 3214 2994 statuta
3245 2940 3315 2996 ab
3344 2954 3405 2996 se

1827 3026 2041 3080 decreta
2066 3041 2096 3081 a
2126 3026 2281 3082 vobis
2315 3042 2422 3081 non
2452 3028 2693 3097 ignorari
2721 3029 2967 3099 expetiit.

1900 3184 2064 3239 Vens.
2094 3184 2198 3261 '25.
2246 3189 2530 3241 «Auribus
2577 3188 2841 3257 percipite
2887 3198 2944 3243 et
3000 3189 3185 3244 audite
3214 3205 3404 3248 vocem

1826 3290 2044 3332 meam:
2074 3280 2340 3336 attendite
2373 3290 2423 3336 et
2454 3282 2638 3337 audite
2660 3283 2826 3337 verba
2866 3297 3006 3337 mea.
3043 3302 3063 3335 ι
3102 3284 3211 3340 Per
3247 3287 3401 3354 illud,

1832 3383 1853 3417 ι
1887 3368 2108 3426 auribus
2131 3374 2435 3442 percipere,
2460 3392 2481 3425 ι
2512 3375 2627 3429 voci
2657 3391 2754 3442 per
2779 3391 2909 3430 aera
2933 3377 3057 3431 lata:
3082 3393 3243 3435 aures
3271 3397 3406 3450 prae-

1826 3459 1976 3523 bere.
2013 3463 2323 3533 signiﬁcat;
2361 3481 2459 3533 per
2494 3466 2624 3521 illud
2658 3477 2866 3532 autem,
2903 3486 2923 3520 ι
2955 3470 3166 3535 audire,
3199 3489 3219 3523 ι
3260 3473 3405 3530 dicta

1826 3555 2325 3625 auscultareiisque
2341 3559 2566 3628 obsequi
2587 3578 2601 3613 :
2620 3560 2973 3615 attentionem
3003 3570 3179 3616 autem
3200 3572 3257 3618 et
3283 3580 3408 3633 spe-

1826 3659 2150 3716 culationem
2178 3664 2747 3720 vocatdeclaratarum
2771 3681 2951 3720 rerum
2970 3667 3403 3739 intelligentiam.

1897 3752 2273 3811 “3115.24.27.
2309 3775 2329 3808 ι
2356 3756 2626 3827 Numquid
2654 3767 2769 3814 tota
2793 3759 2882 3814 die
2904 3759 3106 3825 arabit,
3129 3761 3221 3832 qui
3250 3766 3407 3818 arat?

1824 3856 1917 3898 aut
1945 3860 2129 3902 semen
2154 3850 2506 3918 praeparabit,
2532 3860 2825 3922 antequam
2863 3861 3121 3923 operetur
3158 3862 3359 3911 terram
3380 3859 3406 3913 ?

1823 3935 2013 3993 Nonne
2045 3955 2167 3994 cum
2195 3943 2498 4011 aequaverit
2526 3946 2875 4014 superﬁciem
2903 3945 3043 4014 ejus,
3070 3956 3202 4003 tunc
3242 3950 3406 4005 semi—

1825 4032 1975 4087 nabit
2026 4048 2250 4104 parvum
2299 4051 2556 4105 papaver,
2598 4046 2695 4092 aut
2734 4038 3010 4110 cyminum
3044 4038 3068 4093 ἳ
3108 4050 3163 4095 et
3187 4056 3404 4098 rursum

1824 4127 2116 4181 seminabit
2171 4129 2439 4195 triticum,
2492 4138 2547 4185 et
2604 4130 2897 4198 hordeum,
2952 4140 3010 4186 et
3056 4133 3294 4201 milium,
3349 4146 3406 4189 et

1824 4234 2052 4303 speltam
2116 4235 2169 4289 in
2224 4234 2428 4290 ﬁnibus
2475 4237 2623 4290 tuis?
2655 4237 2721 4292 Et
2755 4238 3023 4293 erudieris
3066 4237 3273 4307 judicio
3306 4241 3402 4295 Dei

1827 4324 1923 4391 tui,
1956 4333 2009 4379 et
2047 4325 2334 4382 lataberis.
2393 4325 2507 4382 Non
2545 4329 2693 4383 enim
2728 4345 2855 4384 cum
2907 4330 3108 4385 duritia
3138 4344 3402 4402 purgatur

1754 4436 1796 4490 ι)
1825 4433 2083 4488 papaver,
2116 4435 2293 4489 neque
2328 4430 2445 4475 rota
2485 4421 2712 4491 plaustri
2737 4422 2981 4477 volvetur
3029 4437 3194 4492 super
3230 4424 3403 4494 cymi-

1825 4526 1984 4577 num;
2035 4512 2128 4566 sed
2168 4513 2319 4581 virga
2353 4513 2631 4568 excutitur
2679 4527 2944 4583 papaver:
2978 4513 3249 4584 cyminum
3301 4527 3400 4569 att-

1827 4611 1937 4659 tem
1963 4620 2085 4660 cum
2116 4620 2257 4676 pane
2282 4607 2621 4661 comedetur.
2654 4625 2674 4658 »
2710 4604 2953 4660 Naturali
2997 4605 3191 4659 deinde
3215 4619 3403 4661 exem-

1826 4698 1913 4770 plo
1970 4700 2178 4754 utitur:
2240 4700 2695 4769 quemadmodum
2753 4699 2897 4753 enim
2946 4697 2998 4751 in
3043 4696 3398 4767 agricultura,

1827 4793 1972 4850 aliud
2020 4803 2232 4863 tempus
2263 4793 2449 4848 arandi
2481 4808 2666 4863 agrum
2700 4800 2805 4857 est,
2839 4790 2985 4845 aliud
3013 4803 3144 4844 vero
3194 4789 3399 4845 semina

1827 4887 2065 4943 subactae
2096 4895 2255 4941 terrae
2283 4886 2639 4956 congruentia
2657 4882 2897 4954 jaciendi
2919 4897 2934 4947 ;
2956 4880 3146 4936 eadem
3177 4892 3402 4950 prorsus

1824 4997 2034 5052 ratione
2088 4996 2394 5055 animarum
2446 4991 2706 5064 agricola,
2756 4990 2851 5046 Dei
2888 4987 3152 5053 Verbum,
3192 4986 3401 5042 animas

1826 5092 2108 5147 hominum
2152 5088 2323 5153 arari,
2352 5101 2419 5143 ac
2446 5101 2545 5155 per
2565 5084 2944 5141 rationabilem
2983 5080 3293 5136 doctrinam"
3330 5077 3403 5131 Iu-

1828 5194 2001 5241 tentes
2029 5185 2137 5239 imo
2162 5190 2383 5252 pectore
2414 5179 2772 5248 cogitationes
2800 5174 2953 5231 verbi
2986 5182 3171 5227 aratro
3201 5169 3398 5225 sulcari

1824 5280 2049 5351 expetit.
2092 5274 2461 5343 Quamobrem
2504 5272 2578 5324 ita
2617 5256 2911 5339 praecipit:
2944 5284 2963 5317 ί
2988 5263 3195 5317 Novate
3241 5260 3400 5315 nobis

1823 5369 2063 5434 novalia,
2090 5378 2146 5423 et
2182 5382 2248 5422 ne
2276 5366 2543 5421 seminate
2572 5378 2735 5432 supra
2776 5360 2986 5430 spinas.
3021 5374 3040 5408 ι
3097 5354 3397 5423 Postquam

1823 5471 2003 5515 autem
2040 5459 2128 5513 illa
2158 5458 2352 5512 anima:
2384 5454 2547 5510 veluti
2575 5453 2890 5526 superﬁcies
2923 5449 3265 5517 complanata
3293 5455 3398 5510 est,

1829 5530 2041 5611 sublata
2075 5551 2243 5615 omni,
2289 5549 2417 5604 olim
2469 5550 2522 5602 in
2562 5563 2624 5604 ea
2660 5549 2939 5616 spinarum
3000 5536 3176 5597 instar
3223 5540 3401 5609 pullu-

1823 5646 1994 5710 lante,
2028 5646 2268 5714 nequitia
2309 5660 2324 5708 ;
2384 5654 2511 5697 tunc
2558 5641 2770 5696 ratione
2818 5639 3006 5694 habita
3066 5631 3402 5712 discriminis

1825 5755 2014 5817 eorum
2047 5742 2140 5813 qui
2182 5756 2369 5799 semen
2404 5739 2705 5823 excipiunt,
2739 5736 2942 5794 semina
2970 5733 3148 5801 jacit;
3179 5730 3233 5788 in
3266 5727 3402 5785 alios
