3862 6210
445 316 550 374 235

1145 309 1414 365 ευδειιιι
1454 263 1932 363 ολεδΑιιιιῖπεῖε
1972 304 2005 360 ο

2109 345 2122 357 .
2164 304 2341 363 PARS
2379 305 2463 361 Ili.
2501 336 2567 348 —-
2604 302 3014 360 I'IXEGETICA.

3583 298 3693 356 190

446 427 765 494 infirmiora,
813 433 867 479 ct
912 425 1132 494 exigua,
1185 424 1435 493 papaveri
1486 432 1540 477 et
1570 424 1789 493 cymino
1834 421 2005 476 confe-

2124 442 2228 477 νων
2266 424 2356 476 τὸν
2386 423 2586 493 σπόρον
2608 422 2859 492 διαφορᾷ,
2881 417 3205 473 καταϐάλλει
3235 416 3544 489 σπέρματα,
3578 419 3689 482 τοῖς

446 522 650 584 renda;
705 519 754 572 itt
819 517 953 570 alios
1006 517 1397 586 pra-stabiliora
1452 524 1505 569 et
1543 515 1869 577 necessaria,
1901 512 2017 568 fru-

445 622 649 674 mento,
703 610 927 674 ltortleo,
986 609 1136 663 milio
1189 618 1242 662 et
1295 607 1479 678 spelta:
1530 609 1913 676 comparanda,
1949 609 2018 661 ob

445 704 672 758 multam
704 702 1020 770 variamque
1050 702 1115 753 iis
1146 701 1365 754 insitam
1400 699 1693 751 virtutem:
1735 713 1856 750 nam
1882 696 2020 751 divi-

446 795 624 849 siones
668 795 984 864 gratiarum,
1013 801 1069 847 et
1098 792 1393 846 divisiones
1429 790 1803 859 operationum
1848 798 2013 843 sunt:

444 896 500 941 ct
530 887 617 939 alii
646 887 861 954 quidem
903 899 999 952 per
1048 884 1310 953 Spiritum
1338 885 1472 946 haec,
1504 882 1593 935 alii
1629 882 1739 949 illa,
1778 881 1868 936 alii
1897 897 2018 935 rur-

444 996 562 1037 sum
591 989 956 1035 consentanea
1012 977 1229 1033 dantur.
1267 977 1557 1044 Postquam
1595 985 1774 1031 autem
1826 975 2016 1031 messis

447 1080 659 1141 tempus
688 1071 990 1132 advenerit,
1026 1084 1187 1139 quam
1224 1084 1456 1124 messem
1493 1069 2013 1123 consummationem

444 1177 566 1217 esse
609 1162 793 1216 mundi
835 1161 1087 1216 Salvator
1138 1162 1351 1228 docuit;
1408 1170 1534 1215 tunc
1578 1177 1608 1214 a
1653 1161 1875 1232 singulis
1917 1176 2014 1229 pro

444 1255 639 1309 merito
683 1271 747 1308 ac
791 1255 999 1308 ratione
1028 1264 1378 1320 acceptorum
1428 1253 1691 1306 seminum
1744 1261 2015 1321 repetetur

440 1344 668 1399 fructus.
696 1345 795 1412 Qui
818 1360 950 1399 vero
975 1344 1270 1397 mediocria
1304 1354 1661 1413 acceperunt,
1695 1358 1793 1397 nec
1824 1345 1908 1407 iis,
1935 1343 2012 1396 uti

442 1450 547 1505 par
578 1446 718 1505 erat,
763 1437 843 1491 usi
878 1447 1024 1499 sunt,
1056 1436 1429 1506 castigationis
1456 1446 1511 1493 et
1539 1437 1787 1506 supplicii
1817 1438 2014 1491 medio.

441 1531 551 1590 eris
601 1532 1030 1599 experimentum
1072 1531 1369 1599 accipient,
1412 1548 1512 1587 ceu
1559 1533 1707 1600 virga
1736 1532 2009 1602 percussi:

439 1625 531 1693 qui
564 1634 742 1678 autem
776 1622 1075 1691 majoribus
1118 1623 1442 1685 seminibus.
1493 1621 2013 1690 perfectioribusque

2123 519 2218 589 μὲν
2246 516 2606 587 ἀσθενέστερά
2632 532 2753 568 τινα
2781 515 2877 567 καὶ⁵
2911 513 3115 584 σμικρὰ
3146 511 3414 582 μελανθίῳ
3454 512 3547 565 καὶ
3592 528 3681 564 κυ-

2120 610 2259 681 μίνῳ
2274 606 2653 676 ἀναλογοῦντα·
2671 610 2783 670 τοῖς
2800 606 2856 660 δὲ
2878 603 3265 674 σπουδαιότερα
3282 606 3375 656 καὶ
3395 605 3685 672 ἀναγκαῖα,

2116 703 2210 755 καὶ
2242 701 2398 772 πυρῷ
2428 702 2521 755 καὶ
2552 700 2735 773 κριθῇ,
2770 700 2987 780 κέγχρῳ
3016 715 3076 751 τε
3109 699 3201 751 καὶ
3229 697 3326 766 ζέξι
3352 696 3683 769 παραϐαλλό·

2120 810 2274 864 μενα,
2314 792 2401 846 διὰ
2423 792 2521 862 τὴν
2558 792 2650 844 καὶ
2688 793 2746 843 ὲν
2766 791 2951 853 αὐτοῖς
2992 788 3199 851 τούτοις
3228 788 3424 858 πολλὴν
3451 788 3545 841 καὶ
3576 786 3681 841 διά-

2116 902 2281 957 φορον
2303 884 2566 954 δύναμιν·
2615 881 2909 953 διαιρέσεις
2933 880 3042 951 γὰρ
3072 879 3424 951 χαρισμάτων
3454 880 3562 932 είσὶ
3594 879 3684 933 καλ

2114 976 2406 1047 διαιρέσεις
2456 974 2846 1045 ἐνεργημάτων
2891 973 3030 1025 είσίο
3067 972 3162 1025 καὶ
3214 964 3258 1038 ᾧ
3308 971 3404 1043 μὲν
3450 970 3539 1024 διὰ
3589 967 3687 1024 τοῦ

2113 1066 2426 1137 Πνεύματος
2465 1064 2639 1118 ταῦτα
2674 1065 2900 1126 δίδοται,
2944 1062 3021 1133 τῷ
3062 1062 3118 1114 δὲ
3158 1061 3355 1133 ἕτερα,
3400 1061 3494 1114 καὶ
3526 1061 3687 1115 πάλιν

2113 1160 2287 1231 ἑτέρῳ
2321 1159 2389 1211 τά
2434 1157 2759 1228 ἁρμόζοντα.
2813 1155 3061 1210 Ἐπειδὰν
3105 1154 3163 1208 δὲ
3210 1155 3240 1206 ό
3279 1152 3374 1205 τοῦ
3424 1150 3686 1224 θερισμοῦ

2113 1251 2302 1322 καιρὸς
2340 1252 2567 1322 ἐπιστῇ,
2607 1248 2914 1303 συντέλειαν
2941 1246 2997 1298 δὲ
3032 1242 3168 1299 εἶναι
3209 1244 3304 1299 τοῦ
3344 1245 3546 1316 κόσμου
3590 1244 3687 1297 τὸν

2114 1340 2370 1414 θερισμὸν
2411 1343 2439 1394 ὁ
2483 1340 2671 1411 Σωτὴρ
2700 1337 2905 1403 ἐδίδαξε
2926 1353 2941 1366 ·
2973 1336 3094 1388 τότε
3132 1337 3250 1389 κατ’
3276 1335 3431 1401 ἀξίαν
3460 1336 3686 1397 ἕκαστος

2111 1430 2186 1488 ὧν
2197 1434 2381 1506 εἴληφε
2403 1433 2726 1505 σπερμάτων
2738 1429 3164 1500 άπαιτηθήσεται
3188 1428 3277 1481 τὸν
3320 1428 3550 1499 καρπόν.
3575 1427 3686 1483 Καὶ

2111 1531 2161 1582 oi
2201 1528 2298 1599 μὲν
2340 1528 2533 1598 μέτρια
2575 1523 2873 1592 εἰληφότες,
2917 1523 2989 1593 μὴ
3034 1518 3381 1591 καταλλήλως
3410 1516 3466 1571 δὲ
3501 1520 3685 1580 αὐτοῖς

2110 1623 2481 1693 χρησάμενοι,
2529 1616 2776 1679 παιδείας
2838 1614 2930 1669 καὶ
2985 1614 3257 1674 κολάσεως
3316 1610 3685 1682 μετριωτέρας

439 1718 594 1771 donis
623 1717 853 1786 dignati,
903 1714 1104 1767 nullum
1160 1714 1352 1767 collata
1394 1714 1495 1768 sibi
1549 1715 1748 1768 virtute
1792 1714 2005 1782 dignum

2113 1718 2310 1785 πεῖραν
2338 1712 2617 1784 λήψονται,
2659 1708 2899 1780 ὡσπερεὶ
2933 1707 3111 1777 ῥάϐδῳ
3148 1704 3510 1774 τυπτόμενοι·
3544 1704 3594 1755 oi
3622 1702 3683 1757 δὲ

439 1774 1084 1870 ττιιειιιιιινῑοάόίἀετίιη,
1132 1805 1431 1875 majoribus
1487 1805 1769 1876 igneisque
1805 1774 2005 1875 suppli-

2116 1806 2379 1879 μειζόνων
2418 1802 2781 1874 σπερμάτων,
2822 1798 2915 1853 καὶ
2950 1797 3296 1867 τελειοτέρων
3324 1794 3675 1865 χαρισμάτων

437 1902 645 1957 ciorum
677 1900 981 1955 turbinibus
1009 1898 1337 1965 tradentur._

507 2188 674 2244 Vsus.
698 2188 771 2243 28
795 2227 811 2249 ,
840 2185 932 2242 29.
969 2205 989 2238 ι
1024 2184 1208 2254 Neque
1236 2185 1380 2240 enim
1429 2198 1599 2253 usque
1648 2182 1702 2235 in
1749 2179 2004 2235 steculum

436 2282 642 2337 irascar
671 2281 845 2346 vobis,
882 2295 983 2335 nec
1019 2293 1123 2333 vo:
1146 2275 1526 2330 amaritudinis
1559 2288 1690 2327 mea:
1717 2274 2006 2327 conculca-

435 2374 514 2429 bit
552 2387 667 2427 vos.
707 2372 773 2426 Et
818 2374 929 2426 lucc
979 2384 1011 2424 a
1057 2370 1282 2425 Domino
1330 2366 1566 2422 Sabaoth
1615 2379 1829 2435 egressa
1882 2372 2009 2418 sunt

435 2466 701 2537 prodigia.
730 2463 1028 2519 Consilium
1057 2463 1219 2526 inite,
1255 2458 1491 2513 exaltatc
1522 2470 1717 2510 vanam
1759 2452 2009 2508 consola-

436 2561 659 2613 tionem.
698 2575 717 2610 ι
750 2556 863 2610 Non
907 2556 1075 2616 enim,
1106 2552 1302 2621 inquit,
1339 2552 1411 2605 ita
1445 2548 1637 2618 impios
1666 2546 1915 2610 ulciscar,
1946 2552 2009 2596 ut

432 2665 621 2706 eorum
652 2648 1011 2704 substantiam
1041 2644 1282 2699 funditus
1311 2643 1541 2704 deleam,
1566 2635 1860 2705 eorumque
1893 2634 2008 2689 aui-

434 2757 552 2795 mas
596 2739 812 2810 penitus
853 2742 1168 2792 destruant:
1218 2731 1655 2803 quandoquidem
1713 2727 2004 2784 secundum

434 2834 654 2887 allatum
675 2829 1003 2897 exemplum,
1031 2836 1167 2881 rotae
1195 2840 1390 2881 currus
1415 2839 1481 2878 ex
1512 2824 1656 2878 ferro
1684 2826 2007 2875 constructa:

432 2921 765 2977 frumentum
802 2935 906 2972 non
939 2917 1159 2983 delent;
1197 2916 1291 2971 sed
1324 2928 1510 2968 omnes
1536 2913 1741 2966 circunt
1771 2910 2008 2966 calamos

435 3011 725 3075 auferunt,
767 3020 825 3063 ut
877 3008 1207 3062 frumentum
1261 3011 1479 3060 servent
1524 3016 1827 3073 purumque
1876 2999 2003 3054 red-

434 3103 583 3157 dauL

980 3184 1208 3241 CAPUT
1246 3182 1439 3240 XXIX.

504 3277 669 3336 Vitas.
702 3276 756 3331 1.
793 3295 812 3328 ι
858 3275 950 3330 Va:
998 3275 1207 3331 civitati
1258 3272 1433 3336 Ariel,
1476 3286 1637 3341 quam
1676 3271 2005 3341 expugnavit

435 3368 634 3424 David:
659 3376 984 3437 congregato
1017 3366 1226 3419 fructus
1254 3378 1451 3417 annum
1476 3377 1633 3431 supra
1666 3376 1863 3415 annum
1885 3377 2007 3417 :co-

416 3460 656 3517 medelis
685 3462 826 3514 enim
860 3474 983 3511 cum
1018 3458 1197 3512 Moab.
1223 3475 1241 3507 ι
1278 3454 1451 3523 Quam
1479 3455 1565 3509 ltie
1590 3456 1839 3509 miseram
1870 3470 2005 3524 prae.

430 3552 574 3607 dicat
604 3551 775 3616 Ariel,
807 3551 906 3619 ipsi
932 3548 1101 3602 Judau
1138 3546 1561 3616 Hierosolymam
1587 3559 1706 3599 esse
1730 3544 2001 3602 fatentur:

431 3655 762 3713 narrautque
787 3643 958 3698 altare
990 3641 1299 3711 illuu,quod
1324 3651 1450 3695 ante
1477 3640 1731 3709 templum
1758 3650 2004 3695 constru-

429 3746 573 3792 ctum
600 3735 792 3801 fuerat,
814 3735 957 3789 Ariel
985 3748 1227 3788 vocatum
1254 3730 1425 3787 fuisse
1453 3748 1466 3785 :
1498 3732 1640 3801 quod
1664 3730 1837 3800 palam
1853 3731 2003 3785 aiunt

429 3841 549 3881 esse
581 3843 649 3880 ex
697 3825 1018 3889 Ezechiele,
1047 3841 1136 3894 qut
1181 3826 1281 3879 sub
1331 3825 1491 3878 finem
1540 3823 1593 3876 iu
1643 3822 2003 3893 descriptione

430 3919 580 3973 urbis
611 3920 685 3972 sic
713 3918 913 3971 habet:
954 3936 973 3969 t
1009 3916 1075 3970 Et
1101 3917 1184 3970 ba:
1212 3929 1480 3987 mensura:
1520 3914 1707 3968 altaris
1735 3913 1786 3966 in
1820 3914 2002 3968 cubito

430 4009 628 4073 cubiti,
676 4018 730 4063 et
762 4008 953 4077 palmae
995 4008 1147 4061 sinus
1193 4004 1517 4075 profundum
1550 4005 1603 4058 in
1650 4004 1832 4059 cubito
1856 4004 1943 4071 ³⁷;
1976 4023 1995 4057 ι

429 4100 623 4156 deinde
660 4115 786 4155 vero
827 4100 1123 4169 subiungit,
1166 4116 1188 4151 ς
1222 4099 1287 4153 Ει
1318 4098 1464 4154 Ariel
1509 4098 1812 4154 cubitorum
1869 4112 2004 4166 qua-

430 4200 590 4247 tuor:
631 4202 687 4246 et
730 4193 800 4246 ab
844 4192 989 4255 Ariel
1038 4191 1341 4245 cubitorum
1374 4200 1605 4258 quatuor
1629 4228 1645 4255 ,
1675 4200 1729 4244 et
1759 4190 1827 4245 ab
1855 4188 2001 4245 Ariel

430 4298 590 4353 supra
619 4297 843 4344 cornua,
874 4282 1106 4336 cubitus.
1157 4281 1226 4334 Et
1261 4281 1406 4333 Ariel
1457 4280 1759 4333 cubitorum
1796 4279 1999 4334 duode-

429 4375 534 4427 cim
583 4371 859 4440 longitudo
907 4370 1210 4426 cubitorum
1251 4370 1530 4425 duodecim
1563 4387 1577 4423 :
1610 4370 1834 4425 latitudo
1866 4386 2001 4439 qua.

2108 1899 2422 1970 ἠξιωμένοι,
2455 1896 2655 1967 μηδένα
2688 1892 2897 1964 καρπὸν
2928 1891 3074 1956 ἄξιον
3108 1890 3206 1959 τῆς
3242 1885 3679 1958 παρασχεθείσης

2107 1992 2292 2053 αὐτοῖς
2349 1989 2628 2058 δυνάμεως
2674 1983 3093 2047 ἀποδεδωκότες,
3153 1978 3362 2051 μείζοσι
3416 1980 3528 2041 τοῖς
3579 1976 3679 2046 τῆς

2108 2084 2381 2145 κολάσεως
2410 2079 2627 2153 πρηστῆ
2638 2096 2724 2149 ρσι
2750 2074 3238 2147 παραδοθήσονται.

2174 2160 2203 2229 7t
2240 2177 2311 2231 Ού
2343 2175 2451 2247 γὰρ
2491 2177 2569 2237 εἰς
2601 2173 2693 2225 τὸν
2733 2171 2905 2223 αίὼνα
2942 2164 3053 2236 ἐγὼ
3086 2166 3215 2236 ὑμῖν
3243 2161 3638 2237 ὀργισθήσομαι
3659 2197 3677 2225 ,

2105 2267 2227 2322 οἱδὲ
2267 2266 2415 2337 φωνὴ
2443 2266 2540 2334 τῆς
2573 2262 2796 2335 πικρίας
2830 2276 2931 2330 μου
2956 2256 3330 2326 καταπατήσει
3358 2254 3518 2324 ὑμᾶς.
3567 2252 3679 2304 Καὶ

2103 2360 2278 2415 ταῦτα
2313 2358 2464 2429 παρὰ
2493 2354 2698 2425 Κυρίου
2730 2348 2951 2405 Σαϐαὼθ
2989 2345 3178 2417 ἐξῆλθε
3206 2346 3273 2398 τὰ
3301 2344 3519 2414 τέρατα.
3545 2341 3682 2393 Βου-

2104 2450 2387 2514 λεύσασθε,
2419 2449 2669 2519 ύψώσατε
2717 2444 2951 2515 ματαίαν
2989 2438 3353 2511 παράκλησιν.
3397 2455 3415 2486 ι
3461 2435 3535 2488 Οὐ
3568 2432 3680 2503 γὰρ

2104 2545 2296 2609 οὓτως.
2332 2544 2485 2615 φησι,
2522 2544 2634 2603 τοῖς
2659 2538 2910 2593 ἀσεϐέσιν
2943 2534 3333 2603 ἐπεξέρχομαι,
3359 2530 3432 2591 ὡς
3460 2526 3554 2581 καὶ
3579 2526 3681 2593 τὴν

2104 2637 2289 2692 οὐσίαν
2316 2634 2493 2689 αὐτῶν
2521 2630 2800 2702 ἀφανίσαι,
2829 2629 2922 2681 καὶ
2949 2627 3029 2685 είς
3049 2625 3110 2677 τὸ
3139 2621 3396 2683 παντελὲς
3422 2616 3680 2687 ἀφανίσαι

2105 2728 2283 2783 αὐτῶν
2321 2726 2420 2789 τὰς
2458 2723 2665 2794 ψυχάςο
2703 2720 2824 2774 ἐπεὶ
2870 2716 3003 2790 μηδὲ
3034 2715 3177 2769 κατὰ
3228 2713 3288 2765 τὸ
3327 2709 3680 2782 παράδειγμα

2104 2824 2153 2875 οἱ
2183 2820 2366 2893 τροχοὶ
2400 2817 2498 2886 τῆς
2530 2812 2743 2885 ἁμάξης
2766 2813 2816 2864 oi.
2849 2812 2912 2863 ὲκ
2940 2808 3159 2879 σιδήρου
3188 2800 3680 2893 κατεσκευασμένοι

2103 2911 2194 2964 τὸν
2223 2891 2366 2961 σίτον
2408 2903 2750 2975 ἀφανίζουσι’
2783 2901 2962 2953 πᾶσαν
2993 2898 3049 2950 δὲ
3080 2896 3179 2966 τὴν
3212 2894 3342 2964 περὶ
3388 2891 3550 2945 αὐτὸν
3582 2905 3681 2940 πε-

2111 3002 2376 3074 ριαίρουσι
2432 2996 2702 3066 καλάμην,
2763 2994 2842 3055 είς
2883 2991 2944 3043 τὸ
2986 2987 3248 3041 διασῶσαι
3294 2984 3388 3037 καὶ
3432 2980 3679 3050 καθαρὸν

2029 3114 2071 3169 C
2109 3089 2520 3163 ἀπεργάσασθαι
2547 3088 2638 3140 τὸν
2661 3086 2826 3139 σίτον.

2609 3170 3001 3229 ΚΕΦΛΛΑΙΟΝ
3032 3167 3161 3223 κε’.

2180 3294 2198 3325 ι
2231 3273 2368 3326 Οὐαὶ
2406 3268 2595 3342 ’Λριὴλ
2643 3266 2817 3329 πόλις,
2847 3264 2913 3335 ἢν
2972 3260 3277 3330 ἐπολέμησε
3320 3254 3512 3309 Δαυῖδ·
3555 3268 3681 3305 συν-

2103 3364 2337 3434 αγάγετε
2352 3359 2639 3430 σπέρματα
2651 3353 2894 3409 ἐνιαυτὸν
2917 3353 3004 3405 ἐπ’
3021 3348 3287 3403 ἐνιαυτόνο
3312 3343 3548 3414 φάγεσθε
3567 3342 3680 3414 γὰρ

2106 3460 2202 3512 σὺν
2234 3452 2428 3510 Μωάϐ.
2469 3471 2486 3501 ι
2525 3450 2634 3521 Τὴν
2669 3448 2756 3500 διὰ
2792 3444 2900 3497 τῶν
2935 3444 3071 3513 μετὰ
3107 3444 3293 3512 χεῖρας
3319 3435 3675 3505 ταλανιζομέ-

2103 3564 2200 3617 νην
2233 3544 2417 3616 Ἀριηλ
2441 3543 2535 3595 καὶ
2573 3539 2725 3592 αὐτοὶ
2752 3538 2801 3589 οἱ
2842 3534 3109 3588 Ἰουδαίων
3140 3532 3323 3593 παῖδες
3354 3525 3678 3599 ὁμολογοῦσι

2101 3638 2199 3710 τὴν
2244 3633 2594 3707 Ἰερουσαλὴμ
2643 3626 2813 3682 εἶναι·
2848 3627 2979 3696 φασὶ
3030 3625 3086 3677 δὲ
3126 3623 3271 3685 ἰδίως
3295 3621 3356 3674 τὸ
3388 3619 3677 3689 θυσιαστή-

2106 3748 2218 3805 ριον
2257 3730 2318 3782 τὸ
2360 3728 2466 3800 πρὸ
2507 3724 2600 3778 τοῦ
2627 3722 2756 3776 ναοῦ
2806 3720 3089 3782 συνεστός,
3126 3714 3310 3787 Ἀριὴλ
3338 3711 3672 3783 ὠνομάσθαι,

2103 3824 2195 3878 καὶ
2221 3822 2376 3875 τοῦτο
2395 3819 2554 3888 δῆλον
2578 3811 2716 3870 εἶναι
2744 3814 2852 3868 ἀπὸ
2878 3811 2971 3867 τοῦ
3001 3808 3279 3880 ’1εζεκιὴλ,
3311 3800 3371 3860 οῦ
3402 3805 3536 3876 πρὸς
3562 3807 3676 3867 τοῖς

2100 3916 2427 3978 τελευταίοις
2471 3914 2563 3965 ἐπὶ
2606 3910 2704 3979 τῆς
2755 3904 3062 3977 διαγραφῆς
3109 3902 3209 3971 τῆς
3261 3900 3466 3962 πόλεως
3500 3897 3674 3960 οὕτως

2101 4012 2314 4084 εἴρηται
2333 4022 2347 4037 °
2389 4028 2407 4059 ι
2452 4007 2560 4061 Καὶ
2585 4003 2758 4058 ταῦτα
2784 4000 2853 4053 τὰ
2885 4000 3057 4070 μέτρα
3079 3995 3172 4049 τοῦ
3203 3991 3582 4063 θυσιαστηρίου
3614 3990 3674 4042 ἐν

2102 4080 2265 4173 πήχει
2304 4102 2541 4172 πήχεως,
2591 4097 2682 4149 καὶ
2732 4091 3036 4160 παλαιστῆς
3078 4088 3344 4157 κόλπωμα
3376 4084 3535 4155 βάθος
3579 4080 3675 4133 ἐπὶ

2100 4194 2345 4263 πῆχυνί
2404 4192 2496 4244 καὶ
2512 4189 2639 4256 ἑξῆς
2660 4185 2911 4256 έπιςέρει
2933 4201 2947 4214 ο
2981 4182 3117 4237 «Καὶ
3143 4180 3203 4233 τὸ
3235 4177 3420 4252 Ἀριὴλ
3455 4174 3673 4245 πηχέων

2099 4286 2398 4356 τεσσάρων·
2418 4283 2511 4335 καὶ
2553 4280 2661 4333 ἀπὸ
2688 4278 2782 4332 τοῦ
2811 4275 2997 4349 Ἀριὴλ
3025 4271 3242 4343 πηχέων
3260 4269 3558 4339 τεσσάρων,

2100 4374 2206 4431 ἀπὸ
2229 4354 2323 4427 τοῦ
2358 4371 2542 4445 Ἀριὴλ
2573 4371 2663 4423 καὶ
2687 4369 2941 4439 ὑπεράνω
2958 4365 3061 4418 τῶν
3076 4366 3319 4432 κεράτων
3337 4359 3530 4429 πῆχυς.
3562 4354 3674 4408 Καὶ

430 4465 687 4532 drangula
735 4464 801 4518 atl
840 4474 1077 4535 quatuor
1113 4470 1299 4535 partes
1339 4476 1484 4516 suas.
1520 4481 1540 4515 ι
1592 4462 1785 4517 Dicunt
1827 4471 2004 4515 autem

2108 4466 2166 4521 τὺ
2208 4464 2394 4537 Ἀριὴλ
2411 4461 2599 4533 πηχῶν
2615 4461 2747 4516 δέκα
2763 4458 2874 4513 δύο.
2901 4457 3070 4528 μῆκος
3090 4455 3183 4506 ἐπὶ
3211 4454 3402 4522 πήχεις
3427 4447 3637 4503 δώδεκα
3654 4460 3669 4476 ⁸

430 4556 574 4611 Ariel
605 4556 935 4625 signiﬁcare,
969 4555 1048 4609 leo
1079 4554 1172 4609 Dei
1194 4569 1223 4618 .;
1271 4554 1397 4624 quia
1428 4553 1573 4607 enim
1613 4553 1821 4619 altare,
1857 4553 2000 4625 quod

2108 4557 2295 4620 πλάτος
2315 4555 2650 4627 τετράγωνον
2666 4553 2757 4605 ἐπὶ
2777 4551 3019 4621 τέσσαρα
3036 4546 3173 4619 μέρη
3202 4542 3384 4598 αὐτοῦ.
3425 4560 3445 4593 ι
3464 4539 3671 4610 Ἑρμη-

432 4644 529 4701 Dei
563 4656 703 4711 crat,
730 4645 911 4700 oblata
936 4645 1118 4699 omnia
1147 4644 1454 4698 animalium
1479 4644 1749 4699 sacrilicia
1777 4646 2000 4700 devora-

2108 4648 2349 4703 νεύεσθαι
2374 4646 2431 4700 δέ
2456 4661 2586 4714 φασι
2607 4643 2668 4696 τδ
2718 4639 2926 4713 Ἀριὴλ,
2954 4637 3112 4694 λέων
3132 4634 3304 4691 eam?
3332 4630 3518 4701 ἑπευδὴ
3561 4628 3683 4699 γάρ’

431 4737 546 4801 bat,
570 4738 690 4791 ideo
719 4739 771 4791 id
803 4737 1036 4791 nominis
1060 4737 1306 4791 sortitum
1334 4746 1435 4790 est.
1467 4736 1605 4791 Illud
1632 4745 1833 4802 autem,
1876 4755 1894 4789 ι
1927 4737 1999 4792 ci-

2108 4739 2189 4794 τοῦ
2219 4736 2353 4792 Θεοῦ
2381 4732 2449 4809 ἦν
2471 4735 2533 4788 τὸ
2556 4734 2959 4804 θυσιαστήριον,
3001 4726 3264 4801 κατήσθιέ
3293 4742 3354 4779 τε
3393 4723 3570 4778 πάντα
3602 4718 3675 4772 τὰ

430 4829 573 4884 vitas
608 4842 767 4896 quam
797 4826 1124 4897 expugnavit
1154 4826 1324 4881 David
1345 4866 1362 4892 ,
1395 4845 1413 4878 ι
1462 4826 1615 4880 aiunt
1649 4826 1702 4880 in
1746 4826 2004 4882 llebraico

2108 4835 2157 4887 ὲν
2195 4829 2344 4901 αὐτῷ
2370 4826 2788 4901 προσφερόμενα
2827 4822 2979 4888 ζώων
3020 4820 3259 4894 θύματα,
3286 4816 3476 4872 τούτου
3511 4812 3676 4886 χάριν

428 4918 725 4990 exemplari
753 4934 857 4974 non
880 4928 1140 4983 exstare;
1173 4918 1268 4972 sed
1305 4926 1363 4970 ut
1387 4917 1581 4987 Aquila
1613 4917 1999 4988 interpretatus

429 5020 538 5076 est,
572 5027 593 5062 ι
628 5008 914 5065 civitacula
944 5009 1119 5062 victus
1148 5006 1317 5061 David
1345 5024 1359 5072 ;
1400 5026 1419 5060 ι
1456 5009 1572 5061 sive
1606 5024 1627 5058 ι
1677 5007 2001 5064 circumval-

432 5102 669 5157 lationis.
706 5118 729 5154 ι
767 5099 915 5156 illam
945 5100 1147 5169 quippe
1195 5111 1321 5152 cum
1368 5106 1525 5152 antea
1573 5096 1997 5167 alienigenarum

433 5191 642 5258 luisset,
690 5190 859 5247 David
880 5230 897 5257 ,
926 5190 993 5245 iis
1031 5190 1273 5260 expulsis
1296 5229 1312 5256 ,
1346 5190 1536 5245 ditioni
1567 5204 1685 5246 sua:
1721 5191 1996 5257 subdidit;

430 5284 506 5339 ita
536 5292 595 5337 ut
623 5282 767 5337 illam
800 5296 1013 5353 quoque
1038 5291 1274 5336 mentem
1304 5295 1402 5337 nos
1443 5282 1781 5353 septuaginta
1823 5281 1998 5338 Inter-

433 5382 643 5442 pretnm
671 5374 908 5429 versioni
961 5382 1145 5442 aptare
1191 5372 1503 5443 possimus:
1534 5372 1608 5427 ita
1654 5375 1796 5428 enim
1828 5388 1996 5443 appo-

433 5465 537 5520 site
568 5465 794 5531 dicatur,
828 5464 1022 5519 civitas
1075 5478 1236 5534 quam
1276 5464 1601 5533 expugnavit
1636 5463 1800 5517 David
1829 5502 1844 5527 ,
1872 5477 1993 5517 cum

432 5553 534 5607 sub
556 5551 870 5625 alienigenis
899 5563 1061 5610 esset.
1087 5552 1274 5609 Potest
1299 5554 1427 5607 item
1458 5552 1559 5607 hoc
1583 5552 1883 5623 significatu
1909 5553 1991 5608 ἀίε-

504 5666 547 5697 ¹²
587 5666 783 5721 Ezecb.
816 5682 974 5733 thtt,
1012 5666 1094 5720 i3.

2093 4922 2299 4994 ταύτην
2326 4921 2515 4991 εἴληφε
2543 4918 2645 4989 τὴν
2690 4914 3079 4988 προσηγορίαν.
3122 4911 3197 4966 Τδ
3220 4909 3304 4973 δὲ,
3343 4927 3364 4958 ι
3412 4905 3575 4968 Πόλις
3603 4904 3676 4976 ἢν

2095 5013 2397 5083 ἐπολέμησε
2412 5009 2591 5075 Δαυῖδ,
2604 5028 2623 5060 ι
2639 5008 2701 5063 οὐ
2722 5006 2889 5078 φασὶν
2909 5002 3161 5077 εἰρῆσθαι
3181 5002 3240 5055 ἐν
3270 4998 3351 5070 τῷ
3379 4994 3671 5070 Ἐϐραῖκῷ·

2095 5102 2231 5158 ἀλλὰ
2254 5100 2397 5155 κατὰ
2437 5100 2536 5171 μὲν
2570 5098 2663 5153 τὸν
2702 5097 2955 5158 Ἀκύλαν,
2991 5113 3010 5146 ι
3052 5091 3290 5161 Πολίχνη

2094 5192 2277 5257 Δαυῒδ,
2318 5210 2337 5243 ι
2366 5193 2484 5263 ἤτοι
2512 5190 2627 5262 (35)
2649 5209 2667 5241 ι
2688 5186 3139 5262 παρεμϐλὴσεως·
3169 5201 3189 5236 ι
3217 5177 3528 5249 ἀλλοφύλων
3563 5176 3675 5247 γὰρ

2100 5280 2264 5339 οὖσαν
2291 5282 2459 5354 αὐτὴν
2488 5282 2751 5355 πρότερον
2780 5282 2809 5334 ὁ
2836 5276 2999 5333 Aet-41.5
3021 5273 3331 5347 ὑποχείριον
3354 5266 3675 5355 tantum.

2101 5375 2226 5438 τοὺς
2270 5352 2598 5443 ἀλλοφύλοῦς
2639 5352 2839 5434 ἐλάσας
2890 5367 2951 5433 ἐξ
2995 5364 3204 5435 αὑτῆςο
3242 5358 3385 5417 ὥστε
3412 5352 3676 5412 δύνασθαι

2103 5465 2248 5535 ἡμᾶς
2285 5464 2380 5517 καὶ
2424 5466 2535 5526 τοῖς
2596 5461 2993 5531 Ἑϐδομήκοντα
3044 5452 3356 5527 ἐφαρμόσαι
3399 5447 3498 5520 τὴν
3553 5445 3675 5499 διά-

2096 5571 2244 5608 νοιαν
2297 5554 2391 5624 τὴν
2436 5555 2627 5623 αὑτήν.
2676 5550 2830 5606 Οὕτω
2878 5550 2989 5621 γὰρ
3020 5549 3087 5603 ἂν
3117 5547 3357 5616 λέγοιτο⁸
3399 5539 3561 5603 Πόλις
3609 5536 3675 5605 ἣν

508 5756 621 5822 (‘53)
654 5756 745 5811 Sic
767 5755 903 5822 Reg.
935 5756 1208 5819 membr.;
1238 5770 1352 5821 quae
1384 5766 1651 5818 postrema
1681 5755 1842 5810 lectio
1870 5754 2042 5810 fertur
2076 5754 2235 5809 etiam
2263 5752 2398 5813 apud
2428 5751 2697 5805 Drustum.
