3862 6210
211 201 318 256 297

1129 203 1634 266 (ΣΟΜΠΕΝΤΑΒΙΔ
1670 203 1736 266 ιΝ
1776 203 2033 266 ISAJAM.
2075 236 2145 246 -—
2177 201 2333 266 CAP.
2375 203 2566 272 XXIX.

3373 204 3476 266 298

210 319 528 391 ἐπολέμησε
557 318 743 384 Δαυῖδ,
778 321 868 382 ὅτε
917 321 1022 378 ὑπὸ
1084 321 1403 393 ἀλλοφύλοις
1433 317 1522 394 ἦν.
1567 321 1793 382 Δύναται

1903 332 2049 382 ctum
2082 321 2270 387 fuisse,
2305 339 2326 373 ι
2360 335 2456 390 per
2488 333 2649 392 quam
2690 321 3018 392 expugnavit
3061 319 3251 394 David.
3291 342 3310 376 ι
3341 322 3479 381 Illud

211 411 272 471 δὲ
295 411 394 468 καὶ
417 411 542 467 ἀντὶ
567 410 682 476 τοῦ,
711 431 729 464 ι
759 412 827 466 δι’
852 414 917 483 ῆν
944 413 1250 485 ἐπολέμησε
1281 413 1462 479 Δαυῖδ,
1486 435 1507 468 ι
1525 412 1798 481 λέγεσθαι.

212 501 288 554 Τὸ
311 500 392 563 δὲ,
429 519 448 551 ‹
492 502 839 572 Συναγάγετε
877 504 1215 574 γεννήματα,
1260 523 1280 556 ›
1308 505 1474 576 φησίν
1497 521 1512 534 ο
1543 505 1668 560 ὅσον
1695 504 1802 574 γάρ

211 589 371 648 οὔπω
401 592 808 663 στερηθήσεσθε
838 594 1487 668 πάσηςλογικῆςτροιρῆς.
1507 597 1594 660 ’ῼς
1615 591 1801 670 Esto-5v

213 682 409 752 καιρός
430 683 567 746 ἐστι,
588 683 862 754 χρήσασθε
875 687 986 748 τοῖς
1006 669 1268 749 ἐνιαυτοῖς
1280 687 1492 750 τούτοις
1505 687 1651 758 ,πρὸς
1661 669 1803 756 ὠφέ-

211 773 364 826 λειαν
387 773 500 826 τῶν
530 775 810 846 ὑμετέρων
831 776 1018 848 ψυχῶν
1040 796 1054 810 ο
1081 779 1174 834 καί
1197 797 1286 850 μοι
1309 779 1458 834 δοκεῖ
1481 780 1570 840 διὰ
1597 779 1802 840 τούτων

211 864 547 918 αἰνίττεσθαι
581 867 673 920 τὸν
720 869 909 940 χρόνον
959 869 1052 923 τοῦ
1107 871 1374 942 σωτηρίου
1423 870 1798 945 κηρύγματος,

212 955 338 1008 καθ’
366 957 429 1009 ὃν
453 957 798 1029 ἐπιδημήσας
816 960 997 1024 αὐτοῖς
1015 961 1044 1012 ό
1065 961 1277 1032 Σωτὴρ,
1301 961 1594 1033 ἐκήρυττεν
1620 963 1800 1014 ἐνιαυ-

207 1047 303 1100 τὸν
330 1049 545 1119 Κυρίου
571 1049 760 1113 δεκτὸν
797 1051 893 1112 καὶ
932 1050 1149 1122 ἡμέραν
1178 1051 1604 1116 ἀνταποδόσεως.
1645 1053 1800 1122 Τάχα

208 1139 266 1192 δέ
293 1141 393 1194 καὶ
421 1141 670 1214 δεύτερον
695 1143 878 1208 αὐτοῖς
901 1142 1170 1206 ἐνιαυτὸν,
1197 1143 1231 1215 ἢ
1257 1146 1353 1207 καὶ
1383 1145 1566 1216 τρίτον
1591 1144 1802 1216 ὡμιλησ

209 1233 327 1297 κὼς
366 1233 637 1302 φαίνεται.
679 1235 850 1288 Αὐτὸν
890 1231 982 1290 οὖν
1021 1237 1227 1289 ἐκεῖνον
1269 1235 1391 1290 καθ’
1433 1236 1493 1290 ὃν
1538 1239 1801 1310 παρεῖχεν

209 1327 400 1390 αὐτοῖς
425 1327 497 1380 τὰ
535 1329 662 1400 περὶ
703 1331 802 1399 τῆς
825 1328 934 1382 τῶν
961 1328 1206 1400 οὐρανῶν
1237 1329 1516 1400 βασιλείας
1547 1330 1802 1402 μαθήμα-

209 1435 299 1480 τα,
319 1419 600 1489 σημαίνων
632 1420 764 1490 φησί
784 1437 796 1450 ο
829 1439 848 1472 ι
872 1421 1214 1490 Συναγάγετε
1244 1421 1591 1492 γεννήματα,
1619 1423 1802 1478 ἐνιαυ-

210 1506 306 1564 τὸν
333 1510 424 1562 ἐπ’
451 1508 695 1562 ἐνιαυτὸν
728 1509 987 1578 φάγεσθε.
1015 1529 1036 1568 ›

291 1620 312 1651 ι
363 1601 634 1670 Ἐκθλίψω
656 1602 764 1672 γὰρ
806 1603 1010 1674 Ἀριὴλ,
1045 1603 1139 1660 καὶ
1172 1601 1325 1658 ἔσται
1357 1601 1536 1673 ,αὐτῆς
1569 1605 1601 1675 ή
1649 1605 1800 1676 ἰσχὺς

1903 429 2031 468 vero
2055 453 2071 480 ,
2111 431 2131 466 ι
2168 424 2490 484 congregate
2513 412 2759 477 fructus,
2788 431 2811 475 ,ι
2849 413 2955 480 hoc
3005 427 3170 490 sensu
3195 416 3368 492 dicit:
3401 421 3476 485 si-

1895 507 2123 576 quidem
2165 507 2471 576 proximum
2503 514 2583 560 est
2629 515 2689 560 ut
2719 507 3025 563 rationabili
3073 508 3194 576 cibo
3220 510 3476 584 careatis.

1901 595 2037 652 Dum
2077 597 2245 668 igitur
2275 607 2488 668 tempus
2512 607 2619 678 est,
2665 597 2818 658 hisce
2863 600 3020 656 annis
3052 585 3116 656 ad
3170 601 3479 676 animarum

1903 696 2200 756 vestrarum
2231 689 2519 754 utilitatem
2554 689 2795 762 lruimini
2823 707 2837 746 :
2869 692 3108 762 mihique
3138 693 3356 766 videtur
3389 695 3478 759 his

1901 777 2244 834 subindicare
2269 779 2524 850 salutaris
2550 781 2948 858 praedicationis
2966 767 3198 860 tempus,
3215 765 3320 854 quo
3335 773 3477 860 apud

1899 867 2021 926 illos
2046 870 2425 940 peregrinatus
2459 869 2739 944 Salvator,
2784 859 3103 942 prtedicavit
3129 891 3330 940 annum
3365 876 3474 934 Do-

1901 958 2031 1012 mini
2062 961 2453 1036 acceptabiiem
2484 971 2539 1018 et
2572 951 2788 1032 tempus:
2833 965 3228 1038 retributionis.
3267 968 3332 1022 Et
3366 968 3477 1023 for-

1895 1055 2054 1112 tasse
2085 1049 2315 1118 alterum
2346 1068 2591 1130 annum,
2630 1055 2737 1120 imo
2759 1054 2900 1134 forte
2933 1056 3152 1126 tertium
3180 1044 3343 1122 ,Veum
3372 1057 3478 1112 illis

1901 1150 2252 1200 conversatus
2289 1141 2552 1220 videatur.
2597 1140 2750 1200 lllnm
2802 1143 2984 1213 itaque
3033 1137 3207 1213 ipsum
3244 1157 3476 1210 annum,

1893 1246 2008 1301 quo
2032 1231 2160 1300 ipsis
2177 1232 2243 1286 de
2271 1247 2438 1301 regno
2462 1232 2721 1308 caelorum
2749 1232 2994 1312 instituta
3026 1233 3478 1305 disciplinamque

1899 1321 2145 1394 tradidit,
2179 1321 2498 1394 signiﬁcans
2527 1323 2638 1388 ait,
2669 1340 2689 1374 ι
2723 1323 3063 1398 Congregate
3107 1324 3339 1402 fructus,
3373 1341 3476 1382 an-

1894 1429 2028 1470 num
2055 1429 2218 1485 supra
2247 1429 2449 1470 annum
2483 1415 2802 1474 comedetis.
2839 1435 2859 1469 ι

1970 1593 2136 1650 Vens.
2163 1594 2281 1651 2-5.
2319 1615 2338 1647 ι
2371 1595 2614 1674 ᾼΙῙιῖεθίῐη
2651 1597 2792 1654 enim
2819 1597 2988 1664 Ariel,
3015 1605 3070 1668 et
3094 1599 3199 1680 erit
3227 1597 3342 1668 ejus
3367 1597 3477 1656 for-

211 1688 310 1742 καὶ
333 1689 363 1739 ὁ
398 1687 625 1751 πλοῦτος
653 1689 793 1760 ἐμοί.
838 1691 948 1744 Καὶ
991 1690 1257 1745 κυκλώσω
1299 1692 1376 1756 ὡς
1395 1691 1559 1754 Δαυῒδ
1586 1693 1679 1752 ἐπὶ
1709 1694 1788 1758 σὲ,

1903 1684 2067 1756 litudo
2097 1694 2151 1740 et
2189 1686 2395 1768 divitiae
2423 1687 2577 1743 mihi.
2623 1687 2694 1744 Et
2723 1689 3072 1770 circumdabo
3112 1698 3168 1744 te
3199 1689 3343 1745 sicut
3371 1689 3480 1745 Da-

213 1780 312 1834 καὶ
350 1779 502 1848 βαλῶ
536 1782 616 1844 εἰς
648 1783 887 1852 χάρακα,
935 1783 1029 1842 καὶ
1053 1783 1411 1856 οἰκοδομήσω,
1437 1783 1586 1856 θήσω
1609 1786 1702 1840 ἐπὶ
1737 1785 1798 1846 σὲ

211 1867 482 1938 πύργους.
518 1869 628 1921 Καὶ
655 1869 1149 1942 ταπεινωθήσονται
1174 1873 1223 1926 οί
1256 1872 1400 1942 λόγοι
1439 1891 1555 1937 σου,
1591 1876 1687 1930 καὶ
1716 1878 1797 1940 εἰς

207 1961 312 2029 τὴν
336 1959 443 2029 γῆν
474 1960 524 2012 οἰ
566 1960 714 2029 λόγοι
753 1978 846 2014 σου
887 1962 1151 2018 δύσονται.
1182 1965 1293 2024 Καὶ
1321 1964 1474 2019 ἔσται
1501 1949 1652 2030 ὼςόἰ
1687 1985 1800 2037 φω-

209 2052 448 2116 νοῦντες
472 2053 538 2106 ἐκ
571 2053 674 2124 τῆς
709 2055 810 2126 γῆς
837 2057 869 2126 ή
906 2058 1055 2128 φωνή
1088 2074 1204 2122 σου,
1233 2057 1487 2130 καὶπρὸς
1515 2061 1576 2112 τὸ
1605 2059 1798 2129 ἔδαφος

209 2144 244 2212 ἡ
272 2145 429 2216 φωνή
473 2162 565 2198 σου
595 2145 906 2218 ἀσθενήσει.
947 2149 1060 2214 Καὶ
1095 2148 1248 2203 ἔσται
1279 2149 1354 2212 ὡς
1389 2150 1664 2222 κονιορτὸς
1692 2151 1800 2204 ἀπὸ

206 2235 413 2306 τροχοῦ
447 2239 476 2290 6
503 2235 731 2302 πλοῦτος
768 2238 877 2292 τῶν
923 2239 1158 2303 ἀσεϐῶν,
1207 2241 1301 2302 καὶ
1335 2241 1417 2306 ti);
1444 2241 1604 2312 χνοῦς
1639 2243 1800 2317 φερό-

211 2340 380 2393 μενος
441 2325 504 2378 τὸ
549 2326 752 2397 πλῆθος
803 2329 914 2382 τῶν
956 2330 1530 2388 καταδυναστευόντων
1572 2350 1652 2397 σε,
1707 2334 1800 2398 καὶ

205 2415 371 2468 ἐσται
397 2417 473 2479 ὡς
498 2418 700 2490 στιγμὴ
732 2422 1074 2493 παραχρῆμα
1105 2422 1258 2493 παρὰ
1283 2423 1486 2495 Κυρίου
1511 2424 1792 2486 Σαϐαὼθ.»

213 2505 430 2577 Ὥσπερ
461 2507 570 2577 γάρ
605 2525 732 2560 ποτε
773 2511 803 2562 6
853 2509 1014 2567 Δαυῒδ
1050 2511 1402 2584 παρεμϐολὴν
1444 2513 1575 2584 περὶ
1619 2513 1677 2566 σὲ
1701 2514 1800 2587 τὴν

229 2594 582 2666 -Ιερουσαλὴμ
605 2596 904 2672 ἐκύκλωσε,
935 2599 1023 2652 ὅτε
1049 2598 1360 2668 ἀλλοφύλων
1375 2593 1538 2672 ἦσθα,
1565 2601 1658 2664 καὶ
1681 2601 1801 2654 ἐπο-

203 2684 427 2757 ,λεμησέ
468 2703 528 2738 σε
563 2686 716 2739 πόλιν
768 2683 932 2742 οὖσαν
985 2689 1332 2758 ἀλλοφύλων·
1381 2691 1523 2750 οὕτω
1584 2691 1739 2766 κάγὼ
1763 2694 1799 2766 ,ὁ

209 2776 390 2848 ταῦτα
404 2777 577 2847 λέγων
602 2778 806 2851 Κύριος
830 2781 925 2854 νῦν
943 2797 1000 2856 σε
1026 2781 1307 2840 κυκλὼσω.
1336 2782 1670 2852 Ἀλλοφύλων
1691 2784 1799 2857 γὰρ

209 2872 529 2942 οἰκητήριον
573 2872 822 2940 γέγονας,
874 2873 1222 2946 πληρωθεῖσα
1263 2875 1448 2930 κακῶν
1493 2877 1795 2950 ἀρχόντων.

211 2964 396 3035 "Amp
432 2965 735 3036 ἐπληροῦτο
761 2966 899 3038 μετά
930 2967 999 3020 τὰ
1022 2968 1362 3040 τολμηθέντα
1396 2973 1510 3034 τοῖς
1542 2971 1642 3043 τὴν
1693 2972 1794 3025 Ἱε-

213 3056 500 3128 pavoni-hy.
530 3057 738 3116 οἰκοῦσι
773 3058 914 3117 κατά
954 3058 1049 3112 τοῦ
1100 3059 1350 3136 Σωτῆρος
1377 3061 1793 3136 ὴμῶνάκολού-

211 3146 344 3210 Οως,
376 3135 468 3210 ὡς’
487 3147 582 3200 καὶ
616 3147 775 3212 αὐτὸ..
797 3151 836 3202 ιό
873 3150 1094 3222 Σωτὴρ,
1141 3135 1626 3224 ἀποκλαυσάμενος
1670 3153 1795 3208 τότε

207 3239 312 3308 τὴν
339 3238 717 3311 Ἰερουσαλὴμ,
752 3240 1164 3312 ἀναγέγραπται
1199 3241 1458 3314 εἰρηκώς
1487 3262 1506 3294 t
1537 3244 1600 3296 Εἰ
1621 3243 1795 3313 ἔγνως

209 3330 309 3392 ¹καὶ
351 3330 416 3382 σύ
445 3348 507 3400 γε
540 3330 608 3384 τά
635 3331 770 3402 πρὸς
802 3333 1023 3403 εἰρήνην
1061 3351 1174 3397 σου,
1215 3335 1297 3388 ὅτι
1343 3335 1562 3406 ἥξουσιν
1592 3335 1799 3407 ἡμέραι

210 3423 304 3474 ἐπὶ
354 3423 446 3487 σὲ,
499 3423 593 3477 καὶ
635 3425 1082 3497 παρεμϐαλοῦσιν
1128 3428 1222 3480 ἐπὶ
1261 3427 1321 3480 σὲ
1362 3428 1412 3480 οἰ
1463 3427 1648 3500 ἐχθροί
1702 3445 1796 3481 σου

211 3513 456 3590 χάρακα,
483 3515 574 3566 καὶ
603 3513 942 3568 κυκλώσουσί
984 3533 1072 3582 σε,
1110 3518 1203 3570 καὶ
1237 3519 1316 3581 εἰς
1343 3517 1443 3588 τὴν
1473 3518 1578 3588 γῆν
1613 3517 1799 3586 ἐδαφι-

211 3606 411 3678 σθήσῃ.
444 3626 465 3658 ι
1711 3596 1714 3598 Ὺ

271 3718 304 3763 Δι
344 3699 652 3771 Ἐπισκοπὴ
675 3700 784 3772 γὰρ
817 3701 970 3754 ἔσται
998 3701 1137 3774 μετὰ
1155 3701 1404 3774 βροντῆς,
1430 3701 1523 3755 καὶ
1545 3701 1794 3775 σεισμοῦ,

211 3790 305 3842 καὶ
348 3791 537 3862 φωνῆς
575 3791 834 3863 μεγάλης,
878 3793 1132 3861 καταιγὶς
1183 3791 1482 3864 φερομένη,
1522 3793 1614 3846 καὶ
1663 3790 1799 3862 φλὸξ

207 3881 383 3950 πυρὸς
412 3881 788 3937 κατεσθίουσα.
833 3901 851 3934 ι
880 3885 956 3936 Δι’
982 3875 1055 3936 ὧν
1087 3884 1307 3954 ᾐνίξατο
1344 3882 1419 3946 ὡς
1439 3883 1545 3954 ἄρα
1571 3882 1666 3936 καὶ
1698 3901 1802 3936 πυ-

207 3976 507 4046 ρίκαυστος
523 3977 812 4046 γενήσεται
837 3979 869 4048 ἡ
899 3977 1072 4042 πόλις,
1105 3977 1312 4031 ἄνωθεν
1332 3979 1396 4041 ἐκ
1411 3976 1546 4030 Θεοῦ
1570 3976 1796 4052 βροντῆς

204 4069 300 4122 καὶ
332 4067 560 4138 σεισμοῦ
601 4070 696 4134 καὶ
722 4069 1032 4138 καταιγίδος
1064 4071 1185 4122 κατ’
1214 4068 1387 4139 αὐτῆς
1420 4068 1755 4140 ἐνεχθείσης.

280 4177 299 4209 ι
336 4159 450 4212 Καὶ
475 4159 630 4213 ἔσται
659 4161 734 4224 ὼς
767 4161 796 4212 ὁ
827 4160 1283 4232 ἐνυπνιαζόμενος
1305 4162 1361 4215 ἐν
1395 4159 1547 4231 ῦπνῳ
1570 4163 1599 4214 6
1631 4159 1796 4212 πλοῦ-

200 4267 295 4314 τος
332 4250 505 4316 ἐθνῶν
545 4252 785 4317 πάντων,
823 4253 939 4306 ὅσοι
980 4252 1421 4323 ἐπεστράτευσαν
1455 4251 1549 4304 ἐπὶ
1583 4251 1792 4323 Ἀριὴλ,

1900 1774 2011 1839 vid,
2038 1783 2096 1830 et
2120 1764 2348 1846 cingam'
2369 1784 2421 1829 te
2452 1775 2614 1841 vallo,
2639 1787 2693 1832 et
2714 1788 3016 1850 exstruam,
3036 1767 3091 1833 et
3121 1792 3316 1856 ponam
3343 1791 3478 1831 con-

1901 1871 1982 1918 tra
2013 1872 2063 1918 te
2090 1873 2287 1920 turres.
2321 1863 2390 1920 Et
2411 1865 2853 1936 'humiliabuntur
2891 1881 3174 1922 sermones
3205 1866 3303 1932 tui,
3336 1875 3392 1921 et
3421 1865 3477 1922 in

1891 1961 2104 2010 terram
2138 1954 2394 2010 subibunt
2427 1955 2590 2009 verba
2617 1964 2729 2009 tua.
2765 1954 2834 2009 Et
2857 1955 3242 2026 erittanquam
3269 1954 3362 2024 qui
3399 1953 3476 2009 lo-

1899 2053 2142 2115 quuntur
2175 2044 2243 2102 de
2283 2055 2427 2100 terra
2457 2059 2558 2099 vox
2609 2053 2698 2099 tua
2727 2086 2742 2113 ,
2786 2053 2839 2102 et
2871 2046 2937 2101 ad
2982 2035 3350 2116 pavimentum
3374 2059 3482 2100 vox

1902 2145 1990 2192 tua
2037 2135 2403 2210 infirmabit‘ur
2440 2153 2457 2204 ;
2505 2145 2565 2214 et
2608 2146 2770 2209 erunt
2808 2145 3064 2207 tanquam
3093 2137 3268 2206 pulvis
3299 2151 3330 2191 a
3361 2146 3481 2192 rota

1891 2225 2101 2294 divitia:
2150 2226 2463 2296 impiorum,
2490 2236 2547 2284 et
2599 2227 2741 2283 sicut
2782 2226 2967 2283 favilla
2991 2237 3267 2286 commota
3289 2227 3478 2310 multi-

1903 2319 2030 2373 tudo
2056 2333 2241 2375 eorum
2275 2319 2366 2388 qui
2400 2327 2452 2374 te
2479 2319 2765 2388 subigent:
2806 2328 2862 2375 et
2901 2320 3007 2378 erit
3053 2329 3310 2400 tanquam
3339 2335 3482 2390 pun-
3567 2323 3576 2338 ’

1901 2419 2049 2464 ctum
2083 2410 2370 2465 confestim
2409 2425 2438 2464 a
2475 2411 2709 2465 Domino
2752 2409 3016 2471 Sabaoth.
3062 2430 3082 2463 ι
3113 2399 3482 2482 Quemadmo-

1901 2497 2026 2557 dum
2055 2501 2199 2556 enim
2230 2501 2398 2556 David
2429 2502 2698 2570 quondam
2722 2513 2902 2560 castra
2930 2501 3227 2569 contrate,
3252 2501 3479 2558 Jerusa-

1901 2589 2028 2659 lem,
2061 2591 2268 2661 posuit,
2299 2603 2460 2662 teque
2484 2592 2868 2657 circumsedit,
2898 2607 3023 2648 cum
3053 2593 3108 2654 in
3144 2591 3482 2663 alienigena-

1901 2697 2020 2736 rum
2048 2669 2254 2738 ditione
2278 2696 2448 2750 esses,
2476 2692 2636 2755 teque
2664 2684 3025 2754 expugnavit;
3053 2684 3132 2739 sic
3161 2692 3216 2738 et
3236 2679 3356 2760 ego,
3383 2684 3480 2764 qui

1899 2773 2015 2850 haec
2040 2773 2248 2844 loquor,
2281 2774 2559 2843 Dominus,
2593 2791 2737 2831 nunc
2771 2786 2822 2830 te
2853 2775 3136 2848 obsidebo.
3168 2775 3304 2838 Nam
3333 2769 3474 2833 alie-

1901 2862 2222 2932 nigenarum
2277 2863 2607 2920 domicilium
2645 2867 2914 2935 evasisti,
2961 2864 3224 2938 improbis
3273 2867 3476 2937 repleta

1899 2961 2257 3032 principibus.
2287 2961 2417 3030 Quae
2443 2962 2658 3033 impleta
2684 2971 2828 3028 sunt,
2855 2971 2978 3033 post
3001 2971 3373 3034 perpetratum
3412 2963 3480 3036 al:

1899 3054 2368 3128 Jerosolymitanis
2394 3065 2581 3130 contra
2605 3055 2942 3112 Salvatorem
2974 3064 3219 3112 nostrum
3245 3056 3484 3121 facinus;

1900 3149 2040 3204 sicut
2089 3149 2204 3219 ipse
2249 3148 2511 3205 Servator
2538 3148 2968 3220 Hierosolymam
3017 3147 3304 3220 deplorans
3351 3158 3481 3203 tunc

1900 3241 2104 3302 dixisse
2131 3240 2327 3313 legitur
2349 3255 2372 3296 ι
2409 3260 2427 3292 ι
2463 3239 2520 3296 Si
2553 3241 2902 3313 cOgnovisses
2933 3249 2990 3296 et
3020 3248 3098 3307 tu,
3142 3255 3263 3310 qua:
3287 3239 3352 3293 ad
3386 3255 3481 3308 pa-

1899 3349 2020 3389 cem
2061 3321 2230 3401 tuam,
2263 3335 2388 3406 quia
2418 3333 2636 3390 venient
2665 3334 2782 3390 dies
2823 3331 2879 3392 in
2929 3343 3002 3399 te,
3064 3342 3120 3388 et
3157 3333 3479 3397 circumda-

1897 3427 2034 3506 bunt
2063 3437 2118 3506 te
2162 3428 2364 3507 inimici
2403 3428 2475 3484 tui
2512 3426 2676 3494 vallo.
2725 3435 2782 3482 et
2808 3421 3133 3488 obéidebunt
3187 3434 3241 3494 te
3265 3463 3282 3491 ,
3314 3433 3374 3480 et
3410 3424 3478 3496 ad

1902 3533 2105 3580 terram
2139 3521 2408 3592 dejicieris
2434 3521 2501 3574 “.
2535 3539 2566 3594 Γ»

1972 3697 2135 3756 Vsus.
2168 3700 2221 3756 6.
2266 3721 2284 3752 ‹
2333 3701 2584 3778 Visitatio
2620 3702 2762 3758 enim
2810 3703 2917 3758 erit
2960 3717 3081 3762 cum
3129 3702 3369 3769 tonitru,
3422 3713 3480 3762 et

1901 3799 2060 3846 terrm
2089 3801 2267 3864 .motu,
2298 3801 2354 3847 et
2385 3808 2516 3850 voce
2561 3808 2758 3866 magna
2805 3811 2820 3849 :
2873 3793 3107 3868 procella
3154 3793 3391 3864 irruens,
3423 3805 3482 3850 et

1897 3882 2117 3940 ﬂamma
2143 3883 2283 3958 ignis
2315 3883 2603 3942 devorans.
2643 3871 2662 3937 ι
2697 3884 2862 3952 Queis
2891 3884 3204 3940 subindicat
3230 3884 3481 3942 incendio

1900 3964 2289 4028 absumendam
2312 3975 2536 4044 urbem,
2562 3975 2887 4031 immittente
2913 3975 3024 4030 Deo
3049 3991 3263 4031 sursum
3288 3986 3480 4033 contra

1901 4061 2048 4118 illam
2081 4064 2310 4130 tonitru,
2342 4071 2500 4119 terras
2538 4076 2742 4119 motum
2778 4075 2835 4121 et
2863 4065 3182 4134 procellam.

1974 4152 2142 4209 Vsus.
2185 4153 2240 4220 7,
2271 4154 2328 4210 8.
2372 4172 2392 4205 ‹
2428 4153 2493 4208 Ει
2525 4163 2686 4210 erunt
2712 4163 2968 4225 tanquam
3021 4155 3116 4226 qui
3155 4157 3392 4213 somniat|
3420 4159 3480 4214 in

1900 4262 2092 4302 somno
2124 4261 2257 4322 opes
2301 4249 2538 4318 gentium
2571 4248 2852 4314 omnium,
2895 4257 3164 4330 quotquot
3211 4250 3479 4306 militave-

201 4342 299 4394 καὶ
335 4341 540 4404 πάντες
567 4342 618 4394 οἰ
651 4344 1114 4416 στρατευσάμενοι
1143 4343 1238 4395 ἐπὶ
1285 4341 1667 4414 Ἰερουσαλὴμ,
1701 4342 1793 4412 καὶ

1907 4349 2032 4394 runt
2084 4341 2345 4395 adversus
2407 4338 2598 4404 Ariel,
2655 4348 2713 4394 et
2767 4349 3032 4410 quotquot
3107 4341 3480 4396 militaverunt

200 4433 411 4497 πάντες
454 4434 504 4486 οἱ
540 4433 868 4504 συνηγμένοι
917 4435 1005 4486 ἐπ’
1036 4432 1240 4503 αὐτὴν,
1289 4432 1384 4486 καὶ
1418 4433 1467 4485 οἱ
1515 4431 1790 4495 θλίϐοντες

201 4526 397 4595 αὐτήν.
447 4525 559 4577 Καὶ
606 4524 819 4578 ἔσονται
865 4525 941 4590 ὡς
976 4526 1026 4579 οἱ
1063 4526 1122 4577 ἐν
1166 4525 1320 4596 ὕπνῳ
1356 4525 1604 4588 πίνοντες
1631 4565 1644 4587 ,
1694 4523 1790 4576 καὶ

198 4617 498 4679 ἐσθίοντες,
531 4617 624 4669 καὶ
653 4616 1080 4684 ἐξαναστάντων,
1120 4615 1346 4688 μάταιον
1379 4617 1557 4670 αὐτῶν
1591 4617 1652 4669 τὸ
1700 4617 1788 4668 ἐν-

201 4709 416 4760 ύπνιον.
461 4707 574 4759 Καὶ
636 4706 694 4759 ὃν
747 4707 947 4779 τρόπον
996 4708 1374 4778 ἐνυπνιάζεται
1405 4710 1434 4761 ὁ
1475 4708 1643 4777 διψῶν
1693 4708 1788 4761 καὶ

197 4799 398 4862 πίνων,
429 4798 526 4852 καὶ
551 4798 852 4872 ἐξαναστάς
883 4798 961 4852 ἔτι
993 4799 1121 4872 διψᾷ
1141 4817 1153 4829 ·
1189 4802 1222 4870 ἡ
1255 4800 1311 4852 δὲ
1338 4799 1485 4870 ψυχὴ
1510 4798 1674 4853 αὑτοῦ
1709 4800 1788 4863 εἰς

201 4891 362 4944 κενὸν
408 4891 668 4962 ἤλπισεν·
707 4890 880 4956 οὕτως
934 4891 1087 4946 ἔσται
1118 4893 1146 4944 ό
1184 4891 1411 4956 πλοῦτος
1455 4891 1564 4945 τῶν
1613 4889 1787 4944 ἐθνῶν

201 4983 448 5046 πάντων,
480 4982 595 5034 ὅσοι
628 4981 1054 5053 ἐξεστράτευσαν
1089 4983 1182 5036 ἐπὶ
1215 4982 1278 5036 τὸ
1307 4983 1431 5054 ὄρος
1466 4981 1625 5037 Σιών.
1655 5000 1673 5031 ι
1705 4982 1784 5032 Δι’

200 5069 275 5128 ὧν
305 5074 531 5145 ᾐνίξατο
555 5075 653 5146 τὴν
680 5075 973 5128 ἀπόλαυσιν
1000 5075 1102 5150 τῆς
1129 5077 1186 5128 ἐν
1218 5074 1291 5144 τῷ
1316 5075 1417 5145 βίῳ
1442 5073 1615 5144 τούτῳ
1651 5090 1785 5145 τρυ-

200 5167 310 5235 φῆς
338 5166 452 5220 τῶν
499 5166 824 5238 Ῥωμαϊκῶν
858 5166 1156 5239 ἀρχόντων.
1200 5160 1362 5220 Οὗτοι
1409 5167 1515 5238 γάρ
1555 5161 1695 5238 ἦσαν
1735 5165 1786 5218 οἰ

199 5257 298 5326 τὴν
326 5256 567 5328 ἐσχάτην
590 5257 902 5328 πολιορκίαν
927 5257 1298 5326 ἐπαγαγόντες
1314 5259 1380 5327 τῇ
1405 5255 1780 5329 Ἰερουσαλήμ.

214 5348 416 5419 Ἐχρῆν
435 5349 542 5417 γάρ
555 5349 701 5418 ἡμᾶς
720 5348 815 5402 καὶ
839 5349 968 5419 περὶ
983 5347 1163 5401 αὐτῶν
1179 5366 1230 5402 τι
1254 5347 1467 5420 μαθεῖν,
1482 5348 1576 5401 καὶ
1598 5347 1782 5400 ὁποῖον

201 5441 354 5495 ἔσται
387 5441 567 5494 καὶτὸ
601 5441 776 5494 αὐτῶν
804 5441 957 5504 τέλος
988 5442 1320 5514 διδαχθῆναι.
1363 5441 1531 5512 Φησίν
1561 5435 1652 5496 οῦν
1693 5439 1784 5493 τὸν

287 5640 332 5670 ¹⁶
365 5639 500 5694 an.
537 5654 648 5698 xix.
677 5639 762 5694 43.

535 5732 803 5794 PATROL.
850 5733 968 5794 Gn.
1018 5733 1252 5795 XXIV.

1900 4426 2162 4492 adversus
2214 4425 2555 4497 Jerusalem,
2621 4435 2676 4484 et
2711 4455 2716 4462 -
2753 4429 3030 4493 universi,
3103 4427 3192 4498 qui
3247 4445 3475 4500 congre-

1899 4519 2008 4588 gati
2050 4528 2176 4573 sunt
2209 4520 2468 4584 adversus
2492 4535 2609 4576 eam
2634 4560 2651 4588 ,
2679 4531 2732 4574 et
2758 4521 2849 4590 qui
2879 4521 3190 4578 aﬂlixertmt
3233 4537 3374 4578 eam.
3409 4523 3475 4577 Et

1897 4620 2060 4664 erunt
2094 4611 2234 4665 sicut
2261 4611 2352 4680 qui
2385 4611 2437 4665 in
2475 4611 2678 4668 somnis
2715 4612 2906 4667 bibunt
2931 4622 2986 4667 et
3013 4611 3342 4678 comedunt;
3375 4615 3471 4669 sed

1896 4719 2017 4757 cum
2051 4716 2446 4772 surrexerunt,
2475 4719 2677 4758 vanum
2720 4713 2804 4760 est
2842 4705 3111 4760 somnium
3150 4720 3360 4762 eorum.
3401 4707 3472 4774 Et

1897 4797 2038 4852 sicut
2061 4799 2153 4868 qni
2189 4813 2282 4869 per
2313 4785 2577 4852 somnium
2614 4799 2748 4855 bibit
2777 4807 2830 4854 et
2852 4799 3180 4861 comedit,et
3203 4815 3326 4854 cum
3353 4816 3475 4855 sur-

1902 4890 2065 4965 rexit,
2093 4889 2270 4946 adhuc
2296 4890 2450 4960 sitit:
2479 4889 2659 4944 anima
2691 4901 2869 4945 autem
2899 4887 3016 4958 ejus
3049 4888 3248 4943 frustra
3279 4905 3471 4960 spera-

1895 4981 2008 5048 vit;
2041 4981 2119 5036 sic
2151 4991 2313 5036 erunt
2346 4981 2547 5036 divitia:
2579 4982 2822 5050 gentium
2854 4981 3095 5034 omnium
3122 5019 3140 5047 ,
3171 4995 3292 5049 qum
3326 4979 3470 5042 mili-

1899 5077 2150 5126 tavernnt
2175 5080 2364 5126 contra
2392 5080 2627 5138 montem
2661 5071 2848 5140 Sion.)
2873 5069 2968 5126 His
2995 5073 3340 5126 adnmbravit
3359 5069 3441 5127 Ro
3465 5099 3475 5108 -

1898 5178 2179 5236 manorum
2213 5164 2515 5236 principum
2550 5163 2600 5215 in
2633 5164 2733 5217 hac
2762 5163 2870 5216 vita
2904 5163 3206 5233 voluptates
3233 5172 3288 5216 et
3312 5177 3468 5230 opes.

1894 5255 1959 5309 Hi
1989 5256 2187 5326 quippe
2222 5263 2379 5308 erant
2423 5256 2512 5325 qui
2552 5263 2850 5310 extremam
2892 5255 3279 5326 Hierosolyma:
3317 5256 3467 5311 obsi-

1893 5347 2108 5401 dionem
2135 5345 2484 5405 induxerunt.
2513 5347 2951 5402 Consentaneum
2984 5347 3183 5416 quippe
3213 5356 3356 5406 erat.
3405 5357 3464 5400 ut

1895 5435 2169 5507 quidpiam
2207 5436 2272 5492 ad
2309 5437 2429 5494 illos
2471 5447 2724 5508 spectans
2755 5438 3142 5504 edoceremur,
3177 5451 3275 5494 nec
3305 5437 3467 5510 ignov

3071 5725 3145 5786 10
