3862 6210
442 201 555 260 299

1122 200 1389 259 EUSEBII
1425 200 1901 258 CESARIENSIS
1939 199 2090 258 OPP.
2132 200 2311 257 PARS
2348 199 2433 256 ΙΙΙ.
2476 234 2542 244 -
2578 203 2992 261 EXEGETICA.

3583 205 3694 262 300

436 334 680 376 raremus
707 319 828 390 quis
854 318 1065 376 illorum
1094 319 1307 374 futurus
1331 319 1455 374 ﬂuis
1489 319 1580 374 sit.
1606 319 1692 373 Ait
1719 333 1846 389 ergo
1871 333 1985 388 ope:

2107 317 2335 373 πλοῦτον
2359 319 2455 373 καὶ
2486 319 2586 392 τὴν
2607 321 2816 393 τρυφὴν
2838 321 3016 376 αὐτῶν
3049 323 3212 396 μέχρι
3244 325 3341 395 τῆς
3379 327 3713 400 ἐνεστώσης

427 413 838 481 voluptatesque
865 427 1054 467 eorum
1095 412 1146 464 in
1185 413 1284 467 hac
1311 419 1516 466 tantum
1550 415 1657 466 vita
1695 422 1998 475 manentes,

426 508 651 577 perinde
679 521 738 562 se
764 506 966 563 habere
1005 515 1168 574 atque
1217 506 1424 560 somnia
1476 505 1882 572 dormientium,
1907 504 1999 575 qui

425 597 819 668 imaginatione
840 598 1127 664 duntaxat,
1152 595 1238 651 illa
1264 611 1384 666 quae
1415 597 1688 652 somniant
1715 611 1773 652 se
1800 596 2000 652 habere

423 700 618 763 putant
649 708 666 748 :
705 691 864 748 talem
889 691 1087 762 quippe
1113 706 1235 747 esse
1267 690 1428 760 hujus
1459 690 1643 745 mundi
1684 690 1995 746 divitiarum

423 785 785 856 phantasiam.
840 783 976 838 Nam
1027 794 1150 854 post
1202 793 1522 853 praesentem
1592 783 1757 838 vitam
1799 797 1996 837 vanum

426 878 692 934 somnium
724 877 793 932 ab
844 876 977 946 ipsis
1021 876 1492 946 deprehendetur,
1539 876 1828 947 inanisque
1870 875 1996 931 ﬁnis

425 971 737 1042 voluptatis,
770 985 875 1041 qua
903 984 962 1026 se
992 968 1098 1024 frui
1132 969 1558 1025 arbitrabantur.
1585 969 1587 973 ’

498 1063 660 1121 Vens.
697 1062 850 1128 9,l0.
890 1081 910 1114 ι
941 1061 1167 1119 Deﬁcite
1189 1072 1245 1116 et
1267 1061 1656 1132 obstupescite,
1679 1072 1732 1117 et
1761 1061 1998 1118 inebrie-

424 1153 577 1218 mini,
607 1167 712 1207 non
736 1153 938 1217 sicera,
967 1164 1145 1221 neque
1181 1150 1328 1216 vino,
1365 1151 1491 1220 quia
1521 1151 1728 1220 potavit
1765 1165 1858 1206 vos
1884 1148 1993 1206 Do-

423 1245 602 1299 minus
631 1241 823 1314 spiritu
852 1239 1286 1312 compunctionis
1313 1257 1328 1295 :
1367 1247 1422 1294 et
1451 1237 1665 1294 claudet
1689 1238 1876 1293 oculos
1902 1252 1994 1292 eo-

422 1353 568 1404 rum,
597 1346 653 1392 et
682 1336 1066 1408 prophetarum
1096 1346 1307 1400 eorum,
1341 1341 1398 1388 et
1441 1331 1746 1401 principum
1780 1343 1990 1395 eorum,

419 1432 514 1501 qui
545 1429 727 1485 vident
757 1425 1094 1483 abscondita.
1131 1443 1150 1478 ι
1178 1424 1316 1493 Quia
1349 1433 1674 1495 praesentem
1703 1421 1990 1477 Dominum

418 1521 696 1577 hominem
725 1519 929 1576 factum
960 1517 1243 1574 audientes
1263 1555 1280 1582 ,
1315 1530 1425 1570 non
1475 1514 1895 1578 intellexerunt,
1928 1523 1992 1565 ac

417 1614 666 1670 videntes
695 1611 865 1668 oculis
885 1650 904 1678 ,
940 1611 1135 1666 animae
1159 1607 1274 1664 visu
1307 1621 1414 1662 non
1445 1613 1864 1676 conspexerunt,
1895 1617 1990 1655 an-

2103 411 2246 482 ζωῆς
2265 411 2614 484 ὑπάρχουσαν
2646 415 3006 479 ἐοικέναιτοῖς
3041 416 3182 470 κατά
3207 420 3320 482 τοῖς
3343 418 3532 484 ὕπνοις
3572 423 3684 493 (33)

2101 501 2480 574 ὀνειρώττουσι
2524 505 2616 557 καὶ
2642 505 2803 577 μέχρι
2823 506 2917 560 τοῦ
2950 506 3126 561 δοκεῖν
3153 507 3488 580 διακατέχειν
3514 504 3705 566 ταῦτα’

2101 593 2382 662 νομίζουσι
2402 613 2414 626 ·
2440 596 2694 668 τοιαύτην
2710 597 2818 670 γάρ
2834 593 3084 671 εἶναιτὴν
3105 598 3198 652 τοῦ
3237 602 3505 672 παρόντος
3528 604 3686 658 πλού-

2099 701 2192 737 του
2221 686 2541 753 φαντασίαν.
2568 688 2723 743 Μετὰ
2754 690 2864 761 γάρ
2887 691 2979 745 τὸν
3008 692 3280 748 ἐνεστῶτα
3309 693 3422 763 βίον
3454 695 3684 766 μάταιον

2098 777 2283 840 αὐτοῖς
2325 779 2680 851 εὑρεθήσεται
2717 782 2778 835 τὸ
2827 784 3114 852 ἐνύπνιον,
3170 787 3266 840 καὶ
3320 786 3384 840 τὸ
3420 787 3574 852 τέλος
3615 782 3685 861 ἧς

2097 870 2346 941 ἐνόμιζον
2368 872 2662 928 ἀπολαύειν
2686 875 2920 947 τρυφῆς.

2173 1068 2191 1100 ι
2216 1049 2509 1123 Ἐκλυθῆτε
2548 1055 2642 1108 καὶ
2689 1055 2941 1130 ἐκστῆτε,
2995 1058 3090 1112 καὶ
3134 1060 3546 1134 κραιπαλήσατε
3583 1062 3686 1116 οὐκ

2095 1140 2203 1195 ἀπὸ
2241 1143 2450 1216 σίκερα,
2471 1146 2592 1200 οὐδὲ
2625 1147 2731 1201 ἀπὸ
2759 1149 2932 1204 οἴνου·
2974 1151 3055 1204 ὃτι
3090 1153 3380 1206 πεπότικεν
3407 1153 3551 1224 ὑμᾶς
3571 1154 3686 1208 Κύ-

2099 1248 2210 1302 ριος
2235 1233 2504 1306 πνεύματι
2523 1237 2866 1304 κατανύξεως
2886 1258 2900 1271 ’
2929 1240 3023 1295 καὶ
3045 1242 3323 1314 καμμύσει
3345 1245 3470 1309 τοὺς
3488 1245 3686 1314 ὀφθαλ-

2097 1325 2232 1395 μοὺς
2265 1327 2465 1394 αὐτῶν,
2510 1330 2604 1383 καὶ
2629 1330 2738 1384 τῶν
2768 1334 3064 1406 προφητῶν
3093 1335 3289 1404 αὐτῶν,
3330 1337 3425 1390 καὶ
3448 1335 3557 1390 τῶν
3582 1339 3687 1411 ἀρ-

2093 1416 2297 1486 χόντων
2324 1417 2526 1484 αὐτῶν,
2554 1421 2602 1474 oi
2639 1421 2874 1494 ὁρῶντες
2902 1423 2971 1478 τὰ
3003 1427 3242 1497 κρυπτά.
3270 1447 3289 1479 ι
3329 1428 3684 1501 Ἑπειδήπερ,

2090 1507 2180 1560 ὅτε
2206 1508 2390 1580 παρῆν
2417 1510 2599 1576 αὐτοῖς
2636 1513 3062 1588 ἐνανθρωπήσας
3103 1517 3132 1569 ὁ
3186 1517 3410 1589 Κύριος,
3446 1519 3582 1591 ἀκοῇ
3612 1521 3684 1574 ἀ-

2091 1602 2342 1669 κούοντες
2391 1606 2578 1672 αὑτοῦ,
2618 1608 2678 1662 οὐ
2731 1610 3006 1675 συνίεσαν,
3049 1612 3142 1665 καὶ
3181 1611 3470 1682 βλέποντες
3516 1615 3685 1670 αὐτὸν

417 1720 616 1777 resque
643 1719 798 1770 suas,
829 1718 897 1759 ne
922 1702 1204 1766 audirent,
1235 1707 1625 1768 aggravarunt,
1654 1695 1864 1768 potabit
1896 1709 1985 1751 eos

2095 1692 2411 1766 ὀφθαλμοῖς,
2452 1699 2518 1768 τῇ
2553 1697 2741 1770 ὁράσει
2769 1700 2868 1771 τῆς
2904 1701 3080 1773 ψυχῆς
3117 1702 3216 1773 οὐχ
3249 1702 3454 1774 ἐώρων,
3483 1704 3579 1758 καὶ
3610 1705 3685 1760 τά

421 1799 682 1856 Dominus
711 1798 903 1869 spiritu
933 1793 1388 1867 compunctionis.

489 1979 652 2037 Vens.
685 1981 772 2038 ll.
813 1998 832 2031 ι
853 1979 918 2034 Ει
944 1986 1103 2032 erunt
1123 1975 1274 2031 vobis
1304 1975 1419 2029 inec
1448 1972 1629 2028 omnia
1647 1970 1993 2038 verba,velut

416 2087 697 2128 sermones
723 2069 847 2125 libri
889 2068 1087 2138 signati
1132 2065 1326 2134 hujus,
1355 2078 1515 2134 quem
1543 2062 1587 2117 si
1616 2062 1747 2116 dent
1781 2061 1987 2116 homini

414 2163 608 2218 scienti
631 2160 1154 2227 litteras,dicentes:
1187 2155 1328 2227 Lege
1356 2156 1491 2222 haec,
1526 2153 1686 2218 dicet,
1718 2151 1835 2207 Non
1863 2166 1986 2223 pos-

415 2269 534 2311 sunt
569 2252 747 2321 legere
781 2269 796 2320 ;
827 2251 1072 2322 signatus
1103 2249 1250 2303 enim
1303 2254 1406 2302 est.
1450 2265 1469 2298 ι
1517 2244 1591 2300 De
1637 2245 1705 2299 iis
1741 2244 1832 2314 qui
1883 2243 1984 2298 sub

413 2345 531 2400 haec
561 2342 741 2414 populi
781 2357 848 2397 ex
890 2339 1308 2396 circumcisione
1349 2335 1590 2408 praefecti
1632 2335 1798 2390 futuri
1831 2343 1982 2412 sunt,

411 2436 589 2507 pergit
616 2433 936 2490 vaticinari:
969 2452 987 2483 ι
1024 2432 1088 2486 Ει
1118 2439 1282 2486 erunt
1315 2430 1468 2484 vobis
1506 2429 1686 2484 omnia
1719 2428 1882 2482 verba
1915 2426 1982 2481 li-

411 2528 497 2583 bri
533 2548 552 2580 ›
583 2546 596 2583 :
625 2542 744 2597 quae
778 2541 907 2582 sane
951 2525 1027 2580 illi
1071 2539 1176 2579 non
1224 2522 1619 2593 intelligebant.
1666 2519 1812 2574 Nihil
1837 2521 1980 2574 enim

2093 1777 2207 1838 ὦτα
2231 1785 2409 1841 αὐτῶν
2439 1787 2707 1860 ἐϐάρυναν
2733 1789 2830 1844 τοῦ
2863 1791 2938 1864 μὴ
2969 1792 3208 1865 ἀκούειν,
3243 1793 3453 1849 ποτίσει
3485 1796 3685 1862 αὐτοὺς

2092 1877 2297 1949 Κύριος
2321 1879 2592 1950 πνεύματι
2622 1882 2986 1949 κατανύξεως.

2171 1989 2189 2021 ι
2214 1971 2322 2024 Kal
2343 1971 2556 2028 ἔσονται
2593 1976 2720 2046 ὑμῖν
2744 1975 2812 2030 τὰ
2844 1977 3068 2049 ῥήματα
3101 1979 3277 2033 πάντα
3307 1979 3501 2042 ταῦτα.
3534 1981 3611 2044 ὼς
3632 1982 3685 2034 οε

2093 2061 2241 2130 λόγοι
2271 2062 2364 2116 τοῦ
2421 2063 2627 2134 βιϐλίου
2681 2066 2775 2121 τοῦ
2807 2069 3243 2141 ἐσφραγισμένου
3294 2071 3504 2137 τούτου,
3534 2071 3684 2127 ὅέἀν

2092 2153 2255 2208 δῶσιν
2285 2155 2415 2209 αὐτὸ
2453 2156 2725 2230 ἀνθρώπῳ
2765 2161 3112 2233 ἐπισταμένῳ
3161 2162 3466 2235 γράμματα
3491 2164 3683 2235 λέγον-

2091 2260 2202 2308 τες·
2243 2245 2540 2314 Ἀνάγνωθι
2562 2247 2734 2301 ταῦτα
2757 2291 2772 2315 ,
2801 2250 2896 2304 καὶ
2917 2251 3051 2322 ἐρεῖ,
3082 2253 3155 2306 Oti
3177 2252 3411 2325 δύναμαι
3436 2255 3684 2324 ἀναγνῶ-

2093 2353 2214 2390 ναι·
2251 2337 2612 2409 ἐσφράγισται
2645 2342 2776 2414 γάρ.
2809 2361 2829 2394 ο
2863 2343 2999 2416 Περὶ
3021 2343 3130 2398 τῶν
3173 2345 3311 2417 μετά
3342 2345 3515 2400 ταῦτα
3543 2364 3683 2419 προ-

2094 2429 2312 2485 εστάναι
2359 2429 2658 2487 δοκούντων
2687 2433 2782 2488 τοῦ
2814 2435 2878 2489 ἐκ
2920 2437 3224 2510 περιτομῆς
3253 2438 3382 2493 λαοῦ
3407 2439 3684 2512 διέρχεται

2095 2520 2392 2586 θεσπίζων·
2436 2542 2456 2575 ι
2484 2525 2594 2580 Kal
2622 2525 2836 2582 ἔσονται
2867 2529 2998 2598 ὑμῖν
3028 2529 3206 2584 πάντα
3237 2530 3305 2584 τὰ
3337 2517 3559 2603 ῥήματα
3583 2531 3682 2585 τοῦ

396 2617 732 2674 dill‘erebant
761 2617 849 2672 illa
882 2617 947 2672 ab
977 2615 1380 2685 obsignatorum
1411 2612 1635 2684 sigillis,
1669 2613 1742 2667 ita
1791 2623 1850 2666 ut
1875 2627 1984 2666 nou

2095 2611 2314 2680 βιϐλίου,
2342 2633 2360 2666 ι
2411 2615 2473 2668 οὐ
2535 2615 2641 2688 μὴν
2689 2617 2781 2671 καὶ
2811 2619 3081 2684 συνιέντες
3133 2619 3307 2675 αὐτά·
3359 2619 3522 2691 μηδὲν
3568 2620 3683 2692 γάρ

393 2713 598 2775 posset
625 2703 934 2759 Judaaorum
979 2703 1118 2757 ullus
1159 2703 1366 2772 scripta
1403 2701 1728 2772 perlegere;
1778 2702 1850 2756 ita
1879 2701 1984 2756 illis

2095 2702 2363 2778 διαφέρειν
2437 2707 2577 2762 αύτά
2621 2709 2731 2764 τῶν
2780 2713 3344 2784 κατεσφραγισμένων
3394 2716 3680 2785 σφραγῖσι,

412 2793 627 2862 ignotos
671 2792 788 2848 fore
831 2793 907 2848 ait
959 2793 1299 2863 propheticus
1356 2807 1670 2856 sermones,
1717 2793 1830 2848 sive
1874 2793 1980 2848 illis

2095 2797 2222 2867 πρὸς
2233 2797 2294 2850 τὸ
2309 2797 2384 2870 μὴ
2397 2799 2655 2855 δύνασθαί
2669 2819 2790 2856 τινα
2811 2803 2900 2858 τὸν
2921 2803 3034 2877 (54)
3052 2807 3116 2859 ἐκ
3137 2805 3232 2859 τοῦ
3257 2805 3525 2861 Ἰουδαίων
3545 2805 3680 2860 λαοῦ

389 2896 509 2937 κοτε
531 2883 966 2952 pronunticntur,
997 2883 1108 2937 sive
1127 2898 1309 2938 eorum
1336 2897 1560 2953 prorsus
1583 2884 1817 2953 imperiti
1845 2887 1976 2941 sint.

2095 2890 2152 2942 τὰ
2181 2893 2608 2964 ἐγγεγραμμένα
2652 2894 3050 2965 διαγινώσκειν·
3091 2899 3261 2964 οὕτως
3286 2901 3470 2964 αὐτοῖς
3497 2901 3680 2971 ἀγνώ-

407 2994 572 3037 στους
604 2975 821 3030 ἔσεσθαι
848 2977 974 3040 τοὺς
1001 2977 1372 3048 προφητικοὺς
1409 2976 1602 3046 λόγους
1628 2977 1727 3032 κᾶν
1745 2997 1804 3032 τε
1829 2979 2234 3055 ἀπαγγέλληται
2252 2986 2436 3051 αὐτοῖς
2458 2988 2566 3042 ἀπὸ
2594 2990 2879 3061 στόματος,
2898 2994 2999 3048 κᾶν
3014 3011 3071 3047 τε
3088 2994 3301 3066 ἄπειροι
3318 2989 3449 3050 ὦσιν
3475 2997 3678 3054 αὐτῶν.

485 3068 650 3123 Vens.
683 3068 768 3123 12.
811 3086 828 3119 ι
871 3068 934 3121 Et
959 3067 1177 3122 dabitur
1206 3068 1297 3124 hic
1333 3068 1469 3124 liber
1501 3070 1555 3124 in
1587 3085 1776 3126 manus
1807 3073 1981 3128 homi-

2161 3098 2178 3130 ι
2198 3079 2308 3132 Καὶ
2326 3079 2608 3151 δοθήσεται
2655 3081 2716 3134 τὸ
2733 3082 2934 3152 βιϐλίον
2960 3085 3120 3138 τοῦτο
3140 3086 3221 3150 είς
3247 3089 3433 3157 χεῖρας
3464 3087 3682 3160 ἀνθρώ-

414 3161 501 3216 nis
527 3160 818 3215 nescientis
849 3159 1094 3215 litteras:
1122 3168 1177 3214 et
1198 3160 1342 3215 dicet
1369 3161 1441 3227 ei,
1474 3160 1618 3231 Lege
1648 3162 1786 3230 hoc;
1814 3174 1870 3218 et
1903 3165 1987 3220 di-

412 3260 532 3316 cet,
565 3249 680 3304 Non
723 3265 943 3319 possum
983 3249 1197 3321 legere,
1232 3251 1413 3307 nescio
1459 3251 1690 3309 litteras.
1745 3273 1764 3307 ›
1799 3255 1984 3311 Talem

416 3343 651 3397 futuram
680 3342 756 3396 ait
787 3342 1158 3412 propheticum
1194 3354 1453 3414 mentem,
1486 3361 1592 3399 non
1621 3347 1836 3415 quidem
1869 3364 1986 3404 om-

396 3434 603 3498 nibus,
647 3435 740 3490 sed
773 3435 840 3489 iis
875 3443 1082 3489 tantum
1105 3476 1120 3499 ,
1157 3435 1224 3490 de
1261 3436 1460 3505 quibus
1499 3438 1612 3495 haec
1637 3441 1982 3497 vaticinatur.

413 3525 546 3580 Nam
578 3526 765 3582 sedulo
792 3527 1194 3582 animadvertas
1218 3543 1326 3598 qua
1355 3529 1566 3586 ratione
1593 3531 1824 3600 dicatur,
1867 3553 1885 3586 ι
1918 3534 1986 3590 Ει

413 3626 572 3671 erunt
600 3617 752 3671 vobis
774 3617 888 3673 haec
901 3618 1065 3672 verba
1089 3635 1105 3686 ;
1132 3637 1149 3670 ι
1176 3619 1328 3674 vobis
1361 3620 1571 3677 scilicet
1600 3625 1981 3693 praesentibus,

410 3709 734 3774 videntibus,
782 3719 837 3764 et
866 3711 1228 3767 audientibus.
1267 3711 1481 3768 Iudaeos
1520 3723 1700 3772 autem
1735 3717 1982 3788 alloque-

411 3801 607 3868 batur,
640 3801 794 3872 queis
825 3802 1069 3872 ignotam
1099 3817 1224 3858 esse
1261 3805 1562 3875 prophetia:
1600 3819 1838 3865 mentem
1881 3811 1981 3866 sub

409 3891 526 3946 hrcc
563 3891 782 3958 edocet,
814 3909 934 3947 cum
980 3893 1094 3948 haec
1122 3894 1332 3963 adjicit,
1376 3913 1396 3946 ι
1438 3896 1504 3950 Ει
1542 3898 1765 3954 audient
1808 3901 1860 3955 in
1898 3901 1984 3958 die

410 3985 500 4038 illa
530 3984 677 4038 surdi
707 3983 867 4039 verba
895 3984 1040 4050 libri,
1078 3995 1135 4040 et
1162 3986 1302 4042 oculi
1330 4001 1598 4044 cmcorum
1625 3991 1905 4060 videbunt,
1927 4004 1984 4050 et

384 4075 783 4131 rexsultabunt.
823 4095 842 4128 ›

487 4251 647 4307 Vens.
692 4253 878 4317 13,14.
912 4272 931 4305 ι
969 4255 1027 4310 Et
1075 4255 1494 4317 dixit'Dominus
1525 4279 1541 4317 :
1574 4263 1982 4337 Appropinquat

408 4347 544 4402 mihi
569 4347 793 4418 populus
813 4347 902 4404 hic
915 4364 1010 4404 ore
1032 4368 1130 4408 suo
1145 4393 1160 4419 ,
1179 4363 1232 4410 et
1247 4353 1407 4410 labiis
1421 4357 1534 4411 suis
1563 4359 1833 4416 honorant
1860 4377 1977 4417 me:

2089 3190 2190 3226 που
2223 3172 2299 3246 μὴ
2337 3176 2703 3247 ἐπισταμένου
2733 3179 3040 3251 γράμματα
3061 3199 3075 3211 ο
3105 3183 3199 3236 καὶ
3229 3183 3346 3254 ἐρεῖ
3370 3183 3542 3256 αὐτῷ,
3585 3186 3679 3238 Ἀ-

2087 3265 2321 3335 νάγνωοι
2343 3267 2502 3321 τοῦτο
2519 3285 2532 3298 ’
2569 3270 2663 3322 καὶ
2690 3271 2827 3342 ἐρεῖ,
2852 3272 2927 3325 Ού
2959 3272 3192 3346 δύναμαι
3221 3275 3551 3345 ἀναγνῶναι,
3575 3279 3680 3332 οὐκ

2085 3357 2385 3430 ἐπίσταμαι
2414 3362 2738 3432 γράμματα.
2764 3383 2783 3415 ι
2813 3363 3068 3422 Τοιοῦτον
3090 3366 3147 3420 δὲ
3175 3367 3396 3423 ἔσεσθαι
3421 3370 3514 3424 τὸν
3543 3388 3680 3442 προ·

2087 3452 2314 3523 φητικδν
2350 3453 2495 3520 νοῦν,
2529 3455 2590 3508 οὐ
2621 3457 2787 3510 πᾶσιν
2826 3456 3154 3531 ἀνθρώποις,
3195 3459 3330 3515 ἀλλά
3363 3461 3545 3532 μόνοις
3573 3463 3679 3516 αὐ-

2085 3545 2216 3608 τοῖς,
2248 3543 2384 3615 πρὸς
2409 3544 2502 3608 οὓς
2529 3545 2703 3600 ταῦτα
2735 3547 3072 3614 ἐθεσπίςετο.
3101 3571 3119 3603 ι
3146 3552 3390 3624 Πρόσχες
3419 3553 3528 3627 γὰρ
3555 3556 3679 3608 ἐπι-

2088 3633 2266 3705 μελῶς
2280 3638 2427 3702 ὅπως
2442 3639 2656 3710 εἴρηται
2675 3655 2690 3670 ο
2722 3641 2862 3696 «Καὶ
2881 3640 3033 3695 ἔσται
3051 3643 3178 3714 ὑμῖν
3204 3644 3274 3698 τὰ
3300 3648 3518 3718 ῥήματα
3543 3646 3679 3702 ταῦ-

2083 3743 2152 3780 τα
2172 3743 2186 3756 ·
2211 3747 2229 3779 ι
2253 3728 2382 3799 ὑμῖν
2413 3730 2521 3801 γάρ
2547 3747 2680 3802 φησι
2708 3734 2822 3796 τοῖς
2852 3733 3110 3805 παροῦσι,
3146 3737 3241 3789 καὶ
3271 3737 3459 3809 ὁρῶσι,
3488 3741 3582 3794 καὶ
3610 3742 3679 3795 ἀ-

2085 3816 2353 3873 κούουσιν.
2397 3836 2415 3869 ι
2441 3819 2499 3872 Ὁ
2549 3819 2606 3873 δὲ
2638 3819 2795 3887 λόγος
2825 3817 2895 3893 ἦν
2941 3824 3079 3895 πρὸς
3110 3825 3420 3892 Ἰουδαίους,
3454 3824 3536 3893 οἷς
3578 3830 3677 3884 τὸν

2083 3905 2209 3960 νοῦν
2241 3910 2339 3978 τῆς
2372 3909 2708 3981 προφητείας
2736 3911 3013 3980 ἄγνωστον
3046 3917 3395 3983 ὑποκαταϐὰς
3431 3920 3677 3976 διδάσκει

2083 3999 2149 4052 δι’
2183 3993 2258 4054 ὧν
2287 4001 2529 4071 ἐπιλέγει
2551 4020 2564 4033 ⁸
2604 4023 2622 4055 ι
2643 4006 2755 4057 Kal
2781 4006 3103 4062 ἀκούσονται
3135 4011 3192 4064 ἐν
3210 4013 3277 4082 τῇ
3312 4013 3496 4085 ἡμέρᾳ
3524 4015 3677 4068 ἐκεί-

2083 4107 2150 4164 νῃ
2179 4094 2356 4163 κωφοὶ
2382 4093 2572 4163 λόγους
2607 4096 2835 4167 βιϐλίου,
2867 4103 2960 4156 καὶ
2987 4102 3253 4175 ὀφθαλμοὶ
3275 4105 3492 4175 τυφλῶν
3513 4106 3676 4176 ὄψον-

2082 4201 2191 4250 ται,
2223 4186 2315 4240 καὶ
2344 4187 2780 4256 ἀγαλλιάσονται.
2815 4212 2834 4244 ι

2163 4296 2180 4328 ι
2203 4279 2313 4331 Καὶ
2340 4274 2460 4332 εἷπε
2504 4280 2709 4352 Κύριος
2733 4300 2747 4313 °
2806 4283 3042 4354 Ἐγγίζει
3072 4303 3162 4357 μοι
3186 4289 3215 4340 ό
3248 4286 3374 4352 λαὸς
3417 4280 3572 4354 οὗτος
3613 4291 3676 4345 ὲν

2086 4369 2162 4440 τῷ
2196 4369 2424 4441 στόματι
2458 4373 2645 4437 αὐτοῦ,
2674 4375 2767 4429 καὶ
2803 4379 2862 4430 ἐν
2885 4380 3000 4442 τοῖς
3029 4379 3261 4449 χείλεσιν
3288 4380 3466 4434 αὐτῶν
3493 4383 3642 4452 τιμῶ
3674 4421 3677 4423 -

406 4454 503 4494 cor
531 4451 710 4494 autem
735 4454 925 4496 eorum
953 4443 1109 4515 longe
1137 4457 1217 4501 est
1238 4462 1268 4501 a
1288 4463 1393 4502 me.
1422 4447 1648 4505 Frustra
1674 4464 1857 4508 autem
1883 4470 1978 4510 co-

2095 4439 2141 4516 ςί
2169 4481 2268 4534 με·
2296 4439 2337 4535 -ή
2377 4465 2434 4518 δὲ
2472 4467 2670 4539 καρδία
2703 4469 2882 4524 αὐτῶν
2924 4439 3113 4542 πόρξω
3139 4473 3334 4543 ἀπέχει
3380 4475 3474 4527 ἀπ’
3510 4439 3670 4547 ἐμοῦ.

385 4533 524 4586 Ἰυηι
557 4548 664 4598 me,
688 4533 945 4590 docentes
971 4548 1244 4608 praecepta
1269 4541 1574 4608 hominum,
1592 4551 1756 4612 atque
1780 4547 1982 4603 doctri-

403 4639 527 4677 nas.
550 4623 864 4692 Propterea,
881 4641 1008 4681 ecce
1033 4626 1281 4695 adjiciam
1307 4641 1364 4684 ut
1382 4633 1702 4689 transferam
1721 4640 1980 4707 populum

389 4714 574 4780 ’hnnc,
605 4725 660 4768 et
683 4715 1010 4771 transferam
1040 4733 1186 4772 eum.
1223 4739 1243 4771 ›
1275 4719 1342 4774 Et
1371 4724 1498 4792 quia
1527 4725 1852 4795 sapientiam
1884 4730 1982 4785 ho-

409 4808 613 4862 minum
641 4808 960 4877 prarferunt,
986 4811 1110 4865 dum
1139 4813 1356 4869 interim
1383 4820 1702 4886 sapientiam
1733 4833 1788 4875 et
1815 4827 1979 4880 verba

398 4914 524 4952 mea
555 4911 916 4968 aversantur;
955 4903 1087 4958 alias
1106 4920 1234 4960 vero
1261 4910 1524 4975 quasdam
1553 4914 1828 4970 seniorum
1861 4934 1981 4973 suo-

405 5005 527 5044 rum
555 4993 869 5048 traditiones
891 5033 906 5057 ,
943 5008 1007 5048 ac
1050 4994 1096 5048 si
1140 4997 1470 5066 sapientium
1500 5002 1736 5057 virorum
1772 5018 1974 5076 essent,

406 5094 814 5151 consectantur,
838 5084 962 5140 ideo
991 5085 1302 5158 Scripturas
1332 5091 1550 5160 quidem
1583 5110 1732 5152 meas
1761 5114 1866 5154 non
1897 5102 1978 5157 in-

405 5176 649 5245 telligent
709 5193 724 5232 :
797 5196 815 5229 ι
872 5179 984 5249 Ego
1056 5197 1187 5238 vero
1253 5184 1574 5253 sapientiam
1649 5194 1972 5262 sapientium

395 5265 616 5321 illorum
655 5269 876 5337 perdam
901 5307 916 5333 ,
951 5278 1006 5324 et
1053 5271 1397 5340 prudentiam
1439 5276 1772 5343 prudentum
1812 5283 1977 5340 abro-

395 5359 560 5426 gabo.
595 5378 615 5410 ι

478 5445 640 5504 Vens.
671 5450 761 5509 l5.
795 5471 813 5504 ι
845 5451 936 5509 Va:
969 5456 1061 5524 qui
1095 5457 1421 5526 profundum
1452 5465 1736 5520 consilium
1768 5467 1976 5536 ineunt,

2079 4555 2272 4624 Μάτην
2301 4556 2358 4610 δὲ
2382 4557 2629 4613 σέϐονταί
2655 4578 2743 4631 με,
2767 4561 3110 4627 διδάσκοντες
3131 4565 3436 4636 ἐντάλματα
3461 4566 3676 4638 ἀνθρώ-

2082 4666 2198 4701 πων
2234 4650 2328 4703 καὶ
2353 4650 2720 4717 διδασκαλίας.
2748 4655 2847 4709 Διά
2896 4655 3054 4710 τοῦτο
3088 4657 3197 4710 ἰδοὺ
3230 4658 3524 4730 προσθήσω
3571 4662 3672 4715 τοῦ

2083 4739 2394 4809 μεταθεῖναι
2420 4743 2511 4795 τὸν
2539 4743 2666 4797 λαὸν
2699 4746 2907 4812 τοῦτον,
2961 4749 3055 4803 καὶ
3103 4750 3396 4822 μεταθήσω
3429 4753 3614 4809 αὐτόν.
3645 4776 3666 4807 ι

2083 4829 2192 4881 Kal
2225 4831 2412 4903 ἐπειδὴ
2466 4835 2660 4904 σοφίαν
2692 4835 2996 4909 ἀνθρώπων
3025 4841 3439 4912 προϐάλλονται,
3479 4845 3580 4916 τὴν
3611 4849 3672 4899 ἐ-

2083 4922 2190 4991 μὴν
2222 4924 2320 4993 μὲν
2345 4924 2782 4998 ἀποστρέφοντες
2831 4932 3021 5000 σοφίαν
3065 4935 3159 4987 καὶ
3189 4935 3280 4991 τὸν
3326 4938 3457 5008 ἐμὸν
3486 4938 3670 5008 λόγον,

2079 5013 2272 5085 ἐτέρας
2295 5015 2353 5068 δέ
2381 5035 2530 5083 τινας
2556 5019 2885 5092 παραδόσεις
2913 5024 3018 5079 τῶν
3046 5029 3177 5098 παρ’
3212 5030 3393 5094 αὐτοῖς
3424 5035 3670 5104 πρεσϐυ-

2077 5105 2269 5176 τέρων,
2298 5106 2487 5181 ὥσπερ
2541 5109 2706 5163 τινῶν
2760 5112 2939 5182 σοφῶν
2963 5117 3280 5188 κατέχοντες
3298 5136 3312 5148 ·
3336 5120 3528 5173 τούτου
3570 5123 3674 5192 χά·

2077 5215 2161 5270 ριν
2189 5198 2288 5263 τὰς
2322 5201 2420 5272 μὲν
2456 5202 2598 5274 ἐμὰς
2644 5205 2866 5277 Γραφάς
2905 5209 2966 5261 ού
3007 5213 3348 5280 συνήσουσιν.
3381 5231 3399 5262 ‹
3423 5213 3566 5281 Ἐγὼ
3607 5215 3668 5266 δὲ

2074 5290 2234 5354 αὐτὸς
2271 5293 2382 5347 τῶν
2422 5295 2601 5366 σοφῶν
2625 5299 2804 5354 αὐτῶν
2841 5300 2938 5372 τὴν
2971 5303 3163 5371 σοφίαν
3195 5303 3402 5372 ἀπολῶ,
3432 5307 3526 5360 καὶ
3563 5308 3666 5380 τὴν

2075 5381 2287 5436 σύνεσιν
2316 5386 2423 5438 τῶν
2451 5389 2684 5442 συνετῶν
2717 5390 2988 5463 ἀθετήσω.
3013 5414 3029 5444 ι

2147 5492 2165 5523 ι
2191 5475 2328 5528 Οὐαὶ
2357 5477 2406 5528 οί
2425 5477 2643 5547 βαθεῖαν
2665 5480 2860 5553 βουλὴν
2881 5483 3179 5550 ποιοῦντες,
3210 5488 3302 5541 καὶ
3321 5487 3382 5540 ού
3397 5487 3485 5541 διά
3499 5488 3661 5543 Θεοῦ.

384 5548 457 5624 νει
488 5555 590 5592 non
625 5557 720 5610 per
761 5545 946 5601 Deum.
979 5545 1072 5602 Va:
1103 5552 1194 5618 qui
1242 5552 1296 5607 in
1341 5554 1660 5613 abscondito
1685 5560 1976 5615 consilium

2095 5562 2209 5617 )t’aal
2229 5565 2277 5616 οἱ
2309 5565 2366 5618 ἐν
2383 5545 2564 5638 κρυφῇ
2596 5545 2788 5644 βουλὴν
2815 5545 3118 5642 ποιοῦντες,
3140 5545 3243 5633 καὶ
3270 5578 3421 5633 ἔσται
3442 5581 3502 5635 ἐν
3531 5581 3659 5638 σκό-

476 5653 586 5728 (35)
607 5655 898 5730 ιεεοκατὰ
909 5660 1032 5728 τοὺς
1049 5661 1267 5735 ὕπνους,
1286 5667 1368 5724 vel
1388 5667 1570 5744 ἐντοῖς
1592 5669 1797 5736 ὕπνοις.
1819 5672 1974 5729 Ευιτ.

2143 5678 2254 5752 (54)
2296 5679 2460 5741 Forte
2488 5683 2769 5757 legendum
2808 5689 2932 5745 τῶν.
2966 5689 3122 5750 Ευιτ.
