3862 6210
165 257 266 314 30!

1075 255 1576 313 COMMENTARIA
1615 254 1683 310 IN
1723 253 1978 312 ISAIAM.
2020 293 2088 302 —
2123 260 2279 317 CAP.
2320 262 2512 319 XXIX.

3314 271 3420 326 5412

164 396 247 432 τει
273 378 345 433 τὰ
379 377 517 451 ἔργα
563 378 770 433 αὐτῶν·
807 379 898 433 καὶ
924 379 1129 450 ἐροῦσι,
1156 379 1251 443 Τίς
1282 379 1523 451 ἑώρακεν
1564 380 1746 450 ἡμᾶς;

1857 376 2056 440 ineunt.
2079 391 2134 436 et
2156 393 2315 438 erunt
2343 384 2396 438 in
2423 382 2660 440 tenebris
2685 399 2844 454 opera
2873 400 3058 441 eorum
3083 403 3096 442 :
3127 396 3178 443 et
3214 389 3417 452 dicent,

163 471 261 524 καὶ
287 470 375 533 τίς
409 472 556 541 ἡμᾶς
594 468 879 538 γνώσεται,
907 470 941 541 ἢ
966 470 1002 524 ἀ
1058 471 1218 542 ἡμεῖς
1247 470 1540 540 ποιοῦμενς
1570 495 1590 520 υ
1635 465 1756 526 Εἶτ’.

165 561 468 632 ἐπειδήπερ
492 561 761 614 θεοσεϐεῖν
788 561 1244 633 ἐπαγγελλόμενοι
1276 565 1388 625 τοῖς
1416 561 1666 632 χείλεσιν,
1691 564 1750 616 ἐν

163 655 241 724 τῷ
281 654 515 726 κρυπτῷ
546 655 613 708 τά
651 654 899 726 χείριστα
930 655 1329 726 διεπράττοντο,
1385 655 1750 726 φαρμακείαις

163 747 260 798 καὶ
286 747 673 818 ἀκαθαρσίαις,
710 747 806 800 καὶ
827 746 1016 810 ἄλλαις
1057 747 1278 816 μυρίαις
1300 745 1577 817 ἀθεμίτοις
1606 747 1748 817 πρά-

164 837 280 901 ξεσι
305 838 716 910 συμφυρόμενοι
739 855 753 868 ·
781 839 914 891 πᾶσι
931 838 990 892 δὲ
1013 837 1224 902 τούτοις
1246 838 1550 908 ἐνεχείρουν
1576 837 1652 902 ὡς
1675 837 1750 910 μὴ

161 931 473 1002 ἐφορῶντος
511 930 608 984 τοῦ
638 931 775 984 Θεοῦ
793 948 808 962 ο
835 931 1060 996 εἰκότως
1093 931 1291 996 αὐτοὺς
1319 930 1591 997 ταλανίζει
1622 931 1751 985 ταῦ-

162 1039 228 1075 τα
254 1023 433 1090 λέγων
451 1041 468 1054 ·

240 1135 257 1166 ι
286 1117 406 1185 Οὐχ
445 1115 521 1178 ῶς
548 1115 717 1185 πηλὸς
749 1112 842 1168 τοῦ
881 1115 1170 1187 κεραμέως
1210 1115 1628 1188 λογισθήσεσθε;
1659 1115 1750 1189 Μὴ

161 1209 280 1278 ἐρεῖ
310 1208 374 1261 τὸ
404 1207 630 1278 πλάσμα
661 1207 740 1278 τῷ
792 1207 1056 1262 πλάσαντι
1103 1208 1254 1274 αὐτὸ,
1291 1210 1368 1262 Οὐ
1400 1209 1463 1262 σύ
1499 1227 1565 1280 με
1589 1207 1752 1262 ἐπλα-

161 1317 292 1363 σαςς
323 1299 359 1370 ἢ
381 1299 443 1352 τὸ
463 1300 589 1372 ποίη
599 1318 672 1370 μα
690 1298 768 1370 τῷ
791 1301 1096 1372 ποιήσαντι,
1123 1301 1198 1354 Οὐ
1223 1301 1456 1365 συνετῶς
1478 1319 1545 1372 με
1567 1303 1751 1373 ἐποίη-

165 1408 301 1455 σας;
333 1410 353 1443 ι
389 1392 451 1444 EE
485 1391 592 1462 γὰρ
635 1391 700 1462 δὴ
735 1391 933 1456 πάντες
965 1391 1242 1464 ἄνθρωποι
1278 1393 1434 1465 πηλῷ
1463 1395 1751 1467 κεραμέως

163 1481 426 1552 ἐοίκαμεν
456 1481 545 1534 διά
560 1483 618 1534 τὸ
641 1482 864 1554 πήλινον
895 1484 1050 1554 ἡμῶν
1073 1483 1252 1555 σῶμα,
1286 1484 1402 1548 πῶς
1433 1485 1530 1554 οὐχ
1559 1485 1748 1538 ἕπεται

161 1577 329 1637 νοεῖν,
360 1575 442 1627 ὅτι
472 1573 546 1645 μὴ
573 1574 796 1628 δυνατὸν
828 1574 1010 1628 λαθεῖν
1038 1575 1130 1630 τὸν
1165 1577 1412 1648 ποιητὴν,
1442 1577 1630 1642 ὁποίας
1661 1579 1752 1649 ἐρ-

164 1666 362 1734 γασίας
385 1665 618 1738 ὑπάρχει
646 1665 708 1718 τὸ
738 1667 828 1719 ὑπ’
858 1667 1022 1720 αὐτοῦ
1042 1667 1438 1739 πεποιημένον;
1467 1669 1564 1732 Τίς
1594 1669 1751 1724 δύνα-

162 1774 276 1821 ται,
307 1757 341 1828 ἦ
373 1758 459 1822 τίς
479 1757 739 1828 τολμήσει
767 1758 950 1826 φάναι,
977 1760 1059 1812 ὅτι
1085 1759 1160 1831 μὴ
1187 1761 1215 1812 ό
1237 1760 1366 1825 Θεὸς
1397 1762 1558 1816 αὑτὸν
1583 1762 1744 1816 ἐπλα-

166 1869 259 1903 σεν
283 1865 300 1915 ;
334 1851 399 1903 Εί
429 1850 488 1904 δὲ
515 1851 614 1904 οὐκ
648 1851 715 1904 ἂν
743 1850 884 1905 εἴποι
913 1851 1086 1906 ταῦτά
1116 1869 1246 1906 ποτε
1275 1853 1405 1924 περὶ
1445 1853 1539 1908 τοῦ
1576 1872 1744 1927 κερα-

167 1940 316 2010 μέως
346 1942 376 1994 ὁ
407 1939 766 2011 ὑποκείμενος
795 1940 943 2012 αὐτῷ
972 1941 1160 2013 πηλὸς,
1198 1941 1374 2014 δῆλον,
1408 1943 1484 2008 ὡς
1527 1945 1743 2015 μάταιοι

163 2033 370 2098 πάντες
400 2035 451 2086 οἱ
483 2033 628 2088 ἔνδον
655 2035 722 2105 τῇ
759 2035 902 2106 ψυχῇ
935 2035 1112 2090 αὐτῶν
1158 2033 1351 2106 βουλὴν
1382 2036 1600 2106 βαθεῖαν
1631 2037 1745 2091 δια-

163 2124 469 2195 νοούμενοι,
512 2126 606 2178 καὶ¹
658 2124 750 2178 τὸν
789 2125 919 2178 Θεὸν
965 2127 1198 2197 οἰόμενοι
1230 2127 1447 2196 ἀγνοεῖν
1469 2125 1538 2183 τὰ
1583 2129 1639 2182 ἐν
1667 2128 1745 2200 τῷ

165 2215 345 2286 σκότῳ
380 2216 728 2287 πραττόμενα
758 2216 939 2280 αὐτοῖς
963 2217 1119 2289 ἔργα.

240 2327 260 2360 ‹
286 2310 488 2363 Οὐκέτι
518 2308 710 2380 μικρὸν
739 2310 836 2362 καὶ
871 2311 1293 2382 μετατεθήσεται
1322 2313 1350 2365 ὁ
1386 2311 1636 2376 Λίϐανος,
1669 2312 1745 2376 ὡς

163 2399 225 2452 τὸ
257 2400 387 2470 ὅρος
417 2399 479 2453 τὸ
501 2398 740 2471 Χέρμελ,
764 2400 858 2453 καὶ
887 2400 948 2453 τὸ
995 2401 1214 2472 Χέρμελ
1242 2403 1322 2465 είς
1367 2401 1569 2472 δρυμὸν
1599 2403 1748 2471 λογι-

167 2493 426 2564 σθήσεται
451 2508 466 2555 ;
494 2511 513 2543 ι
548 2490 776 2546 Λίϐανον
801 2491 898 2562 μὲν
929 2491 1020 2545 τδν
1050 2492 1111 2556 ἐξ
1142 2491 1308 2546 ἐθνῶν
1334 2493 1483 2558 λαὸν,
1515 2493 1748 2566 Κάρμη-

164 2584 261 2637 λον
275 2585 332 2638 δὲ
359 2585 422 2638 τὸ
435 2584 700 2638 Ἰουδαίων
735 2583 884 2647 ἔθνος
906 2584 1038 2656 (55).
1061 2585 1317 2640 Ἔσεσθαι
1336 2586 1514 2640 τοίνυν
1535 2603 1748 2660 προφη-

161 2677 314 2729 τεύει
340 2677 401 2729 τὸ
424 2677 522 2748 μὲν
564 2675 830 2730 Ἰουδαίων
871 2676 1022 2741 ἔθνος
1053 2671 1163 2732 οἷόν
1199 2695 1321 2733 τινα
1349 2678 1551 2750 δρυμὸν
1574 2680 1746 2748 ξύλων

163 2769 379 2840 ἀγρίων
409 2770 504 2821 καὶ
547 2767 830 2840 ἀκάρπων·
882 2769 974 2823 τὸν
1013 2769 1070 2822 δὲ
1103 2769 1270 2824 πάλαι
1314 2769 1504 2842 δρυμῷ
1536 2771 1747 2826 ἐοικότα

165 2856 423 2918 Λίϐανον,
452 2856 543 2909 τὸν
575 2857 634 2921 ἐξ
665 2857 832 2911 ἐθνῶν
883 2857 1031 2921 λαὸν,
1082 2861 1264 2923 ὁποῖος
1291 2854 1358 2930 ἦν
1392 2877 1522 2914 ποτε
1549 2861 1578 2913 ὁ
1621 2862 1747 2915 Ἰου-

165 2947 330 3002 δαίων
353 2947 503 3011 λαδς,
537 2948 958 3020 πεπληρωμένος
985 2949 1214 3022 δένδρων
1239 2951 1458 3020 ἀγαθῶν
1489 2955 1582 3006 καὶ
1610 2971 1746 3007 παν-

165 3042 327 3095 τοίων
361 3041 543 3110 φυτῶν
567 3058 626 3094 τε
650 3042 742 3096 καὶ
765 3040 1011 3112 καρπῶν.

244 3241 263 3273 ι
286 3221 402 3274 Καὶ
429 3219 747 3275 ἀκούσονται
774 3222 832 3275 ἐν
864 3224 929 3294 τῇ
949 3222 1129 3294 ἡμέρᾳ
1157 3223 1336 3296 ἐκείνῃ
1363 3225 1536 3294 κωφοὶ
1560 3224 1747 3293 λόγους

171 3312 402 3383 βιϐλίου,
440 3316 537 3368 καὶ
561 3317 608 3367 οἱ
630 3315 686 3368 ἐν
711 3313 791 3385 τῷ
811 3315 1029 3381 σκότει,
1061 3317 1156 3370 καὶ
1176 3318 1224 3370 oi
1260 3319 1318 3371 ἐν
1350 3319 1416 3390 τῇ
1441 3317 1663 3389 ὁμίχλῃ⁹
1693 3318 1748 3369 ό-

170 3407 410 3477 φθαλμοὶ
439 3406 652 3476 τυφλῶν
693 3407 930 3474 ὄψονται.
963 3428 982 3460 ι
1026 3409 1192 3472 Ποίας
1228 3409 1284 3462 δὲ
1323 3409 1582 3481 βίϐλου,ἢ
1614 3411 1747 3464 ταύ-

167 3517 265 3571 της
286 3501 463 3569 αὐτῆς
478 3499 576 3569 τῆς
601 3501 735 3572 μετά
749 3504 954 3571 χεῖρας,
977 3503 1106 3572 περὶ
1131 3495 1198 3573 ἦς
1222 3501 1477 3573 ἀνωτέρω
1497 3502 1711 3571 ἐλέγετο
1729 3521 1742 3534 ·

177 3613 194 3644 ι
217 3594 384 3664 Ὑμῖν
413 3593 486 3646 τά
517 3595 736 3665 ῥήματα
755 3593 927 3648 ταῦτα
956 3596 1154 3662 πάντα,
1199 3597 1274 3660 ὡς
1299 3600 1347 3652 οἱ
1374 3597 1520 3667 λόγοι
1550 3598 1644 3652 τοῦ
1665 3598 1746 3669 βι-

169 3685 317 3738 ϐλίου
345 3684 440 3738 τοῦ
473 3687 906 3757 ἐσφραγισμένου
928 3689 1137 3744 τούτου.
1159 3709 1179 3743 ι
1228 3689 1388 3744 Ἀλλὰ
1414 3691 1492 3762 τῷ
1525 3691 1624 3762 μέν
1653 3710 1749 3746 πο-

167 3795 224 3830 τε
258 3777 564 3849 Καρμήλῳ,
592 3778 976 3851 μεταϐληθέντι
1009 3781 1067 3833 δὲ
1099 3781 1179 3846 εἱς
1211 3782 1434 3854 δρυμὸν,
1465 3783 1675 3838 ἔσονται
1697 3787 1746 3838 οἱ

168 3869 313 3937 λόγοι
360 3869 458 3922 τοῦ
503 3868 707 3939 βιϐλίου
757 3871 855 3941 τῆς
904 3873 1239 3943 προφητείας
1284 3877 1744 3948 ἐσφραγισμένοι·

166 3964 277 4024 τοῖς
305 3961 366 4014 δὲ
397 3960 565 4015 πάλαι
598 3963 816 4030 τυφλοῖς
859 3964 954 4017 καὶ
982 3966 1038 4017 ὲν
1067 3964 1146 4036 τῷ
1171 3965 1360 4038 δρυμῷ
1392 3966 1487 4020 τοῦ
1516 3967 1747 4023 Λιϐάνου

166 4052 592 4122 λελογισμένοις,
631 4052 1040 4125 μεταϐληθεῖσιν
1065 4055 1156 4108 ἐπὶ
1180 4057 1239 4109 τὸ
1264 4057 1467 4128 ἥμερον
1502 4058 1595 4112 καὶ
1617 4075 1750 4129 καρ-

169 4145 430 4214 ποφόρον,
481 4145 736 4198 ἀκουστοὶ
778 4147 1097 4216 γενήσονται
1143 4148 1194 4200 οἱ
1246 4147 1390 4216 λόγοι
1413 4148 1522 4202 τῶν
1577 4148 1733 4204 θείων

166 4240 515 4310 γραμμάτων
534 4257 546 4268 ·
586 4240 678 4292 καὶ
713 4240 762 4291 οἱ
792 4239 959 4293 πάλαι
979 4239 1034 4292 δὲ
1063 4239 1213 4304 ὄντες
1250 4243 1306 4294 ἐν
1336 4240 1414 4310 τῷ
1451 4241 1632 4294 σκότει
1659 4240 1751 4294 καὶ

166 4333 222 4382 ἐν
259 4335 327 4402 τῇ
380 4331 601 4403 ὁμίχλῃ,
629 4330 769 4383 ὥστε
801 4331 875 4402 μὴ
905 4331 1120 4401 βλέπειν
1147 4335 1285 4402 μήτε
1317 4331 1578 4397 συνιέναι,
1613 4332 1748 4403 μήτε

167 4427 333 4488 νοεῖν,
374 4422 463 4475 διὰ
510 4423 572 4475 τὸ
598 4421 828 4491 τυφλοὺς
856 4421 998 4492 ἔχειν
1042 4423 1168 4485 τοὺς
1214 4421 1542 4493 ὀφθαλμοὺς,
1579 4415 1744 4489 οὗτοι,

165 4515 474 4589 παραδόξου
509 4515 807 4586 μεταϐολῆς
837 4513 1172 4580 ἀξιωθέντες,
1212 4513 1405 4584 θεωροὶ
1430 4516 1746 4585 γενήσονται

167 4609 272 4661 τῶν
289 4611 545 4661 ἐναποκει
553 4606 723 4677 μένων
738 4607 794 4659 ἐν
805 4610 914 4669 τοῖς
935 4605 1097 4670 θείοις
1111 4605 1395 4677 γράμμασι
1418 4605 1747 4678 μυστηρίων.

241 4721 258 4752 ι
281 4702 394 4754 Καὶ
432 4698 845 4767 ἀγαλλιάσονται
869 4699 1072 4768 πτωχοὶ
1103 4696 1191 4750 διά
1226 4697 1429 4769 Κύριον
1451 4697 1508 4750 ἐν
1547 4697 1746 4769 εύφρο-

171 4793 324 4864 σύνῃ,
369 4791 466 4845 καί
510 4791 560 4843 οί
617 4789 1014 4860 ἀπηλπισμένω
1064 4788 1170 4842 τῶν
1207 4788 1506 4859 ἀνθρώπων
1533 4789 1745 4861 ἐμπλη-

171 4885 460 4956 σθὴσονται
489 4883 845 4955 εὐφροσύνης.
873 4903 891 4934 ι
947 4883 1043 4946 Τίς
1068 4882 1174 4954 γὰρ
1211 4882 1306 4936 καὶ
1345 4883 1592 4956 διενοήθη
1629 4885 1745 4938 πώ-

159 4994 294 5030 ·ποτε
319 4979 449 5040 τοὺς
473 4979 539 5029 ἐκ
569 4977 818 5048 πατέρων
836 4975 1243 5048 εἰδωλολάτρας,
1267 4977 1458 5040 ἀθέους
1474 4979 1630 5043 ὄντας
1652 4979 1746 5032 καὶ

171 5069 381 5132 ἀσεϐεῖς
431 5070 526 5121 καὶ
557 5067 864 5138 ἀλλοτρίους
918 5068 1016 5138 τῆς
1057 5067 1308 5136 γνώσεως
1343 5068 1436 5123 τοῦ
1483 5069 1636 5134 Θεοῦ,
1671 5071 1750 5133 είς

168 5161 420 5232 τοιαύτην
451 5160 605 5230 ἥξειν
635 5158 853 5222 ἐλπίδα;
887 5159 1076 5229 Ὅμως
1107 5160 1151 5212 δ’
1179 5155 1272 5212 οὖν
1316 5161 1408 5212 καὶ
1441 5179 1459 5211 ι
1491 5162 1540 5212 οἱ
1576 5161 1750 5232 ἀπηλ-

171 5252 444 5323 πισμὲνοι,
528 5251 680 5321 φησὶ,
734 5250 844 5304 τῶν
885 5250 1188 5321 ἀνθρώπων
1261 5251 1738 5324 ἐμπλησθήσονται

172 5344 529 5416 εὐφροσύνης.
554 5363 572 5394 ι

241 5457 259 5488 ι
283 5437 564 5501 Ἐξέλιπεν
586 5436 806 5507 ἄνομος,
841 5435 936 5489 καὶ
975 5434 1222 5489 ἀπώλετο
1255 5435 1622 5506 ὑπερήφανος,
1651 5435 1742 5488 καὶ

175 5527 644 5601 ἐξωλοθρεύθησαν
677 5527 728 5580 οἱ
762 5525 1086 5597 ἀιιομοῦντες
1124 5527 1217 5579 ἐπὶ
1249 5526 1432 5597 κακίᾳ.
1462 5547 1480 5577 ι
1525 5525 1743 5578 Τούτων

174 5621 569 5674 ἀπολαύσουσιν
604 5611 750 5672 οὗτοι
791 5617 1010 5685 πάντες,
1041 5619 1228 5685 ἐπειδὴ
1260 5621 1290 5672 ὁ
1318 5617 1483 5672 πάλαι
1527 5616 1744 5688 κρατῶν

1775 4395 1825 4452 D

1851 470 1982 536 Quis
2009 472 2143 527 vidit
2169 488 2268 529 nos
2302 475 2325 527 ?
2357 484 2450 529 aut
2480 475 2602 544 quis
2651 490 2752 530 nos
2801 487 3125 546 cognoscet,
3171 487 3267 532 aut
3301 493 3420 548 quae

1851 576 1951 616 nos
1982 563 2251 619 facimus?
2283 584 2301 615 ι
2332 565 2535 621 Deinde
2567 565 2693 635 quia
2729 581 2789 621 se
2829 567 2994 622 Deum
3035 569 3213 625 colere
3262 571 3421 624 labiis

1850 652 2186 722 proﬁtentes,
2239 655 2290 708 in
2336 654 2549 711 occulto
2586 656 2820 725 pessima
2867 673 3094 729 quaeque
3134 671 3420 730 perpetra»

1849 743 2000 810 bant,
2034 746 2087 798 in
2114 745 2408 811 veneﬁciis,
2455 746 2830 811 immunditiis,
2866 759 2924 803 et
2970 750 3242 804 sexcentis
3297 749 3435 804 aliis-

1852 838 2072 893 nefariis
2096 839 2262 907 gestis
2288 851 2407 894 sese
2424 837 2760 894 volutantes:
2798 840 3019 909 hzecque
3045 841 3226 896 omnia
3261 840 3418 911 quasi

1851 947 1961 985 non
2011 933 2370 1003 proSpiciente
2419 933 2528 989 Deo
2565 935 2941 1006 peragebant;
2989 936 3115 1006 jure
3163 936 3283 992 illos
3331 935 3417 991 his

1852 1023 2031 1078 verbis
2059 1023 2288 1080 miseros
2313 1024 2644 1094 deprzedicat
2684 1044 2698 1080 :

1924 1114 2086 1170 Vens.
2117 1114 2204 1169 16.
2245 1134 2263 1166 ι
2300 1115 2487 1174 Nonne
2517 1128 2577 1172 ut
2606 1118 2777 1172 lutum
2811 1118 2956 1189 ﬁguli
2990 1118 3418 1189 reputabimini?

1851 1202 1987 1258 Num
2021 1205 2164 1259 dicet
2197 1205 2508 1274 ﬁgmentum
2536 1207 2710 1263 lictori
2752 1223 2870 1274 suo,
2898 1208 2980 1262 Tu
3007 1225 3091 1264 me
3113 1223 3222 1264 non
3257 1209 3418 1264 ﬁnxi-

1851 1296 1961 1350 sti?
1991 1304 2086 1350 aut
2123 1311 2258 1366 opus
2313 1298 2512 1368 opiﬁci,
2531 1297 2610 1353 Tu
2638 1316 2723 1354 me
2749 1316 2856 1356 non
2885 1303 3154 1371 sapienter
3172 1301 3411 1358 fecisti?»

1851 1386 1918 1440 At
1946 1388 2088 1442 enim
2125 1389 2170 1443 si
2211 1403 2397 1445 omnes
2438 1390 2682 1446 homines
2721 1391 2788 1445 ob
2818 1391 3254 1462 luteum'corpus
3299 1392 3414 1448 luto

1851 1480 1997 1551 ﬁguli
2025 1481 2229 1539 similes
2256 1483 2592 1555 sumus,‘qui
2616 1499 2724 1552 non
2746 1495 3141 1554 consequenter
3166 1496 3415 1557 putemus

1851 1585 1956 1624 non
1978 1584 2134 1640 posse
2159 1571 2401 1640 opiﬁcem
2436 1573 2626 1641 latere,
2651 1589 2784 1646 quas
2799 1585 3141 1646 operatzoues
3159 1577 3278 1634 edat
3294 1576 3416 1646 opi-

1852 1661 2040 1718 ﬁcium
2078 1665 2276 1719 suum?
2307 1665 2440 1732 Quis
2465 1665 2645 1722 dicere
2671 1669 2842 1738 possit
2867 1669 2947 1723 vel
2969 1671 3184 1735 audeat,
3217 1687 3276 1726 se
3293 1650 3412 1726 ἰιοη

1850 1767 1882 1808 a
1914 1754 2022 1810 Deo
2042 1754 2380 1812 eﬁ'ormatum
2407 1760 2559 1814 esse?
2579 1760 2730 1826 Quod
2763 1760 2808 1815 si
2840 1761 2891 1814 id
2926 1762 3089 1832 ﬁgulo
3111 1762 3411 1833 subjectum

1850 1844 1954 1915 ipsi
1990 1845 2162 1901 lutum
2209 1863 2484 1918 nunquam
2513 1851 2748 1918 dixerit;
2783 1851 2959 1920 palam
2999 1865 3145 1909 certe
3174 1862 3256 1908 est
3284 1853 3414 1910 futi-

1849 1936 1930 1997 les
1965 1948 2022 1993 et
2062 1953 2232 1996 vanos
2269 1956 2393 1997 esse
2427 1957 2616 2000 omnes
2656 1944 2745 2014 qui
2791 1945 2940 2001 intus
2974 1944 3028 2000 in
3073 1947 3257 2002 animo
3286 1961 3413 2018 pro-

1849 2029 2012 2084 funda
2038 2030 2260 2086 consilia
2308 2032 2516 2099 ineunt,
2543 2042 2598 2089 et
2638 2050 2760 2105 qua:
2790 2035 2893 2106 ipsi
2930 2036 2983 2090 in
3014 2036 3249 2095 tenebris
3274 2035 3413 2094 faci-

1850 2136 1982 2176 nora
2020 2124 2208 2188 edunt,
2246 2124 2412 2180 Deum
2456 2126 2707 2197 ignorare
2742 2129 3076 2185 existimant.

1921 2292 2087 2351 Vsus.
2130 2296 2216 2351 l7.
2262 2315 2280 2348 ι
2328 2297 2520 2356 Nonne
2555 2301 2728 2357 adhuc
2763 2303 3055 2373 paululum,
3089 2314 3145 2360 et
3181 2307 3412 2364 transfe-

1850 2394 2002 2440 retur
2036 2385 2273 2444 Libanus
2309 2391 2452 2445 sicut
2487 2406 2642 2448 mons
2681 2393 2945 2456 Chermel,
2980 2405 3034 2450 et
3070 2396 3318 2456 Chermel
3358 2403 3413 2458 in

1851 2479 2045 2534 saltum
2084 2481 2422 2551 reputabitur
2456 2483 2481 2538 τ
2524 2503 2544 2538 ι
2602 2484 2865 2542 Libanum
2904 2489 3117 2558 quidem
3157 2493 3412 2563 p0pulum

1851 2584 1918 2626 ex
1959 2571 2229 2641 gentibus,
2257 2573 2561 2630 Carmelum
2602 2592 2730 2632 vero
2763 2577 3040 2634 Judaicam
3073 2591 3286 2652 gentem
3320 2599 3416 2640 vo-

1843 2659 1962 2718 cat.
2003 2662 2115 2719 Ceu
2144 2667 2429 2734 quemdam
2477 2667 2676 2722 saltum
2715 2671 3007 2740 agrestium
3035 2682 3090 2728 et
3118 2672 3418 2731 infructuo-

1852 2770 2034 2810 sarum
2063 2757 2318 2813 arborum
2346 2755 2462 2814 fore
2487 2757 2769 2814 Judaicum
2794 2761 3046 2831 populum
3063 2763 3412 2818 vaticinatur.

1851 2849 2116 2906 Libanum
2151 2861 2352 2917 autem,
2374 2853 2466 2922 qui
2501 2852 2629 2908 olim
2675 2856 2833 2909 saltui
2859 2856 3052 2912 similis
3079 2869 3218 2922 erat,
3247 2873 3416 2930 popu-

1851 2940 1963 2995 lum
1988 2941 2242 2998 videlicet
2269 2957 2336 2997 ex
2363 2944 2637 3014 gentibus,
2678 2944 2916 3001 futurum
2947 2947 3044 3012 ait,
3073 2949 3248 3019 qualis
3281 2949 3412 3006 olim

1851 3039 1970 3086 erat
2012 3029 2268 3088 Judaicus
2313 3034 2576 3103 populus,
2634 3035 2849 3106 plenum
2902 3038 3058 3096 bonis
3107 3021 3411 3106 arboribus,

1849 3124 2196 3195 omniumque
2223 3140 2476 3195 generum
2509 3125 2710 3196 plantis
2730 3136 2778 3182 et
2803 3126 3090 3186 fructibus.

1919 3213 2084 3272 Vens.
2114 3215 2199 3270 l8.
2237 3235 2256 3268 ι
2291 3215 2355 3270 Ει
2379 3216 2598 3271 audient
2635 3217 2689 3272 in
2717 3218 2925 3279 diefilla
2951 3221 3097 3276 surdi
3127 3237 3412 3280 sermones

1847 3307 1994 3373 libri,
2023 3319 2077 3365 et
2113 3309 2205 3379 qui
2245 3309 2298 3364 in
2340 3311 2612 3377 tenebris,
2651 3322 2706 3366 et
2743 3313 2832 3381 qui
2869 3313 2922 3366 in
2963 3312 3228 3384 caligine;
3266 3313 3410 3371 oculi

1849 3414 2112 3454 czecorum
2169 3399 2448 3455 videbunt.
2501 3419 2521 3451 ι
2565 3399 2731 3471 Cujus
2783 3401 2952 3466 libri,
2997 3403 3100 3457 nisi
3155 3403 3403 3473 hujusce,

1847 3505 2006 3560 quem
2045 3505 2156 3560 prae
2196 3489 2440 3545 manibus
2476 3489 2771 3556 habemus,
2812 3494 2878 3547 de
2917 3507 3024 3563 quo
3062 3507 3224 3562 supra
3262 3493 3411 3548 diee-

1849 3584 2041 3651 batur,
2080 3601 2099 3634 ι
2136 3582 2303 3638 Vobis
2340 3583 2501 3638 verba
2541 3583 2656 3638 haec
2690 3583 2870 3638 omnia
2896 3623 2912 3648 ,
2951 3583 3098 3638 velut
3133 3598 3414 3639 sermones

1849 3678 2048 3748 signati
2087 3678 2210 3734 libri
2260 3676 2460 3746 hujus?
2498 3697 2518 3731 ι
2557 3675 2754 3733 Verum
2797 3677 2846 3731 ei
2892 3677 2982 3746 qui
3031 3676 3160 3732 olim
3197 3675 3412 3746 quidem

1850 3769 2149 3838 Carmelus,
2180 3771 2274 3826 sed
2302 3771 2414 3840 jam
2439 3779 2678 3826 mutatus
2701 3779 2784 3826 est
2811 3771 2864 3824 in
2891 3768 3108 3836 saltum,
3131 3776 3294 3824 erunt
3319 3769 3414 3822 hu-

1845 3864 2000 3933 jusce
2047 3863 2168 3918 libri
2218 3872 2274 3918 et
2324 3863 2624 3934 prophetia:
2667 3877 2945 3918 sermones
2996 3859 3413 3933 ohsiguati;illi

1850 3967 1980 4008 vero
2017 3951 2109 4022 qui
2147 3953 2273 4009 olim
2313 3955 2462 4018 caeci,
2501 3962 2557 4007 et
2594 3952 2647 4006 in
2685 3951 2823 4006 saltu
2861 3950 3053 4006 Libani
3093 3949 3415 4019 reputaban-

1853 4053 1940 4097 tur
1977 4058 2119 4108 esse,
2158 4053 2445 4114 postquam
2494 4041 2562 4098 ad
2608 4052 2943 4097 mansuetum
2977 4051 3033 4097 et
3072 4040 3413 4098 fructuosum

1851 4147 2056 4188 morem
2073 4133 2312 4188 translati
2326 4133 2546 4198 fuerint,
2564 4131 2870 4188 divinarum
2887 4133 3288 4202 Scripturarum
3300 4146 3416 4188 ser-

1852 4241 2042 4282 mones
2075 4227 2334 4291 audient;
2375 4237 2428 4282 et
2463 4227 2553 4298 qui
2587 4225 2716 4282 olim
2749 4226 2803 4281 in
2835 4225 3072 4282 tenebris
3103 4235 3160 4281 et
3185 4225 3417 4296 caligine

1852 4320 2230 4384 versabantur,
2287 4320 2360 4374 ita
2391 4329 2448 4372 ut
2489 4333 2594 4373 non
2623 4318 2902 4382 viderent,
2935 4332 3110 4386 neque
3154 4315 3420 4386 intellige-

1855 4420 1994 4476 rent,
2030 4426 2204 4480 neque
2227 4411 2562 4480 cogitarent,
2589 4395 2719 4478 quia
2750 4409 2922 4464 oculis
2951 4411 3078 4464 caeci
3103 4418 3260 4463 erant
3285 4447 3300 4474 ,
3327 4407 3414 4462 in-

1853 4512 2164 4570 exspectata
2196 4503 2494 4557 mutatione
2533 4501 2771 4570 dignati,
2805 4502 3180 4571 mysteriorum
3218 4499 3274 4554 in
3321 4512 3414 4554 sa-

1854 4597 1964 4650 cris
1997 4595 2192 4652 litteris
2224 4595 2627 4658 reconditorum
2655 4593 3023 4666 speculatores
3055 4601 3235 4646 erunt.

1923 4687 2090 4743 Vens.
2139 4688 2230 4745 l9:
2297 4707 2316 4741 ι
2357 4687 2422 4742 Ει
2470 4689 2818 4744 exsultabant
2862 4701 3122 4758 pauperes
3193 4695 3417 4758 propter

1855 4779 2139 4836 Dominum
2166 4782 2218 4836 in
2254 4781 2460 4848 laetitia,
2501 4792 2554 4836 et
2577 4796 2671 4852 spe
2723 4781 2962 4837 destituti
3009 4779 3278 4844 homines,
3313 4779 3416 4834 im-

1853 4873 2143 4943 plebuntur
2169 4873 2374 4929 laetitia.
2413 4893 2431 4927 ι
2463 4868 2593 4939 Quis
2648 4873 2789 4928 enim
2835 4886 3073 4940 unquam
3123 4871 3416 4941 cogitasset

1855 4979 1969 5029 eos,
2005 4966 2095 5034 qui
2129 4981 2158 5019 a
2190 4967 2486 5036 majoribus
2517 4963 2833 5028 idololatrm,
2869 4963 3013 5016 athei
3041 4971 3096 5016 et
3121 4961 3306 5030 impii,
3339 4969 3418 5014 at-

1854 5073 1959 5127 que
1987 5074 2017 5112 a
2049 5059 2140 5114 Dei
2170 5059 2476 5128 cognitione
2503 5056 2662 5112 alieni
2703 5065 2888 5121 erant,
2939 5063 3140 5108 tantam
3170 5055 3222 5107 in
3264 5068 3413 5122 spem

1855 5162 2114 5206 venturos
2130 5150 2622 5211 fuisse?Attamen,
2646 5148 2742 5214 ait,
2762 5148 2922 5203 etiam
2942 5147 3003 5212 ii,
3023 5147 3115 5216 qui
3139 5165 3156 5196 ι
3187 5160 3282 5214 spe
3323 5146 3418 5201 dc-

1856 5244 2031 5299 stituti
2062 5252 2220 5297 erant
2249 5243 2514 5305 homines,
2551 5239 2918 5309 implebantur
2948 5238 3150 5291 laetitia.
3197 5255 3216 5288 ι

1918 5425 2082 5482 Vsus.
2117 5425 2208 5480 20.
2241 5443 2260 5476 ι
2300 5423 2512 5480 Defecit
2549 5422 2788 5492 iniquus,
2831 5430 2887 5476 et
2921 5420 3084 5490 periit
3126 5419 3414 5491 superbus,

1849 5529 1906 5573 et
1937 5520 2097 5574 deleti
2147 5525 2276 5572 sunt
2317 5514 2503 5584 inique
2555 5523 2778 5584 agentes
2829 5528 2942 5583 pra:
2973 5513 3201 5568 malitia.
3251 5531 3270 5564 ι
3320 5512 3416 5568 His

1846 5611 2100 5667 fruentur
2133 5610 2190 5666 hi
2223 5621 2444 5675 omnes,
2471 5607 2596 5677 quia
2629 5605 2676 5661 is
2713 5604 2805 5674 qui
2847 5605 2976 5662 olim
3024 5603 3312 5675 imperium
3361 5614 3418 5659 et

241 5733 354 5805 (35)
397 5735 596 5792 Dccsse
627 5732 840 5790 videtur
877 5731 1092 5803 aliquod
1131 5733 1378 5800 verbum,
1414 5747 1464 5786 v.
1491 5747 1566 5802 g.,
1598 5730 1769 5786 καλεῖ.
1803 5727 1962 5784 Eon.
