3862 6210
418 245 530 298 303

1088 239 1355 295 EUSEBII
1393 235 1878 294 CAESARIENSIS
1916 234 2070 290 OPP.
2110 233 2292 290 PARS
2330 232 2420 290 Ill.
2461 268 2530 276 -—
2569 234 2979 291 EXEGETICA.

3601 238 3706 290 304

424 355 764 428 tyrannidem
795 357 845 409 in
864 369 963 411 eos
987 356 1288 422 obtinebat,
1320 357 1536 426 iniquus
1562 365 1616 410 et
1651 356 1850 426 impius
1877 356 2002 425 qui-

2124 353 2287 406 ιύτῶν
2334 354 2428 406 καὶ
2464 352 2763 423 τυραννῶν,
2833 353 3032 423 ἄνομὸς
3069 371 3151 417 τις
3201 354 3296 407 καὶ
3349 351 3550 423 ἀσεϐὴς
3604 353 3704 423 ἄρ-

424 451 547 504 dam
578 449 862 518 princeps,
898 447 1151 503 diabolus
1184 450 1406 518 inquam
1435 489 1451 513 ,
1498 448 1703 504 defecit
1739 459 1796 504 et
1843 449 2007 519 periit

423 541 582 613 longe
611 539 890 612 depulsus,
927 540 1193 610 superbus
1223 540 1329 602 ille,
1362 542 1456 610 qui
1488 541 1616 595 olim
1639 541 1788 612 ipsos
1809 541 1864 594 in
1891 556 2005 596 ser-

423 636 649 689 vitutem
682 634 986 704 redegerat.
1010 632 1124 688 lmo
1139 634 1302 687 etiam
1325 634 1417 702 qui
1437 634 1538 689 sub
1567 633 1809 702 eoimpie
1827 634 2005 688 clini-

423 742 529 798 que
551 726 801 798 agebant,
821 725 981 782 deleti
997 733 1154 791 sunt;
1189 725 1412 795 maligni
1431 725 1683 782 videlicet
1711 726 2001 781 daemones.

493 817 661 874 Vens.
688 817 780 872 2t.
819 835 839 869 ‹
877 815 979 884 Qui
1011 832 1244 886 peccare
1267 817 1479 873 faciunt
1511 817 1760 873 homines
1802 817 1858 872 in
1892 833 2008 874 ser-

421 924 605 965 mone.
641 909 844 966 Omnes
879 916 1062 964 autem
1094 917 1388 980 arguentes
1421 909 1475 963 in
1510 909 1682 981 portis
1709 909 2008 966 oﬂ‘endicu-

423 1002 536 1058 lum
568 1011 774 1074 ponent
819 1019 834 1054 ε
871 1001 1129 1073 quoniam
1168 1003 1526 1057 detorserunt
1565 1003 1634 1058 ad
1665 1003 1867 1074 iujusta
1917 1004 2008 1076 ju-

422 1104 590 1150 stum.
628 1112 649 1148 ›
684 1094 817 1150 Nam
851 1093 1132 1165 prophetis
1161 1109 1221 1150 se
1251 1109 1434 1150 coram
1477 1097 1834 1167 arguentibus
1859 1136 1875 1162 ,
1916 1110 2004 1151 se-

423 1202 531 1260 que
559 1202 590 1242 a
624 1188 888 1259 peccandi
912 1187 1308 1244 consuetudine
1340 1189 1717 1244 avertentibus
1737 1229 1753 1252 ,
1784 1189 2010 1258 laqueos

424 1281 738 1346 tendebant,
763 1280 1082 1336 occasiones
1111 1280 1370 1336 adversus
1391 1295 1487 1336 cos
1515 1289 1818 1350 captantes,
1850 1289 1908 1336 ut
1928 1283 2011 1353 ip-

421 1385 516 1427 sos
552 1371 860 1440 perderent.

495 1463 664 1519 Vens.
709 1464 904 1530 22,25.
950 1483 972 1516 ‹
1024 1462 1323 1535 Propterea
1378 1464 1494 1520 haec
1556 1465 1687 1521 dicit
1746 1465 2011 1524 Dominus

422 1574 587 1628 super
621 1560 840 1614 domum
877 1557 1068 1624 Jacob,
1111 1573 1274 1627 quam
1298 1558 1577 1628 separavit
1599 1573 1668 1613 ex
1697 1557 2005 1614 Abraham:

422 1650 540 1706 Non
577 1664 722 1704 nunc
759 1649 1122 1705 confundetur
1151 1645 1358 1716 Jacob,
1411 1663 1588 1720 neque
1627 1663 1772 1704 nunc
1805 1649 2002 1706 faciem

2109 462 2240 514 χων,
2278 443 2420 513 λέγω
2466 443 2530 515 δὴ
2581 445 2741 508 αὐτὸς
2783 446 2813 496 6
2864 444 3129 511 διάϐολος,
3177 443 3425 509 ἐξέλιπεν
3463 443 3560 498 καὶ
3598 444 3705 498 ἀπ-

2108 533 2276 589 ώλετο
2291 535 2508 607 μακρὰν
2534 535 2801 606 διωχθεὶς,
2819 535 2847 587 6
2871 535 3039 588 πάλαι
3059 534 3606 605 καταδουλωσάμενος
3617 531 3707 588 αὐ-

2107 629 2233 693 τοὺς
2249 629 2350 682 ὑπε
2359 631 2616 701 ρήφανος⁸
2635 628 2770 683 ἀλλὰ
2785 630 2940 683 καὶοί
2959 629 3063 682 ὑπὸ
3076 628 3252 698 τούτῳ
3268 627 3594 691 ἀσεϐοῦντες
3612 627 3706 682 ἐπὶ

2108 721 2290 793 ἀδικίᾳ
2333 720 2829 793 ἐξωλοθρεύθηοαν,
2857 719 3062 791 δηλαδὴ
3094 721 3143 773 οἰ
3171 719 3397 791 πονηροὶ
3425 703 3725 788 δαίμονες.⁸

2185 832 2203 862 ι
2231 813 2294 865 Οἱ
2351 811 2632 876 ποιοῦντες
2679 811 3000 884 ἀνθρώπους
3053 810 3388 882 ἁμαρτάνειν
3429 811 3488 864 ἐν
3532 809 3700 881 λόγῳ.

2108 903 2395 969 Πάνταςδὲ
2423 905 2550 968 τοὺς
2581 904 2904 976 ἐλέγχοντας
2935 904 2992 958 ἐν
3022 903 3219 967 πύλαις
3249 902 3584 974 πρόσκομμα
3604 902 3705 974 0"l"

2111 1013 2323 1051 σουσιν·
2355 997 2439 1050 ὅτι
2484 995 2822 1064 ἐπλαγίασαν
2881 996 2968 1048 ἐπ’
2997 994 3205 1058 ἀδίκοις
3253 995 3480 1048 δίκαιον.
3507 1012 3527 1045 ι
3562 994 3704 1057 Τοὺς

2108 1089 2217 1160 γὰρ
2241 1091 2527 1161 προφήτας
2553 1089 2634 1152 εἰς
2668 1088 2958 1158 πρόσωπον
2997 1087 3193 1151 αὐτοὺς
3232 1087 3573 1158 ἐλέγχοντας,
3608 1089 3708 1140 καὶ

2107 1180 2216 1235 τῶν
2267 1179 2685 1251 ἁμαρτημάτων
2722 1178 3154 1251 ἐπιστρέφοντας
3186 1179 3326 1250 (56),
3357 1178 3701 1248 ἐωγίδευον,

2109 1272 2282 1336 λαϐάς
2303 1273 2424 1326 κατ’
2442 1271 2622 1326 αὐτῶν
2638 1269 2966 1342 θηρώμενοι,
2983 1272 3131 1334 ὅπως
3154 1271 3348 1335 αὐτοὺς
3368 1271 3703 1327 ἀπολέσωσι.

2188 1476 2206 1508 ι
2227 1455 2326 1510 Διὰ
2365 1454 2523 1509 τοῦτο
2553 1455 2679 1509 τάδε
2722 1455 2869 1524 λέγει
2899 1454 3104 1524 Κύριος
3139 1453 3232 1507 ἐπὶ
3259 1453 3352 1506 τὸν
3407 1447 3556 1508 οἷκον
3597 1454 3705 1507 ’ἰα-

2111 1547 2246 1614 κὼϐ,
2271 1549 2333 1603 ὃν
2359 1547 2636 1620 ἀφώρισεν
2667 1546 2728 1612 ἐξ
2764 1546 3047 1618 Ἀϐραάμ·
3067 1546 3143 1600 Οὐ
3170 1545 3266 1600 νῦν
3280 1545 3707 1617 αἰσχυνθήσεται

2108 1641 2327 1706 Ἰακὼϐ,
2371 1641 2494 1694 οὐδὲ
2547 1640 2641 1694 νῦν
2702 1641 2764 1694 τὸ
2799 1641 3091 1711 πρόσωπον
3135 1639 3469 1711 μεταϐαλεῖ·
3507 1639 3626 1694 ἀλλ’
3651 1639 3712 1692 ὃ·

422 1740 656 1797 mutabit
686 1757 699 1792 :
725 1742 825 1794 sed
873 1738 1094 1808 quando
1131 1739 1394 1795 videbunt
1454 1717 1551 1794 ﬁlii
1589 1754 1779 1796 eorum
1834 1755 2002 1810 opera

2124 1755 2204 1794 ξαν
2231 1737 2383 1791 ἴδωσι
2410 1735 2478 1789 τὰ
2501 1735 2668 1788 τέκνα
2693 1733 2873 1789 αὐτῶν
2901 1732 2971 1787 τὰ
2991 1731 3129 1805 ἔργα
3153 1750 3276 1804 μου,
3311 1732 3381 1785 δι’
3416 1731 3521 1802 ἐμὲ
3543 1732 3709 1800 ἁγιά-

421 1850 570 1900 mea,
607 1841 832 1904 propter
864 1847 952 1888 me
988 1833 1408 1890 sanctiﬁcabunt
1451 1847 1649 1889 nomen
1698 1848 1876 1888 meum
1898 1874 1914 1901 ,
1945 1841 2005 1889 et

424 1926 846 1984 sanctiﬁcabunt
865 1923 1130 1982 Sanctum
1156 1926 1347 1992 Jacob,
1378 1936 1434 1981 et
1457 1925 1626 1982 Deum
1651 1925 1816 1982 Israel
1849 1927 2006 1983 time-

420 2021 578 2076 bunt.
623 2041 642 2074 ι
680 2019 787 2076 Vos
809 2021 950 2084 dico,
984 2021 1202 2074 domum
1225 2017 1392 2073 Jacoh
1422 2026 1644 2073 vocatos
1684 2037 1700 2073 :
1743 2033 1906 2089 quam
1947 2026 2006 2072 ut

423 2115 680 2186 religioso
726 2114 816 2168 illo
864 2112 1181 2167 Abrahamo
1250 2110 1527 2181 indignam
1603 2110 1908 2180 separavit,
1951 2120 2008 2166 et

423 2210 632 2264 alienos
666 2207 790 2262 illos
833 2198 1227 2278 posuitDeus;
1271 2204 1398 2273 quia
1446 2217 1506 2258 se
1545 2218 1652 2258 non
1693 2203 2007 2257 Abraham.

425 2295 616 2371 dignos
661 2315 782 2357 esse
835 2299 1095 2370 operibus
1157 2296 1510 2351 exhibebant.
1573 2293 1644 2348 At
1701 2295 1848 2348 enim
1911 2293 2004 2348 ﬁlii

423 2395 659 2450 Abrahae
684 2394 942 2463 operibus
969 2401 1272 2447 noscuntur
1293 2431 1308 2455 ,
1341 2397 1401 2444 ut
1429 2388 1612 2444 docuit
1635 2388 1895 2443 Servator
1917 2388 2007 2443 his

423 2485 638 2541 verbis:
677 2503 697 2537 ι
740 2484 796 2539 Si
851 2483 949 2538 ﬁlii
1005 2483 1238 2537 Abrahae
1288 2479 1501 2544 essetis,
1553 2493 1721 2548 opera
1776 2477 2007 2534 Abrahae

420 2571 672 2628 faceretis
696 2571 763 2622 ³⁷.
800 2589 818 2622 ι
854 2569 1138 2636 Quodnam
1187 2580 1322 2620 vero
1372 2575 1588 2634 tempus
1633 2562 1767 2618 illud
1815 2561 2003 2624 luerit,

419 2663 525 2718 nisi
555 2677 662 2734 quo
695 2660 860 2717 verba
891 2674 1012 2716 mea
1040 2659 1462 2729 complebuntur
1484 2696 1498 2722 ,
1535 2672 1658 2713 cum
1693 2656 1794 2712 ﬁlii
1837 2656 2006 2712 vestri

421 2755 759 2826 alienigenas
782 2763 840 2810 et
870 2751 1057 2822 generi
1089 2760 1273 2807 vestro
1296 2759 1589 2805 extraneos
1625 2764 1824 2806 nomen
1859 2747 2009 2804 cele-

420 2844 586 2899 brare
618 2857 797 2898 meum
833 2841 1134 2896 videbunt?
1165 2840 1317 2896 Tunc
1367 2840 1512 2894 enim
1545 2839 1647 2908 ipsi
1693 2838 1787 2893 ﬁlii
1835 2838 2006 2894 vestri

421 2934 818 2989 confundentur
840 2941 896 2987 et
919 2933 1242 2987 erubescent
1264 2971 1279 2995 ,
1309 2931 1635 3000 stupendam
1679 2928 1830 2985 illam
1858 2943 2000 3000 gen-

421 3028 559 3081 tium
592 3025 946 3080 mutationem
983 3032 1306 3087 cernentes,
1351 3021 1764 3092 conspicatiqnc
1812 3020 2006 3075 alieni-

422 3133 589 3191 genas
646 3117 893 3172 homines
948 3114 1210 3170 Sanctum
1270 3114 1437 3170 Israel
1488 3123 1542 3169 et
1607 3115 1774 3168 Deum
1834 3111 2006 3169 Jacob

423 3211 789 3275 sanctiﬁcare,
820 3225 884 3264 ac
912 3209 1007 3263 Dei
1043 3208 1420 3264 universorum
1454 3207 1648 3262 timore
1676 3203 1838 3262 allici.

492 3394 659 3451 Vsns.
683 3395 774 3450 24.
821 3412 840 3446 ι
872 3393 938 3449 Et
967 3392 1142 3450 scient
1166 3393 1256 3462 qui
1289 3402 1473 3447 errant
1512 3391 1711 3463 spiritu
1735 3431 1752 3459 ,
1801 3389 2004 3446 intelli-

423 3487 661 3558 gentiam
707 3505 721 3542 :
757 3487 848 3557 qui
883 3497 1067 3540 autem
1103 3486 1523 3540 obmurmurant
1549 3525 1564 3551 ,
1612 3484 1827 3540 discent
1877 3484 2007 3539 obe-

425 3581 712 3648 dientiam,
737 3590 794 3636 et
823 3579 1017 3650 linguae
1042 3575 1408 3631 balbutientes
1445 3575 1656 3630 discent
1708 3572 1857 3643 loqui
1905 3588 2005 3643 pa-

424 3687 563 3728 cem.
603 3692 623 3725 ›
658 3671 882 3743 Linguae
921 3669 1302 3733 balbutientes,
1335 3682 1453 3736 qua:
1489 3667 1622 3722 nihil
1662 3668 1842 3732 clare,
1869 3665 2006 3722 nihil

424 3782 552 3823 vere
601 3764 749 3834 loqui
803 3770 1078 3832 poterant,
1137 3760 1202 3814 ad
1237 3768 1486 3813 naturam
1523 3773 1788 3829 regressae
1821 3773 2002 3821 suam,

422 3855 730 3912 clarissime
756 3853 1068 3921 loquentur,
1111 3849 1261 3920 pacis
1302 3863 1588 3902 sermones
1633 3846 1879 3913 edoctae;
1913 3855 2004 3900 ut-

422 3957 554 4019 pote
589 3961 711 4015 quae
749 3952 804 3999 et
835 3942 978 3999 bello
1011 3940 1236 4006 liberae,
1263 3949 1320 3994 et
1345 3953 1533 4009 pacem
1575 3953 1698 3992 cum
1740 3937 1850 3992 Deo
1881 3952 2004 3991 am-

421 4040 598 4110 .plexze
623 4038 748 4093 sint.

1008 4124 1238 4182 CAPUT
1270 4123 1439 4178 XXX.

501 4225 664 4280 Vsus.
697 4222 814 4278 1-5.
850 4220 960 4288 Vae,
999 4220 1094 4274 ﬁlii
1131 4220 1440 4274 desertores
1463 4257 1480 4282 ,
1529 4216 1662 4272 dicit
1721 4215 2001 4272 Dominus.

421 4318 634 4374 lniistis
665 4314 975 4378 consilium,
1004 4327 1109 4366 non
1138 4326 1234 4380 per
1258 4326 1343 4364 me
1386 4327 1401 4376 ;
1437 4318 1490 4364 et
1528 4317 1684 4378 pacta
1712 4348 1727 4372 ,
1774 4322 1880 4362 non
1908 4322 2006 4378 per

2109 1847 2261 1884 σουσι
2283 1829 2348 1882 τὸ
2375 1827 2548 1899 ὄνομά
2579 1845 2705 1898 μου,
2737 1826 2833 1881 καὶ
2860 1825 3148 1896 ἁγιάσουσι
3163 1825 3254 1878 τὸν
3270 1825 3461 1893 ’Ἀγιον
3483 1823 3704 1888 Ἰακὼϐ,

2106 1921 2199 1975 καὶ
2225 1920 2318 1974 τὸν
2341 1920 2475 1973 Θεὸν
2529 1918 2624 1973 τοῦ
2668 1917 2885 1992 Ἰσραὴλ
2934 1917 3356 1990 φοϐηθήσονται.
3378 1936 3398 1969 ι
3435 1917 3619 1988 ’Υμᾶς
3648 1916 3709 1970 δὲ

2105 2015 2269 2082 λέγω,
2300 2014 2392 2068 τὸν
2451 2012 2787 2084 καλούμενον
2837 2008 2985 2066 οἷκον
3025 2010 3240 2078 Ἰακὼϐ,
3290 2010 3352 2065 ὃν
3401 2011 3502 2064 οὐκ
3553 2009 3710 2078 ἀξιον

2105 2108 2235 2162 ὄντα
2276 2104 2373 2160 τοῦ
2418 2104 2701 2175 θεοφιλοῦς
2746 2104 2955 2158 ἐκείνου
2998 2103 3250 2176 Ἀϐραὰμ
3305 2102 3572 2174 ἀφώρισε,
3610 2103 3710 2158 καὶ

2106 2195 2549 2268 ἀπηλλοτρίωσεν
2580 2197 2779 2260 αὐτοὺς
2811 2198 2840 2249 6
2869 2193 3021 2261 Θεὸς,
3048 2195 3138 2249 διὰ
3177 2196 3240 2248 τὸ
3274 2194 3349 2267 μὴ
3374 2198 3490 2258 τοῖς
3519 2195 3710 2268 ἔργοις

2105 2288 2289 2355 ἀξίους
2319 2288 2415 2342 τοῦ
2454 2287 2702 2360 Ἀϐραὰμ
2726 2287 3068 2358 καταστῆσαι
3095 2287 3344 2352 ἑαυτούς.
3379 2287 3462 2342 Τὰ
3481 2287 3589 2360 γὰρ
3618 2287 3711 2341 τέ-

2105 2397 2210 2434 κνα
2235 2379 2330 2433 τοῦ
2370 2380 2622 2452 Ἀϐραὰμ
2650 2379 2739 2434 διὰ
2769 2379 2880 2434 τῶν
2909 2379 3084 2454 ἔργων
3119 2381 3460 2452 γνωρίζεται,
3493 2380 3713 2441 ὡς’ἐδί-

2103 2473 2262 2538 δαξεν
2291 2475 2320 2526 6
2349 2471 2538 2545 Σωτὴρ
2572 2470 2740 2526 εἰπών
2759 2488 2772 2502 '
2825 2492 2844 2523 ι
2870 2472 2933 2525 Εἰ
2966 2471 3135 2527 τέκνα
3164 2472 3263 2526 τοῦ
3306 2472 3558 2545 Ἀϐραὰμ
3583 2469 3709 2545 ἦτε,

2103 2565 2173 2619 τὰ
2201 2563 2338 2636 ἔργα
2367 2567 2460 2619 τοῦ
2509 2564 2762 2635 Ἀϐραὰμ
2793 2565 3048 2620 ἐποιεῖτε.
3075 2586 3097 2620 ι
3135 2565 3232 2629 Τίς
3268 2566 3313 2620 δ’
3336 2566 3404 2620 ἂν
3432 2565 3516 2639 εἰη
3553 2562 3712 2631 οὗτος

2104 2661 2132 2712 6
2156 2659 2367 2731 καιρὸς,
2399 2657 2432 2729 ἥ
2467 2658 2611 2729 ὁτῆς
2637 2657 2921 2722 ἐκϐάσεως
2947 2656 3054 2711 τῶν
3083 2657 3234 2727 ἐμῶν
3259 2657 3454 2726 λόγων,
3493 2657 3617 2711 καθ’
3651 2658 3714 2712 ὃν

2104 2751 2174 2804 τὰ
2199 2752 2366 2805 τέκνα
2394 2749 2464 2804 τὰ
2497 2749 2741 2821 ὑμέτερα
2779 2750 2904 2813 τοὺς
2927 2749 3232 2817 ἀλλογενεῖς
3271 2750 3368 2804 καὶ
3396 2748 3713 2821 ἀλλοτρίους

2104 2843 2198 2897 τοῦ
2231 2842 2503 2914 ἡμετέρου
2533 2841 2724 2911 γένους
2753 2841 2975 2912 ὄψονται
3004 2840 3326 2908 δοξάζοντας
3353 2843 3412 2895 τὺ
3440 2843 3574 2915 ἐμὸν
3593 2843 3716 2897 δνο-

2113 2951 2226 3005 μα;
2258 2934 2394 2988 Τότε
2422 2933 2532 3005 γὰρ
2562 2931 2704 2986 αὐτὰ
2734 2931 2802 2986 τὰ
2831 2932 3080 3004 ὑμέτερα
3106 2934 3272 2986 τέκνα
3301 2933 3714 3005 καταισχυνθήο

2109 3044 2262 3082 σεται
2293 3027 2387 3080 καὶ
2426 3027 2881 3100 διατραπήσεται,
2921 3027 3136 3099 ὁρῶντα
3179 3029 3241 3082 τὸ
3271 3028 3576 3101 παράδοξον
3610 3030 3715 3101 τῆς

2107 3119 2214 3173 τῶν
2242 3119 2409 3174 ἐθνῶν
2447 3120 2772 3191 μεταϐολῆς,
2803 3120 2897 3174 καὶ
2924 3121 3001 3183 ὡς
3024 3121 3307 3191 ἀλλόφυλοί
3341 3139 3483 3186 τινες
3518 3121 3715 3193 ἄνδρες

2115 3208 2208 3262 τὸν
2227 3209 2415 3278 ’Ἀγιον
2431 3209 2525 3263 τοῦ
2561 3211 2776 3283 Ἰσραὴλ
2806 3212 2900 3266 καὶ
2929 3212 3019 3265 τὸν
3037 3212 3178 3266 Θεὸν
3193 3212 3287 3265 τοῦ
3325 3212 3521 3266 Ἰακὼϐ
3551 3215 3716 3282 ἁγιά-

2109 3299 2280 3366 ζουσι,
2296 3303 2390 3355 καὶ
2411 3303 2574 3371 φόϐον
2586 3303 2944 3358 ἀναλάϐονται
2963 3304 3075 3375 (57)
3090 3304 3185 3357 τοῦ
3205 3305 3295 3357 ἐπὶ
3314 3304 3534 3358 πάντων
3546 3303 3710 3361 Θεοῦ.

2185 3412 2203 3444 ι
2226 3395 2340 3448 Καὶ
2370 3394 2668 3464 γνώσονται
2695 3397 2745 3448 οἰ
2784 3396 3232 3468 πλανώμενοιτῴ
3261 3397 3533 3469 πνεύματι
3593 3399 3718 3452 σύν-

2109 3503 2224 3540 εσιν
2247 3504 2261 3517 ο
2307 3488 2357 3540 οἱ
2385 3487 2445 3541 δὲ
2471 3489 2834 3558 γογγύζοντες
2867 3490 3203 3564 μαθήσονται
3259 3492 3576 3556 ὑπακούειν,
3614 3494 3717 3546 καὶ

2109 3581 2166 3632 αἰ
2206 3579 2446 3649 γλῶσσαι
2482 3583 2538 3635 αἱ
2570 3581 2915 3652 ψελλίζουσαι
2970 3584 3306 3657 μαθήσονται
3350 3585 3531 3640 λαλεῖν
3557 3586 3719 3657 εἰρή-

2109 3689 2226 3742 νην.
2256 3691 2272 3723 ι
2322 3674 2387 3726 Αἱ
2417 3673 2663 3742 γλῶσσαι
2699 3677 2756 3728 αἰ
2795 3675 3141 3745 ψελλίζουσαι
3173 3677 3269 3731 καὶ
3303 3678 3478 3748 ,μηδὲν
3510 3679 3717 3748 τρανὸν

2113 3764 2247 3835 μηδὲ
2276 3765 2476 3837 ἀληθὲς
2505 3767 2682 3821 λαλεῖν
2716 3769 3032 3840 δυνάμεναι,
3073 3771 3157 3832 εἰς
3178 3770 3239 3822 τὸ
3265 3769 3407 3824 κατά
3433 3769 3595 3840 φύσιν
3617 3769 3713 3822 ἐλ-

2110 3854 2325 3924 θοῦσαι,
2365 3860 2685 3931 τρανώτατα
2713 3861 3029 3931 λαλήσουσι,
3074 3860 3342 3930 μαθοῦσαι
3376 3863 3597 3933 εἰρήνης
3623 3861 3720 3914 λό-

2108 3963 2259 4015 γους,
2285 3949 2362 4014 ώς
2397 3950 2467 4004 ’ἂν
2503 3954 2705 4016 παντὸς
2740 3953 3155 4024 ἀπηλλαγμέναι
3197 3953 3458 4024 πολέμου,
3490 3955 3582 4007 καὶ
3610 3967 3716 4025 την

2110 4040 2247 4111 πρὸς
2273 4041 2415 4095 Θεὸν
2444 4044 2668 4116 εἰρήνην
2695 4044 3106 4116 ἀσπασάμεναι.

2648 4137 3050 4190 ΚΕΦΑΛΑΙΟΝ
3077 4137 3154 4190 A'.

2184 4247 2203 4280 ι
2225 4227 2362 4281 Οὐαὶ
2386 4227 2554 4280 τέκνα
2583 4227 2907 4291 ἀποστάται,
2934 4227 3082 4296 λέγει
3103 4227 3334 4298 Κύριος.
3383 4227 3716 4298 Ἐποιήσατε

2111 4321 2324 4393 βουλὴν,
2350 4321 2410 4374 οὐ
2431 4321 2499 4375 δι’
2524 4321 2683 4390 ἐμοῦ,
2713 4323 2807 4375 καὶ
2840 4321 3132 4392 συνθήκας,
3159 4320 3223 4373 οὐ
3243 4319 3330 4373 διὰ
3348 4318 3442 4372 τοῦ
3468 4319 3721 4390 πνεύμα-

423 4409 678 4483 spiritum
703 4420 915 4468 meum;
943 4411 1002 4456 ut
1035 4401 1306 4455 adderetis
1333 4406 1555 4468 peccata
1588 4398 1827 4466 peccatis
1869 4415 1883 4451 :
1913 4397 2003 4466 qui

2124 4415 2202 4478 τός
2235 4414 2697 4486 μου,προσθεῖναι
2739 4415 3018 4486 ἁμαρτίας
3071 4412 3155 4481 ἐφ’
3195 4410 3490 4483 ἁμαρτίας,
3523 4413 3572 4463 οἰ
3606 4427 3717 4464 πο-

424 4503 634 4560 vadunt
691 4508 748 4554 et
820 4495 1158 4553 descendunt
1219 4493 1273 4547 in
1326 4491 1653 4562 Egyptum,
1695 4503 1780 4544 me
1826 4499 2005 4544 autem

425 4612 534 4654 non
561 4595 993 4662 interrogarunt,
1017 4597 1077 4642 ut
1103 4585 1360 4640 auxilium
1385 4585 1622 4640 habeant
1648 4598 1677 4637 a
1699 4580 2005 4647 Pharaone,

413 4701 486 4748 et
524 4695 878 4761 protegantur
911 4683 978 4738 ab
1023 4678 1316 4752 Egyptiis.
1348 4679 1468 4734 Erit
1518 4678 1665 4734 enim
1698 4675 1855 4732 vobis
1881 4689 2008 4744 pro-

427 4786 596 4842 tectio
630 4781 932 4838 Pharaonis
964 4779 1020 4834 in
1066 4776 1465 4839 confusionem,
1499 4783 1555 4831 et
1604 4773 1670 4830 iis
1696 4773 1790 4843 qui
1837 4772 2010 4826 conﬁo

428 4883 567 4934 dunt
609 4877 666 4932 in
721 4874 957 4946 Egypto
981 4913 996 4938 ,
1025 4870 1386 4941 opprobrium
1419 4884 1432 4919 :
1464 4867 1723 4936 quoniam
1774 4874 1904 4920 sunt
1953 4864 2009 4918 in

429 4969 565 5025 Tani
587 4967 879 5039 principes,
902 4964 1074 5035 angeli
1099 4962 1248 5021 mali.
1276 4961 1496 5016 Frustra
1522 4959 1848 5014 laborabunt
1869 4959 2011 5028 apud

429 5063 714 5134 populum,
740 5059 832 5130 qui
857 5057 938 5114 eis
969 5072 1074 5111 non
1103 5055 1345 5125 proderit
1371 5054 1438 5108 ad
1470 5051 1734 5107 auxilium
1760 5092 1776 5116 ,
1820 5051 1915 5105 sed
1942 5051 2010 5103 ad

424 5153 808 5210 confusionem
830 5159 885 5204 et
903 5147 1278 5218 opprobrium.
1313 5164 1331 5196 ι
1367 5149 1566 5214 Aperte
1593 5141 1858 5205 declarat,
1885 5151 2013 5196 tunc

433 5246 714 5298 daemonas
756 5239 813 5294 in
860 5237 1098 5310 Egypto
1141 5236 1329 5298 fuisse,
1380 5249 1518 5304 quos
1562 5233 1791 5304 angelos
1838 5231 2013 5287 malos

434 5339 744 5400 nuncupat,
778 5327 870 5398 qui
897 5326 1067 5382 multa
1116 5325 1482 5395 operabantur
1543 5324 1596 5378 in
1645 5323 1739 5378 illa
1789 5321 2011 5394 Egypti

433 5425 653 5478 civitate
696 5436 816 5491 quae
854 5420 1055 5475 dicitur
1077 5418 1242 5473 Tanis
1268 5459 1283 5485 ,
1316 5417 1405 5473 ubi
1439 5417 1529 5473 illo
1577 5426 1820 5487 tempore
1863 5417 2010 5486 regia

503 5539 547 5569 ²⁷
571 5537 729 5592 Joan.
755 5554 873 5604 vm,
895 5539 986 5593 59.

505 5633 616 5705 (6G)
657 5633 867 5705 Mallem
898 5634 1078 5705 legere
1103 5634 1568 5705 ἀποστρέφοντας.
1591 5633 1757 5705 Enn.

2118 4506 2398 4578 ρευόμενοι
2442 4507 2748 4577 καταϐῆναι
2797 4509 2875 4570 εἰς
2908 4507 3202 4574 Αἴγυπτον,
3243 4506 3343 4577 ἐμὲ
3375 4505 3434 4558 δὲ
3477 4504 3579 4557 οὐκ
3611 4504 3724 4557 ἐπ-

2117 4596 2428 4669 ηρώτησαν,
2470 4597 2564 4650 τοῦ
2597 4596 2855 4668 βοηθῆναι
2881 4597 2986 4650 ὑπὸ
3029 4594 3250 4666 Φαραὼ,
3275 4595 3370 4648 καὶ
3394 4593 3722 4662 σκεπασθῆ-

2117 4707 2205 4742 ναι
2255 4689 2361 4741 ὑπὸ
2386 4689 2718 4756 Αἰγυπτίων.
2767 4689 2958 4741 Ἔσται
2989 4687 3098 4758 γὰρ
3137 4687 3265 4757 ὑμῖν
3296 4685 3471 4755 σκέπη
3507 4684 3722 4756 Φαραὼ

2119 4782 2196 4844 εἰς
2230 4781 2512 4852 αἰσχύνην,
2548 4783 2643 4834 καὶ
2674 4784 2787 4845 τοῖς
2823 4779 3137 4833 πεποιθόσιν
3163 4779 3249 4831 ἐπ’
3275 4777 3554 4845 Αἴγυπτον
3579 4777 3720 4832 δνει-

2118 4869 2239 4932 δος·
2282 4871 2364 4923 ὅτι
2420 4871 2559 4923 εἰσὶν
2592 4873 2648 4924 ἐν
2681 4871 2842 4924 Τάνει
2876 4870 3128 4940 ἀρχηγοὶ,
3184 4866 3407 4936 ἄγγελοι
3456 4867 3715 4939 πονηροί.

2118 4961 2312 5031 Μάτην
2339 4961 2660 5014 κοπιάσουσι
2684 4961 2820 5033 πρὸς
2847 4961 2996 5023 λαὸν,
3022 4960 3196 5023 ὂςςοὺκ
3218 4956 3490 5028 ὠφελήσει
3513 4956 3722 5019 αὐτοὺς

2118 5052 2198 5114 εἰς
2231 5051 2505 5123 βοήθειαν,
2536 5053 2670 5107 ἀλλὰ
2694 5056 2774 5117 εἰς
2801 5053 3064 5124 αἰσχύνην
3093 5053 3184 5106 καὶ
3213 5051 3433 5114 ὄνειδος.
3463 5070 3482 5102 ι
3513 5049 3719 5118 Σαφῶς

2119 5145 2364 5214 παριστᾷ
2392 5145 2671 5213 γεγονέναι
2708 5147 2830 5199 τότε
2883 5147 3012 5217 παρ’
3057 5145 3378 5213 Αἰγυπτίοις
3411 5142 3714 5212 δαίμονας,

2119 5236 2383 5303 ἀγγέλους
2410 5239 2676 5310 πονηροὺς
2699 5237 2955 5308 ὀνομάζει
2979 5239 3196 5303 αὐτοὺς,
3225 5238 3276 5290 οἳ
3301 5236 3538 5306 μάλιστα
3561 5237 3717 5307 ἐνήρ-

2121 5343 2248 5394 γουν
2273 5327 2340 5381 τὰ
2371 5331 2539 5384 πολλά
2565 5334 2622 5383 ἐν
2661 5332 2726 5402 τῇ
2756 5331 3064 5402 καλουμένῃ
3098 5329 3251 5384 πόλει
3289 5330 3387 5401 τῆς
3427 5327 3716 5396 Αἰγύπτου

2121 5419 2304 5485 Τάνει,
2325 5421 2456 5477 ἔνθα
2467 5422 2526 5476 τὸ
2545 5423 2813 5492 βασίλειον
2826 5423 2922 5477 τοῦ
2941 5422 3142 5494 Φαραὼ
3164 5422 3285 5476 κατ’
3300 5423 3481 5475 ἐκεῖνο
3501 5420 3714 5492 ἵδρυτο.

501 5697 617 5772 (57)
663 5704 774 5759 Vox
829 5697 1185 5760 ἀναλάϐονται
1227 5697 1409 5764 merus
1465 5697 1550 5764 est
1587 5701 1990 5770 barbarismus,

2133 5716 2192 5759 us
2224 5700 2341 5758 loco
2375 5699 2655 5772 legendum
2698 5700 3198 5773 ἀναλαμϐάνονται.
3242 5697 3407 5755 Ent'r.
