  <div class='ocr_page' id='page_1' title='image "/cluster/home/n/w/nwhite01/storage/ocr_20150623/24/nnc1.0046978259/162.png"; bbox 0 0 3862 6210; ppageno 0'>
   <div class='ocr_carea' id='block_1_1' title="bbox 174 374 1754 450">
    <p class='ocr_par' dir='ltr' id='par_1_1' title="bbox 174 374 1730 442">
     <span class='ocr_line' id='line_1_1' title="bbox 174 374 1730 442; baseline 0.002 -6"><span class='ocrx_word' id='word_1_1' title='bbox 174 379 288 437; x_wconf 77' lang='lat'><strong>305</strong></span> <span class='ocrx_word' id='word_1_2' title='bbox 1122 374 1624 442; x_wconf 78' lang='lat' dir='ltr'><strong>COMMENTARIA</strong></span> <span class='ocrx_word' id='word_1_3' title='bbox 1663 385 1730 440; x_wconf 89' lang='lat' dir='ltr'><strong>lN</strong></span> 
     </span>
    </p>
   </div>
   <div class='ocr_carea' id='block_1_2' title="bbox 1866 374 3453 450">
    <p class='ocr_par' dir='ltr' id='par_1_2' title="bbox 1866 377 3453 450">
     <span class='ocr_line' id='line_1_2' title="bbox 1866 377 3453 450; baseline 0.005 -10"><span class='ocrx_word' id='word_1_4' title='bbox 1866 386 2030 441; x_wconf 63' lang='grc' dir='ltr'><strong>ΛΑΜ.</strong></span> <span class='ocrx_word' id='word_1_5' title='bbox 2070 377 2141 450; x_wconf 60' lang='grc' dir='ltr'><strong>τέο</strong></span> <span class='ocrx_word' id='word_1_6' title='bbox 2177 380 2358 449; x_wconf 57' lang='lat' dir='ltr'><strong>CAP.&quot;</strong></span> <span class='ocrx_word' id='word_1_7' title='bbox 2374 377 2540 443; x_wconf 74' lang='lat' dir='ltr'><strong>XXX.’</strong></span> <span class='ocrx_word' id='word_1_8' title='bbox 3349 393 3453 448; x_wconf 77' lang='grc'><strong>506</strong></span> 
     </span>
    </p>
   </div>
   <div class='ocr_carea' id='block_1_3' title="bbox 177 485 1754 580">
    <p class='ocr_par' dir='ltr' id='par_1_3' title="bbox 177 485 1753 577">
     <span class='ocr_line' id='line_1_3' title="bbox 177 485 1753 577; baseline 0.004 -23"><span class='ocrx_word' id='word_1_9' title='bbox 177 501 329 571; x_wconf 71' lang='grc' dir='ltr'>Πλὴν</span> <span class='ocrx_word' id='word_1_10' title='bbox 364 501 508 556; x_wconf 62' lang='grc' dir='ltr'>ἀλλὰ</span> <span class='ocrx_word' id='word_1_11' title='bbox 543 501 640 555; x_wconf 72' lang='grc' dir='ltr'>καὶ</span> <span class='ocrx_word' id='word_1_12' title='bbox 669 493 842 569; x_wconf 77' lang='grc' dir='ltr'>οῦτόἶ,</span> <span class='ocrx_word' id='word_1_13' title='bbox 877 491 1064 572; x_wconf 69' lang='grc' dir='ltr'>φησῖν,</span> <span class='ocrx_word' id='word_1_14' title='bbox 1119 504 1169 556; x_wconf 87' lang='grc' dir='ltr'>οἱ</span> <span class='ocrx_word' id='word_1_15' title='bbox 1203 485 1264 558; x_wconf 67' lang='grc' dir='ltr'>ἐν</span> <span class='ocrx_word' id='word_1_16' title='bbox 1324 504 1487 560; x_wconf 85' lang='grc' dir='ltr'>Τάνει</span> <span class='ocrx_word' id='word_1_17' title='bbox 1520 507 1753 577; x_wconf 79' lang='grc' dir='ltr'><strong>ἀρχηγοὶ</strong></span> 
     </span>
    </p>
   </div>
   <div class='ocr_carea' id='block_1_4' title="bbox 1866 485 3455 580">
    <p class='ocr_par' dir='ltr' id='par_1_4' title="bbox 1881 501 3455 580">
     <span class='ocr_line' id='line_1_4' title="bbox 1881 501 3455 580; baseline 0.005 -22"><span class='ocrx_word' id='word_1_18' title='bbox 1881 503 2184 560; x_wconf 79' lang='lat' dir='ltr'><strong>PharaOnis</strong></span> <span class='ocrx_word' id='word_1_19' title='bbox 2215 513 2355 563; x_wconf 87' lang='lat' dir='ltr'><strong>erat.</strong></span> <span class='ocrx_word' id='word_1_20' title='bbox 2379 504 2652 560; x_wconf 84' lang='lat' dir='ltr'><strong>Caeterum</strong></span> <span class='ocrx_word' id='word_1_21' title='bbox 2679 505 2735 560; x_wconf 89' lang='lat' dir='ltr'><strong>hi</strong></span> <span class='ocrx_word' id='word_1_22' title='bbox 2765 521 3014 577; x_wconf 89' lang='lat' dir='ltr'><strong>quoque,</strong></span> <span class='ocrx_word' id='word_1_23' title='bbox 3045 501 3156 574; x_wconf 81' lang='lat' dir='ltr'><strong>ait,</strong></span> <span class='ocrx_word' id='word_1_24' title='bbox 3179 505 3455 580; x_wconf 79' lang='lat' dir='ltr'><strong>principes</strong></span> 
     </span>
    </p>
   </div>
   <div class='ocr_carea' id='block_1_5' title="bbox 176 592 1754 672">
    <p class='ocr_par' dir='ltr' id='par_1_5' title="bbox 176 597 1754 672">
     <span class='ocr_line' id='line_1_5' title="bbox 176 597 1754 672; baseline 0.001 -21"><span class='ocrx_word' id='word_1_25' title='bbox 176 599 410 672; x_wconf 73' lang='grc' dir='ltr'>ἄγγελοι</span> <span class='ocrx_word' id='word_1_26' title='bbox 462 599 692 669; x_wconf 69' lang='grc' dir='ltr'>πονηροὶ</span> <span class='ocrx_word' id='word_1_27' title='bbox 721 597 871 651; x_wconf 81' lang='grc' dir='ltr'>οὐδὲν</span> <span class='ocrx_word' id='word_1_28' title='bbox 898 597 1272 669; x_wconf 83' lang='grc' dir='ltr'><strong>ὠφελήσουσιν</strong></span> <span class='ocrx_word' id='word_1_29' title='bbox 1297 601 1376 663; x_wconf 80' lang='grc' dir='ltr'>εἰς</span> <span class='ocrx_word' id='word_1_30' title='bbox 1414 599 1473 652; x_wconf 85' lang='grc' dir='ltr'>τὸ</span> <span class='ocrx_word' id='word_1_31' title='bbox 1501 599 1754 670; x_wconf 82' lang='grc' dir='ltr'>ὲπαμῦνα</span> 
     </span>
    </p>
   </div>
   <div class='ocr_carea' id='block_1_6' title="bbox 1866 592 3456 672">
    <p class='ocr_par' dir='ltr' id='par_1_6' title="bbox 1884 592 3456 667">
     <span class='ocr_line' id='line_1_6' title="bbox 1884 592 3456 667; baseline 0.004 -20"><span class='ocrx_word' id='word_1_32' title='bbox 1884 592 2096 648; x_wconf 86' lang='lat' dir='ltr'><strong>Taneos</strong></span> <span class='ocrx_word' id='word_1_33' title='bbox 2117 635 2132 661; x_wconf 97' lang='lat'><strong>,</strong></span> <span class='ocrx_word' id='word_1_34' title='bbox 2157 594 2337 664; x_wconf 81' lang='lat' dir='ltr'><strong>angeli</strong></span> <span class='ocrx_word' id='word_1_35' title='bbox 2365 594 2526 661; x_wconf 89' lang='lat' dir='ltr'><strong>mali,</strong></span> <span class='ocrx_word' id='word_1_36' title='bbox 2558 595 2688 649; x_wconf 82' lang='lat' dir='ltr'><strong>nihil</strong></span> <span class='ocrx_word' id='word_1_37' title='bbox 2712 595 2976 664; x_wconf 88' lang='lat' dir='ltr'><strong>juvabunt</strong></span> <span class='ocrx_word' id='word_1_38' title='bbox 3006 610 3133 662; x_wconf 88' lang='lat' dir='ltr'><strong>eos,</strong></span> <span class='ocrx_word' id='word_1_39' title='bbox 3162 599 3255 667; x_wconf 85' lang='lat' dir='ltr'><strong>qui</strong></span> <span class='ocrx_word' id='word_1_40' title='bbox 3292 601 3360 653; x_wconf 89' lang='lat' dir='ltr'><strong>ad</strong></span> <span class='ocrx_word' id='word_1_41' title='bbox 3395 615 3456 654; x_wconf 91' lang='lat' dir='ltr'><strong>se</strong></span> 
     </span>
    </p>
   </div>
   <div class='ocr_carea' id='block_1_7' title="bbox 175 686 1754 762">
    <p class='ocr_par' dir='ltr' id='par_1_7' title="bbox 175 687 1754 762">
     <span class='ocr_line' id='line_1_7' title="bbox 175 687 1754 762; baseline 0.001 -20"><span class='ocrx_word' id='word_1_42' title='bbox 175 691 294 754; x_wconf 76' lang='grc' dir='ltr'>τοῖς</span> <span class='ocrx_word' id='word_1_43' title='bbox 329 689 747 762; x_wconf 81' lang='grc' dir='ltr'>προσφυγοῦσιν</span> <span class='ocrx_word' id='word_1_44' title='bbox 771 691 975 756; x_wconf 80' lang='grc' dir='ltr'>αὐτοῖς,</span> <span class='ocrx_word' id='word_1_45' title='bbox 1003 689 1096 744; x_wconf 80' lang='grc' dir='ltr'>καὶ</span> <span class='ocrx_word' id='word_1_46' title='bbox 1113 689 1210 762; x_wconf 86' lang='grc' dir='ltr'>τὴν</span> <span class='ocrx_word' id='word_1_47' title='bbox 1233 687 1294 754; x_wconf 75' lang='grc' dir='ltr'><strong>ἐξ</strong></span> <span class='ocrx_word' id='word_1_48' title='bbox 1316 689 1497 743; x_wconf 85' lang='grc' dir='ltr'>αὐτῶν</span> <span class='ocrx_word' id='word_1_49' title='bbox 1529 689 1754 762; x_wconf 62' lang='grc' dir='ltr'><strong>βοήθειαι⁴</strong></span> 
     </span>
    </p>
   </div>
   <div class='ocr_carea' id='block_1_8' title="bbox 1866 686 3452 762">
    <p class='ocr_par' dir='ltr' id='par_1_8' title="bbox 1881 686 3452 757">
     <span class='ocr_line' id='line_1_8' title="bbox 1881 686 3452 757; baseline 0.002 -15"><span class='ocrx_word' id='word_1_50' title='bbox 1881 686 2226 757; x_wconf 83' lang='lat' dir='ltr'><strong>confugient,</strong></span> <span class='ocrx_word' id='word_1_51' title='bbox 2249 695 2306 741; x_wconf 90' lang='lat' dir='ltr'><strong>et</strong></span> <span class='ocrx_word' id='word_1_52' title='bbox 2331 701 2487 757; x_wconf 87' lang='lat' dir='ltr'><strong>opem</strong></span> <span class='ocrx_word' id='word_1_53' title='bbox 2514 686 2754 757; x_wconf 86' lang='lat' dir='ltr'><strong>ipsorum</strong></span> <span class='ocrx_word' id='word_1_54' title='bbox 2787 687 3174 756; x_wconf 85' lang='lat' dir='ltr'><strong>implorabunt.</strong></span> <span class='ocrx_word' id='word_1_55' title='bbox 3205 688 3360 756; x_wconf 79' lang='lat' dir='ltr'><strong>Quod</strong></span> <span class='ocrx_word' id='word_1_56' title='bbox 3393 704 3452 745; x_wconf 90' lang='lat' dir='ltr'><strong>re</strong></span> 
     </span>
    </p>
   </div>
   <div class='ocr_carea' id='block_1_9' title="bbox 175 778 1754 855">
    <p class='ocr_par' dir='ltr' id='par_1_9' title="bbox 175 781 1754 855">
     <span class='ocr_line' id='line_1_9' title="bbox 175 781 1754 855; baseline 0.001 -20"><span class='ocrx_word' id='word_1_57' title='bbox 175 782 713 854; x_wconf 79' lang='grc' dir='ltr'>ἀνακαλεσαμένοις.</span> <span class='ocrx_word' id='word_1_58' title='bbox 760 783 871 836; x_wconf 83' lang='grc' dir='ltr'><strong>Καὶ</strong></span> <span class='ocrx_word' id='word_1_59' title='bbox 897 783 1082 847; x_wconf 88' lang='grc' dir='ltr'>αὐτοῖς</span> <span class='ocrx_word' id='word_1_60' title='bbox 1112 781 1294 854; x_wconf 76' lang='grc' dir='ltr'>ἔργοις</span> <span class='ocrx_word' id='word_1_61' title='bbox 1333 783 1635 855; x_wconf 75' lang='grc' dir='ltr'><strong>ἐπληροῦτο</strong></span> <span class='ocrx_word' id='word_1_62' title='bbox 1653 783 1754 837; x_wconf 91' lang='grc' dir='ltr'><strong>καθ</strong></span> 
     </span>
    </p>
   </div>
   <div class='ocr_carea' id='block_1_10' title="bbox 1866 778 3449 855">
    <p class='ocr_par' dir='ltr' id='par_1_10' title="bbox 1879 778 3449 852">
     <span class='ocr_line' id='line_1_10' title="bbox 1879 778 3449 852; baseline 0.002 -18"><span class='ocrx_word' id='word_1_63' title='bbox 1879 779 1994 848; x_wconf 86' lang='lat' dir='ltr'><strong>ipsa</strong></span> <span class='ocrx_word' id='word_1_64' title='bbox 2028 788 2156 833; x_wconf 90' lang='lat' dir='ltr'><strong>tunc</strong></span> <span class='ocrx_word' id='word_1_65' title='bbox 2195 778 2477 848; x_wconf 74' lang='lat' dir='ltr'><strong>impletum</strong></span> <span class='ocrx_word' id='word_1_66' title='bbox 2518 789 2602 835; x_wconf 89' lang='lat' dir='ltr'><strong>est</strong></span> <span class='ocrx_word' id='word_1_67' title='bbox 2630 819 2646 844; x_wconf 94' lang='lat'><strong>,</strong></span> <span class='ocrx_word' id='word_1_68' title='bbox 2699 795 2823 836; x_wconf 89' lang='lat' dir='ltr'><strong>cum</strong></span> <span class='ocrx_word' id='word_1_69' title='bbox 2866 793 2962 834; x_wconf 82' lang='lat' dir='ltr'><strong>rex</strong></span> <span class='ocrx_word' id='word_1_70' title='bbox 3007 779 3449 852; x_wconf 84' lang='lat' dir='ltr'><strong>Babyloniorum.</strong></span> 
     </span>
    </p>
   </div>
   <div class='ocr_carea' id='block_1_11' title="bbox 171 870 1754 947">
    <p class='ocr_par' dir='ltr' id='par_1_11' title="bbox 171 875 1754 947">
     <span class='ocr_line' id='line_1_11' title="bbox 171 875 1754 947; baseline 0.001 -20"><span class='ocrx_word' id='word_1_71' title='bbox 171 875 234 927; x_wconf 74' lang='grc' dir='ltr'>ὃν</span> <span class='ocrx_word' id='word_1_72' title='bbox 282 875 486 947; x_wconf 83' lang='grc' dir='ltr'>χρόνον</span> <span class='ocrx_word' id='word_1_73' title='bbox 523 877 558 928; x_wconf 81' lang='grc' dir='ltr'>ὁ</span> <span class='ocrx_word' id='word_1_74' title='bbox 598 875 706 929; x_wconf 86' lang='grc' dir='ltr'><strong>τῶν</strong></span> <span class='ocrx_word' id='word_1_75' title='bbox 756 875 1116 929; x_wconf 75' lang='grc' dir='ltr'>Βαϐυλωνίων</span> <span class='ocrx_word' id='word_1_76' title='bbox 1150 875 1424 946; x_wconf 79' lang='grc' dir='ltr'>βασιλεὺς,</span> <span class='ocrx_word' id='word_1_77' title='bbox 1467 877 1754 947; x_wconf 65' lang='grc' dir='ltr'>ὑποχείριοι</span> 
     </span>
    </p>
   </div>
   <div class='ocr_carea' id='block_1_12' title="bbox 1866 870 3452 947">
    <p class='ocr_par' dir='ltr' id='par_1_12' title="bbox 1879 870 3452 943">
     <span class='ocr_line' id='line_1_12' title="bbox 1879 870 3452 943; baseline -0.001 -15"><span class='ocrx_word' id='word_1_78' title='bbox 1879 871 2112 942; x_wconf 68' lang='grc' dir='ltr'>Ᾰὲιςγριο</span> <span class='ocrx_word' id='word_1_79' title='bbox 2146 878 2302 940; x_wconf 84' lang='lat' dir='ltr'><strong>capta</strong></span> <span class='ocrx_word' id='word_1_80' title='bbox 2326 911 2342 938; x_wconf 94' lang='lat'><strong>,</strong></span> <span class='ocrx_word' id='word_1_81' title='bbox 2377 886 2485 926; x_wconf 92' lang='lat' dir='ltr'><strong>non</strong></span> <span class='ocrx_word' id='word_1_82' title='bbox 2519 880 2729 926; x_wconf 86' lang='lat' dir='ltr'><strong>tantum</strong></span> <span class='ocrx_word' id='word_1_83' title='bbox 2776 870 3099 943; x_wconf 66' lang='lat' dir='ltr'><strong>IEgyptios,</strong></span> <span class='ocrx_word' id='word_1_84' title='bbox 3142 873 3236 929; x_wconf 85' lang='lat' dir='ltr'><strong>sed</strong></span> <span class='ocrx_word' id='word_1_85' title='bbox 3263 874 3452 943; x_wconf 75' lang='lat' dir='ltr'><strong>[etiam</strong></span> 
     </span>
    </p>
   </div>
   <div class='ocr_carea' id='block_1_13' title="bbox 173 966 1774 1038">
    <p class='ocr_par' dir='ltr' id='par_1_13' title="bbox 173 966 1774 1038">
     <span class='ocr_line' id='line_1_13' title="bbox 173 966 1774 1038; baseline 0.001 -18"><span class='ocrx_word' id='word_1_86' title='bbox 173 968 553 1038; x_wconf 74' lang='grc' dir='ltr'><strong>ποιησάμενος</strong></span> <span class='ocrx_word' id='word_1_87' title='bbox 605 967 706 1038; x_wconf 85' lang='grc' dir='ltr'>τὴν</span> <span class='ocrx_word' id='word_1_88' title='bbox 737 966 1032 1037; x_wconf 73' lang='grc' dir='ltr'>Δίγυπτον,</span> <span class='ocrx_word' id='word_1_89' title='bbox 1079 967 1142 1020; x_wconf 84' lang='grc' dir='ltr'>οὐ</span> <span class='ocrx_word' id='word_1_90' title='bbox 1178 967 1370 1038; x_wconf 85' lang='grc' dir='ltr'>μόνους</span> <span class='ocrx_word' id='word_1_91' title='bbox 1424 967 1774 1037; x_wconf 80' lang='grc' dir='ltr'>Αἰγυπτίους,</span> 
     </span>
    </p>
   </div>
   <div class='ocr_carea' id='block_1_14' title="bbox 167 1059 1774 1132">
    <p class='ocr_par' dir='ltr' id='par_1_14' title="bbox 167 1059 1774 1132">
     <span class='ocr_line' id='line_1_14' title="bbox 167 1059 1774 1132; baseline -0.001 -18"><span class='ocrx_word' id='word_1_92' title='bbox 167 1061 314 1114; x_wconf 83' lang='grc' dir='ltr'><strong>ἀλλά</strong></span> <span class='ocrx_word' id='word_1_93' title='bbox 339 1059 569 1115; x_wconf 75' lang='grc' dir='ltr'>καὶτῶν</span> <span class='ocrx_word' id='word_1_94' title='bbox 600 1060 868 1115; x_wconf 80' lang='grc' dir='ltr'>Ἰουδαίων</span> <span class='ocrx_word' id='word_1_95' title='bbox 889 1060 1016 1124; x_wconf 82' lang='grc' dir='ltr'>τοὺς</span> <span class='ocrx_word' id='word_1_96' title='bbox 1043 1059 1366 1132; x_wconf 86' lang='grc' dir='ltr'>πρόσφυγας</span> <span class='ocrx_word' id='word_1_97' title='bbox 1390 1059 1589 1124; x_wconf 81' lang='grc' dir='ltr'>αὐτοὺς</span> <span class='ocrx_word' id='word_1_98' title='bbox 1616 1077 1774 1128; x_wconf 89' lang='grc' dir='ltr'>γενο-</span> 
     </span>
    </p>
   </div>
   <div class='ocr_carea' id='block_1_15' title="bbox 171 1152 1778 1226">
    <p class='ocr_par' dir='ltr' id='par_1_15' title="bbox 171 1152 1778 1226">
     <span class='ocr_line' id='line_1_15' title="bbox 171 1152 1778 1226; baseline -0.001 -18"><span class='ocrx_word' id='word_1_99' title='bbox 171 1155 400 1224; x_wconf 76' lang='grc' dir='ltr'>μένους,</span> <span class='ocrx_word' id='word_1_100' title='bbox 424 1152 680 1226; x_wconf 85' lang='grc' dir='ltr'>πολεμῶν</span> <span class='ocrx_word' id='word_1_101' title='bbox 704 1153 840 1224; x_wconf 79' lang='grc' dir='ltr'>ὁμοῦ</span> <span class='ocrx_word' id='word_1_102' title='bbox 877 1153 1388 1226; x_wconf 77' lang='grc' dir='ltr'><strong>ἐξηνδραποδίσατο.</strong></span> <span class='ocrx_word' id='word_1_103' title='bbox 1416 1153 1490 1206; x_wconf 85' lang='grc' dir='ltr'>Τὸ</span> <span class='ocrx_word' id='word_1_104' title='bbox 1516 1152 1778 1224; x_wconf 87' lang='grc' dir='ltr'>τηνικαῦ-</span> 
     </span>
    </p>
   </div>
   <div class='ocr_carea' id='block_1_16' title="bbox 167 1245 1773 1319">
    <p class='ocr_par' dir='ltr' id='par_1_16' title="bbox 167 1245 1773 1319">
     <span class='ocr_line' id='line_1_16' title="bbox 167 1245 1773 1319; baseline 0.001 -21"><span class='ocrx_word' id='word_1_105' title='bbox 167 1263 237 1300; x_wconf 80' lang='grc' dir='ltr'><strong>τα</strong></span> <span class='ocrx_word' id='word_1_106' title='bbox 263 1248 378 1319; x_wconf 79' lang='grc' dir='ltr'><strong>γὰρ</strong></span> <span class='ocrx_word' id='word_1_107' title='bbox 406 1249 438 1318; x_wconf 80' lang='grc' dir='ltr'><strong>ἠ</strong></span> <span class='ocrx_word' id='word_1_108' title='bbox 469 1248 564 1300; x_wconf 72' lang='grc' dir='ltr'><strong>ἐπὶ</strong></span> <span class='ocrx_word' id='word_1_109' title='bbox 593 1245 798 1318; x_wconf 76' lang='grc' dir='ltr'>Φαραὼ</span> <span class='ocrx_word' id='word_1_110' title='bbox 825 1245 933 1300; x_wconf 84' lang='grc' dir='ltr'><strong>τῶν</strong></span> <span class='ocrx_word' id='word_1_111' title='bbox 979 1246 1249 1301; x_wconf 83' lang='grc' dir='ltr'>Ἰουδαίων</span> <span class='ocrx_word' id='word_1_112' title='bbox 1283 1247 1438 1311; x_wconf 77' lang='grc' dir='ltr'>ἐλπὶς</span> <span class='ocrx_word' id='word_1_113' title='bbox 1476 1247 1558 1311; x_wconf 81' lang='grc' dir='ltr'><strong>είς</strong></span> <span class='ocrx_word' id='word_1_114' title='bbox 1579 1245 1773 1318; x_wconf 79' lang='grc' dir='ltr'>αἰσχύ-</span> 
     </span>
    </p>
   </div>
   <div class='ocr_carea' id='block_1_17' title="bbox 167 1337 1235 1412">
    <p class='ocr_par' dir='ltr' id='par_1_17' title="bbox 167 1337 1235 1412">
     <span class='ocr_line' id='line_1_17' title="bbox 167 1337 1235 1412; baseline -0.002 -20"><span class='ocrx_word' id='word_1_115' title='bbox 167 1358 274 1412; x_wconf 85' lang='grc' dir='ltr'><strong>νην</strong></span> <span class='ocrx_word' id='word_1_116' title='bbox 300 1340 400 1393; x_wconf 77' lang='grc' dir='ltr'><strong>καὶ</strong></span> <span class='ocrx_word' id='word_1_117' title='bbox 423 1339 625 1402; x_wconf 76' lang='grc' dir='ltr'>ὖνειδος</span> <span class='ocrx_word' id='word_1_118' title='bbox 648 1339 834 1402; x_wconf 81' lang='grc' dir='ltr'>αὐτοῖς</span> <span class='ocrx_word' id='word_1_119' title='bbox 865 1337 1235 1410; x_wconf 85' lang='grc' dir='ltr'>περιετράπη.</span> 
     </span>
    </p>
   </div>
   <div class='ocr_carea' id='block_1_18' title="bbox 247 1427 1768 1503">
    <p class='ocr_par' dir='ltr' id='par_1_18' title="bbox 247 1427 1768 1503">
     <span class='ocr_line' id='line_1_18' title="bbox 247 1427 1768 1503; baseline -0.001 -19"><span class='ocrx_word' id='word_1_120' title='bbox 247 1433 358 1486; x_wconf 74' lang='grc' dir='ltr'>ιἩ</span> <span class='ocrx_word' id='word_1_121' title='bbox 387 1432 582 1503; x_wconf 83' lang='grc' dir='ltr'>ὅρασις</span> <span class='ocrx_word' id='word_1_122' title='bbox 636 1430 748 1485; x_wconf 84' lang='grc' dir='ltr'><strong>τῶν</strong></span> <span class='ocrx_word' id='word_1_123' title='bbox 773 1429 1119 1501; x_wconf 84' lang='grc' dir='ltr'><strong>τετραπόδων</strong></span> <span class='ocrx_word' id='word_1_124' title='bbox 1168 1427 1278 1482; x_wconf 87' lang='grc' dir='ltr'>τῶν</span> <span class='ocrx_word' id='word_1_125' title='bbox 1333 1430 1392 1482; x_wconf 84' lang='grc' dir='ltr'>ὲν</span> <span class='ocrx_word' id='word_1_126' title='bbox 1439 1432 1505 1501; x_wconf 82' lang='grc' dir='ltr'><strong>τῇ</strong></span> <span class='ocrx_word' id='word_1_127' title='bbox 1555 1431 1768 1502; x_wconf 75' lang='grc' dir='ltr'><strong>ἐρήμῳ.</strong></span> 
     </span>
    </p>
   </div>
   <div class='ocr_carea' id='block_1_19' title="bbox 167 1518 1773 1594">
    <p class='ocr_par' dir='ltr' id='par_1_19' title="bbox 167 1518 1773 1594">
     <span class='ocr_line' id='line_1_19' title="bbox 167 1518 1773 1594; baseline 0 -18"><span class='ocrx_word' id='word_1_128' title='bbox 167 1523 516 1594; x_wconf 74' lang='grc' dir='ltr'><strong>(Σύμμαχος,</strong></span> <span class='ocrx_word' id='word_1_129' title='bbox 531 1520 748 1592; x_wconf 73' lang='grc' dir='ltr'>Λῆμμα</span> <span class='ocrx_word' id='word_1_130' title='bbox 775 1518 1012 1589; x_wconf 75' lang='grc' dir='ltr'>κτηνῶν</span> <span class='ocrx_word' id='word_1_131' title='bbox 1032 1521 1274 1589; x_wconf 86' lang='grc' dir='ltr'><strong>Νότου.)</strong></span> <span class='ocrx_word' id='word_1_132' title='bbox 1291 1521 1379 1574; x_wconf 90' lang='grc' dir='ltr'>Ἐν</span> <span class='ocrx_word' id='word_1_133' title='bbox 1405 1522 1468 1592; x_wconf 79' lang='grc' dir='ltr'><strong>τῇ</strong></span> <span class='ocrx_word' id='word_1_134' title='bbox 1491 1519 1668 1591; x_wconf 84' lang='grc' dir='ltr'>θλίψει</span> <span class='ocrx_word' id='word_1_135' title='bbox 1679 1522 1773 1576; x_wconf 77' lang='grc' dir='ltr'>καὶ</span> 
     </span>
    </p>
   </div>
   <div class='ocr_carea' id='block_1_20' title="bbox 167 1612 1774 1688">
    <p class='ocr_par' dir='ltr' id='par_1_20' title="bbox 167 1612 1774 1688">
     <span class='ocr_line' id='line_1_20' title="bbox 167 1612 1774 1688; baseline 0 -19"><span class='ocrx_word' id='word_1_136' title='bbox 167 1620 234 1688; x_wconf 83' lang='grc' dir='ltr'><strong>τῇ</strong></span> <span class='ocrx_word' id='word_1_137' title='bbox 274 1614 607 1686; x_wconf 71' lang='grc' dir='ltr'>στενοχωρίᾳ</span> <span class='ocrx_word' id='word_1_138' title='bbox 634 1613 772 1667; x_wconf 81' lang='grc' dir='ltr'>λέων</span> <span class='ocrx_word' id='word_1_139' title='bbox 797 1614 891 1667; x_wconf 76' lang='grc' dir='ltr'>καὶ</span> <span class='ocrx_word' id='word_1_140' title='bbox 923 1613 1162 1683; x_wconf 85' lang='grc' dir='ltr'>σκύμνος</span> <span class='ocrx_word' id='word_1_141' title='bbox 1185 1612 1417 1679; x_wconf 78' lang='grc' dir='ltr'>λέοντος,</span> <span class='ocrx_word' id='word_1_142' title='bbox 1446 1612 1655 1669; x_wconf 78' lang='grc' dir='ltr'>ἐκεῖθεν</span> <span class='ocrx_word' id='word_1_143' title='bbox 1678 1614 1774 1669; x_wconf 76' lang='grc' dir='ltr'>καὶ</span> 
     </span>
    </p>
   </div>
   <div class='ocr_carea' id='block_1_21' title="bbox 167 1705 1773 1778">
    <p class='ocr_par' dir='ltr' id='par_1_21' title="bbox 167 1705 1773 1778">
     <span class='ocr_line' id='line_1_21' title="bbox 167 1705 1773 1778; baseline -0.002 -15"><span class='ocrx_word' id='word_1_144' title='bbox 167 1709 401 1772; x_wconf 80' lang='grc' dir='ltr'>ἀσπίδες</span> <span class='ocrx_word' id='word_1_145' title='bbox 424 1709 519 1761; x_wconf 80' lang='grc' dir='ltr'>καὶ</span> <span class='ocrx_word' id='word_1_146' title='bbox 541 1706 742 1776; x_wconf 77' lang='grc' dir='ltr'>ἔκγονα</span> <span class='ocrx_word' id='word_1_147' title='bbox 767 1705 1008 1760; x_wconf 86' lang='grc' dir='ltr'>ἀσπίδων</span> <span class='ocrx_word' id='word_1_148' title='bbox 1034 1706 1366 1778; x_wconf 79' lang='grc' dir='ltr'>πετομένων,</span> <span class='ocrx_word' id='word_1_149' title='bbox 1390 1707 1439 1759; x_wconf 84' lang='grc' dir='ltr'>οἳ</span> <span class='ocrx_word' id='word_1_150' title='bbox 1462 1706 1655 1777; x_wconf 72' lang='grc' dir='ltr'>ἔφερον</span> <span class='ocrx_word' id='word_1_151' title='bbox 1679 1707 1773 1760; x_wconf 77' lang='grc' dir='ltr'><strong>ἐπὶ</strong></span> 
     </span>
    </p>
   </div>
   <div class='ocr_carea' id='block_1_22' title="bbox 165 1798 1771 1872">
    <p class='ocr_par' dir='ltr' id='par_1_22' title="bbox 165 1798 1771 1872">
     <span class='ocr_line' id='line_1_22' title="bbox 165 1798 1771 1872; baseline -0.001 -16"><span class='ocrx_word' id='word_1_152' title='bbox 165 1803 307 1856; x_wconf 76' lang='grc' dir='ltr'>δνων</span> <span class='ocrx_word' id='word_1_153' title='bbox 335 1803 433 1855; x_wconf 81' lang='grc' dir='ltr'>καὶ</span> <span class='ocrx_word' id='word_1_154' title='bbox 469 1801 734 1872; x_wconf 78' lang='grc' dir='ltr'>καμήλων</span> <span class='ocrx_word' id='word_1_155' title='bbox 764 1800 855 1853; x_wconf 79' lang='grc' dir='ltr'><strong>τὸν</strong></span> <span class='ocrx_word' id='word_1_156' title='bbox 879 1798 1108 1853; x_wconf 88' lang='grc' dir='ltr'>πλοῦτον</span> <span class='ocrx_word' id='word_1_157' title='bbox 1153 1800 1332 1853; x_wconf 85' lang='grc' dir='ltr'>αὐτῶν</span> <span class='ocrx_word' id='word_1_158' title='bbox 1362 1799 1498 1872; x_wconf 84' lang='grc' dir='ltr'>πρὸς</span> <span class='ocrx_word' id='word_1_159' title='bbox 1531 1799 1702 1865; x_wconf 81' lang='grc' dir='ltr'>ἔθνος,</span> <span class='ocrx_word' id='word_1_160' title='bbox 1741 1800 1771 1854; x_wconf 82' lang='grc' dir='ltr'><strong>ὃ</strong></span> 
     </span>
    </p>
   </div>
   <div class='ocr_carea' id='block_1_23' title="bbox 162 1885 1767 1963">
    <p class='ocr_par' dir='ltr' id='par_1_23' title="bbox 162 1885 1767 1963">
     <span class='ocr_line' id='line_1_23' title="bbox 162 1885 1767 1963; baseline -0.001 -17"><span class='ocrx_word' id='word_1_161' title='bbox 162 1893 268 1946; x_wconf 81' lang='grc' dir='ltr'>οὐκ</span> <span class='ocrx_word' id='word_1_162' title='bbox 296 1891 572 1963; x_wconf 76' lang='grc' dir='ltr'>ὠφελήσει</span> <span class='ocrx_word' id='word_1_163' title='bbox 631 1889 860 1953; x_wconf 78' lang='grc' dir='ltr'>αὐτούς’</span> <span class='ocrx_word' id='word_1_164' title='bbox 886 1909 905 1940; x_wconf 80' lang='grc' dir='ltr'><strong>ι</strong></span> <span class='ocrx_word' id='word_1_165' title='bbox 940 1888 1030 1942; x_wconf 84' lang='grc' dir='ltr'>διὰ</span> <span class='ocrx_word' id='word_1_166' title='bbox 1071 1890 1132 1942; x_wconf 85' lang='grc' dir='ltr'>τὸ</span> <span class='ocrx_word' id='word_1_167' title='bbox 1159 1889 1367 1962; x_wconf 83' lang='grc' dir='ltr'>ἔρημον</span> <span class='ocrx_word' id='word_1_168' title='bbox 1417 1885 1555 1944; x_wconf 76' lang='grc' dir='ltr'>εἶναι</span> <span class='ocrx_word' id='word_1_169' title='bbox 1587 1892 1767 1944; x_wconf 84' lang='grc' dir='ltr'>πᾶσαν</span> 
     </span>
    </p>
   </div>
   <div class='ocr_carea' id='block_1_24' title="bbox 163 1975 1766 2056">
    <p class='ocr_par' dir='ltr' id='par_1_24' title="bbox 163 1975 1766 2056">
     <span class='ocr_line' id='line_1_24' title="bbox 163 1975 1766 2056; baseline -0.001 -18"><span class='ocrx_word' id='word_1_170' title='bbox 163 1975 328 2052; x_wconf 68' lang='grc' dir='ltr'>θεοῦ,</span> <span class='ocrx_word' id='word_1_171' title='bbox 367 1983 761 2056; x_wconf 80' lang='grc' dir='ltr'>πεπληρῶσθαι</span> <span class='ocrx_word' id='word_1_172' title='bbox 785 1984 843 2036; x_wconf 84' lang='grc' dir='ltr'>δὲ</span> <span class='ocrx_word' id='word_1_173' title='bbox 875 1984 1222 2054; x_wconf 83' lang='grc' dir='ltr'>τετραπόδων</span> <span class='ocrx_word' id='word_1_174' title='bbox 1264 1983 1374 2037; x_wconf 85' lang='grc' dir='ltr'><strong>τῶν</strong></span> <span class='ocrx_word' id='word_1_175' title='bbox 1422 1983 1554 2055; x_wconf 87' lang='grc' dir='ltr'>παρ’</span> <span class='ocrx_word' id='word_1_176' title='bbox 1584 1984 1766 2046; x_wconf 85' lang='grc' dir='ltr'>αὐτοῖς</span> 
     </span>
    </p>
   </div>
   <div class='ocr_carea' id='block_1_25' title="bbox 163 2075 1765 2148">
    <p class='ocr_par' dir='ltr' id='par_1_25' title="bbox 163 2075 1765 2148">
     <span class='ocr_line' id='line_1_25' title="bbox 163 2075 1765 2148; baseline -0.001 -16"><span class='ocrx_word' id='word_1_177' title='bbox 163 2077 623 2147; x_wconf 84' lang='grc' dir='ltr'>θεοποιουμένων,</span> <span class='ocrx_word' id='word_1_178' title='bbox 657 2076 880 2130; x_wconf 79' lang='grc' dir='ltr'>καὶτῶν</span> <span class='ocrx_word' id='word_1_179' title='bbox 906 2077 1035 2146; x_wconf 84' lang='grc' dir='ltr'>παρ’</span> <span class='ocrx_word' id='word_1_180' title='bbox 1051 2077 1234 2139; x_wconf 85' lang='grc' dir='ltr'>αὐτοῖς</span> <span class='ocrx_word' id='word_1_181' title='bbox 1258 2075 1626 2148; x_wconf 79' lang='grc' dir='ltr'>ἐνεργούντων</span> <span class='ocrx_word' id='word_1_182' title='bbox 1652 2076 1765 2130; x_wconf 80' lang='grc' dir='ltr'>δαι-</span> 
     </span>
    </p>
   </div>
   <div class='ocr_carea' id='block_1_26' title="bbox 164 2167 1765 2241">
    <p class='ocr_par' dir='ltr' id='par_1_26' title="bbox 164 2167 1765 2241">
     <span class='ocr_line' id='line_1_26' title="bbox 164 2167 1765 2241; baseline 0 -17"><span class='ocrx_word' id='word_1_183' title='bbox 164 2171 371 2241; x_wconf 68' lang='grc' dir='ltr'>μόνων.</span> <span class='ocrx_word' id='word_1_184' title='bbox 415 2169 567 2240; x_wconf 80' lang='grc' dir='ltr'>Αῦτη</span> <span class='ocrx_word' id='word_1_185' title='bbox 625 2170 804 2222; x_wconf 80' lang='grc' dir='ltr'>τοίνυν</span> <span class='ocrx_word' id='word_1_186' title='bbox 837 2171 872 2240; x_wconf 81' lang='grc' dir='ltr'>ἡ</span> <span class='ocrx_word' id='word_1_187' title='bbox 905 2170 1094 2241; x_wconf 79' lang='grc' dir='ltr'>ὅρασις</span> <span class='ocrx_word' id='word_1_188' title='bbox 1131 2168 1242 2221; x_wconf 85' lang='grc' dir='ltr'><strong>τῶν</strong></span> <span class='ocrx_word' id='word_1_189' title='bbox 1267 2167 1613 2240; x_wconf 86' lang='grc' dir='ltr'>τετραπόδων</span> <span class='ocrx_word' id='word_1_190' title='bbox 1656 2170 1765 2224; x_wconf 85' lang='grc' dir='ltr'>τῶν</span> 
     </span>
    </p>
   </div>
   <div class='ocr_carea' id='block_1_27' title="bbox 162 2261 1764 2334">
    <p class='ocr_par' dir='ltr' id='par_1_27' title="bbox 162 2261 1764 2334">
     <span class='ocr_line' id='line_1_27' title="bbox 162 2261 1764 2334; baseline 0 -18"><span class='ocrx_word' id='word_1_191' title='bbox 162 2265 222 2316; x_wconf 74' lang='grc' dir='ltr'>ὲν</span> <span class='ocrx_word' id='word_1_192' title='bbox 249 2265 320 2333; x_wconf 81' lang='grc' dir='ltr'>τῇ</span> <span class='ocrx_word' id='word_1_193' title='bbox 354 2261 672 2330; x_wconf 73' lang='grc' dir='ltr'>Αἰγυπτίων</span> <span class='ocrx_word' id='word_1_194' title='bbox 704 2262 911 2334; x_wconf 80' lang='grc' dir='ltr'>ἐρημίᾳ</span> <span class='ocrx_word' id='word_1_195' title='bbox 946 2261 1232 2333; x_wconf 79' lang='grc' dir='ltr'>ὲθεωρεῖτο</span> <span class='ocrx_word' id='word_1_196' title='bbox 1254 2261 1333 2332; x_wconf 86' lang='grc' dir='ltr'>τῷ</span> <span class='ocrx_word' id='word_1_197' title='bbox 1365 2263 1645 2334; x_wconf 76' lang='grc' dir='ltr'>προφήτῃ,</span> <span class='ocrx_word' id='word_1_198' title='bbox 1670 2263 1764 2316; x_wconf 80' lang='grc' dir='ltr'><strong>καὶ</strong></span> 
     </span>
    </p>
   </div>
   <div class='ocr_carea' id='block_1_28' title="bbox 163 2351 1763 2423">
    <p class='ocr_par' dir='ltr' id='par_1_28' title="bbox 163 2351 1763 2423">
     <span class='ocr_line' id='line_1_28' title="bbox 163 2351 1763 2423; baseline -0.001 -16"><span class='ocrx_word' id='word_1_199' title='bbox 163 2354 387 2417; x_wconf 79' lang='grc' dir='ltr'>τούτοις</span> <span class='ocrx_word' id='word_1_200' title='bbox 425 2355 476 2405; x_wconf 89' lang='grc' dir='ltr'>οἱ</span> <span class='ocrx_word' id='word_1_201' title='bbox 501 2352 816 2423; x_wconf 82' lang='grc' dir='ltr'>πρόσφυγες</span> <span class='ocrx_word' id='word_1_202' title='bbox 854 2351 962 2406; x_wconf 85' lang='grc' dir='ltr'><strong>τῶν</strong></span> <span class='ocrx_word' id='word_1_203' title='bbox 1003 2351 1272 2405; x_wconf 89' lang='grc' dir='ltr'>Ἰουδαίων</span> <span class='ocrx_word' id='word_1_204' title='bbox 1302 2352 1632 2422; x_wconf 78' lang='grc' dir='ltr'>ὲπεκόμιζον</span> <span class='ocrx_word' id='word_1_205' title='bbox 1671 2352 1763 2406; x_wconf 79' lang='grc' dir='ltr'>τὸν</span> 
     </span>
    </p>
   </div>
   <div class='ocr_carea' id='block_1_29' title="bbox 158 2444 1763 2517">
    <p class='ocr_par' dir='ltr' id='par_1_29' title="bbox 158 2444 1763 2517">
     <span class='ocr_line' id='line_1_29' title="bbox 158 2444 1763 2517; baseline -0.001 -17"><span class='ocrx_word' id='word_1_206' title='bbox 158 2445 383 2500; x_wconf 68' lang='grc' dir='ltr'>ἑαυτῶν</span> <span class='ocrx_word' id='word_1_207' title='bbox 412 2445 646 2498; x_wconf 86' lang='grc' dir='ltr'>πλοῦτον</span> <span class='ocrx_word' id='word_1_208' title='bbox 665 2461 678 2475; x_wconf 73' lang='grc' dir='ltr'><strong>ο</strong></span> <span class='ocrx_word' id='word_1_209' title='bbox 719 2444 788 2499; x_wconf 85' lang='grc' dir='ltr'><strong>τὰ</strong></span> <span class='ocrx_word' id='word_1_210' title='bbox 815 2445 924 2517; x_wconf 78' lang='grc' dir='ltr'>γὰρ</span> <span class='ocrx_word' id='word_1_211' title='bbox 955 2447 1181 2516; x_wconf 84' lang='grc' dir='ltr'>ταμιεῖα</span> <span class='ocrx_word' id='word_1_212' title='bbox 1211 2444 1312 2515; x_wconf 80' lang='grc' dir='ltr'>τῆς</span> <span class='ocrx_word' id='word_1_213' title='bbox 1351 2445 1559 2498; x_wconf 81' lang='grc' dir='ltr'>ἑαυτῶν</span> <span class='ocrx_word' id='word_1_214' title='bbox 1585 2445 1763 2517; x_wconf 80' lang='grc' dir='ltr'>ψυχῆς</span> 
     </span>
    </p>
   </div>
   <div class='ocr_carea' id='block_1_30' title="bbox 157 2536 1182 2610">
    <p class='ocr_par' dir='ltr' id='par_1_30' title="bbox 157 2536 1182 2610">
     <span class='ocr_line' id='line_1_30' title="bbox 157 2536 1182 2610; baseline 0.001 -20"><span class='ocrx_word' id='word_1_215' title='bbox 157 2539 228 2608; x_wconf 76' lang='grc' dir='ltr'><strong>τῇ</strong></span> <span class='ocrx_word' id='word_1_216' title='bbox 259 2539 616 2608; x_wconf 76' lang='grc' dir='ltr'>Αἰγυπτιακῇ</span> <span class='ocrx_word' id='word_1_217' title='bbox 645 2537 953 2608; x_wconf 86' lang='grc' dir='ltr'>παρέδοσαν</span> <span class='ocrx_word' id='word_1_218' title='bbox 986 2536 1182 2610; x_wconf 82' lang='grc' dir='ltr'>πλάνῃ.</span> 
     </span>
    </p>
   </div>
   <div class='ocr_carea' id='block_1_31' title="bbox 236 2626 1758 2700">
    <p class='ocr_par' dir='ltr' id='par_1_31' title="bbox 236 2626 1758 2700">
     <span class='ocr_line' id='line_1_31' title="bbox 236 2626 1758 2700; baseline 0.003 -21"><span class='ocrx_word' id='word_1_219' title='bbox 236 2645 257 2678; x_wconf 80' lang='grc' dir='ltr'><strong>ι</strong></span> <span class='ocrx_word' id='word_1_220' title='bbox 279 2626 577 2694; x_wconf 79' lang='grc' dir='ltr'>Αἰγύπτιοι</span> <span class='ocrx_word' id='word_1_221' title='bbox 621 2627 830 2697; x_wconf 82' lang='grc' dir='ltr'>μάταια</span> <span class='ocrx_word' id='word_1_222' title='bbox 869 2629 965 2680; x_wconf 81' lang='grc' dir='ltr'>καὶ</span> <span class='ocrx_word' id='word_1_223' title='bbox 1007 2627 1143 2681; x_wconf 82' lang='grc' dir='ltr'>κενὰ</span> <span class='ocrx_word' id='word_1_224' title='bbox 1188 2627 1561 2698; x_wconf 79' lang='grc' dir='ltr'>ὠφελήσουσιν</span> <span class='ocrx_word' id='word_1_225' title='bbox 1593 2629 1758 2700; x_wconf 82' lang='grc' dir='ltr'>ὑμᾶς.</span> 
     </span>
    </p>
   </div>
   <div class='ocr_carea' id='block_1_32' title="bbox 170 2717 1758 2792">
    <p class='ocr_par' dir='ltr' id='par_1_32' title="bbox 170 2717 1758 2792">
     <span class='ocr_line' id='line_1_32' title="bbox 170 2717 1758 2792; baseline 0.002 -21"><span class='ocrx_word' id='word_1_226' title='bbox 170 2717 533 2786; x_wconf 76' lang='grc' dir='ltr'>’Δπάγγειλον</span> <span class='ocrx_word' id='word_1_227' title='bbox 559 2719 764 2787; x_wconf 76' lang='grc' dir='ltr'>αὐτοῖς,</span> <span class='ocrx_word' id='word_1_228' title='bbox 792 2720 896 2784; x_wconf 83' lang='grc' dir='ltr'>ὅτι,</span> <span class='ocrx_word' id='word_1_229' title='bbox 927 2718 1194 2790; x_wconf 85' lang='grc' dir='ltr'>Ματαίαὴ</span> <span class='ocrx_word' id='word_1_230' title='bbox 1225 2720 1572 2792; x_wconf 83' lang='grc' dir='ltr'>παράκλησις</span> <span class='ocrx_word' id='word_1_231' title='bbox 1604 2721 1758 2792; x_wconf 84' lang='grc' dir='ltr'>ὑμῶν</span> 
     </span>
    </p>
   </div>
   <div class='ocr_carea' id='block_1_33' title="bbox 156 2805 1760 2883">
    <p class='ocr_par' dir='ltr' id='par_1_33' title="bbox 156 2805 1760 2883">
     <span class='ocr_line' id='line_1_33' title="bbox 156 2805 1760 2883; baseline 0.001 -17"><span class='ocrx_word' id='word_1_232' title='bbox 156 2808 323 2880; x_wconf 83' lang='grc' dir='ltr'>αῦτη.</span> <span class='ocrx_word' id='word_1_233' title='bbox 351 2809 470 2864; x_wconf 83' lang='grc' dir='ltr'>Νῦν</span> <span class='ocrx_word' id='word_1_234' title='bbox 490 2805 582 2864; x_wconf 74' lang='grc' dir='ltr'>οὖν</span> <span class='ocrx_word' id='word_1_235' title='bbox 606 2810 838 2875; x_wconf 79' lang='grc' dir='ltr'>καθίσας</span> <span class='ocrx_word' id='word_1_236' title='bbox 867 2811 1076 2883; x_wconf 75' lang='grc' dir='ltr'>γράψον</span> <span class='ocrx_word' id='word_1_237' title='bbox 1107 2813 1199 2864; x_wconf 79' lang='grc' dir='ltr'><strong>ἐπὶ</strong></span> <span class='ocrx_word' id='word_1_238' title='bbox 1225 2811 1416 2879; x_wconf 82' lang='grc' dir='ltr'>πυξίου</span> <span class='ocrx_word' id='word_1_239' title='bbox 1449 2811 1640 2878; x_wconf 86' lang='grc' dir='ltr'>ταῦτα,</span> <span class='ocrx_word' id='word_1_240' title='bbox 1665 2815 1760 2868; x_wconf 76' lang='grc' dir='ltr'>καὶ</span> 
     </span>
    </p>
   </div>
   <div class='ocr_carea' id='block_1_34' title="bbox 158 2900 1758 2976">
    <p class='ocr_par' dir='ltr' id='par_1_34' title="bbox 158 2900 1758 2976">
     <span class='ocr_line' id='line_1_34' title="bbox 158 2900 1758 2976; baseline 0.004 -24"><span class='ocrx_word' id='word_1_241' title='bbox 158 2902 240 2964; x_wconf 82' lang='grc' dir='ltr'>εἰς</span> <span class='ocrx_word' id='word_1_242' title='bbox 264 2900 498 2970; x_wconf 73' lang='grc' dir='ltr'>βιϐλίον,</span> <span class='ocrx_word' id='word_1_243' title='bbox 530 2901 614 2954; x_wconf 85' lang='grc' dir='ltr'>ὅτι</span> <span class='ocrx_word' id='word_1_244' title='bbox 667 2902 822 2954; x_wconf 80' lang='grc' dir='ltr'>ἔσται</span> <span class='ocrx_word' id='word_1_245' title='bbox 854 2903 934 2965; x_wconf 79' lang='grc' dir='ltr'>εἰς</span> <span class='ocrx_word' id='word_1_246' title='bbox 981 2903 1197 2974; x_wconf 80' lang='grc' dir='ltr'>ἡμέρας</span> <span class='ocrx_word' id='word_1_247' title='bbox 1228 2902 1404 2958; x_wconf 88' lang='grc' dir='ltr'>ταῦτα</span> <span class='ocrx_word' id='word_1_248' title='bbox 1433 2904 1632 2976; x_wconf 81' lang='grc' dir='ltr'>καιρῷ,</span> <span class='ocrx_word' id='word_1_249' title='bbox 1663 2906 1758 2958; x_wconf 78' lang='grc' dir='ltr'>καὶ</span> 
     </span>
    </p>
   </div>
   <div class='ocr_carea' id='block_1_35' title="bbox 157 2990 1758 3066">
    <p class='ocr_par' dir='ltr' id='par_1_35' title="bbox 157 2990 1758 3066">
     <span class='ocr_line' id='line_1_35' title="bbox 157 2990 1758 3066; baseline 0.004 -24"><span class='ocrx_word' id='word_1_250' title='bbox 157 2990 265 3053; x_wconf 70' lang='grc' dir='ltr'>ἕως</span> <span class='ocrx_word' id='word_1_251' title='bbox 291 2990 386 3044; x_wconf 73' lang='grc' dir='ltr'><strong>τόν</strong></span> <span class='ocrx_word' id='word_1_252' title='bbox 415 2991 592 3045; x_wconf 80' lang='grc' dir='ltr'>αίῶνα</span> <span class='ocrx_word' id='word_1_253' title='bbox 612 3009 625 3020; x_wconf 92' lang='grc'><strong>·</strong></span> <span class='ocrx_word' id='word_1_254' title='bbox 661 2992 748 3045; x_wconf 82' lang='grc' dir='ltr'>ὅτι</span> <span class='ocrx_word' id='word_1_255' title='bbox 781 2994 810 3046; x_wconf 89' lang='grc' dir='ltr'><strong>ό</strong></span> <span class='ocrx_word' id='word_1_256' title='bbox 857 2991 985 3056; x_wconf 85' lang='grc' dir='ltr'>λαὸς</span> <span class='ocrx_word' id='word_1_257' title='bbox 1017 2994 1251 3066; x_wconf 80' lang='grc' dir='ltr'>ἀπειθὴς</span> <span class='ocrx_word' id='word_1_258' title='bbox 1291 2995 1457 3059; x_wconf 79' lang='grc' dir='ltr'>ἐστιν,</span> <span class='ocrx_word' id='word_1_259' title='bbox 1489 2997 1596 3049; x_wconf 77' lang='grc' dir='ltr'>υἱοὶ</span> <span class='ocrx_word' id='word_1_260' title='bbox 1627 2997 1758 3066; x_wconf 69' lang='grc' dir='ltr'>ψευ-</span> 
     </span>
    </p>
   </div>
   <div class='ocr_carea' id='block_1_36' title="bbox 157 3082 1750 3158">
    <p class='ocr_par' dir='ltr' id='par_1_36' title="bbox 157 3082 1750 3158">
     <span class='ocr_line' id='line_1_36' title="bbox 157 3082 1750 3158; baseline 0.003 -22"><span class='ocrx_word' id='word_1_261' title='bbox 157 3082 289 3149; x_wconf 54' lang='grc' dir='ltr'>δεξ,</span> <span class='ocrx_word' id='word_1_262' title='bbox 317 3083 369 3136; x_wconf 82' lang='grc' dir='ltr'><strong>οἶ</strong></span> <span class='ocrx_word' id='word_1_263' title='bbox 406 3083 508 3138; x_wconf 79' lang='grc' dir='ltr'>οὐκ</span> <span class='ocrx_word' id='word_1_264' title='bbox 543 3083 832 3154; x_wconf 73' lang='grc' dir='ltr'>ἠϐούλοντο</span> <span class='ocrx_word' id='word_1_265' title='bbox 859 3085 1078 3139; x_wconf 84' lang='grc' dir='ltr'>ἀκούειν</span> <span class='ocrx_word' id='word_1_266' title='bbox 1110 3086 1201 3140; x_wconf 84' lang='grc' dir='ltr'>τὸν</span> <span class='ocrx_word' id='word_1_267' title='bbox 1233 3087 1395 3158; x_wconf 89' lang='grc' dir='ltr'>νόμον</span> <span class='ocrx_word' id='word_1_268' title='bbox 1418 3087 1512 3142; x_wconf 86' lang='grc' dir='ltr'><strong>τοῦ</strong></span> <span class='ocrx_word' id='word_1_269' title='bbox 1537 3088 1672 3142; x_wconf 85' lang='grc' dir='ltr'>Θεοῦ</span> <span class='ocrx_word' id='word_1_270' title='bbox 1694 3106 1706 3119; x_wconf 90' lang='grc'><strong>·</strong></span> <span class='ocrx_word' id='word_1_271' title='bbox 1731 3107 1750 3140; x_wconf 70' lang='grc' dir='ltr'><strong>ι</strong></span> 
     </span>
    </p>
   </div>
   <div class='ocr_carea' id='block_1_37' title="bbox 158 3174 1828 3275">
    <p class='ocr_par' dir='ltr' id='par_1_37' title="bbox 158 3174 1828 3275">
     <span class='ocr_line' id='line_1_37' title="bbox 158 3174 1828 3275; baseline 0.004 -47"><span class='ocrx_word' id='word_1_272' title='bbox 158 3177 259 3275; x_wconf 63' lang='grc' dir='ltr'>τῆς</span> <span class='ocrx_word' id='word_1_273' title='bbox 313 3174 544 3275; x_wconf 68' lang='grc' dir='ltr'>ἀλογίας</span> <span class='ocrx_word' id='word_1_274' title='bbox 561 3176 677 3275; x_wconf 35' lang='grc' dir='ltr'>*καὶ</span> <span class='ocrx_word' id='word_1_275' title='bbox 729 3176 1040 3248; x_wconf 81' lang='grc' dir='ltr'>ἀφροσύνης</span> <span class='ocrx_word' id='word_1_276' title='bbox 1081 3179 1260 3232; x_wconf 81' lang='grc' dir='ltr'>αὐτῶν</span> <span class='ocrx_word' id='word_1_277' title='bbox 1307 3178 1452 3235; x_wconf 74' lang='grc' dir='ltr'>οὕτω</span> <span class='ocrx_word' id='word_1_278' title='bbox 1498 3198 1616 3246; x_wconf 89' lang='grc' dir='ltr'><strong>πως</strong></span> <span class='ocrx_word' id='word_1_279' title='bbox 1660 3182 1754 3254; x_wconf 88' lang='grc' dir='ltr'>δη-</span> <span class='ocrx_word' id='word_1_280' title='bbox 1786 3218 1828 3275; x_wconf 77' lang='lat' dir='ltr'><strong><em>C</em></strong></span> 
     </span>
    </p>
   </div>
   <div class='ocr_carea' id='block_1_38' title="bbox 159 3267 1758 3342">
    <p class='ocr_par' dir='ltr' id='par_1_38' title="bbox 159 3267 1758 3342">
     <span class='ocr_line' id='line_1_38' title="bbox 159 3267 1758 3342; baseline 0.006 -22"><span class='ocrx_word' id='word_1_281' title='bbox 159 3267 452 3340; x_wconf 73' lang='grc' dir='ltr'>λουμένης.</span> <span class='ocrx_word' id='word_1_282' title='bbox 513 3267 651 3322; x_wconf 82' lang='grc' dir='ltr'>υύτε</span> <span class='ocrx_word' id='word_1_283' title='bbox 703 3269 812 3341; x_wconf 84' lang='grc' dir='ltr'><strong>γάρ</strong></span> <span class='ocrx_word' id='word_1_284' title='bbox 858 3271 906 3322; x_wconf 87' lang='grc' dir='ltr'>οἱ</span> <span class='ocrx_word' id='word_1_285' title='bbox 959 3269 1210 3341; x_wconf 77' lang='grc' dir='ltr'>αίσθητοὶ</span> <span class='ocrx_word' id='word_1_286' title='bbox 1272 3273 1582 3342; x_wconf 77' lang='grc' dir='ltr'>Αἰγύπτιοι,</span> <span class='ocrx_word' id='word_1_287' title='bbox 1633 3273 1758 3329; x_wconf 82' lang='grc' dir='ltr'>οὕτε</span> 
     </span>
    </p>
   </div>
   <div class='ocr_carea' id='block_1_39' title="bbox 156 3359 1758 3440">
    <p class='ocr_par' dir='ltr' id='par_1_39' title="bbox 156 3359 1758 3440">
     <span class='ocr_line' id='line_1_39' title="bbox 156 3359 1758 3440; baseline 0.007 -29"><span class='ocrx_word' id='word_1_288' title='bbox 156 3360 203 3411; x_wconf 76' lang='grc' dir='ltr'>οἱ</span> <span class='ocrx_word' id='word_1_289' title='bbox 257 3359 473 3413; x_wconf 75' lang='grc' dir='ltr'>τούτων</span> <span class='ocrx_word' id='word_1_290' title='bbox 508 3360 854 3430; x_wconf 76' lang='grc' dir='ltr'>νομιζόμενοι</span> <span class='ocrx_word' id='word_1_291' title='bbox 889 3361 1021 3425; x_wconf 79' lang='grc' dir='ltr'>θεοὶ,</span> <span class='ocrx_word' id='word_1_292' title='bbox 1062 3363 1354 3436; x_wconf 78' lang='grc' dir='ltr'>βοηθήσειν</span> <span class='ocrx_word' id='word_1_293' title='bbox 1405 3365 1630 3436; x_wconf 72' lang='grc' dir='ltr'>ἔμελλον</span> <span class='ocrx_word' id='word_1_294' title='bbox 1679 3368 1758 3440; x_wconf 82' lang='grc' dir='ltr'>τῷ</span> 
     </span>
    </p>
   </div>
   <div class='ocr_carea' id='block_1_40' title="bbox 167 3451 1757 3532">
    <p class='ocr_par' dir='ltr' id='par_1_40' title="bbox 167 3451 1757 3532">
     <span class='ocr_line' id='line_1_40' title="bbox 167 3451 1757 3532; baseline 0.006 -29"><span class='ocrx_word' id='word_1_295' title='bbox 167 3451 546 3524; x_wconf 77' lang='grc' dir='ltr'>προσφυγόντι</span> <span class='ocrx_word' id='word_1_296' title='bbox 567 3453 750 3516; x_wconf 81' lang='grc' dir='ltr'>αὐτοῖς</span> <span class='ocrx_word' id='word_1_297' title='bbox 789 3452 1055 3508; x_wconf 84' lang='grc' dir='ltr'>Ἰουδαίων</span> <span class='ocrx_word' id='word_1_298' title='bbox 1083 3454 1217 3525; x_wconf 80' lang='grc' dir='ltr'>λαῷ.</span> <span class='ocrx_word' id='word_1_299' title='bbox 1249 3456 1407 3510; x_wconf 87' lang='grc' dir='ltr'>Κατὰ</span> <span class='ocrx_word' id='word_1_300' title='bbox 1428 3459 1537 3529; x_wconf 87' lang='grc' dir='ltr'>γὰρ</span> <span class='ocrx_word' id='word_1_301' title='bbox 1560 3459 1757 3532; x_wconf 82' lang='grc' dir='ltr'>πολλὴν</span> 
     </span>
    </p>
   </div>
   <div class='ocr_carea' id='block_1_41' title="bbox 171 3542 1756 3620">
    <p class='ocr_par' dir='ltr' id='par_1_41' title="bbox 171 3542 1756 3620">
     <span class='ocr_line' id='line_1_41' title="bbox 171 3542 1756 3620; baseline 0.007 -26"><span class='ocrx_word' id='word_1_302' title='bbox 171 3543 541 3614; x_wconf 80' lang='grc' dir='ltr'>στενοχωρίαν</span> <span class='ocrx_word' id='word_1_303' title='bbox 559 3542 739 3613; x_wconf 73' lang='grc' dir='ltr'>ψυχῆς</span> <span class='ocrx_word' id='word_1_304' title='bbox 765 3543 860 3598; x_wconf 77' lang='grc' dir='ltr'>καὶ</span> <span class='ocrx_word' id='word_1_305' title='bbox 894 3543 1015 3597; x_wconf 88' lang='grc' dir='ltr'>καθ’</span> <span class='ocrx_word' id='word_1_306' title='bbox 1047 3545 1354 3618; x_wconf 75' lang='grc' dir='ltr'>ὑπερϐολὴν</span> <span class='ocrx_word' id='word_1_307' title='bbox 1377 3547 1608 3620; x_wconf 78' lang='grc' dir='ltr'>θλίψεως</span> <span class='ocrx_word' id='word_1_308' title='bbox 1630 3553 1756 3615; x_wconf 83' lang='grc' dir='ltr'>τοὺς</span> 
     </span>
    </p>
   </div>
   <div class='ocr_carea' id='block_1_42' title="bbox 159 3634 1758 3712">
    <p class='ocr_par' dir='ltr' id='par_1_42' title="bbox 159 3634 1758 3712">
     <span class='ocr_line' id='line_1_42' title="bbox 159 3634 1758 3712; baseline 0.008 -28"><span class='ocrx_word' id='word_1_309' title='bbox 159 3636 285 3705; x_wconf 83' lang='grc' dir='ltr'>παρ’</span> <span class='ocrx_word' id='word_1_310' title='bbox 314 3634 504 3696; x_wconf 82' lang='grc' dir='ltr'>αὐτοῖς</span> <span class='ocrx_word' id='word_1_311' title='bbox 541 3635 870 3706; x_wconf 82' lang='grc' dir='ltr'>ἀνηγόρευον</span> <span class='ocrx_word' id='word_1_312' title='bbox 919 3636 1076 3700; x_wconf 85' lang='grc' dir='ltr'>θεούς</span> <span class='ocrx_word' id='word_1_313' title='bbox 1117 3655 1130 3668; x_wconf 86' lang='grc'><strong>·</strong></span> <span class='ocrx_word' id='word_1_314' title='bbox 1162 3639 1360 3704; x_wconf 79' lang='grc' dir='ltr'>αὐτοὺς</span> <span class='ocrx_word' id='word_1_315' title='bbox 1401 3639 1465 3712; x_wconf 82' lang='grc' dir='ltr'>δὴ</span> <span class='ocrx_word' id='word_1_316' title='bbox 1515 3643 1758 3709; x_wconf 78' lang='grc' dir='ltr'>ἐκείνους</span> 
     </span>
    </p>
   </div>
   <div class='ocr_carea' id='block_1_43' title="bbox 159 3727 1755 3805">
    <p class='ocr_par' dir='ltr' id='par_1_43' title="bbox 159 3727 1755 3805">
     <span class='ocr_line' id='line_1_43' title="bbox 159 3727 1755 3805; baseline 0.004 -24"><span class='ocrx_word' id='word_1_317' title='bbox 159 3729 284 3792; x_wconf 80' lang='grc' dir='ltr'>τοὺς</span> <span class='ocrx_word' id='word_1_318' title='bbox 307 3727 410 3791; x_wconf 66' lang='grc' dir='ltr'>τὰς</span> <span class='ocrx_word' id='word_1_319' title='bbox 434 3727 613 3798; x_wconf 70' lang='grc' dir='ltr'>ψυχὰς</span> <span class='ocrx_word' id='word_1_320' title='bbox 651 3729 831 3782; x_wconf 81' lang='grc' dir='ltr'>αὐτῶν</span> <span class='ocrx_word' id='word_1_321' title='bbox 859 3729 1138 3786; x_wconf 75' lang='grc' dir='ltr'>θλίϐοντας</span> <span class='ocrx_word' id='word_1_322' title='bbox 1167 3732 1262 3784; x_wconf 79' lang='grc' dir='ltr'>καὶ</span> <span class='ocrx_word' id='word_1_323' title='bbox 1291 3733 1755 3805; x_wconf 87' lang='grc' dir='ltr'>στενοχωροῦντας</span> 
     </span>
    </p>
   </div>
   <div class='ocr_carea' id='block_1_44' title="bbox 155 3815 1752 3894">
    <p class='ocr_par' dir='ltr' id='par_1_44' title="bbox 155 3815 1752 3894">
     <span class='ocr_line' id='line_1_44' title="bbox 155 3815 1752 3894; baseline 0.006 -23"><span class='ocrx_word' id='word_1_324' title='bbox 155 3821 434 3891; x_wconf 74' lang='grc' dir='ltr'>πονηροὺς</span> <span class='ocrx_word' id='word_1_325' title='bbox 467 3819 726 3891; x_wconf 82' lang='grc' dir='ltr'>δαίμονας</span> <span class='ocrx_word' id='word_1_326' title='bbox 748 3838 762 3851; x_wconf 87' lang='grc'><strong>·</strong></span> <span class='ocrx_word' id='word_1_327' title='bbox 793 3824 852 3874; x_wconf 82' lang='grc' dir='ltr'>ὲν</span> <span class='ocrx_word' id='word_1_328' title='bbox 873 3815 954 3886; x_wconf 77' lang='grc' dir='ltr'>οἷς</span> <span class='ocrx_word' id='word_1_329' title='bbox 981 3817 1123 3894; x_wconf 78' lang='grc' dir='ltr'>ἦσαν</span> <span class='ocrx_word' id='word_1_330' title='bbox 1153 3821 1367 3888; x_wconf 82' lang='grc' dir='ltr'>λέοντες</span> <span class='ocrx_word' id='word_1_331' title='bbox 1394 3825 1488 3879; x_wconf 79' lang='grc' dir='ltr'><strong>καὶ</strong></span> <span class='ocrx_word' id='word_1_332' title='bbox 1509 3827 1752 3893; x_wconf 87' lang='grc' dir='ltr'>ἀσπίδες,</span> 
     </span>
    </p>
   </div>
   <div class='ocr_carea' id='block_1_45' title="bbox 155 3911 1756 3989">
    <p class='ocr_par' dir='ltr' id='par_1_45' title="bbox 155 3911 1756 3989">
     <span class='ocr_line' id='line_1_45' title="bbox 155 3911 1756 3989; baseline 0.005 -24"><span class='ocrx_word' id='word_1_333' title='bbox 155 3911 483 3966; x_wconf 78' lang='grc' dir='ltr'>καὶτούτων</span> <span class='ocrx_word' id='word_1_334' title='bbox 512 3911 731 3982; x_wconf 83' lang='grc' dir='ltr'>ἔκγονα,</span> <span class='ocrx_word' id='word_1_335' title='bbox 757 3913 852 3966; x_wconf 73' lang='grc' dir='ltr'>καὶ</span> <span class='ocrx_word' id='word_1_336' title='bbox 883 3913 1054 3983; x_wconf 79' lang='grc' dir='ltr'>ὄφεις,</span> <span class='ocrx_word' id='word_1_337' title='bbox 1081 3915 1174 3970; x_wconf 77' lang='grc' dir='ltr'>καὶ</span> <span class='ocrx_word' id='word_1_338' title='bbox 1202 3915 1338 3970; x_wconf 78' lang='grc' dir='ltr'>ἄλλα</span> <span class='ocrx_word' id='word_1_339' title='bbox 1360 3916 1528 3988; x_wconf 86' lang='grc' dir='ltr'>μυρία</span> <span class='ocrx_word' id='word_1_340' title='bbox 1551 3919 1756 3989; x_wconf 79' lang='grc' dir='ltr'>ἑρπετά</span> 
     </span>
    </p>
   </div>
   <div class='ocr_carea' id='block_1_46' title="bbox 154 3994 1752 4079">
    <p class='ocr_par' dir='ltr' id='par_1_46' title="bbox 154 3994 1752 4079">
     <span class='ocr_line' id='line_1_46' title="bbox 154 3994 1752 4079; baseline 0.006 -24"><span class='ocrx_word' id='word_1_341' title='bbox 154 4019 211 4055; x_wconf 86' lang='grc' dir='ltr'><strong>τε</strong></span> <span class='ocrx_word' id='word_1_342' title='bbox 242 4003 342 4054; x_wconf 71' lang='grc' dir='ltr'>καὶ</span> <span class='ocrx_word' id='word_1_343' title='bbox 389 4001 589 4073; x_wconf 85' lang='grc' dir='ltr'>θηρία·</span> <span class='ocrx_word' id='word_1_344' title='bbox 627 3994 702 4055; x_wconf 81' lang='grc' dir='ltr'>ὧν</span> <span class='ocrx_word' id='word_1_345' title='bbox 731 4003 940 4067; x_wconf 84' lang='grc' dir='ltr'>είκόνες</span> <span class='ocrx_word' id='word_1_346' title='bbox 967 3999 1108 4075; x_wconf 82' lang='grc' dir='ltr'>ἦσαν</span> <span class='ocrx_word' id='word_1_347' title='bbox 1141 4006 1237 4058; x_wconf 76' lang='grc' dir='ltr'>καὶ</span> <span class='ocrx_word' id='word_1_348' title='bbox 1276 4007 1344 4060; x_wconf 83' lang='grc' dir='ltr'>τὰ</span> <span class='ocrx_word' id='word_1_349' title='bbox 1376 4008 1612 4079; x_wconf 85' lang='grc' dir='ltr'>αἰσθητά</span> <span class='ocrx_word' id='word_1_350' title='bbox 1638 4009 1752 4074; x_wconf 83' lang='grc' dir='ltr'>ζῶα</span> 
     </span>
    </p>
   </div>
   <div class='ocr_carea' id='block_1_47' title="bbox 157 4093 1753 4173">
    <p class='ocr_par' dir='ltr' id='par_1_47' title="bbox 157 4093 1753 4173">
     <span class='ocr_line' id='line_1_47' title="bbox 157 4093 1753 4173; baseline 0.006 -27"><span class='ocrx_word' id='word_1_351' title='bbox 157 4093 277 4146; x_wconf 82' lang='grc' dir='ltr'>καθ’</span> <span class='ocrx_word' id='word_1_352' title='bbox 304 4093 438 4164; x_wconf 80' lang='grc' dir='ltr'>ὅλης</span> <span class='ocrx_word' id='word_1_353' title='bbox 461 4093 562 4164; x_wconf 82' lang='grc' dir='ltr'><strong>τῆς</strong></span> <span class='ocrx_word' id='word_1_354' title='bbox 591 4094 868 4162; x_wconf 80' lang='grc' dir='ltr'>Αἰγύπτου</span> <span class='ocrx_word' id='word_1_355' title='bbox 899 4093 1310 4168; x_wconf 87' lang='grc' dir='ltr'>θεοποιούμενα.</span> <span class='ocrx_word' id='word_1_356' title='bbox 1340 4100 1449 4153; x_wconf 82' lang='grc' dir='ltr'><strong>Καὶ</strong></span> <span class='ocrx_word' id='word_1_357' title='bbox 1470 4101 1579 4173; x_wconf 85' lang='grc' dir='ltr'><strong>γὰρ</strong></span> <span class='ocrx_word' id='word_1_358' title='bbox 1603 4101 1753 4155; x_wconf 84' lang='grc' dir='ltr'>λέον-</span> 
     </span>
    </p>
   </div>
   <div class='ocr_carea' id='block_1_48' title="bbox 155 4185 1754 4267">
    <p class='ocr_par' dir='ltr' id='par_1_48' title="bbox 155 4185 1754 4267">
     <span class='ocr_line' id='line_1_48' title="bbox 155 4185 1754 4267; baseline 0.008 -30"><span class='ocrx_word' id='word_1_359' title='bbox 155 4203 248 4249; x_wconf 82' lang='grc' dir='ltr'><strong>τας</strong></span> <span class='ocrx_word' id='word_1_360' title='bbox 271 4185 497 4256; x_wconf 86' lang='grc' dir='ltr'>ἀληθῶς</span> <span class='ocrx_word' id='word_1_361' title='bbox 527 4187 620 4238; x_wconf 78' lang='grc' dir='ltr'>καὶ</span> <span class='ocrx_word' id='word_1_362' title='bbox 658 4186 912 4252; x_wconf 82' lang='grc' dir='ltr'>ἀσπίδας,</span> <span class='ocrx_word' id='word_1_363' title='bbox 958 4189 1054 4241; x_wconf 78' lang='grc' dir='ltr'><strong>καὶ</strong></span> <span class='ocrx_word' id='word_1_364' title='bbox 1093 4189 1244 4259; x_wconf 76' lang='grc' dir='ltr'>ὄφεις</span> <span class='ocrx_word' id='word_1_365' title='bbox 1285 4192 1380 4244; x_wconf 77' lang='grc' dir='ltr'>καὶ</span> <span class='ocrx_word' id='word_1_366' title='bbox 1411 4192 1546 4246; x_wconf 85' lang='grc' dir='ltr'>ἄλλα</span> <span class='ocrx_word' id='word_1_367' title='bbox 1585 4197 1754 4267; x_wconf 86' lang='grc' dir='ltr'>μυρία</span> 
     </span>
    </p>
   </div>
   <div class='ocr_carea' id='block_1_49' title="bbox 154 4271 1751 4358">
    <p class='ocr_par' dir='ltr' id='par_1_49' title="bbox 154 4271 1751 4358">
     <span class='ocr_line' id='line_1_49' title="bbox 154 4271 1751 4358; baseline 0.006 -28"><span class='ocrx_word' id='word_1_368' title='bbox 154 4271 238 4331; x_wconf 75' lang='grc' dir='ltr'>οἷα</span> <span class='ocrx_word' id='word_1_369' title='bbox 264 4278 428 4341; x_wconf 78' lang='grc' dir='ltr'>θεοὺς</span> <span class='ocrx_word' id='word_1_370' title='bbox 446 4279 794 4349; x_wconf 84' lang='grc' dir='ltr'>τετιμήκασι.</span> <span class='ocrx_word' id='word_1_371' title='bbox 834 4279 974 4350; x_wconf 80' lang='grc' dir='ltr'>Ἤδη</span> <span class='ocrx_word' id='word_1_372' title='bbox 997 4280 1128 4348; x_wconf 85' lang='grc' dir='ltr'>γοῦν</span> <span class='ocrx_word' id='word_1_373' title='bbox 1148 4283 1258 4336; x_wconf 84' lang='grc' dir='ltr'>ἀπὸ</span> <span class='ocrx_word' id='word_1_374' title='bbox 1273 4283 1373 4354; x_wconf 80' lang='grc' dir='ltr'>τῆς</span> <span class='ocrx_word' id='word_1_375' title='bbox 1403 4284 1512 4338; x_wconf 83' lang='grc' dir='ltr'><strong>τῶν</strong></span> <span class='ocrx_word' id='word_1_376' title='bbox 1534 4285 1751 4358; x_wconf 81' lang='grc' dir='ltr'>νομιζο-</span> 
     </span>
    </p>
   </div>
   <div class='ocr_carea' id='block_1_50' title="bbox 160 4371 1754 4452">
    <p class='ocr_par' dir='ltr' id='par_1_50' title="bbox 160 4371 1754 4452">
     <span class='ocr_line' id='line_1_50' title="bbox 160 4371 1754 4452; baseline 0.007 -28"><span class='ocrx_word' id='word_1_377' title='bbox 160 4373 337 4441; x_wconf 78' lang='grc' dir='ltr'>μένων</span> <span class='ocrx_word' id='word_1_378' title='bbox 361 4372 550 4435; x_wconf 82' lang='grc' dir='ltr'>αὐτοῖς</span> <span class='ocrx_word' id='word_1_379' title='bbox 565 4371 703 4426; x_wconf 86' lang='grc' dir='ltr'>θεῶν</span> <span class='ocrx_word' id='word_1_380' title='bbox 725 4375 1042 4444; x_wconf 78' lang='grc' dir='ltr'>ἐπωνυμίας</span> <span class='ocrx_word' id='word_1_381' title='bbox 1059 4375 1264 4440; x_wconf 78' lang='grc' dir='ltr'>καὶτὰς</span> <span class='ocrx_word' id='word_1_382' title='bbox 1280 4377 1462 4442; x_wconf 83' lang='grc' dir='ltr'>πόλεις</span> <span class='ocrx_word' id='word_1_383' title='bbox 1484 4381 1754 4452; x_wconf 86' lang='grc' dir='ltr'>κεκλήκα-</span> 
     </span>
    </p>
   </div>
   <div class='ocr_carea' id='block_1_51' title="bbox 159 4464 1752 4545">
    <p class='ocr_par' dir='ltr' id='par_1_51' title="bbox 159 4464 1752 4545">
     <span class='ocr_line' id='line_1_51' title="bbox 159 4464 1752 4545; baseline 0.007 -29"><span class='ocrx_word' id='word_1_384' title='bbox 159 4482 259 4528; x_wconf 85' lang='grc' dir='ltr'>σιν,</span> <span class='ocrx_word' id='word_1_385' title='bbox 285 4465 400 4518; x_wconf 83' lang='grc' dir='ltr'>ἀπὸ</span> <span class='ocrx_word' id='word_1_386' title='bbox 425 4465 520 4518; x_wconf 87' lang='grc' dir='ltr'><strong>τοῦ</strong></span> <span class='ocrx_word' id='word_1_387' title='bbox 542 4464 775 4529; x_wconf 75' lang='grc' dir='ltr'>λέοντος,</span> <span class='ocrx_word' id='word_1_388' title='bbox 795 4465 894 4538; x_wconf 73' lang='grc' dir='ltr'>τὴν</span> <span class='ocrx_word' id='word_1_389' title='bbox 913 4467 1148 4532; x_wconf 86' lang='grc' dir='ltr'>Λεοντὼ,</span> <span class='ocrx_word' id='word_1_390' title='bbox 1165 4469 1274 4523; x_wconf 83' lang='grc' dir='ltr'>ἀπὸ</span> <span class='ocrx_word' id='word_1_391' title='bbox 1289 4470 1346 4523; x_wconf 82' lang='grc' dir='ltr'>δὲ</span> <span class='ocrx_word' id='word_1_392' title='bbox 1361 4471 1454 4524; x_wconf 91' lang='grc' dir='ltr'><strong>τοῦ</strong></span> <span class='ocrx_word' id='word_1_393' title='bbox 1476 4473 1636 4537; x_wconf 83' lang='grc' dir='ltr'>κυνὸς</span> <span class='ocrx_word' id='word_1_394' title='bbox 1654 4475 1752 4545; x_wconf 82' lang='grc' dir='ltr'>τὴν</span> 
     </span>
    </p>
   </div>
   <div class='ocr_carea' id='block_1_52' title="bbox 1876 963 3447 1036">
    <p class='ocr_par' dir='ltr' id='par_1_52' title="bbox 1876 963 3447 1036">
     <span class='ocr_line' id='line_1_52' title="bbox 1876 963 3447 1036; baseline 0.001 -18"><span class='ocrx_word' id='word_1_395' title='bbox 1876 963 2132 1035; x_wconf 85' lang='lat' dir='ltr'><strong>profugos</strong></span> <span class='ocrx_word' id='word_1_396' title='bbox 2160 963 2376 1020; x_wconf 76' lang='lat' dir='ltr'><strong>Judzeos</strong></span> <span class='ocrx_word' id='word_1_397' title='bbox 2413 979 2519 1019; x_wconf 89' lang='lat' dir='ltr'><strong>una</strong></span> <span class='ocrx_word' id='word_1_398' title='bbox 2549 964 2830 1021; x_wconf 81' lang='lat' dir='ltr'><strong>debellans</strong></span> <span class='ocrx_word' id='word_1_399' title='bbox 2853 1005 2870 1028; x_wconf 92' lang='lat'><strong>,</strong></span> <span class='ocrx_word' id='word_1_400' title='bbox 2911 965 3156 1036; x_wconf 85' lang='lat' dir='ltr'><strong>captivos</strong></span> <span class='ocrx_word' id='word_1_401' title='bbox 3201 965 3447 1022; x_wconf 79' lang='lat' dir='ltr'><strong>abduxit.</strong></span> 
     </span>
    </p>
   </div>
   <div class='ocr_carea' id='block_1_53' title="bbox 1878 1054 3452 1126">
    <p class='ocr_par' dir='ltr' id='par_1_53' title="bbox 1878 1054 3452 1126">
     <span class='ocr_line' id='line_1_53' title="bbox 1878 1054 3452 1126; baseline 0.001 -16"><span class='ocrx_word' id='word_1_402' title='bbox 1878 1054 2029 1111; x_wconf 92' lang='lat' dir='ltr'><strong>Tunc</strong></span> <span class='ocrx_word' id='word_1_403' title='bbox 2056 1056 2200 1112; x_wconf 85' lang='lat' dir='ltr'><strong>enim</strong></span> <span class='ocrx_word' id='word_1_404' title='bbox 2229 1055 2537 1112; x_wconf 68' lang='lat' dir='ltr'><strong>Iudaeorum</strong></span> <span class='ocrx_word' id='word_1_405' title='bbox 2565 1072 2691 1126; x_wconf 85' lang='lat' dir='ltr'><strong>spes</strong></span> <span class='ocrx_word' id='word_1_406' title='bbox 2727 1054 2782 1111; x_wconf 91' lang='lat' dir='ltr'><strong>in</strong></span> <span class='ocrx_word' id='word_1_407' title='bbox 2805 1055 3142 1115; x_wconf 78' lang='lat' dir='ltr'><strong>PbaraOnem</strong></span> <span class='ocrx_word' id='word_1_408' title='bbox 3185 1071 3339 1114; x_wconf 80' lang='lat' dir='ltr'><strong>versa</strong></span> <span class='ocrx_word' id='word_1_409' title='bbox 3369 1065 3452 1114; x_wconf 86' lang='lat' dir='ltr'><strong>est</strong></span> 
     </span>
    </p>
   </div>
   <div class='ocr_carea' id='block_1_54' title="bbox 1877 1147 3434 1223">
    <p class='ocr_par' dir='ltr' id='par_1_54' title="bbox 1877 1147 3434 1223">
     <span class='ocr_line' id='line_1_54' title="bbox 1877 1147 3434 1223; baseline 0.002 -19"><span class='ocrx_word' id='word_1_410' title='bbox 1877 1147 1990 1206; x_wconf 83' lang='lat' dir='ltr'><strong>illis</strong></span> <span class='ocrx_word' id='word_1_411' title='bbox 2016 1149 2068 1203; x_wconf 91' lang='lat' dir='ltr'><strong>in</strong></span> <span class='ocrx_word' id='word_1_412' title='bbox 2101 1150 2474 1207; x_wconf 80' lang='lat' dir='ltr'><strong>confusionem</strong></span> <span class='ocrx_word' id='word_1_413' title='bbox 2503 1161 2559 1206; x_wconf 87' lang='lat' dir='ltr'><strong>et</strong></span> <span class='ocrx_word' id='word_1_414' title='bbox 2587 1152 2640 1206; x_wconf 92' lang='lat' dir='ltr'><strong>in</strong></span> <span class='ocrx_word' id='word_1_415' title='bbox 2669 1150 3040 1223; x_wconf 85' lang='lat' dir='ltr'><strong>opprobrium.</strong></span> <span class='ocrx_word' id='word_1_416' title='bbox 3430 1165 3434 1172; x_wconf 89' lang='lat'>&#39;</span> 
     </span>
    </p>
   </div>
   <div class='ocr_carea' id='block_1_55' title="bbox 1950 1422 3448 1494">
    <p class='ocr_par' dir='ltr' id='par_1_55' title="bbox 1950 1422 3448 1494">
     <span class='ocr_line' id='line_1_55' title="bbox 1950 1422 3448 1494; baseline 0.004 -18"><span class='ocrx_word' id='word_1_417' title='bbox 1950 1423 2110 1477; x_wconf 74' lang='lat' dir='ltr'><strong>Vens.</strong></span> <span class='ocrx_word' id='word_1_418' title='bbox 2177 1422 2232 1478; x_wconf 87' lang='lat'><strong>6.</strong></span> <span class='ocrx_word' id='word_1_419' title='bbox 2302 1442 2321 1475; x_wconf 80' lang='grc' dir='ltr'><strong>ι</strong></span> <span class='ocrx_word' id='word_1_420' title='bbox 2394 1423 2546 1484; x_wconf 84' lang='lat' dir='ltr'><strong>Visio</strong></span> <span class='ocrx_word' id='word_1_421' title='bbox 2613 1423 3018 1494; x_wconf 84' lang='lat' dir='ltr'><strong>quadrupedum</strong></span> <span class='ocrx_word' id='word_1_422' title='bbox 3087 1424 3142 1479; x_wconf 93' lang='lat' dir='ltr'><strong>in</strong></span> <span class='ocrx_word' id='word_1_423' title='bbox 3209 1425 3448 1482; x_wconf 91' lang='lat' dir='ltr'><strong>deserto.</strong></span> 
     </span>
    </p>
   </div>
   <div class='ocr_carea' id='block_1_56' title="bbox 1875 1511 3450 1586">
    <p class='ocr_par' dir='ltr' id='par_1_56' title="bbox 1875 1511 3450 1586">
     <span class='ocr_line' id='line_1_56' title="bbox 1875 1511 3450 1586; baseline 0.004 -20"><span class='ocrx_word' id='word_1_424' title='bbox 1875 1511 2307 1583; x_wconf 77' lang='lat' dir='ltr'><strong>(Symmachus,</strong></span> <span class='ocrx_word' id='word_1_425' title='bbox 2356 1515 2660 1584; x_wconf 79' lang='lat' dir='ltr'><strong>Assumptio</strong></span> <span class='ocrx_word' id='word_1_426' title='bbox 2707 1517 3071 1585; x_wconf 80' lang='lat' dir='ltr'><strong>jumentorum</strong></span> <span class='ocrx_word' id='word_1_427' title='bbox 3106 1515 3356 1586; x_wconf 76' lang='lat' dir='ltr'><strong>Austri.)</strong></span> <span class='ocrx_word' id='word_1_428' title='bbox 3389 1515 3450 1572; x_wconf 82' lang='lat' dir='ltr'><strong>In</strong></span> 
     </span>
    </p>
   </div>
   <div class='ocr_carea' id='block_1_57' title="bbox 1877 1606 3450 1679">
    <p class='ocr_par' dir='ltr' id='par_1_57' title="bbox 1877 1606 3450 1679">
     <span class='ocr_line' id='line_1_57' title="bbox 1877 1606 3450 1679; baseline 0.004 -19"><span class='ocrx_word' id='word_1_429' title='bbox 1877 1606 2228 1663; x_wconf 88' lang='lat' dir='ltr'><strong>tribulatione</strong></span> <span class='ocrx_word' id='word_1_430' title='bbox 2261 1615 2316 1662; x_wconf 88' lang='lat' dir='ltr'><strong>et</strong></span> <span class='ocrx_word' id='word_1_431' title='bbox 2349 1609 2600 1679; x_wconf 78' lang='lat' dir='ltr'><strong>angustia</strong></span> <span class='ocrx_word' id='word_1_432' title='bbox 2624 1608 2729 1675; x_wconf 91' lang='lat' dir='ltr'><strong>leo,</strong></span> <span class='ocrx_word' id='word_1_433' title='bbox 2773 1617 2829 1663; x_wconf 89' lang='lat' dir='ltr'><strong>et</strong></span> <span class='ocrx_word' id='word_1_434' title='bbox 2851 1608 3068 1664; x_wconf 79' lang='lat' dir='ltr'><strong>catulus</strong></span> <span class='ocrx_word' id='word_1_435' title='bbox 3095 1607 3288 1675; x_wconf 92' lang='lat' dir='ltr'><strong>leonis,</strong></span> <span class='ocrx_word' id='word_1_436' title='bbox 3322 1611 3450 1666; x_wconf 86' lang='lat' dir='ltr'><strong>inde</strong></span> 
     </span>
    </p>
   </div>
   <div class='ocr_carea' id='block_1_58' title="bbox 1871 1694 3448 1774">
    <p class='ocr_par' dir='ltr' id='par_1_58' title="bbox 1871 1694 3448 1774">
     <span class='ocr_line' id='line_1_58' title="bbox 1871 1694 3448 1774; baseline 0.002 -17"><span class='ocrx_word' id='word_1_437' title='bbox 1871 1710 1927 1757; x_wconf 90' lang='lat' dir='ltr'><strong>et</strong></span> <span class='ocrx_word' id='word_1_438' title='bbox 1976 1700 2231 1770; x_wconf 90' lang='lat' dir='ltr'><strong>aspides,</strong></span> <span class='ocrx_word' id='word_1_439' title='bbox 2265 1709 2319 1756; x_wconf 91' lang='lat' dir='ltr'><strong>et</strong></span> <span class='ocrx_word' id='word_1_440' title='bbox 2359 1701 2648 1772; x_wconf 81' lang='lat' dir='ltr'><strong>progenies</strong></span> <span class='ocrx_word' id='word_1_441' title='bbox 2691 1701 2939 1772; x_wconf 87' lang='lat' dir='ltr'><strong>aspidum</strong></span> <span class='ocrx_word' id='word_1_442' title='bbox 2982 1694 3310 1772; x_wconf 72' lang='lat' dir='ltr'><strong>volantium,</strong></span> <span class='ocrx_word' id='word_1_443' title='bbox 3347 1694 3448 1774; x_wconf 52' lang='lat' dir='ltr'><strong>&#39;qui</strong></span> 
     </span>
    </p>
   </div>
   <div class='ocr_carea' id='block_1_59' title="bbox 1874 1793 3448 1863">
    <p class='ocr_par' dir='ltr' id='par_1_59' title="bbox 1874 1793 3448 1863">
     <span class='ocr_line' id='line_1_59' title="bbox 1874 1793 3448 1863; baseline 0.001 -14"><span class='ocrx_word' id='word_1_444' title='bbox 1874 1793 2122 1849; x_wconf 87' lang='lat' dir='ltr'><strong>ferebant</strong></span> <span class='ocrx_word' id='word_1_445' title='bbox 2162 1807 2335 1863; x_wconf 70' lang='lat' dir='ltr'><strong>super,</strong></span> <span class='ocrx_word' id='word_1_446' title='bbox 2357 1794 2544 1849; x_wconf 88' lang='lat' dir='ltr'><strong>asinos</strong></span> <span class='ocrx_word' id='word_1_447' title='bbox 2571 1803 2625 1848; x_wconf 90' lang='lat' dir='ltr'><strong>et</strong></span> <span class='ocrx_word' id='word_1_448' title='bbox 2659 1794 2900 1850; x_wconf 85' lang='lat' dir='ltr'><strong>camelos</strong></span> <span class='ocrx_word' id='word_1_449' title='bbox 2951 1794 3174 1850; x_wconf 77' lang='lat' dir='ltr'><strong>divitias</strong></span> <span class='ocrx_word' id='word_1_450' title='bbox 3214 1810 3340 1851; x_wconf 88' lang='lat' dir='ltr'><strong>suas</strong></span> <span class='ocrx_word' id='word_1_451' title='bbox 3379 1797 3448 1851; x_wconf 87' lang='lat' dir='ltr'><strong>ad</strong></span> 
     </span>
    </p>
   </div>
   <div class='ocr_carea' id='block_1_60' title="bbox 1871 1883 3448 1957">
    <p class='ocr_par' dir='ltr' id='par_1_60' title="bbox 1871 1883 3448 1957">
     <span class='ocr_line' id='line_1_60' title="bbox 1871 1883 3448 1957; baseline 0 -17"><span class='ocrx_word' id='word_1_452' title='bbox 1871 1894 2085 1957; x_wconf 77' lang='lat' dir='ltr'><strong>gentem</strong></span> <span class='ocrx_word' id='word_1_453' title='bbox 2115 1900 2238 1955; x_wconf 71' lang='lat' dir='ltr'><strong>quae</strong></span> <span class='ocrx_word' id='word_1_454' title='bbox 2271 1883 2383 1938; x_wconf 92' lang='lat' dir='ltr'><strong>illis</strong></span> <span class='ocrx_word' id='word_1_455' title='bbox 2413 1899 2518 1939; x_wconf 92' lang='lat' dir='ltr'><strong>non</strong></span> <span class='ocrx_word' id='word_1_456' title='bbox 2558 1885 2819 1955; x_wconf 88' lang='lat' dir='ltr'><strong>proderit.</strong></span> <span class='ocrx_word' id='word_1_457' title='bbox 2852 1899 2882 1938; x_wconf 64' lang='grc' dir='ltr'><strong>τ</strong></span> <span class='ocrx_word' id='word_1_458' title='bbox 2931 1884 3068 1952; x_wconf 83' lang='lat' dir='ltr'><strong>Quia</strong></span> <span class='ocrx_word' id='word_1_459' title='bbox 3101 1885 3310 1940; x_wconf 84' lang='lat' dir='ltr'><strong>scilicet</strong></span> <span class='ocrx_word' id='word_1_460' title='bbox 3333 1895 3448 1941; x_wconf 82' lang='lat' dir='ltr'><strong>tota</strong></span> 
     </span>
    </p>
   </div>
   <div class='ocr_carea' id='block_1_61' title="bbox 1872 1977 3448 2049">
    <p class='ocr_par' dir='ltr' id='par_1_61' title="bbox 1872 1977 3448 2049">
     <span class='ocr_line' id='line_1_61' title="bbox 1872 1977 3448 2049; baseline -0.001 -15"><span class='ocrx_word' id='word_1_461' title='bbox 1872 1980 1984 2035; x_wconf 91' lang='lat' dir='ltr'><strong>Deo</strong></span> <span class='ocrx_word' id='word_1_462' title='bbox 2009 1992 2178 2033; x_wconf 88' lang='lat' dir='ltr'><strong>vacua</strong></span> <span class='ocrx_word' id='word_1_463' title='bbox 2209 1986 2350 2043; x_wconf 86' lang='lat' dir='ltr'><strong>erat,</strong></span> <span class='ocrx_word' id='word_1_464' title='bbox 2384 1979 2699 2048; x_wconf 90' lang='lat' dir='ltr'><strong>rcpletaque</strong></span> <span class='ocrx_word' id='word_1_465' title='bbox 2731 1977 3186 2047; x_wconf 84' lang='lat' dir='ltr'><strong>quadrupedibus,</strong></span> <span class='ocrx_word' id='word_1_466' title='bbox 3217 1992 3358 2049; x_wconf 86' lang='lat' dir='ltr'><strong>quos</strong></span> <span class='ocrx_word' id='word_1_467' title='bbox 3389 1987 3448 2032; x_wconf 87' lang='lat' dir='ltr'><strong>ut</strong></span> 
     </span>
    </p>
   </div>
   <div class='ocr_carea' id='block_1_62' title="bbox 1870 2065 3448 2138">
    <p class='ocr_par' dir='ltr' id='par_1_62' title="bbox 1870 2065 3448 2138">
     <span class='ocr_line' id='line_1_62' title="bbox 1870 2065 3448 2138; baseline -0.001 -15"><span class='ocrx_word' id='word_1_468' title='bbox 1870 2067 2002 2123; x_wconf 90' lang='lat' dir='ltr'><strong>deos</strong></span> <span class='ocrx_word' id='word_1_469' title='bbox 2033 2065 2306 2132; x_wconf 79' lang='lat' dir='ltr'><strong>colebant,</strong></span> <span class='ocrx_word' id='word_1_470' title='bbox 2343 2079 2552 2121; x_wconf 81' lang='lat' dir='ltr'><strong>necnon</strong></span> <span class='ocrx_word' id='word_1_471' title='bbox 2597 2065 2933 2122; x_wconf 75' lang='lat' dir='ltr'><strong>daemonibus</strong></span> <span class='ocrx_word' id='word_1_472' title='bbox 2975 2080 3144 2136; x_wconf 88' lang='lat' dir='ltr'><strong>penes</strong></span> <span class='ocrx_word' id='word_1_473' title='bbox 3187 2067 3335 2138; x_wconf 88' lang='lat' dir='ltr'><strong>ipsos</strong></span> <span class='ocrx_word' id='word_1_474' title='bbox 3362 2067 3448 2122; x_wconf 89' lang='lat' dir='ltr'><strong>vi-</strong></span> 
     </span>
    </p>
   </div>
   <div class='ocr_carea' id='block_1_63' title="bbox 1871 2155 3447 2229">
    <p class='ocr_par' dir='ltr' id='par_1_63' title="bbox 1871 2155 3447 2229">
     <span class='ocr_line' id='line_1_63' title="bbox 1871 2155 3447 2229; baseline 0 -16"><span class='ocrx_word' id='word_1_475' title='bbox 1871 2157 2146 2229; x_wconf 83' lang='lat' dir='ltr'><strong>gentibus.</strong></span> <span class='ocrx_word' id='word_1_476' title='bbox 2206 2155 2336 2211; x_wconf 69' lang='lat' dir='ltr'><strong>Haee</strong></span> <span class='ocrx_word' id='word_1_477' title='bbox 2380 2156 2547 2228; x_wconf 87' lang='lat' dir='ltr'><strong>igitur</strong></span> <span class='ocrx_word' id='word_1_478' title='bbox 2599 2157 2876 2228; x_wconf 79' lang='lat' dir='ltr'><strong>prephetae</strong></span> <span class='ocrx_word' id='word_1_479' title='bbox 2935 2156 3118 2213; x_wconf 87' lang='lat' dir='ltr'><strong>oblata</strong></span> <span class='ocrx_word' id='word_1_480' title='bbox 3173 2167 3258 2213; x_wconf 92' lang='lat' dir='ltr'><strong>est</strong></span> <span class='ocrx_word' id='word_1_481' title='bbox 3310 2159 3447 2214; x_wconf 86' lang='lat' dir='ltr'><strong>visio</strong></span> 
     </span>
    </p>
   </div>
   <div class='ocr_carea' id='block_1_64' title="bbox 1883 2249 3530 2321">
    <p class='ocr_par' dir='ltr' id='par_1_64' title="bbox 1883 2249 3530 2321">
     <span class='ocr_line' id='line_1_64' title="bbox 1883 2249 3530 2321; baseline -0.001 -15"><span class='ocrx_word' id='word_1_482' title='bbox 1883 2249 2330 2321; x_wconf 81' lang='lat' dir='ltr'><strong>quadrupedum,</strong></span> <span class='ocrx_word' id='word_1_483' title='bbox 2382 2250 2436 2304; x_wconf 90' lang='lat' dir='ltr'><strong>in</strong></span> <span class='ocrx_word' id='word_1_484' title='bbox 2481 2249 2859 2320; x_wconf 69' lang='lat' dir='ltr'><strong>Egyptiorunt</strong></span> <span class='ocrx_word' id='word_1_485' title='bbox 2908 2250 3202 2306; x_wconf 90' lang='lat' dir='ltr'><strong>solitudine</strong></span> <span class='ocrx_word' id='word_1_486' title='bbox 3233 2265 3448 2305; x_wconf 89' lang='lat' dir='ltr'><strong>moran-</strong></span> <span class='ocrx_word' id='word_1_487' title='bbox 3521 2283 3530 2294; x_wconf 56' lang='grc' dir='ltr'><strong><em>κ</em></strong></span> 
     </span>
    </p>
   </div>
   <div class='ocr_carea' id='block_1_65' title="bbox 1871 2342 3444 2414">
    <p class='ocr_par' dir='ltr' id='par_1_65' title="bbox 1871 2342 3444 2414">
     <span class='ocr_line' id='line_1_65' title="bbox 1871 2342 3444 2414; baseline -0.001 -16"><span class='ocrx_word' id='word_1_488' title='bbox 1871 2346 2031 2412; x_wconf 90' lang='lat' dir='ltr'><strong>tium,</strong></span> <span class='ocrx_word' id='word_1_489' title='bbox 2058 2345 2214 2413; x_wconf 89' lang='lat' dir='ltr'><strong>queis</strong></span> <span class='ocrx_word' id='word_1_490' title='bbox 2242 2342 2454 2414; x_wconf 76' lang='lat' dir='ltr'><strong>profugi</strong></span> <span class='ocrx_word' id='word_1_491' title='bbox 2483 2342 2794 2398; x_wconf 59' lang='lat' dir='ltr'><strong>Iudaeorum</strong></span> <span class='ocrx_word' id='word_1_492' title='bbox 2843 2357 2975 2414; x_wconf 88' lang='lat' dir='ltr'><strong>opes</strong></span> <span class='ocrx_word' id='word_1_493' title='bbox 3021 2359 3148 2398; x_wconf 88' lang='lat' dir='ltr'><strong>suas</strong></span> <span class='ocrx_word' id='word_1_494' title='bbox 3197 2344 3444 2414; x_wconf 88' lang='lat' dir='ltr'><strong>deporta-</strong></span> 
     </span>
    </p>
   </div>
   <div class='ocr_carea' id='block_1_66' title="bbox 1867 2433 3442 2505">
    <p class='ocr_par' dir='ltr' id='par_1_66' title="bbox 1867 2433 3442 2505">
     <span class='ocr_line' id='line_1_66' title="bbox 1867 2433 3442 2505; baseline 0 -14"><span class='ocrx_word' id='word_1_495' title='bbox 1867 2436 2002 2491; x_wconf 86' lang='lat' dir='ltr'><strong>bant</strong></span> <span class='ocrx_word' id='word_1_496' title='bbox 2029 2455 2043 2490; x_wconf 87' lang='lat'><strong>:</strong></span> <span class='ocrx_word' id='word_1_497' title='bbox 2072 2451 2199 2490; x_wconf 89' lang='lat' dir='ltr'><strong>nam</strong></span> <span class='ocrx_word' id='word_1_498' title='bbox 2224 2435 2417 2490; x_wconf 65' lang='lat' dir='ltr'><strong>animae</strong></span> <span class='ocrx_word' id='word_1_499' title='bbox 2468 2449 2581 2490; x_wconf 65' lang='lat' dir='ltr'><strong>suae</strong></span> <span class='ocrx_word' id='word_1_500' title='bbox 2617 2435 2879 2504; x_wconf 89' lang='lat' dir='ltr'><strong>penuaria</strong></span> <span class='ocrx_word' id='word_1_501' title='bbox 2909 2433 3235 2505; x_wconf 68' lang='lat' dir='ltr'><strong>Egyptiaco</strong></span> <span class='ocrx_word' id='word_1_502' title='bbox 3266 2437 3442 2491; x_wconf 88' lang='lat' dir='ltr'><strong>errori</strong></span> 
     </span>
    </p>
   </div>
   <div class='ocr_carea' id='block_1_67' title="bbox 1867 2528 2212 2584">
    <p class='ocr_par' dir='ltr' id='par_1_67' title="bbox 1867 2528 2212 2584">
     <span class='ocr_line' id='line_1_67' title="bbox 1867 2528 2212 2584; baseline 0 0"><span class='ocrx_word' id='word_1_503' title='bbox 1867 2528 2212 2584; x_wconf 86' lang='lat' dir='ltr'><strong>dediderant.</strong></span> 
     </span>
    </p>
   </div>
   <div class='ocr_carea' id='block_1_68' title="bbox 1938 2617 3441 2690">
    <p class='ocr_par' dir='ltr' id='par_1_68' title="bbox 1938 2617 3441 2690">
     <span class='ocr_line' id='line_1_68' title="bbox 1938 2617 3441 2690; baseline 0.001 -16"><span class='ocrx_word' id='word_1_504' title='bbox 1938 2618 2104 2674; x_wconf 67' lang='lat' dir='ltr'><strong>Vens.</strong></span> <span class='ocrx_word' id='word_1_505' title='bbox 2138 2618 2258 2675; x_wconf 82' lang='lat'><strong>7-9.</strong></span> <span class='ocrx_word' id='word_1_506' title='bbox 2295 2637 2315 2672; x_wconf 77' lang='grc' dir='ltr'><strong>ι</strong></span> <span class='ocrx_word' id='word_1_507' title='bbox 2355 2617 2594 2690; x_wconf 69' lang='lat' dir='ltr'><strong>Egyptii</strong></span> <span class='ocrx_word' id='word_1_508' title='bbox 2627 2618 2826 2674; x_wconf 89' lang='lat' dir='ltr'><strong>frustra</strong></span> <span class='ocrx_word' id='word_1_509' title='bbox 2859 2627 2916 2674; x_wconf 89' lang='lat' dir='ltr'><strong>et</strong></span> <span class='ocrx_word' id='word_1_510' title='bbox 2948 2619 3182 2675; x_wconf 85' lang='lat' dir='ltr'><strong>inaniter</strong></span> <span class='ocrx_word' id='word_1_511' title='bbox 3207 2619 3441 2675; x_wconf 82' lang='lat' dir='ltr'><strong>auxilia-</strong></span> 
     </span>
    </p>
   </div>
   <div class='ocr_carea' id='block_1_69' title="bbox 1864 2707 3443 2779">
    <p class='ocr_par' dir='ltr' id='par_1_69' title="bbox 1864 2707 3443 2779">
     <span class='ocr_line' id='line_1_69' title="bbox 1864 2707 3443 2779; baseline -0.001 -10"><span class='ocrx_word' id='word_1_512' title='bbox 1864 2714 2068 2769; x_wconf 89' lang='lat' dir='ltr'><strong>buntur</strong></span> <span class='ocrx_word' id='word_1_513' title='bbox 2098 2712 2270 2766; x_wconf 86' lang='lat' dir='ltr'><strong>vobis.</strong></span> <span class='ocrx_word' id='word_1_514' title='bbox 2318 2711 2592 2765; x_wconf 86' lang='lat' dir='ltr'><strong>Annuntia</strong></span> <span class='ocrx_word' id='word_1_515' title='bbox 2618 2712 2696 2764; x_wconf 90' lang='lat' dir='ltr'><strong>eis</strong></span> <span class='ocrx_word' id='word_1_516' title='bbox 2722 2750 2738 2775; x_wconf 95' lang='lat'><strong>,</strong></span> <span class='ocrx_word' id='word_1_517' title='bbox 2761 2711 2907 2779; x_wconf 87' lang='lat' dir='ltr'><strong>quia,</strong></span> <span class='ocrx_word' id='word_1_518' title='bbox 2939 2707 3089 2764; x_wconf 77' lang='lat' dir='ltr'><strong>Vana</strong></span> <span class='ocrx_word' id='word_1_519' title='bbox 3134 2718 3219 2765; x_wconf 89' lang='lat' dir='ltr'><strong>est</strong></span> <span class='ocrx_word' id='word_1_520' title='bbox 3247 2725 3443 2768; x_wconf 89' lang='lat' dir='ltr'><strong>conso-</strong></span> 
     </span>
    </p>
   </div>
   <div class='ocr_carea' id='block_1_70' title="bbox 1863 2801 3441 2873">
    <p class='ocr_par' dir='ltr' id='par_1_70' title="bbox 1863 2801 3441 2873">
     <span class='ocr_line' id='line_1_70' title="bbox 1863 2801 3441 2873; baseline -0.002 -13"><span class='ocrx_word' id='word_1_521' title='bbox 1863 2805 1996 2861; x_wconf 88' lang='lat' dir='ltr'><strong>latio</strong></span> <span class='ocrx_word' id='word_1_522' title='bbox 2020 2813 2200 2860; x_wconf 87' lang='lat' dir='ltr'><strong>vestra</strong></span> <span class='ocrx_word' id='word_1_523' title='bbox 2223 2804 2357 2859; x_wconf 68' lang='lat' dir='ltr'><strong>haec.</strong></span> <span class='ocrx_word' id='word_1_524' title='bbox 2393 2802 2546 2857; x_wconf 88' lang='lat' dir='ltr'><strong>Nunc</strong></span> <span class='ocrx_word' id='word_1_525' title='bbox 2581 2802 2745 2873; x_wconf 82' lang='lat' dir='ltr'><strong>igitur</strong></span> <span class='ocrx_word' id='word_1_526' title='bbox 2769 2801 2967 2857; x_wconf 90' lang='lat' dir='ltr'><strong>sedens</strong></span> <span class='ocrx_word' id='word_1_527' title='bbox 3005 2802 3182 2857; x_wconf 89' lang='lat' dir='ltr'><strong>scribe</strong></span> <span class='ocrx_word' id='word_1_528' title='bbox 3216 2801 3271 2856; x_wconf 90' lang='lat' dir='ltr'><strong>in</strong></span> <span class='ocrx_word' id='word_1_529' title='bbox 3297 2803 3441 2857; x_wconf 74' lang='lat' dir='ltr'><strong>buxo</strong></span> 
     </span>
    </p>
   </div>
   <div class='ocr_carea' id='block_1_71' title="bbox 1865 2892 3438 2965">
    <p class='ocr_par' dir='ltr' id='par_1_71' title="bbox 1865 2892 3438 2965">
     <span class='ocr_line' id='line_1_71' title="bbox 1865 2892 3438 2965; baseline -0.004 -13"><span class='ocrx_word' id='word_1_530' title='bbox 1865 2897 2002 2960; x_wconf 56' lang='lat' dir='ltr'><strong>hac,</strong></span> <span class='ocrx_word' id='word_1_531' title='bbox 2031 2904 2087 2951; x_wconf 88' lang='lat' dir='ltr'><strong>et</strong></span> <span class='ocrx_word' id='word_1_532' title='bbox 2119 2896 2176 2950; x_wconf 87' lang='lat' dir='ltr'><strong>in</strong></span> <span class='ocrx_word' id='word_1_533' title='bbox 2210 2895 2371 2962; x_wconf 92' lang='lat' dir='ltr'><strong>libro,</strong></span> <span class='ocrx_word' id='word_1_534' title='bbox 2408 2894 2536 2965; x_wconf 88' lang='lat' dir='ltr'><strong>quia</strong></span> <span class='ocrx_word' id='word_1_535' title='bbox 2559 2901 2718 2948; x_wconf 92' lang='lat' dir='ltr'><strong>erunt</strong></span> <span class='ocrx_word' id='word_1_536' title='bbox 2753 2892 2807 2946; x_wconf 91' lang='lat' dir='ltr'><strong>iu</strong></span> <span class='ocrx_word' id='word_1_537' title='bbox 2843 2893 2960 2948; x_wconf 86' lang='lat' dir='ltr'><strong>dies</strong></span> <span class='ocrx_word' id='word_1_538' title='bbox 3007 2893 3123 2948; x_wconf 60' lang='lat' dir='ltr'><strong>haec</strong></span> <span class='ocrx_word' id='word_1_539' title='bbox 3173 2901 3438 2962; x_wconf 91' lang='lat' dir='ltr'><strong>tempore,</strong></span> 
     </span>
    </p>
   </div>
   <div class='ocr_carea' id='block_1_72' title="bbox 1863 2984 3441 3058">
    <p class='ocr_par' dir='ltr' id='par_1_72' title="bbox 1863 2984 3441 3058">
     <span class='ocr_line' id='line_1_72' title="bbox 1863 2984 3441 3058; baseline -0.003 -14"><span class='ocrx_word' id='word_1_540' title='bbox 1863 2999 1919 3044; x_wconf 91' lang='lat' dir='ltr'><strong>et</strong></span> <span class='ocrx_word' id='word_1_541' title='bbox 1949 3002 2124 3058; x_wconf 86' lang='lat' dir='ltr'><strong>usque</strong></span> <span class='ocrx_word' id='word_1_542' title='bbox 2148 2987 2218 3042; x_wconf 89' lang='lat' dir='ltr'><strong>in</strong></span> <span class='ocrx_word' id='word_1_543' title='bbox 2270 2987 2530 3042; x_wconf 67' lang='lat' dir='ltr'><strong>saeculum</strong></span> <span class='ocrx_word' id='word_1_544' title='bbox 2581 3001 2595 3039; x_wconf 91' lang='lat'><strong>:</strong></span> <span class='ocrx_word' id='word_1_545' title='bbox 2629 2987 2755 3055; x_wconf 90' lang='lat' dir='ltr'><strong>quia</strong></span> <span class='ocrx_word' id='word_1_546' title='bbox 2783 2984 3031 3055; x_wconf 59' lang='lat' dir='ltr'><strong>populus,</strong></span> <span class='ocrx_word' id='word_1_547' title='bbox 3059 2985 3441 3057; x_wconf 85' lang='lat' dir='ltr'><strong>immorigerus</strong></span> 
     </span>
    </p>
   </div>
   <div class='ocr_carea' id='block_1_73' title="bbox 1861 3077 3440 3149">
    <p class='ocr_par' dir='ltr' id='par_1_73' title="bbox 1861 3077 3440 3149">
     <span class='ocr_line' id='line_1_73' title="bbox 1861 3077 3440 3149; baseline -0.001 -14"><span class='ocrx_word' id='word_1_548' title='bbox 1861 3092 1968 3149; x_wconf 89' lang='lat' dir='ltr'><strong>est,</strong></span> <span class='ocrx_word' id='word_1_549' title='bbox 2003 3082 2100 3137; x_wconf 87' lang='lat' dir='ltr'><strong>lilii</strong></span> <span class='ocrx_word' id='word_1_550' title='bbox 2153 3081 2481 3143; x_wconf 87' lang='lat' dir='ltr'><strong>mendaces,</strong></span> <span class='ocrx_word' id='word_1_551' title='bbox 2515 3079 2607 3148; x_wconf 86' lang='lat' dir='ltr'><strong>qui</strong></span> <span class='ocrx_word' id='word_1_552' title='bbox 2668 3078 2958 3133; x_wconf 89' lang='lat' dir='ltr'><strong>noluerunt</strong></span> <span class='ocrx_word' id='word_1_553' title='bbox 3017 3078 3206 3133; x_wconf 88' lang='lat' dir='ltr'><strong>audire</strong></span> <span class='ocrx_word' id='word_1_554' title='bbox 3265 3077 3440 3148; x_wconf 84' lang='lat' dir='ltr'><strong>legem</strong></span> 
     </span>
    </p>
   </div>
   <div class='ocr_carea' id='block_1_74' title="bbox 1864 3171 3436 3230">
    <p class='ocr_par' dir='ltr' id='par_1_74' title="bbox 1864 3171 3436 3230">
     <span class='ocr_line' id='line_1_74' title="bbox 1864 3171 3436 3230; baseline -0.004 0"><span class='ocrx_word' id='word_1_555' title='bbox 1864 3176 1982 3230; x_wconf 82' lang='lat' dir='ltr'><strong>Dei.</strong></span> <span class='ocrx_word' id='word_1_556' title='bbox 2021 3194 2040 3229; x_wconf 76' lang='grc' dir='ltr'><strong>ι</strong></span> <span class='ocrx_word' id='word_1_557' title='bbox 2084 3173 2178 3229; x_wconf 81' lang='lat' dir='ltr'><strong>Sic</strong></span> <span class='ocrx_word' id='word_1_558' title='bbox 2228 3188 2417 3230; x_wconf 90' lang='lat' dir='ltr'><strong>eorum</strong></span> <span class='ocrx_word' id='word_1_559' title='bbox 2464 3173 2690 3226; x_wconf 79' lang='lat' dir='ltr'><strong>Stultitia</strong></span> <span class='ocrx_word' id='word_1_560' title='bbox 2747 3181 2803 3226; x_wconf 92' lang='lat' dir='ltr'><strong>et</strong></span> <span class='ocrx_word' id='word_1_561' title='bbox 2865 3171 3074 3226; x_wconf 88' lang='lat' dir='ltr'><strong>insania</strong></span> <span class='ocrx_word' id='word_1_562' title='bbox 3129 3179 3436 3226; x_wconf 89' lang='lat' dir='ltr'><strong>enarratur.</strong></span> 
     </span>
    </p>
   </div>
   <div class='ocr_carea' id='block_1_75' title="bbox 1859 3261 3438 3336">
    <p class='ocr_par' dir='ltr' id='par_1_75' title="bbox 1859 3261 3438 3336">
     <span class='ocr_line' id='line_1_75' title="bbox 1859 3261 3438 3336; baseline -0.003 -15"><span class='ocrx_word' id='word_1_563' title='bbox 1859 3265 2047 3336; x_wconf 83' lang='lat' dir='ltr'><strong>Neque</strong></span> <span class='ocrx_word' id='word_1_564' title='bbox 2079 3266 2223 3323; x_wconf 90' lang='lat' dir='ltr'><strong>enim</strong></span> <span class='ocrx_word' id='word_1_565' title='bbox 2275 3263 2505 3320; x_wconf 90' lang='lat' dir='ltr'><strong>sensiles</strong></span> <span class='ocrx_word' id='word_1_566' title='bbox 2552 3262 2630 3317; x_wconf 93' lang='lat' dir='ltr'><strong>illi</strong></span> <span class='ocrx_word' id='word_1_567' title='bbox 2671 3261 2954 3332; x_wconf 62' lang='lat' dir='ltr'><strong>:‘Egyptii,</strong></span> <span class='ocrx_word' id='word_1_568' title='bbox 2997 3276 3172 3332; x_wconf 90' lang='lat' dir='ltr'><strong>neque</strong></span> <span class='ocrx_word' id='word_1_569' title='bbox 3217 3261 3314 3327; x_wconf 87' lang='lat' dir='ltr'><strong>illi,</strong></span> <span class='ocrx_word' id='word_1_570' title='bbox 3346 3261 3438 3332; x_wconf 88' lang='lat' dir='ltr'><strong>qui</strong></span> 
     </span>
    </p>
   </div>
   <div class='ocr_carea' id='block_1_76' title="bbox 1859 3352 3440 3426">
    <p class='ocr_par' dir='ltr' id='par_1_76' title="bbox 1859 3352 3440 3426">
     <span class='ocr_line' id='line_1_76' title="bbox 1859 3352 3440 3426; baseline -0.002 -16"><span class='ocrx_word' id='word_1_571' title='bbox 1859 3370 2027 3426; x_wconf 86' lang='lat' dir='ltr'><strong>penes</strong></span> <span class='ocrx_word' id='word_1_572' title='bbox 2077 3369 2176 3412; x_wconf 89' lang='lat' dir='ltr'><strong>eos</strong></span> <span class='ocrx_word' id='word_1_573' title='bbox 2217 3354 2291 3409; x_wconf 91' lang='lat' dir='ltr'><strong>dii</strong></span> <span class='ocrx_word' id='word_1_574' title='bbox 2338 3354 2765 3426; x_wconf 85' lang='lat' dir='ltr'><strong>reputabanlur,</strong></span> <span class='ocrx_word' id='word_1_575' title='bbox 2800 3353 3118 3422; x_wconf 84' lang='lat' dir='ltr'><strong>epituiaturi</strong></span> <span class='ocrx_word' id='word_1_576' title='bbox 3155 3352 3440 3408; x_wconf 79' lang='lat' dir='ltr'><strong>erantJu-</strong></span> 
     </span>
    </p>
   </div>
   <div class='ocr_carea' id='block_1_77' title="bbox 1859 3441 3437 3515">
    <p class='ocr_par' dir='ltr' id='par_1_77' title="bbox 1859 3441 3437 3515">
     <span class='ocr_line' id='line_1_77' title="bbox 1859 3441 3437 3515; baseline -0.001 -15"><span class='ocrx_word' id='word_1_577' title='bbox 1859 3445 2101 3500; x_wconf 67' lang='lat' dir='ltr'><strong>daeorum</strong></span> <span class='ocrx_word' id='word_1_578' title='bbox 2151 3447 2382 3515; x_wconf 93' lang='lat' dir='ltr'><strong>populo,</strong></span> <span class='ocrx_word' id='word_1_579' title='bbox 2435 3445 2502 3497; x_wconf 89' lang='lat' dir='ltr'><strong>ad</strong></span> <span class='ocrx_word' id='word_1_580' title='bbox 2547 3443 2695 3512; x_wconf 91' lang='lat' dir='ltr'><strong>ipsos</strong></span> <span class='ocrx_word' id='word_1_581' title='bbox 2746 3442 3104 3512; x_wconf 86' lang='lat' dir='ltr'><strong>eonfugienti.</strong></span> <span class='ocrx_word' id='word_1_582' title='bbox 3157 3441 3437 3512; x_wconf 88' lang='lat' dir='ltr'><strong>Siquidem</strong></span> 
     </span>
    </p>
   </div>
   <div class='ocr_carea' id='block_1_78' title="bbox 1858 3533 3439 3608">
    <p class='ocr_par' dir='ltr' id='par_1_78' title="bbox 1858 3533 3439 3608">
     <span class='ocr_line' id='line_1_78' title="bbox 1858 3533 3439 3608; baseline -0.002 -15"><span class='ocrx_word' id='word_1_583' title='bbox 1858 3553 1972 3608; x_wconf 67' lang='lat' dir='ltr'><strong>prae</strong></span> <span class='ocrx_word' id='word_1_584' title='bbox 2010 3552 2206 3606; x_wconf 85' lang='lat' dir='ltr'><strong>magna</strong></span> <span class='ocrx_word' id='word_1_585' title='bbox 2236 3535 2401 3590; x_wconf 86' lang='lat' dir='ltr'><strong>animi</strong></span> <span class='ocrx_word' id='word_1_586' title='bbox 2428 3534 2723 3597; x_wconf 81' lang='lat' dir='ltr'><strong>anxietate,</strong></span> <span class='ocrx_word' id='word_1_587' title='bbox 2757 3549 2820 3589; x_wconf 88' lang='lat' dir='ltr'><strong>ac</strong></span> <span class='ocrx_word' id='word_1_588' title='bbox 2849 3549 2958 3604; x_wconf 70' lang='lat' dir='ltr'><strong>prae</strong></span> <span class='ocrx_word' id='word_1_589' title='bbox 2987 3533 3295 3590; x_wconf 83' lang='lat' dir='ltr'><strong>aliiictiouis</strong></span> <span class='ocrx_word' id='word_1_590' title='bbox 3324 3536 3439 3590; x_wconf 90' lang='lat' dir='ltr'><strong>vio-</strong></span> 
     </span>
    </p>
   </div>
   <div class='ocr_carea' id='block_1_79' title="bbox 1857 3625 3438 3700">
    <p class='ocr_par' dir='ltr' id='par_1_79' title="bbox 1857 3625 3438 3700">
     <span class='ocr_line' id='line_1_79' title="bbox 1857 3625 3438 3700; baseline -0.001 -15"><span class='ocrx_word' id='word_1_591' title='bbox 1857 3630 2045 3696; x_wconf 85' lang='lat' dir='ltr'><strong>lentia,</strong></span> <span class='ocrx_word' id='word_1_592' title='bbox 2075 3629 2453 3700; x_wconf 68' lang='lat' dir='ltr'><strong>Egyptiorum</strong></span> <span class='ocrx_word' id='word_1_593' title='bbox 2483 3627 2615 3680; x_wconf 87' lang='lat' dir='ltr'><strong>deos</strong></span> <span class='ocrx_word' id='word_1_594' title='bbox 2649 3625 3036 3694; x_wconf 82' lang='lat' dir='ltr'><strong>celebrabant;</strong></span> <span class='ocrx_word' id='word_1_595' title='bbox 3083 3628 3234 3698; x_wconf 89' lang='lat' dir='ltr'><strong>ipsos</strong></span> <span class='ocrx_word' id='word_1_596' title='bbox 3285 3630 3438 3684; x_wconf 87' lang='lat' dir='ltr'><strong>vide-</strong></span> 
     </span>
    </p>
   </div>
   <div class='ocr_carea' id='block_1_80' title="bbox 1858 3717 3438 3792">
    <p class='ocr_par' dir='ltr' id='par_1_80' title="bbox 1858 3717 3438 3792">
     <span class='ocr_line' id='line_1_80' title="bbox 1858 3717 3438 3792; baseline -0.001 -14"><span class='ocrx_word' id='word_1_597' title='bbox 1858 3723 1986 3778; x_wconf 84' lang='lat' dir='ltr'><strong>licet</strong></span> <span class='ocrx_word' id='word_1_598' title='bbox 2015 3722 2290 3777; x_wconf 71' lang='lat' dir='ltr'><strong>daemonas</strong></span> <span class='ocrx_word' id='word_1_599' title='bbox 2319 3717 2610 3788; x_wconf 89' lang='lat' dir='ltr'><strong>malignos,</strong></span> <span class='ocrx_word' id='word_1_600' title='bbox 2665 3719 2900 3773; x_wconf 90' lang='lat' dir='ltr'><strong>animam</strong></span> <span class='ocrx_word' id='word_1_601' title='bbox 2949 3734 3104 3774; x_wconf 89' lang='lat' dir='ltr'><strong>suam</strong></span> <span class='ocrx_word' id='word_1_602' title='bbox 3159 3721 3211 3774; x_wconf 91' lang='lat' dir='ltr'><strong>in</strong></span> <span class='ocrx_word' id='word_1_603' title='bbox 3263 3737 3438 3792; x_wconf 83' lang='lat' dir='ltr'><strong>angu-</strong></span> 
     </span>
    </p>
   </div>
   <div class='ocr_carea' id='block_1_81' title="bbox 1858 3810 3436 3890">
    <p class='ocr_par' dir='ltr' id='par_1_81' title="bbox 1858 3810 3436 3890">
     <span class='ocr_line' id='line_1_81' title="bbox 1858 3810 3436 3890; baseline -0.001 -21"><span class='ocrx_word' id='word_1_604' title='bbox 1858 3814 1994 3890; x_wconf 80' lang='lat' dir='ltr'><strong>stias</strong></span> <span class='ocrx_word' id='word_1_605' title='bbox 2019 3822 2074 3868; x_wconf 89' lang='lat' dir='ltr'><strong>et</strong></span> <span class='ocrx_word' id='word_1_606' title='bbox 2105 3825 2376 3868; x_wconf 64' lang='lat' dir='ltr'><strong>aerumnas</strong></span> <span class='ocrx_word' id='word_1_607' title='bbox 2405 3810 2758 3881; x_wconf 86' lang='lat' dir='ltr'><strong>conjicientes</strong></span> <span class='ocrx_word' id='word_1_608' title='bbox 2785 3828 2800 3876; x_wconf 93' lang='lat'><strong>;</strong></span> <span class='ocrx_word' id='word_1_609' title='bbox 2830 3812 2884 3865; x_wconf 92' lang='lat' dir='ltr'><strong>in</strong></span> <span class='ocrx_word' id='word_1_610' title='bbox 2916 3811 3115 3882; x_wconf 91' lang='lat' dir='ltr'><strong>quibus</strong></span> <span class='ocrx_word' id='word_1_611' title='bbox 3141 3822 3298 3867; x_wconf 87' lang='lat' dir='ltr'><strong>erant</strong></span> <span class='ocrx_word' id='word_1_612' title='bbox 3322 3812 3436 3869; x_wconf 89' lang='lat' dir='ltr'><strong>leo-</strong></span> 
     </span>
    </p>
   </div>
   <div class='ocr_carea' id='block_1_82' title="bbox 1857 3904 3432 3976">
    <p class='ocr_par' dir='ltr' id='par_1_82' title="bbox 1857 3904 3432 3976">
     <span class='ocr_line' id='line_1_82' title="bbox 1857 3904 3432 3976; baseline -0.002 -13"><span class='ocrx_word' id='word_1_613' title='bbox 1857 3922 1955 3964; x_wconf 90' lang='lat' dir='ltr'><strong>nes</strong></span> <span class='ocrx_word' id='word_1_614' title='bbox 1989 3915 2044 3963; x_wconf 91' lang='lat' dir='ltr'><strong>et</strong></span> <span class='ocrx_word' id='word_1_615' title='bbox 2074 3907 2291 3976; x_wconf 87' lang='lat' dir='ltr'><strong>aspides</strong></span> <span class='ocrx_word' id='word_1_616' title='bbox 2316 3945 2332 3972; x_wconf 92' lang='lat'><strong>,</strong></span> <span class='ocrx_word' id='word_1_617' title='bbox 2357 3919 2654 3976; x_wconf 90' lang='lat' dir='ltr'><strong>eorumque</strong></span> <span class='ocrx_word' id='word_1_618' title='bbox 2682 3904 2992 3975; x_wconf 85' lang='lat' dir='ltr'><strong>progenies,</strong></span> <span class='ocrx_word' id='word_1_619' title='bbox 3035 3919 3100 3961; x_wconf 90' lang='lat' dir='ltr'><strong>ac</strong></span> <span class='ocrx_word' id='word_1_620' title='bbox 3127 3915 3432 3975; x_wconf 86' lang='lat' dir='ltr'><strong>serpentes,</strong></span> 
     </span>
    </p>
   </div>
   <div class='ocr_carea' id='block_1_83' title="bbox 1855 3998 3432 4068">
    <p class='ocr_par' dir='ltr' id='par_1_83' title="bbox 1855 3998 3432 4068">
     <span class='ocr_line' id='line_1_83' title="bbox 1855 3998 3432 4068; baseline -0.002 -12"><span class='ocrx_word' id='word_1_621' title='bbox 1855 4009 1911 4056; x_wconf 88' lang='lat' dir='ltr'><strong>et</strong></span> <span class='ocrx_word' id='word_1_622' title='bbox 1940 4001 2044 4056; x_wconf 88' lang='lat' dir='ltr'><strong>alia</strong></span> <span class='ocrx_word' id='word_1_623' title='bbox 2079 4008 2339 4056; x_wconf 83' lang='lat' dir='ltr'><strong>sexcenta</strong></span> <span class='ocrx_word' id='word_1_624' title='bbox 2365 3998 2578 4068; x_wconf 88' lang='lat' dir='ltr'><strong>reptilia</strong></span> <span class='ocrx_word' id='word_1_625' title='bbox 2607 4008 2770 4068; x_wconf 90' lang='lat' dir='ltr'><strong>atque</strong></span> <span class='ocrx_word' id='word_1_626' title='bbox 2793 3998 2942 4065; x_wconf 80' lang='lat' dir='ltr'><strong>ferae,</strong></span> <span class='ocrx_word' id='word_1_627' title='bbox 2968 4014 3196 4068; x_wconf 91' lang='lat' dir='ltr'><strong>quorum</strong></span> <span class='ocrx_word' id='word_1_628' title='bbox 3224 4000 3432 4067; x_wconf 81' lang='lat' dir='ltr'><strong>icones,</strong></span> 
     </span>
    </p>
   </div>
   <div class='ocr_carea' id='block_1_84' title="bbox 1857 4091 3435 4165">
    <p class='ocr_par' dir='ltr' id='par_1_84' title="bbox 1857 4091 3435 4165">
     <span class='ocr_line' id='line_1_84' title="bbox 1857 4091 3435 4165; baseline -0.001 -15"><span class='ocrx_word' id='word_1_629' title='bbox 1857 4109 2068 4150; x_wconf 90' lang='lat' dir='ltr'><strong>necnon</strong></span> <span class='ocrx_word' id='word_1_630' title='bbox 2098 4094 2213 4163; x_wconf 88' lang='lat' dir='ltr'><strong>ipsa</strong></span> <span class='ocrx_word' id='word_1_631' title='bbox 2245 4091 2466 4148; x_wconf 86' lang='lat' dir='ltr'><strong>sensilia</strong></span> <span class='ocrx_word' id='word_1_632' title='bbox 2501 4091 2759 4145; x_wconf 88' lang='lat' dir='ltr'><strong>animalia</strong></span> <span class='ocrx_word' id='word_1_633' title='bbox 2789 4107 2889 4160; x_wconf 88' lang='lat' dir='ltr'><strong>per</strong></span> <span class='ocrx_word' id='word_1_634' title='bbox 2939 4102 3106 4146; x_wconf 90' lang='lat' dir='ltr'><strong>totam</strong></span> <span class='ocrx_word' id='word_1_635' title='bbox 3138 4091 3435 4165; x_wconf 60' lang='lat' dir='ltr'><strong>IEgyputm</strong></span> 
     </span>
    </p>
   </div>
   <div class='ocr_carea' id='block_1_85' title="bbox 1857 4183 3431 4258">
    <p class='ocr_par' dir='ltr' id='par_1_85' title="bbox 1857 4183 3431 4258">
     <span class='ocr_line' id='line_1_85' title="bbox 1857 4183 3431 4258; baseline -0.003 -14"><span class='ocrx_word' id='word_1_636' title='bbox 1857 4203 1956 4258; x_wconf 85' lang='lat' dir='ltr'><strong>pro</strong></span> <span class='ocrx_word' id='word_1_637' title='bbox 1981 4187 2084 4243; x_wconf 90' lang='lat' dir='ltr'><strong>diis</strong></span> <span class='ocrx_word' id='word_1_638' title='bbox 2109 4187 2452 4242; x_wconf 88' lang='lat' dir='ltr'><strong>colebantur.</strong></span> <span class='ocrx_word' id='word_1_639' title='bbox 2480 4185 2699 4238; x_wconf 89' lang='lat' dir='ltr'><strong>Atenim</strong></span> <span class='ocrx_word' id='word_1_640' title='bbox 2727 4183 2915 4238; x_wconf 85' lang='lat' dir='ltr'><strong>leones</strong></span> <span class='ocrx_word' id='word_1_641' title='bbox 2940 4199 3128 4238; x_wconf 83' lang='lat' dir='ltr'><strong>revera</strong></span> <span class='ocrx_word' id='word_1_642' title='bbox 3150 4225 3166 4250; x_wconf 91' lang='lat'><strong>,</strong></span> <span class='ocrx_word' id='word_1_643' title='bbox 3194 4187 3431 4255; x_wconf 68' lang='lat' dir='ltr'><strong>aspidm,</strong></span> 
     </span>
    </p>
   </div>
   <div class='ocr_carea' id='block_1_86' title="bbox 1858 4271 3431 4348">
    <p class='ocr_par' dir='ltr' id='par_1_86' title="bbox 1858 4271 3431 4348">
     <span class='ocr_line' id='line_1_86' title="bbox 1858 4271 3431 4348; baseline -0.004 -14"><span class='ocrx_word' id='word_1_644' title='bbox 1858 4285 2165 4348; x_wconf 88' lang='lat' dir='ltr'><strong>serpentes,</strong></span> <span class='ocrx_word' id='word_1_645' title='bbox 2195 4285 2250 4332; x_wconf 91' lang='lat' dir='ltr'><strong>et</strong></span> <span class='ocrx_word' id='word_1_646' title='bbox 2275 4275 2385 4330; x_wconf 87' lang='lat' dir='ltr'><strong>alia</strong></span> <span class='ocrx_word' id='word_1_647' title='bbox 2413 4283 2673 4329; x_wconf 82' lang='lat' dir='ltr'><strong>sexcenta</strong></span> <span class='ocrx_word' id='word_1_648' title='bbox 2728 4288 2829 4343; x_wconf 89' lang='lat' dir='ltr'><strong>pro</strong></span> <span class='ocrx_word' id='word_1_649' title='bbox 2875 4274 2983 4328; x_wconf 90' lang='lat' dir='ltr'><strong>diis</strong></span> <span class='ocrx_word' id='word_1_650' title='bbox 3011 4271 3431 4329; x_wconf 78' lang='lat' dir='ltr'><strong>venerabantur.</strong></span> 
     </span>
    </p>
   </div>
   <div class='ocr_carea' id='block_1_87' title="bbox 1855 4367 3434 4438">
    <p class='ocr_par' dir='ltr' id='par_1_87' title="bbox 1855 4367 3434 4438">
     <span class='ocr_line' id='line_1_87' title="bbox 1855 4367 3434 4438; baseline -0.005 -10"><span class='ocrx_word' id='word_1_651' title='bbox 1855 4373 1922 4428; x_wconf 89' lang='lat' dir='ltr'><strong>Et</strong></span> <span class='ocrx_word' id='word_1_652' title='bbox 1949 4385 2083 4426; x_wconf 86' lang='lat' dir='ltr'><strong>sane</strong></span> <span class='ocrx_word' id='word_1_653' title='bbox 2115 4384 2329 4435; x_wconf 90' lang='lat' dir='ltr'><strong>eorum,</strong></span> <span class='ocrx_word' id='word_1_654' title='bbox 2361 4383 2502 4438; x_wconf 89' lang='lat' dir='ltr'><strong>quos</strong></span> <span class='ocrx_word' id='word_1_655' title='bbox 2532 4367 2662 4422; x_wconf 91' lang='lat' dir='ltr'><strong>deos</strong></span> <span class='ocrx_word' id='word_1_656' title='bbox 2687 4367 2974 4437; x_wconf 83' lang='lat' dir='ltr'><strong>putabant,</strong></span> <span class='ocrx_word' id='word_1_657' title='bbox 3021 4367 3241 4421; x_wconf 88' lang='lat' dir='ltr'><strong>nomine</strong></span> <span class='ocrx_word' id='word_1_658' title='bbox 3271 4367 3434 4420; x_wconf 85' lang='lat' dir='ltr'><strong>urbes</strong></span> 
     </span>
    </p>
   </div>
   <div class='ocr_carea' id='block_1_88' title="bbox 1855 4459 3433 4533">
    <p class='ocr_par' dir='ltr' id='par_1_88' title="bbox 1855 4459 3433 4533">
     <span class='ocr_line' id='line_1_88' title="bbox 1855 4459 3433 4533; baseline -0.005 -12"><span class='ocrx_word' id='word_1_659' title='bbox 1855 4480 1984 4522; x_wconf 86' lang='lat' dir='ltr'><strong>suas</strong></span> <span class='ocrx_word' id='word_1_660' title='bbox 2005 4462 2390 4533; x_wconf 86' lang='lat' dir='ltr'><strong>appellarunt;</strong></span> <span class='ocrx_word' id='word_1_661' title='bbox 2427 4477 2458 4515; x_wconf 93' lang='lat' dir='ltr'><strong>a</strong></span> <span class='ocrx_word' id='word_1_662' title='bbox 2488 4463 2642 4517; x_wconf 86' lang='lat' dir='ltr'><strong>leone</strong></span> <span class='ocrx_word' id='word_1_663' title='bbox 2676 4461 2903 4525; x_wconf 90' lang='lat' dir='ltr'><strong>scilicet,</strong></span> <span class='ocrx_word' id='word_1_664' title='bbox 2931 4459 3168 4525; x_wconf 84' lang='lat' dir='ltr'><strong>Leonte;</strong></span> <span class='ocrx_word' id='word_1_665' title='bbox 3214 4474 3246 4513; x_wconf 90' lang='lat' dir='ltr'><strong>a</strong></span> <span class='ocrx_word' id='word_1_666' title='bbox 3273 4474 3433 4523; x_wconf 75' lang='lat' dir='ltr'><strong>cane,</strong></span> 
     </span>
    </p>
   </div>
   <div class='ocr_carea' id='block_1_89' title="bbox 158 4553 1754 4634">
    <p class='ocr_par' dir='ltr' id='par_1_89' title="bbox 158 4553 1740 4634">
     <span class='ocr_line' id='line_1_89' title="bbox 158 4553 1740 4634; baseline 0.004 -24"><span class='ocrx_word' id='word_1_667' title='bbox 158 4553 322 4611; x_wconf 81' lang='grc' dir='ltr'>Κυνὼ</span> <span class='ocrx_word' id='word_1_668' title='bbox 343 4597 358 4621; x_wconf 85' lang='grc'><strong>,</strong></span> <span class='ocrx_word' id='word_1_669' title='bbox 409 4559 506 4612; x_wconf 81' lang='grc' dir='ltr'>καὶ</span> <span class='ocrx_word' id='word_1_670' title='bbox 554 4558 664 4612; x_wconf 77' lang='grc' dir='ltr'>ἀπὸ</span> <span class='ocrx_word' id='word_1_671' title='bbox 702 4557 861 4612; x_wconf 75' lang='grc' dir='ltr'>ἄλλου</span> <span class='ocrx_word' id='word_1_672' title='bbox 907 4558 1070 4613; x_wconf 78' lang='grc' dir='ltr'>πάλιν</span> <span class='ocrx_word' id='word_1_673' title='bbox 1113 4560 1280 4633; x_wconf 84' lang='grc' dir='ltr'>θηρὸς</span> <span class='ocrx_word' id='word_1_674' title='bbox 1328 4561 1521 4634; x_wconf 79' lang='grc' dir='ltr'>ἑτέραν</span> <span class='ocrx_word' id='word_1_675' title='bbox 1565 4563 1740 4618; x_wconf 88' lang='grc' dir='ltr'>πόλιν.</span> 
     </span>
    </p>
   </div>
   <div class='ocr_carea' id='block_1_90' title="bbox 1866 4553 3105 4634">
    <p class='ocr_par' dir='ltr' id='par_1_90' title="bbox 1866 4553 3105 4629">
     <span class='ocr_line' id='line_1_90' title="bbox 1866 4553 3105 4629; baseline -0.009 -13"><span class='ocrx_word' id='word_1_676' title='bbox 1866 4559 2018 4629; x_wconf 67' lang='grc' dir='ltr'>Ξγηο,</span> <span class='ocrx_word' id='word_1_677' title='bbox 2051 4557 2118 4613; x_wconf 92' lang='lat' dir='ltr'><strong>ab</strong></span> <span class='ocrx_word' id='word_1_678' title='bbox 2149 4556 2254 4610; x_wconf 89' lang='lat' dir='ltr'><strong>alia</strong></span> <span class='ocrx_word' id='word_1_679' title='bbox 2291 4555 2421 4610; x_wconf 91' lang='lat' dir='ltr'><strong>item</strong></span> <span class='ocrx_word' id='word_1_680' title='bbox 2452 4554 2564 4608; x_wconf 89' lang='lat' dir='ltr'><strong>fera</strong></span> <span class='ocrx_word' id='word_1_681' title='bbox 2613 4553 2773 4608; x_wconf 89' lang='lat' dir='ltr'><strong>aliam</strong></span> <span class='ocrx_word' id='word_1_682' title='bbox 2809 4554 3105 4607; x_wconf 85' lang='lat' dir='ltr'><strong>civltatem.</strong></span> 
     </span>
    </p>
   </div>
   <div class='ocr_carea' id='block_1_91' title="bbox 225 4653 1756 4725">
    <p class='ocr_par' dir='ltr' id='par_1_91' title="bbox 225 4653 1756 4725">
     <span class='ocr_line' id='line_1_91' title="bbox 225 4653 1756 4725; baseline 0.003 -20"><span class='ocrx_word' id='word_1_683' title='bbox 225 4672 244 4705; x_wconf 74' lang='grc' dir='ltr'><strong>ι</strong></span> <span class='ocrx_word' id='word_1_684' title='bbox 271 4655 342 4707; x_wconf 81' lang='grc' dir='ltr'><strong>Οἱ</strong></span> <span class='ocrx_word' id='word_1_685' title='bbox 377 4653 631 4721; x_wconf 79' lang='grc' dir='ltr'>λέγοντες</span> <span class='ocrx_word' id='word_1_686' title='bbox 678 4655 792 4717; x_wconf 87' lang='grc' dir='ltr'>τοῖς</span> <span class='ocrx_word' id='word_1_687' title='bbox 853 4654 1163 4725; x_wconf 80' lang='grc' dir='ltr'>προφήταις</span> <span class='ocrx_word' id='word_1_688' title='bbox 1184 4693 1201 4719; x_wconf 90' lang='grc'><strong>,</strong></span> <span class='ocrx_word' id='word_1_689' title='bbox 1240 4655 1332 4725; x_wconf 85' lang='grc' dir='ltr'><strong>Μὴ</strong></span> <span class='ocrx_word' id='word_1_690' title='bbox 1395 4656 1756 4725; x_wconf 84' lang='grc' dir='ltr'>ἀναγγέλλετε</span> 
     </span>
    </p>
   </div>
   <div class='ocr_carea' id='block_1_92' title="bbox 157 4743 1757 4819">
    <p class='ocr_par' dir='ltr' id='par_1_92' title="bbox 157 4743 1757 4819">
     <span class='ocr_line' id='line_1_92' title="bbox 157 4743 1757 4819; baseline 0.003 -20"><span class='ocrx_word' id='word_1_691' title='bbox 157 4747 283 4817; x_wconf 68' lang='grc' dir='ltr'>ἡμῖν</span> <span class='ocrx_word' id='word_1_692' title='bbox 309 4763 323 4776; x_wconf 88' lang='grc'><strong>·</strong></span> <span class='ocrx_word' id='word_1_693' title='bbox 344 4747 443 4799; x_wconf 72' lang='grc' dir='ltr'>καὶ</span> <span class='ocrx_word' id='word_1_694' title='bbox 459 4748 573 4809; x_wconf 90' lang='grc' dir='ltr'>τοῖς</span> <span class='ocrx_word' id='word_1_695' title='bbox 591 4746 846 4817; x_wconf 83' lang='grc' dir='ltr'>ὁράματα</span> <span class='ocrx_word' id='word_1_696' title='bbox 868 4743 1064 4818; x_wconf 85' lang='grc' dir='ltr'>ὁρῶσι,</span> <span class='ocrx_word' id='word_1_697' title='bbox 1087 4747 1181 4819; x_wconf 81' lang='grc' dir='ltr'><strong>Μὴ</strong></span> <span class='ocrx_word' id='word_1_698' title='bbox 1198 4748 1411 4800; x_wconf 86' lang='grc' dir='ltr'>λαλεῖτε</span> <span class='ocrx_word' id='word_1_699' title='bbox 1431 4750 1563 4819; x_wconf 81' lang='grc' dir='ltr'>ἡμῖν</span> <span class='ocrx_word' id='word_1_700' title='bbox 1580 4767 1595 4780; x_wconf 90' lang='grc'><strong>·</strong></span> <span class='ocrx_word' id='word_1_701' title='bbox 1620 4750 1757 4803; x_wconf 87' lang='grc' dir='ltr'><strong>ἀλλά</strong></span> 
     </span>
    </p>
   </div>
   <div class='ocr_carea' id='block_1_93' title="bbox 157 4837 1750 4913">
    <p class='ocr_par' dir='ltr' id='par_1_93' title="bbox 157 4837 1750 4913">
     <span class='ocr_line' id='line_1_93' title="bbox 157 4837 1750 4913; baseline 0.003 -23"><span class='ocrx_word' id='word_1_702' title='bbox 157 4839 283 4908; x_wconf 73' lang='grc' dir='ltr'>ἡμῖν</span> <span class='ocrx_word' id='word_1_703' title='bbox 303 4837 524 4891; x_wconf 87' lang='grc' dir='ltr'>λαλεῖτε</span> <span class='ocrx_word' id='word_1_704' title='bbox 568 4838 662 4890; x_wconf 75' lang='grc' dir='ltr'>καὶ</span> <span class='ocrx_word' id='word_1_705' title='bbox 700 4838 1060 4907; x_wconf 84' lang='grc' dir='ltr'>ἀναγγέλλετε</span> <span class='ocrx_word' id='word_1_706' title='bbox 1079 4840 1211 4910; x_wconf 75' lang='grc' dir='ltr'>ἡμῖν</span> <span class='ocrx_word' id='word_1_707' title='bbox 1237 4839 1429 4910; x_wconf 79' lang='grc' dir='ltr'>ἑτέραν</span> <span class='ocrx_word' id='word_1_708' title='bbox 1455 4839 1750 4913; x_wconf 57' lang='grc' dir='ltr'>πλάνησινς</span> 
     </span>
    </p>
   </div>
   <div class='ocr_carea' id='block_1_94' title="bbox 159 4929 1756 5004">
    <p class='ocr_par' dir='ltr' id='par_1_94' title="bbox 159 4929 1756 5004">
     <span class='ocr_line' id='line_1_94' title="bbox 159 4929 1756 5004; baseline 0.003 -21"><span class='ocrx_word' id='word_1_709' title='bbox 159 4933 248 4985; x_wconf 75' lang='grc' dir='ltr'>καὶ</span> <span class='ocrx_word' id='word_1_710' title='bbox 283 4929 670 5001; x_wconf 75' lang='grc' dir='ltr'>ἀποστρέψατε</span> <span class='ocrx_word' id='word_1_711' title='bbox 714 4931 861 5001; x_wconf 80' lang='grc' dir='ltr'>ἡμᾶς</span> <span class='ocrx_word' id='word_1_712' title='bbox 894 4930 1003 4984; x_wconf 82' lang='grc' dir='ltr'>ἀπὸ</span> <span class='ocrx_word' id='word_1_713' title='bbox 1033 4931 1133 5001; x_wconf 84' lang='grc' dir='ltr'>τῆς</span> <span class='ocrx_word' id='word_1_714' title='bbox 1164 4930 1286 4984; x_wconf 88' lang='grc' dir='ltr'>ὁδοῦ</span> <span class='ocrx_word' id='word_1_715' title='bbox 1333 4931 1558 5004; x_wconf 87' lang='grc' dir='ltr'>ταύτης.</span> <span class='ocrx_word' id='word_1_716' title='bbox 1597 4935 1756 5004; x_wconf 83' lang='grc' dir='ltr'><strong>Ἀφέ-</strong></span> 
     </span>
    </p>
   </div>
   <div class='ocr_carea' id='block_1_95' title="bbox 157 5020 1746 5097">
    <p class='ocr_par' dir='ltr' id='par_1_95' title="bbox 157 5020 1746 5097">
     <span class='ocr_line' id='line_1_95' title="bbox 157 5020 1746 5097; baseline 0.001 -21"><span class='ocrx_word' id='word_1_717' title='bbox 157 5021 273 5076; x_wconf 83' lang='grc' dir='ltr'>λετε</span> <span class='ocrx_word' id='word_1_718' title='bbox 299 5024 395 5092; x_wconf 81' lang='grc' dir='ltr'><strong>ἀφ’</strong></span> <span class='ocrx_word' id='word_1_719' title='bbox 435 5020 714 5093; x_wconf 75' lang='grc' dir='ltr'>ήμῶντὺν</span> <span class='ocrx_word' id='word_1_720' title='bbox 751 5022 937 5096; x_wconf 79' lang='grc' dir='ltr'>τρίϐον</span> <span class='ocrx_word' id='word_1_721' title='bbox 968 5022 1180 5084; x_wconf 83' lang='grc' dir='ltr'>τοῦτον.</span> <span class='ocrx_word' id='word_1_722' title='bbox 1223 5027 1316 5078; x_wconf 81' lang='grc' dir='ltr'>καὶ</span> <span class='ocrx_word' id='word_1_723' title='bbox 1373 5025 1600 5094; x_wconf 84' lang='grc' dir='ltr'>ἀφέλετε</span> <span class='ocrx_word' id='word_1_724' title='bbox 1653 5029 1746 5097; x_wconf 77' lang='grc' dir='ltr'><strong>ἀφ’</strong></span> 
     </span>
    </p>
   </div>
   <div class='ocr_carea' id='block_1_96' title="bbox 159 5112 1745 5187">
    <p class='ocr_par' dir='ltr' id='par_1_96' title="bbox 159 5112 1745 5187">
     <span class='ocr_line' id='line_1_96' title="bbox 159 5112 1745 5187; baseline 0.001 -21"><span class='ocrx_word' id='word_1_725' title='bbox 159 5114 312 5184; x_wconf 73' lang='grc' dir='ltr'>ἡμῶν</span> <span class='ocrx_word' id='word_1_726' title='bbox 343 5113 409 5166; x_wconf 79' lang='grc' dir='ltr'><strong>τδ</strong></span> <span class='ocrx_word' id='word_1_727' title='bbox 439 5113 620 5182; x_wconf 87' lang='grc' dir='ltr'>λόγιον</span> <span class='ocrx_word' id='word_1_728' title='bbox 659 5112 754 5165; x_wconf 92' lang='grc' dir='ltr'><strong>τοῦ</strong></span> <span class='ocrx_word' id='word_1_729' title='bbox 797 5113 1032 5184; x_wconf 79' lang='grc' dir='ltr'>Ἰσραήλ.</span> <span class='ocrx_word' id='word_1_730' title='bbox 1069 5132 1086 5165; x_wconf 74' lang='grc' dir='ltr'><strong>ι</strong></span> <span class='ocrx_word' id='word_1_731' title='bbox 1149 5112 1334 5166; x_wconf 87' lang='grc' dir='ltr'>Ταῦτα</span> <span class='ocrx_word' id='word_1_732' title='bbox 1391 5113 1501 5186; x_wconf 89' lang='grc' dir='ltr'><strong>γὰρ</strong></span> <span class='ocrx_word' id='word_1_733' title='bbox 1557 5116 1608 5168; x_wconf 81' lang='grc' dir='ltr'>οἱ</span> <span class='ocrx_word' id='word_1_734' title='bbox 1672 5117 1745 5187; x_wconf 87' lang='grc' dir='ltr'>μὴ</span> 
     </span>
    </p>
   </div>
   <div class='ocr_carea' id='block_1_97' title="bbox 160 5203 1746 5276">
    <p class='ocr_par' dir='ltr' id='par_1_97' title="bbox 160 5203 1746 5276">
     <span class='ocr_line' id='line_1_97' title="bbox 160 5203 1746 5276; baseline 0.001 -18"><span class='ocrx_word' id='word_1_735' title='bbox 160 5205 551 5268; x_wconf 79' lang='grc' dir='ltr'>πιστεύσαντες</span> <span class='ocrx_word' id='word_1_736' title='bbox 573 5207 691 5268; x_wconf 85' lang='grc' dir='ltr'>ταῖς</span> <span class='ocrx_word' id='word_1_737' title='bbox 721 5203 816 5258; x_wconf 90' lang='grc' dir='ltr'><strong>τοῦ</strong></span> <span class='ocrx_word' id='word_1_738' title='bbox 851 5205 1116 5276; x_wconf 84' lang='grc' dir='ltr'>Ἱερεμίου</span> <span class='ocrx_word' id='word_1_739' title='bbox 1156 5207 1361 5275; x_wconf 86' lang='grc' dir='ltr'>φωναῖς</span> <span class='ocrx_word' id='word_1_740' title='bbox 1395 5205 1533 5276; x_wconf 79' lang='grc' dir='ltr'>πρὸς</span> <span class='ocrx_word' id='word_1_741' title='bbox 1585 5207 1746 5259; x_wconf 84' lang='grc' dir='ltr'>αὐτὸν</span> 
     </span>
    </p>
   </div>
   <div class='ocr_carea' id='block_1_98' title="bbox 159 5294 1457 5368">
    <p class='ocr_par' dir='ltr' id='par_1_98' title="bbox 159 5294 1457 5368">
     <span class='ocr_line' id='line_1_98' title="bbox 159 5294 1457 5368; baseline 0 -18"><span class='ocrx_word' id='word_1_742' title='bbox 159 5297 397 5359; x_wconf 75' lang='grc' dir='ltr'>καὶτοὺς</span> <span class='ocrx_word' id='word_1_743' title='bbox 427 5295 497 5349; x_wconf 70' lang='grc' dir='ltr'><strong>τὰ</strong></span> <span class='ocrx_word' id='word_1_744' title='bbox 528 5295 691 5366; x_wconf 85' lang='grc' dir='ltr'>ὅμοια</span> <span class='ocrx_word' id='word_1_745' title='bbox 711 5294 858 5366; x_wconf 83' lang='grc' dir='ltr'>αύτῷ</span> <span class='ocrx_word' id='word_1_746' title='bbox 891 5295 1223 5368; x_wconf 85' lang='grc' dir='ltr'>φρονοῦντας</span> <span class='ocrx_word' id='word_1_747' title='bbox 1254 5296 1457 5366; x_wconf 75' lang='grc' dir='ltr'>ἔλεγον.</span> 
     </span>
    </p>
   </div>
   <div class='ocr_carea' id='block_1_99' title="bbox 232 5384 1740 5461">
    <p class='ocr_par' dir='ltr' id='par_1_99' title="bbox 232 5384 1740 5461">
     <span class='ocr_line' id='line_1_99' title="bbox 232 5384 1740 5461; baseline 0.001 -21"><span class='ocrx_word' id='word_1_748' title='bbox 232 5406 252 5440; x_wconf 80' lang='lat' dir='ltr'><strong>t</strong></span> <span class='ocrx_word' id='word_1_749' title='bbox 283 5387 384 5440; x_wconf 85' lang='grc' dir='ltr'>Διά</span> <span class='ocrx_word' id='word_1_750' title='bbox 415 5384 576 5439; x_wconf 86' lang='grc' dir='ltr'>τοῦτο</span> <span class='ocrx_word' id='word_1_751' title='bbox 601 5387 728 5440; x_wconf 87' lang='grc' dir='ltr'>τάδε</span> <span class='ocrx_word' id='word_1_752' title='bbox 777 5386 928 5456; x_wconf 80' lang='grc' dir='ltr'>λέγει</span> <span class='ocrx_word' id='word_1_753' title='bbox 978 5386 1182 5460; x_wconf 85' lang='grc' dir='ltr'>Κύριος</span> <span class='ocrx_word' id='word_1_754' title='bbox 1207 5390 1236 5442; x_wconf 83' lang='grc' dir='ltr'><strong>ό</strong></span> <span class='ocrx_word' id='word_1_755' title='bbox 1289 5387 1444 5457; x_wconf 71' lang='grc' dir='ltr'>ἅγιος</span> <span class='ocrx_word' id='word_1_756' title='bbox 1491 5389 1706 5461; x_wconf 82' lang='grc' dir='ltr'>Ἰσραήλ</span> <span class='ocrx_word' id='word_1_757' title='bbox 1729 5408 1740 5420; x_wconf 90' lang='grc'><strong>·</strong></span> 
     </span>
    </p>
   </div>
   <div class='ocr_carea' id='block_1_100' title="bbox 163 5479 1742 5555">
    <p class='ocr_par' dir='ltr' id='par_1_100' title="bbox 163 5479 1742 5555">
     <span class='ocr_line' id='line_1_100' title="bbox 163 5479 1742 5555; baseline 0.001 -23"><span class='ocrx_word' id='word_1_758' title='bbox 163 5479 279 5533; x_wconf 83' lang='grc' dir='ltr'><strong>Ὅτι</strong></span> <span class='ocrx_word' id='word_1_759' title='bbox 302 5479 643 5551; x_wconf 75' lang='grc' dir='ltr'>ἠπειθήσατε</span> <span class='ocrx_word' id='word_1_760' title='bbox 667 5482 780 5544; x_wconf 86' lang='grc' dir='ltr'>τοῖς</span> <span class='ocrx_word' id='word_1_761' title='bbox 813 5479 995 5549; x_wconf 85' lang='grc' dir='ltr'>λόγοις</span> <span class='ocrx_word' id='word_1_762' title='bbox 1040 5479 1270 5555; x_wconf 84' lang='grc' dir='ltr'>τούτοις,</span> <span class='ocrx_word' id='word_1_763' title='bbox 1331 5481 1424 5534; x_wconf 75' lang='grc' dir='ltr'>καὶ</span> <span class='ocrx_word' id='word_1_764' title='bbox 1472 5481 1742 5551; x_wconf 79' lang='grc' dir='ltr'>ἠλπίσατε</span> 
     </span>
    </p>
   </div>
   <div class='ocr_carea' id='block_1_101' title="bbox 161 5571 1740 5642">
    <p class='ocr_par' dir='ltr' id='par_1_101' title="bbox 161 5571 1740 5642">
     <span class='ocr_line' id='line_1_101' title="bbox 161 5571 1740 5642; baseline 0.002 -18"><span class='ocrx_word' id='word_1_765' title='bbox 161 5572 249 5625; x_wconf 63' lang='grc' dir='ltr'><strong>ἐπὶ</strong></span> <span class='ocrx_word' id='word_1_766' title='bbox 271 5572 481 5642; x_wconf 72' lang='grc' dir='ltr'>ψεύδει,</span> <span class='ocrx_word' id='word_1_767' title='bbox 511 5572 605 5625; x_wconf 71' lang='grc' dir='ltr'>καὶ</span> <span class='ocrx_word' id='word_1_768' title='bbox 632 5573 714 5626; x_wconf 86' lang='grc' dir='ltr'>ὅτι</span> <span class='ocrx_word' id='word_1_769' title='bbox 757 5573 1085 5642; x_wconf 75' lang='grc' dir='ltr'>ὲγόγγυσας,</span> <span class='ocrx_word' id='word_1_770' title='bbox 1122 5575 1216 5626; x_wconf 77' lang='grc' dir='ltr'>καὶ</span> <span class='ocrx_word' id='word_1_771' title='bbox 1247 5571 1524 5636; x_wconf 86' lang='grc' dir='ltr'>πεποιθὼς</span> <span class='ocrx_word' id='word_1_772' title='bbox 1555 5575 1740 5642; x_wconf 80' lang='grc' dir='ltr'>ἐγένου</span> 
     </span>
    </p>
   </div>
   <div class='ocr_carea' id='block_1_102' title="bbox 162 5663 1743 5740">
    <p class='ocr_par' dir='ltr' id='par_1_102' title="bbox 162 5663 1743 5740">
     <span class='ocr_line' id='line_1_102' title="bbox 162 5663 1743 5740; baseline 0.002 -25"><span class='ocrx_word' id='word_1_773' title='bbox 162 5663 250 5715; x_wconf 68' lang='grc' dir='ltr'><strong>ἐπὶ</strong></span> <span class='ocrx_word' id='word_1_774' title='bbox 272 5664 350 5734; x_wconf 79' lang='grc' dir='ltr'>τῷ</span> <span class='ocrx_word' id='word_1_775' title='bbox 386 5663 534 5733; x_wconf 83' lang='grc' dir='ltr'>λόγῳ</span> <span class='ocrx_word' id='word_1_776' title='bbox 559 5664 762 5735; x_wconf 81' lang='grc' dir='ltr'>τούτῳ·</span> <span class='ocrx_word' id='word_1_777' title='bbox 799 5664 888 5718; x_wconf 84' lang='grc' dir='ltr'><strong>διά</strong></span> <span class='ocrx_word' id='word_1_778' title='bbox 904 5663 1063 5718; x_wconf 88' lang='grc' dir='ltr'>τοῦτο</span> <span class='ocrx_word' id='word_1_779' title='bbox 1086 5663 1238 5720; x_wconf 78' lang='grc' dir='ltr'>ἔσται</span> <span class='ocrx_word' id='word_1_780' title='bbox 1277 5664 1405 5735; x_wconf 77' lang='grc' dir='ltr'>ὑμῖν</span> <span class='ocrx_word' id='word_1_781' title='bbox 1435 5667 1467 5737; x_wconf 80' lang='grc' dir='ltr'><strong>ἡ</strong></span> <span class='ocrx_word' id='word_1_782' title='bbox 1502 5666 1743 5740; x_wconf 84' lang='grc' dir='ltr'>ἁμαρτία</span> 
     </span>
    </p>
   </div>
   <div class='ocr_carea' id='block_1_103' title="bbox 164 5755 1743 5831">
    <p class='ocr_par' dir='ltr' id='par_1_103' title="bbox 164 5755 1743 5831">
     <span class='ocr_line' id='line_1_103' title="bbox 164 5755 1743 5831; baseline 0.001 -23"><span class='ocrx_word' id='word_1_783' title='bbox 164 5755 295 5818; x_wconf 74' lang='grc' dir='ltr'>αὕτη</span> <span class='ocrx_word' id='word_1_784' title='bbox 327 5758 404 5820; x_wconf 81' lang='grc' dir='ltr'>ὡς</span> <span class='ocrx_word' id='word_1_785' title='bbox 433 5761 613 5828; x_wconf 81' lang='grc' dir='ltr'>τεῖχος</span> <span class='ocrx_word' id='word_1_786' title='bbox 665 5757 863 5811; x_wconf 67' lang='grc' dir='ltr'>πῖπτον</span> <span class='ocrx_word' id='word_1_787' title='bbox 906 5759 1246 5831; x_wconf 85' lang='grc' dir='ltr'>παραχρῆμα</span> <span class='ocrx_word' id='word_1_788' title='bbox 1293 5759 1497 5822; x_wconf 85' lang='grc' dir='ltr'>πόλεως</span> <span class='ocrx_word' id='word_1_789' title='bbox 1540 5760 1743 5830; x_wconf 75' lang='grc' dir='ltr'>ὀχυρᾶς</span> 
     </span>
    </p>
   </div>
   <div class='ocr_carea' id='block_1_104' title="bbox 169 5845 1743 5922">
    <p class='ocr_par' dir='ltr' id='par_1_104' title="bbox 169 5845 1743 5922">
     <span class='ocr_line' id='line_1_104' title="bbox 169 5845 1743 5922; baseline 0.003 -23"><span class='ocrx_word' id='word_1_790' title='bbox 169 5847 487 5916; x_wconf 69' lang='grc' dir='ltr'>ἑαλωκυίας,</span> <span class='ocrx_word' id='word_1_791' title='bbox 517 5845 584 5922; x_wconf 79' lang='grc' dir='ltr'>ἧς</span> <span class='ocrx_word' id='word_1_792' title='bbox 609 5850 947 5922; x_wconf 81' lang='grc' dir='ltr'>παραχρῆμα</span> <span class='ocrx_word' id='word_1_793' title='bbox 967 5852 1192 5920; x_wconf 78' lang='grc' dir='ltr'>πάρεστι</span> <span class='ocrx_word' id='word_1_794' title='bbox 1211 5850 1269 5905; x_wconf 84' lang='grc' dir='ltr'>τὸ</span> <span class='ocrx_word' id='word_1_795' title='bbox 1301 5851 1495 5922; x_wconf 82' lang='grc' dir='ltr'>πτῶμα</span> <span class='ocrx_word' id='word_1_796' title='bbox 1518 5868 1527 5879; x_wconf 92' lang='grc'><strong>·</strong></span> <span class='ocrx_word' id='word_1_797' title='bbox 1563 5852 1656 5905; x_wconf 76' lang='grc' dir='ltr'>καὶ</span> <span class='ocrx_word' id='word_1_798' title='bbox 1684 5851 1743 5903; x_wconf 73' lang='grc' dir='ltr'>τὸ</span> 
     </span>
    </p>
   </div>
   <div class='ocr_carea' id='block_1_105' title="bbox 1921 4643 3430 4716">
    <p class='ocr_par' dir='ltr' id='par_1_105' title="bbox 1921 4643 3430 4716">
     <span class='ocr_line' id='line_1_105' title="bbox 1921 4643 3430 4716; baseline -0.007 -8"><span class='ocrx_word' id='word_1_799' title='bbox 1921 4653 2093 4708; x_wconf 73' lang='lat' dir='ltr'><strong>Vens.</strong></span> <span class='ocrx_word' id='word_1_800' title='bbox 2123 4652 2210 4716; x_wconf 70' lang='lat'><strong>10,</strong></span> <span class='ocrx_word' id='word_1_801' title='bbox 2244 4649 2331 4703; x_wconf 80' lang='grc' dir='ltr'><strong>Η.</strong></span> <span class='ocrx_word' id='word_1_802' title='bbox 2357 4647 2458 4715; x_wconf 84' lang='lat' dir='ltr'><strong>Qui</strong></span> <span class='ocrx_word' id='word_1_803' title='bbox 2488 4648 2673 4702; x_wconf 87' lang='lat' dir='ltr'><strong>dicunt</strong></span> <span class='ocrx_word' id='word_1_804' title='bbox 2694 4646 2994 4716; x_wconf 88' lang='lat' dir='ltr'><strong>prophetis,</strong></span> <span class='ocrx_word' id='word_1_805' title='bbox 3031 4643 3109 4698; x_wconf 87' lang='lat' dir='ltr'><strong>Ne</strong></span> <span class='ocrx_word' id='word_1_806' title='bbox 3140 4643 3430 4698; x_wconf 86' lang='lat' dir='ltr'><strong>annuntie-</strong></span> 
     </span>
    </p>
   </div>
   <div class='ocr_carea' id='block_1_106' title="bbox 1857 4735 3431 4815">
    <p class='ocr_par' dir='ltr' id='par_1_106' title="bbox 1857 4735 3431 4815">
     <span class='ocr_line' id='line_1_106' title="bbox 1857 4735 3431 4815; baseline -0.003 -18"><span class='ocrx_word' id='word_1_807' title='bbox 1857 4743 1925 4797; x_wconf 90' lang='lat' dir='ltr'><strong>tis</strong></span> <span class='ocrx_word' id='word_1_808' title='bbox 1953 4744 2130 4809; x_wconf 89' lang='lat' dir='ltr'><strong>nobis,</strong></span> <span class='ocrx_word' id='word_1_809' title='bbox 2165 4749 2220 4796; x_wconf 90' lang='lat' dir='ltr'><strong>et</strong></span> <span class='ocrx_word' id='word_1_810' title='bbox 2243 4739 2557 4815; x_wconf 88' lang='lat' dir='ltr'><strong>videntibus</strong></span> <span class='ocrx_word' id='word_1_811' title='bbox 2587 4738 2844 4802; x_wconf 87' lang='lat' dir='ltr'><strong>visiones,</strong></span> <span class='ocrx_word' id='word_1_812' title='bbox 2886 4736 2963 4790; x_wconf 86' lang='lat' dir='ltr'><strong>Ne</strong></span> <span class='ocrx_word' id='word_1_813' title='bbox 3001 4735 3290 4806; x_wconf 90' lang='lat' dir='ltr'><strong>loquamini</strong></span> <span class='ocrx_word' id='word_1_814' title='bbox 3328 4752 3431 4792; x_wconf 92' lang='lat' dir='ltr'><strong>no-</strong></span> 
     </span>
    </p>
   </div>
   <div class='ocr_carea' id='block_1_107' title="bbox 1853 4828 3430 4901">
    <p class='ocr_par' dir='ltr' id='par_1_107' title="bbox 1853 4828 3430 4901">
     <span class='ocr_line' id='line_1_107' title="bbox 1853 4828 3430 4901; baseline -0.004 -12"><span class='ocrx_word' id='word_1_815' title='bbox 1853 4834 1940 4890; x_wconf 90' lang='lat' dir='ltr'><strong>bis</strong></span> <span class='ocrx_word' id='word_1_816' title='bbox 1969 4853 1982 4889; x_wconf 91' lang='lat'><strong>:</strong></span> <span class='ocrx_word' id='word_1_817' title='bbox 2017 4838 2112 4888; x_wconf 88' lang='lat' dir='ltr'><strong>sed</strong></span> <span class='ocrx_word' id='word_1_818' title='bbox 2139 4831 2626 4901; x_wconf 84' lang='lat' dir='ltr'><strong>nubis,loquimini,</strong></span> <span class='ocrx_word' id='word_1_819' title='bbox 2659 4837 2716 4885; x_wconf 91' lang='lat' dir='ltr'><strong>et</strong></span> <span class='ocrx_word' id='word_1_820' title='bbox 2739 4829 3061 4884; x_wconf 90' lang='lat' dir='ltr'><strong>annuntiate</strong></span> <span class='ocrx_word' id='word_1_821' title='bbox 3083 4828 3239 4884; x_wconf 86' lang='lat' dir='ltr'><strong>nobis</strong></span> <span class='ocrx_word' id='word_1_822' title='bbox 3265 4829 3430 4883; x_wconf 92' lang='lat' dir='ltr'><strong>alium</strong></span> 
     </span>
    </p>
   </div>
   <div class='ocr_carea' id='block_1_108' title="bbox 1854 4921 3430 4984">
    <p class='ocr_par' dir='ltr' id='par_1_108' title="bbox 1854 4921 3430 4984">
     <span class='ocr_line' id='line_1_108' title="bbox 1854 4921 3430 4984; baseline -0.004 -1"><span class='ocrx_word' id='word_1_823' title='bbox 1854 4942 2095 4984; x_wconf 88' lang='lat' dir='ltr'><strong>errorem</strong></span> <span class='ocrx_word' id='word_1_824' title='bbox 2139 4943 2154 4981; x_wconf 89' lang='lat'><strong>:</strong></span> <span class='ocrx_word' id='word_1_825' title='bbox 2193 4935 2248 4979; x_wconf 88' lang='lat' dir='ltr'><strong>et</strong></span> <span class='ocrx_word' id='word_1_826' title='bbox 2293 4925 2523 4980; x_wconf 86' lang='lat' dir='ltr'><strong>avertite</strong></span> <span class='ocrx_word' id='word_1_827' title='bbox 2575 4939 2675 4978; x_wconf 88' lang='lat' dir='ltr'><strong>nos</strong></span> <span class='ocrx_word' id='word_1_828' title='bbox 2722 4923 2790 4978; x_wconf 88' lang='lat' dir='ltr'><strong>ab</strong></span> <span class='ocrx_word' id='word_1_829' title='bbox 2842 4925 2944 4978; x_wconf 89' lang='lat' dir='ltr'><strong>hac</strong></span> <span class='ocrx_word' id='word_1_830' title='bbox 2994 4923 3100 4978; x_wconf 90' lang='lat' dir='ltr'><strong>via.</strong></span> <span class='ocrx_word' id='word_1_831' title='bbox 3137 4921 3361 4977; x_wconf 87' lang='lat' dir='ltr'><strong>Auferte</strong></span> <span class='ocrx_word' id='word_1_832' title='bbox 3399 4939 3430 4976; x_wconf 90' lang='lat' dir='ltr'><strong>a</strong></span> 
     </span>
    </p>
   </div>
   <div class='ocr_carea' id='block_1_109' title="bbox 1855 5014 3428 5082">
    <p class='ocr_par' dir='ltr' id='par_1_109' title="bbox 1855 5014 3428 5082">
     <span class='ocr_line' id='line_1_109' title="bbox 1855 5014 3428 5082; baseline -0.006 -6"><span class='ocrx_word' id='word_1_833' title='bbox 1855 5019 2013 5076; x_wconf 90' lang='lat' dir='ltr'><strong>nobis</strong></span> <span class='ocrx_word' id='word_1_834' title='bbox 2041 5019 2294 5074; x_wconf 87' lang='lat' dir='ltr'><strong>semitam</strong></span> <span class='ocrx_word' id='word_1_835' title='bbox 2341 5017 2485 5072; x_wconf 87' lang='lat' dir='ltr'><strong>hanc</strong></span> <span class='ocrx_word' id='word_1_836' title='bbox 2511 5055 2526 5082; x_wconf 95' lang='lat'><strong>,</strong></span> <span class='ocrx_word' id='word_1_837' title='bbox 2553 5025 2609 5071; x_wconf 89' lang='lat' dir='ltr'><strong>et</strong></span> <span class='ocrx_word' id='word_1_838' title='bbox 2652 5015 2863 5070; x_wconf 89' lang='lat' dir='ltr'><strong>auferte</strong></span> <span class='ocrx_word' id='word_1_839' title='bbox 2892 5031 2920 5069; x_wconf 91' lang='lat' dir='ltr'><strong>a</strong></span> <span class='ocrx_word' id='word_1_840' title='bbox 2965 5015 3122 5070; x_wconf 90' lang='lat' dir='ltr'><strong>nobis</strong></span> <span class='ocrx_word' id='word_1_841' title='bbox 3150 5014 3428 5068; x_wconf 84' lang='lat' dir='ltr'><strong>oraculum</strong></span> 
     </span>
    </p>
   </div>
   <div class='ocr_carea' id='block_1_110' title="bbox 1853 5105 3432 5178">
    <p class='ocr_par' dir='ltr' id='par_1_110' title="bbox 1853 5105 3432 5178">
     <span class='ocr_line' id='line_1_110' title="bbox 1853 5105 3432 5178; baseline -0.004 -12"><span class='ocrx_word' id='word_1_842' title='bbox 1853 5110 2043 5166; x_wconf 87' lang='lat' dir='ltr'><strong>Israel.</strong></span> <span class='ocrx_word' id='word_1_843' title='bbox 2085 5128 2104 5162; x_wconf 73' lang='grc' dir='ltr'><strong>ι</strong></span> <span class='ocrx_word' id='word_1_844' title='bbox 2140 5108 2264 5162; x_wconf 67' lang='lat' dir='ltr'><strong>llaec</strong></span> <span class='ocrx_word' id='word_1_845' title='bbox 2299 5109 2500 5178; x_wconf 89' lang='lat' dir='ltr'><strong>quippe</strong></span> <span class='ocrx_word' id='word_1_846' title='bbox 2533 5107 2820 5172; x_wconf 66' lang='lat' dir='ltr'><strong>Jeremiai,</strong></span> <span class='ocrx_word' id='word_1_847' title='bbox 2855 5115 2912 5161; x_wconf 90' lang='lat' dir='ltr'><strong>et</strong></span> <span class='ocrx_word' id='word_1_848' title='bbox 2962 5107 3114 5176; x_wconf 88' lang='lat' dir='ltr'><strong>paria</strong></span> <span class='ocrx_word' id='word_1_849' title='bbox 3171 5119 3296 5160; x_wconf 90' lang='lat' dir='ltr'><strong>cum</strong></span> <span class='ocrx_word' id='word_1_850' title='bbox 3337 5105 3432 5159; x_wconf 88' lang='lat' dir='ltr'><strong>illo</strong></span> 
     </span>
    </p>
   </div>
   <div class='ocr_carea' id='block_1_111' title="bbox 1855 5198 3431 5268">
    <p class='ocr_par' dir='ltr' id='par_1_111' title="bbox 1855 5198 3431 5268">
     <span class='ocr_line' id='line_1_111' title="bbox 1855 5198 3431 5268; baseline -0.003 -11"><span class='ocrx_word' id='word_1_851' title='bbox 1855 5201 2216 5259; x_wconf 87' lang='lat' dir='ltr'><strong>sentientibus</strong></span> <span class='ocrx_word' id='word_1_852' title='bbox 2253 5199 2528 5265; x_wconf 84' lang='lat' dir='ltr'><strong>dicebant,</strong></span> <span class='ocrx_word' id='word_1_853' title='bbox 2564 5199 2654 5268; x_wconf 89' lang='lat' dir='ltr'><strong>qui</strong></span> <span class='ocrx_word' id='word_1_854' title='bbox 2688 5213 2877 5253; x_wconf 86' lang='lat' dir='ltr'><strong>eorum</strong></span> <span class='ocrx_word' id='word_1_855' title='bbox 2906 5198 3130 5252; x_wconf 92' lang='lat' dir='ltr'><strong>vocibus</strong></span> <span class='ocrx_word' id='word_1_856' title='bbox 3170 5211 3276 5251; x_wconf 92' lang='lat' dir='ltr'><strong>non</strong></span> <span class='ocrx_word' id='word_1_857' title='bbox 3310 5213 3431 5252; x_wconf 89' lang='lat' dir='ltr'><strong>cre-</strong></span> 
     </span>
    </p>
   </div>
   <div class='ocr_carea' id='block_1_112' title="bbox 1853 5297 3431 5447">
    <p class='ocr_par' dir='ltr' id='par_1_112' title="bbox 1853 5297 3431 5447">
     <span class='ocr_line' id='line_1_112' title="bbox 1853 5297 3431 5447; baseline -0.002 -8"><span class='ocrx_word' id='word_1_858' title='bbox 1853 5297 2088 5439; x_wconf 39' lang='lat' dir='ltr'><strong>detinui.</strong></span> <span class='ocrx_word' id='word_1_859' title='bbox 2116 5383 2300 5438; x_wconf 74' lang='grc'><strong>12-16.</strong></span> <span class='ocrx_word' id='word_1_860' title='bbox 2345 5406 2365 5435; x_wconf 72' lang='grc' dir='ltr'><strong>ι</strong></span> <span class='ocrx_word' id='word_1_861' title='bbox 2407 5382 2532 5440; x_wconf 89' lang='lat' dir='ltr'><strong>Ideo</strong></span> <span class='ocrx_word' id='word_1_862' title='bbox 2563 5383 2679 5436; x_wconf 86' lang='lat' dir='ltr'><strong>haec</strong></span> <span class='ocrx_word' id='word_1_863' title='bbox 2709 5382 2840 5436; x_wconf 91' lang='lat' dir='ltr'><strong>dicit</strong></span> <span class='ocrx_word' id='word_1_864' title='bbox 2869 5383 3152 5447; x_wconf 84' lang='lat' dir='ltr'><strong>Dominus,</strong></span> <span class='ocrx_word' id='word_1_865' title='bbox 3196 5381 3431 5436; x_wconf 89' lang='lat' dir='ltr'><strong>Sanctus</strong></span> 
     </span>
    </p>
   </div>
   <div class='ocr_carea' id='block_1_113' title="bbox 1851 5474 3426 5545">
    <p class='ocr_par' dir='ltr' id='par_1_113' title="bbox 1851 5474 3426 5545">
     <span class='ocr_line' id='line_1_113' title="bbox 1851 5474 3426 5545; baseline -0.003 -11"><span class='ocrx_word' id='word_1_866' title='bbox 1851 5479 2228 5545; x_wconf 86' lang='lat' dir='ltr'><strong>lsrael:Quia</strong></span> <span class='ocrx_word' id='word_1_867' title='bbox 2278 5493 2384 5532; x_wconf 90' lang='lat' dir='ltr'><strong>non</strong></span> <span class='ocrx_word' id='word_1_868' title='bbox 2425 5475 2845 5545; x_wconf 88' lang='lat' dir='ltr'><strong>obtemperastis</strong></span> <span class='ocrx_word' id='word_1_869' title='bbox 2902 5474 2990 5528; x_wconf 91' lang='lat' dir='ltr'><strong>his</strong></span> <span class='ocrx_word' id='word_1_870' title='bbox 3058 5474 3426 5538; x_wconf 90' lang='lat' dir='ltr'><strong>sermonibus,</strong></span> 
     </span>
    </p>
   </div>
   <div class='ocr_carea' id='block_1_114' title="bbox 1853 5566 3432 5641">
    <p class='ocr_par' dir='ltr' id='par_1_114' title="bbox 1853 5566 3432 5641">
     <span class='ocr_line' id='line_1_114' title="bbox 1853 5566 3432 5641; baseline -0.006 -14"><span class='ocrx_word' id='word_1_871' title='bbox 1853 5572 1948 5627; x_wconf 89' lang='lat' dir='ltr'><strong>sed</strong></span> <span class='ocrx_word' id='word_1_872' title='bbox 1978 5571 2238 5641; x_wconf 86' lang='lat' dir='ltr'><strong>sperastis</strong></span> <span class='ocrx_word' id='word_1_873' title='bbox 2263 5571 2314 5624; x_wconf 90' lang='lat' dir='ltr'><strong>in</strong></span> <span class='ocrx_word' id='word_1_874' title='bbox 2344 5569 2629 5624; x_wconf 88' lang='lat' dir='ltr'><strong>mendacio</strong></span> <span class='ocrx_word' id='word_1_875' title='bbox 2653 5607 2668 5632; x_wconf 93' lang='lat'><strong>,</strong></span> <span class='ocrx_word' id='word_1_876' title='bbox 2704 5579 2759 5624; x_wconf 82' lang='lat' dir='ltr'><strong>et</strong></span> <span class='ocrx_word' id='word_1_877' title='bbox 2803 5566 2929 5636; x_wconf 89' lang='lat' dir='ltr'><strong>quia</strong></span> <span class='ocrx_word' id='word_1_878' title='bbox 2960 5567 3344 5630; x_wconf 88' lang='lat' dir='ltr'><strong>murmurasti,</strong></span> <span class='ocrx_word' id='word_1_879' title='bbox 3375 5576 3432 5619; x_wconf 88' lang='lat' dir='ltr'><strong>et</strong></span> 
     </span>
    </p>
   </div>
   <div class='ocr_carea' id='block_1_115' title="bbox 1852 5657 3428 5728">
    <p class='ocr_par' dir='ltr' id='par_1_115' title="bbox 1852 5657 3428 5728">
     <span class='ocr_line' id='line_1_115' title="bbox 1852 5657 3428 5728; baseline -0.006 -9"><span class='ocrx_word' id='word_1_880' title='bbox 1852 5663 2128 5719; x_wconf 86' lang='lat' dir='ltr'><strong>credidisti</strong></span> <span class='ocrx_word' id='word_1_881' title='bbox 2160 5663 2398 5717; x_wconf 90' lang='lat' dir='ltr'><strong>sermoni</strong></span> <span class='ocrx_word' id='word_1_882' title='bbox 2438 5662 2599 5728; x_wconf 86' lang='lat' dir='ltr'><strong>huic;</strong></span> <span class='ocrx_word' id='word_1_883' title='bbox 2649 5661 2852 5716; x_wconf 90' lang='lat' dir='ltr'><strong>idcirco</strong></span> <span class='ocrx_word' id='word_1_884' title='bbox 2893 5659 3001 5714; x_wconf 91' lang='lat' dir='ltr'><strong>erit</strong></span> <span class='ocrx_word' id='word_1_885' title='bbox 3033 5657 3189 5714; x_wconf 89' lang='lat' dir='ltr'><strong>vobis</strong></span> <span class='ocrx_word' id='word_1_886' title='bbox 3230 5671 3428 5727; x_wconf 84' lang='lat' dir='ltr'><strong>pecca-</strong></span> 
     </span>
    </p>
   </div>
   <div class='ocr_carea' id='block_1_116' title="bbox 1853 5751 3428 5823">
    <p class='ocr_par' dir='ltr' id='par_1_116' title="bbox 1853 5751 3428 5823">
     <span class='ocr_line' id='line_1_116' title="bbox 1853 5751 3428 5823; baseline -0.005 -14"><span class='ocrx_word' id='word_1_887' title='bbox 1853 5763 1966 5809; x_wconf 89' lang='lat' dir='ltr'><strong>tum</strong></span> <span class='ocrx_word' id='word_1_888' title='bbox 2003 5755 2106 5810; x_wconf 92' lang='lat' dir='ltr'><strong>hoc</strong></span> <span class='ocrx_word' id='word_1_889' title='bbox 2142 5753 2295 5823; x_wconf 88' lang='lat' dir='ltr'><strong>quasi</strong></span> <span class='ocrx_word' id='word_1_890' title='bbox 2335 5767 2524 5809; x_wconf 84' lang='lat' dir='ltr'><strong>murus</strong></span> <span class='ocrx_word' id='word_1_891' title='bbox 2561 5755 2762 5810; x_wconf 89' lang='lat' dir='ltr'><strong>cadens</strong></span> <span class='ocrx_word' id='word_1_892' title='bbox 2796 5753 2976 5808; x_wconf 83' lang='lat' dir='ltr'><strong>subito</strong></span> <span class='ocrx_word' id='word_1_893' title='bbox 3019 5751 3166 5806; x_wconf 86' lang='lat' dir='ltr'><strong>urbis</strong></span> <span class='ocrx_word' id='word_1_894' title='bbox 3209 5751 3428 5805; x_wconf 69' lang='lat' dir='ltr'><strong>munitae</strong></span> 
     </span>
    </p>
   </div>
   <div class='ocr_carea' id='block_1_117' title="bbox 1851 5842 3427 5931">
    <p class='ocr_par' dir='ltr' id='par_1_117' title="bbox 1851 5842 3427 5931">
     <span class='ocr_line' id='line_1_117' title="bbox 1851 5842 3427 5931; baseline -0.006 -26"><span class='ocrx_word' id='word_1_895' title='bbox 1851 5859 2193 5931; x_wconf 69' lang='lat' dir='ltr'><strong>expugnatae,</strong></span> <span class='ocrx_word' id='word_1_896' title='bbox 2217 5849 2369 5931; x_wconf 83' lang='lat' dir='ltr'><strong>cujus</strong></span> <span class='ocrx_word' id='word_1_897' title='bbox 2401 5849 2579 5907; x_wconf 84' lang='lat' dir='ltr'><strong>subito</strong></span> <span class='ocrx_word' id='word_1_898' title='bbox 2611 5850 2760 5909; x_wconf 85' lang='lat' dir='ltr'><strong>adest</strong></span> <span class='ocrx_word' id='word_1_899' title='bbox 2791 5848 2944 5905; x_wconf 84' lang='lat' dir='ltr'><strong>ruina</strong></span> <span class='ocrx_word' id='word_1_900' title='bbox 2983 5863 2996 5902; x_wconf 87' lang='lat'><strong>:</strong></span> <span class='ocrx_word' id='word_1_901' title='bbox 3046 5857 3099 5904; x_wconf 90' lang='lat' dir='ltr'><strong>et</strong></span> <span class='ocrx_word' id='word_1_902' title='bbox 3129 5847 3281 5903; x_wconf 89' lang='lat' dir='ltr'><strong>ruina</strong></span> <span class='ocrx_word' id='word_1_903' title='bbox 3313 5842 3427 5912; x_wconf 82' lang='lat' dir='ltr'><strong>ejus</strong></span> 
     </span>
    </p>
   </div>
  </div>
