3862 6210
391 349 500 405 307

1068 323 1336 405 mssa"
1373 343 1844 402 CESARIENSIS
1881 341 2032 402 opp.
2071 344 2250 400 psus
2287 343 2378 402 ιιι.
2420 375 2488 386 -
2526 343 2942 401 EXEGETICA.

3551 345 3654 402 508

389 468 495 522 erit
522 463 677 534 quasi
735 462 989 520 contritio
1028 464 1174 520 vasis
1227 465 1448 520 testacei
1495 480 1560 520 ex
1604 463 1844 532 officina,
1896 465 1966 518 ita

2098 467 2276 537 ιτῶμα
2306 466 2476 537 αὐτῆς
2501 466 2651 520 ἔσται
2680 468 2756 530 ὡς
2806 466 3118 536 σύντριμμα
3153 465 3374 534 ἀγγείου
3397 466 3653 539 ὀστρακί-

389 557 705 614 comminuti
770 566 828 612 ut
881 573 988 612 non
1055 556 1367 613 inveniatur
1415 559 1467 612 in
1507 557 1589 612 eis
1643 567 1817 622 testa,
1864 573 1971 627 qua

389 651 571 717 ignem
600 650 766 716 feras,
790 660 848 705 et
875 650 1094 722 paulum
1125 667 1284 720 aqua:
1313 652 1556 705 haurias.
1592 651 1684 705 Sic
1705 651 1841 705 dicit
1869 649 1973 704 Do-

388 742 570 797 minus
609 741 888 807 Dominus,
919 743 1153 798 Sauctus
1180 741 1347 798 Israel
1375 760 1389 796 :
1417 741 1552 798 Cum
1607 756 1858 796 reversus
1899 741 1974 795 in-

388 834 679 902 gemueris,
713 841 843 889 tunc
871 833 1052 888 salvus
1068 834 1205 898 eris,
1234 843 1292 888 et
1331 833 1472 888 scies
1493 832 1581 887 ubi
1611 830 1804 894 fueris,
1841 845 1964 885 cum

391 923 703 980 confidebas
735 939 900 993 super
945 925 1098 978 vanis
1141 939 1154 976 :
1199 938 1336 977 vana
1385 923 1523 978 facta
1573 930 1660 976 est
1706 921 1971 976 fortitudo

392 1028 594 1087 vestra,
627 1028 682 1074 et
703 1019 951 1075 noluistis
973 1019 1194 1085 audire;
1221 1019 1317 1074 sed
1335 1017 1570 1081 dixistis,
1597 1015 1766 1087 Equis
1789 1015 1973 1085 fugie-

393 1125 558 1166 mus:
607 1121 892 1181 propterea
930 1109 1193 1180 fugietis:
1239 1121 1296 1166 et
1338 1108 1614 1166 velocibus
1659 1107 1973 1164 cursoribus

394 1203 768 1258 insidehimus.
812 1222 830 1255 ι
863 1202 1106 1273 Fugietis
1135 1202 1390 1274 quidem;
1440 1202 1534 1258 sed
1584 1215 1692 1272 quo
1738 1199 1976 1270 effugere

399 1295 653 1352 valebitis
695 1294 1120 1366 Babyloniorum
1163 1309 1415 1358 manum,
1463 1307 1584 1364 quae
1634 1307 1728 1347 vos
1781 1306 1976 1362 appre-

399 1385 602 1440 liendet
627 1393 682 1440 et
703 1384 757 1440 in
784 1399 845 1440 se
867 1384 1170 1440 detinebit?
1205 1402 1224 1436 ι
1253 1382 1548 1455 Propterea
1580 1380 1786 1437 celeres
1815 1390 1978 1437 erunt

397 1476 495 1546 qui
526 1485 924 1548 persequentur
950 1489 1069 1531 vos.
1104 1493 1124 1526 ι

475 1655 769 1727 V239,”.
807 1674 825 1707 ι
861 1654 942 1710 Ad
971 1669 1161 1710 vocem
1185 1653 1347 1709 unius
1376 1652 1584 1722 fugient
1617 1652 1797 1718 mille,
1831 1662 1885 1708 et
1908 1654 1976 1709 ad

401 1763 591 1805 vocem
621 1747 862 1817 quinque
898 1746 1104 1818 fugient
1134 1744 1289 1800 multi
1328 1763 1342 1800 :
1373 1745 1548 1799 donec
1591 1743 1975 1812 relinquamini

2073 577 2165 612 νου
2207 561 2270 612 ἐκ
2322 559 2590 629 κεραμίου
2619 559 2812 623 λεπτὰ,
2849 560 2990 613 ὥστε
3021 558 3096 629 μὴ
3130 559 3310 629 εὑρεῖν
3368 561 3429 612 ἐν
3475 560 3657 622 αὐτοῖς

2073 649 2361 719 ὄστρακον,
2393 649 2452 702 ἐν
2476 643 2520 715 ᾧ
2547 649 2658 719 πῦρ
2693 650 2866 720 ἀρεῖς,
2891 650 2984 702 καὶ
3016 649 3074 700 ἐν
3106 642 3152 716 ᾧ
3173 648 3488 717 ἀποσυριεῖς
3513 648 3658 718 ὕδωρ

2076 740 2291 813 μικρόν.
2347 740 2504 794 Οὕτω
2561 741 2706 810 λέγει
2758 743 2963 812 Κύριος
3003 740 3229 812 Κύριος,
3256 743 3286 795 6
3327 743 3518 810 ’Ἄγιος
3561 741 3659 794 τοῦ

2087 832 2304 903 Ἰσραήλ
2327 849 2341 862 ·
2367 833 2532 885 Ὅταν
2555 833 2923 903 ἀποστραφεὶς
2947 831 3226 903 στενάξῃς,
3259 831 3383 885 τότε
3413 831 3658 904 σωθήσῃ,

2073 927 2168 980 καὶ
2189 923 2373 997 γνώσῃ
2409 923 2513 978 ποῦ
2555 921 2719 996 ἦσθα,
2750 927 2839 978 ὅτε
2878 923 3189 986 ἐπεποίθεις
3225 925 3320 978 ἐπὶ
3383 929 3498 988 τοῖς
3557 943 3663 996 μα-

2072 1019 2247 1083 ταίοις
2265 1036 2278 1049 ·
2319 1018 2526 1090 ματαία
2547 1021 2579 1090 ἡ
2610 1019 2764 1088 ἰσχὺς
2785 1017 2941 1089 ὑμῶν
2969 1017 3201 1088 ἐγενήθη
3221 1035 3235 1048 ·
3250 1018 3347 1071 καὶ
3369 1018 3471 1071 ούκ
3498 1017 3663 1088 b.606-

2073 1108 2231 1162 λεσθε
2249 1109 2468 1162 ἀκούειν
2491 1125 2504 1138 ο
2538 1106 2651 1161 ἀλλ’
2687 1106 2911 1173 εἴπατε,
2958 1107 3073 1176 Ἐφ’
3102 1106 3286 1160 ἵππων
3315 1106 3624 1178 φευξόμεθα
3645 1125 3662 1138 ·

2073 1200 2161 1255 διὰ
2202 1200 2362 1255 τοῦτο
2396 1199 2686 1270 φεύξεσθεο
2710 1201 2804 1254 καὶ
2836 1201 2929 1254 ἐπὶ
2967 1199 3192 1268 κούφοις
3213 1199 3512 1264 ἀναϐάταις
3545 1201 3666 1255 ἐσό-

2079 1296 2235 1367 μεθα.
2273 1315 2292 1348 ι
2317 1294 2580 1358 Φεύξεσθε
2618 1294 2716 1365 μέν
2740 1311 2753 1324 ·
2799 1294 2901 1348 ποῦ
2936 1294 3041 1364 μὴν
3060 1294 3342 1363 διαφυγεῖν
3369 1294 3665 1366 δυνήσεσθε

2075 1387 2174 1458 τὴν
2231 1387 2340 1440 τῶν
2372 1384 2728 1439 Βαϐυλωνίων
2784 1387 2962 1456 χεῖρα,
2997 1386 3454 1457 καταληψομένην
3493 1387 3666 1457 ύμᾶς,

2077 1479 2170 1532 καὶ
2208 1479 2264 1532 ἐν
2292 1478 2428 1548 αὐτῇ
2475 1477 2738 1546 ἕχουσαν;
2773 1496 2790 1528 ι
2830 1477 2930 1530 Διὰ
2957 1475 3114 1529 τοῦτο
3137 1475 3330 1546 κοῦφοι
3371 1476 3581 1532 ἔσονται
3616 1481 3667 1531 οἱ

2075 1570 2359 1634 διώκοντες
2390 1569 2552 1639 ὑμᾶς.
2598 1586 2618 1622 ι

2154 1681 2172 1711 ι
2211 1661 2384 1714 Χίλιοι
2423 1659 2514 1713 διὰ
2548 1658 2729 1730 φωνὴν
2757 1658 2874 1724 ἐνὸς
2905 1657 3211 1729 φεύξονται,
3239 1658 3334 1711 καὶ
3363 1655 3452 1712 διὰ
3483 1657 3671 1729 φωνὴν

2080 1756 2239 1808 πέντε
2257 1753 2540 1822 φεύξονται
2567 1753 2885 1816 πολλοὶ,ἓως
2909 1752 2974 1806 ἂν
2991 1751 3393 1822 καταλειφθῆτε
3416 1751 3493 1815 ὡς
3524 1751 3671 1815 ἱστὸς

402 1838 561 1907 quasi
594 1837 769 1893 malus
799 1838 949 1892 navis
980 1838 1035 1892 in
1065 1846 1274 1901 monte,
1296 1846 1351 1890 et
1375 1837 1529 1907 quasi
1555 1837 1771 1905 signqu
1798 1836 1980 1890 ferens

2098 1813 2470 1920 ;π’όρόυς,καὶ
2493 1847 2570 1909 ὡς
2585 1813 2822 1916 σημαίαν
2839 1813 3017 1917 φέρων
3047 1846 3139 1898 ἐπὶ
3167 1813 3377 1915 βουνοῦ.
3408 1863 3428 1895 ι
3458 1813 3672 1916 Ὥσπερ

403 1944 568 1998 super
584 1928 803 1984 collem.
843 1949 865 1982 ι
907 1928 1372 1996 Quemadmodum
1413 1928 1568 1984 navis
1601 1929 1652 1983 in
1682 1930 1815 1984 mari
1861 1945 1983 1998 per-

402 2020 530 2074 dita:
559 2034 623 2074 ac
649 2021 910 2074 demersae
951 2020 1163 2088 signum
1199 2029 1280 2075 est
1323 2019 1564 2074 malusin
1587 2022 1791 2076 vertice
1827 2035 1984 2076 mon-

406 2111 476 2166 tis
496 2111 729 2181 positus,
755 2112 898 2182 quod
928 2127 1033 2167 non
1067 2111 1206 2166 ultra
1249 2110 1344 2166 illo
1369 2111 1439 2166 sit
1464 2127 1638 2180 opus;
1664 2113 1738 2168 ita
1765 2112 1984 2183 conspi-

403 2216 564 2256 cuam
599 2199 714 2257 fore
764 2201 841 2257 ait
885 2210 1302 2258 memoratarum
1342 2203 1621 2258 hominum
1652 2203 1971 2273 perniciem.

404 2285 609 2343 Verum
640 2303 744 2344 non
772 2303 962 2345 omnes
992 2289 1235 2345 funditus
1273 2293 1544 2360 perituros
1577 2307 1697 2348 esse
1734 2293 1843 2360 ait;
1877 2293 1976 2348 sed

406 2380 668 2448 quosdam
701 2396 929 2436 numero
961 2396 1162 2451 paucos
1193 2382 1439 2438 relictum
1472 2383 1561 2449 iri,
1588 2399 1724 2450 quos
1750 2385 1979 2440 misera-

412 2481 503 2528 tus
531 2471 693 2540 Deus,
723 2473 902 2529 salvos
937 2472 1125 2542 faciet,
1151 2474 1221 2529 ob
1251 2473 1681 2530 misericordiam
1714 2475 1847 2545 ipsis
1882 2489 1983 2530 ex-

406 2565 641 2622 hibitam
669 2564 969 2621 laudandus
992 2565 1490 2631 accelebrandus:
1525 2565 1607 2621 sic
1646 2565 1792 2620 enim
1830 2565 1984 2619 illum

404 2655 608 2725 justum
650 2653 887 2724 iudicem
936 2670 1077 2723 esse,
1129 2665 1188 2710 ut
1222 2657 1413 2729 dignos
1454 2659 1673 2728 quidem
1720 2658 1988 2728 supplicio

410 2747 643 2820 plectat;
695 2763 790 2804 eos
845 2757 1062 2812 autem,
1105 2748 1196 2816 qui
1252 2751 1680 2804 misericordiam
1729 2751 1987 2821 consequi

411 2840 618 2906 valent,
651 2841 828 2896 salute
855 2841 1106 2912 dignetur
1135 2855 1251 2895 sua.
1279 2839 1458 2908 Quare
1487 2840 1563 2894 ait
1594 2857 1608 2893 :

485 2933 653 2988 Vsus.
678 2931 767 2989 18.
815 2950 834 2985 ι
869 2931 934 2986 Et
961 2947 1179 2986 rursum
1215 2942 1495 3002 exspectat
1527 2932 1668 2988 Deus
1689 2972 1705 2998 ,
1734 2941 1794 2987 ut
1833 2933 1994 2988 mise-

416 3035 607 3082 reatur
638 3027 804 3081 vestri
837 3043 853 3081 :
887 3035 942 3081 et
972 3034 1256 3096 propterea
1286 3027 1582 3081 extolletur
1603 3068 1618 3093 ,
1645 3035 1705 3082 ut
1727 3027 1994 3083 miserea-

2083 1943 2211 2013 νηὸς
2240 1938 2668 2011 παραπεσούσης
2695 1939 2789 1991 καὶ
2819 1937 3161 2008 ἀπολομένης
3205 1939 3262 1990 ἐν
3291 1936 3531 2010 θαλάττῃ
3567 1955 3672 2008 ση-

2087 2037 2236 2106 μεῖον
2263 2033 2522 2102 τυγχάνει
2552 2029 2836 2094 ἀποτεθεὶς
2866 2031 2952 2082 ἐπ’
2987 2029 3155 2099 ἄκρου
3185 2029 3342 2100 ὅρους
3377 2027 3542 2092 ίστὺς,
3573 2025 3672 2079 τοῦ

2088 2126 2282 2199 μηκέτι
2317 2122 2482 2178 αὐτοῦ
2529 2123 2718 2194 χρείαν
2767 2116 2936 2175 εἶναι’
2987 2119 3160 2183 οὕτως
3215 2120 3481 2190 ἐπίσημον
3505 2118 3674 2188 γενή-

2087 2218 2274 2272 σεσθαι
2299 2217 2396 2288 τὴν
2422 2215 2693 2270 ἀπώλειαν
2721 2214 2829 2266 τῶν
2851 2212 3194 2284 δηλουμένων
3210 2230 3224 2242 ·
3245 2211 3383 2282 πλὴν
3408 2211 3468 2264 ού
3491 2210 3673 2281 πάντη

2087 2314 2293 2376 πάντας
2314 2309 2628 2365 ἀπολεῖσθαί
2646 2325 2798 2378 φησι,
2826 2305 3341 2378 περιλειφθήσεσθαι
3360 2304 3416 2358 δὲ
3451 2303 3676 2375 βραχεῖς

2086 2423 2258 2468 τινας,
2287 2403 2381 2467 οὓς
2415 2403 2639 2475 ἐλεήσας
2669 2404 2698 2455 6
2716 2401 2976 2464 Θεὸς,κα“ι
3002 2395 3182 2452 οἶκτον
3215 2397 3396 2451 λαϐὼν
3418 2395 3676 2459 διασώζει

2085 2495 2470 2568 δοξαζόμενος,
2521 2496 2616 2549 καὶ
2652 2493 2956 2564 ύψούμενος
3016 2491 3105 2545 διὰ
3163 2490 3257 2544 τοῦ
3289 2489 3508 2560 ἐλεῆσαι
3573 2489 3678 2542 αύ-

2085 2589 2211 2654 τούς
2233 2607 2247 2622 ·
2279 2589 2421 2643 οὕτω
2443 2588 2550 2660 γὰρ
2579 2587 2740 2641 αὐτὸν
2778 2585 2969 2656 κριτὴν
2993 2584 3198 2638 δίκαιον
3227 2580 3387 2649 εἶναι,
3416 2583 3493 2646 ὼς
3547 2582 3681 2645 τοὺς

2092 2683 2189 2753 μὲν
2215 2681 2400 2747 ἀξίους
2439 2679 2711 2752 τιμωρίας
2743 2675 3015 2741 κολάζειν,
3064 2677 3191 2739 τοὺς
3235 2675 3295 2728 δὲ
3341 2673 3682 2745 δυναμένους

2089 2775 2241 2829 ἐλέου
2271 2776 2478 2844 τυχεῖν,
2509 2773 2610 2844 τῆς
2645 2773 2774 2844 παρ’
2807 2768 2974 2824 αὑτοῦ
3021 2766 3313 2832 καταξιοῦν
3377 2765 3677 2838 σωτηρίας.

2091 2865 2182 2920 Διό
2216 2882 2351 2937 φησι
2369 2881 2385 2895 ο

2167 2977 2187 3010 ι
2230 2959 2339 3012 Καὶ
2395 2955 2557 3010 πάλιν
2591 2955 2741 3027 μένει
2768 2955 2798 3008 6
2817 2955 2950 3018 Θεὸς
2975 2952 3070 3007 τοῦ
3101 2953 3440 3025 οίκτειρῆσαι
3487 2951 3636 3022 ὑμᾶς
3662 2967 3680 2984 ·

2094 3051 2188 3104 καὶ
2205 3048 2293 3103 διά
2327 3047 2485 3102 τοῦτο
2520 3047 2862 3118 ὑψωθήσεται
2893 3045 2990 3100 τοῦ
3045 3045 3267 3116 ἐλεῆσαι
3320 3044 3499 3115 ὑμᾶς’
3541 3041 3682 3097 διότι

419 3130 510 3174 tur
554 3119 722 3174 vestri
752 3136 768 3174 :
794 3119 1048 3190 quoniam
1089 3120 1260 3189 iudex
1304 3120 1566 3176 Dominus
1612 3121 1760 3177 Deus
1802 3122 1990 3176 vestri.

2098 3140 2288 3214 κριτὴς
2306 3142 2510 3214 Κύριος
2537 3140 2566 3192 ὁ
2603 3141 2736 3204 Θεὸς
2769 3139 2941 3210 ὑμῶν.
2969 3137 3245 3211 Μακάριοι
3273 3138 3322 3190 οῖ
3347 3135 3686 3206 ἐμμένοντες

415 3211 676 3282 Beatiqui
698 3220 914 3267 manent
951 3212 1004 3267 in
1026 3226 1113 3267 eo.
1146 3231 1166 3266 ι
1201 3209 1337 3266 Nam
1359 3227 1482 3267 cum
1507 3211 1690 3282 justus
1708 3213 1779 3268 sit
1801 3212 1990 3282 judex,

421 3304 618 3376 dignos
639 3303 858 3376 quidem
879 3303 1177 3374 captivitati
1209 3303 1430 3359 tradidit
1460 3319 1475 3357 :
1502 3317 1637 3373 quos
1674 3313 1855 3359 autem
1888 3305 1993 3358 mi-

418 3397 596 3453 serari
622 3411 725 3468 par
754 3404 896 3460 erat,
927 3410 1023 3452 eos
1047 3395 1226 3452 salvos
1263 3395 1397 3450 fecit
1425 3412 1439 3448 :
1469 3397 1614 3451 unde
1655 3397 1874 3452 beatum
1911 3405 1996 3452 est

418 3489 477 3546 in
504 3489 879 3553 illomanere;
915 3487 1031 3543 sive
1061 3499 1120 3543 ut
1148 3487 1511 3559 Symmachus
1532 3488 1720 3553 edidit,
1759 3506 1779 3541 ι
1817 3488 1994 3559 ipsum

418 3582 710 3638 sustinere.
748 3599 769 3634 ι
821 3580 1254 3637 Consentaneum
1304 3580 1504 3651 quippe
1565 3588 1649 3634 est
1702 3579 1995 3635 stationem

421 3689 532 3729 non
556 3675 834 3740 deserere,
862 3688 963 3730 nec
983 3673 1052 3729 de
1088 3671 1290 3728 auxilio
1322 3671 1416 3728 Dei
1443 3673 1737 3742 desperare
1765 3672 1818 3726 in
1848 3674 1998 3727 cata.

416 3768 700 3824 mitatibus
753 3767 1186 3822 occurrentibus.
1231 3765 1302 3822 Ut
1331 3766 1516 3836 justus
1561 3767 1747 3836 itaque
1801 3766 1994 3836 judex,

421 3867 480 3914 et
501 3868 684 3930 utpote
705 3860 904 3923 bonus,
940 3858 1319 3923 miserebitur;
1355 3859 1434 3912 ita
1454 3867 1514 3913 ut
1543 3858 1672 3913 Sion
1699 3866 1754 3912 et
1781 3856 2000 3912 Jerusa-

423 3949 532 4006 lem
567 3951 746 4007 denuo
779 3951 1135 4017 aedificentur,
1177 3959 1232 4006 et
1266 3949 1323 4004 in
1370 3950 1463 4005 illa
1509 3965 1727 4006 rursum
1769 3950 2001 4020 populus

428 4041 658 4097 habitet.
701 4100 707 4105 ,

379 4200 389 4208 .
503 4130 662 4188 νκκεο
695 4133 783 4189 ¹9ι
825 4134 1085 4200 QuOIliam
1110 4135 1336 4206 populus
1369 4143 1595 4191 sanctus
1623 4136 1679 4192 in
1719 4137 1848 4193 Sion
1900 4137 2003 4192 ha-

428 4225 641 4292 bitabit,
663 4234 718 4282 et
732 4225 1030 4281 Jerusalem
1051 4225 1178 4282 ﬂetu
1207 4243 1311 4282 non
1338 4226 1507 4284 ﬂevit.
1557 4227 1820 4284 Miserere
1850 4228 1953 4282 mei
1986 4246 2000 4282 :

419 4319 775 4375 miserebitur
800 4319 899 4374 tui.
933 4316 1134 4375 Vocem
1182 4320 1441 4376 clamoris
1469 4323 1546 4375 tui
1581 4321 1802 4390 quando
1851 4319 2001 4387 vidit,

425 4409 705 4466 exaudivit
732 4418 803 4464 te.
843 4429 862 4463 ι
898 4410 973 4465 Ita
999 4411 1142 4464 enim
1167 4411 1433 4466 Hebraica
1459 4411 1618 4468 lectio
1653 4412 2001 4469 circumfert:

2095 3232 2154 3285 ἐν
2180 3231 2348 3302 αὐτῷ.
2385 3252 2404 3284 ι
2431 3230 2649 3293 Δίκαιος
2676 3228 2785 3300 γὰρ
2817 3227 2893 3282 ὢν
2950 3227 3164 3300 κριτὴς,
3193 3226 3320 3289 τοὺς
3349 3227 3447 3296 μὲν
3493 3223 3682 3289 ἀξίους

2096 3323 2441 3395 αἰχμαλωσίᾳ
2463 3321 2744 3394 παρεδίδου
2760 3339 2775 3351 ·
2809 3320 2902 3384 οὒς
2924 3320 2980 3374 δὲ
3005 3319 3210 3373 δίκαιον
3226 3317 3416 3381 ἐλεεῖν,
3443 3315 3648 3382 ἔσωζεν
3662 3333 3684 3347 ο

2096 3413 2220 3467 ὅθεν
2255 3412 2351 3465 καὶ
2382 3411 2649 3484 μακάριόν
2679 3413 2795 3464 ἐστι
2817 3411 2876 3464 τὸ
2895 3410 3154 3481 ἐμμένειν
3184 3409 3243 3461 ἐν
3265 3406 3442 3478 αὐτῷ·
3469 3406 3505 3478 ἢ
3539 3405 3692 3461 κατά

2097 3495 2188 3558 τὸν
2213 3503 2524 3574 Σύμμαχον,
2565 3522 2583 3555 ι
2625 3502 2916 3573 ὑπομένειν
2948 3500 3130 3554 αὐτόν.
3175 3519 3194 3552 ι
3227 3500 3409 3553 Καλὸν
3451 3498 3561 3570 γὰρ
3621 3499 3690 3552 τὸ

2101 3597 2176 3670 μὴ
2204 3597 2597 3658 λειποτακτεῖν,
2631 3596 2724 3649 καὶ
2754 3595 2826 3666 μὴ
2860 3593 3260 3662 ἀπογινώσκειν
3291 3593 3392 3665 τὴν
3419 3592 3514 3646 τοῦ
3543 3591 3689 3646 Θεοῦ

2101 3685 2355 3759 βοήθειαν
2393 3688 2450 3740 ἐν
2497 3689 2618 3750 ταῖς
2650 3684 3191 3756 καταλαμϐανούσαις
3221 3686 3547 3755 συμφοραῖς.
3595 3682 3690 3747 Ὠς

2099 3780 2306 3844 δίκαιος
2348 3779 2631 3852 τοιγαροῦν
2673 3777 2884 3849 κριτὴς,
2936 3776 3030 3830 καὶ
3057 3776 3135 3840 ὡς
3169 3776 3372 3844 ἀγαθὸς
3418 3776 3581 3829 πάλιν
3608 3777 3693 3828 οῖ-

2101 3875 2379 3944 κτειρήσει
2401 3889 2415 3902 ⁸
2449 3872 2524 3936 ὡς
2553 3857 2650 3942 τὴν
2683 3868 2820 3924 Σιὼν
2847 3869 2942 3922 καὶ
2979 3869 3077 3940 τὴν
3120 3868 3476 3941 Ἰερουσαλὴμ
3504 3867 3694 3920 δεύτε-

2106 3981 2196 4036 ρον
2249 3961 2706 4035 οἰκοδομηθῆναι,
2748 3962 2843 4016 καὶ⁸
2872 3957 3029 4025 αὖθις
3068 3961 3127 4013 ἐν
3178 3959 3314 4032 αὐτῇ
3358 3959 3692 4030 κατοικῆσαι

2103 4051 2252 4105 λαόν.

2175 4163 2194 4195 ι
2229 4143 2372 4197 Διότι
2401 4143 2527 4207 λαὸς
2550 4143 2705 4212 ἅγιος
2735 4143 2794 4196 ἐν
2853 4143 2993 4198 Σιὼν
3016 4143 3252 4214 οἰκήσει,
3282 4142 3378 4196 καὶ
3414 4143 3693 4214 Ἰερουσαο

2103 4235 2216 4307 λὴμ
2254 4235 2515 4307 κλαυθμῷ
2539 4237 2642 4289 οὐκ
2685 4235 2970 4291 ἔκλαυσεν.
3015 4236 3267 4308 Ἐλέησόν
3320 4252 3420 4306 με’
3473 4235 3696 4306 ἐλεήσει

2106 4342 2186 4378 σε.
2214 4325 2324 4397 Τὴν
2349 4326 2530 4396 φωνὴν
2564 4325 2664 4394 τῆς
2713 4323 2965 4395 κραυγῆς
3003 4342 3096 4379 σου
3127 4325 3292 4396 ἡνίκα
3357 4318 3518 4388 εἶδεν,
3586 4325 3695 4375 ἐπ-

2105 4416 2306 4487 ήκουσέ
2331 4433 2444 4469 σου.
2483 4434 2501 4466 ι
2556 4414 2712 4468 οὕτω
2735 4413 2845 4486 γὰρ
2874 4416 3116 4488 περιέχει
3141 4417 3174 4486 ἡ
3219 4415 3480 4486 Ἐὅραῖκὴ
3507 4413 3654 4480 λέξις
3677 4433 3693 4444 ·

423 4519 594 4572 quare
621 4505 979 4577 Symmachus
1005 4505 1086 4560 sic
1111 4505 1293 4570 habet,
1335 4525 1354 4558 ι
1381 4506 1706 4571 Jerusalem,
1739 4506 1863 4562 ﬂetu
1901 4521 1988 4559 no:

2109 4505 2191 4559 διὸ
2237 4504 2377 4558 κατά
2413 4504 2507 4558 τὸν
2565 4503 2864 4575 Σύμμαχον
2925 4505 3172 4575 εἴρηταιο
3234 4522 3253 4555 ι
3300 4500 3697 4575 Ἰερουσαλὴμ,

427 4597 617 4661 ﬂebis;
647 4616 666 4650 ι
699 4598 997 4653 TheodOIio
1020 4598 1294 4664 similiter,
1320 4618 1338 4650 ι
1366 4600 1423 4652 ln
1443 4598 1877 4654 Jerusalemﬂetu
1905 4615 2010 4652 non

428 4691 664 4746 ﬂebitur.
693 4709 712 4742 ρ
755 4689 1037 4758 Siquidem
1096 4705 1203 4744 non
1253 4690 1414 4745 ﬂendi
1457 4699 1666 4759 tempus
1710 4691 1896 4744 aderat
1943 4690 2010 4743 iis

429 4783 521 4852 qui
549 4799 615 4838 ex
635 4782 1008 4838 misericordia
1031 4781 1421 4851 Deipaternum
1445 4783 1620 4839 solum
1644 4781 2008 4852 repetierant;

429 4877 636 4945 quique
665 4890 726 4930 ea
750 4876 816 4940 de
836 4875 1326 4945 causaqgaudehant
1350 4885 1411 4931 et
1451 4875 1802 4938 laetabantur,
1835 4882 1896 4927 ut
1929 4874 2012 4928 di-

431 4970 608 5023 citur:
634 4985 655 5019 ι
688 4967 985 5030 Venientes
1029 4978 1212 5023 autem
1258 4969 1481 5024 venient
1524 4970 1577 5023 in
1626 4968 2006 5033 exsultatione,

433 5069 712 5129 portantes
738 5060 1040 5138 manipulos
1064 5076 1192 5116 suos
1218 5062 1285 5116 ³⁸.
1328 5082 1346 5114 ι
1381 5061 1613 5115 Sanctos
1662 5075 1823 5129 porro
1853 5069 2008 5114 vocat

432 5169 530 5207 cos
557 5154 649 5222 qui
717 5154 1037 5222 pmnitentia
1083 5154 1429 5209 sanctitatem
1479 5155 1580 5208 sibi
1623 5161 2005 5223 procurarunt.

435 5245 865 5316 Hierosolymam
900 5263 1026 5301 vero
1063 5246 1279 5302 ﬂentem
1302 5247 1513 5302 inducit
1542 5248 1825 5318 propheta,
1865 5247 2007 5314 quod

435 5337 916 5392 commiseratione
951 5345 1128 5392 motus
1159 5337 1323 5392 talem
1364 5338 1509 5392 illam
1537 5352 1656 5393 esse
1692 5339 1792 5392 sibi
1827 5345 2008 5391 mente

434 5426 770 5482 formaverit.
811 5427 916 5483 Pro
965 5429 1054 5483 illo
1091 5438 1292 5498 autem,
1349 5450 1367 5482 ι
1411 5433 1606 5487 Vocem
1647 5431 1897 5486 clamoris
1933 5430 2008 5484 tui

435 5521 652 5586 quando
677 5520 831 5585 vidit,
857 5523 1136 5576 exaudivit
1165 5532 1238 5588 te,
1273 5542 1293 5576 ι
1339 5522 1699 5593 Symmachus
1723 5522 1821 5585 ait,
1857 5539 1876 5572 ι
1903 5521 2008 5576 Vo-

437 5627 554 5666 cem
587 5612 843 5669 clamoris
871 5616 971 5681 tui,
1000 5616 1140 5671 sicut
1177 5616 1423 5674 auditum
1450 5615 1637 5682 fuerit,
1675 5615 1858 5670 audiet
1884 5623 1953 5668 le.
1989 5636 2004 5666 ι

509 5791 551 5827 ³⁸
583 5789 726 5848 Psal.
753 5805 916 5858 cxxv,
943 5793 995 5848 ι.

2114 4597 2386 4668 κλαυθμὸν
2407 4597 2466 4649 ού
2493 4596 2747 4660 κλαύσεις
2767 4613 2780 4626 ·
2816 4617 2836 4649 ι
2862 4595 3064 4666 ὁμοίως
3081 4596 3138 4649 δὲ
3166 4595 3260 4648 καὶ
3281 4593 3422 4648 κατὰ
3444 4593 3538 4646 τὸν
3563 4592 3702 4645 Θεο-
3818 4610 3823 4618 ·

2111 4689 2337 4743 δοτίωνα
2379 4688 2621 4759 εἴρηταιο
2671 4707 2691 4740 ι
2746 4689 2834 4741 Ἐν
2892 4686 3242 4758 Ἰερουσαλὴμ
3299 4683 3575 4755 κλαυθμὸς
3629 4685 3701 4737 οὐ

2113 4781 2533 4851 κλαυσθήσεται.
2561 4800 2577 4831 ι
2614 4780 2810 4836 Οὐκέτι
2832 4778 2940 4850 γὰρ
2959 4774 3028 4850 ἦν
3063 4779 3254 4850 καιρὸς
3268 4775 3550 4848 κλαυθμοῦ
3581 4779 3701 4839 τοῖς

2111 4873 2198 4927 διὰ
2225 4874 2315 4927 τὸν
2338 4872 2483 4926 ἔλεον
2504 4872 2600 4925 τοῦ
2629 4871 2762 4926 Θεοῦ
2797 4872 3128 4928 ἀπολαϐοῦσι
3165 4871 3225 4923 τὸ
3268 4869 3521 4940 πατρῷον
3575 4869 3703 4921 ἔδα-

2113 4984 2230 5036 φος,
2261 4966 2352 5019 καὶ
2377 4965 2470 5018 ért‘t
2487 4964 2660 5034 τούτῳ
2675 4965 2924 5036 χαίρουσι
2951 4965 3045 5018 καὶ
3070 4964 3535 5034 εὐφραινομένους,
3554 4961 3702 5014 κατὰ

2111 5058 2173 5111 τὸ
2199 5057 2483 5129 εἰρημένον
2501 5073 2514 5087 ⁸
2541 5075 2559 5107 ι
2607 5057 2916 5128 Ἐρχόμενοι
2940 5057 2997 5110 δὲ
3017 5057 3236 5128 ἥξουσιν
3261 5057 3319 5109 ἐν
3351 5055 3700 5124 ἀγαλλιάσει,

2115 5149 2358 5220 αἴροντες
2404 5149 2471 5203 τὰ
2503 5149 2795 5220 δράγματα
2856 5149 3056 5204 αὐτῶν.
3103 5169 3121 5200 ι
3166 5149 3381 5218 ’Λγίους
3428 5147 3486 5201 δὲ
3542 5148 3704 5200 καλεῖ

2115 5243 2242 5305 τοὺς
2264 5241 2352 5295 διὰ
2388 5242 2487 5312 τῆς
2523 5239 2811 5311 μετανοίας
2865 5240 2956 5294 τὸν
3004 5242 3273 5311 ἁγιασμὸν
3316 5237 3701 5308 ἐφελκυσαμέ-

2116 5351 2260 5397 νους.
2302 5333 2605 5391 Κλαίουσαν
2637 5335 2693 5388 δὲ
2719 5336 2820 5406 τὴν
2863 5333 3214 5405 Ἰερουσαλὴμ
3241 5330 3450 5398 εἰσάγει
3480 5331 3510 5382 ὀ
3561 5347 3702 5401 προ-

2119 5425 2294 5494 φήτης
2320 5466 2334 5489 ,
2392 5426 2789 5498 προανατυπῶν
2843 5425 3014 5497 αὐτὴν
3075 5422 3329 5493 τοιαύτην
3379 5421 3525 5475 κατὰ
3575 5420 3705 5474 νοῦν

2119 5518 2308 5570 ἑαυτοῦ
2327 5521 2439 5581 τοῖς
2465 5518 2564 5589 τῆς
2591 5518 2933 5589 συμπαθείας
2965 5517 3305 5585 σπλάγχνοις.
3324 5514 3472 5567 Ἀντὶ
3493 5514 3551 5566 δὲ
3579 5511 3700 5568 τοῦ.

2119 5629 2135 5662 ι
2176 5610 2285 5683 Τὴν
2309 5611 2492 5682 φωνὴν
2513 5611 2614 5683 τῆς
2648 5610 2893 5684 κραυγῆς
2938 5626 3031 5663 σου
3066 5607 3226 5678 ἡνίκα
3253 5601 3390 5660 εἶδεν
3409 5646 3423 5672 ,
3453 5605 3694 5676 ἐπήκου-
