3862 6210
192 396 296 453 3119

1110 388 1617 448 COMMENTARIA
1651 386 1716 442 IN
1756 384 2015 442 lSAlAM.
2055 409 2124 426 -ο
2160 382 2312 438 CAP.
2352 379 2520 437 XXX.

3336 376 3442 431 510

195 515 255 569 σέ
296 531 415 579 σου,
454 532 474 563 ι
526 514 556 567 ὁ
578 511 874 584 Σύμμαχός
905 527 1058 581 φησι,
1105 528 1124 561 ε
1154 509 1267 580 Τὴν
1302 506 1484 578 φωνὴν
1510 506 1609 577 τῆς
1646 504 1764 574 βοῆς

1876 499 2064 557 Simile
2100 509 2277 554 autem
2317 498 2442 553 huic
2493 504 2577 551 est
2633 493 2788 558 illud,
2851 511 2871 545 ι
2915 490 3224 581 Secundum
3278 490 3439 545 fidem

198 624 313 671 σου,
341 604 529 668 καθὼς
556 605 624 659 ἂν
678 601 944 673 άκὸυσθῇ,
982 600 1165 655 ἀκούει
1217 616 1333 653 σου.
1368 617 1386 649 ι
1442 598 1664 666 Ὅμοιον
1714 593 1773 647 δὲ

192 697 387 767 τούτῳ,
421 716 440 748 ι
474 695 635 749 Κατὰ
658 694 756 766 τὴν
776 693 960 747 πίστιν
1005 708 1098 745 σου
1127 690 1413 762 γενηθήτω
1445 705 1547 752 σοι,
1590 706 1608 738 ι
1647 688 1771 738 elui-

196 789 308 842 θάτι
336 786 591 855 λέγεσθαι
626 786 733 839 ὑπὸ
755 784 849 839 τοῦ
869 783 1139 853 Σωτῆρος.
1171 781 1285 835 Νῦν
1322 781 1419 850 μὲν
1439 778 1567 850 γὰρ,
1586 776 1769 848 φησὶν,

192 882 292 934 οῦκ
319 879 574 942 ἐκλαυσε,
596 877 717 931 καθ’
743 877 929 948 ἕτερον
955 875 1014 928 δὲ
1034 872 1225 944 καιρὸν
1252 872 1408 925 τοῦτο
1436 872 1598 923 ποιεῖ.
1628 867 1773 937 Πλὴν

191 975 221 1026 ό
250 972 411 1040 λόγος
448 973 704 1042 παραινεῖ
741 970 879 1038 αὐτῇ
925 966 1053 1038 βοᾷν
1078 966 1214 1038 πρὸς
1234 964 1325 1017 τὸν
1352 962 1482 1016 Θεὸν
1522 962 1767 1015 πάντοτε.

198 1084 217 1115 ι
254 1064 403 1134 Πρὸς
426 1064 527 1133 τὴν
578 1064 761 1133 φωνήν
803 1076 918 1124 σου,
972 1060 1168 1130 φησιν,
1224 1052 1649 1127 ἀποκριθήσεταί
1692 1068 1779 1103 σοι

188 1156 401 1220 ὁΘεός.
431 1174 452 1207 ι

264 1268 283 1297 ι
320 1248 435 1301 Καὶ
463 1246 623 1299 δώσει
653 1245 856 1317 Κύριος
884 1246 1011 1317 ὑμῖν
1033 1244 1196 1315 ἄρτον
1225 1240 1475 1311 θλίψεως,
1506 1239 1597 1293 καὶ
1630 1236 1774 1307 ὕδωρ

191 1340 382 1393 στενόν
402 1355 415 1367 ·
440 1340 537 1393 καὶ
553 1339 736 1392 οὐκέτι
773 1338 847 1409 μὴ
876 1336 1136 1407 ἐγγίσωσι
1163 1352 1244 1388 σοι
1264 1336 1313 1387 οἱ
1338 1330 1646 1394 πλανῶντες
1672 1347 1731 1383 σε
1755 1349 1767 1361 ·

190 1433 273 1485 ὅτι
303 1433 354 1483 οἱ
384 1430 648 1502 ὀφθαλμοί
678 1446 771 1483 σου
793 1430 1011 1501 ὄψονται
1030 1430 1156 1493 τοὺς
1181 1426 1496 1489 πλανῶντάς
1539 1441 1629 1478 σε’
1681 1424 1774 1477 καὶ

192 1522 260 1575 τὰ
286 1515 406 1576 ὦτά
435 1539 528 1575 σου
566 1520 894 1576 ἀκούσονται
923 1522 1050 1585 τοὺς
1108 1519 1299 1588 λόγους
1321 1517 1430 1570 τῶν
1488 1514 1663 1568 ὀπίσω
1713 1530 1771 1566 σε

194 1612 585 1681 πλανησάντων
608 1630 621 1643 ·
656 1614 707 1666 οἱ
733 1612 979 1681 λέγοντες
996 1630 1008 1642 ·
1033 1611 1181 1682 Αῦτη
1209 1608 1396 1681 ήόδὸς,
1422 1606 1774 1679 πορευθῶμεν

187 1703 248 1755 ὲν
281 1704 447 1775 αὐτῇ,
476 1704 584 1757 εἴτε
610 1704 781 1769 δεξιὰ,
815 1703 925 1757 εἶτε
958 1703 1240 1776 ἀριστερά.
1275 1720 1293 1753 ι
1314 1701 1565 1754 Διδάσκει
1592 1697 1647 1750 δὲ
1687 1697 1775 1751 διὰ

188 1797 421 1860 τούτων,
456 1796 531 1860 ὡς
552 1798 610 1850 ὲν
640 1798 739 1868 μὲν
756 1799 822 1867 τῇ
839 1796 980 1867 ἀρχῇ
1011 1795 1112 1865 τῆς
1147 1794 1404 1849 ἐπανόδου
1431 1792 1632 1862 πολ-λῆς
1660 1790 1772 1844 θλι-

1876 604 2018 650 tuam
2069 593 2164 648 fiat
2203 592 2339 656 tibi,
2384 608 2403 643 ι
2459 588 2602 658 quod
2638 603 2668 640 a
2706 584 2985 641 Salvatorc
3014 572 3136 639 ’d-ici
3167 582 3321 638 solet.
3378 582 3445 636 Et

1874 701 2019 741 nunc
2038 685 2276 755 quidem,
2310 684 2406 747 ait,
2461 696 2569 736 non
2616 678 2785 743 ﬂevit,
2828 678 2926 732 sed
2969 676 3076 731 alio
3112 686 3353 744 tempore
3391 675 3443 728 id

1872 777 2166 847 praestabit.
2205 774 2477 831 Czeterum
2517 773 2606 828 hic
2630 779 2905 834 monetur,
2934 768 3079 823 utad
3108 767 3275 823 Deum
3301 782 3446 821 sem-

1874 885 1972 940 per
1998 869 2215 925 clamet.
2262 886 2282 920 ¢
2320 868 2401 922 Ad
2425 879 2608 922 vocem
2636 873 2807 931 tuam,
2840 861 3051 931 inquit,
3090 859 3442 929 respondebit.

1873 963 1968 1019 tibi
1992 964 2155 1019 Deus.
2189 982 2207 1014 ι

1950 1227 2109 1281 Vens.
2148 1227 2237 1293 20,
2266 1227 2358 1281 21.
2404 1247 2422 1280 ι
2471 1227 2535 1282 Et
2569 1227 2719 1283 dabit
2747 1227 2900 1281 vobis
2952 1225 3212 1280 Dominus
3252 1238 3446 1294 panem

1876 1319 2196 1385 alﬂictionis,
2223 1329 2278 1373 et
2303 1335 2494 1389 aquam
2519 1328 2803 1389 angustam
2825 1334 2838 1370 :
2860 1327 2913 1372 et
2951 1330 3287 1387 nequaquam
3307 1314 3447 1368 ultra

1874 1412 2380 1483 appropinquabunt
2410 1412 2505 1465 tibi
2529 1411 2642 1481 [qui
2682 1425 2864 1464 errare
2926 1408 3132 1463 faciunt
3182 1417 3272 1472 te,
3320 1407 3448 1475 quia

1874 1506 2012 1561 oculi
2059 1505 2132 1559 tui
2183 1504 2440 1560 videbunt
2477 1518 2603 1567 eos,
2642 1504 2735 1573 qui
2781 1518 2968 1557 errare
3006 1502 3209 1556 faciunt
3249 1510 3301 1555 te
3342 1515 3357 1552 :
3393 1508 3450 1553 et

1875 1614 2036 1654 aures
2064 1607 2167 1653 tua:
2213 1599 2434 1652 audient
2462 1599 2627 1651 verba
2668 1610 2855 1651 eorum
2913 1594 3003 1666 qui
3047 1602 3344 1648 retrorsum
3396 1602 3451 1646 te

1876 1705 2066 1746 errare
2095 1689 2343 1745 fecerunt
2374 1708 2389 1744 :
2420 1688 2515 1758 qui
2541 1688 2729 1743 dicunt
2764 1706 2778 1743 :
2816 1687 2940 1742 llazc
2966 1688 3076 1751 via,
3111 1686 3449 1741 ambulemus

1876 1781 1930 1837 in
1970 1797 2068 1847 ea,
2111 1782 2225 1837 sive
2260 1783 2328 1836 ad
2367 1783 2647 1845 dextram,
2690 1782 2804 1836 sive
2838 1781 2903 1834 ad
2948 1780 3251 1834 sinistram.
3286 1798 3306 1831 ι
3347 1777 3449 1833 Hie

185 1889 334 1957 Ψεως
359 1887 621 1958 μετέσχον
640 1861 695 1939 οἱ
1134 1884 1397 1954 πολεμίας
1447 1880 1764 1936 ἐπανελθόν-

1873 1875 2050 1940 docet,
2093 1889 2188 1930 eos
2238 1876 2329 1945 qui
2384 1888 2449 1928 ex
2481 1874 2698 1929 inimica
2751 1864 2897 1928 terra
2936 1874 3137 1927 reversi
3196 1883 3359 1937 sunt,
3394 1874 3447 1926 in

185 1996 302 2044 τες,
336 1978 449 2031 τῶν
488 1976 808 2048 περιχώρων
851 1975 1136 2029 θλιϐόντων
1167 1973 1385 2038 αὐτοὺς,
1436 1974 1512 2035 ὡς
1564 1974 1658 2025 καὶ
1704 1972 1764 2024 τὸ

184 2068 351 2138 ἔργον
384 2068 631 2137 ἐπισχεῖν
664 2070 763 2138 τῆς
801 2066 1086 2137 οἰκοδομῆς
1112 2066 1206 2119 τοῦ
1239 2066 1407 2137 ἱεροῦ.
1456 2067 1628 2122 Τοῦτο
1670 2063 1764 2122 οὖν

185 2162 285 2213 καὶ
316 2162 379 2212 ὲν
398 2161 466 2230 τῇ
502 2159 713 2230 ἱστορίᾳ
745 2161 803 2211 ὲν
824 2161 891 2230 τῇ
927 2157 1093 2229 βίϐλῳ
1135 2157 1232 2211 τοῦ
1266 2158 1472 2230 Ἔσδρα
1502 2159 1759 2213 διδάσκει.

188 2250 283 2304 Διὸ
312 2249 498 2303 οὐκέτι
526 2249 856 2320 πλανήσουσί
909 2265 999 2302 σε’
1055 2250 1105 2301 εἰ
1166 2248 1275 2319 γὰρ
1324 2251 1417 2303 καὶ
1457 2248 1765 2321 πειραθεῖεν

180 2343 343 2396 τοῦτο
388 2342 595 2414 πρᾶξαί
647 2359 812 2406 τινες,
843 2340 957 2394 ἀλλ’
990 2341 1040 2394 οἱ
1094 2339 1362 2411 ὀφθαλμοί
1403 2358 1496 2394 σου
1546 2340 1766 2411 ὄψονται

182 2432 404 2496 αὐτούς.
452 2432 672 2496 Ἰδόντες
725 2431 783 2484 δὲ
830 2430 1028 2494 αὐτοὺς
1070 2432 1165 2484 καὶ
1197 2432 1488 2502 νοήσαντες
1508 2472 1522 2497 ,
1545 2434 1606 2486 οὐ
1632 2433 1766 2486 πλα-

184 2524 531 2595 νηθήσονται.
560 2524 673 2577 Καὶ
721 2523 881 2578 πάλιν
916 2523 965 2575 εἰ
994 2522 1300 2594 πειραθεῖεν
1337 2523 1547 2595 ἑτέροις
1584 2524 1765 2593 λόγοις

181 2618 487 2689 ἀπατηλοῖς
514 2615 843 2687 διαστροφάς
865 2616 1002 2687 πρὸς
1029 2617 1172 2687 ὑμᾶς
1205 2616 1406 2675 λαλεῖν,
1430 2618 1526 2671 καὶ
1561 2618 1765 2671 τούτων

182 2710 254 2764 τὰ
280 2711 504 2781 ῥήματα
531 2709 592 2762 οὐ
625 2704 1015 2780 παραδέξονται
1050 2707 1119 2761 τὰ
1152 2701 1269 2762 ὦτά
1295 2724 1388 2760 σου
1407 2724 1421 2738 ·
1470 2709 1572 2762 κᾶν
1618 2710 1764 2764 ἀπα-

181 2802 384 2864 τῶντες
410 2801 621 2871 λέγοιεν
638 2816 652 2830 ·
688 2819 707 2852 ι
731 2799 876 2872 Αὸτη
903 2801 937 2871 ἡ
958 2799 1095 2867 ὁδὸς,
1126 2799 1479 2871 πορευθῶμεν
1517 2803 1575 2855 ὲν
1603 2803 1763 2874 αὐτῇ,

183 2894 299 2947 εἴτε
326 2893 500 2958 δεξιὰ,
528 2894 642 2947 εἴτε
671 2892 967 2964 ἀριστερά·
1010 2910 1030 2944 ι
1059 2892 1118 2945 οὐ
1144 2892 1414 2964 πεισθήσῃ
1438 2891 1547 2964 γὰρ
1583 2895 1765 2958 αὐτοῖς

184 2985 605 3054 λέγουσι-ταῦτα
626 3002 642 3017 ο
675 2985 791 3039 ἀλλ’
824 2984 1210 3056 όδῷ;βασιλικῇ
1234 2985 1494 3057 πορεύσῃ,
1514 2987 1615 3059 τὴν
1660 2988 1762 3059 μέ-

186 3094 286 3148 σην
321 3077 545 3145 ὁδεύων,
574 3077 667 3130 καὶ
697 3077 770 3149 μὴ
790 3077 1053 3131 ἐκκλίνων
1076 3077 1215 3148 μήτε
1242 3079 1321 3142 εἰς
1351 3078 1499 3143 δεξιὰ
1527 3080 1663 3151 μήτε
1685 3082 1765 3145 εἰς

182 3171 375 3241 ἁριστε
383 3170 472 3241 ρά.

250 3280 269 3313 ι
299 3262 414 3316 Καὶ
454 3263 665 3333 μωνείς
694 3260 761 3315 τὰ
786 3261 976 3317 εἴδωλα
1002 3263 1071 3317 τὰ
1108 3264 1621 3337 περιηργυρωμένα,
1673 3265 1765 3319 καὶ

182 3353 711 3425 ⁴ιτερικεχρυσωμὲνα
744 3351 915 3406 λεπτά
943 3355 1218 3425 ποιήσεις,
1250 3355 1343 3407 καὶ
1382 3356 1666 3426 λικμήσεις
1691 3358 1766 3422 ὡς

180 3442 329 3516 ὕδωρ
347 3443 801 3515 ἁποκαθημένης,
830 3445 924 3499 καὶ
952 3446 1027 3511 ὡς
1060 3447 1262 3519 κόπρον
1282 3447 1441 3513 ὢσεις
1462 3449 1764 3502 αὑτά.Τότε

180 3536 337 3593 ἔσται
357 3539 389 3593 6
420 3536 575 3600 ὑετὸς
603 3535 682 3607 τῷ
714 3537 988 3610 σπέρματι
1006 3540 1107 3610 τῆς
1138 3540 1242 3610 γῆς
1270 3556 1385 3603 σου,
1420 3540 1513 3592 καὶ
1541 3541 1569 3591 ὁ
1601 3539 1764 3610 ἄρτος

181 3631 278 3684 τοῦ
308 3631 653 3702 γεννήματος
697 3629 800 3699 τῆς
831 3630 934 3700 γῆς
987 3648 1080 3685 σου
1130 3632 1282 3685 ἔσται
1328 3631 1612 3703 πλησμονή
1671 3633 1764 3687 καὶ⁵

179 3722 433 3796 λιπαρός.
482 3742 503 3774 ι
540 3722 724 3777 Πάντα
762 3724 841 3786 είς
868 3723 929 3776 σὲ
973 3723 1394 3796 πληρωθήσεται
1443 3726 1501 3777 ὲν
1541 3724 1764 3796 εύθηνίᾳ

179 3815 377 3886 πολλῇ,
400 3815 497 3867 καὶ
529 3814 806 3890 βαθυτάτῃ
833 3819 1027 3890 εἰρήνῃ
1068 3816 1166 3888 τὴν
1209 3816 1354 3888 ζωὴν
1401 3815 1759 3871 διατελοῦντι·

177 3906 254 3971 ὡς
274 3907 375 3961 καὶ
401 3906 555 3978 παρὰ
581 3909 666 3961 σοὶ
692 3906 827 3973 ζῶα,
860 3909 954 3963 καὶ
976 3908 1208 3979 μάλιστα
1240 3910 1339 3981 τὴν
1367 3909 1549 3982 χώραν
1593 3926 1764 3982 γεωρ-

176 4000 385 4069 γοῦντα
404 4038 424 4065 ,
452 4000 787 4071 πληροῦσθαι
810 4002 909 4073 τῆς
935 4002 1117 4065 αὐτοῖς
1145 4000 1286 4055 κατὰ
1307 4004 1468 4070 φύσιν
1485 4002 1709 4073 τροφῆς-

255 4111 275 4143 (
317 4092 435 4145 Καὶ
461 4090 859 4163 βοσκηθήσεταί
886 4109 979 4145 σου
1009 4091 1078 4146 τὰ
1108 4093 1278 4165 κτήνη
1303 4095 1369 4164 τῇ
1406 4093 1589 4165 ἡμέρᾳ
1617 4095 1761 4147 ὲκεί-

176 4198 246 4257 νῃ
265 4184 439 4237 τόπον
464 4183 624 4238 πίονα
647 4185 742 4238 καὶ
761 4183 1091 4256 εὐρύχωρον.
1125 4185 1188 4238 Οἱ
1231 4184 1423 4256 ταῦροι
1454 4184 1610 4255 ὑμῶν
1669 4187 1765 4239 καὶ

170 4278 226 4332 οἱ
262 4277 390 4347 βόες
421 4277 473 4329 οἰ
492 4274 848 4348 ἐργαζόμενοι
868 4276 966 4348 τὴν
995 4276 1100 4347 γῆν
1128 4276 1392 4345 φάγονται
1417 4278 1596 4356 ἄχυρα
1634 4279 1764 4332 άνα-

174 4366 533 4437 πεποιημένα
557 4367 615 4418 ὲν
652 4365 814 4436 κριθῇ
859 4365 1255 4439 λελικμημένῃ.
1315 4366 1426 4420 Καὶ
1465 4366 1619 4419 ἔσται
1672 4369 1764 4421 ἐπὶ

172 4460 385 4522 παντὸς
428 4458 589 4530 ὅρους
619 4456 823 4529 ὑψηλοῦ
856 4460 949 4512 καὶ
978 4460 1072 4512 ἐπὶ
1103 4459 1304 4522 παντὸς
1344 4458 1530 4529 βουνοῦ
1562 4459 1763 4531 μετεώ-

1866 1966 2133 2036 principio
2172 1967 2377 2022 reditus
2402 1966 2599 2022 multas
2637 1980 2906 2021 mrumnas
2952 1975 3112 2030 atque
3164 1966 3444 2020 molestias

1866 2071 1895 2109 a
1925 2056 2171 2112 linitimis
2196 2059 2309 2112 suis
2339 2070 2458 2113 esse
2486 2071 2769 2128 perpessos
2791 2097 2807 2122 ,
2844 2058 2915 2111 ita
2955 2066 3013 2111 ut
3037 2057 3225 2127 templi
3273 2057 3443 2114 fabri-

1867 2162 1988 2203 cam
2018 2150 2355 2205 cohiberent.
2379 2150 2435 2205 Id
2464 2164 2592 2205 vero
2618 2150 2671 2203 in
2707 2150 2929 2204 historia
2957 2149 3079 2204 libri
3126 2148 3314 2204 Esdrze
3351 2151 3448 2205 de-

1868 2242 2125 2298 claratur.
2159 2243 2520 2310 Quamobrem
2560 2256 2664 2297 non
2698 2241 2837 2295 ultra
2880 2256 3067 2295 errare
3123 2250 3176 2295 te
3207 2240 3442 2307 facient;

1865 2336 2076 2391 etiamsi
2119 2338 2263 2392 enim
2315 2337 2531 2406 quidam
2578 2336 2630 2390 id
2678 2335 3031 2400 tentaverint,
3080 2344 3136 2387 at
3175 2335 3317 2389 oculi
3368 2337 3447 2391 tui

1866 2429 2126 2484 videbunt
2168 2429 2311 2485 illos.
2350 2429 2487 2484 Cum
2536 2443 2697 2498 porro
2741 2429 2963 2482 videant
3012 2437 3068 2482 et
3115 2427 3444 2498 intelligant,

1867 2537 2211 2595 nequaquam
2240 2523 2292 2577 in
2325 2536 2565 2578 errorem
2604 2520 2957 2575 deducentur.
3007 2517 3355 2589 Rursumque
3395 2522 3443 2576 si

1865 2619 2106 2676 subdolis
2157 2618 2547 2687 fallacibusque
2586 2613 2746 2670 dictis
2796 2624 3050 2681 perversa
3100 2610 3254 2665 vobis
3295 2610 3443 2680 loqui

1865 2720 2147 2775 conentur,
2180 2711 2374 2764 borum
2404 2710 2570 2765 verba
2618 2721 2724 2762 non
2761 2706 3035 2775 excipient
3076 2720 3239 2759 aures
3291 2713 3396 2758 tua:
3426 2722 3441 2758 :

1865 2802 2079 2857 etiamsi
2107 2801 2374 2857 fallaciter
2403 2802 2607 2866 dicant,
2651 2818 2670 2850 ε
2703 2798 2828 2854 Haec
2857 2799 2965 2861 via,
2998 2796 3340 2853 ambulemus
3384 2798 3438 2852 in

1865 2908 1953 2963 ea,
1972 2896 2086 2951 sive
2110 2895 2181 2950 ad
2202 2895 2471 2960 dextram,
2494 2893 2608 2949 sive
2631 2893 2697 2948 ad
2721 2891 2996 2947 sinistram
3025 2907 3038 2942 :
3066 2908 3086 2942 ι
3124 2890 3208 2944 his
3243 2889 3443 2958 quippe

1868 2987 1993 3042 talia
2024 2985 2401 3043 effutientibus
2443 3001 2550 3043 non
2584 2983 3022 3054 obtemperabis;
3058 2983 3151 3038 sed
3194 2983 3247 3037 in
3294 2984 3442 3052 regia

1867 3081 1954 3135 via
1993 3079 2319 3144 ambulabis,
2365 3080 2599 3135 mediam
2658 3088 2887 3145 tenens,
2929 3091 3103 3147 neque
3161 3076 3442 3132 declinans

1868 3171 1935 3226 ad
1965 3170 2248 3226 dexteram
2285 3172 2371 3225 vel
2400 3174 2466 3227 ad
2496 3172 2797 3228 sinistram.

1937 3262 2101 3319 Vsus.
2126 3262 2318 3319 22-25.
2378 3282 2399 3316 ι
2438 3264 2505 3319 Ει
2549 3264 2945 3320 contaminabis
2982 3264 3122 3319 idola
3178 3264 3443 3335 dcargen-

1870 3362 2006 3420 tata,
2038 3362 2093 3409 et
2132 3355 2394 3409 deaurata
2448 3357 2803 3419 comminues,
2847 3365 2903 3411 et
2960 3356 3239 3426 disperges
3301 3357 3442 3411 sicut

1866 3459 2061 3514 aquam
2103 3455 2473 3514 menstruatae,
2500 3457 2556 3501 et
2607 3448 2750 3501 sicut
2806 3457 3018 3503 stercus
3069 3448 3293 3517 abjicies
3350 3464 3439 3504 ea.

1867 3535 2018 3591 Tunc
2038 3536 2141 3592 erit
2179 3537 2361 3606 pluvia
2394 3537 2591 3591 semini
2620 3546 2779 3591 terra:
2811 3548 2939 3601 tuae,
2964 3547 3022 3593 et
3050 3539 3201 3607 panis
3223 3536 3440 3608 frugum

1869 3635 2029 3684 terra:
2060 3637 2165 3684 tua;
2213 3628 2319 3684 erit
2357 3628 2643 3683 abundans
2673 3636 2728 3683 et
2753 3628 2992 3699 pinguis.
3022 3647 3040 3681 ι
3076 3628 3268 3685 Omnia
3295 3630 3442 3699 apud

1869 3725 1923 3773 te
1965 3718 2124 3788 copia
2181 3734 2362 3775 rerum
2414 3718 2805 3789 implebantur,
2857 3728 2914 3773 et
2973 3718 3237 3773 altissima
3308 3734 3441 3789 pace

1864 3809 2093 3881 frueris;
2127 3812 2200 3867 ita
2234 3812 2561 3867 utanimalia
2582 3821 2691 3877 tua,
2724 3813 3066 3882 maximeque
3095 3827 3159 3868 ea
3193 3827 3313 3882 quae
3345 3829 3442 3870 co-

1866 3902 2039 3960 lendis
2057 3905 2204 3975 agris
2235 3905 2354 3959 usui
2371 3912 2517 3970 sunt,
2532 3904 2731 3975 pabulo
2756 3912 2967 3960 natura;
2988 3919 3100 3960 sua:
3116 3906 3439 3975 congruenti

1864 3996 2162 4053 abundent.
2195 4016 2217 4050 ι
2268 4046 2271 4051 .

1944 4108 1963 4142 ι
1988 4089 2052 4144 Et
2074 4097 2364 4160 pascentur
2380 4089 2617 4158 iumenta
2652 4097 2740 4144 tua
2772 4089 2825 4144 in
2855 4090 2941 4145 die
2970 4089 3060 4145 illa
3082 4090 3137 4145 in
3169 4090 3289 4147 loco
3315 4092 3440 4162 pin~

1861 4182 1951 4251 gui
1988 4190 2043 4237 et
2067 4182 2327 4253 spatioso.
2362 4182 2525 4238 Tauri
2558 4184 2726 4239 vestri
2760 4192 2817 4238 et
2856 4184 3046 4249 boves,
3086 4185 3178 4253 qui
3210 4198 3443 4255 operan-

1867 4283 1957 4328 tur
1995 4283 2222 4340 terram,
2275 4275 2557 4331 comedent
2618 4276 2805 4347 paleas
2850 4276 3177 4331 commixtas
3234 4278 3442 4334 hordeo

1863 4367 2147 4423 ventilato.
2172 4368 2237 4423 Et
2264 4367 2371 4423 erit
2408 4383 2571 4439 super
2607 4384 2822 4423 omnem
2865 4375 3105 4425 montem
3161 4370 3442 4426 excelsum

1865 4469 1921 4514 et
1942 4474 2103 4528 super
2141 4473 2358 4514 omnem
2389 4458 2583 4515 collem
2631 4461 2916 4515 sublimem
2955 4476 3094 4531 aqua
3139 4462 3438 4517 decurrens

175 4566 272 4620 ρου
308 4546 459 4618 ὕδωρ
483 4547 938 4618 διαπορευόμενον
967 4548 1025 4601 ἐν
1050 4550 1117 4617 τῇ
1162 4546 1346 4619 ἡμέρᾳ
1384 4547 1589 4624 ἐκείνῃ,
1635 4548 1762 4602 ὅταν

1872 4549 1922 4605 in
1948 4548 2037 4605 die
2069 4549 2180 4617 illa,
2207 4565 2328 4605 cum
2368 4550 2632 4620 perierint
2652 4552 2829 4616 multi,
2852 4560 2908 4606 et
2952 4566 3076 4605 cum
3127 4550 3438 4608 ceciderint

170 4640 493 4694 ἀπόλωνται
552 4638 737 4693 πολλοὶ
760 4680 775 4706 ,
818 4640 914 4693 καὶ
967 4639 1098 4693 ὅταν
1147 4639 1354 4693 πέσωσι
1410 4640 1629 4712 πύργοι,
1670 4660 1688 4692 ι
1731 4641 1763 4712 ἢ

170 4732 321 4786 κατὰ
341 4732 440 4785 τὸν
460 4730 775 4802 Σύμμαχον,
799 4749 817 4780 ι
845 4733 901 4784 ὲν
917 4730 1103 4802 ἡμέρᾳ
1123 4732 1337 4801 σφαγῆς
1361 4732 1578 4803 πολλῆς,
1609 4735 1667 4786 ὲν
1688 4732 1765 4803 τῷ

172 4826 366 4878 πεσεῖν
398 4822 720 4895 μεγάλους.ι
745 4823 883 4876 Πότε
906 4823 966 4876 δὲ
993 4822 1145 4877 ἔσται
1169 4824 1202 4893 ὴ
1237 4823 1405 4893 πολλὴ
1434 4824 1637 4894 σφαγὴ,
1671 4826 1765 4878 καὶ

172 4918 308 4970 πότε
338 4916 638 4970 πεσοῦνται
665 4916 715 4968 οἱ
745 4915 992 4986 μεγάλοι,
1027 4916 1060 4987 ἢ
1106 4914 1247 4968 κατὰ
1273 4915 1363 4968 τὸν
1415 4916 1606 4987 καιρὸν
1663 4917 1760 4987 τῆς

171 5007 409 5061 καθόλου
439 5006 674 5078 κρίσεως
693 5006 793 5076 τῆς
812 5005 950 5077 μετὰ
978 5006 1077 5075 τὴν
1111 5005 1417 5059 συντέλειαν
1444 5007 1538 5059 τοῦ
1567 5007 1762 5071 αἰῶνος

172 5098 363 5153 τούτου
380 5097 758 5169 γεγενημένης
775 5097 910 5167 (38);
938 5098 1029 5150 Διὸ
1042 5096 1256 5168 εἴρηται
1275 5098 1415 5152 κατὰ
1440 5099 1565 5161 τοὺς
1578 5096 1759 5151 Ἑϐδο-

174 5191 449 5261 μήκοντα,
486 5208 508 5241 c
541 5191 707 5243 Ὅταν
749 5190 958 5244 πέσωσι
985 5189 1202 5262 πύργοι,
1234 5190 1327 5243 καὶ
1366 5191 1492 5244 ὅταν
1516 5192 1759 5245 ἀπόλων-

173 5298 265 5336 ται
306 5280 515 5335 πολλοί.
550 5299 569 5332 ι
608 5279 800 5333 Πολλοὶ
840 5281 950 5351 γὰρ
1008 5281 1127 5334 κατ’
1186 5282 1391 5334 ἐκεῖνον
1434 5281 1757 5336 ἀπολοῦνται

175 5371 266 5425 τὸν
293 5371 512 5443 χρόνον,
547 5371 606 5424 ὲν
650 5363 696 5438 ᾧ
738 5371 832 5424 καὶ
880 5370 949 5423 τὰ
992 5370 1376 5441 ἐπηγγελμένα
1423 5373 1535 5435 τοῖς
1588 5370 1758 5439 ἀξίοις

174 5463 599 5533 ἀποδοθήσεται.
667 5462 927 5517 Ἐνταῦθα
984 5462 1107 5516 οὕτε
1157 5461 1251 5515 τοῦ
1290 5462 1500 5535 Ἰσραὴλ
1553 5481 1758 5535 μνημο⁴

156 5555 343 5637 ὸνεύει,
364 5554 492 5608 οὐδὲ
518 5554 656 5618 ὅλως
686 5554 794 5607 τῶν
821 5555 1109 5621 Ἰουδαίων,
1131 5554 1267 5608 ἀλλὰ
1287 5555 1381 5608 τοῦ
1414 5555 1542 5609 λαοῦ
1573 5557 1757 5609 αὐτοῦ·

177 5648 253 5711 ὡς
286 5648 500 5709 πάντας
549 5647 677 5710 τοὺς
704 5647 887 5713 ἀξίους
928 5648 1285 5719 χρηματίζειν
1313 5647 1439 5703 λαὸν
1469 5648 1625 5715 Θεοῦ,
1660 5649 1759 5705 τῆ.»

179 5739 516 5808 ἐπαγγελίας
539 5738 964 5811 ὲξαπλουμένης.

252 5850 370 5923 ('58)
408 5849 577 5909 Forte
607 5850 709 5923 leg.
745 5854 1130 5926 γενησομένης.
1160 5853 1313 5910 Eutr.

1870 4652 2069 4709 turres,
2111 4660 2132 4695 ι
2179 4643 2295 4698 sive
2330 4643 2627 4698 secundum
2695 4643 3121 4713 Symmachum,
3173 4662 3193 4696 ι
3254 4645 3313 4699 In
3351 4644 3441 4700 die

1866 4734 2029 4789 caedis
2056 4732 2255 4799 multae,
2286 4748 2406 4787 cum
2427 4734 2625 4789 cadent
2644 4734 2848 4805 magni.
2882 4754 2902 4788 ι
2946 4734 3300 4802 Quandonam
3330 4748 3440 4791 cm-

1865 4827 1962 4880 des
1996 4826 2163 4880 multa
2192 4827 2488 4895 continget,
2518 4836 2573 4882 et
2599 4829 2942 4896 quandonam
2979 4828 3157 4898 magni
3203 4827 3433 4893 cadent,

1862 4917 1966 4971 nisi
2002 4926 2242 4986 tempore
2275 4916 2600 4972 universalis
2623 4916 2832 4984 judicii,
2865 4917 3005 4986 quod
3040 4926 3160 4986 post
3182 4932 3438 4974 consum-

1864 5008 2158 5062 matiouem
2189 5008 2373 5063 saeculi
2402 5008 2562 5077 hujus
2592 5008 2875 5064 ferendum
2898 5009 3019 5063 est?
3042 5008 3221 5074 Quare
3248 5023 3441 5065 secun-

1868 5099 1992 5153 dum
2012 5096 2501 5169 LXXlnterpretes
2525 5099 2743 5161 dicitur,
2783 5119 2802 5151 ‹
2830 5115 2952 5154 cum
2996 5099 3194 5153 cadent
3234 5108 3435 5165 turres,

1865 5198 1920 5246 et
1960 5204 2082 5245 cum
2119 5189 2368 5259 peribunt
2423 5191 2596 5244 multi.
2637 5209 2655 5241 ι
2716 5191 2850 5245 Nam
2908 5206 2972 5246 eo
3003 5199 3245 5260 tempore
3276 5190 3432 5247 multi

1865 5283 2138 5354 peribunt,
2170 5297 2278 5350 quo
2313 5282 2401 5347 iis,
2427 5283 2516 5351 qui
2545 5282 2691 5352 digni
2730 5291 2909 5344 erunt,
2954 5280 3221 5350 promissa
3275 5282 3440 5336 retri-

1864 5376 2116 5431 buentur.
2154 5372 2253 5429 Hic
2295 5388 2458 5443 porro
2484 5388 2658 5443 neque
2700 5373 2953 5429 lsraelem
3000 5386 3174 5442 neque
3220 5371 3439 5431 Iudaeos

1864 5476 2153 5532 memorat,
2182 5465 2276 5522 sed
2296 5465 2549 5535 populum
2580 5481 2774 5529 suum;
2805 5466 2878 5520 ita
2910 5475 2987 5531 ut,
3033 5464 3267 5534 expletis
3310 5481 3437 5535 pro-

1859 5558 2231 5625 missionibus,
2271 5573 2464 5615 omnes
2490 5558 2585 5628 qui
2623 5557 2767 5630 digni
2801 5567 2994 5622 erunt,
3046 5560 3273 5628 populus
3340 5559 3449 5617 Dei.

1859 5652 2229 5707 nominentur.
