3862 6210
397 347 494 408 5H

1081 346 1354 406 EUSEBH
1388 347 1868 408 CESABFENSIS
1903 350 2051 408 OPP.
2092 349 2272 407 PARS
2311 349 2398 407 ΙΙΙ.
2437 381 2511 393 --
2542 347 2950 408 EXEGETICA.

3550 352 3659 408 31?.

474 463 639 526 Vsus.
667 471 759 536 es,
795 470 884 525 27.
924 487 944 521 ι
988 470 1054 524 Ει
1073 471 1178 525 erit“
1208 470 1296 524 lux
1322 471 1485 538 lunae,
1513 474 1667 542 quasi
1697 474 1786 528 lux
1816 476 1970 539 solis,

2145 493 2164 524 ι
2203 471 2313 528 Καὶ
2341 471 2494 526 ἔσται
2538 472 2601 526 τὸ
2633 472 2749 542 φῶς
2799 472 2898 544 τῆς
2927 471 3158 542 σελήνης
3190 472 3265 534 ὡς
3293 472 3355 526 τὸ
3394 470 3515 542 φῶς
3559 474 3657 527 τοῦ

400 563 559 618 etlux'
592 563 725 618 solis
750 565 856 617 erit
879 557 1309 634 septempliciter
1336 566 1390 619 in
1439 566 1550 630 die,
1575 571 1700 621 cum
1743 579 1972 622 sanave-

402 655 474 709 rit
501 653 764 709 Dominus
800 645 1189 709 contritionem
1234 655 1419 725 populi
1471 658 1589 721 sui,
1623 666 1680 712 et
1731 657 1974 713 dolorem

403 748 574 817 plagae
617 753 721 801 tua:
748 745 986 802 curabit.
1022 745 1160 800 Ecce
1192 759 1384 802 nomen
1421 748 1634 804 Domini
1680 743 1832 804 venit
1878 763 1977 818 per

405 840 634 893 ntultum
654 847 864 910 tempus
894 841 1126 895 :ardens
1151 840 1302 894 furor
1325 851 1446 895 cum
1473 841 1664 911 gloria.
1690 841 1975 911 Eloquium

408 932 676 988 labiorum
702 932 840 1004 ejus,
864 931 1139 1001 eloquium
1162 932 1258 987 ira:
1289 932 1531 1001 plenum,
1563 943 1620 987 et
1667 934 1750 989 ira
1776 932 1978 987 furoris

405 1027 528 1095 rius
577 1025 720 1081 sicut
772 1025 914 1095 ignis
965 1024 1212 1079 devorat.
1243 1043 1263 1078 ι
1329 1025 1435 1083 Pro
1484 1028 1630 1082 dicto
1660 1027 1776 1093 illo,
1817 1045 1837 1080 ι
1879 1042 1978 1099 per

405 1118 636 1172 inultum
667 1127 901 1188 tempus,
942 1137 963 1172 ι
1002 1117 1196 1190 reliqui
1226 1120 1575 1188 interpretes,
1612 1137 1631 1171 ι
1666 1121 1732 1176 de
1758 1120 1971 1191 longe,»

403 1212 718 1267 ediderunt.
745 1209 1014 1268 Observes
1045 1215 1207 1282 porro
1236 1212 1417 1278 velim,
1459 1227 1564 1268 non
1595 1213 1769 1283 ipsum
1795 1211 1978 1269 Domi-

407 1311 538 1358 num
597 1309 884 1360 venturum
941 1299 1082 1374 dici,
1142 1305 1242 1361 sed
1299 1317 1496 1360 nomen
1561 1305 1816 1372 Domini,
1870 1321 1979 1377 quo

403 1395 655 1452 Christus
692 1396 1113 1465 subindicatur;
1149 1399 1216 1454 de
1269 1397 1360 1455 illo
1397 1399 1597 1469 quippe
1625 1396 1834 1453 dictum
1870 1407 1978 1466 est,

407 1485 428 1541 ἀ
468 1487 791 1543 Benedictus
817 1491 908 1555 qui
932 1489 1080 1543 venit
1103 1489 1157 1543 in"
1183 1490 1402 1545 nomine
1433 1489 1669 1559 Domini,
1699 1490 1839 1548 Deus
1872 1490 1978 1548 Do-

402 1581 584 1634 minus
623 1587 680 1634 et
742 1577 917 1632 illuxit
951 1576 1107 1636 nobis
1128 1579 1194 1635 ”.
1235 1600 1254 1634 ι
1292 1580 1426 1636 Cum
1454 1584 1666 1638 venerit
1686 1589 1892 1650 autem,
1917 1598 1982 1640 ac

404 1672 703 1727 secundum
735 1671 1144 1742 gloriosumque
1173 1672 1463 1730 adventum
1505 1690 1665 1731 suum
1716 1669 1982 1732 exhibue-

406 1765 500 1828 rit,
522 1765 925 1834 subsequentur
948 1763 1174 1820 ultrices
1208 1766 1459 1834 virtutes,
1487 1783 1585 1840 per
1613 1783 1748 1840 quas
1777 1771 1982 1843 suppli-

2077 559 2248 636 ἡλίου,
2282 563 2456 618 καὶτὸ
2487 563 2603 634 φῶς
2627 563 2722 617 τοῦ
2754 563 2906 635 ⁴Ιιλίου
2933 563 3086 617 ἔσται
3113 565 3481 618 έπταπλάσιον
3503 567 3562 618 ἐν
3587 569 3658 637 τῇ

2075 657 2280 728 ἡμέρᾳ,
2301 657 2432 710 ὅταν
2457 656 2675 728 ἰάσηται
2713 655 2922 727 Κύριος
2953 656 3015 709 τὸ
3049 655 3364 728 σύντριμμα
3397 656 3494 710 τοῦ
3523 657 3659 712 λαοῦ

2077 747 2265 815 αὐτοῦ,
2313 747 2406 801 καὶ
2461 748 2560 820 τὴν
2608 745 2801 819 ὀδύνην
2855 748 2957 820 τῆς
3011 748 3224 820 πληγῆς
3282 767 3374 803 σου
3425 751 3657 804 ἰάσεται.

2091 835 2220 892 ’Ῐδου
2245 836 2306 892 τὸ
2341 839 2514 910 ὄνομα
2541 839 2749 910 Κυρίου
2783 839 3000 912 ἔρχεται
3053 839 3143 894 διὰ
3195 841 3389 895 πολλοῦ
3439 843 3660 913 χρόνου,

2078 930 2367 1002 καιόμενος
2401 930 2573 1002 θυμὸς
2607 931 2745 1003 μετὰ
2779 931 2958 1004 δόξης.
2978 933 3054 986 Τὸ
3094 933 3272 1002 λόγιον
3301 935 3410 988 τῶν
3437 933 3663 1005 χειλέων

2078 1026 2262 1090 αὐτοῦ,
2293 1024 2475 1093 λόγιον
2498 1024 2671 1096 ὀργῆς
2704 1023 2932 1097 πλῆρες,
2959 1025 3053 1079 καὶ
3083 1026 3119 1097 ἡ
3165 1027 3300 1098 ὀργὴ
3332 1025 3422 1079 τοῦ
3483 1025 3660 1096 θυμοῦ

2079 1116 2244 1170 αὐτοῦ
2294 1117 2370 1181 ὡς
2419 1118 2531 1190 πῦρ
2590 1118 2785 1172 ἔδεται.
2821 1137 2840 1170 ι
2886 1118 3032 1172 Ἀντὶ
3055 1118 3111 1171 δὲ
3139 1118 3254 1183 τοῦ,
3283 1140 3301 1171 ι
3342 1118 3432 1173 διὰ
3462 1119 3664 1172 πολλοῦ

2080 1211 2330 1283 χρόνου,ι
2367 1213 2417 1265 οί
2448 1212 2624 1267 λοιποὶ
2661 1213 2992 1285 ὲρμηνευταὶ
3020 1253 3035 1279 ,
3077 1231 3096 1265 ι
3127 1208 3418 1286 μακρόθεν,
3443 1230 3462 1266 ι
3511 1215 3666 1286 εἰρή-

2080 1313 2226 1360 κασι.
2261 1305 2372 1359 Καὶ
2398 1307 2573 1377 τήρει,
2607 1306 2684 1370 ὡς
2705 1307 2806 1360 οὐκ
2841 1306 2907 1360 ἂν
2938 1307 3100 1360 αὐτόν
3137 1303 3270 1379 φησι
3309 1303 3401 1362 τὸν
3456 1307 3667 1381 Κύριον

2082 1399 2357 1472 ἔρχεσθαι,
2383 1392 2520 1453 ἀλλὰ
2544 1400 2603 1454 τὸ
2630 1400 2801 1472 ὄνομα
2836 1399 3066 1472 Κυρίου,
3112 1399 3204 1454 τὸν
3232 1401 3462 1472 Χριστὸν
3495 1403 3669 1455 αἰνιτ-

2079 1492 2329 1560 τόμενος,
2355 1491 2484 1564 περὶ
2515 1508 2576 1545 ου
2604 1491 2850 1562 είρίινιτοιι⁸
2889 1509 2908 1543 ι
2941 1490 3319 1563 Εὐλογημένος
3357 1494 3388 1546 ό
3438 1493 3670 1564 ἐρχόμε-

2081 1597 2171 1646 νος
2193 1584 2250 1637 ὲν
2274 1583 2498 1654 ὀνόματι
2541 1579 2918 1654 Κυρῖου,Θεδς
2975 1583 3181 1654 Κύριος
3245 1585 3340 1638 καὶ
3398 1583 3670 1654 ἐπέφανεν

2081 1677 2233 1746 ἡμῖν.
2278 1681 2296 1728 ι
2350 1675 2676 1747 Ἐρχομένου
2708 1675 2764 1728 δὲ
2800 1673 2895 1729 καὶ
2926 1674 3024 1746 τὴν
3065 1671 3322 1746 δευτέραν
3371 1676 3537 1730 αὐτοῦ
3576 1677 3670 1731 ἕν’-

2084 1765 2233 1832 δοξον
2254 1761 2558 1837 παρουσίαν
2587 1765 2936 1836 ποιουμένου,
2962 1763 3457 1836 ἐπακολουθήσουσι
3499 1777 3672 1836 τιμω-

405 1861 491 1911 cia
523 1855 703 1926 impiis
733 1853 1062 1922 inferentur,
1092 1871 1226 1925 quas
1257 1857 1372 1914 haec
1413 1854 1699 1932 Scriptura
1735 1857 1980 1918 furorem

2094 1857 2314 1927 ρητικαὶ
2345 1856 2634 1927 δυνάμεις,
2681 1857 2750 1910 δι’
2776 1850 2851 1910 ὧν
2879 1858 2933 1910 al
2982 1855 3237 1922 κολάσεις
3266 1861 3378 1922 τοῖς
3415 1858 3674 1911 ἀσεϐέσιν

415 1921 662 2016 iramque
684 1957 845 2003 vocat
880 1963 895 2001 :
929 1921 1194 2016 siquidem
1219 1958 1341 2018 past
1368 1921 1630 2020 prolatam
1657 1949 1982 2012 sententiam

2090 1921 2506 2020 iuuencum-at,
2541 1948 2608 2012 ἃς
2633 1951 2670 2020 ἡ
2722 1947 2972 2020 παροῦσα
3001 1948 3190 2020 Γραφὴ
3223 1949 3392 2020 θυμὸν
3427 1950 3524 2002 καὶ
3578 1951 3675 2020 δρ-

407 2038 676 2110 Supplicio
699 2037 878 2109 dignis
899 2038 1033 2094 ultio
1064 2037 1350 2098 inferetur.

473 2401 640 2458 Vens.
675 2399 764 2457 98.
803 2417 824 2453 ι
857 2399 922 2456 Ει
959 2399 1185 2471 spiritus
1240 2398 1356 2468 ejus
1397 2399 1538 2456 sicut
1568 2413 1706 2468 aqua
1735 2398 1790 2454 in
1842 2397 1986 2454 valle

405 2495 651 2559 trahens,
700 2493 881 2549 veniet
938 2505 1112 2562 usque
1148 2487 1217 2548 ad
1247 2491 1481 2558 collum,
1515 2501 1571 2548 et
1619 2492 1915 2548 dividetur.
1961 2503 1980 2544 ι

407 2587 508 2645 Hic
549 2588 780 2659 spiritus
814 2585 962 2642 ultor
993 2585 1193 2640 multas
1229 2583 1284 2640 in
1332 2594 1519 2655 partes
1541 2584 1832 2650 dividetur,
1857 2586 1986 2655 quia

406 2683 638 2739 multum
670 2682 919 2738 estinter
950 2677 1259 2749 puniendos
1303 2677 1621 2735 discrimen.
1654 2693 1675 2729 ι
1711 2676 1782 2733 Ut
1806 2677 1986 2732 turbet

407 2785 598 2845 gentes
625 2765 788 2845 super
823 2786 1010 2830 errore
1055 2786 1228 2838 vano,
1255 2779 1311 2826 et
1346 2779 1705 2842 persequetur
1748 2782 1842 2825 eos
1898 2783 1988 2824 er-

412 2876 524 2934 ror,
547 2876 602 2924 et
619 2867 800 2938 capiet
824 2881 920 2923 eos
955 2865 1011 2922 in
1055 2873 1350 2935 conspectu
1393 2877 1606 2920 eorum.
1654 2883 1674 2917 ι
1731 2863 1832 2918 Hic
1886 2863 1984 2918 Dei

405 2961 672 3031 inspectio
707 2958 777 3014 ad
823 2951 1008 3016 omnia
1033 2965 1260 3013 extensa
1305 2956 1655 3023 declaratur;
1703 2955 1833 3026 quia
1876 2962 1985 3013 non

407 3053 462 3106 in
495 3051 579 3106 his
612 3057 822 3106 tantum
862 3051 1132 3106 consiStet
1165 3048 1244 3103 ira
1266 3091 1282 3116 ,
1335 3049 1432 3105 Sed
1472 3056 1664 3120 gentes
1721 3049 1988 3120 pervadet

409 3143 810 3200 ultio.Atenim
833 3151 1014 3199 utnon
1047 3149 1271 3212 possent
1299 3140 1581 3208 lsraelitae,
1631 3142 1732 3197 soli
1782 3153 1813 3195 a
1876 3137 1988 3197 D'eo

408 3232 747 3304 reprehensi,
793 3232 1011 3299 dicere,
1042 3232 1211 3286 Deum
1260 3245 1358 3287 sua
1417 3239 1650 3296 tantum,
1701 3245 1808 3288 non
1859 3246 1988 3288 vero

2083 2039 2188 2114 γὴν
2213 2040 2470 2112 ὀνομάζει
2490 2058 2503 2071 ·
2537 2039 2844 2104 ἀκολούθως
2867 2040 2976 2112 γὰρ
2995 2043 3059 2112 τῇ
3087 2040 3182 2094 τοῦ
3214 2040 3373 2110 λόγου
3398 2041 3674 2109 ἀποφάσει

2082 2133 2152 2188 τὰ
2206 2129 2306 2207 τῆς
2359 2134 2529 2206 ὀργῆς
2589 2135 2703 2198 τοῖς
2769 2126 3260 2204 κολασθησομένοις
3315 2133 3675 2204 ὲπενεχθήσε-

2084 2244 2195 2280 ται.

2161 2424 2180 2457 ι
2213 2407 2321 2460 Καὶ
2335 2406 2400 2459 τδ
2416 2406 2634 2478 πνεῦμα
2657 2406 2842 2473 αὐτοῦ,
2862 2407 2938 2470 ὡς
2964 2407 3111 2478 ὕδωρ
3133 2407 3193 2461 ὲν
3212 2406 3456 2478 φάραγγι
3484 2404 3675 2478 σύρον,

2082 2495 2203 2568 ἥξει
2230 2495 2335 2562 ἕως
2359 2496 2455 2551 τοῦ
2486 2499 2781 2570 τραχήλου,
2802 2499 2896 2552 καὶ
2909 2498 3327 2571 διαιρεθήσεται.
3361 2518 3380 2552 ι
3399 2497 3513 2552 Καὶ
3542 2498 3679 2552 διαι-

2087 2583 2375 2660 ρεθήσεται
2389 2588 2450 2642 τὸ
2462 2589 2782 2645 κολαστικὸν
2795 2589 2953 2644 τοῦτο
2969 2589 3187 2661 πνεῦμα
3217 2591 3296 2654 είς
3313 2587 3512 2653 πολλάς
3536 2588 3680 2642 διαι-

2089 2678 2210 2750 ρέσε
2219 2696 2286 2743 ις,
2317 2675 2406 2732 διὰ
2428 2679 2489 2732 τό
2509 2679 2768 2750 πλείστην
2790 2676 2928 2734 εἶναι
2945 2678 3053 2733 τῶν
3073 2678 3448 2750 κολαζομένων
3478 2679 3671 2748 διαφθέ-

2089 2770 2208 2842 ράν.
2255 2769 2410 2824 (Τοῦ
2437 2771 2676 2843 ,ταράξαι
2709 2767 2838 2842 ἔθνη
2864 2771 2957 2825 ἐπὶ
2977 2762 3241 2844 πλανὴσει
3298 2771 3525 2842 ματαία,
3579 2769 3676 2824 καὶ

2084 2861 2334 2928 διώξεται
2366 2863 2564 2928 αὐτοὺς
2587 2863 2870 2935 πλάνησις,
2905 2865 3000 2917 καὶ
3046 2863 3275 2934 λήψεται
3303 2863 3502 2927 αὐτοὺς
3531 2861 3677 2916 κατὰ

2086 2955 2377 3026 πρόσωπον
2401 2955 2601 3010 αὐτῶν.
2641 2951 2660 3008 ι
2698 2946 2810 3027 Τὴν
2839 2954 2982 3010 κατὰ
3015 2955 3230 3010 πάντων
3275 2954 3534 3009 θεοπτίαν
3581 2955 3680 3008 καὶ

2085 3048 2244 3103 τοῦτο
2263 3049 2552 3115 δείκνυσιν,
2579 3050 2661 3104 ὅτι
2683 3050 2784 3103 οὐκ
2808 3049 2917 3103 ἔσω
2950 3048 3156 3103 τούτων
3192 3049 3448 3121 στήσεται
3475 3047 3543 3101 τὰ
3572 3047 3678 3118 τῆς

2087 3140 2258 3211 ὀργῆς
2281 3159 2295 3171 ’
2327 3140 2718 3212 διαὸήσεταιδὲ
2743 3141 2838 3194 καὶ
2859 3141 2939 3204 εἰς
2960 3141 3029 3195 τὰ
3051 3139 3176 3212 ἔθνη
3207 3141 3241 3213 ἡ
3269 3140 3527 3212 τιμωρία.
3556 3140 3677 3193 Ἵνα

2089 3233 2198 3305 γὰρ
2231 3233 2305 3305 μὴ
2333 3233 2427 3306 ἐξῇ
2466 3237 2578 3299 τοῖς
2619 3235 3010 3306 Ἰσραηλίταις,
3053 3235 3234 3307 μόνοις
3265 3235 3372 3289 ὐπὸ
3402 3234 3498 3288 τοῦ
3538 3232 3678 3287 Θεοῦ

408 3325 652 3394 gentium
707 3333 928 3394 peccata
968 3322 1179 3394 punire,
1214 3322 1526 3378 necessario
1567 3321 1865 3378 vindictam
1924 3322 1980 3377 in

2090 3324 2484 3398 ἐλεγχομένοις,
2503 3327 2683 3397 λέγειν
2709 3327 2904 3391 αὐτοὺς
2932 3327 3092 3398 μόνον
3122 3327 3212 3381 τὸν
3240 3327 3372 3381 Θεὸν
3425 3326 3520 3379 ἐπὶ
3561 3326 3681 3389 τοῖς

405 3423 596 3484 gentes
623 3427 843 3485 quoque
865 3412 1222 3467 transituram
1251 3409 1529 3476 declarat,
1568 3419 1736 3481 atque
1775 3410 1982 3466 erroris

409 3502 668 3558 ultionem
697 3503 846 3573 ipsos
875 3503 1194 3556 invasuram
1213 3493 1626 3570 es’se'praadicit.

2089 3417 2449 3490 ἁμαρτήμασι
2483 3419 2984 3493 τιμωρηθήσεσθαι,
3013 3420 3135 3490 οὐχὶ
3172 3420 3230 3473 δὲ
3268 3421 3362 3474 καὶ
3405 3419 3475 3473 τὰ
3521 3417 3675 3489 ἔθνη,

2090 3509 2407 3579 ἀναγκαίως
2431 3513 2526 3566 καὶ
2555 3511 2655 3584 τὴν
2688 3512 2782 3566 ἐπὶ
2812 3511 2881 3567 τὰ
2908 3510 3036 3583 ἔθνη
3061 3511 3412 3583 διαϐήσεσθαι
3432 3509 3680 3566 ἐκδικίαν

410 3597 642 3665 φάσκει,
695 3595 790 3648 καὶ
821 3590 1230 3664 καταλήψεσθαι
1272 3593 1375 3663 τὴν
1425 3592 1492 3644 ἐκ
1545 3594 1648 3663 τῆς
1698 3591 2018 3664 πλανήσεως
2055 3595 2210 3670 δίκην
2231 3596 2615 3674 προαγορεύει,

484 3774 646 3828 Vsus.
666 3771 755 3828 29-
770 3771 858 3827 52.
882 3790 902 3824 ι
923 3770 1177 3841 Nunquid
1207 3785 1420 3840 semper
1441 3779 1654 3840 oportet
1679 3785 1776 3827 vos
1791 3770 1988 3841 laetari,

416 3876 472 3920 et
505 3879 722 3934 semper
752 3864 960 3935 ingredi
984 3864 1038 3918 in
1062 3874 1250 3920 sancta
1296 3878 1440 3929 mea,
1477 3863 1633 3933 quasi
1663 3862 1802 3919 festa
1834 3865 1982 3919 cele-

406 3959 650 4020 brantes,
683 3958 838 4027 quasi
878 3957 1129 4012 laetantes
1165 3957 1374 4026 ingredi
1409 3971 1536 4011 cum
1571 3956 1704 4011 tibia
1735 3957 1804 4011 ad
1834 3972 1990 4012 mon-

410 4063 518 4104 tem
553 4049 792 4112 Domini,
833 4049 903 4103 ad
948 4048 1122 4104 Deum
1171 4047 1373 4105 lsraei?
1419 4047 1485 4103 Et
1533 4049 1782 4105 auditam
1830 4048 1991 4106 faciet

411 4141 675 4199 Dominus
737 4142 968 4212 gloriam
1004 4142 1156 4198 vocis
1203 4156 1340 4210 sum,
1378 4150 1435 4198 et
1482 4141 1720 4199 furorem
1773 4143 1988 4200 brachii

407 4235 518 4300 sul,
552 4242 612 4288 ut
639 4235 896 4291 ostendat
923 4251 1047 4291 cum
1075 4234 1258 4291 furore
1281 4249 1338 4291 et
1363 4236 1445 4290 ira
1468 4246 1522 4290 et
1563 4235 1781 4290 ﬂamma
1817 4237 1987 4292 devo-

409 4338 588 4394 rante,
651 4328 963 4385 fulminabit
994 4328 1367 4395 vehementer,
1425 4339 1480 4386 et
1532 4331 1673 4386 sicut
1726 4345 1864 4403 aqua
1933 4339 1990 4386 et

409 4419 641 4489 grando,
686 4434 806 4490 qua:
836 4421 889 4474 vi
933 4419 1184 4485 deorsum
1224 4419 1418 4476 l'ertur.
1468 4418 1572 4475 Per
1603 4435 1794 4475 vocem
1838 4419 1986 4475 enim

409 4513 626 4567 Domini
653 4514 1053 4582 superabuntur
1079 4511 1290 4581 Assyrii
1337 4512 1520 4583 plaga,
1562 4528 1666 4582 qua
1719 4513 1991 4582 percutiet

408 4618 504 4659 eos
539 4621 554 4659 :
583 4615 638 4660 et
661 4605 770 4658 erit
799 4605 850 4660 ei
879 4605 933 4659 in
977 4605 1238 4660 circuitu.
1280 4623 1298 4656 ι
1339 4605 1514 4672 Tunc,
1543 4607 1638 4673 ait,
1669 4607 1701 4660 ii
1737 4606 1832 4676 qui
1864 4621 1990 4675 per-

408 4697 689 4752 cutiebant
717 4705 771 4752 et
817 4696 1180 4753 verberabant
1214 4711 1330 4761 eos,
1365 4711 1557 4766 poenas
1599 4696 1804 4752 dabunt
1833 4713 1849 4751 :
1881 4697 1989 4752 dae-

407 4795 600 4843 mones
622 4788 768 4843 enim
788 4789 1254 4844 circumsistentes
1274 4787 1394 4843 illos
1425 4788 1706 4859 suppliciis
1730 4788 1985 4845 aﬂicient.

408 4875 642 4943 Quinam
670 4892 800 4932 vero
845 4877 954 4933 sint
987 4878 1064 4933 illi
1107 4893 1234 4933 mox
1281 4877 1460 4947 aperit
1507 4879 1727 4934 dicens:
1765 4897 1784 4931 ι
1833 4879 1990 4936 Unde

409 4979 533 5026 erat
565 4969 675 5025 illis
702 4983 828 5040 spes
854 4970 1063 5033 auxilii,
1094 4971 1148 5024 in
1179 4985 1285 5040 quo
1334 4969 1449 5040 ipse
1496 4970 1830 5026 confidebat.
1883 4971 1986 5040 Ipsi

2158 3796 2178 3828 ι
2232 3777 2325 3850 Μὴ
2368 3777 2457 3832 διὰ
2510 3780 2711 3844 παντὸς
2760 3779 2841 3834 δεῖ
2891 3781 3033 3853 ὑμᾶς
3092 3778 3523 3852 εὐφραίνεσθαι,
3580 3780 3684 3834 καὶ

2090 3867 2510 3940 εἰσπορεύεσθαι
2539 3869 2618 3934 είς
2635 3871 2704 3923 τὰ
2729 3871 2859 3940 ἆγιά
2880 3889 2980 3943 μου
3004 3871 3314 3938 διαπαντὸς,
3335 3871 3468 3924 ὡσεὶ
3487 3867 3682 3942 ἑορτά-

2091 3955 2304 4023 ζοντας,
2339 3959 2473 4012 ὡσεὶ
2495 3959 2956 4032 εὐφραινομένους
2978 3961 3239 4015 εἰσελθεῖν
3273 3963 3390 4033 μετ’
3406 3960 3569 4014 αὐλοῦ
3597 3961 3682 4025 είς

2089 4047 2152 4101 τὸ
2207 4047 2334 4118 ὅρος
2378 4049 2585 4121 Κυρίου
2641 4051 2781 4123 πρὸς
2833 4053 2926 4106 τὸν
2978 4052 3109 4107 Θεὸν
3134 4051 3228 4106 τοῦ
3285 4052 3534 4126 Ίσραὴλς
3563 4053 3682 4106 Καὶ

2089 4138 2362 4210 ἀκουστὴν
2395 4142 2611 4213 ποιήσει
2637 4143 2842 4215 Κύριος
2877 4146 2976 4218 τὴν
3014 4145 3172 4211 δόξαν
3223 4148 3322 4217 τῆς
3351 4145 3534 4216 φωνῆς
3578 4145 3682 4200 αὐ-

2089 4231 2208 4298 τοῦ,
2239 4234 2333 4287 καὶ
2363 4233 2456 4288 τὸν
2485 4234 2654 4307 θυμδν
2683 4235 2778 4289 τοῦ
2803 4235 3086 4310 βραχίονος
3110 4236 3298 4298 αὐτοῦ,
3328 4236 3498 4304 δεῖξαι
3536 4236 3681 4307 μετὰ

2091 4326 2265 4397 θυμοῦ
2293 4328 2385 4381 καὶ
2416 4329 2603 4400 ὀργῆς.
2631 4331 2726 4383 καὶ
2764 4330 2959 4400 φλογὸς
3006 4330 3418 4401 κατεσθιούσης,
3472 4345 3680 4403 κεραυ-

2091 4414 2251 4470 νώσει
2278 4414 2486 4486 βιαίως,
2511 4419 2604 4470 καὶ
2627 4418 2703 4482 ὼς
2729 4417 2874 4490 ὕδωρ
2907 4420 3002 4474 καὶ¹
3031 4419 3238 4491 χάλαζα
3266 4421 3685 4492 συγκαταφέρο-

2095 4509 2230 4579 μένη
2257 4508 2368 4580 βίᾳ.
2401 4511 2500 4563 Διά
2525 4509 2632 4582 γὰρ
2665 4512 2764 4582 τῆς
2795 4514 2978 4582 φωνῆς
3026 4511 3232 4583 Κυρίου
3278 4511 3684 4584 ἡττηθήσονται

2105 4600 2378 4672 Ἀσσύριοι
2404 4605 2470 4675 τῇ
2504 4595 2707 4675 πληγῇ,
2803 4603 2869 4658 ἂν
2896 4603 3110 4676 πατάξῃ
3134 4603 3328 4668 αὐτούς
3353 4622 3365 4634 ·
3405 4605 3500 4658 καὶ
3521 4604 3681 4658 ἔσται

2093 4692 2242 4764 αὐτῷ
2263 4693 2544 4748 κυκλόθεν.
2577 4713 2596 4746 ι
2629 4695 2763 4748 Τότε
2789 4693 2875 4766 δὴ,
2912 4697 3096 4767 φησὶν,
3119 4698 3167 4750 oi
3201 4697 3452 4760 παίοντες
3477 4697 3685 4761 αὐτοὺς

2093 4785 2185 4838 καὶ
2209 4784 2501 4850 τύπτοντες
2531 4787 3005 4860 τιμωρηθήσονται
3031 4807 3044 4819 ·
3090 4785 3342 4860 δαίμονες
3386 4787 3520 4860 γάρ,
3579 4807 3682 4843 κυ-

2093 4878 2281 4931 κλόθεν
2337 4881 2535 4944 αὐτοὺς
2595 4880 3143 4953 περιστοιχησάμενοι
3175 4923 3189 4945 ,
3247 4883 3347 4946 τὰς
3403 4882 3682 4959 τιμωρίας

2091 4969 2372 5034 ἐπάξουσι.
2396 4972 2552 5036 Τίνες
2607 4973 2663 5026 δέ
2717 4976 2854 5027 εἰσιν
2908 4969 3054 5027 οὗτοι
3105 4973 3358 5044 διασαφεῖ
3411 4975 3675 5043 φάσκων·

403 5076 531 5116 cum
555 5061 826 5132 tympanis
849 5067 904 5116 et
931 5061 1144 5114 cithara
1191 5060 1526 5129 pugnabunt.
1566 5078 1588 5112 ι
1625 5058 1813 5129 impiis
1859 5076 1984 5131 spes

2093 5079 2113 5111 ι
2153 5058 2414 5136 “Οθεν,ἦν
2447 5064 2691 5138 αὐτοῐςὴ
2751 5063 2906 5129 ἐλπὶς
2949 5063 3051 5136 τῆς
3103 5066 3355 5136 βοηθείας
3380 5106 3395 5129 ,
3453 5067 3540 5135 ἐφ’
3607 5061 3681 5139 ἧς

406 5155 600 5210 auxilii
626 5164 797 5210 erata
836 5155 942 5210 diis
969 5155 1105 5217 suis,
1150 5154 1484 5209 adversariis
1519 5168 1714 5223 nempe
1745 5164 1988 5224 potesta-

409 5249 576 5311 tibus,
611 5259 667 5303 et
701 5247 960 5316 malignis
984 5247 1287 5317 spiritibus.
1328 5245 1423 5301 His
1443 5247 1642 5317 quippe
1679 5248 1835 5317 quasi
1881 5247 1987 5301 diis

407 5343 780 5411 adhaerebant,
807 5357 872 5398 ac
896 5357 1044 5412 spem
1090 5341 1281 5394 auxilii
1330 5340 1382 5394 in
1421 5341 1488 5396 iis
1515 5340 1793 5408 locarant;
1830 5341 1986 5410 igno-

404 5441 596 5487 rantes
628 5434 775 5502 ipsos
803 5443 1039 5489 tortores
1073 5435 1178 5490 sibi
1213 5435 1444 5490 futuros.
1477 5432 1612 5488 Nam
1638 5433 1720 5487 ira
1750 5442 1805 5487 et
1836 5431 1988 5486 furor

405 5536 598 5580 cutura
627 5526 822 5594 impios
867 5526 1146 5583 immissus
1200 5543 1294 5596 per
1340 5526 1566 5596 angelos
1617 5525 1792 5581 malos
1845 5521 1987 5580 infe-

407 5622 581 5670 retur.
607 5631 625 5665 ι
661 5613 767 5683 Ipsi
819 5631 942 5669 cum
986 5617 1258 5686 tympanis
1303 5628 1360 5674 et
1389 5615 1621 5690 _citbara
1663 5613 1987 5686 pugnabunt

480 5822 524 5856 "
568 5819 709 5880 Psal.
749 5836 910 5890 cxvn,
947 5823 1146 5891 26,?7.

2094 5153 2256 5217 αὐτὸς
2278 5154 2574 5209 ἐπεποίθει.
2608 5157 2771 5210 Αὐτοὶ
2797 5156 2935 5228 μετὰ
2956 5159 3254 5228 τυμπάνων
3297 5158 3390 5211 καὶ
3441 5156 3680 5228 κιθάρας

2094 5245 2546 5319 πολεμήσουσιν.»
2585 5249 2768 5313 Ἐλπὶς
2787 5254 2898 5314 τοῖς
2925 5251 3143 5304 ἀσεϐέσι
3177 5250 3428 5321 βοηθείας
3453 5246 3523 5321 ἦν
3568 5251 3680 5305 ἀπὸ

2093 5337 2202 5392 τῶν
2224 5339 2364 5393 θεῶν
2383 5341 2582 5405 αὐτῶν,
2609 5337 2717 5394 τῶν
2738 5342 3125 5412 ἀντικειμένων
3156 5341 3356 5414 δηλαδὴ
3370 5341 3678 5412 δυνάμεων,

2096 5429 2189 5481 καὶ
2219 5428 2328 5483 τῶν
2366 5430 2618 5502 πονηρῶν
2654 5431 3000 5502 πνευμάτων.
3037 5429 3264 5494 Τούτοις
3299 5429 3408 5500 γάρ
3433 5429 3510 5493 ὡς
3536 5425 3681 5494 θεοῖς

2096 5525 2400 5592 προσεῖχον,
2432 5524 2525 5576 καὶ
2542 5523 2642 5595 τὴν
2667 5519 2854 5576 ἐλπίδα
2875 5521 2974 5593 τῆς
2994 5518 3244 5594 βοηθείας
3264 5524 3327 5574 ὲκ
3356 5519 3563 5574 τούτων
3581 5523 3683 5576 αὐ·-

2096 5616 2204 5679 τοῖς
2237 5613 2451 5672 ἔσεσθαι
2483 5615 2730 5689 ἡλπιζον,
2753 5617 2851 5670 οὐκ
2887 5615 3107 5680 εἰδότες,
3140 5615 3221 5669 ὅτι
3241 5609 3381 5668 οὗτοι
3413 5613 3680 5667 κολασταὶ
