3862 6210
170 398 283 459 $13

1059 391 1569 456 WRNTARIA
1605 387 1677 454 IN
1717 390 1973 452 lSAlAM.
2016 430 2083 439 —
2121 388 2277 451 CAP.
2314 386 2509 448 XXXI.

3337 396 3446 453 5H

172 516 360 573 αὐτῶν
383 515 620 571 ἔσονται.
663 514 733 570 Ἦ
761 514 873 586 γὰρ
895 514 1034 588 ὀργὴ
1062 515 1160 569 καὶ
1189 516 1221 568 6
1263 513 1437 586 θυμὸς
1458 512 1601 568 κατὰ
1655 512 1764 566 τῶν

1868 520 2059 568 contra
2084 524 2209 565 eum
2248 522 2316 564 ex
2351 506 2813 571 commutatione;
2843 525 2862 559 ι
2905 516 3093 578 utpdte
3124 510 3214 579 qui
3251 510 3448 570 alienis

173 606 395 664 ἀσεϐῶν
428 606 893 677 ἀποστελλόμενος
937 606 1007 660 δι’
1055 604 1306 675 ἀγγέλων
1337 603 1627 674 γενήσεται
1672 618 1764 655 πο-

1870 604 2031 658 malis
2072 602 2345 673 gaudeant
2375 610 2547 655 :nam
2567 610 2635 652 cx
2670 598 2862 653 amicis
2886 600 3092 654 inimici
3115 602 3371 657 evadem.

172 702 377 774 νηρῶν.
405 710 428 754 ᾶ
459 702 623 756 Αὐτοὶ
656 701 799 773 μετὰ
827 700 1128 772 τυμπάνων
1165 702 1263 755 καὶ
1294 698 1525 771 κιθάρας
1551 696 1952 770 πολεμήσουσιν
1972 697 2136 750 αὐτὸν
2172 698 2237 749 ἐκ
2261 694 2563 767 μεταϐολῆς
2583 710 2597 725 ’
2631 698 2652 746 ι
2686 693 2781 747 ἆτε
2811 694 3278 766 ἐπιχαιρεσίκακοί
3297 712 3445 765 τινες

168 801 325 864 ὄντες
345 818 360 830 ·
423 799 548 855 ἀντὶ
601 798 713 871 γὰρ
769 798 880 853 τῶν
937 798 1109 868 φίλων
1157 797 1342 870 ἐχθροὶ
1388 794 1843 868 καταστήσονται.

238 938 259 972 ι
301 910 379 975 ΣΞ)
405 916 650 1001 γᾶρδπρὸ
692 917 915 993 ἡμερῶν
973 919 1350 1001 ᾴπαιτηθήσῃ.
1529 920 1626 974 καὶ
1676 920 1761 972 σοὶ

167 1011 482 1083 ήτοιμὰσθη
513 1009 851 1081 βασιλεύειν;
892 1030 911 1062 i
951 1010 1138 1065 Ταῦτα
1157 1010 1236 1071 δὲ,
1272 1009 1426 1082 φησὶ,
1487 1009 1548 1063 σὲ
1605 1026 1762 1080 περι-

172 1102 347 1173 μένει,
365 1103 460 1157 τὸν
488 1100 655 1156 πάλαι
671 1103 941 1175 τρυφερὸν
966 1090 1059 1156 καί
1080 1103 1445 1174 ὑπερήφανον·
1474 1103 1523 1155 εί
1553 1101 1628 1174 μὴ
1654 1086 1761 1174 ἄρα

169 1193 372 1246 σαυτὸν
388 1193 615 1247 ἅπατῶν
638 1192 947 1266 προσδοκᾷς
977 1195 1058 1248 ὅτι
1076 1194 1172 1248 καὶ
1202 1195 1283 1247 σοὶ
1301 1192 1605 1265 βασιλεύειν
1620 1195 1763 1266 ήτοί-

170 1279 379 1352 μάσῖται
403 1281 608 1354 δμοίως
630 1284 744 1345 τοῖς
777 1282 969 1353 στενὴν
997 1284 1090 1336 καί
1116 1280 1486 1354 τεθλιμμένην
1501 1283 1757 1337 όδεύσασι

166 1351 380 1442 ⁶τρίϐον,
410 1351 507 1425 καῖ
552 1368 790 1443 πτωχοῖς
820 1351 1077 1426 διᾶήΘεδν
1110 1351 1639 1444 γενομένοις-ἕνεκεν
1673 1370 1757 1426 δι-

168 1462 487 1536 καιοσύνης.
522 1462 663 1520 Πᾶσι
690 1465 801 1538 γὰρ
832 1462 1060 1530 ἐκείνοις
1084 1466 1410 1538 ἡτοίμασται
1436 1463 1754 1538 ἡβασιλεία,

166 1554 286 1611 ἀλλ’
297 1556 360 1610 οὗ
386 1558 470 1611 σοὶ
484 1556 563 1629 τῷ
572 1552 672 1630 τὴν
686 1556 945 1611 πλατεῖαν
960 1559 1055 1611 καὶ
1071 1557 1382 1631 εὐρύχωρον
1392 1559 1511 1612 ὁδὸν
1528 1575 1756 1630 πορευο-

171 1646 341 1719 μένῳ.
374 1654 393 1700 i
415 1645 674 1721 Φάραγγα
694 1648 932 1720 βαθεῖαν,
955 1646 1084 1715 ξύλα
1099 1649 1348 1722 κείμενα,
1368 1651 1478 1724 πῦρ
1499 1652 1591 1705 καὶ
1621 1651 1754 1719 ξύλα

167 1740 361 1796 tolli.
406 1740 467 1795 '0
496 1737 667 1813 θυμὸς
691 1736 898 1814 Κυρίου
931 1742 1006 1806 ὡς
1030 1742 1249 1814 φάραγξ
1277 1743 1381 1797 ὑπὸ
1410 1743 1553 1798 θείου
1596 1762 1750 1800 καιος-

1937 915 2105 971 Vens.
2130 914 2219 969 '53.
2258 931 2278 965 ι
2313 911 2392 967 Tu
2425 910 2570 967 enim
2604 908 2730 965 ante
2762 910 2877 964 dies
2904 909 3175 964 rationem
3214 911 3443 965 reddere

1863 1009 2097 1077 cogeris.
2133 1005 2404 1074 Numquid
2424 1005 2590 1059 etiam
2622 1003 2719 1058 tibi
2748 1011 2997 1072 paratum
3035 1012 3120 1057 est
3147 1002 3436 1070 regnare?»

1863 1099 2013 1165 Hinc,
2047 1100 2243 1168 inquit,
2271 1108 2324 1152 te
2375 1096 2506 1151 olim
2550 1094 2917 1166 voluptarium
2941 1104 2997 1148 et
3019 1094 3320 1161 superbum
3353 1108 3445 1148 ex-

1864 1201 2118 1264 spectant
2149 1207 2162 1245 :
2197 1191 2299 1245 nisi
2340 1189 2576 1244 fortasse
2619 1187 2853 1257 teipsnm
2886 1184 3188 1254 decipiens,
3249 1199 3444 1254 exspe-

1865 1296 1982 1342 ctas
2024 1283 2120 1338 tibi
2186 1296 2403 1352 quoque
2459 1287 2710 1352 paratum
2764 1294 2988 1350 regnum
3033 1292 3177 1342 esse,
3214 1276 3444 1347 perinde

1864 1376 2028 1446 atque
2065 1375 2152 1439 iis,
2190 1374 2283 1445 qui
2337 1373 2390 1427 in
2437 1379 2663 1442 angusta
2688 1380 2743 1425 et
2767 1380 2917 1425 arcta
2946 1369 3030 1423 via
3073 1367 3440 1431 incesserunt,

1862 1478 1917 1523 et
1969 1466 2236 1538 pauperes
2289 1474 2513 1536 propter
2562 1462 2731 1518 Deum
2792 1471 3125 1532 propterque
3171 1458 3443 1529 justitiam

1863 1558 2040 1615 θετοοιί
2072 1567 2219 1614 sunt.
2266 1555 2365 1611 His
2395 1556 2598 1626 quippe
2623 1553 2877 1609 omnibus
2931 1563 3177 1623 paratum
3215 1565 3440 1621 regnum

1861 1662 1965 1713 est,
2000 1666 2106 1706 non
2160 1634 2276 1711 tibi.
2314 1650 2406 1719 qui
2447 1649 2498 1703 in
2535 1648 2640 1702 lata
2681 1656 2742 1702 et-
2792 1646 3031 1717 spatiosa
3074 1646 3163 1698 via
3212 1640 3442 1700 incedis.

1866 1764 1885 1797 ι
1927 1742 2130 1800 Vallem
2160 1736 2508 1812 profundam,
2543 1739 2686 1810 ligna
2723 1738 2984 1809 iacentia,
3015 1738 3191 1808 ignem
3215 1740 3270 1791 et
3296 1735 3443 1811 ligna

168 1829 330 1903 μένη.
377 1852 396 1884 ι
421 1832 576 1887 Θεῖον
602 1836 698 1887 καὶ
722 1833 831 1905 πῦρ
859 1834 1210 1887 ύποκαίουσιν
1250 1836 1331 1899 είς
1360 1835 1459 1908 τὴν
1496 1836 1605 1889 τῶν
1655 1838 1752 1890 αύ-

1860 1835 2053 1891 multa.
2086 1832 2262 1890 Furor
2288 1832 2501 1887 Domini
2536 1831 2848 1887 sicutvallis
2872 1829 3130 1900 sulphure
3151 1842 3439 1883 accensa.»

161 1901 867 1997 τόθικατακριθησομένῶν
899 1926 1139 1981 κόλασιν.
1181 1901 1431 1981 Τοσαῦτα
1457 1928 1514 1981 δὲ
1543 1912 1631 1982 διὰ
1658 1929 1755 1999 μέ-

1857 1926 2100 1998 Sulphur
2155 1936 2210 1983 et
2266 1924 2448 1995 ignem
2505 1923 2867 1989 succendunt,
2929 1922 2995 1974 ad
3069 1924 3281 1985 eorum,
3346 1919 3442 1989 qui

162 2008 265 2068 ἀου
297 2014 491 2078 εἰπὼν,
521 2015 893 2088 ἀναλαμϐάνει
920 2016 1019 2090 τὴν
1070 2016 1207 2091 πρὸς
1229 2021 1356 2084 τοὺς
1383 2019 1756 2090 καταφεύγονη

159 2120 266 2171 τας
295 2109 383 2172 εἰς
402 2107 676 2178 Αἴγυπτον
709 2111 1067 2182 προφητείαν.

682 2346 1082 2413 ΚΕΦᾹΛΑΙΟΝ
1113 2352 1237 2411 Ak.

238 2487 261 2523 ι
287 2464 429 2524 Mai.
447 2470 498 2523 οἱ
520 2470 942 2535 καταϐαίνοντες
961 2470 1041 2533 εἰς
1067 2468 1341 2549 Αἴγυπτον
1363 2464 1456 2525 ἐπὶ
1479 2470 1752 2543 βοήθειαν,

157 2557 211 2614 oi
238 2562 325 2631 ἐφ’
363 2562 551 2628 ἵπποις
578 2554 898 2641 πεποιθότες
927 2563 1020 2617 καὶ
1046 2563 1131 2632 ἐφ’
1160 2560 1421 2634 ἅρμασιν.
1462 2562 1619 2616 Ἔστι
1644 2563 1752 2634 γὰρ

159 2652 357 2720 πολλὰ,
386 2654 483 2708 καὶ
509 2654 594 2723 ἐφ’
630 2654 819 2719 ἵπποις
852 2654 1053 2726 πλῆθος
1082 2656 1307 2727 σφόδρα.
1342 2652 1453 2709 Καὶ
1484 2655 1585 2708 οὐκ
1611 2650 1753 2726 ἦσαν

158 2743 491 2808 πεποιθότες
520 2745 615 2798 ἐπὶ
650 2744 743 2799 τὸν
773 2743 967 2814 Ἀγιον
997 2744 1093 2798 τοῦ
1134 2744 1374 2817 Ἰσραὴλ,
1401 2747 1495 2798 καὶ
1521 2742 1612 2800 τὸν
1637 2740 1754 2799 Κύ-

161 2846 281 2909 ριον
307 2839 413 2893 ούκ
437 2838 728 2911 ἐζήτησαν.
759 2840 867 2894 Καὶ
894 2839 1058 2904 αὐτὸς
1087 2840 1265 2910 σοφῶς
1286 2835 1421 2911 ἦγεν
1443 2840 1529 2894 ἐπ’
1554 2840 1755 2906 αὐτοὺς

161 2929 335 2995 adid,
382 2931 478 2985 icui
513 2931 542 2984 6
569 2929 726 3002 λόγος
760 2929 926 2985 αὐτοῦ
971 2932 1033 2985 ού
1078 2931 1153 3003 μὴ
1193 2927 1455 3004 ἁθετηθῇ,
1520 2932 1617 2987 καὶ
1655 2934 1755 2986 ἐπ-

156 3021 528 3093 αναστήσεται
562 3020 649 3077 ἐπ’
680 3021 861 3087 οἴκους
886 3018 1190 3094 ἀνθρώπων
1234 3022 1513 3095 πονηρῶν,
1549 3025 1643 3078 καὶ
1659 3018 1753 3077 ἐπὶ

156 3113 263 3193 τὴν
287 3113 483 3168 ἐλπίδα
509 3113 687 3169 αὐτῶν
717 3113 816 3186 τὴν
858 3113 1113 3185 ματαίαν,
1140 3110 1436 3186 Αίγύπτιον
1465 3115 1753 3185 ἄνθρωπον

157 3206 354 3283 καὶού
377 3204 532 3271 836v,
560 3206 743 3279 ἵππων
774 3206 981 3283 σᾷρκας
1010 3208 1103 3261 καὶ¹
1133 3207 1235 3261 οὐκ
1263 3204 1380 3261 ἐστι
1412 3202 1653 3279 βοήθεια.
1692 3209 1752 3265 Ὀ

153 3282 216 3354 ἀ
258 3282 471 3370 Κύριος
501 3298 698 3367 ἐπάγει
736 3282 835 3370 τὴν
874 3301 1030 3371 χεῖρα
1072 3298 1238 3353 αὑτοῦ
1273 3296 1362 3354 ἐπ’
1390 3299 1607 3365 αὐτοὺς,
1652 3300 1746 3354 καὶ

156 3386 520 3442 κοπιάσουσιν
579 3389 627 3441 oi
674 3386 1022 3459 βοηθοῦντες,
1076 3388 1172 3442 καὶ
1217 3388 1333 3459 ἅμα
1385 3388 1588 3452 πάντες
1642 3384 1747 3442 ἀπ-

154 3479 414 3535 ολοῦνται
454 3478 718 3550 μαχαίρᾳ.
759 3480 781 3532 ὅ
815 3474 1105 3551 Μέμφεται
1146 3480 1343 3543 αὐτοὺς
1372 3481 1401 3533 6
1440 3477 1616 3549 λόγος,
1640 3480 1745 3546 ὅτι,

159 3572 237 3643 μή
262 3568 590 3634 πεποιθότες
619 3570 713 3624 611:1
738 3570 830 3625 τὺν
854 3563 1044 3640 Ἃγιον
1073 3570 1167 3625 τοῦ
1197 3570 1432 3643 Ἰσραὴλ,
1463 3572 1545 3637 εἰς
1581 3572 1749 3641 Λίγυ-

158 3664 353 3727 πτίους
381 3661 711 3732 κατέφυγονο
733 3662 813 3717 διδ
839 3664 935 3718 καὶ
956 3663 1358 3737 καταλήψεσθαι
1384 3664 1581 3729 αὐτοὺς
1609 3660 1646 3718 ἃ.
1672 3664 1747 3736 μὴ

159 3755 572 3827 προσεδόκησαν
599 3756 747 3810 κακὰ
771 3756 858 3809 ἐπ’
883 3753 1052 3828 αὐτῆς
1075 3755 1176 3827 τῆς
1204 3754 1478 3828 Αἰγύπτου
1511 3755 1745 3811 ἀπειλεῖ.

160 3849 414 3904 Διδάσκει
440 3848 507 3902 δι’
530 3848 659 3919 ὅλης
684 3849 784 3920 τῆς
820 3848 1188 3921 προκειμένης
1235 3848 1476 3921 ἱστορίας
1512 3850 1541 3903 ό
1568 3849 1746 3918 λόγος,

161 3937 219 3987 ὲν
238 3937 360 3999 τοῖς
388 3937 602 4006 καιροῖς
632 3935 740 3990 τῶν
768 3934 1045 4009 διωγμῶν,
1072 3937 1127 3991 εί
1149 3940 1279 3992 ποτε
1308 3940 1544 4008 κρινεϊεν
1564 3938 1593 3992 6
1614 3938 1748 4003 Θεὸς

156 4025 247 4077 τὸν
269 4024 404 4079 λαὸν
433 4024 624 4090 αὑτοῦ,
660 4025 694 4097 ἢ
733 4026 830 4079 καὶ
864 4027 965 4099 τήν
1004 4027 1330 4099 Ἐκκλησίαν
1354 4030 1519 4085 αὐτοῦ
1564 4047 1746 4103 παρα-

157 4114 338 4169 δοῦναι
381 4118 498 4181 τοῖς
529 4116 631 4187 τὴν
672 4115 981 4173 θεοσέϐειαν
1011 4120 1314 4187 ἐλαύνουσι,
1361 4119 1436 4194 μή
1475 4120 1583 4175 δεῖν
1615 4124 1747 4176 ἀνα-

157 4211 357 4280 χωρεῖν
391 4207 498 4280 τῆς
531 4208 715 4263 ἐνθέου
753 4210 1017 4278 πίστεως,
1061 4212 1195 4285 μηδὲ
1223 4206 1324 4285 τῆς
1356 4212 1449 4267 ἐπὶ
1485 4211 1580 4268 τὸν
1611 4212 1745 4269 Θεὸν

158 4295 547 4371 πεποιθήσεως
592 4301 957 4371 ἀφίστασθαι,
1011 4304 1147 4376 μηδὲ
1200 4304 1598 4376 ἀπογινώσκειν
1646 4303 1745 4373 τὰς

156 4393 349 4448 τούτου
378 4394 699 4464 διαλλαγὰς,
725 4397 861 4468 μηδὲ
886 4398 980 4452 ιπι
1003 4398 1093 4451 τὸν
1115 4396 1481 4468 Αἰγυπτιακὸν
1504 4399 1619 4470 βίον
1647 4398 1745 4454 αύ-

156 4484 429 4557 τορολείν,
457 4482 604 4555 λέγω
628 4485 693 4558 δὴ
720 4488 811 4541 τὸν
834 4488 943 4544 τῶν
966 4488 1382 4561 είδωλολατρῶν.
1412 4488 1605 4544 Πολλοὶ
1633 4490 1742 4565 γὰρ

1855 2021 1980 2077 istic
2015 2018 2545 2079 condemnabuntur,
2601 2014 2948 2086 supplicium.
3006 2013 3105 2069 His
3147 2029 3313 2084 porro
3344 2014 3442 2068 ad-

1854 2115 2037 2170 ductis
2075 2113 2132 2169 in
2187 2111 2448 2193 medium,
2509 2108 2856 2180 prophetiam
2902 2121 3071 2177 super
3119 2107 3209 2174 iis,
3243 2107 3335 2178 qui
3384 2106 3440 2161 in

1853 2194 2151 2276 A'gvptum
2178 2200 2587 2272 confugiebant,
2629 2199 2877 2255 resumit.

2418 2350 2649 2413 CAPUT
2682 2340 2878 2410 XXXi.

1924 2470 2089 2525 Vens.
2108 2467 2222 2524 1-5.
2258 2456 2384 2523 «Vae
2400 2466 2492 2536 qui
2511 2465 2849 2521 descendunt
2869 2463 2921 2518 in
2940 2448 3234 2532 Egyptum
3253 2461 3319 2514 ad
3336 2475 3439 2515 au-

1855 2562 2070 2626 x’iiium,
2095 2561 2186 2630 qui
2241 2556 2520 2615 confidunt
2551 2557 2605 2613 in
2639 2556 2798 2627 equis
2828 2564 2884 2611 et
2914 2556 2967 2610 in
2994 2553 3264 2609 curribus.
3300 2551 3441 2607 Sunt

1854 2652 1995 2706 enim
2016 2651 2194 2715 multi,
2211 2660 2267 2704 et
2289 2651 2343 2704 in
2368 2649 2522 2719 cquis
2541 2646 2826 2702 multitudo
2848 2644 3060 2716 ingens.
3090 2643 3155 2697 Et
3177 2659 3281 2698 non
3300 2658 3438 2698 con-

1854 2745 1935 2799 ﬁsi
1953 2753 2080 2799 sunt
2094 2744 2147 2798 in
2163 2739 2366 2798 Sancto
2382 2740 2568 2808 Israel,
2586 2747 2641 2793 et
2658 2736 2942 2793 Dominum
2962 2752 3065 2791 non
3083 2734 3436 2806 quaesierunt.

1853 2834 1921 2893 Et
1949 2838 2064 2907 ipse
2085 2835 2362 2905 sapienter
2380 2832 2593 2888 induxit
2613 2846 2777 2902 super
2795 2845 2890 2885 eos
2930 2827 3095 2891 mala,
3130 2837 3186 2882 et
3213 2825 3439 2881 verbum

1853 2930 2091 3001 ethsnon
2112 2923 2489 2991 frustrabitur,
2514 2920 2570 2980 et
2591 2924 2839 2994 insurget
2872 2910 2927 2976 in
2951 2920 3140 2976 domos
3157 2920 3438 2974 hominum

1854 3022 2140 3085 malorum,
2176 3029 2230 3076 et
2265 3020 2318 3075 in
2343 3035 2491 3091 spem
2512 3033 2700 3074 eorum
2728 3033 2944 3083 vanam,
2985 3004 3302 3086 Egyptium
3330 3015 3434 3070 ho-

1854 3115 2055 3168 minem
2103 3120 2158 3166 et
2185 3114 2291 3165 non
2351 3108 2545 3175 Dedin,
2576 3124 2839 3180 equorum
2881 3123 3097 3175 carnes,
3124 3119 3181 3163 et
3219 3124 3325 3164 non
3354 3117 3441 3165 est

1854 3203 2141 3259 auxilium.
2174 3201 2438 3258 Dominus
2473 3210 2656 3257 autem
2691 3201 2909 3256 inducet
2948 3215 3165 3255 manum
3201 3215 3353 3255 suam
3378 3201 3436 3257 in

1854 3310 1968 3358 eos,
2000 3303 2056 3350 et
2090 3290 2411 3351 laborabunt
2431 3293 2521 3364 qui
2551 3292 2905 3359 auxiliantur,
2958 3303 3014 3347 et
3056 3291 3218 3347 simul
3242 3307 3437 3348 omnes

1853 3386 2106 3456 peribunt
2139 3383 2338 3455 gladio.
2367 3401 2387 3436 ι
2426 3380 2577 3453 Ipsos
2598 3382 2864 3452 coarguit,
2887 3380 3014 3451 quia
3041 3376 3244 3437 Sancto
3267 3380 3436 3437 Israel

1856 3476 1963 3531 non
2003 3472 2253 3541 ﬁdentes,
2293 3473 2360 3528 ad
2384 3471 2670 3544 Egyptios
2693 3471 3060 3541 confugerunt
3094 3490 3109 3528 :
3166 3474 3435 3543 quamob-

1856 3569 2142 3639 remzipsos
2161 3567 2548 3635 ineXspectatis
2574 3562 2729 3621 malis
2755 3562 2806 3619 in
2831 3552 3069 3637 Egypto
3098 3566 3437 3622 invadendos

1853 3674 1975 3717 esse
1996 3660 2382 3715 comminatur.
2407 3659 2464 3714 In
2486 3668 2596 3714 tota
2623 3657 2790 3728 igitur
2808 3661 3061 3728 praesenti
3087 3661 3310 3714 historia
3334 3660 3433 3715 do-

1850 3763 1978 3819 cet,
2008 3752 2056 3809 si
2086 3752 2303 3822 quando
2349 3752 2525 3807 ‘visum
2564 3749 2674 3807 Deo
2708 3750 2894 3818 fuerit,
2947 3752 3203 3823 populum
3238 3767 3435 3819 suum,

1847 3846 1963 3902 sive
1988 3840 2287 3901 ECcIesiam
2326 3848 2502 3910 suam,
2547 3843 2944 3914 persecutionis
2998 3851 3240 3927 tempore
3285 3843 3435 3913 piam

1812 3936 2162 4009 religionem
2192 3937 2518 3992 vexantibus
2547 3936 2784 4005 tradere,
2821 3952 2852 3991 a
2898 3936 3080 3991 divina
3127 3936 3232 3991 ﬁde
3282 3951 3436 3991 rece-

1852 4028 2090 4084 dendum
2114 4045 2223 4084 non
2242 4028 2387 4096 esse,
2417 4043 2594 4099 neque
2612 4029 2994 4085 abstinendum
3023 4044 3053 4083 a
3079 4027 3274 4085 ﬁducia
3306 4045 3436 4102 erga

1852 4120 2045 4189 Deum,
2095 4124 2197 4178 hec
2240 4120 2307 4178 de
2362 4121 2479 4193 ejus
2528 4120 2978 4180 reconciliatione
3010 4123 3435 4194 desperandum,

1850 4215 1953 4273 nec
1985 4210 2367 4273 declinandum
2399 4214 2468 4273 ad
2505 4212 2887 4288 Egyptiacam
2918 4216 3085 4270 vitam
3115 4254 3132 4280 ,
3179 4216 3437 4271 videlicet

1848 4309 1916 4361 ad
1939 4308 2346 4365 idololatrarum
2375 4310 2707 4366 institutum.
2732 4296 2885 4364 Multi
2909 4312 3146 4379 namque
3175 4311 3227 4364 in
3248 4308 3435 4379 hujus-

1851 4402 1995 4457 rn‘odi
2022 4403 2357 4473 temporibus
2388 4402 2417 4457 a
2445 4402 2548 4473 piae
2581 4402 2861 4473 religionis
2886 4402 3132 4456 doctrina
3150 4401 3435 4456 disceden-

1852 4504 1952 4562 tes,
1976 4494 2126 4566 spem
2155 4511 2307 4552 suam
2342 4496 2394 4550 in
2430 4495 2839 4551 idololatrarum
2858 4494 3073 4549 auxilio.
3093 4494 3427 4547 locaverunt.

157 4575 213 4632 ἐν
235 4584 357 4645 τοῖς
383 4579 650 4647 ῶιούτοις
674 4586 907 4655 καιροῖς,
940 4584 1348 4658 ἀποστήσαντες
1413 4585 1508 4641 τοῦ
1571 4589 1672 4661 τῆς
1738 4588 2050 4657 θεοσεϐείας
2091 4592 2273 4662 λόγου,
2307 4591 2409 4656 τὰς
2449 4590 2672 4655 ἐλπίδας
2715 4591 3029 4662 ἀνήρτησαν
3070 4585 3280 4640 ἑαυτῶν
3332 4584 3432 4657 τῆς

157 4675 261 4729 τῶν
296 4675 593 4730 εἰδωλολατ
599 4676 708 4748 ρῶν
742 4675 1012 4751 βοηθείας.

228 4817 248 4849 ι
296 4795 426 4848 Ὅτι
462 4793 638 4859 οὕτως
667 4789 789 4847 εἶπέ
831 4812 921 4866 μοι
963 4794 1195 4868 Κύριος·
1238 4797 1334 4851 “Ov
1370 4798 1571 4870 τρόπον
1615 4799 1743 4853 ὅταν

1920 4795 2087 4855 Vnus.
2121 4795 2247 4852 4-7.
2285 4815 2304 4848 ι
2340 4794 2608 4864 Quoniam
2654 4794 2738 4850 sic
2786 4792 2923 4848 dixit
2964 4789 3095 4846 mihi
3127 4789 3426 4847 Dominus:

161 4884 325 4958 βοήσῃ
358 4887 390 4939 6
432 4884 596 4965 λέων,
633 4883 665 4955 ἢ
703 4885 732 4937 6
776 4884 1013 4955 σκύμνος
1057 4886 1151 4940 ἐπὶ
1181 4890 1248 4958 τῇ
1298 4886 1441 4960 θήρᾳ
1555 4887 1736 4951 ἔλαϐε,

158 4980 248 5032 καὶ
267 4976 522 5049 κεκράξῃ
550 4975 636 5029 ἐπ’
664 4975 834 5047 αὐτὴν
864 4975 970 5040 ἕως
1006 4976 1072 5032 ἂν
1108 4977 1395 5050 ἐμπλησθῇ
1427 4977 1497 5032 τὰ
1517 4968 1618 5050 ὅρη
1640 4980 1739 5050 τῆς

161 5071 339 5141 φωνῆς
366 5067 561 5134 αὐτοῦ,
593 5068 687 5121 καὶ
711 5066 1044 5141 ἡττήθησαν,
1073 5066 1165 5123 καὶ
1192 5069 1254 5122 τὸ
1285 5069 1490 5140 πλῆθος
1520 5070 1614 5123 τοῦ
1648 5070 1740 5123 θυ-

163 5163 258 5231 μοῦ
285 5160 665 5231 ἐπτοήθησαν·
693 5158 864 5224 οὕτως
891 5160 1259 5233 καταϐήσεται
1285 5162 1488 5234 Κύριος
1513 5161 1737 5216 Σαϐαὼθ

162 5252 587 5326 ἐπιστρατεῦσαι
624 5246 717 5305 ἐπὶ
751 5252 815 5305 τὸ
851 5252 977 5325 ὅρος
1019 5253 1176 5321 Σιὼν,
1223 5255 1317 5308 ἐπὶ
1344 5242 1413 5310 τὰ
1439 5256 1542 5327 ὅρη
1570 5256 1742 5328 αὐτῆς

161 5348 232 5411 ὥς
256 5348 425 5421 όρνεα
454 5348 763 5418 πετόμενα’
801 5346 977 5413 οὕτως
1019 5348 1351 5420 ὑπερασπιεῖ
1387 5348 1610 5419 Κύριος,
1648 5352 1741 5405 καὶ

163 5442 445 5509 ἐξελείται,
480 5443 577 5495 καὶ
611 5444 1041 5515 περιποιήσεται,
1088 5444 1182 5497 καὶ
1222 5443 1406 5499 σώσει.
1449 5446 1742 5518 Ἐπιστρα-

165 5549 295 5603 φητε
314 5534 367 5587 oi
396 5532 498 5605 τήν
527 5531 971 5605 βαθεῖαν-βουλὴν
996 5534 1371 5607 βουλευόμενοι
1398 5536 1493 5591 καὶ
1520 5536 1737 5608 ἄνομον,

167 5626 268 5679 υἱοὶ
320 5625 573 5697 ⁹1σραήλ’
610 5626 693 5678 ὅτι
724 5628 790 5697 τῇ
826 5627 1008 5699 ἡμέρᾳ
1035 5628 1216 5700 ἐκείνῃ
1266 5628 1739 5701 ἀπαρνηθήσονται

166 5717 215 5766 οἱ
249 5712 526 5789 ἄνθρωποι
560 5716 630 5770 τὰ
656 5707 1009 5791 χειροποίητα
1050 5721 1250 5785 αὐτῶν,
1286 5720 1355 5773 τὰ
1400 5722 1617 5795 ἀργυρᾶ
1642 5724 1735 5777 καὶ

166 5805 229 5859 τὰ
256 5809 452 5880 χρυσᾶ,
498 5807 533 5863 ἃ
577 5807 839 5881 ἐποίησαν
884 5810 939 5864 αἱ
986 5814 1164 5885 χεῖρες
1212 5812 1406 5868 αὐτῶν.
1453 5834 1470 5868 ι
1520 5813 1734 5882 Ἔξεστι

1849 4887 2319 4957 Quemadmodum
2346 4905 2472 4945 cum
2511 4886 2770 4944 clamabit
2812 4886 2920 4952 leo,
2961 4883 3304 4951 autcatulus,
3332 4898 3428 4939 su-

1846 4995 1942 5051 per
1974 4982 2154 5051 praeda
2198 4996 2361 5052 quam
2416 4980 2579 5049 cepit,
2611 4988 2668 5034 et
2708 4977 3097 5033 vociferabitur
3126 4990 3291 5044 super
3337 4991 3426 5042 ea,

1848 5075 2023 5130 donec
2072 5074 2401 5144 impleantur
2424 5081 2638 5129 montes
2669 5085 2804 5126 voce
2832 5070 2973 5141 ejus,
3005 5078 3061 5125 et
3094 5069 3220 5124 victi
3266 5078 3425 5133 sunt,

1846 5178 1904 5224 et
1938 5168 2337 5225 vehementiam
2363 5168 2570 5223 furoris
2603 5167 2726 5238 ejus
2746 5176 3051 5236 expavere;
3086 5165 3166 5221 sic
3198 5167 3426 5221 descen-

1847 5258 1940 5314 det
1959 5259 2219 5314 Dominus
2249 5259 2512 5325 Sabaoth,
2550 5269 2608 5313 ut
2637 5258 2913 5329 praelietur
2946 5259 2997 5313 in
3033 5266 3215 5313 monte
3245 5257 3380 5313 Sion
3408 5297 3427 5325 ,

1847 5366 2007 5422 supra
2032 5359 2243 5407 montes
2271 5352 2408 5420 ejus,
2462 5354 2607 5406 sicut
2657 5366 2787 5406 aves
2816 5350 3093 5413 volantes;
3124 5351 3206 5406 sic
3244 5361 3428 5420 prote-

1848 5453 1937 5512 get
1964 5441 2246 5510 Dominus,
2270 5451 2324 5497 et
2345 5442 2563 5513 eripiet,
2597 5453 2652 5499 et
2678 5442 2899 5507 fovebit,
2926 5452 2981 5499 et
3008 5444 3266 5501 servabit.
3290 5444 3430 5500 Con-

1848 5537 2148 5601 vertimini,
2177 5537 2269 5607 qui
2297 5537 2626 5607 profundum
2656 5536 2940 5593 consilium
2960 5536 3208 5594 inieratis
3230 5548 3286 5593 et
3315 5539 3422 5593 ini-

1848 5645 2037 5700 quum,
2066 5630 2162 5684 lilii
2191 5629 2358 5685 lsrael
2387 5648 2401 5683 :
2432 5629 2557 5698 quia
2593 5629 2649 5683 in
2683 5629 2772 5685 die
2808 5628 2898 5684 illa
2949 5628 3293 5700 abnegabunt
3323 5630 3422 5685 bo-

1846 5724 2019 5778 inines
2049 5723 2192 5779 idola
2221 5738 2319 5778 sua
2366 5731 2625 5791 argentea
2653 5732 2707 5776 et
2768 5735 2956 5787 aurea,
3008 5736 3130 5792 qua:
3177 5720 3424 5775 fecerunt

1845 5830 2041 5873 manus
2075 5830 2284 5872 eorum.
2312 5835 2332 5870 ι
2385 5814 2543 5873 Licet
2595 5814 2738 5872 enim
2796 5813 2928 5885 ipsis
2965 5815 3143 5871 tetiam
3179 5829 3339 5880 nunc,
3372 5811 3420 5867 si
