3862 6210
375 334 481 390 515

1045 327 1314 386 EUSEBII
1351 331 1833 388 CESARIENSIS
1870 331 2019 388 OPP.
2062 329 2242 385 PARS
2280 328 2371 384 Ill.
2411 360 2484 370 —
2521 327 2932 385 EXEGETICA.

3526 326 3631 382 3l6

375 444 746 520 pmnitentiam
781 450 966 514 agant,
989 441 1042 497 in
1066 457 1220 498 suam
1249 445 1548 515 remigrare
1572 456 1795 510 terram,
1831 461 1952 500 cum

2063 444 2167 515 γὰρ
2194 445 2359 497 είσέτι
2392 444 2488 498 καὶ
2510 443 2604 497 νῦν
2635 445 3070 514 μετανοήσαντας
3093 443 3404 497 ἐπανελθεῖν
3433 444 3510 507 είς
3533 442 3634 516 τὴν

376 536 694 593 edidicerint
747 534 928 604 qualia
965 533 1109 590 Deus
1138 536 1289 597 circa
1316 552 1440 591 eam
1482 537 1757 607 pollicitus
1785 539 1874 593 sit.
1903 537 1955 590 Id

375 631 539 686 etiam
576 627 816 683 declarat
839 627 1066 682 historia
1103 648 1116 682 :
1150 643 1274 680 nam
1314 637 1437 695 post
1463 630 1694 683 reditum
1743 644 1808 683 ex
1860 627 1959 681 Ba-

375 721 589 792 bylone,
617 735 682 774 ac
707 719 1001 774 excitatum
1043 720 1220 772 denuo
1262 721 1516 788 templum
1549 721 1602 774 in
1632 720 1953 787 Jerusalem,

379 827 484 868 non
508 811 648 868 ultra
673 812 830 867 idolis
865 811 946 866 usi
975 811 1146 867 fuisse
1185 814 1456 868 videntur.

451 989 612 1045 Vens.
638 991 691 1045 8.
728 1009 746 1042 ι
778 991 841 1045 Ει
880 992 1038 1047 cadet
1061 994 1234 1048 Assur
1267 1010 1371 1049 non
1415 995 1594 1064 gladio
1621 998 1746 1064 viri,
1785 1013 1958 1068 neque

381 1081 594 1152 gladius
623 1083 724 1137 viri
753 1083 1034 1136 devorahit
1059 1101 1180 1139 eum
1212 1103 1225 1138 :
1259 1095 1315 1140 et
1355 1085 1547 1156 fugiet,
1587 1103 1692 1140 non
1727 1103 1756 1140 a
1814 1089 1955 1142 facie

380 1175 584 1245 gladii:
639 1176 869 1244 juvenes
923 1187 1103 1230 autem
1147 1179 1572 1246 superabuntur.
1611 1198 1631 1232 ι
1674 1177 1958 1250 Signiﬁcat

376 1276 560 1320 autem
619 1265 1026 1322 idololatrarum
1083 1270 1236 1338 regni
1289 1270 1583 1334 excidium,
1635 1273 1958 1340 ruinamque

375 1373 563 1414 eorum
595 1377 608 1413 :
642 1359 865 1426 pristina
901 1359 990 1412 illa
1023 1362 1167 1431 regia
1219 1361 1506 1430 dignitate,
1534 1363 1692 1431 quasi
1744 1362 1813 1417 ab
1847 1367 1957 1416 alto

375 1451 636 1506 humilem
663 1452 714 1504 in
747 1452 924 1506 locum
966 1453 1195 1522 dejecta.
1227 1453 1280 1506 id
1313 1463 1492 1508 autem
1525 1454 1630 1509 illis
1653 1455 1955 1525 continget,

375 1543 473 1610 ait,
507 1558 611 1597 non
640 1559 706 1598 ex
735 1544 970 1598 humana
1014 1545 1312 1615 irruptione
1341 1565 1354 1600 :
1396 1547 1489 1600 sed
1523 1561 1588 1600 ex
1619 1547 1798 1601 divina
1823 1563 1955 1601 con-

375 1641 460 1686 tra
493 1633 615 1687 illos
655 1649 882 1688 accensa
913 1636 1013 1690 ira.
1051 1635 1278 1691 Etiamsi
1300 1637 1444 1692 enim
1474 1636 1723 1693 homines
1753 1639 1954 1693 excidii

375 1739 562 1779 eorum
600 1725 834 1780 ministri
883 1741 1044 1794 quam
1091 1730 1327 1783 maxime
1366 1729 1652 1783 videantur
1699 1745 1854 1796 esse;
1902 1739 1958 1785 at

375 1815 492 1885 ipse
529 1815 668 1872 Deus
711 1827 832 1872 erat
879 1788 971 1886 qui
1023 1820 1301 1875 hominum
1345 1835 1508 1890 opera
1534 1821 1785 1888 :l‘unditus
1838 1788 1957 1877 illos
1983 1788 2026 1845 Ο

375 1911 595 1970 evertit.

448 2083 612 2140 Vsus.
643 2085 696 2140 9.
746 2103 766 2137 ι
817 2086 977 2143 Petra
1028 2089 1173 2144 enim
1223 2091 1749 2158 circumdahuntur,
1802 2094 1954 2163 quasi

374 2174 536 2240 vallo,
574 2185 627 2231 et
655 2177 966 2233 vincentur.
1006 2199 1025 2233 ι
1060 2180 1276 2236 Petram
1311 2193 1470 2239 vocat
1527 2185 1672 2239 illam
1701 2185 1827 2240 olim
1855 2187 1957 2241 As-

377 2265 650 2336 syriorum
691 2266 1024 2334 ﬁrmitatem,
1070 2273 1328 2344 regnique
1363 2276 1546 2340 robur,
1606 2277 1748 2346 quod
1781 2289 1958 2335 trans-

375 2356 578 2410 iturum
609 2373 732 2419 esse
755 2358 908 2414 dicit.
941 2379 960 2412 ι
983 2362 1083 2428 Qui
1110 2372 1290 2420 autem
1320 2367 1798 2438 fugiet,capietur.
1831 2370 1956 2427 llaec

376 2447 510 2503 dicit
537 2449 797 2506 Dominus
829 2471 842 2507 :
872 2452 1090 2520 Beatus,
1135 2459 1223 2527 qui
1257 2459 1418 2514 habet
1452 2460 1505 2514 in
1550 2460 1678 2516 Sion
1725 2478 1908 2518 semen
1935 2505 1952 2529 ,

375 2547 434 2594 et
461 2541 790 2599 domesticos
820 2545 875 2600 in
903 2544 1226 2604 Jerusalem.
1267 2571 1284 2604 ι
1308 2551 1403 2608 His
1427 2553 1554 2608 item
1582 2553 1835 2609 hortatur
1860 2571 1956 2612 eos

374 2632 469 2700 qui
520 2635 572 2688 in
632 2635 925 2707 Egyptum
960 2640 1334 2710 confugerant,
1368 2653 1426 2698 ut
1460 2661 1530 2702 ne
1563 2649 1878 2705 recederent
1924 2666 1954 2705 a

376 2722 497 2780 loco
536 2726 624 2781 ubi
648 2739 768 2784 erat
801 2731 1060 2800 templum
1089 2733 1179 2788 Dei
1208 2754 1222 2787 :
1260 2738 1354 2791 sed
1377 2739 1542 2792 etiam
1591 2740 1787 2796 beatos
1817 2758 1958 2811 pra:-

375 2814 525 2870 dicat
549 2833 666 2882 eos,
703 2819 794 2890 qui
843 2835 1027 2878 semen
1069 2825 1119 2878 in
1152 2825 1284 2882 Sion
1321 2827 1557 2885 habituri
1595 2843 1746 2900 sunt,
1775 2846 1832 2890 et
1857 2836 1954 2890 do-

377 2909 638 2964 mesticos
665 2910 719 2965 in
767 2911 1107 2984 Jerusalem;
1159 2921 1415 2988 quoniam
1450 2923 1540 2978 illa
1575 2931 1952 2996 restauranda,

376 3007 434 3052 et
465 3001 746 3068 pristinam
779 3004 1003 3075 gloriam
1032 3023 1184 3064 suam
1237 3025 1620 3084 recuperatura
1667 3030 1788 3074 erat
1812 3064 1827 3089 ,
1859 3037 1954 3076 seu

376 3091 542 3146 etiam
573 3093 834 3162 majorem
869 3098 978 3162 illa,
1015 3117 1176 3170 quam
1212 3104 1362 3172 prius
1392 3117 1552 3163 nacta
1579 3109 1779 3167 fuerat.
1812 3115 1956 3180 Qua-
1982 3131 2024 3188 (ς

377 3191 601 3254 propter
623 3187 745 3241 aliis
777 3189 1077 3258 dicebatur,
1111 3213 1130 3246 ι
1163 3195 1229 3250 Et
1255 3199 1360 3252 erit
1388 3200 1555 3270 gloria
1582 3203 1775 3261 domus
1801 3207 1955 3263 istius

377 3275 676 3332 novissima
713 3293 878 3347 super
905 3283 1139 3350 priorem
1173 3286 1239 3341 ³ο.
1277 3308 1295 3342 ι
1328 3289 1483 3362 Scias
1523 3306 1762 3364 oportet,
1797 3298 1948 3364 illud,

384 3381 405 3417 ι
435 3367 646 3435 beatus,
678 3389 698 3423 ι
719 3385 749 3424 a
769 3372 983 3428 nemine
1013 3374 1116 3431 alio
1140 3377 1495 3451 interpretum
1517 3384 1720 3442 dictum
1747 3387 1951 3446 fuisse:

376 3473 479 3528 pro
513 3459 602 3515 illo
630 3472 831 3530 autem,
865 3484 884 3517 ι
919 3465 1020 3532 Qui
1057 3467 1217 3526 habet
1249 3472 1303 3527 in
1347 3474 1477 3530 Sion
1516 3490 1724 3544 semen,
1755 3491 1812 3536 et
1862 3483 1957 3538 do-

378 3552 637 3609 mesticos
671 3555 722 3609 in
749 3554 1068 3623 Jerusalem,
1096 3578 1116 3612 ι
1145 3561 1505 3632 Symmachus
1527 3568 1706 3636 habet,
1730 3590 1749 3622 ι
1778 3572 1953 3640 ignem

379 3643 434 3699 in
470 3644 599 3701 Sion
627 3657 682 3702 et
709 3648 981 3705 clibanum
1016 3652 1070 3706 in
1101 3653 1437 3720 Jerusalem;
1469 3677 1490 3712 ι
1527 3661 1718 3732 Aquila
1747 3678 1880 3719 vero
1900 3675 1955 3721 et

380 3732 702 3825 'J’heodotio,
743 3757 763 3792 ι
801 3739 919 3796 Lux
955 3743 1055 3812 ipsi
1089 3745 1142 3799 in
1190 3746 1346 3812 Sion,
1379 3759 1436 3804 et
1469 3752 1716 3810 clibanus
1751 3755 1850 3825 ipsi
1897 3758 1952 3812 in

378 3823 706 3884 Jerusalem.
737 3849 757 3884 ι
785 3835 950 3898 Queis
989 3836 1214 3909 docetur
1262 3842 1642 3900 universorum
1694 3823 1863 3903 Deum
1901 3860 1956 3905 et

383 3915 695 3986 Dominum,
724 3925 815 3992 qui
842 3925 1010 3981 hasce
1035 3939 1226 3984 contra
1249 3931 1508 4006 Assyrios
1545 3939 1720 3995 minas
1768 3951 1956 4010 protu-

381 4009 469 4074 lit,
518 4013 696 4082 ignem
729 4016 930 4071 habere
961 4018 1015 4078 in
1065 4018 1217 4089 Sion,
1247 4031 1304 4078 et
1331 4025 1602 4082 clibanum
1650 4029 1702 4084 in
1733 4009 1957 4087 Jerusa-

380 4100 485 4156 lem
509 4118 524 4167 ;
552 4113 612 4158 ut
634 4106 679 4161 si
698 4109 914 4176 quando
938 4110 1188 4180 voluerit,
1213 4114 1317 4171 hoc
1347 4117 1470 4187 igne
1493 4129 1549 4175 et
1575 4120 1789 4179 clibano
1814 4139 1956 4179 com-

379 4193 541 4248 burat
563 4204 618 4250 et
637 4211 907 4270 excoquat
928 4218 1021 4259 eos
1043 4205 1133 4273 qui
1157 4207 1541 4266 combustione
1567 4226 1701 4282 opus
1729 4214 1952 4272 habent.

381 4287 644 4353 Quocirca
671 4291 763 4346 Dei
797 4293 884 4347 illa
911 4295 1106 4354 civitas
1132 4299 1410 4368 despectui
1440 4303 1686 4359 habenda
1718 4324 1823 4361 non
1848 4320 1951 4365 est.

382 4377 509 4436 llaec
545 4397 711 4452 porro
769 4384 836 4440 de
878 4387 1117 4443 Ecclesia
1173 4389 1303 4445 item
1333 4390 1457 4458 jure
1501 4395 1776 4462 dicantur,
1825 4401 1952 4470 quia

382 4469 498 4540 ipsa
526 4481 610 4527 est
641 4474 834 4531 civitas
886 4476 974 4532 illa
1026 4479 1122 4534 Dei
1176 4481 1434 4552 gloriosa,
1462 4488 1528 4539 de
1577 4502 1682 4556 qua
1712 4469 1912 4546 dicitur
1938 4533 1954 4559 ,
1991 4503 2032 4554 ι)

385 4581 407 4616 ι
443 4564 692 4622 Gloriosa
723 4568 864 4622 dicta
900 4580 1032 4625 sunt
1066 4572 1133 4627 de
1165 4583 1237 4640 te,
1280 4575 1476 4632 civitas
1529 4578 1626 4634 Dei
1675 4580 1742 4636 ³¹.
1782 4601 1802 4635 ι
1860 4583 1958 4640 Est

382 4655 513 4710 item
548 4657 604 4712 in
659 4659 749 4714 illa
784 4661 923 4730 ignis
961 4670 1018 4718 et
1063 4665 1328 4732 clibanus,
1363 4683 1472 4740 quo
1523 4671 1957 4746 uniuscujusque

381 4749 578 4804 animae
604 4751 769 4819 ligna,
804 4752 985 4809 fenum
1017 4764 1070 4811 et
1096 4758 1351 4827 stipulam
1383 4763 1668 4821 comburat
1709 4777 1764 4822 et
1793 4770 1958 4824 absu-

382 4852 514 4896 mat.
544 4843 696 4910 Quod
721 4845 765 4899 si
789 4846 1022 4917 dicatur,
1055 4865 1075 4900 ι
1114 4849 1231 4904 Lux
1263 4851 1364 4920 ipsi
1401 4854 1453 4908 in
1497 4853 1652 4922 Sion,
1697 4865 1752 4913 et
1782 4859 1954 4915 cliba-

383 4950 486 4990 nus
519 4937 617 5005 ipsi
652 4937 703 4990 in
735 4937 1060 5006 Jerusalem,
1103 4961 1124 4994 ι
1167 4943 1346 5013 ignem
1381 4945 1747 5018 intelligamus
1793 4965 1956 5020 opor-

385 5036 484 5094 tet,
539 5041 759 5099 propter
787 5046 880 5086 eos
911 5047 978 5087 ex
1008 5043 1175 5101 coetu,
1209 5036 1300 5105 qui
1349 5035 1556 5093 lumine
1584 5050 1713 5095 sunt
1758 5041 1907 5113 digni
1932 5061 1949 5110 ;

383 5120 656 5176 clihanum
685 5133 866 5179 autem
900 5126 951 5180 in
981 5125 1306 5193 Jerusalem,
1339 5139 1559 5199 propter
1582 5147 1677 5187 eos
1695 5133 1784 5204 qui
1802 5149 1953 5190 com-

383 5214 633 5272 bustione
662 5229 714 5272 ct
745 5221 1067 5289 purgatione
1103 5235 1240 5292 opus
1271 5223 1492 5278 habent.

924 5487 1153 5545 CAPUT
1188 5488 1402 5544 XXXII.

457 5574 620 5633 Vsus.
662 5578 794 5638 1.2.
825 5579 1003 5636 «Ecce
1041 5580 1186 5636 enim
1220 5596 1312 5636 r-ex
1364 5580 1543 5650 justus
1582 5580 1849 5652 regnabit,
1899 5589 1953 5636 et

459 5776 507 5810 ³⁸
532 5779 666 5848 Agg.
704 5794 766 5846 ιι,
807 5780 892 5834 10.
970 5779 1178 5836 “Psal.
1210 5779 1510 5847 Lxxxvni.

2061 536 2269 589 ἑαυτῶν
2302 536 2425 605 γῆν,
2469 535 2738 606 μαθόντας
2764 536 2924 586 ὁποῖα
2948 533 3276 604 ἐπήγγελται
3305 534 3432 606 περί⁵
3463 537 3634 604 αὐτῆς

2058 630 2086 682 6
2129 629 2282 691 Θεός.
2316 629 2426 680 Kal.
2455 627 2611 680 τοῦτο
2653 627 2710 680 δὲ
2757 628 3082 698 παρίστησιν
3123 628 3157 698 ἡ
3210 626 3448 696 ἱστορία·
3497 628 3637 697 μετὰ

2057 719 2166 790 γὰρ
2195 719 2256 771 τὸ
2281 717 2596 772 ἐπανελθεῖν
2629 718 2826 781 αὐτοὺς
2864 718 2972 771 ἀπὸ
3016 717 3352 780 Βαϐυλῶνος,
3411 717 3505 770 καὶ
3549 718 3625 770 ἀν

2059 813 2270 881 εγεῖραι
2316 809 2564 880 δεύτερον
2611 809 2703 863 τδν
2743 808 3225 881 ὲνςῐεροσολύμοις
3265 807 3412 872 ναὸν,
3454 808 3636 861 οὐκέτι

2059 903 2340 972 φαίνονται
2369 901 2607 966 εἰδώλοις
2635 903 2984 974 χρησάμενοι.

2135 1010 2154 1044 ι
2189 993 2296 1045 Καὶ
2327 994 2571 1044 πεσεῖται
2624 991 2854 1060 Ἀσσοὺρ
2883 991 2942 1044 οὐ
2982 990 3227 1062 μαχαίρᾳ
3269 988 3480 1060 ἀνδρὸς,
3514 989 3638 1042 οὐδὲ

2062 1086 2306 1157 μάχαιρα
2329 1085 2615 1155 ἀνθρώπου
2646 1085 3020 1154 καταφάγεται
3049 1085 3230 1145 αὐτὸν,
3263 1084 3356 1136 καὶ
3384 1081 3640 1151 φεύξεται

2059 1176 2158 1227 οὐκ
2194 1173 2302 1226 ἀπὸ
2334 1171 2626 1246 προσώπου
2675 1175 2974 1245 μαχαίραςο
3010 1174 3060 1225 οί
3099 1173 3155 1225 δὲ
3189 1172 3460 1225 νεανίσκοι
3498 1171 3640 1224 ἔσον-

2059 1283 2146 1318 ται
2189 1266 2268 1328 είς
2315 1266 2555 1336 ἥττημα.
2605 1286 2623 1318 ι
2674 1266 2936 1336 Σημαίνει
2972 1264 3028 1317 δὲ
3066 1263 3162 1335 τὴν
3196 1263 3506 1334 καθαίρεσιν
3540 1264 3640 1334 τῆς

2058 1357 2165 1410 τῶν
2189 1357 2592 1428 εἰδωλολατρῶν
2623 1356 2920 1426 βασιλείας,
2949 1357 3043 1408 καὶ
3073 1355 3169 1425 τὴν
3197 1354 3406 1408 πτῶσιν
3439 1355 3636 1420 αὐτῶν,

2059 1447 2250 1521 ὥσπερ
2283 1450 2375 1518 ἀφ’
2405 1448 2572 1517 ὕψους
2603 1448 2694 1500 τοῦ
2725 1448 2992 1519 προτέρου
3025 1445 3301 1517 βασιλικοῦ
3335 1444 3642 1516 ἀξιώματος

2060 1543 2153 1606 ἐπὶ
2192 1544 2252 1595 τὸ
2289 1541 2543 1595 ταπεινὸν
2571 1541 2872 1613 φερομένου
2893 1556 2906 1570 ο
2939 1540 3034 1593 καὶ
3067 1537 3223 1592 τοῦτο
3249 1538 3448 1601 αὐτοῖς,
3482 1538 3640 1606 φησὶ,

2061 1634 2400 1704 συμϐήσεται
2433 1633 2534 1685 οὐκ
2565 1631 2623 1696 ἐξ
2665 1631 3017 1703 ἀνθρωπίνης
3063 1630 3273 1699 ἐφόδου,
3303 1628 3414 1682 ἀλλ’
3446 1631 3510 1682 ἐκ
3539 1630 3644 1699 τῆς

2058 1725 2152 1778 τοῦ
2190 1724 2324 1778 Θεοῦ
2364 1726 2482 1777 κατ’
2511 1723 2689 1778 αὐτῶν
2734 1723 2924 1795 ὀργῆς.
2957 1725 3019 1776 Εἰ
3047 1723 3154 1794 γὰρ
3185 1723 3278 1776 καὶ
3307 1722 3376 1775 τὰ
3407 1721 3644 1792 μάλιστα

2060 1818 2277 1871 ἐδόκουν
2321 1817 2598 1890 ἄνθρωποι
2638 1817 2909 1889 ὑπηρέται
2943 1817 3223 1885 γεγονέναι
3259 1819 3355 1886 τῆς
3384 1814 3644 1886 καθαιρέ-

2061 1926 2196 1972 σεως
2219 1909 2421 1973 αὐτῶν,
2446 1909 2559 1962 ἀλλ’
2586 1909 2746 1973 αὐτὸς
2771 1905 2838 1980 ἦν
2863 1911 2891 1963 6
2921 1908 3072 1973 Θεὸς,
3101 1909 3129 1959 6
3157 1907 3251 1961 διὰ
3292 1906 3400 1960 τῶν
3441 1905 3645 1978 ἀνθρώ-

2060 2019 2177 2055 πων
2207 2001 2489 2072 καθαιρῶν
2517 2001 2736 2065 αὐτούς.

2133 2112 2152 2145 ι
2213 2094 2398 2165 Πέτρᾳ
2439 2093 2549 2164 γὰρ
2599 2093 3094 2165 περιληφθήσονται
3138 2093 3214 2156 ὡς
3260 2093 3498 2165 χάρακι,
3547 2093 3646 2147 καὶ

1989 2249 1992 2254 _
2057 2185 2476 2256 ἡττηθήσονται.
2538 2204 2556 2236 ι
2616 2185 2831 2256 Πέτραν
2887 2184 3036 2252 λέγει
3085 2183 3179 2237 τοῦ
3244 2186 3527 2256 Ἀσσυρίου
3581 2185 3649 2240 τὸ

2057 2276 2224 2330 πάλαι
2258 2278 2482 2350 στερρὸν
2504 2277 2598 2330 καί⁸
2624 2277 2840 2348 βέϐαιον
2866 2275 2959 2331 καὶ
2985 2276 3204 2348 ίσχυρὸν
3231 2277 3332 2347 τῆς
3363 2277 3644 2348 βασιλείας

2058 2364 2219 2418 αὐτοῦ
2250 2407 2264 2430 ,
2324 2367 2460 2438 ὅπερ
2525 2365 2954 2439 παρελεύσεσθαί
3004 2384 3169 2438 φησιν
3227 2370 3255 2421 6
3302 2368 3479 2438 λόγος.
3519 2389 3538 2422 ι
3585 2371 3645 2424 ’θ

2057 2455 2114 2509 δὲ
2173 2457 2389 2526 φεύγων
2452 2457 2742 2514 ἁλώσεται.
2810 2459 2948 2512 Τάδε
3025 2458 3173 2528 λέγει
3227 2459 3431 2533 Κύριος
3461 2479 3474 2492 ·
3530 2462 3645 2516 Μα-

2057 2549 2247 2620 κάριος
2294 2549 2353 2613 ὃς
2400 2549 2512 2620 ἔχει
2563 2551 2620 2604 ἐν
2674 2547 2812 2603 Σιὼν
2863 2549 3106 2622 σπέρμα,
3162 2551 3258 2604 καὶ
3301 2551 3533 2615 οἰκείους
3585 2553 3645 2605 ἐν

2069 2640 2444 2711 Ἰερουσαλήμ.
2502 2659 2520 2691 ι
2567 2641 2678 2695 Καὶ
2717 2641 2805 2696 διὰ
2836 2642 3027 2696 τούτου
3065 2642 3364 2714 προτρέπει
3393 2643 3519 2708 τοὺς
3563 2647 3646 2709 είς

2056 2730 2156 2802 τὴν
2198 2730 2471 2800 Αἴγυπτον
2503 2732 2851 2802 ὁρμήσαντας
2893 2733 2969 2803 μὴ
3017 2733 3318 2803 ἀναχωρεῖν
3348 2731 3441 2786 τοῦ
3473 2734 3644 2787 τόπου

2058 2822 2188 2876 ἔνθα
2218 2818 2284 2894 ἦν
2312 2824 2340 2876 6
2373 2821 2510 2885 νεὼς
2541 2821 2636 2874 τοῦ
2669 2822 2803 2876 Θεοῦ
2825 2840 2837 2853 ·
2875 2823 3010 2878 ἀλλὰ
3051 2825 3144 2877 καὶ
3189 2824 3484 2895 μακαρίζει
3514 2825 3644 2890 τοὺς

2056 2914 2274 2980 ἕξοντας
2324 2916 2380 2968 ἐν
2420 2913 2558 2968 Σιὼν
2610 2914 2854 2986 σπέρμα,
2907 2915 3004 2969 καὶ
3045 2917 3103 2970 ἐν
3159 2916 3514 2988 Ἰερουσαλὴμ
3559 2918 3643 2970 οἱ-

2057 3007 2256 3070 κείους,
2296 3005 2384 3059 διὰ
2423 3006 2483 3059 τὸ
2529 3006 2741 3076 μέλλειν
2775 3006 2946 3078 αὐτὴν
2991 3008 3368 3071 ἀνανεοῦσθαι,
3403 3009 3500 3062 καὶ
3539 3009 3643 3080 τὴν

2057 3098 2264 3151 οίκείαν
2307 3094 2465 3162 αὖθις
2496 3097 2906 3169 ἀπολαμϐάνειν
2936 3099 3113 3164 δόξαν,
3153 3099 3188 3169 ἢ
3223 3100 3316 3153 καὶ
3358 3100 3644 3171 κρείττονα

2059 3183 2128 3260 ἦς
2155 3185 2269 3260 εἶχε
2303 3189 2588 3261 πρότερον.
2620 3189 2716 3244 Διὸ
2749 3189 2966 3259 ἐλέγετο
2998 3191 3207 3261 ἐτέροις
3231 3209 3244 3220 ·
3284 3210 3304 3242 ι
3349 3192 3458 3245 Kal.
3488 3191 3645 3247 ἔσται

2061 3283 2094 3353 ἡ
2127 3282 2250 3351 δόξα
2282 3282 2375 3336 τοῦ
2421 3283 2570 3337 οἴκου
2615 3283 2806 3338 τούτου
2843 3286 2876 3354 ή
2925 3284 3129 3355 ἐσχάτη
3171 3284 3312 3356 ὑπὲρ
3354 3283 3453 3355 τήν
3489 3285 3644 3356 πρώ-

2058 3392 2180 3446 την.
2238 3396 2256 3428 ι
2295 3376 2512 3430 Είδέναι
2561 3376 2619 3430 δὲ
2672 3375 2797 3448 χρὴ,
2828 3377 2911 3430 ὅτι
2944 3376 3006 3430 τὸ
3041 3377 3161 3448 μὲν,
3202 3395 3220 3428 ι
3277 3377 3567 3449 μακάριος,
3619 3397 3639 3430 ι

2059 3466 2233 3530 οὐδεὶς
2270 3467 2377 3521 τῶν
2406 3467 3032 3540 ὲρμηνευτῶνιεῐρηκεν·
3068 3469 3191 3523 ἀντὶ
3226 3468 3282 3522 δὲ
3316 3469 3439 3536 τοῦ,
3478 3489 3496 3521 ι
3547 3473 3646 3535 Ὃς

2061 3556 2173 3628 ἔχει
2195 3561 2252 3612 ἐν
2279 3558 2416 3614 Σιὼν
2451 3561 2675 3632 σπέρμα
2712 3551 2806 3613 xiii
2839 3561 3071 3625 οἰκείους
3098 3562 3155 3615 ἐν
3205 3560 3582 3633 Ἰερουσαλὴμ,
3619 3583 3639 3614 ι

2061 3649 2090 3700 6
2131 3649 2229 3720 μὲν
2271 3649 2565 3720 Σύμμαχος
2594 3649 2728 3720 ἔχει,
2771 3669 2790 3702 ι
2828 3648 2940 3722 πῦρ
2978 3652 3036 3704 ἐν
3068 3650 3227 3715 Σιὼν,
3263 3652 3356 3704 καὶ
3388 3651 3648 3706 κλίϐανον

2062 3741 2119 3792 ἐν
2163 3741 2547 3812 Ἰερουσαλήμο
2585 3761 2605 3793 ι
2646 3743 2674 3795 6
2715 3741 2944 3805 Ἀκύλας
2987 3743 3081 3796 καὶ
3120 3742 3430 3806 Θεοδοτίων,
3467 3762 3486 3794 ι
3523 3743 3647 3807 Φῶς

2065 3832 2214 3903 αὑτῷ
2246 3835 2303 3886 ἐν
2338 3833 2477 3886 Σιὼν
2511 3833 2602 3886 καὶ
2633 3833 2883 3897 κλίϐανος
2908 3833 3063 3904 ἀὐτῷ
3103 3835 3162 3888 ἐν
3207 3834 3585 3906 Ἰερουσαλὴμ,
3619 3853 3640 3886 ι

2061 3923 2347 3995 εἰρήκασι·
2401 3923 2739 3989 διδάσκοντος
2771 3925 2865 3980 τοῦ
2916 3925 3096 3995 λόγου,
3143 3927 3225 3980 ὅτι
3270 3930 3299 3982 6
3347 3928 3454 3980 τῶν
3503 3928 3644 3982 ὅλων

2061 4016 2194 4080 Θεὸς
2222 4018 2316 4071 καὶ
2348 4017 2583 4090 Κύριος,
2613 4020 2642 4072 ὁ
2675 4021 2816 4074 κατὰ
2850 4021 2958 4074 τῶν
3003 4021 3301 4092 Ἀσσυρίων
3341 4023 3645 4096 ἀπειλήσας

2059 4109 2131 4163 τὰ
2155 4109 2444 4181 λεγόμενα,
2479 4110 2593 4181 ἔχει
2618 4111 2728 4184 πῦρ
2755 4113 2814 4166 ἐν
2844 4113 3004 4177 Σιὼν,
3035 4115 3128 4167 καὶ
3157 4113 3406 4168 κλίϐανον
3436 4117 3496 4168 ἐν
3546 4116 3646 4169 Ἱε-

2063 4201 2375 4273 ρουσαλήμ·
2411 4201 2489 4255 ἵν’
2521 4203 2609 4255 ὅτε
2645 4202 2922 4275 βούληται,
2956 4204 3034 4275 τῷ
3067 4206 3200 4277 πυρὶ
3225 4205 3398 4277 τούτῳ
3437 4206 3532 4260 καὶ
3563 4208 3645 4279 τῷ

2061 4292 2299 4364 κλιϐάνῳ
2347 4294 2671 4368 κατακαύσῃ
2716 4295 2810 4348 καὶ
2860 4298 3181 4372 κατοπτήσῃ
3231 4299 3358 4364 τοὺς
3395 4299 3647 4366 καύσεως

2059 4384 2363 4456 δεομένους.
2417 4385 2508 4439 Διὸ
2544 4386 2605 4440 οὐ
2660 4388 2927 4459 προσήκει
2976 4393 3338 4462 καταφρονεῖν
3389 4392 3491 4462 τῆς
3545 4393 3646 4446 τοῦ

2059 4474 2196 4528 Θεοῦ
2223 4477 2450 4542 πόλεως.
2483 4477 2666 4532 Ταῦτα
2695 4479 2751 4533 δὲ
2783 4481 2876 4534 καὶ
2916 4480 3045 4552 περὶ
3069 4481 3170 4551 τῆς
3209 4483 3534 4553 Ἐκκλησίας
3559 4485 3646 4538 εἰη

2063 4567 2236 4632 κότως
2267 4568 2332 4622 ἂν
2365 4568 2578 4641 ῥηθείη,
2611 4570 2908 4642 ἐπειδήπερ
2945 4573 2979 4643 ή
3018 4571 3173 4635 πόλις
3207 4572 3302 4625 τοῦ
3329 4572 3466 4626 Θεοῦ
3498 4576 3532 4644 ή
3558 4575 3672 4628 δε-.

2062 4659 2364 4732 δοξασμένη
2388 4661 2522 4733 αὐτή
2547 4663 2683 4727 ἐστι,
2711 4665 2839 4734 περὶ
2863 4659 2930 4734 ἦς
2950 4665 3194 4736 εἴρηται·
3224 4684 3242 4716 ι
3272 4666 3645 4738 Δεδοξασμένα

2062 4751 2296 4824 ἐλαλήθη
2330 4754 2460 4824 περ).
2489 4753 2605 4818 σοῦ,
2634 4757 2667 4824 ή
2699 4755 2853 4818 πόλις
2884 4755 2978 4808 τοῦ
3008 4755 3164 4811 Θεοῦ.
3203 4776 3222 4809 ι
3276 4758 3433 4811 Ἐστι
3464 4760 3558 4812 καὶ
3585 4761 3649 4814 ἐν

2063 4844 2204 4916 αὐτῇ
2232 4843 2343 4917 πῦρ
2373 4846 2468 4899 καὶ
2499 4845 2770 4910 κλίϐανος,
2794 4848 2874 4911 είς
2901 4847 2962 4900 τὸ
2998 4848 3358 4918 καταφλέγειν
3407 4851 3503 4903 καὶ
3551 4852 3646 4904 ἀντ

2059 4935 2308 4991 αλίσκειν
2333 4936 2402 4991 τὰ
2428 4937 2485 4991 ἐν
2521 4938 2726 5011 ἑκάστῃ
2748 4938 2890 5011 ψυχῇ
2926 4938 3055 5004 ξύλα
3078 4942 3171 4994 καὶ
3196 4941 3386 5013 χόρτον
3417 4943 3514 4995 καὶ
3545 4960 3648 4996 κα-

2054 5026 2256 5098 λάμην.
2299 5027 2424 5082 Ἐὰν
2461 5028 2519 5081 δὲ
2565 5028 2814 5098 λέγηται,
2852 5048 2870 5081 ι
2907 5029 3026 5094 Φῶς
3063 5030 3212 5102 αὐτῷ
3245 5033 3303 5084 ἐν
3343 5031 3504 5097 Σιὼν,
3549 5037 3646 5087 καὶ

2057 5118 2307 5184 κλίϐανος
2329 5120 2479 5192 αύτῷ
2506 5122 2565 5174 ἐν
2597 5119 2970 5194 Ἰερουσαλὴμ,
3010 5142 3029 5174 ι
3061 5122 3149 5176 διὰ
3178 5125 3276 5193 μὲν
3308 5125 3436 5188 τοὺς
3463 5126 3643 5194 φωτὸς

2055 5211 2238 5276 ἀξίους
2259 5212 2368 5266 τῶν
2391 5213 2770 5284 συναγομένων
2789 5213 2849 5266 τὸ
2863 5213 2992 5282 φῶς
3009 5213 3260 5286 εἰρῆσθαι
3285 5211 3635 5286 ἐκδεξόμεθα·

2057 5301 2146 5355 διὰ
2178 5302 2236 5356 δὲ
2266 5303 2392 5366 τοὺς
2427 5306 2673 5367 καύσεως
2705 5305 2799 5358 καὶ
2830 5305 3148 5376 καθάρσεως
3192 5306 3383 5377 χρείαν
3415 5305 3641 5376 ἔχοντας

2055 5393 2135 5460 τὸ,
2169 5395 2451 5461 κλίϐανος
2478 5396 2547 5450 ἐν
2587 5396 3001 5466 Ἰερουσαλήμ.

2563 5488 2957 5541 ΚΕΦΑΛΑΙΟΝ
2979 5488 3099 5544 AB'.

2133 5595 2151 5628 ι
2201 5577 2332 5634 Ἰδοὺ
2377 5577 2485 5653 γὰρ
2513 5577 2764 5650 βασιλεὺς
2793 5579 3000 5645 δίκαιος
3033 5579 3358 5652 βασιλεύσει,
3401 5581 3497 5635 καὶ
3531 5578 3639 5656 ’ἄρηι
