3862 6210
173 403 284 457 517

1105 399 1613 457 COMMENTARIA
1651 399 1718 454 IN
1761 401 2286 475 lSAIAM.—.CAP.
2321 403 2542 459 XXXII.

3336 402 3442 455 7.18

172 556 367 610 χοντες
396 539 534 610 μετά
565 538 800 610 κρίσεως
831 537 1075 610 ἄρξουσι.
1103 538 1213 591 Kal
1239 537 1390 592 ἔσται
1424 540 1452 592 6
1482 539 1764 611 ἄνθρωπος

1873 543 2142 612 principes
2168 558 2291 598 cum
2315 541 2519 611 judicio
2544 542 2905 611 imperabunt.
2933 539 3000 594 Et
3027 540 3131 594 erit
3158 541 3320 594 homo
3345 556 3439 594 oc-

173 633 440 702 κρύπτων
470 632 596 693 τοὺς
630 630 822 698 λόγους
847 629 1049 693 αὐτοῦ,
1075 631 1169 683 καὶ
1206 629 1543 702 κρυϐήσεται
1572 629 1646 693 ὡς
1671 628 1765 698 ἀφ’

173 723 371 785 ὓδατος
402 721 727 793 φερομένου.
769 721 880 773 Kal
909 721 1209 790 φανήσεται
1240 723 1298 774 ὲν
1327 719 1465 773 Σιὼν
1489 720 1565 783 ὡς
1602 736 1768 774 ποτα-

176 815 276 884 μὸς
303 815 607 885 φερόμενος
627 855 642 879 ,
671 813 878 877 ἔνδοξος
905 815 962 866 ἐν
989 816 1058 884 γῇ
1087 812 1318 885 διψώσῃ.
1364 832 1383 864 ι
1413 813 1672 876 Θεσπίζει
1699 811 1769 866 τά

173 906 304 974 περὶ
339 905 441 976 τῆς
471 905 793 974 θεοφανείας
835 904 928 958 τοῦ
971 903 1206 975 Χριστοῦ
1225 921 1239 934 ‘
1289 906 1448 976 μόνος
1474 904 1582 978 γὰρ
1613 897 1768 969 οὗτος

171 997 385 1060 δίκαιος
425 999 483 1050 ὲν
531 996 840 1069 ἀνθρώποις
875 997 1116 1068 ἀνεφάνη
1167 999 1196 1050 6
1246 996 1520 1068 βασιλεύς.
1565 998 1677 1052 Kal
1716 999 1766 1052 οἱ

172 1088 467 1141 ἀπόστολοι
499 1088 556 1142 δὲ
589 1087 757 1142 αὐτοῦ
795 1087 933 1159 μετά
967 1087 1202 1160 κρίσεως
1230 1088 1324 1141 τοῦ
1359 1088 1568 1141 ἑαυτῶν
1613 1087 1766 1158 βασι-

171 1179 336 1242 λέως,
371 1181 472 1250 τῆς
535 1180 862 1249 Ἐκκλησίας
894 1178 1060 1234 αὐτοῦ
1095 1179 1498 1250 καθηγήσαντο.
1551 1178 1765 1233 Ἐϐασί-

170 1272 334 1324 λευσε
369 1273 548 1326 τοίνυν
580 1274 660 1335 εἰς
693 1272 1039 1344 δικαιοσύνην
1085 1273 1114 1325 6
1152 1271 1388 1342 Χριστὸς
1422 1272 1614 1343 καινήν
1646 1287 1768 1324 τινα

170 1363 380 1432 ταύτην
409 1363 508 1434 τὴν
536 1355 843 1433 βασιλείαν·
881 1364 941 1418 ού
973 1362 1080 1433 γὰρ
1114 1364 1193 1426 εἰς
1226 1362 1576 1434 ἀνθρωπίνην
1610 1362 1767 1430 ἀξίαν

172 1454 524 1518 ἀποϐλέπων,
564 1455 687 1508 οὐδὲ
722 1457 802 1518 εἰς
838 1454 1000 1526 τιμὴν
1041 1456 1135 1509 xal
1161 1454 1319 1520 δόξαν
1349 1455 1449 1527 τὴν
1489 1455 1641 1527 παρά
1669 1456 1766 1508 ἀν-

172 1546 438 1617 θρώποις,
475 1548 574 1617 τὴν
626 1545 902 1616 βασιλείαν
932 1548 1278 1618 ὲπανήρατο,
1313 1546 1426 1600 ἀλλ’
1453 1548 1534 1610 εἰς
1565 1547 1769 1600 δικαιο-

174 1639 380 1709 σύνην·
412 1638 600 1709 ὥσπερ
631 1634 725 1692 οὖν
778 1637 873 1691 καὶ
923 1638 974 1690 οἱ
1023 1636 1284 1710 ἄρχοντες
1331 1638 1516 1703 αὑτοῦ,
1564 1639 1664 1692 οὐκ
1710 1640 1768 1690 ὲν

173 1731 457 1802 ἀξιώμασι
505 1732 794 1800 κοσμικαῖς
845 1729 1214 1800 προαχθέντες
1265 1726 1456 1802 ἦρχον,
1517 1730 1632 1784 ἀλλ’
1687 1731 1768 1793 είς

173 1823 385 1892 κρίσιν.
424 1821 517 1875 Διὸ
569 1820 712 1874 κατὰ
735 1823 862 1884 τοὺς
891 1821 1112 1885 λοιποὺς
1147 1823 1490 1894 έρμηνευτάς
1529 1823 1764 1894 εἴρηται,

177 1935 196 1968 ι
237 1915 354 1968 Καὶ
381 1915 642 1986 ἄρχοντες
674 1917 754 1978 εἰς
795 1916 969 1986 κρῖμα
998 1913 1275 1986 ἄρξουσιν.
1316 1934 1335 1966 ι
1387 1915 1532 1967 Ἀντὶ
1563 1914 1619 1966 δὲ
1649 1913 1766 1977 τοῦ,

1869 635 2082 688 cultans
2120 649 2400 690 sermones
2429 637 2578 698 sues,
2620 643 2674 689 et
2698 633 3060 688 occultabitur
3092 643 3149 686 ut
3200 632 3268 686 ab
3296 649 3441 702 aqua

1870 737 2143 782 manante.
2171 728 2239 782 Et
2256 727 2540 797 apparebit
2567 727 2621 780 in
2643 726 2795 792 Sion,
2815 726 2957 780 sicut
2978 723 3168 780 ﬂuvius
3191 739 3439 788 currens,

1869 819 2106 890 inclytus
2142 822 2194 874 in
2227 829 2372 874 terra
2399 819 2632 876 sitienti.
2665 838 2685 871 ι
2717 819 2847 886 Qua:
2876 817 2942 871 ad
2975 817 3212 870 divinum
3239 816 3440 870 Christi

1868 913 2156 967 adventum
2185 919 2432 982 spectant
2459 911 2818 966 vaticinatur:
2850 910 2898 964 is
2923 921 3155 975 namque
3178 906 3323 961 solus
3345 921 3440 960 rex

1863 1005 2043 1075 justus
2071 1007 2124 1060 in
2178 1004 2494 1060 hominibus
2535 1003 2809 1074 apparuit.
2866 999 3110 1070 Apostoli
3159 1013 3288 1053 vero
3323 998 3441 1066 ejus

1868 1111 1992 1151 cum
2023 1096 2228 1164 judicio
2259 1097 2404 1167 regis
2457 1095 2540 1150 sui
2580 1094 2839 1150 Ecclesia:
2886 1093 3058 1163 ipsius
3088 1090 3437 1160 prmfueruut.

1871 1189 2133 1260 Regnavit
2164 1190 2348 1258 itaque
2387 1189 2440 1242 in
2469 1187 2738 1256 justitiam
2769 1186 3042 1249 Christus,
3085 1197 3280 1238 novum
3310 1197 3442 1237 sane

1871 1282 2018 1352 regni
2057 1297 2260 1353 genus;
2306 1297 2411 1335 non
2457 1280 2514 1334 in
2542 1281 2832 1334 humanam
2865 1278 3062 1346 quippe
3102 1274 3438 1344 dignitatem,

1870 1376 2047 1432 nonin
2079 1377 2338 1429 honorem
2370 1382 2424 1428 et
2441 1371 2669 1442 gloriam
2694 1370 2972 1424 hominum
3004 1365 3319 1434 respiciens,
3355 1379 3445 1418 re-

1869 1481 2033 1538 gnum
2051 1466 2258 1532 erexit;
2291 1465 2383 1519 sed
2408 1465 2459 1518 in
2477 1461 2747 1532 justitiam
2775 1479 2790 1516 :
2821 1457 3275 1530 quemadmodum
3293 1456 3442 1526 prin-

1867 1560 2017 1629 cipes
2052 1558 2188 1626 ejus,
2221 1573 2325 1611 non
2356 1556 2422 1610 ad
2445 1555 2751 1609 mundanas
2796 1552 3089 1622 dignitates
3111 1549 3308 1611 evecti,
3341 1547 3443 1601 im.-

1869 1651 2161 1722 perabantf;
2193 1650 2285 1704 sed
2345 1649 2411 1702 ad
2441 1646 2727 1716 judicium.
2769 1642 3108 1713 Quapropter
3146 1640 3440 1695 secundum

1871 1743 2111 1812 reliquos
2136 1743 2462 1812 interpretes
2503 1739 2707 1795 dictum
2734 1747 2817 1792 εει
2841 1775 2858 1801 ,
2901 1753 2920 1787 ι
2959 1735 3025 1789 Et
3071 1730 3345 1804 principes
3376 1730 3443 1784 ad

1865 1836 2129 1906 judicium
2171 1834 2535 1904 imperabunt.
2569 1851 2588 1884 ι
2635 1829 2740 1884 Pro
2789 1829 2880 1882 illo
2936 1836 3141 1890 autem,
3190 1841 3210 1875 ι
3247 1823 3445 1909 Ιξιενίι

1874 1931 2036 1985 homo
2081 1927 2424 1983 abscondens
2469 1936 2752 1980 sermones
2802 1935 2954 1985 suos,
2985 1937 3004 1970 ι
3041 1915 3399 1987 Symmachus
3424 1953 3440 1980 ,

178 2025 196 2057 ι
253 2005 369 2059 Kal
411 2004 565 2058 ἔσται
602 2007 631 2059 6
660 2003 948 2075 ἄνθρωπος
982 2004 1240 2074 κρύπτων
1286 2005 1412 2068 τοὺς
1448 2004 1640 2074 λόγους
1669 2004 1770 2056 αύ-

170 2098 291 2162 τοῦ,
333 2117 354 2150 ι
401 2101 430 2153 6
470 2099 783 2170 Σύμμαχος,
845 2116 865 2150 ι
901 2099 1013 2152 Kal
1045 2097 1219 2162 ἔσται,
1289 2097 1476 2168 φησὶν,
1524 2095 1663 2166 ἀνήρ
1694 2097 1771 2160 ὡς

171 2191 472 2261 ἀποκρυφὴ
533 2191 640 2244 ἀπὸ
712 2189 1022 2260 πνεύματος
1063 2190 1160 2244 καὶ
1215 2189 1496 2252 λαίλαπος.
1533 2207 1552 2240 ι
1614 2189 1772 2252 Ποῖος

169 2277 266 2335 οὖν
297 2281 587 2353 ἅνθρωπος
628 2281 781 2335 ἔσται
815 2281 931 2336 ἀλλ’
959 2285 988 2336 6
1017 2281 1276 2353 ἀνωτέρω
1323 2281 1530 2344 δίκαιος
1557 2280 1773 2350 ὠνομα-

175 2373 410 2444 σμένος;
445 2375 617 2437 Αὐτὸς
640 2374 751 2445 γὰρ
783 2369 936 2438 οὗτος
963 2374 1116 2428 ἔσται
1148 2374 1309 2446 ἀνὴρ,
1335 2373 1532 2427 οὐκοῦν
1568 2375 1636 2443 τῇ
1671 2371 1771 2440 φύ-

174 2481 259 2518 σει
290 2467 454 2537 ἀνήρ.
494 2466 630 2520 ἀλλά
675 2467 940 2538 κρείττων
982 2465 1016 2537 ἢ
1061 2465 1203 2519 κατὰ
1247 2463 1538 2536 ἀνθρώπου
1585 2463 1766 2534 φύσιν.

173 2554 322 2625 Πλὴν
378 2555 532 2609 ἔσται
582 2555 868 2628 ἄνθρωπος
910 2553 1265 2627 ἐπικρύπτων
1315 2552 1483 2608 αὑτοῦ
1522 2554 1621 2624 τὴν
1653 2553 1771 2606 θεό·

171 2665 336 2720 τητα.
373 2649 559 2721 ’Υδωρ
598 2647 709 2720 γάρ
742 2647 1040 2718 φερόμενον
1071 2642 1140 2718 ἦν
1169 2646 1264 2700 καὶ
1296 2644 1667 2716 ἀπολλύμενον
1707 2645 1769 2699 τὸ

175 2741 386 2813 πλῆθος
415 2739 512 2795 τοῦ
547 2740 656 2794 τῶν
687 2739 953 2794 Ἰουδαίων
985 2737 1114 2792 λαοῦ
1139 2755 1152 2768 ·
1187 2737 1267 2791 διδ
1295 2738 1390 2791 καὶ
1418 2737 1770 2809 ἀπέκρυπτεν

1879 2042 1897 2074 ι
1934 2023 2002 2077 Ει
2025 2021 2133 2077 erit
2167 2022 2250 2074 vir
2286 2021 2428 2075 sicut
2464 2015 2756 2072 absconsio
2782 2029 2811 2067 a
2842 2011 3033 2083 spiritu
3063 2017 3118 2064 et
3145 2006 3436 2077 procella.»

1871 2117 2006 2186 Quis
2065 2116 2232 2186 igitur
2264 2115 2428 2168 homo
2461 2111 2589 2176 erit,
2626 2109 2734 2164 nisi
2768 2108 2816 2162 is
2859 2105 2953 2176 qui
2987 2103 3235 2174 superius
3261 2100 3444 2169 justus

1871 2208 2174 2279 appellatus
2205 2205 2328 2260 est?
2370 2203 2470 2258 Hic
2505 2201 2652 2256 enim
2689 2201 2804 2270 ipse
2845 2199 2930 2253 vir
2975 2197 3102 2262 erit,
3134 2203 3329 2248 natura
3361 2193 3445 2246 vir

1871 2302 2110 2370 quidem,
2141 2300 2236 2354 sed
2263 2295 2500 2352 hominis
2527 2303 2722 2348 natura
2748 2291 2905 2361 longe
2929 2287 3294 2360 praestantior.
3324 2283 3444 2339 Ca:-

1873 2402 2046 2448 terum
2099 2392 2262 2446 homo
2301 2389 2407 2443 erit
2448 2401 2602 2443 suam
2643 2383 2928 2440 occultans
2981 2378 3258 2434 deitatem.
3305 2375 3443 2430 Nam

1871 2499 2012 2554 aqua
2043 2484 2184 2538 ﬂuxa
2203 2491 2259 2537 et
2297 2479 2508 2550 perdita
2531 2485 2651 2532 erat
2673 2472 2958 2530 multitudo
2981 2469 3190 2524 Judaici
3224 2465 3439 2538 populi:

1870 2592 2040 2649 quare
2066 2589 2186 2632 sese
2217 2573 2286 2629 ab
2317 2573 2446 2635 illis,
2478 2579 2535 2626 et
2580 2567 2746 2624 verba
2777 2581 2874 2622 sua
2910 2563 2978 2619 ab
3007 2563 3218 2617 illorum
3264 2560 3444 2616 verbis

1869 2669 2201 2732 occultabat,
2232 2667 2328 2721 sed
2371 2661 2653 2732 discipulis
2705 2660 2824 2714 suis
2846 2672 2909 2712 ea
2943 2653 3275 2711 declarabat.
3311 2650 3444 2718 Quis

1869 2772 2047 2818 autem
2075 2758 2394 2832 apparebit,
2429 2755 2532 2810 nisi
2566 2754 2680 2823 ipse
2730 2767 2825 2807 rex
2850 2748 3062 2818 justus?
3091 2747 3206 2815 ipse
3238 2745 3440 2814 quippe

173 2834 344 2887 αὑτὸν
371 2832 431 2899 ἐξ
459 2832 661 2895 αὐτῶν,
702 2831 800 2884 καῖ⁵
834 2831 961 2893 τοὺς
999 2829 1190 2894 λόγους
1214 2828 1380 2883 αὐτοῦ
1419 2829 1514 2882 ἀπ’
1545 2829 1768 2882 ἐκείνων

179 2923 278 2992 μὶν
306 2920 603 2982 ἐκάλυπτε,
635 2923 747 2984 τοῖς
778 2920 834 2974 δὲ
863 2918 1030 2974 αὑτοῦ
1054 2919 1323 2990 μαθηταῖς
1351 2919 1639 2991 ἐφανέρου.
1669 2920 1767 2985 Τίς

176 3011 233 3064 δὲ
265 3012 571 3081 φανήσεται
613 3011 646 3082 ἢ
682 3010 844 3074 αὐτὸς
877 3009 1086 3073 δίκαιος
1121 3010 1407 3081 βασιλεύςς
1459 3010 1622 3075 αὐτὸς
1659 3011 1766 3082 γὰρ

179 3105 484 3174 φανήσεται
532 3102 608 3168 ὡς
659 3103 905 3174 ποταμὸς
954 3103 1256 3174 φερόμενος
1301 3103 1528 3169 ἔνδοξος.
1573 3104 1668 3168 Τίς
1710 3104 1766 3158 δέ

1868 2867 1988 2909 sese
2015 2849 2463 2920 conspiciendum
2496 2844 2778 2917 praebebit,
2806 2843 2960 2914 quasi
2997 2840 3190 2894 ﬂuvius
3215 2852 3443 2893 manans

1870 2943 2118 3016 inclytus.
2141 2941 2271 3010 Quae
2289 2955 2420 2996 vero
2444 2939 2572 2994 Sion
2598 2936 2710 2999 illa.
2731 2937 2837 2990 nisi
2861 2949 2980 3004 qut?
3002 2947 3146 2993 eum.
3165 2931 3260 3000 qui
3287 2945 3346 2986 se
3373 2929 3444 2984 ab

1869 3037 1973 3092 illis
2000 3035 2327 3100 occultabat,
2357 3031 2570 3102 publice
2602 3028 2849 3098 accepit?
2879 3041 3001 3081 nam
3037 3041 3158 3095 qua:
3183 3023 3313 3078 olim
3341 3021 3440 3076 de-

1868 3135 2013 3183 serta
2049 3135 2103 3181 et
2147 3124 2420 3181 sitibunda
2449 3129 2590 3192 erat,
2622 3120 2866 3177 Ecclesia
2915 3132 2982 3173 ex
3017 3116 3286 3189 gentibus,
3326 3114 3444 3186 ipsa

178 3195 324 3247 ἐστιν
353 3197 384 3266 ή
417 3194 557 3248 Σιὼν
586 3193 725 3264 αὕτη
753 3195 786 3266 ἢ
817 3196 851 3266 ἡ
877 3195 970 3248 τὸν
1011 3195 1105 3248 ἀπ’
1135 3195 1360 3249 ἐκείνων
1389 3195 1764 3270 κρυπτόμενον
1791 3234 1835 3296 C
1868 3230 1994 3272 vere
2019 3215 2148 3272 δίου
2181 3225 2288 3271 εει,

179 3285 440 3359 ἐμφανῶς
489 3285 946 3357 παραδεξαμένης
986 3287 1020 3357 ή
1066 3286 1178 3358 γάρ
1220 3287 1388 3341 πάλαι
1427 3287 1633 3358 ἕρημος
1672 3287 1768 3341 καὶ

178 3377 389 3449 διψῶσα
421 3378 457 3448 ή
488 3375 550 3442 ἐξ
589 3377 758 3430 ἐθνῶν
799 3377 1116 3448 Ἐκκλησία,
1143 3377 1284 3450 αὕτη
1321 3378 1471 3432 ἐστὶν
1502 3379 1537 3449 ή
1567 3376 1727 3432 Σιών.

249 3527 270 3562 ε
312 3508 428 3562 Kal
469 3506 652 3561 οὐκέτι
691 3505 906 3560 ἔσονται
939 3507 1258 3572 πεποιθότες
1304 3509 1389 3561 ἐπ’
1421 3506 1765 3580 ἀνθρώπους,

178 3600 312 3655 ἀλλά
351 3599 424 3653 τά
455 3593 571 3654 ὦτα
602 3597 866 3653 δώσουσιν
914 3599 1156 3663 ἀκούειν,
1199 3601 1294 3654 καὶ
1342 3602 1376 3671 ή
1424 3601 1623 3672 καρδία
1655 3599 1766 3654 τῶν

178 3688 551 3743 ἀσθενούντων
589 3688 843 3761 προσέξει
881 3687 976 3743 τοῦ
1021 3688 1260 3752 ἀκούειν,
1295 3688 1392 3742 καὶ¹
1430 3689 1488 3742 αἱ
1517 3687 1763 3756 γλῶσσαι

178 3784 229 3834 αἱ
260 3779 613 3851 ψελλίζουσαι
656 3780 796 3850 ταχὺ
847 3780 1180 3852 μαθήσονται
1229 3780 1411 3834 λαλεῖν
1453 3781 1693 3852 εἰρήνην.
1739 3799 1759 3834 ι

180 3871 317 3927 Σιὼν
350 3872 534 3926 τοίνυν
568 3871 663 3924 καὶ
704 3871 778 3940 γῆ
815 3870 1026 3944 διψῶσα
1058 3871 1226 3925 πάλαι
1255 3871 1461 3944 ἔρημος
1492 3872 1579 3943 εἴη
1623 3873 1690 3927 ἂν
1727 3875 1762 3945 ή

189 3961 521 4033 Ἐκκλησίαο
565 3961 662 4015 καὶ
704 3960 902 4032 καρδία
944 3959 1337 4026 ἀσθενούντων,
1383 3953 1478 4016 καὶ
1519 3961 1764 4030 γλῶσσαι

174 4053 586 4125 τραυλίζουσαι,
620 4054 677 4106 αἱ
713 4052 821 4106 τῶν
853 4053 1020 4125 πάλαι
1057 4052 1149 4106 τὸν
1179 4052 1313 4106 Θεὸν
1361 4053 1435 4124 μὴ
1478 4053 1762 4120 νοούντων,

178 4123 314 4215 μηδὲ
354 4143 494 4213 όρθά
532 4142 833 4198 λαλούντων
863 4123 1054 4208 ξθνῶν,
1101 4137 1182 4207 οἷς
1227 4123 1620 4212 ἐπαγγέλλεται
1667 4147 1765 4219 τὴν

173 4237 269 4290 ἐπὶ
306 4236 378 4290 τά
405 4235 644 4307 κρείττω
672 4234 994 4307 μεταϐολήν.
1019 4234 1242 4299 Τούτοις
1261 4236 1504 4306 ἐπιλέγει
1522 4253 1538 4269 ο

253 4412 274 4445 ι
319 4393 436 4445 Kal
481 4391 667 4444 οὐκέτι
709 4391 770 4444 ού
826 4391 899 4463 μὴ
924 4391 1121 4445 εῐπωσι
1169 4392 1248 4464 τῷ
1289 4391 1456 4464 μωρῷ
1487 4393 1711 4466 ἀρχεινο
1738 4415 1758 4449 ι

176 4482 369 4553 ὥσπερ
411 4477 508 4535 οὖν
554 4482 820 4552 πρότερον
862 4482 1099 4546 ἐποίουν,
1147 4483 1237 4536 ὅτε
1284 4487 1396 4547 τοῖς
1441 4485 1518 4548 ὡς
1550 4485 1766 4558 ἀληθῶς

1940 3529 2107 3585 Vsus.
2136 3531 2191 3594 '5,
2219 3529 2274 3584 4.
2309 3547 2330 3582 ι
2363 3528 2432 3585 Et
2466 3541 2573 3585 non
2621 3536 2780 3584 erunt
2842 3521 3442 3598 amplius,conﬂdentes

1871 3623 1926 3679 in
1965 3621 2314 3678 hominibus:
2345 3621 2440 3678 sed
2467 3633 2628 3676 aures
2664 3619 2734 3675 ad
2770 3618 3095 3674 audiendum
3130 3618 3357 3688 dabunt,
3386 3624 3442 3670 et

1869 3731 1966 3771 cor
1999 3714 2336 3770 inﬁrmorum
2375 3712 2639 3779 attendet,
2669 3720 2728 3766 ut
2766 3711 2942 3764 audiat
2973 3726 2988 3764 :
3025 3717 3080 3764 et
3105 3709 3298 3778 lingua:
3325 3707 3442 3762 bal-

1869 3807 2190 3863 butientium
2221 3806 2330 3860 cito
2361 3805 2579 3860 discent
2608 3803 2753 3872 loqui
2795 3816 3004 3870 pacem.
3044 3819 3062 3853 ι
3092 3800 3224 3855 Sion
3261 3799 3440 3868 itaque

1869 3909 1924 3955 et
1951 3909 2092 3956 terra
2122 3898 2314 3954 sitiens
2340 3895 2470 3951 olim
2494 3897 2732 3962 deserta,
2761 3894 3001 3951 Ecclesia
3036 3891 3200 3947 fuerit
3229 3909 3244 3946 :
3273 3898 3326 3946 et
3346 3905 3441 3946 cor

1869 3992 2232 4056 inﬁrmorum,
2259 3999 2312 4043 et
2332 3979 2528 4059 linguae
2554 3988 2936 4053 balbutientes,
2957 3986 3195 4058 gentium
3216 3985 3437 4049 fuerint,

1868 4101 1990 4156 quae
2015 4085 2147 4140 olim
2183 4098 2285 4139 nec
2310 4082 2476 4136 Deum
2511 4090 2795 4146 noverant,
2830 4095 2930 4135 nec
2958 4089 3108 4136 recte
3139 4077 3438 4146 loqueban-

1869 4189 1979 4247 tur,
2008 4179 2204 4251 quibus
2241 4178 2651 4234 conversionem
2676 4179 2744 4233 ad
2765 4177 2989 4234 meliora
3012 4175 3313 4247 pollicetur.
3341 4172 3438 4229 His

1869 4273 2142 4346 subiungit
2161 4290 2177 4326 :

1937 4411 2102 4468 Vens.
2127 4409 2182 4468 5.
2220 4428 2240 4462 ι
2267 4410 2452 4481 Neque
2484 4407 2715 4479 amplius
2741 4409 2926 4464 dicent
2959 4407 3149 4470 stulto,
3183 4413 3243 4461 ut
3267 4404 3438 4475 impe-

1871 4515 1993 4560 ret:
2033 4523 2053 4558 ι
2095 4502 2548 4573 quemadmodum
2586 4501 2715 4556 olim
2755 4499 3007 4571 agebant,
3048 4514 3171 4554 cum
3221 4499 3434 4552 animas

180 4578 387 4646 μωροῖς
406 4572 749 4664 διδασκάλοις
770 4573 948 4627 αὐτῶν
976 4575 1277 4645 ἐπέτρεπον
1295 4575 1394 4640 τὰς
1422 4577 1630 4630 ἑαυτῶν
1658 4577 1764 4648 ψυ-

1873 4613 1995 4652 suas
2031 4572 2213 4651 stultis
2261 4609 2389 4650 vere
2442 4593 2722 4664 magistris
2781 4590 3224 4646 concredehant:
3275 4596 3437 4643 erant

177 4667 279 4738 χάς
300 4683 316 4696 ·
349 4661 497 4737 ἦσαν
523 4665 581 4717 δὲ
605 4657 753 4718 οὗτοι
796 4667 846 4717 οἱ
875 4666 1030 4734 σοφοὶ
1069 4667 1164 4720 τοῦ
1207 4667 1402 4731 αἰῶνος
1445 4669 1657 4732 τούτου,
1689 4663 1766 4724 ὧν

177 4758 467 4832 ἐμώρανεν
495 4759 527 4810 6
565 4757 700 4821 Θεὸς
727 4758 827 4828 τὴν
870 4759 1077 4828 σοφίαν.
1108 4759 1359 4826 Τοιοῦτος
1400 4761 1456 4815 δὲ
1494 4758 1562 4834 ἦν
1594 4765 1702 4826 πᾶς
1736 4765 1766 4819 6

176 4851 275 4921 τήν
305 4850 503 4920 σοφίαν
534 4849 1000 4928 ἐπαγγελλόμενος
1019 4851 1111 4904 τοῦ
1128 4851 1323 4918 αἰῶνος
1365 4853 1578 4912 τούτου.
1621 4857 1764 4910 «Καὶ

177 4943 359 4996 οὐκέτι
395 4943 476 5013 μὴ
505 4943 735 4996 εἴπωσιν
779 4943 828 4996 οἱ
875 4942 1142 5014 ὑπηρέται
1183 4961 1298 5008 σου,
1331 4945 1484 5015 Σίγα.
1527 4965 1546 4998 ι

256 5145 275 5177 ι
297 5126 358 5180 '0
379 5123 492 5197 γὰρ
530 5123 712 5196 μωρὸς
745 5121 903 5196 μωρά
918 5120 1162 5193 λαλήσει,
1193 5122 1285 5174 καὶ
1313 5123 1346 5192 ή
1375 5121 1571 5191 καρδία
1595 5119 1762 5174 αὐτοῦ

187 5215 391 5284 μάταια
419 5214 625 5283 νοήσει,
650 5211 746 5265 τοῦ
777 5210 1049 5264 συντελεῖν
1085 5211 1280 5280 ἀνομα,
1313 5210 1405 5262 καὶ
1425 5209 1602 5263 λαλεῖν
1627 5209 1763 5280 πρὸς

185 5306 388 5378 Κύριον
436 5305 728 5375 πλάνησιν,
773 5302 868 5356 τοῦ
900 5303 1210 5374 διασπεῖραι
1245 5300 1423 5371 ψυχὰς
1469 5299 1759 5364 πεινώσας,

186 5403 274 5455 καὶ
305 5401 408 5464 τὰς
440 5399 621 5470 ψυχὰς
662 5399 760 5462 τάς
790 5396 1030 5466 διψώσας
1058 5395 1220 5457 κενὰς
1261 5379 1497 5464 ποιήσει.
1545 5395 1608 5446 Ἦ
1650 5395 1759 5466 γὰρ

184 5492 345 5566 βουλὴ
388 5493 502 5544 τῶν
535 5490 788 5561 πονηρῶν
829 5490 1004 5560 ἄνομα
1041 5487 1370 5559 βουλεύεται,
1403 5487 1760 5560 καταφθεῖραι

185 5587 474 5648 ταπεινοὺς
503 5587 562 5637 ἐν
594 5583 771 5651 λόγοις
800 5582 1004 5645 ἀδίκοις
1024 5624 1037 5647 ,
1062 5580 1158 5634 καὶ
1197 5579 1544 5634 διασκεδάσαι
1570 5578 1759 5648 λόγους

185 5676 457 5728 ταπεινῶν
497 5677 555 5727 ἐν
603 5673 804 5744 κρίσει.
859 5691 879 5724 ι
921 5669 1097 5742 Μωρά
1137 5671 1195 5724 δὲ
1227 5669 1398 5723 ταῦτα
1428 5669 1536 5742 γὰρ
1583 5669 1760 5723 πάντα

188 5765 351 5818 πάλαι
375 5764 648 5834 ἔπραττον
676 5765 724 5814 οἱ
755 5762 921 5816 πάλαι
945 5761 1117 5832 μωροὶ
1142 5761 1398 5830 ἄρχοντες
1421 5759 1528 5814 τῶν
1549 5757 1730 5830 ἀνθρώ
1745 5791 1759 5798 -

189 5871 331 5910 πων·
371 5857 467 5910 καὶ
502 5858 534 5927 ἡ
569 5855 734 5925 βουλὴ
779 5853 954 5910 αὐτῶν
1001 5853 1210 5925 πονηρὰ
1238 5849 1368 5908 οὖσα
1403 5853 1575 5924 ἄνομα
1609 5852 1759 5905 ἐϐου-

1869 4704 2031 4760 porro
2070 4688 2108 4744 ii
2153 4687 2427 4756 sapientes
2457 4685 2619 4756 hujus
2653 4683 2858 4749 saeculi,
2888 4695 3118 4752 quorum
3162 4679 3303 4734 Dens
3349 4693 3439 4733 sa-

1869 4781 2130 4851 pientiam
2161 4780 2466 4834 infatuavit.
2493 4777 2642 4833 Talis
2676 4786 2794 4831 erat
2829 4774 3078 4846 quisquis
3107 4771 3435 4842 sapientiam

1869 4872 2028 4942 hujus
2051 4871 2233 4927 saeculi
2271 4872 2645 4942 proﬁtebatur.
2684 4887 2707 4923 ι
2759 4868 2942 4940 Neque
2973 4865 3206 4936 amplius
3251 4863 3437 4921 dicent

1869 4965 2012 5021 servi
2050 4964 2331 5034 tui,'l’ace.
2371 4983 2391 5018 ι

1939 5119 2103 5177 Vens.
2131 5119 2184 5186 6,
2208 5119 2261 5176 7.
2289 5136 2310 5170 ι
2341 5117 2470 5173 Nam
2502 5118 2699 5174 stultus
2737 5117 2897 5173 stulta
2931 5116 3202 5187 loquetur,
3237 5123 3293 5170 et
3339 5131 3436 5169 cor

1867 5213 1983 5282 eius
2013 5228 2149 5267 vana
2201 5212 2464 5281 cogitabit
2511 5212 2579 5266 ad
2611 5211 3002 5281 perﬁciendum
3031 5208 3239 5278 iniqua,
3269 5215 3325 5263 et
3356 5209 3435 5261 lo-

1868 5307 2138 5377 quendum
2185 5318 2426 5359 errorem
2459 5305 2525 5359 ad
2557 5303 2865 5368 Dominum,
2913 5311 2972 5356 ut
3005 5302 3281 5372 dispergat
3313 5301 3434 5354 aui-

1867 5414 1985 5454 mas
2005 5395 2334 5462 esurientes,
2369 5404 2426 5450 et
2456 5397 2668 5451 animas
2723 5395 2972 5450 sitientes
3004 5409 3202 5448 vacuas
3248 5392 3431 5448 faciet.

1865 5488 2158 5546 Consilium
2185 5486 2330 5542 enim
2352 5486 2616 5542 malorum
2648 5487 2833 5557 iniqua
2863 5486 3140 5556 cogitabit,
3171 5486 3238 5540 ad
3266 5486 3408 5540 inter

1870 5580 2156 5636 ﬁciendum
2182 5579 2412 5634 humiles
2439 5581 2490 5633 in
2517 5581 2861 5635 sermonibus
2891 5577 3113 5649 iniquis,
3139 5587 3194 5633 et
3217 5578 3284 5632 ad
3317 5577 3433 5634 dis-

1863 5671 2088 5740 sipanda
2127 5672 2290 5726 verba
2343 5670 2624 5726 humilium
2666 5672 2721 5727 in
2744 5671 2966 5740 judicio.
3006 5690 3026 5723 ι
3072 5669 3196 5725 llzec
3222 5672 3420 5741 quippe

1864 5763 2028 5818 stulta
2050 5765 2228 5819 omnia
2253 5764 2379 5818 olim
2410 5765 2643 5834 agebant
2682 5765 2757 5820 illi
2805 5764 2932 5819 olim
2975 5763 3124 5820 stulti
3161 5764 3431 5833 principes

1868 5858 2143 5914 hominum
2172 5873 2184 5912 :
2217 5868 2268 5915 et
2295 5857 2572 5916 consilium
2601 5875 2788 5918 eorum
2829 5856 3028 5915 malum
3081 5857 3265 5928 iniqua
3294 5856 3427 5912 deli-
