3862 6210
410 388 517 443 519

1084 381 1353 441 EUSEBII
1389 355 1870 439 CE'SARJENSIS
1905 379 2055 438 OPP.
2098 382 2280 439 PARS
2315 382 2407 441 Ill.
2446 414 2518 425 -—
2553 383 2965 441 EXEGETICA.

3563 384 3671 440 ἲ»Ξο

408 479 734 544 berabat,ut
764 479 1112 534 sermonibus
1142 477 1259 533 suis
1284 476 1569 532 humilium
1619 474 1832 532 animas
1865 489 1976 545 per-

2090 473 2297 540 λεύετο,
2328 478 2409 539 είς
2440 475 2503 529 τὸ
2528 475 2888 559 καταφθεῖραι
2931 478 3047 540 τοῖς
3078 475 3285 530 ἑαυτῶν
3319 475 3500 546 λόγοις
3541 480 3669 543 τοὺς

408 572 585 627 deret.

478 662 643 719 Vens.
673 664 727 719 8.
758 682 777 716 ι
803 658 885 718 Pii
914 671 1095 717 autem
1112 662 1395 731 prudentia
1421 661 1651 718 consilia
1675 662 1981 717 iniverunt:

404 768 460 812 et
492 757 597 812 hoc
620 755 907 811 consilium
930 754 1191 809 manebit.
1219 771 1237 805 ι
1264 748 1430 821 Queis
1454 751 1832 823 signiﬁcantur
1857 765 1987 821 apo-

406 848 535 903 stoli
566 846 881 902 Servatoris
920 845 1118 911 nostri,
1155 846 1209 900 in
1255 844 1528 915 principio
1582 844 1775 900 salutis
1826 847 1893 899 ab
1928 856 1988 900 se

407 941 576 1004 datm,
613 953 737 1010 quze
780 947 842 993 ut
891 940 1062 1009 probe
1108 939 1471 1010 dirigeretur,
1514 952 1611 994 rex
1655 938 1837 1009 justus
1888 938 1986 993 da-

408 1044 493 1089 tus
519 1040 626 1087 est.
1340 1100 1343 1103 ν

482 1125 644 1181 Vens.
673 1125 727 1183 9.
767 1144 787 1178 ι
826 1118 1078 1181 Mulieres
1111 1124 1334 1190 divites,
1367 1124 1593 1195 surgite,
1609 1131 1665 1179 et
1692 1122 1877 1177 audite
1894 1134 1987 1177 vo-

406 1234 524 1277 cem
577 1232 792 1276 meam:
830 1218 975 1285 tiliae,
1008 1221 1060 1273 in
1091 1234 1186 1289 spe
1214 1220 1399 1275 audite
1445 1226 1723 1274 sermones
1755 1224 1921 1271 meos.
1960 1236 1980 1271 ι

407 1313 562 1369 Nunc
618 1314 895 1383 proponit,
953 1313 1023 1367 ad
1077 1313 1371 1384 lacrymas,
1431 1308 1612 1366 ﬂetum
1669 1318 1727 1365 et
1784 1309 1984 1365 luctum

406 1416 702 1477 provocare
750 1418 881 1470 eos,
927 1407 1071 1475 quod
1124 1421 1191 1460 ex
1237 1416 1333 1459 sua
1391 1418 1519 1476 erga
1578 1400 1745 1459 Deum
1805 1403 1985 1458 incre-

406 1501 638 1556 dulitate
688 1516 717 1553 a
759 1498 855 1554 Dei
903 1500 1078 1570 gratia
1134 1496 1438 1553 exciderint
1492 1510 1509 1551 :
1554 1508 1744 1551 eorum
1803 1502 1983 1548 autem

404 1592 682 1648 emollitos
709 1602 765 1648 et
792 1590 1134 1646 eﬂ'eminatos
1161 1592 1372 1645 animos
1420 1589 1756 1658 vituperans,
1790 1586 1984 1641 mulle—

405 1700 495 1740 res
528 1688 824 1755 nuncupat.
858 1685 1031 1738 Aiunt
1058 1686 1222 1751 porro
1277 1683 1379 1737 hac
1413 1681 1697 1752 prOpbetia
1748 1692 1982 1751 synagou

2088 565 2185 631 τάς
2215 567 2393 638 ψυχὰς
2417 567 2726 633 ταπεινούς.

2162 675 2180 708 ι
2219 658 2285 709 Οἱ
2321 656 2379 711 δὲ
2416 656 2661 722 εὐσεϐεῖς
2701 657 2900 712 συνετά
2935 657 3357 713 ἐϐουλεύσαντοο
3398 658 3493 712 καὶ
3524 657 3668 730 αὕτη

2088 750 2121 820 ή
2155 748 2317 822 βουλή
2343 751 2514 821 μενεῖ.
2552 770 2571 803 ι
2600 753 2679 805 Δι’
2703 743 2779 806 ὧν
2803 752 3160 824 σημαίνονται
3183 753 3233 805 οι
3263 750 3547 806 ἀπόστολοι
3570 753 3668 806 τοῦ

2088 841 2342 912 Σωτῆρος
2376 841 2535 915 ήμῶν
2566 845 2647 907 είς
2677 843 2776 913 τὴν
2811 843 2984 916 ἀρχὴν
3024 843 3123 915 τῆς
3172 842 3446 916 σωτηρίας
3474 844 3666 908 αὐτοῦ,

2087 931 2182 985 καὶ
2206 932 2290 986 τὸ·
2314 932 2563 1005 ἡγεῖσθαι
2598 933 2790 1005 αὐτῆς,
2830 932 3037 999 δίκαιος
3062 931 3357 1007 δεδώρηται
3391 933 3665 1004 βασιλεύς.

2086 1143 2090 1147 -
2163 1135 2183 1169 ι
2215 1116 2476 1182 Γυναῖκες
2509 1118 2783 1184 πλούσιαι,
2816 1117 3104 1190 ἀνάστητε,
3139 1116 3236 1173 καὶ
3271 1117 3538 1172 ἀκούσατε
3564 1115 3671 1187 τῆς

2087 1212 2273 1283 φωνῆς
2302 1229 2402 1284 μου
2422 1229 2436 1244 ο
2464 1209 2784 1286 θυγατέρες,
2817 1213 2904 1268 ἐπ’
2933 1213 3109 1268 ἐλπίδι
3137 1212 3404 1268 ἀκούσατε
3427 1213 3552 1277 τοὺς
3578 1211 3672 1265 λό-

2085 1320 2217 1373 γους
2244 1322 2366 1377 μου.
2411 1325 2430 1358 ι
2468 1304 2566 1359 Διά
2599 1307 2706 1359 τῶν
2741 1306 3119 1379 προκειμένων
3152 1307 3464 1377 προσφωνεῖ
3488 1321 3672 1376 παρα-

2085 1397 2439 1469 κελευόμενος
2481 1397 2874 1453 ἀποκλαίεσθαι
2923 1399 3019 1453 καὶ
3064 1397 3361 1452 κόπτεσθαι
3401 1396 3497 1451 καὶ
3533 1394 3671 1469 θρη-

2085 1492 2217 1553 νεῖν,
2254 1489 2331 1554 ὡς
2360 1489 2426 1544 ἂν
2458 1490 2742 1545 ἐκπέσοιεν
2765 1491 2865 1562 τῆς
2892 1488 2986 1544 τοῦ
3010 1490 3145 1543 Θεοῦ
3186 1489 3407 1561 χάριτος
3444 1489 3535 1543 διὰ
3563 1488 3669 1559 τὴν

2085 1582 2165 1646 είς
2193 1583 2284 1636 τὸν
2309 1581 2442 1636 Θεὸν
2466 1581 2724 1636 ἀπιστίαν
2751 1582 2930 1636 αὐτῶν
2949 1599 2962 1612 ·
2995 1580 3292 1636 διαϐάλλων
3324 1582 3383 1635 δὲ
3416 1581 3477 1634 τὸ
3502 1582 3670 1636 ἀναν-

2083 1668 2208 1745 δρον
2233 1674 2333 1744 τῆς
2358 1668 2536 1745 ψυχῆς
2574 1672 2755 1727 αὐτῶν
2781 1675 2875 1727 καὶ
2904 1673 2965 1726 τὸ
2990 1664 3372 1743 τεθηλυμένον,
3402 1674 3671 1742 γυναῖκας

406 1794 504 1848 gas
554 1779 793 1848 ipsorum
842 1777 1093 1833 indicari.
1125 1774 1385 1830 Hortatur
1419 1776 1601 1844 itaque
1651 1773 1793 1837 illos,
1827 1784 1887 1826 nt
1917 1786 1976 1827 ne

2088 1765 2285 1829 αὐτοὺς
2310 1760 2597 1819 ἀποκαλεῖ.
2628 1764 2766 1819 Φασὶ
2793 1764 2850 1819 δὲ
2880 1764 2979 1829 τὰς
3009 1763 3331 1833 συναγωγὰς
3358 1758 3537 1818 αὐτῶν
3565 1763 3667 1834 δη-

405 1832 604 1940 Eupin;
634 1881 688 1926 et
725 1870 1098 1940 perfunctorie
1142 1869 1300 1924 dictis
1334 1866 1653 1932 attendant;
1687 1865 1779 1920 sed
1806 1866 1976 1935 pervi-

2088 1856 2307 1911 λοῦσθαι
2332 1857 2419 1911 διὰ
2448 1857 2550 1929 τῆς
2574 1857 2885 1929 φασκούσης
2901 1852 3013 1937 (39)
3040 1856 3395 1928 προφητείας.
3415 1832 3671 1927 Παρακε-

410 1962 503 2032 gili
531 1971 586 2017 et
607 1963 909 2031 composito’
938 1962 1137 2016 animo.
1169 1960 1427 2015 Fortasse
1453 1959 1683 2024 dixeris,
1703 1968 1800 2027 per
1833 1958 1980 2027 prio-

403 2070 491 2110 res
521 2054 638 2110 illas
655 2054 908 2109 mulieres
934 2052 1228 2123 signiﬁcari
1256 2053 1470 2121 priscos
1500 2048 1618 2106 illos
1663 2050 1971 2106 Judmorunt

281 2164 301 2178 ’
408 2158 733 2211 conventus,
765 2162 828 2202 ac
868 2146 1269 2201 multitudinem
1316 2144 1389 2200 ibi
1415 2152 1834 2215 congregatam;
1883 2150 1982 2213 per

404 2241 542 2298 ﬁlias
569 2257 719 2307 vero,
754 2241 1145 2312 posterioribus
1177 2241 1508 2311 temporibus
1535 2239 1863 2304 nascituras,
1885 2251 1982 2291 co-

403 2349 522 2389 rum
551 2348 873 2406 synagogas.

474 2602 639 2661 Vens.
674 2602 761 2661 10.
798 2624 818 2657 ι
862 2603 973 2660 Diei
1007 2603 1135 2658 anni
1166 2601 1483 2658 memoriam
1515 2598 1678 2655 facite
1701 2599 1755 2654 in
1787 2597 1980 2653 dolore

401 2710 526 2752 cum
558 2712 652 2768 spe
680 2715 692 2749 :
728 2702 1053 2766 consumpta
1078 2704 1161 2751 est
1183 2692 1479 2757 vindemia,
1505 2693 1737 2748 cessavit
1766 2702 1977 2755 semen,

401 2794 455 2842 et
482 2804 587 2843 non
615 2787 848 2858 amplius
894 2788 1102 2843 veniet.
1146 2804 1166 2839 ι
1211 2782 1425 2840 Annum
1467 2798 1635 2855 porro
1669 2796 1826 2839 vocat
1853 2796 1980 2853 pro-

401 2874 650 2944 pheticus
681 2888 882 2938 sermo.
917 2880 1132 2944 tempus
1160 2866 1563 2944 praedicationis
1610 2873 1933 2945 evangelica
1956 2912 1974 2938 ,

401 2978 508 3030 quo
538 2962 786 3017 Salvator
813 2972 870 3017 et
919 2961 1181 3016 Dominus
1228 2968 1434 3025 noster,
1486 2974 1609 3015 cum
1666 2958 1977 3014 hominibus

400 3064 626 3109 versans
649 3062 703 3109 et
721 3052 920 3109 docens
938 3052 1270 3121 priedicavit.
1293 3049 1350 3106 Id
1369 3066 1499 3109 vero
1522 3051 1762 3106 declarat
1782 3050 1978 3106 deinde

2083 1950 2297 2004 λεύεται
2324 1950 2503 2003 τοίνυν
2536 1952 2564 2004 ό
2591 1949 2748 2020 λόγος
2774 1950 2957 2014 αὐτοῖς
2989 1949 3065 2021 μὴ
3108 1948 3335 2013 ύπτίως,
3369 1946 3504 2019 μηδὲ
3524 1964 3671 2019 παρ-

2084 2042 2261 2116 έργως
2322 2041 2610 2114 προσέχειν
2668 2044 2781 2107 τοῖς
2832 2041 3182 2113 λεγομένοις,
3228 2036 3672 2111 διεγηγερμένως

2081 2134 2137 2188 δὲ
2166 2135 2260 2188 καὶ
2289 2134 2759 2205 συντεταγμένως.
2788 2128 2978 2199 Είποις
3008 2134 3053 2187 δ’
3083 2131 3149 2187 ἃν
3186 2132 3288 2196 τὰς
3318 2131 3417 2203 μὲν
3442 2129 3669 2203 πρώτας

2081 2226 2345 2295 γυναῖκας
2393 2225 2682 2297 σημαίνειν
2723 2225 2824 2290 τὰς
2867 2224 2960 2280 ἐπὶ
3010 2227 3118 2280 τῶν
3162 2225 3407 2280 παλαιῶν
3456 2225 3670 2297 χρόνων

2081 2316 2236 2388 παρά
2284 2316 2560 2381 Ἰουδαίοις
2605 2317 2891 2382 συνόδους,
2921 2319 3016 2371 καὶ
3044 2316 3114 2370 τὰ
3156 2316 3333 2388 πλήθη
3373 2316 3442 2370 τά
3477 2318 3535 2369 ὲν
3566 2316 3669 2369 αὐ-

2078 2412 2192 2473 τοῖς
2225 2410 2601 2480 συναγόμενα’
2631 2410 2729 2474 τὰς
2767 2409 2825 2463 δὲ
2858 2408 3161 2483 θυγατέρας
3193 2410 3251 2462 ὲν
3274 2412 3386 2473 τοῖς
3413 2408 3666 2481 ὑπέροις

2079 2501 2294 2575 χρόνοις
2322 2499 2791 2573 ύποστησομένας,
2832 2501 2932 2565 τὰς
2962 2499 3141 2556 αὐτῶν
3175 2500 3515 2570 συναγωγάς.

2156 2614 2176 2647 ι
2238 2594 2482 2666 Ἡμέρας
2520 2590 2767 2648 ἐνιαυτοῦ
2817 2591 3004 2665 μνείαν
3048 2592 3344 2665 ποιήσασθε
3387 2595 3445 2646 ὲν
3496 2591 3663 2663 ὀδύνῃ

2083 2687 2201 2757 μετ’
2249 2684 2499 2750 ἐλπίδος·
2547 2686 2820 2757 ἀνήλωται
2873 2686 2903 2739 ὁ
2949 2684 3251 2758 τρύγητος,
3300 2684 3574 2739 πέπαυται
3635 2686 3665 2737 ὁ

2081 2775 2305 2849 σπόρος,
2344 2776 2440 2830 καὶ
2481 2774 2665 2831 οὐκέτι
2695 2775 2769 2847 μὴ
2797 2774 2946 2847 ἔλθῃ.
2979 2796 2998 2826 ι
3046 2774 3322 2829 Ἐνιαυτὸν
3352 2774 3410 2828 δὲ
3438 2774 3595 2828 καλεῖ
3630 2776 3663 2829 ὁ

2080 2867 2417 2939 προφητικὸς
2458 2868 2616 2937 λόγος
2656 2867 2749 2921 τὸν
2785 2867 2976 2939 χρόνον
3025 2866 3119 2921 τοῦ
3163 2867 3515 2939 κηρύγματος
3561 2862 3665 2922 τοῦ

2079 2957 2460 3035 εὐαγγελικοῦ,
2487 2956 2609 3012 καθ’
2642 2957 2699 3011 ὃν
2730 2959 2759 3011 ὁ
2779 2954 2970 3030 Σωτὴρ
2994 2960 3089 3013 καὶ
3111 2957 3316 3030 Κύριος
3348 2958 3505 3030 ήμῶν
3537 2974 3662 3013 συν-

2077 3047 2154 3103 ὼν
2189 3050 2500 3121 ἀνθρώποις
2539 3049 2772 3124 ἐκήρυξε
2812 3050 3095 3105 διδάσκων.
3147 3051 3259 3104 Kal
3304 3050 3464 3105 τοῦτο
3505 3049 3664 3121 δηλοῖ

399 3150 525 3200 dum
559 3154 622 3199 ex
653 3158 886 3212 persona
913 3142 1007 3200 Dei
1046 3145 1124 3199 sic
1150 3142 1389 3213 loquitur
1415 3160 1430 3198 :
1461 3160 1482 3195 t
1508 3138 1741 3212 Spiritus
1762 3136 1975 3195 Domini

2088 3139 2189 3195 ἀπὸ
2242 3140 2337 3195 τοῦ
2372 3136 2500 3213 ἑξῆς
2556 3143 2622 3195 ὲκ
2680 3138 2970 3213 προσώπου
3034 3142 3129 3196 τοῦ
3182 3141 3317 3195 Θεοῦ
3375 3141 3657 3211 λέγεσθαι⁸

401 3249 566 3305 super
597 3250 703 3317 me,
732 3251 799 3289 eo
832 3237 976 3307 quod
1026 3236 1245 3291 unxerit
1276 3250 1381 3299 me,
1428 3233 1811 3305 evangelizare
1839 3247 1976 3302 pau-

400 3329 624 3397 periius
664 3329 811 3383 misit
831 3343 950 3393 me;
989 3328 1283 3396 praedicare
1312 3326 1547 3409 captivis
1572 3325 1976 3389 dimissionem,

2081 3250 2102 3285 ε
2147 3230 2373 3305 Πνεῦμα
2411 3232 2619 3307 Κυρίου
2668 3235 2756 3287 ἐπ’
2812 3233 2911 3305 ἐμὲ
2939 3273 2954 3299 ,
3002 3227 3064 3287 οὗ
3104 3234 3310 3289 εἵνεκεν
3348 3234 3532 3308 ἐχρισέ
3564 3252 3662 3307 με,

2075 3322 2533 3393 εὐαγγελίσασθαι
2593 3324 2826 3396 πτωχοῖς
2879 3322 3188 3378 ἀπέσταλκέ
3260 3342 3364 3395 με,
3417 3325 3660 3397 κηρύξαι

400 3428 456 3474 et
488 3418 648 3474 caecis
685 3418 832 3473 visus
888 3418 1326 3486 restitutionem,
1380 3433 1579 3475 vocare
1626 3434 1828 3473 annum
1872 3417 1976 3473 Do-

2088 3413 2442 3485 ιίχμαλώτοις
2475 3410 2669 3484 ἄφεσιν
2695 3453 2709 3480 ,
2746 3413 2840 3467 καὶ
2868 3413 3087 3483 τυφλοῖς
3130 3414 3446 3486 ἀνάϐλεψιν,
3493 3415 3663 3471 καλέι

401 3512 534 3567 mini
569 3512 958 3581 acceptabilem
999 3512 1065 3566 “.
1103 3530 1123 3565 ι

471 3604 640 3660 Vens.
676 3604 763 3658 11.
808 3622 829 3656 ι
884 3603 1297 3675 Oltstupcscite,
1349 3603 1744 3659 contristelnini
1808 3604 1977 3659 conli-

399 3696 611 3761 dentes,
665 3696 846 3751 exuite
897 3711 1013 3761 vos,
1057 3696 1217 3750 nuda:
1243 3703 1456 3751 estote:
1505 3696 1772 3766 accingite
1803 3697 1976 3752 saccis

398 3786 610 3843 lumbos
643 3795 872 3842 vestros.
913 3805 932 3838 ι
960 3787 1078 3854 Illa,
1107 3787 1304 3856 inquit,
1336 3801 1457 3857 qua
1477 3788 1773 3843 secundum
1805 3787 1972 3843 Deum

399 3884 503 3939 est,
540 3877 760 3931 tristitia
783 3891 878 3931 vos
904 3888 1253 3947 compungat,
1283 3885 1339 3931 et
1392 3892 1423 3931 a
1459 3878 1688 3947 pristina
1721 3879 1976 3935 incredu-

2076 3521 2168 3559 σαι
2201 3505 2450 3560 ἐνιαυτὸν
2482 3506 2688 3579 Κυρίου
2722 3504 2926 3561 δεκτόν.
2967 3526 2989 3559 ι

2150 3612 2172 3648 ι
2208 3597 2478 3667 Ἔκστητε
2499 3634 2515 3660 ,
2559 3596 2839 3668 λυπήθητε
2880 3592 2935 3671 αξ
2972 3596 3305 3661 πεποιθυῐαι,
3335 3595 3660 3665 ὲκδύσασθε,

2074 3688 2282 3759 γυμναὶ
2317 3683 2571 3757 γένεσθεδ
2616 3686 2995 3760 περιζώσασθε
3041 3688 3279 3753 σάκκους
3314 3691 3414 3753 τὰς
3449 3690 3663 3759 ὀσφύας

2076 3781 2253 3852 ὑμῶν.
2303 3798 2323 3834 ι
2371 3774 2647 3850 ’Δψάσθω,
2674 3782 2857 3851 φησὶν,
2888 3781 3043 3852 ὑμῶν
3078 3783 3113 3853 ή
3145 3781 3285 3835 κατά
3316 3782 3451 3837 Θεὸν
3487 3781 3659 3856 λύπη,

2073 3870 2288 3945 καὶτῆς
2315 3873 2588 3945 προτέρας
2611 3874 2870 3937 ἀπιστίας
2898 3872 3126 3944 ἕκστητε
3151 3874 3427 3929 ἐπιδοῦναι
3454 3874 3656 3941 έαυτάς

400 3967 554 4022 litate
581 3967 864 4031 discedite,
916 3966 1361 4036 pmnitentiaque
1411 3981 1508 4022 vos
1553 3969 1697 4023 date.
1728 3967 1865 4023 Nam
1910 3986 1974 4025 ea

2088 3967 2154 4030 είς
2178 3965 2488 4037 μετάνοιαν.
2528 3965 2595 4019 Ἦ
2624 3966 2736 4038 γὰρ
2759 3965 2901 4020 κατά
2926 3966 3060 4021 Θεὸν
3085 3965 3229 4038 λύπη
3265 3967 3553 4038 μετάνοιαν
3577 3971 3662 4033 είς

398 4074 523 4129 quae
554 4056 851 4113 secundum
893 4048 1064 4111 Deum
1094 4066 1179 4111 est
1221 4056 1466 4123 tristitia,
1494 4059 1871 4127 penitentiam
1905 4063 1977 4117 ad

397 4151 634 4206 salutem
666 4149 793 4203 nulli
822 4148 1154 4217 paenitentia:
1180 4149 1494 4218 obnoxiam,
1525 4160 1806 4221 operatur.

469 4242 635 4297 Vens.
674 4242 767 4306 12,
804 4231 892 4296 13.
924 4259 945 4294 ι
974 4240 1042 4295 Ει
1070 4256 1235 4311 super
1273 4256 1539 4297 mammas
1594 4244 1806 4299 tundite
1833 4258 1931 4299 vos
1954 4284 1971 4310 ,

396 4343 622 4405 propter
641 4347 831 4402 agrum
865 4329 1141 4396 desiderii,
1162 4341 1217 4387 et
1234 4333 1447 4388 vineam
1472 4334 1767 4402 germinis:
1826 4343 1971 4390 terra

396 4424 580 4496 populi
601 4423 725 4489 mei,
750 4425 906 4494 spina
930 4433 987 4479 et
1013 4424 1191 4479 fenum
1210 4422 1468 4491 proferet,
1490 4428 1545 4479 et
1566 4434 1633 4479 ex
1648 4426 1793 4481 omni
1814 4424 1973 4482 domo

2077 4057 2351 4131 σωτηρίαν
2379 4057 2795 4131 ἀμεταμέλητον
2818 4059 3231 4131 κατεργάζεται.

2150 4258 2169 4293 t
2205 4240 2316 4295 Kal
2340 4243 2439 4296 ἐπὶ
2466 4241 2576 4296 τῶν
2600 4242 2822 4314 μαστῶν
2863 4242 3149 4307 κόπτεσθε,
3179 4244 3306 4316 περὶ
3335 4243 3507 4318 ἀγροῦ
3534 4245 3663 4298 ἑπι-

2074 4330 2220 4405 θυμή
2229 4350 2417 4404 ματος,
2447 4335 2542 4389 καὶ
2569 4335 2813 4408 ἀμπέλου
2842 4338 3201 4409 γεννήματος.
3243 4338 3391 4409 Ἠγῆ
3415 4337 3508 4391 τοῦ
3522 4337 3661 4391 λαοῦ

2078 4441 2201 4495 μου,
2229 4424 2441 4481 ἄκανθα
2485 4425 2581 4482 καὶ
2628 4426 2821 4500 χόρτος
2859 4429 3210 4500 ἀναϐήσεται,
3251 4430 3345 4484 καὶ
3381 4431 3443 4483 ἐκ
3476 4428 3663 4501 πάσης

397 4515 585 4569 laetitia
621 4513 918 4570 auferetur.
961 4533 980 4566 ι
1016 4514 1073 4569 ΙιΙ
1109 4526 1239 4569 vero
1261 4515 1514 4583 superius
1542 4515 1858 4573 declarabat
1888 4520 1974 4575 his

2088 4514 2252 4579 οἰκίας
2284 4515 2590 4588 εὐφροσύνη
2627 4515 2947 4589 ἀρθήσεται.
2987 4538 3005 4568 ι
3050 4517 3221 4572 Τοῦτο
3256 4518 3313 4571 δὲ
3350 4517 3536 4590 ἐδήλου
3567 4518 3665 4572 διὰ

396 4607 599 4673 verbis,
632 4625 652 4659 ι
689 4606 756 4662 Ει
786 4607 1092 4676 exspectavi
1128 4615 1186 4661 ut
1212 4606 1418 4663 laceret
1464 4616 1647 4674 tivam,
1689 4609 1821 4665 fecit
1869 4626 1970 4665 au-

397 4706 506 4750 tem
535 4697 741 4764 spinas,
779 4714 799 4749 ι
828 4711 964 4766 quas
988 4696 1174 4765 spinas
1203 4708 1325 4750 mox
1355 4696 1640 4766 explicans
1666 4700 1743 4754 ait
1768 4715 1783 4754 :
1813 4718 1832 4751 ι
1858 4700 1968 4755 Es-

397 4788 637 4856 spectavi
665 4797 725 4842 ut
761 4786 967 4842 faceret
1001 4786 1288 4856 judicium,
1320 4785 1451 4842 fecit
1500 4797 1679 4845 autem
1710 4790 1969 4860 iniquita-

400 4890 507 4934 tem
533 4898 548 4947 ;
577 4887 760 4934 etnon
786 4878 1079 4949 justitiam,
1106 4880 1201 4935 sed
1245 4880 1558 4936 clamorem.
1598 4901 1617 4934 ι
1650 4874 1727 4938 De
1758 4883 1845 4939 his
1875 4884 1972 4939 ita-

397 4988 504 5042 que
533 4971 805 5041 planctum
846 4974 1010 5029 edere
1029 4973 1279 5039 iubebat,
1314 4975 1550 5030 maxime
1573 4976 1643 5031 ob
1672 4975 1970 5034 intentatas

397 5065 596 5120 minas.

468 5150 631 5214 Vens.
666 5152 750 5211 14.
794 5176 813 5209 ι
840 5152 981 5214 Urbs
1021 5158 1295 5228 opulenta,
1326 5158 1521 5214 domus
1555 5152 1855 5226 derelictaz,
1883 5158 1969 5217 di-

395 5247 556 5302 vitias
586 5248 822 5304 civitatis
864 5249 1188 5319 relinquent,
1237 5248 1428 5306 domos
1474 5249 1880 5306 desiderabiles.
1907 5252 1973 5305 Et

396 5344 558 5394 erunt
609 5341 734 5411 pagi
786 5341 1056 5408 speluncae
1106 5355 1281 5410 usque
1336 5341 1388 5395 in
1438 5342 1717 5407 saeculum,
1786 5342 1971 5397 ltetitia

398 5436 744 5499 onagrorum,
792 5444 987 5501 pascua
1022 5444 1322 5501 pastorum.
1348 5451 1367 5485 ι
1403 5431 1537 5500 Quis
1585 5433 1825 5487 advenas
1852 5448 1970 5488 cer-

400 5530 534 5574 nens
568 5516 950 5594 Hierosolyma:
979 5523 1183 5577 incolas
1202 5561 1217 5585 ,
1249 5523 1505 5592 ipsosque
1536 5522 1847 5579 idololatras
1877 5538 1970 5578 va-

402 5610 497 5664 riis
550 5624 617 5664 ex
672 5610 921 5678 gentibus
969 5622 1355 5683 congregatos,
1409 5628 1516 5667 non
1568 5613 1762 5669 merito
1797 5614 1967 5680 dicat,

470 5699 517 5733 "
552 5699 655 5756 lsa.
679 5714 791 5768 ut,
829 5703 877 5755 1.

470 5810 588 5883 (59)
631 5813 792 5871 Forte
821 5813 923 5885 lt'g.
962 5832 1259 5888 παρούσης.
1308 5816 1463 5871 Enn.

2078 4606 2186 4661 τῶν
2210 4607 2518 4679 ἔμπροσθεν
2547 4607 2717 4662 εἰπών
2736 4626 2750 4640 ’
2780 4628 2799 4660 ι
2826 4610 2937 4663 Kal
2966 4606 3155 4680 ἔμεινα
3187 4610 3274 4663 ῖνα
3303 4612 3506 4682 ποιήσῃ
3527 4626 3662 4663 στα-

2077 4697 2269 4770 φυλὴν,
2306 4699 2527 4771 εποίησε
2556 4698 2614 4753 δὲ
2659 4699 2930 4765 ἀκάνθας’
2978 4719 2997 4752 ι
3042 4701 3136 4754 καὶ
3175 4701 3374 4765 ταύτας
3425 4702 3658 4776 διερμη-

2075 4791 2242 4844 νεύων
2286 4794 2532 4863 ἐπήγαγε
2558 4792 2732 4862 λέγων
2752 4810 2765 4823 ·
2803 4812 2821 4845 t
2851 4790 3079 4864 Ἔμεινα
3105 4793 3191 4847 ἵνα
3211 4797 3411 4868 ποιήσῃ
3452 4794 3659 4866 κρίσιν,

2075 4883 2300 4955 ἐποίησε
2329 4883 2386 4937 δὲ
2412 4883 2662 4955 ἀνομίαν,
2693 4884 2786 4938 καὶ
2828 4885 2890 4938 οὐ
2911 4882 3278 4956 δικαιοσύνην,
3306 4883 3442 4939 ἀλλά
3479 4902 3659 4957 κραυ-

2075 4975 2198 5045 γήν.
2244 4993 2262 5026 ι
2332 4970 2454 5028 Ἐπὶ
2492 4976 2701 5040 τούτοις
2752 4973 3040 5048 τοιγαροῦν
3082 4976 3375 5030 κόπτεσθαι
3418 4994 3662 5049 παρεκε-

2074 5065 2279 5129 λεύετο,
2305 5066 2399 5119 καὶ
2424 5066 2655 5138 μάλιστα
2675 5066 2761 5120 διὰ
2782 5067 2881 5138 τὴν
2904 5067 3303 5138 ἐπιφερομένην
3329 5066 3582 5137 ἀπειλήν.

2151 5178 2169 5210 ι
2199 5158 2361 5223 Πόλις
2379 5159 2631 5225 πλουσία,
2655 5155 2796 5213 οἶκοι
2813 5156 3368 5229 ὲγκαταλελειμμένοι
3389 5197 3404 5221 ,
3424 5156 3662 5213 πλοῦτον

2078 5250 2283 5314 πόλεως
2313 5252 2632 5322 ἀφήσουσιν,
2660 5252 2843 5316 οἴκους
2877 5249 3271 5322 ὲπιθυμητούς.
3300 5250 3413 5304 Kal
3443 5249 3661 5303 ἔσονται

2078 5340 2134 5393 αί
2161 5340 2341 5411 κῶμαι
2377 5341 2619 5413 σπήλαια
2650 5343 2755 5406 ἕως
2784 5340 2878 5395 τοῦ
2922 5341 3138 5405 αίῶνος,
3175 5339 3480 5413 εὐφροσύνη
3520 5336 3662 5392 ὄνων

2076 5432 2301 5503 ἀγρίων,
2335 5433 2655 5505 βοσκήματα
2685 5434 2974 5505 ποιμένων.
3000 5452 3019 5486 ι
3051 5430 3147 5497 Τίς
3175 5432 3253 5497 δὲ,
3285 5429 3428 5503 ὁρῶν
3477 5430 3663 5501 μετοί-

2076 5541 2203 5588 κους
2243 5518 2443 5599 ’ἄνδρας
2486 5526 2767 5590 οἰκοῦντας
2813 5525 2909 5598 τὴν
2946 5524 3326 5598 Ἰερουσαλὴμ,
3369 5523 3660 5584 είδωλολά-

2074 5630 2207 5688 τρας
2251 5633 2311 5669 τε
2362 5618 2425 5671 ἐκ
2489 5617 2757 5689 διαφόρων
2810 5618 2978 5675 ἐθνῶν
3033 5616 3513 5688 συνειλεγμένους,
3559 5616 3664 5671 οὐκ
