3862 6210
461 243 577 298 325‘

1164 241 1436 299 EUSEBII
1471 242 1947 301 CESABIENSIS
1984 246 2134 304 OPP.
2176 247 2361 304 PARS
2397 245 2489 304 Ill.
2527 276 2599 291 -
2633 243 3048 302 EXEGETICA.

3615 244 3725 299 524

461 376 521 414 ra
551 366 654 421 est,
689 364 864 411 mater
894 356 1138 411 omnium
1192 367 1439 412 nostrum
1463 358 1529 411 "'.
1554 376 1574 410 ο
1614 358 1811 414 Urbem
1855 373 2018 414 auten

2138 361 2298 414 Πόλιν
2325 361 2382 414 δὲ
2423 359 2758 433 ἀμεριμνίας
2799 358 2895 412 καὶ
2945 357 3045 419 τὰς
3089 355 3378 428 διαφόρως
3421 354 3569 424 λέγει
3617 371 3721 425 μο-

460 447 772 503 securitatis
798 457 959 502 vocat
987 447 1172 503 varias
1198 448 1324 504 illas
1360 450 1673 506 mansiones
1699 469 1713 504 :
1741 467 1866 506 nam
1895 455 2034 522 apud

461 542 701 606 Patrem,
742 541 1004 610 inquit",
1049 542 1368 597 mansiones
1402 541 1619 608 multa,
1659 557 1780 613 quae
1818 545 2035 600 divitias

464 649 737 706 nunquam
783 632 1102 704 expilandas
1139 642 1382 689 servant.
1435 634 1646 689 Etenim
1691 652 1712 686 ι
1745 634 2035 690 Thesauri-

461 738 604 792 zate,
654 727 827 797 inquit
860 727 928 792 ³⁸,
970 726 1060 780 ubi
1104 740 1204 782 nec
1253 741 1456 797 aerugo,
1503 741 1602 782 nec
1657 727 1802 782 tinea
1851 729 2037 784 demo-

459 820 610 886 litur,
643 833 817 889 neque
845 817 996 872 fures
1017 816 1284 872 effodiunt
1307 828 1362 873 et
1392 817 1666 872 furantur.
1692 837 1712 871 ι

533 911 697 967 Vens.
755 913 840 978 l9,
877 911 968 966 ‘20.
1007 929 1025 962 ι
1057 910 1281 966 Grando
1327 920 1507 965 autem
1570 911 1616 966 si
1661 913 2030 981 descenderit,

460 1020 567 1058 non
598 1005 662 1058 ad
696 1019 792 1059 vos
823 1004 1024 1058 veniet.
1055 1003 1120 1058 Et
1152 1011 1314 1058 erunt
1363 1004 1454 1072 qui
1499 1003 1748 1057 habitant
1791 1002 1846 1057 in
1880 1003 2033 1058 salti-

458 1097 562 1150 bus
592 1097 950 1166 co_nlidentes,
981 1097 1124 1150 sicut
1152 1096 1243 1166 qui
1278 1095 1330 1148 in
1361 1095 1604 1163 planitie.
1643 1095 1794 1151 Beati
1821 1097 1912 1166 qui
1946 1111 2032 1152 se-

459 1193 668 1244 mlnant
696 1204 860 1257 super
891 1203 1106 1242 omnem
1135 1201 1352 1257 aquam,
1391 1187 1478 1241 ubi
1507 1187 1605 1241 bos
1632 1197 1687 1242 et
1713 1187 1898 1243 asinus
1919 1187 2033 1243 cal-

457 1294 652 1338 cant.»
712 1281 812 1336 Hic
872 1281 1056 1336 beatos
1110 1279 1367 1350 praedicat
1414 1279 1688 1350 apostolos
1732 1279 2031 1338 Salvatoris

458 1377 653 1441 nostri,
683 1383 739 1430 et
771 1373 978 1444 primos
1004 1372 1279 1442 Evangelii
1305 1385 1602 1441 praecones,
1629 1371 1719 1441 qui
1743 1379 1798 1426 et
1829 1369 2030 1429 Iudaeis

457 1480 516 1524 et
547 1467 754 1524 Graecis
801 1465 1186 1535 praedicarunt,
1229 1479 1292 1518 ac
1342 1477 1527 1518 semen
1578 1478 1735 1518 suum
1773 1463 2030 1534 conjece-

455 1569 585 1614 runt
627 1559 678 1613 in
730 1573 946 1613 omnem
984 1557 1281 1623 hominem,
1316 1555 1559 1612 Judaeum
1603 1557 1804 1627 primo,
1834 1556 2031 1613 deinde

454 1653 703 1710 Graecum
728 1669 743 1704 :
771 1652 867 1706 bos
891 1651 1056 1717 enim,
1082 1659 1265 1719 utpote
1290 1650 1546 1704 mundum
1565 1647 2029 1718 animal,populus

2134 455 2231 518 νάς
2251 471 2264 484 ·
2297 454 2490 507 πολλαὶ
2535 453 2666 524 γὰρ,
2694 452 2848 523 φησὶ,
2885 450 3047 522 μοναὶ
3076 448 3229 522 παρά
3261 447 3340 519 τῷ
3385 448 3559 519 Πατρί
3589 459 3717 518 μου,

2133 547 2314 616 ἔχουσι
2353 545 2413 599 δὲ
2459 547 2555 599 καὶ
2585 544 2676 598 τὸν
2725 541 2954 596 πλοῦτον
2999 541 3090 595 τὸν
3139 540 3352 596 ἀσυλον.
3392 559 3411 590 ι
3444 540 3719 611 Θησαυρί-

2134 635 2255 701 ζετε
2325 636 2434 708 γὰρ
2468 676 2484 701 ,
2558 635 2746 718 φησιν,
2815 633 2951 686 ὅπου
3026 631 3124 703 σὴς
3178 632 3273 684 καὶ
3339 629 3542 701 βρῶσις
3613 630 3717 682 οὐκ

2133 727 2418 797 ἀφανίζει,
2457 725 2577 780 οὐδέ
2627 724 2856 779 κλέπται
2909 721 3254 794 διορύσσουσι
3292 723 3388 775 καὶ
3443 720 3750 778 κλέπτου-’

2135 835 2241 872 σιν.
2275 837 2294 870 Ι

2208 927 2226 960 ι
2269 909 2334 962 Ἥ
2366 908 2424 962 δὲ
2454 903 2686 978 χάλαζα,
2726 905 2821 959 ἐὰν
2856 904 3091 976 καταϐῇ,
3127 903 3228 957 οὐκ
3272 904 3356 970 ἐφ’
3384 903 3527 973 ὑμᾶς
3567 903 3714 973 ἥξει.

2131 999 2240 1051 Καὶ
2281 997 2494 1050 ἔσονται
2527 997 2577 1048 οί
2611 994 2944 1058 ἐνοικοῦντες
2991 995 3048 1047 ἐν
3091 995 3204 1056 τοῖς
3247 992 3470 1064 δρυμοῖς
3521 1009 3718 1046 πεποι-

2132 1089 2312 1153 θότες,
2351 1089 2428 1152 ὼς
2459 1089 2508 1142 οἱ
2545 1091 2604 1142 ἐν
2645 1090 2711 1159 τῇ
2744 1086 2952 1158 πεδινῇ.
2986 1085 3261 1156 Μακάριοι
3299 1086 3348 1137 οί
3398 1084 3715 1155 σπείροντες

2132 1181 2225 1233 ἐπὶ
2249 1182 2358 1234 πᾶν
2389 1179 2556 1250 ὕδωρ,
2581 1170 2644 1232 οὗ
2679 1177 2806 1249 βοῦς
2837 1177 2932 1230 καὶ
2974 1177 3096 1240 ὄνος
3143 1177 3323 1230 πατεῖ.
3351 1195 3370 1227 ι
3408 1174 3714 1246 Μακαρίξει

2129 1270 2186 1323 δὲ
2221 1269 2311 1324 διὰ
2341 1270 2546 1324 τούτων
2577 1270 2704 1333 τοὺς
2745 1267 3073 1331 ἀποστόλους
3113 1266 3208 1320 τοῦ
3251 1266 3499 1338 Σωτῆρος
3529 1266 3711 1337 ἡμῶν,

2129 1361 2226 1414 καὶ
2271 1363 2397 1426 τοὺς
2442 1362 2690 1435 πρώτους
2735 1361 2981 1432 κήρυκας
3031 1357 3126 1412 τοῦ
3180 1359 3532 1429 Εύαγγελίου,
3581 1360 3715 1422 τοὺς

2129 1453 2223 1507 καὶ
2258 1451 2526 1515 Ἰουδαίοις
2555 1452 2649 1506 καὶ
2679 1450 2902 1522 Ἕλλησι
2931 1449 3295 1522 κηρύξαντας,
3330 1449 3425 1502 καὶ
3455 1449 3546 1502 τὸν
3577 1450 3717 1502 σπό-

2131 1562 2224 1616 ρον
2293 1544 2470 1598 αὐτῶν
2542 1541 3014 1612 καταϐαλομένους
3075 1540 3170 1593 ἐπὶ
3241 1541 3420 1594 πάντα
3496 1539 3714 1610 ἀνθρω-

2131 1654 2234 1691 πον
2273 1634 2528 1689 Ἰουδαῖόν
2556 1651 2616 1687 τε
2651 1632 2868 1705 πρῶτον
2911 1632 3004 1686 καὶ
3027 1631 3262 1702 Ἕλληνα
3283 1648 3296 1662 ·
3332 1630 3458 1702 βοῦς
3482 1632 3589 1704 γὰρ
3619 1631 3718 1687 διὰ

453 1763 519 1804 ex
553 1744 992 1810 circumcisione,
1027 1751 1242 1811 patrum
1283 1756 1506 1796 suorum
1554 1755 1737 1804 causa,
1767 1749 2018 1806 vocatur;

2131 1731 2256 1793 τοὺς
2300 1728 2575 1800 πατέρας,
2635 1727 2834 1780 ὡσανεὶ
2881 1725 3119 1797 καθαρὸν
3165 1724 3323 1789 ζῶον,
3367 1727 3396 1778 6
3435 1727 3501 1778 ἐκ
3547 1742 3714 1798 περι-

452 1839 641 1893 asinus
660 1845 862 1902 autem,
879 1844 1064 1906 utpote
1084 1833 1354 1902 impurus,
1373 1833 1568 1888 dicitur
1596 1832 1826 1903 p0pulus
1850 1847 1918 1888 ex
1943 1846 2034 1902 pa-

452 1929 626 1984 tribus
649 1926 942 1982 idololatris
977 1925 1592 1997 progenitus.Quoniam
1639 1925 1803 1994 igitur
1845 1925 1900 1980 in
1937 1923 2033 1980 Iu-

450 2021 595 2076 daeos
612 2021 864 2091 primum,
882 2019 1079 2075 deinde
1109 2019 1161 2072 in
1190 2016 1412 2072 Graecos
1443 2017 1814 2086 evangelicum
1842 2032 2030 2074 semen

449 2112 679 2183 apostoli
725 2111 1024 2168 Salvatoris
1065 2110 1235 2166 nostri
1261 2108 1566 2178 iaciebant;
1606 2108 1735 2178 jure
1779 2109 2026 2164 dicitur:

453 2225 475 2261 ι
499 2208 695 2263 Beatus
711 2208 801 2278 qui
823 2207 1056 2264 seminat
1083 2220 1246 2276 super
1258 2219 1474 2261 omnem
1501 2218 1716 2275 aquam,
1738 2204 1826 2259 ubi
1854 2205 1953 2260 bos
1973 2215 2029 2261 et

447 2306 632 2359 asinus
663 2304 892 2360 calcant.
926 2323 944 2354 ι
981 2301 1078 2358 llic
1125 2316 1290 2374 porro
1343 2315 1442 2372 per
1471 2315 1680 2372 aquam
1720 2300 2030 2356 subindicat

449 2397 687 2452 divinam
723 2384 1082 2468 Scripturam,
1114 2395 1287 2465 quarta
1319 2392 1626 2451 Judaeorum
1655 2403 1712 2450 et
1743 2393 2024 2465 gentilium

446 2492 644 2563 populo
680 2491 937 2547 calcatur.

957 2583 1189 2641 CAPUT
1228 2581 1473 2638 XXXIII.

516 2676 685 2734 Vnus.
722 2680 776 2734 I.
809 2695 831 2730 ι
863 2677 953 2733 Vae
993 2679 1062 2733 iis
1109 2679 1203 2748 qui
1243 2693 1339 2733 vos
1382 2677 1610 2732 miseros
1658 2674 1885 2742 faciunt,
1926 2675 2023 2732 sed

445 2784 606 2824 nemo
639 2784 736 2826 vos
767 2771 999 2826 miseros
1029 2770 1201 2825 facit:
1231 2780 1285 2824 et
1315 2771 1406 2840 qui
1455 2770 1707 2840 reprobat
1751 2785 1870 2837 vos,
1915 2785 2022 2825 non

445 2857 1055 2930 reprobat:capientur
1098 2861 1455 2932 reprobantes
1504 2874 1560 2918 et
1606 2863 1909 2931 tradentur,
1967 2872 2022 2919 et

442 2951 600 3019 quasi
634 2953 778 3007 tinea
826 2953 880 3007 in
930 2953 1278 3020 vestimento,
1315 2953 1393 3008 sic
1423 2955 1840 3023 superabuntur.
1870 2975 1890 3010 ι
1927 2955 2021 3013 His

444 3042 755 3097 consimilia
791 3055 918 3098 sunt
969 3059 1054 3110 ea,
1087 3045 1240 3114 queis
1282 3043 1536 3102 Salvator
1567 3047 1861 3118 discipulos
1893 3065 2019 3105 suos

444 3135 866 3206 alloquebatur:
904 3155 923 3188 ι
953 3137 1057 3202 Qui
1097 3153 1194 3193 vos
1239 3140 1470 3209 spernit,
1518 3155 1606 3194 me
1649 3142 1881 3209 spernit,
1910 3161 1930 3194 ι
1964 3155 2019 3198 et

442 3243 541 3283 vos
593 3243 697 3283 non
754 3227 1037 3294 laedimini,
1083 3239 1158 3294 et,
1201 3232 1333 3301 «qui
1389 3224 1477 3288 me
1529 3237 1760 3302 spernit,
1812 3236 2019 3305 spernit

439 3334 586 3382 eum,
616 3320 706 3389 qui
738 3320 886 3375 misit
911 3336 996 3375 me
1017 3323 1080 3374 ‘°.
1109 3341 1129 3374 ι
1162 3321 1294 3376 Nam
1341 3339 1462 3378 cum
1503 3327 1630 3391 duo,
1661 3336 1722 3380 ut
1751 3328 2016 3398 quispiam

441 3413 661 3475 dixerit.
689 3413 740 3467 in
772 3422 1012 3483 tempore
1042 3417 1436 3484 persecutionis
1458 3420 1676 3475 ordines
1702 3421 1842 3487 sint,
1877 3423 2018 3479 alius

440 3507 740 3576 agentium,
774 3509 1094 3578 patientium
1129 3510 1297 3576 alius;
1330 3513 1518 3570 beatus
1545 3526 1632 3572 εει
1664 3517 1756 3586 qui
1792 3518 2014 3586 patitur,

439 3599 533 3652 sed
586 3613 690 3654 non
741 3599 886 3670 agit;
937 3600 1130 3656 infelix
1165 3617 1293 3659 vero
1321 3605 1411 3675 qui
1441 3606 1572 3678 agit,
1600 3609 1693 3663 sed
1757 3624 1862 3664 non
1925 3625 2017 3680 pa-

440 3690 595 3743 titur.

509 3780 675 3838 Vsns.
715 3783 771 3839 2.
817 3802 836 3836 ι
863 3783 1114 3852 Domine,
1149 3786 1411 3843 miserere
1459 3789 1656 3855 nostri,
1698 3789 1752 3844 in
1783 3799 1836 3846 te
1863 3792 2010 3847 enim

435 3873 780 3934 confidimus.
828 3875 1054 3932 Factum
1117 3887 1204 3934 est
1260 3892 1449 3934 semen
1500 3879 1907 3936 incredulorum
1957 3884 2011 3939 in

435 3963 832 4032 perditionem;
868 3966 1015 4022 salus
1043 3978 1227 4024 autem
1257 3981 1441 4026 nostra
1469 3971 1522 4025 in
1553 3980 1796 4042 tempore
1841 3975 2012 4030 tribu-

437 4054 675 4108 lationis.
703 4074 724 4108 ›
760 4055 837 4110 Ex
862 4071 1092 4125 persona
1118 4061 1486 4130 apostolorum
1515 4065 1824 4121 orationem
1852 4068 2012 4122 emit-

439 4146 508 4198 tit
543 4159 556 4194 :
585 4159 774 4200 eorum
805 4149 1006 4217 quippe
1029 4165 1238 4214 semen,
1265 4153 1358 4220 qui
1387 4153 1712 4223 evangelica:
1743 4157 2010 4226 pradica-

431 4236 568 4290 tioni
615 4251 720 4290 non
767 4239 1140 4308 crediderunt,
1173 4243 1429 4311 perniciei
1464 4246 1718 4299 traditum
1749 4257 1835 4302 est
1865 4264 1877 4300 :
1907 4263 2009 4302 no-

431 4337 545 4382 stra
589 4342 720 4383 vero
769 4329 914 4384 salus
960 4340 1014 4384 tu
1063 4333 1179 4401 ipse
1227 4348 1308 4398 es,
1337 4349 1370 4389 o
1412 4334 1663 4403 Domine,
1712 4338 1804 4408 qui
1851 4339 2006 4394 nobis

437 4421 568 4475 ades
591 4421 644 4474 in
688 4430 928 4492 tempore
957 4423 1345 4482 tribulationis.

500 4512 666 4568 Vens.
716 4514 770 4568 ’5.
817 4532 835 4564 ι
865 4511 1096 4584 Propter
1129 4530 1316 4570 vocem
1374 4517 1588 4575 timoris
1650 4519 1726 4575 tui
1783 4521 2001 4578 sedibus

430 4606 561 4660 moti
609 4615 734 4660 sunt
768 4605 950 4674 populi
1004 4621 1034 4660 a
1089 4607 1284 4662 timore
1321 4617 1431 4674 tuo,
1471 4621 1527 4664 et
1566 4611 1825 4681 dispersa:
1875 4623 2003 4668 sunt

429 4707 674 4766 gentes.»
717 4697 771 4752 Id
817 4697 1015 4752 dicitur
1061 4699 1127 4753 de
1178 4698 1248 4753 iis
1289 4701 1380 4770 qui
1412 4717 1582 4757 sacrm
1629 4705 1997 4777 praedicationi

426 4789 586 4841 fidem
638 4803 744 4843 non
793 4789 1122 4847 habuerunt.
1178 4791 1462 4861 Signiﬁcat
1525 4805 1700 4849 autem
1762 4794 2000 4853 Judaica:

424 4880 598 4949 gentis
647 4881 1008 4951 obsidionem,
1058 4891 1113 4939 et
1165 4885 1332 4954 quod,
1385 4886 1678 4956 ingruente
1731 4889 1859 4958 ipsis
1907 4891 1998 4945 ιιο-

422 4973 586 5026 stium
621 4973 987 5042 multitudine,
1021 4991 1088 5031 ex
1120 4987 1264 5032 terra
1289 4993 1386 5032 sua
1419 4979 1580 5048 pulsi,
1614 4989 1668 5037 et
1700 4981 1841 5037 inter
1873 5000 1999 5054 gen-

426 5075 503 5118 tes
537 5064 774 5133 dispersi
803 5067 934 5119 sint.

494 5153 660 5210 Vens.
709 5154 763 5210 4.
826 5155 1024 5212 «Nunc
1071 5166 1250 5214 autem
1305 5161 1780 5231 congregabuntur
1827 5164 1997 5234 spolia

419 5257 622 5313 vestra,
654 5249 802 5318 parvi
842 5259 897 5302 et
942 5251 1150 5319 magni,
1185 5260 1439 5319 tanquam
1471 5253 1514 5308 si
1551 5253 1673 5320 quis
1707 5265 1999 5325 congreget

419 5337 682 5404 locustas,
710 5341 790 5396 sic
813 5341 1047 5397 illudent
1073 5343 1243 5398 vobis.
1267 5363 1285 5396 ι
1315 5343 1410 5400 His
1443 5360 1606 5415 quam
1635 5345 1906 5403 invalidus
1940 5359 1994 5404 et

417 5443 580 5499 quam
613 5444 923 5503 expugnato
955 5434 1130 5490 facilis
1157 5434 1414 5492 Judaicus
1444 5439 1670 5506 populus
1716 5450 1861 5494 esset
1901 5440 1996 5495 de-

418 5521 591 5576 clarat
619 5539 632 5574 :
665 5539 727 5578 ac
754 5525 1152 5583 multitudinem
1180 5543 1366 5583 eorum
1402 5529 1626 5586 locustis
1647 5547 1992 5602 comparans,

2130 1827 2304 1897 τομῆς
2329 1824 2456 1887 λαὸς
2491 1823 2833 1894 ὠνόμασται·
2869 1821 2990 1884 όνος
3020 1819 3097 1884 δὲ,
3139 1819 3337 1873 ὡσανεὶ
3368 1819 3710 1890 ἀκάθαρτος,

2130 1916 2159 1968 ὁ
2183 1917 2248 1968 ἐκ
2277 1914 2526 1984 πατέρων
2555 1910 2955 1983 είδωλολατρῶν
2986 1910 3134 1974 λαός.
3178 1910 3331 1963 Ἐπεὶ
3359 1909 3534 1963 τοίνυν
3574 1909 3714 1963 Ἰου-

2129 2007 2296 2070 δαίοις
2317 2005 2570 2077 πρώτως,
2600 2004 2791 2058 ἔπειτα
2809 2001 3034 2074 Ἕλλησι
3072 2001 3163 2055 τὸν
3195 2001 3546 2070 εύαγγελικδν
3571 2018 3717 2054 κατ‹

2129 2099 2414 2154 εϐάλλοντο
2469 2099 2672 2170 σπόρον
2703 2098 2754 2152 οί
2781 2097 2876 2151 τοῦ
2907 2094 3162 2167 Σωτῆρος
3200 2096 3233 2166 ἠ
3244 2094 3359 2165 μῶν
3396 2092 3712 2160 ἀπόστολοι,

2127 2191 2352 2255 εἰκότως
2401 2191 2646 2263 εἴρηται·
2703 2209 2722 2242 ι
2752 2188 3036 2260 Μακάριος
3087 2187 3115 2240 6
3163 2185 3402 2258 σπείρων
3455 2186 3547 2238 ἐπὶ
3594 2186 3714 2238 πᾶν

2128 2283 2291 2355 ὕδωρ,
2329 2277 2392 2339 οῦ
2435 2282 2562 2354 βοῦς
2594 2283 2688 2336 καὶ
2729 2281 2849 2345 ὄνος
2885 2283 3066 2335 πατεῖ.
3094 2299 3112 2332 ι
3149 2279 3334 2351 ’Υδωρ
3367 2278 3424 2331 δέ
3467 2275 3711 2331 ἐνταῦθα

2125 2373 2342 2443 ᾐνίξατο
2372 2372 2471 2444 τὴν
2497 2372 2852 2426 θεόπνευστον
2882 2369 3127 2442 Γραφὴν,
3171 2368 3278 2424 ὑπὸ
3315 2367 3583 2423 Ἰουδαίων
3609 2367 3714 2422 καὶ

2125 2463 2220 2518 τοῦ
2245 2464 2305 2530 ἐξ
2331 2463 2501 2519 ἐθνῶν
2529 2463 2658 2517 λαοῦ
2688 2463 3056 2534 πατουμένην.

2636 2552 3036 2609 ΚΕΦΑΛΑῙΟΝ
3072 2551 3195 2606 AI".

2200 2667 2220 2702 ι
2247 2648 2384 2703 Οὐαὶ
2413 2651 2526 2712 τοῖς
2558 2645 2998 2718 ταλαιπωροῦσιν
3027 2645 3170 2716 ὑμᾶς
3191 2683 3207 2707 ,
3250 2642 3396 2714 ὑμᾶς
3440 2641 3499 2696 δέ
3528 2639 3712 2704 ούδεξ

2122 2741 2266 2793 ποιεῖ
2296 2737 2700 2807 ταλαιπώρους·
2749 2735 2844 2789 καὶ
2879 2736 2908 2788 6
2935 2733 3144 2787 ἀθετῶν
3179 2732 3325 2803 ὑμᾶς
3359 2731 3460 2784 οὐκ
3485 2729 3708 2784 ἀθετεῖ·

2123 2829 2424 2884 ἁλώσονται
2456 2828 2506 2882 οἱ
2556 2825 2874 2890 ἀθετοῦντες
2925 2826 3018 2879 καὶ
3069 2823 3556 2898 παραδοθήσονται,
3606 2824 3713 2878 καὶ

2119 2921 2195 2984 ὼς
2232 2919 2331 2992 σὴς
2373 2919 2458 2988 ἐφ’
2490 2919 2726 2990 ἱματίου,
2765 2917 2936 2982 οὕτως
2968 2917 3380 2989 ἡττηθήσονται.
3410 2935 3429 2967 ι
3480 2914 3711 2982 Τούτοις

2119 3009 2325 3078 ἀδελφά
2350 3009 2608 3079 τυγχάνει
2635 3007 2705 3060 τὰ
2735 3007 2802 3060 δι’
2829 3000 2904 3060 ὧν
2941 3009 2969 3060 6
2996 3006 3186 3078 Σωτὴρ
3217 3008 3329 3070 τοῖς
3371 3005 3563 3059 ἐαυτοῦ
3598 3023 3715 3076 μα-

2045 3110 2086 3168 C
2121 3101 2312 3173 θηταῖς
2353 3099 2569 3169 ἔλεγεν·
2611 3118 2630 3150 ‹
2669 3099 2725 3153 '0
2755 3099 2901 3170 ὑμᾶς
2927 3097 3135 3152 ἀθετῶν
3178 3099 3279 3170 ἐμὲ
3323 3098 3524 3163 ἀθετεῖ,
3547 3117 3567 3149 ι
3606 3099 3714 3152 καὶ

2117 3192 2218 3246 οὑκ
2267 3191 2538 3246 ἀδικεῖσθε
2590 3192 2777 3262 ὑμεῖς,
2814 3191 2940 3254 καὶ,
2974 3209 2994 3242 ι
3028 3190 3087 3244 '0
3117 3191 3219 3259 ἐμὲ
3261 3189 3470 3245 ἀθετῶν
3516 3189 3712 3244 ἀθετεῖ

2116 3282 2210 3336 τὸν
2257 3282 2650 3337 ἀποστείλαντά
2690 3299 2779 3352 με.
2802 3301 2820 3334 ι
2859 3281 2963 3334 Δύο
3013 3282 3122 3354 γὰρ
3165 3283 3332 3336 ὄντων
3377 3283 3709 3353 ταγμάτων,

2117 3375 2193 3440 ὡς
2237 3375 2302 3430 ἂν
2345 3375 2489 3427 εἴποι
2515 3392 2630 3442 τις,
2674 3374 2816 3428 κατὰ
2854 3375 2982 3439 τοὺς
3009 3377 3233 3446 καιροὺς
3282 3376 3391 3428 τῶν
3419 3375 3708 3446 διωγμῶν,

2116 3464 2223 3517 τῶν
2257 3464 2356 3535 μὲν
2389 3463 2658 3536 δρώντων,
2702 3462 2810 3517 τῶν
2846 3463 2903 3516 δέ
2950 3465 3284 3534 πασχόντων,
3335 3466 3606 3536 μακάριος
3635 3466 3711 3520 ἂν

2116 3557 2202 3628 είη
2233 3559 2261 3609 6
2289 3558 2533 3627 πάσχων,
2562 3557 2698 3611 ἀλλά
2730 3556 2805 3626 μὴ
2831 3555 3000 3626 δρῶν·
3031 3557 3214 3622 ἄθλιος
3241 3559 3297 3612 δέ
3319 3562 3348 3614 6
3371 3559 3533 3631 δρῶν,
3562 3558 3711 3613 ἀλλὰ

2120 3647 2196 3718 μὴ
2229 3645 2474 3718 πάσχων.

2191 3822 2210 3855 ι
2243 3803 2436 3876 Κύριε,
2467 3805 2688 3876 ἐλέησον
2724 3809 2903 3878 ἡμᾶς·
2939 3807 3031 3860 ἐπὶ
3062 3807 3146 3860 σοὶ
3193 3804 3302 3876 γὰρ
3331 3803 3705 3874 πεποίθαμεν.

2125 3895 2385 3967 Ἑγενήθη
2410 3895 2472 3949 τὸ
2499 3897 2719 3968 σπέρμα
2748 3899 2859 3952 τῶν
2879 3897 3251 3951 ἀπειθούντων
3281 3898 3362 3960 εἰς
3387 3895 3670 3950 ἀπιὶιλειαν
3689 3915 3704 3927 ·

2111 3988 2145 4056 ἡ
2172 3987 2230 4039 δὲ
2269 3989 2512 4059 σωτηρία
2553 3989 2710 4059 ἡμῶν
2750 3992 2806 4042 ἐν
2837 3989 3014 4060 καιρῷ
3056 3987 3309 4058 θλίψεως.
3343 4007 3362 4038 ι
3411 3988 3504 4040 Ἐκ
3531 4005 3709 4059 προσ·

2111 4078 2262 4132 ώπου
2309 4078 2417 4132 τῶν
2465 4081 2778 4134 ἀποστόλων
2829 4082 2930 4152 τὴν
2980 4082 3146 4152 εὐχὴν
3193 4082 3542 4152 ἀναπέμπει·
3584 4081 3706 4133 τῶν
3755 4107 3762 4114 -

2114 4169 2213 4240 μὲν
2258 4170 2368 4242 γὰρ
2407 4171 2818 4242 ἀπειθησάντων
2867 4172 2946 4243 τῷ
2990 4171 3329 4242 εὐαγγελικῷ
3375 4170 3706 4242 κηρύγματι

2108 4259 2170 4312 τὸ
2203 4261 2422 4333 σπέρμα
2454 4261 2722 4332 παρεδόθη
2754 4262 3028 4334 ἀπωλείᾳ·
3063 4263 3220 4334 ἡμῶν
3255 4263 3313 4315 δὲ
3351 4261 3597 4332 σωτηρία
3629 4264 3703 4314 σὺ

2107 4352 2268 4417 αὐτὸς
2322 4355 2639 4424 τυγχάνεις,
2676 4349 2721 4407 ὦ
2767 4355 2960 4426 Κύριε,
3010 4355 3412 4427 παριστάμενος
3461 4357 3595 4425 ἡμῖν
3639 4357 3704 4408 ἐν

2041 4455 2086 4511 D
2115 4443 2295 4516 καιρῷ
2321 4444 2573 4515 θλίψεως.

2183 4554 2202 4588 ι
2230 4535 2326 4589 Διά
2357 4537 2540 4609 φωνὴν
2580 4537 2674 4591 τοῦ
2721 4538 2886 4608 φόϐου
2928 4555 3022 4592 σου
3075 4538 3375 4610 ἐξέστησαν
3421 4537 3541 4590 λαοὶ
3583 4539 3704 4593 ἀπὸ

2106 4627 2198 4681 τοῦ
2229 4628 2394 4696 φόϐου
2423 4647 2536 4694 σου,
2563 4630 2656 4682 καὶ
2685 4630 3054 4702 διεσπάρησαν
3083 4631 3152 4684 τά
3183 4629 3312 4698 ἔθνη
3333 4647 3346 4659 ·
3369 4647 3387 4680 ι
3427 4631 3556 4700 περὶ
3585 4633 3704 4686 τῶν

2105 4721 2520 4791 ἀπιστησάντων
2557 4722 2634 4793 τῷ
2681 4721 2810 4794 ἱερῷ
2847 4723 3182 4796 κηρύγματι.
3217 4723 3477 4794 Σημαίνει
3507 4723 3567 4777 δὲ
3595 4725 3702 4796 τὴν

2106 4811 2418 4883 πολιορκίαν
2463 4813 2558 4867 τοῦ
2593 4815 2861 4870 Ἰουδαίων
2903 4815 3116 4881 ἔθνους,
3161 4816 3255 4870 καὶ
3291 4818 3366 4880 ὥς
3413 4815 3701 4888 πολυπλη-

2106 4900 2256 4964 θείας
2311 4902 2584 4974 πολεμίων
2636 4904 2968 4977 ἐπελθούσης
3014 4907 3196 4970 αὐτοῖς
3243 4904 3544 4977 ἐξέστησαν
3592 4907 3701 4979 τῆς

2106 4995 2312 5048 ἐαυτῶν
2349 4996 2471 5066 γῆς,
2500 4997 2592 5050 καὶ
2615 4997 3105 5071 διεσκορπίσθησαν
3128 5002 3208 5063 είς
3230 4999 3298 5052 τά
3325 5000 3472 5071 ἔθνη.

2178 5190 2199 5224 ι
2239 5173 2353 5228 Νῦν
2395 5176 2453 5230 δέ
2512 5179 3002 5250 συναχθήσεταιτά
3054 5182 3225 5236 σκύλα
3263 5181 3436 5253 ὑμῶν,
3488 5185 3700 5256 μικροῦ

2104 5264 2196 5316 καὶ
2231 5266 2488 5334 μεγάλου,
2529 5268 2588 5322 ὃν
2621 5271 2824 5340 τρόπον
2849 5273 2947 5327 ἐάν
2986 5291 3072 5337 τις
3108 5274 3394 5346 συναγάγῃ
3436 5275 3701 5345 ἀκρίδας,

2101 5354 2274 5418 οὕτως
2317 5358 2676 5427 ἐμπαίξουσιν
2707 5363 2898 5434 ὑμῖν.»
2944 5365 3018 5418 Τὸ
3066 5365 3389 5437 εὐχείρωτον
3429 5367 3527 5420 καὶ
3564 5370 3701 5423 εὐά-

2100 5442 2270 5499 λωτον
2315 5449 2409 5501 τοῦ
2453 5451 2718 5507 Ἰουδαίων
2764 5455 2895 5509 λαοῦ
2929 5457 3228 5528 παριστὰς,
3260 5457 3319 5510 τό
3372 5474 3431 5510 τε
3484 5459 3701 5528 πλῆθος

2102 5537 2279 5591 αὐτῶν
2313 5540 2500 5612 ἀκρίσι
2533 5546 2915 5615 παραϐάλλων.
2954 5550 3210 5620 σημαίνει
3238 5549 3312 5612 ὡς
3339 5551 3387 5602 oi
3432 5550 3698 5622 πολέμιοι

493 5711 535 5744 ³⁷
563 5711 680 5770 Gal.
716 5729 789 5782 tv,
821 5715 908 5773 26.
987 5722 1030 5752 ³⁸
1055 5719 1326 5791 Juan.xlv,
1355 5723 1408 5776 2.
1487 5724 1531 5756 ³³
1559 5723 1749 5782 Matth.
1782 5741 1854 5796 γι,
1892 5725 1976 5781 I9.

2128 5727 2250 5785 Luc.
2287 5747 2340 5799 κ,
2373 5731 2454 5786 Ib‘.
