3862 6210
144 241 254 296 39.5
1071 242 1570 304 COMMENTARIA
1612 245 1677 302 IN
1715 247 1971 305 ISAIAM.
2013 281 2082 291 —
2119 246 2271 302 CAP.
2313 244 2548 302 XXXIII.
3315 251 3423 308 326

143 355 266 408 ἀντὶ
312 352 570 420 παιγνίου
614 354 813 419 αὐτοὺς
864 356 1096 424 ἕξουσιν,
1138 362 1201 414 οὐ
1251 362 1411 434 μόνον
1455 364 1525 419 τά
1574 367 1727 422 σκύλι

1848 367 2125 436 signiﬁcat
2148 367 2295 436 ipsos
2329 366 2396 419 ab
2422 361 2663 418 inimicis
2692 362 2926 420 ludibrio
2955 363 3236 424 habendos
3254 382 3378 423 esse
3403 385 3418 421 :

147 443 331 497 αὐτῶν
371 445 764 517 διαρπάξοντες
803 449 1002 520 μικροῦ
1042 451 1135 506 καὶ
1175 455 1432 524 μεγάλου,
1465 457 1600 513 ἀλλά
1646 461 1740 514 καὶ

141 535 331 598 αὐτοῖς
369 534 754 606 ἐμπαίζοντες.
783 539 968 593 Ταῦτα
1005 542 1133 613 περὶ
1173 544 1380 600 τούτων
1417 549 1608 614 εἰπὼν,
1641 568 1740 622 με-

142 628 393 716 ταϐαίνει
421 629 516 681 ἐπὶ
544 628 606 681 τὸ
633 629 820 700 τάγμα
845 631 945 702 τῆς
969 631 1067 687 τοῦ
1100 634 1234 690 Θεοῦ
1276 638 1624 712 Ἐκκλησίας,
1650 645 1738 716 ἐφ’

140 713 187 787 ᾧ
216 720 314 772 καὶ
335 717 550 784 δοξάζει
574 719 666 772 τὸν
697 719 830 774 Θεὸν
860 721 1035 791 λέγων
1054 741 1068 755 ·

217 829 237 900 ι
271 811 468 879 Ἀγιος
490 810 520 862 6
551 810 688 875 Θεὸς
711 814 741 865 6
769 815 1039 869 κατοικῶν
1069 817 1130 870 ἐν
1152 817 1404 891 ὑψηλοῖς·
1432 823 1738 900 ἐνεπλήσθη

141 899 282 953 Σιὼν
337 901 578 972 κρίσεως
626 902 723 956 καὶ
777 903 1144 978 δικαιοσύνης.
1173 928 1192 960 ι
1247 911 1482 982 Νοήσεις
1528 915 1586 968 δὲ
1639 899 1740 989 τὴν

141 992 284 1047 Σιὼν
338 993 450 1046 ἀπὸ
491 992 589 1046 τοῦ
653 993 908 1063 λέγεσθαι
961 998 1196 1070 κρίσεως
1250 1003 1346 1056 καὶ
1391 1004 1738 1080 δικαιοσύνης

141 1083 542 1154 πεπληρῶσθαι
579 1085 772 1156 αὐτήν.
815 1087 902 1139 Ἐν
936 1087 995 1141 δέ
1035 1092 1148 1154 τοῖς
1189 1093 1447 1166 ἀνωτέρω
1485 1097 1734 1166 ἐλέγετο·

145 1193 165 1226 ι
192 1176 308 1227 Καὶ
335 1177 713 1231 ἀναπαύσεται
747 1179 806 1232 ἐν
834 1182 900 1252 τῇ
945 1181 1138 1253 ἐρήμῳ
1181 1188 1357 1256 κρῖμα
1401 1188 1495 1242 καὶ
1535 1188 1740 1244 δικαιο-

143 1264 300 1336 σύνη.
330 1285 351 1317 ›
390 1267 504 1338 Τὴν
549 1269 808 1341 ἀνωτέρω
849 1273 1028 1326 τοίνυν
1078 1274 1286 1346 ἔρημον
1341 1279 1738 1354 ὠνομασμένην

141 1355 238 1410 νῦν
271 1357 416 1410 Σιὼν
447 1360 738 1426 ἀποκαλεῖ,
784 1363 927 1418 οὔτω
957 1365 1056 1437 τὴν
1103 1369 1426 1440 Ἐκκλησίαν
1468 1372 1564 1426 τοῦ
1599 1374 1727 1428 Θεοῦ

1845 1368 1975 1423 Sion
2009 1375 2323 1438 nuncupat;
2367 1377 2531 1437 atque
2560 1369 2632 1422 ita
2669 1366 2964 1422 Ecclesiam
2995 1366 3094 1422 Dei
3123 1369 3412 1440 signiﬁcat.

144 1449 453 1532 σημαίνων.
478 1450 628 1522 Δύτη
681 1453 792 1525 γὰρ
833 1449 902 1526 ἦν
931 1458 964 1528 ἡ
995 1457 1161 1512 πάλαι
1209 1459 1432 1532 ἔρημος.
1476 1459 1597 1538 ἐνῇ
1639 1467 1727 1521 ἀν-

1843 1456 1970 1514 Ηωο
1997 1459 2196 1530 quippe
2220 1468 2340 1513 erat
2371 1458 2462 1514 illa
2483 1459 2610 1514 olim
2635 1456 2890 1524 solitudo,
2927 1459 2980 1512 in
3003 1474 3106 1529 qua
3148 1461 3419 1530 requievit

142 1541 424 1595 επαύσατο
463 1546 637 1614 κρῖμα
677 1546 771 1598 καὶ
815 1545 1126 1622 δικαιοσύνη
1148 1567 1162 1580 ·
1190 1551 1270 1604 διὸ
1301 1555 1395 1608 καὶ
1435 1555 1727 1625 εὐλογεῖται

1841 1550 2103 1621 judicium
2146 1559 2202 1606 et
2223 1548 2435 1618 justitia
2461 1566 2478 1607 :
2502 1551 2856 1620 quamobrem
2909 1567 3052 1608 nunc
3083 1551 3222 1609 Deus
3252 1553 3416 1610 bene-

144 1631 239 1686 νῦν
273 1634 306 1686 6
357 1633 527 1699 Θεὸς,
571 1635 655 1689 ὃτι
716 1637 1021 1711 ἐνεπλήσθη
1084 1643 1320 1712 κρίσεως
1377 1647 1471 1700 καὶ
1525 1647 1727 1702 δικαιο-

1841 1642 2060 1708 dicitur,
2086 1640 2214 1711 quia
2239 1639 2441 1711 repleta
2464 1641 2772 1713 estjudicio
2793 1651 2848 1698 et
2862 1641 3094 1711 justitia.

147 1725 338 1797 σύνης.
1767 1732 1814 1794 Β

1847 551 1917 605 lia
1952 551 2234 621 diripient,
2261 550 2355 606 sed
2393 550 2558 605 etiam
2607 539 2740 620 ipsis
2793 549 3040 605 illudent.
3085 550 3209 606 llaec
3259 567 3423 622 porro

1846 643 1915 698 de
1971 643 2038 698 iis
2093 641 2324 704 locutus,
2371 639 2438 694 ad
2481 639 2782 695 Ecclesiam
2824 639 2918 695 Dei
2961 643 3277 711 pertransit,
3327 644 3421 700 ubi

1848 735 2014 789 Deum
2043 732 2129 788 his
2150 731 2332 788 verbis
2357 730 2601 787 celebrat
2629 747 2642 783 :

1919 823 2080 878 Vsus.
2111 822 2167 878 5.
2211 841 2232 875 ι
2259 822 2500 877 Sanctus
2523 820 2687 885 Deus,
2709 821 2802 890 qui
2835 820 3041 876 habitat
3073 821 3126 876 in
3152 823 3419 880 excelsis:

1845 914 2052 984 repleta
2080 925 2163 970 est
2197 913 2331 969 Sion
2371 912 2578 983 judicio
2625 920 2682 967 et
2721 911 2955 980 justitia.
2981 930 3000 962 ι
3042 912 3173 967 Sion
3197 929 3318 984 quae
3347 914 3422 970 sit

1845 1004 1930 1059 vel
1973 1004 2100 1060 inde
2149 1003 2444 1074 intelligas,
2479 1003 2624 1071 quod
2673 1001 2890 1056 dicatur
2935 1001 3084 1056 illam
3117 1001 3328 1072 judicio
3363 1013 3422 1059 et

1840 1093 2052 1164 justitia
2095 1093 2357 1163 repletam
2409 1105 2552 1147 esse.
2592 1089 2854 1160 Superius
2884 1099 3065 1145 autem
3093 1092 3417 1150 dicebatur:

1849 1205 1869 1238 ι
1895 1186 1959 1240 Ει
1989 1187 2297 1256 requiescet
2352 1183 2407 1240 in
2457 1187 2682 1258 ‘deserto
2710 1181 2975 1250 judicium
3029 1193 3084 1238 et
3112 1184 3354 1255 justitia.
3392 1205 3414 1240 ι

1843 1276 1974 1332 Eam
2025 1277 2210 1346 igitur,
2265 1291 2386 1346 qua:
2424 1276 2673 1344 superius
2708 1274 2981 1330 desertum
3027 1287 3273 1341 vocatur,
3304 1278 3416 1349 jam

1911 1821 2079 1878 Vsus.
2115 1821 2168 1877 6.
2199 1840 2219 1875 ι
2247 1821 2304 1876 In
2337 1821 2457 1893 lege
2488 1822 2791 1888 tradentur,
2847 1823 2898 1878 in
2948 1822 3218 1880 thesauris
3263 1822 3412 1879 salus

1839 1923 2031 1969 nostra
2061 1929 2072 1963 :
2102 1913 2213 1968 illic
2265 1913 2532 1983 sapientia
2576 1923 2631 1967 et
2680 1914 2904 1969 scientia
2955 1925 3010 1968 et
3061 1916 3234 1985 pietas
3268 1915 3411 1986 apud

217 1836 239 1867 ι
281 1819 375 1870 Ἐν
402 1818 554 1890 νόμῳ
603 1823 1096 1895 παραδοθήσονται,
1140 1827 1198 1880 ἐν
1233 1827 1526 1900 θησαυροῖς
1555 1832 1589 1902 ἡ
1635 1849 1740 1886 σω-

144 1909 311 1979 τηρία
357 1909 519 1980 ἡμῶν
539 1926 554 1941 ·
587 1913 706 1964 ἐκεῖ
738 1912 899 1982 σοφία
927 1913 1023 1967 καὶ
1055 1916 1334 1988 ἐπιστήμη
1368 1919 1462 1971 καὶ
1489 1919 1741 1973 εὐσέϐεια

1847 458 1941 529 qui
1971 473 2076 512 non
2105 457 2266 513 modo
2305 466 2412 512 tam
2440 456 2617 526 parvi,
2648 469 2811 524 quam
2850 459 3031 527 magni
3061 473 3250 514 eorum
3295 474 3423 531 spo-
3499 529 3507 537 .

145 2000 283 2072 πρὸς
315 2001 412 2054 τὸν
446 2003 670 2074 Κύριον.
697 1997 856 2058 Οὗτοί
883 2007 990 2060 είσι
1030 2005 1293 2080 θησαυροὶ
1335 2010 1732 2083 δικαιοσύνης.»

144 2093 315 2165 Νόμῳ
346 2095 458 2165 γὰρ
476 2136 491 2160 ,
518 2096 720 2168 δηλαδὴ
749 2098 1118 2170 εὐαηελικῷ,
1174 2101 1224 2154 οἳ
1245 2102 1360 2174 (40)
1397 2105 1455 2158 ἐν
1482 2107 1549 2176 τῇ
1577 2107 1730 2176 κοινῇ

145 2183 317 2256 ταύτῃ
367 2183 504 2237 Σιὼν
535 2185 912 2257 παρεδόθησαν
931 2204 945 2216 ·
979 2189 1038 2241 ἐν
1075 2189 1256 2243 ἐλπίσι
1282 2190 1390 2260 γὰρ
1417 2193 1528 2256 τοῖς
1559 2192 1738 2262 ἁγίοις

144 2275 429 2327 ἀπόκειται
484 2274 552 2328 τὰ
596 2275 795 2344 ἀγαθά.
845 2275 1026 2341 Ποίοις
1073 2276 1134 2330 δὲ
1196 2277 1492 2350 θησαυροῖς
1547 2282 1582 2352 ἢ
1617 2285 1732 2347 τοῖς

145 2367 530 2437 ἀποκειμένοις
554 2368 612 2419 ἐν
635 2366 884 2438 οὐρανοῖς
904 2383 920 2433 ;

284 2459 420 2512 ’1δού
467 2459 524 2512 δὲ
555 2459 614 2512 ἐν
646 2459 724 2529 τῷ
750 2459 902 2530 φόϐῳ
948 2459 1102 2530 ὐμῶν
1131 2454 1276 2516 οῦτοι
1310 2462 1732 2534 φοϐηθήσονται,

145 2547 236 2612 οὓς
279 2547 600 2618 ἐφοϐεῖσθε·
640 2547 922 2619 βοήσονται
957 2549 1050 2618 ἀφ’
1095 2547 1270 2619 ὐμῶν.
1296 2568 1314 2599 ι
1359 2547 1544 2603 Ταῦτα
1596 2548 1735 2622 πρὸς

145 2641 266 2704 τούς
301 2639 636 2702 ἀποστόλους
689 2639 903 2710 εἴρηται
925 2657 938 2670 ·
984 2641 1324 2693 ἐπιπεσεῖται
1367 2639 1496 2712 γὰρ,
1545 2641 1732 2712 φησὶν,

145 2732 236 2786 ἐπὶ
267 2731 399 2794 τούς
436 2729 700 2794 ἀπίστους
732 2731 762 2782 ὁ
791 2729 1054 2801 ὑμέτερος
1087 2729 1269 2800 φόϐος.

215 2842 237 2876 ι
282 2821 547 2890 ’Ἄγγελοι
613 2821 1082 2892 ἀποσταλήσονται
1149 2821 1364 2896 πικρῶς
1434 2821 1728 2887 κλαίοντες.

155 2914 645 2986 Ἐρημωθήσονται
694 2914 804 2986 γὰρ
851 2915 909 2967 αἱ
955 2913 1160 2968 τούτων
1209 2913 1354 2966 ὁδοί·
1386 2915 1663 2969 πέπαυται
1703 2917 1732 2968 6

143 3008 305 3077 φόϐος
338 3006 450 3060 τῶν
491 3006 682 3071 ἐθνῶν,
733 3007 827 3061 καὶ
859 3008 893 3092 ή
941 3007 1078 3079 πρὸς
1115 3008 1337 3072 τούτους
1369 3008 1598 3080 διαθήκη
1645 3006 1729 3060 αἴ-

1841 2002 2152 2058 Dominum.
2198 2002 2262 2057 Ili
2303 2011 2429 2058 sunt
2469 2004 2708 2058 thesauri
2737 2005 2982 2074 iustitiae.
3014 2024 3033 2058 ι
3082 2004 3208 2075 Legi
3238 2007 3408 2072 enim,

1837 2095 2086 2152 videlicet
2131 2095 2476 2167 evangelicae,
2525 2097 2618 2165 qui
2672 2097 2726 2150 in
2779 2096 2881 2152 hac
2937 2097 3211 2152 comnmni
3275 2097 3410 2153 Sion

1838 2187 2087 2244 habitant
2117 2188 2302 2242 traditi
2339 2196 2466 2242 sunt
2496 2206 2510 2242 :
2537 2187 2744 2244 sanctis
2798 2189 2997 2260 quippe
3041 2188 3181 2243 bona
3225 2191 3277 2243 itt
3313 2204 3410 2260 spe

1837 2278 2120 2333 recondita
2167 2287 2334 2344 sunt;
2377 2278 2433 2332 in
2471 2279 2668 2348 quibus
2691 2288 2870 2334 autem
2898 2278 3188 2344 thesauris,
3216 2278 3319 2333 nisi
3353 2279 3409 2334 in

1838 2369 1905 2423 iis
1925 2368 2017 2438 qui
2047 2369 2098 2422 in
2122 2368 2275 2422 cmlis
2301 2376 2426 2423 sunt
2459 2367 2729 2437 repositi?

1907 2462 2071 2517 Vsus.
2099 2462 2155 2515 7.
2188 2480 2207 2512 ι
2233 2461 2372 2516 Ecce
2395 2469 2543 2515 certe
2583 2459 2634 2513 in
2675 2459 2866 2513 timore
2917 2467 3102 2514 vestro
3135 2457 3223 2513 isti
3249 2457 3408 2513 time-

1837 2554 1992 2619 bunt,
2037 2566 2174 2622 quos
2225 2550 2499 2605 titnebatis
2529 2567 2543 2603 :
2570 2549 2880 2604 clamabunt
2924 2563 2951 2601 a
2995 2549 3171 2604 vobis.
3200 2567 3219 2602 ι
3277 2547 3406 2604 Haec

1835 2644 2094 2716 apostolis
2125 2644 2380 2699 dicuntur
2415 2663 2426 2697 :
2454 2640 2658 2696 incidet
2698 2641 2869 2706 enim,
2917 2640 3014 2706 ait,
3047 2640 3209 2696 timor
3234 2639 3407 2695 vestri

1835 2735 1890 2791 in
1923 2733 2250 2791 incredulos.

1903 2823 2069 2880 Vsus.
2099 2823 2154 2889 8,
2187 2823 2240 2878 9.
2274 2841 2292 2874 ι
2315 2819 2506 2892 Angeli
2539 2819 2824 2875 mittentur
2856 2834 3040 2874 amare
3062 2817 3272 2874 ﬂentes.
3302 2818 3407 2874 De-

1835 2927 2093 2974 serentur
2121 2916 2265 2971 enim
2291 2929 2478 2970 eorum
2510 2915 2610 2968 via:
2643 2931 2657 2967 :
2694 2914 2927 2968 cessavit
2958 2912 3120 2966 timor
3139 2912 3405 2982 gentium,

1834 3023 1888 3068 et
1923 3020 2306 3067 testamentum
2335 3023 2458 3063 cum
2483 3009 2591 3063 illis
2613 3007 2806 3062 initum
2832 3005 3038 3062 tollitur
3068 3023 3083 3059 :
3117 3020 3216 3060 nec
3245 3019 3406 3074 repu-

145 3073 334 3169 ρεται,
383 3097 482 3149 καὶ
540 3096 603 3149 οὐ
667 3097 743 3168 μὴ
804 3073 1089 3168 λογίσησθε
1141 3099 1338 3162 αὐτοὺς
1384 3073 1724 3169 ἀνθρώπους.

1841 3103 2021 3157 labilis
2053 3115 2150 3156 eos
2213 3099 2482 3155 homines.
2529 3097 2697 3152 Luxit
2750 3107 2936 3161 terra;
2979 3097 3197 3150 erubuit
3242 3073 3403 3150 Liba-

151 3186 486 3258 Ἐπένθησεν
526 3187 561 3256 ἡ
591 3186 695 3256 γῆ,
745 3187 986 3258 ᾐσχύνθη
1029 3189 1058 3242 6
1089 3188 1340 3252 Λίϐανος,
1381 3188 1477 3260 ἐλη
1510 3189 1728 3258 ἐγένετο

141 3280 171 3349 ἡ
200 3280 418 3350 Σάρων,
460 3277 670 3349 φανερὰ
700 3277 852 3331 ἐσται
885 3279 920 3349 ἡ
957 3279 1215 3333 Γαλιλαία
1255 3282 1402 3334 καὶὸ
1439 3281 1678 3353 Χέρμελ.
1702 3301 1720 3333 ι

149 3370 206 3425 Ὀ
251 3372 357 3442 μὲν
411 3366 506 3424 οῦν
573 3370 955 3441 φιλάνθρωπος
1010 3372 1142 3436 Θεὸς
1191 3373 1456 3442 ἀγγέλους
1501 3376 1727 3446 εἰρήνης

135 3464 426 3517 ἀπέστειλε
468 3463 605 3534 πρὸς
644 3461 735 3514 τὸν
771 3463 1038 3517 Ἰουδαίων
1083 3465 1230 3528 λαὸν,
1265 3467 1477 3538 πικρῶς
1511 3468 1725 3522 κλαίον-

135 3572 226 3618 τας
266 3556 369 3608 καὶ
397 3555 855 3626 παρακαλοῦντας
896 3555 1258 3620 ὐποδέξασθαι
1301 3557 1399 3629 τὴν
1443 3559 1728 3628 εὐαγγελι-

135 3646 234 3715 κὴν
262 3647 458 3709 αὐτοῖς
504 3648 747 3718 εἰρήνην.
796 3647 954 3701 Ἐπεὶ
990 3646 1048 3700 δὲ
1088 3647 1188 3700 οὐκ
1218 3647 1463 3713 ἐδέξαντο
1505 3650 1723 3715 αὐτοὺς,

135 3737 388 3808 ἐπιφέρει
418 3737 664 3806 φάσκων·

206 3846 225 3878 ι
253 3828 374 3882 Νῦν
393 3829 794 3899 ἀναστήσομαι,
823 3828 969 3896 λέγει
987 3831 1016 3882 6
1032 3829 1256 3901 Κύριος,
1281 3828 1377 3882 νῦν
1402 3829 1724 3902 δοξασθήσο-

138 3937 254 3988 μαι,
271 3920 372 3972 νῦν
389 3918 774 3991 ὐψωθήσομαι·
791 3939 809 3971 ι
842 3920 937 3972 τοῦ
964 3919 1120 3988 λόγου
1148 3921 1519 3992 παριστῶντος
1537 3921 1722 3992 σαφῶς

133 4011 473 4082 ὀφθήσεσθαι
504 4011 595 4064 τὸν
610 4011 742 4064 Θεὸν
759 4012 962 4075 αὐτοῖς.
995 4011 1115 4065 Τίσι
1137 4012 1193 4064 δὲ
1220 4012 1424 4076 αὐτοῖς,
1439 4013 1473 4083 ἢ
1494 4015 1608 4076 τοῖς
1626 4014 1722 4084 θη-

136 4099 465 4169 ται-’ρίσασιν
479 4101 691 4162 ἑαυτοῖς
706 4100 830 4162 τοὺς
845 4100 942 4168 τῆς
958 4099 1299 4170 δικαιοσύνης
1314 4102 1407 4153 καὶ
1421 4101 1518 4171 τῆς
1532 4101 1722 4169 σοφίας

133 4191 478 4261 θησαυρούς
526 4191 749 4254 Τούτοις
800 4192 930 4263 γὰρ,
978 4192 1162 4262 φησὶν,
1207 4191 1546 4263 ὀφθήσομαι·
1581 4189 1720 4264 ἦσαν

129 4283 186 4337 δὲ
233 4280 382 4338 οὗτοι
429 4285 478 4336 οἱ
543 4283 783 4354 μαθηταὶ
832 4285 926 4338 καὶ
990 4283 1274 4337 ἀπόστολοι
1317 4283 1410 4337 τοῦ
1471 4285 1720 4356 Σωτῆρος

1833 3207 1935 3246 nus
1961 3207 1977 3255 ;
2009 3189 2160 3261 palus
2189 3189 2332 3243 facta
2383 3196 2472 3243 est
2500 3186 2698 3252 Saron,
2732 3186 3015 3242 manifesta
3047 3187 3153 3240 erit
3179 3184 3404 3241 Galilaaa

1829 3292 1884 3339 et
1911 3282 2186 3338 Chertnel.
2219 3299 2237 3334 ι
2271 3279 2526 3337 Clemens
2565 3279 2750 3351 itaque
2809 3278 2948 3334 Deus
2999 3277 3220 3348 angelos
3253 3277 3405 3346 pacis

1830 3372 1972 3428 misit
2003 3370 2069 3425 ad
2097 3369 2402 3424 Iudaeorum
2439 3368 2718 3439 populum,
2749 3381 2932 3421 amare
2969 3365 3180 3430 ﬂentes,
3221 3381 3284 3418 ac
3313 3380 3405 3420 co-

1829 3467 2109 3523 hortantes
2145 3472 2204 3517 ut
2239 3461 2604 3531 evangelicam
2678 3459 2781 3514 sibi
2834 3473 3021 3526 pacem
3074 3459 3402 3526 reciperent.

1827 3558 2094 3627 Quoniam
2128 3569 2259 3611 vero
2285 3567 2390 3607 non
2425 3557 2745 3620 receperunt
2778 3563 2894 3616 eos,
2928 3547 3001 3603 ita
3045 3546 3320 3618 subiungit
3349 3561 3370 3603 ε

1895 3827 2058 3884 Vens.
2090 3828 2179 3885 l0.
2205 3847 2224 3880 ι
2248 3827 2402 3882 Nunc
2429 3838 2743 3893 exsurgam,
2777 3823 2909 3877 dicit
2941 3822 3223 3886 Dominus,
3254 3835 3400 3876 nunc

1826 3919 2195 3991 glorilicabor,
2232 3932 2374 3972 nunc
2395 3915 2695 3970 exaltabor.
2731 3932 2750 3966 ι
2788 3911 2882 3968 llis
2919 3927 3082 3983 porro
3113 3910 3401 3966 manifeste

1823 4012 2131 4068 declaratur
2163 4011 2296 4080 ipsis
2331 4007 2622 4062 videndum
2657 4008 2824 4062 Deum
2859 4020 3002 4060 esse.
3034 4003 3395 4070 Quibusnam,

1823 4104 1926 4159 nisi
1965 4104 2051 4168 iis,
2093 4103 2183 4171 qui
2235 4101 2462 4171 justitia:
2506 4108 2561 4152 et
2613 4097 2893 4168 sapientia:
2957 4097 3244 4151 thesauros
3293 4095 3398 4150 sibi

1821 4195 2247 4265 compararunt?
2302 4194 2382 4246 Ab
2444 4192 2599 4261 ipsis,
2652 4189 2852 4260 inquit,
2907 4188 3190 4243 videbor:
3239 4193 3399 4240 crant

1823 4303 1984 4359 porro
2023 4289 2111 4343 isti
2149 4284 2400 4356 discipuli
2432 4295 2488 4341 et
2532 4283 2760 4353 apostoli
2791 4280 3092 4336 Salvatoris
3123 4279 3292 4334 nostri
3319 4295 3337 4344 ;
3366 4292 3398 4332 a

131 4377 310 4445 ἡμῶν,
350 4369 436 4438 οἷς
479 4375 588 4444 ἐγὼ
623 4375 722 4446 μὲν
778 4375 994 4448 ὤφθην·
1026 4379 1074 4429 οἱ
1105 4376 1162 4430 δὲ
1201 4376 1433 4448 ἔκραξαν
1465 4379 1716 4442 ἐκτενῶς,

1841 4381 2039 4450 luibus,
2059 4380 2257 4450 inquit,
2282 4393 2381 4446 ego
2393 4376 2609 4447 quidem
2626 4374 2770 4430 visus
2785 4388 2904 4427 sum
2923 4389 2936 4435 ;
2955 4371 3027 4426 illi
3040 4386 3168 4427 vero
3185 4369 3398 4424 assidue

130 4465 356 4534 ἄγγελοι
410 4467 562 4528 ὄντες
607 4468 862 4538 εἰρήνης·
901 4467 982 4520 διὸ
1031 4469 1125 4520 καὶ
1176 4467 1389 4539 πικρῶς
1448 4469 1718 4524 ἔκλαυσαν

1841 4473 2153 4535 :Iamabant,
2183 4481 2242 4525 ut
2283 4468 2458 4540 angeli
2491 4468 2642 4536 pacis
2669 4484 2682 4520 :
2714 4472 3048 4536 quapropter
3079 4475 3263 4515 amare
3297 4459 3366 4520 Ile
3394 4495 3399 4500 -

133 4559 367 4626 βοῶντες
396 4560 454 4609 ἐν
493 4559 677 4628 εὐχαῖς
716 4559 946 4622 ἐκτενῶς
1009 4559 1149 4631 ὐπέρ
1194 4559 1294 4629 τῆς
1329 4559 1599 4624 ἀπωλείας
1622 4561 1716 4614 τοῦ

132 4651 401 4721 προτέρου
454 4649 604 4702 λαοῦ.
646 4647 826 4704 ’Ἦσαν
863 4651 973 4721 γὰρ
1021 4653 1071 4703 οἱ
1123 4650 1410 4704 ἀπόστολοι
1459 4652 1553 4704 τοῦ
1601 4653 1715 4704 Σω-

128 4744 292 4812 τῆρος
332 4742 494 4811 ήμῶν
543 4743 801 4810 ἄγγελοι,
840 4743 890 4795 οἶ
941 4741 1154 4813 πικρῶς
1205 4741 1418 4795 ἔκλαιον
1457 4741 1714 4796 πενθοῦν-

129 4851 246 4897 τες,
289 4834 383 4886 διὰ
446 4833 508 4886 τὸ
565 4834 640 4905 μὴ
694 4833 976 4888 πείθεσθαι
1037 4833 1171 4904 μηδὲ
1226 4833 1500 4886 πιστεύειν
1536 4835 1719 4898 αὐτοῖς

128 4926 252 4988 τοὺς
299 4924 377 4978 δι’
423 4925 602 4978 αὐτῶν
651 4924 1022 4996 κεκλημένους
1055 4925 1148 4977 ἐπὶ
1193 4923 1292 4994 τὴν
1341 4923 1435 4976 τοῦ
1478 4924 1714 4996 Χριστοῦ

128 5019 371 5088 εἰρήνην.

200 5127 219 5158 ι
249 5107 369 5160 Νῦν
413 5107 632 5176 ἆᾷεσθε,
683 5105 778 5160 νῦν
828 5106 1190 5178 αἰσθήσεσθε·
1233 5107 1434 5178 ματαία
1479 5108 1634 5162 ἔσται
1678 5110 1711 5180 ή

131 5201 280 5270 ἰσχὺς
308 5199 407 5253 τοῦ
455 5199 770 5270 πνεύματος
812 5198 998 5270 ὐμῶν·
1045 5218 1064 5250 ι
1114 5200 1147 5270 ή
1189 5199 1280 5252 διά
1319 5200 1564 5263 Μωσέως
1615 5201 1716 5253 αὐ-

127 5297 231 5356 τοῖς
267 5292 666 5363 παραδοθεῖσα,
712 5290 808 5343 καὶ
852 5291 934 5342 ὃτι
962 5290 1134 5354 οὐδεὶς
1181 5290 1364 5344 οὐκέτι
1409 5291 1605 5353 αὐτοὺς
1637 5292 1718 5354 είς

127 5382 444 5455 ἀνθρώπους
480 5382 760 5450 λογιεῖται.
794 5399 812 5430 ι
836 5380 954 5451 Πῦρ
983 5381 1264 5434 κατέδεται
1325 5382 1470 5451 ὑμᾶς
1499 5397 1512 5410 ·
1562 5399 1580 5430 ι
1617 5380 1714 5451 τὴν

127 5473 382 5548 δευτέραν
446 5473 613 5528 αὐτοῦ
656 5472 753 5526 καὶ
811 5470 1018 5536 ἔνδοξον
1072 5473 1375 5545 παρουσίαν
1441 5471 1712 5542 ἐπαγγελ-

133 5566 383 5638 λόμενος,
433 5565 559 5620 καθ’
591 5565 660 5637 ἠν
710 5565 949 5634 δψονται.

1825 4563 2000 4627 bant,
2056 4561 2389 4618 clamoribus
2441 4569 2497 4613 et
2541 4558 2886 4613 orationibus
2935 4553 3170 4609 assiduis
3227 4549 3395 4621 prisci

1825 4656 2005 4725 populi
2037 4655 2334 4722 perniciem
2361 4651 2730 4722 depiorautes.
2766 4649 2836 4702 At
2859 4647 3000 4702 enim
3017 4643 3242 4714 apostoli
3273 4641 3366 4697 Sal
3393 4671 3397 4677 -

1823 4747 2028 4801 vatoris
2063 4746 2232 4800 nostri
2269 4744 2447 4814 angeli
2478 4754 2660 4808 erant,
2691 4742 2781 4810 qui
2811 4738 3023 4794 acerbis
3057 4749 3178 4791 sese
3225 4735 3375 4805 lacry

1819 4840 1923 4895 mis
1955 4839 2297 4901 dediderant,
2327 4836 2469 4905 quod
2502 4836 2558 4900 ii,
2582 4834 2674 4903 qui
2706 4831 2774 4886 ab
2807 4847 2864 4886 se
2893 4833 2960 4884 ad
3011 4842 3203 4898 pacem
3231 4827 3393 4881 Chri-

1817 4931 1887 4986 sti
1931 4929 2310 4991 vocabantur,
2368 4941 2476 4980 non
2529 4924 3006 4993 obtemperarent,
3061 4931 3236 4988 neque
3287 4917 3392 4972 sibi

1818 5021 1977 5075 ﬁdem
2010 5019 2294 5073 haberent.

1891 5109 2059 5164 Vens.
2095 5109 2182 5162 ll.
2227 5126 2246 5159 ι
2269 5105 2422 5161 Nunc
2450 5103 2724 5168 videbitis,
2749 5116 2892 5156 nunc
2940 5097 3184 5153 sentietis
3209 5115 3222 5149 :
3251 5108 3390 5149 vana

1817 5200 1924 5256 erit
1955 5199 2218 5254 fortitudo
2251 5197 2477 5260 spiritus
2520 5193 2685 5249 vestri
2720 5208 2778 5244 ε»
2809 5205 2931 5260 quae
2966 5188 3098 5258 ipsis
3135 5202 3165 5240 a
3197 5186 3387 5252 Moyse

1815 5289 1941 5342 data
1977 5287 2178 5351 fuerat,
2215 5288 2341 5354 quia
2373 5299 2531 5339 nemo
2557 5284 2704 5354 ipsos
2741 5283 2794 5336 in
2826 5291 3102 5351 posterum
3142 5277 3390 5331 homines

1814 5378 2111 5449 reputabit.
2148 5397 2167 5430 ι
2194 5377 2340 5448 Ignis
2365 5376 2794 5436 devorabitVos,
2838 5392 2856 5424 ι
2894 5371 2978 5426 his
3005 5371 3304 5425 secundum
3331 5378 3389 5422 et

1811 5473 2102 5543 gloriosum
2143 5470 2434 5525 adventum
2487 5481 2643 5522 suum
2691 5466 3006 5537 pollicetur,
3038 5477 3148 5536 quo
3187 5461 3265 5517 illi
3293 5460 3391 5533 ,νὶ-

1810 5563 2032 5619 debunt.

95 5663 110 5685 ”
190 5683 303 5752 (40)
347 5682 442 5737 Vel
497 5682 785 5749 legendum
812 5683 861 5734 οἱ
895 5681 1012 5739 sine
1043 5689 1292 5746 accentu,
1324 5678 1408 5735 vel
1446 5678 1727 5750 supplendt

1841 5676 2054 5736 verbum
2086 5673 2315 5730 οίκοῦσι.
2353 5671 2512 5728 Eutr.
