3862 6210
478 186 583 242 527

549 308 712 362 Vens.
765 307 951 362 l‘Z—M.
996 309 1105 362 «Et
1157 321 1320 365 erunt
1369 322 1563 381 gentes
1621 313 1941 376 combustae,
1993 317 2055 362 ut

475 401 628 469 spina
665 403 717 455 in
746 417 880 471 agro
907 403 1147 472 proiecta
1174 414 1231 460 et
1258 418 1473 460 exuSta.
1503 407 1744 461 Audient
1774 406 1864 474 qui
1895 406 2054 478 longe

475 501 626 556 sunt,
665 508 786 562 qua:
822 508 923 563 ego
948 493 1386 565 feci,scientqui
1427 497 1862 566 appropinquant
1907 498 2056 552 forti-

477 585 720 637 tudinem
763 599 960 641 meam.
1019 585 1385 642 Recesserunt
1436 588 1529 656 qui
1583 597 1745 640 erant
1808 589 1860 640 in
1923 586 2053 642 Sion

473 674 642 742 iniqui
669 692 681 726 :
717 677 1085 744 apprehendet
1116 689 1321 732 tremor
1351 679 1566 747 impios.
1597 698 1616 730 ι
1664 678 1893 733 Etiamsi
1939 679 2055 734 haec

473 783 579 821 non
597 768 660 822 de
675 769 780 823 illis
797 785 858 823 ex
877 767 1102 825 Judaico
1123 771 1322 840 pepulo
1340 772 1686 835 vaticinetur,
1723 773 1812 838 qui
1842 787 2053 825 annun-

476 863 665 916 tiatam
716 863 817 918 sibi
868 865 1100 933 gratiam
1135 875 1488 933 acceperunt,
1521 880 1618 920 vos
1651 865 1853 920 auditis
1901 865 2055 919 hisce

472 957 810 1025 propheticis
865 957 1233 1021 sermonibus,
1287 974 1394 1012 non
1453 959 1785 1029 intelligitis.
1815 959 2053 1013 scientes

473 1047 611 1110 hmo,
637 1065 755 1114 qum
788 1047 1056 1102 Hebraice
1091 1049 1243 1101 vobis
1275 1049 1559 1103 enuntiata
1591 1060 1646 1104 et
1674 1050 1874 1118 scripta
1902 1058 2049 1112 sunt,

474 1151 686 1190 necnon
719 1138 900 1192 omnia
951 1137 1039 1191 illa
1070 1137 1316 1208 prodigia
1346 1153 1464 1206 qua:
1491 1140 1635 1207 apud
1660 1147 2046 1202 vos'operatus

471 1241 613 1288 sum,
643 1235 697 1279 et
726 1241 845 1295 qua:
878 1229 1016 1294 apud
1048 1243 1142 1282 vos
1169 1227 1383 1281 locutus
1427 1244 1569 1294 sum,
1602 1239 1903 1283 necnou'ea
1933 1243 2054 1298 quae

471 1319 786 1372 videntibus
831 1319 988 1372 vobis
1041 1333 1160 1372 sum
1197 1327 1474 1386 operatus,
1509 1335 1538 1371 a
1569 1319 1822 1386 gentibus
1862 1319 2052 1389 procul

471 1411 614 1463 etad
649 1420 892 1463 extrema
929 1421 1092 1463 terra)
1137 1411 1378 1464 auditum
1424 1411 1511 1463 iri.
1544 1410 1825 1477 Quomodo
1866 1423 2050 1468 autem

472 1501 718 1565 audient,
766 1502 871 1556 nisi
917 1503 983 1555 ad
1033 1503 1198 1555 Deum
1253 1503 1597 1566 accedentes,
1629 1519 1751 1557 eum
1792 1505 2048 1559 virtutem

470 1593 587 1657 ejus
619 1593 987 1648 edidicerint?
1022 1593 1084 1648 Hi
1140 1608 1272 1646 vero
1319 1594 1446 1664 ipsi,
1481 1593 1737 1650 videlicet
1795 1597 1947 1666 impii
1994 1598 2047 1651 in

473 1684 603 1738 Sion
643 1692 943 1748 versantes,
989 1699 1097 1754 quo
1139 1694 1297 1752 pacto
1342 1699 1372 1738 a
1425 1699 1510 1738 me
1539 1688 1884 1754 recesserint,
1921 1703 2052 1758 cog-

471 1787 743 1832 noscent:
777 1793 882 1845 qua
924 1777 992 1831 de
1044 1791 1233 1842 causa,
1283 1777 1356 1832 ob
1407 1777 1768 1834 defectionem
1819 1780 2047 1844 scilicet,

473 1879 676 1926 tremor
704 1871 923 1925 invadet
950 1871 1093 1926 illos.

542 2049 705 2104 Vens.
726 2051 813 2105 15.
834 2071 851 2102 ι
865 2050 994 2118 Quis
1023 2052 1367 2107 annuntiabit
1383 2053 1537 2109 vobis
1556 2055 1729 2122 ignem
1758 2069 2049 2110 accensun.

468 2141 628 2195 esse?
660 2142 791 2209 Quis
823 2143 1165 2198 annuntiabit
1207 2144 1359 2199 vobis
1401 2145 1576 2200 locum
1613 2147 1915 2202 aeternum?
1946 2147 2048 2212 Qui

469 2232 717 2286 ambulat
746 2234 797 2286 in
836 2232 1072 2302 justitia,
1106 2234 1199 2304 qui
1241 2233 1481 2303 loquitur
1514 2245 1716 2290 rectam
1753 2231 1918 2303 viam,
1954 2239 2048 2308 qui

468 2324 583 2376 odit
617 2325 962 2390 iniquitatem
993 2334 1048 2380 et
1078 2326 1423 2394 iniustitiam,
1451 2327 1544 2396 qui
1574 2343 1767 2381 manus
1790 2331 1996 2384 excutit
2019 2345 2048 2384 a

473 2416 812 2481 muneribus,
855 2418 946 2487 qui
1002 2418 1224 2472 obturat
1265 2433 1445 2480 aures,
1482 2434 1547 2472 ne
1572 2419 1752 2472 audiat
1783 2417 2047 2487 judicium

468 2508 770 2576 sanguinis,
792 2509 880 2578 qui
897 2509 1100 2563 claudit
1119 2509 1326 2573 oculos,
1343 2528 1409 2566 ne
1426 2513 1608 2566 videat
1627 2512 1994 2580 iniquitatem.
2023 2533 2043 2564 υ

467 2597 559 2652 Ait
588 2598 783 2668 igitur:
811 2618 829 2650 ι
860 2600 990 2666 Quis
1007 2603 1347 2657 annuutiabit
1374 2604 1523 2658 vobis
1558 2604 1735 2673 ignem
1755 2619 2047 2660 accensum

468 2705 621 2754 esse,
655 2709 673 2738 ι
728 2703 974 2760 paratum
1027 2693 1241 2748 diabolo
1299 2706 1355 2749 et
1421 2696 1629 2765 angelis
1691 2696 1852 2766 ejus?
1910 2696 2047 2762 Quis

468 2794 600 2850 ergo
626 2780 727 2834 ista
768 2783 1071 2847 cognoscit,
1101 2793 1161 2838 ut
1206 2786 1394 2839 eadem
1431 2787 1806 2842 nescientibus
1857 2787 2048 2842 testifi-

470 2881 662 2934 cetur,
695 2872 796 2924 nisi
855 2875 1104 2941 quisquis
1156 2876 1397 2930 ambulat
1454 2879 1506 2930 in
1563 2877 1798 2947 justitia,
1843 2889 1900 2934 et
1934 2879 2048 2934 odit

468 2961 802 3030 impietatem
829 2974 882 3017 et
907 2964 1224 3033 injustitiam
1252 2983 1264 3030 ;
1293 2967 1327 3020 ii
1383 2969 1472 3036 qui
1502 2983 1729 3023 munera
1761 2977 2042 3038 respuunt,

469 3060 525 3104 ct
546 3027 718 3105 aures
749 3053 1027 3116 obturant,
1061 3069 1126 3107 ne
1157 3027 1672 3123 audiantjudicium
1724 3027 2034 3128 sanguinis,
2063 3027 2112 3085 ὀ

469 3142 768 3212 oculosque
807 3145 1082 3212 claudunt,
1120 3160 1190 3200 ne
1239 3147 1457 3201 videant
1508 3149 1756 3219 iniquum
1785 3149 2046 3206 facinus?

470 3233 618 3290 Talis
644 3246 763 3290 erat
795 3239 994 3292 chorus
1039 3240 1426 3308 prophetarum
1464 3240 1580 3307 Dei,
1611 3253 1666 3296 et
1700 3243 1929 3312 quilibet
1965 3246 2049 3299 vir

470 3327 774 3395 religiosus,
797 3328 995 3382 chorus
1023 3329 1145 3383 item
1177 3329 1544 3399 apostolorum
1578 3340 1634 3384 et
1661 3333 2046 3400 discipulorum

470 3416 775 3473 Salvatoris
812 3422 1008 3474 nostri.
1039 3421 1295 3490 Quisquis
1329 3423 1512 3492 igitur,
1549 3425 1724 3487 aiunt,
1770 3426 2050 3494 hujusmo-

469 3509 523 3562 di
546 3509 670 3570 erit.
702 3509 748 3562 is
771 3511 1115 3564 annuntiabit
1145 3513 1323 3574 nobis.
1363 3513 1544 3582 ignem
1587 3513 1770 3584 impiis
1795 3525 2044 3584 paratum

469 3614 759 3655 accensum
797 3615 953 3658 esse:
995 3603 1244 3671 idemque
1287 3604 1403 3672 ipse
1444 3603 1624 3658 locum
1661 3606 1819 3659 nobis
1853 3607 2044 3660 arterni

463 3691 654 3761 judieii
691 3693 971 3759 indicabit,
1007 3704 1347 3749 contestatus
1372 3695 1674 3750 cavendum
1707 3710 1850 3764 esse,
1885 3705 1944 3752 ut
1981 3713 2049 3752 ue

467 3799 536 3856 eo
561 3787 890 3842 decidamus.

544 3965 703 4019 Vens.
743 3965 829 4018 l6.
887 3981 906 4015 ι
969 3963 1067 4020 llic
1115 3963 1380 4020 habitabit
1429 3966 1481 4019 in
1523 3966 1740 4022 excelsa
1779 3966 2046 4038 spelunca

466 4069 633 4125 petra.-
667 4046 836 4110 ὒέιιιω
869 4074 882 4108 :
911 4055 1066 4126 panis
1093 4056 1142 4109 ei
1176 4056 1414 4121 dabitur,
1467 4066 1522 4111 et
1568 4073 1704 4127 aqua
1749 4058 1866 4127 ejus
1915 4059 2046 4114 fide—

468 4150 553 4202 lis.
590 4167 608 4200 ι
642 4147 786 4203 ldem
827 4149 943 4218 ipse
991 4147 1178 4215 procul
1228 4149 1352 4216 igne
1379 4186 1394 4212 ,
1429 4157 1484 4202 et
1517 4160 1816 4203 memorato
1842 4159 2048 4205 aeterno

467 4242 587 4295 loco
618 4249 856 4294 remotus
881 4282 895 4305 ,
930 4239 1198 4293 habitabit
1228 4239 1281 4293 in
1328 4239 1542 4295 excelsa
1573 4240 1827 4310 spelunca
1853 4281 1867 4304 ,
1904 4251 1958 4295 et
1991 4242 2045 4296 in

457 4343 618 4408 petra
653 4332 830 4386 ﬁrma.
885 4331 1193 4384 Secundum
1229 4329 1617 4401 Symmachum
1651 4345 1781 4385 vero
1805 4368 1822 4396 ,
1861 4350 1879 4382 ι
1928 4331 2047 4401 Ipse

466 4427 518 4480 in
550 4424 781 4480 excelsis
822 4423 1133 4487 habitabit,
1183 4423 1336 4491 quasi
1377 4425 1713 4476 munimenta
1770 4434 2043 4491 petrarum

457 4515 769 4574 sublimitas
796 4513 950 4583 ejus;
993 4531 1012 4564 ι
1047 4521 1104 4564 ut
1134 4526 1202 4566 ex
1243 4511 1326 4566 his
1355 4511 1636 4565 beatorqu
1681 4513 2002 4566 exercitium
2029 4551 2046 4577 ,

462 4618 519 4664 et
549 4608 860 4662 institutum
889 4607 1014 4660 vita:
1053 4605 1109 4659 in
1160 4619 1370 4658 summa
1416 4603 1761 4672 philosophia
1811 4604 2047 4672 positum

465 4701 873 4771 intelligamus:
904 4697 1257 4768 quamobrem
1302 4696 1556 4760 infertur,
1598 4714 1617 4747 ι
1654 4695 1818 4750 Panis
1865 4697 1914 4750 ei
1950 4697 2047 4749 da-

462 4794 628 4862 bitur,
657 4803 711 4846 et
740 4808 878 4862 aqua
911 4794 1027 4862 ejus
1067 4791 1260 4847 fidelis.
1305 4809 1323 4842 i
1359 4790 1508 4846 Talis
1533 4800 1712 4847 autem
1747 4791 1912 4845 homo
1947 4806 2048 4860 pa—

464 4905 530 4940 ne
550 4897 604 4941 et
625 4901 766 4955 aqua
810 4887 860 4939 in
893 4885 1148 4955 praesenti
1179 4885 1287 4940 vita
1331 4887 1398 4940 ad
1436 4887 1755 4942 alimentum
1799 4902 1948 4950 usus,
1984 4886 2042 4938 in

459 4981 877 5047 exercitationis
917 4981 1204 5033 terminum
1240 4992 1292 5035 et
1331 4981 1590 5046 fructum,
1628 4984 1920 5053 gloriosam
1959 4998 2043 5036 re-

458 5074 544 5144 gis
571 5073 1079 5141 contemplationem
1108 5073 1308 5128 referet
1336 5097 1348 5130 :
1389 5087 1723 5145 quapropter
1744 5077 1822 5130 ait
1854 5095 1866 5129 :

533 5170 699 5227 Vens.
734 5171 950 5226 17-19.
1010 5188 1028 5220 ι
1066 5170 1265 5240 Regem
1332 5184 1451 5224 cum
1521 5169 1691 5239 gloria
1749 5167 2002 5223 videbitis
2027 5208 2041 5233 ,

460 5265 603 5320 oculi
642 5265 808 5328 vestri
856 5273 1083 5318 cernent
1136 5272 1332 5315 terram
1368 5262 1559 5332 procul
1593 5279 1605 5315 :
1639 5261 1824 5314 anima
1859 5272 2041 5314 vestra

463 5357 810 5412 meditabitur
857 5357 1130 5410 timorem.
1202 5355 1298 5410 Ubi
1348 5365 1474 5409 sunt
1529 5353 1906 5423 grammatici?
1954 5353 2041 5404 ubi

463 5449 806 5503 consiliarii?
852 5449 939 5502 tibi
977 5457 1059 5502 est
1085 5487 1100 5511 ,
1131 5448 1222 5512 qui
1258 5456 1507 5501 numerat
1534 5463 1627 5500 eos
1658 5447 1750 5514 qui
1802 5445 2045 5497 rmtriuut

463 5554 686 5607 parvum
710 5552 764 5596 et
787 5556 1043 5610 magnum
1078 5539 1382 5608 populum?
1427 5541 1513 5593 cui
1544 5555 1648 5592 non
1683 5539 1832 5592 dedit
1867 5536 2046 5590 consi-

464 5632 594 5687 lium
620 5673 636 5700 ,
667 5649 840 5702 neque
885 5633 1044 5689 scivit
1078 5647 1266 5689 vocem
1320 5633 1635 5702 altilequam
1665 5648 1681 5699 ;
1720 5632 1802 5685 ita'
1834 5639 1893 5685 ut
1937 5643 2044 5684 non

1151 188 1426 244 EUSEBII
1466 185 1934 246 CESARIENSIS
1969 184 2121 242 OPP.
2165 183 2350 254 PARS
2389 182 2481 240 Ill.
2519 214 2591 224 —
2622 182 3036 250 EXEGETICA.

3635 191 3738 248 ’ὀίὶὸ

2237 323 2256 357 t
2287 304 2399 358 Καὶ
2441 304 2652 368 ἔσονται
2697 304 2828 376 ἔθνη
2879 303 3371 376 κατακεκαυμένα,
3411 305 3486 371 ὡς
3531 306 3738 363 ἄκανθα

2157 395 2218 445 ὲν
2270 393 2425 464 ἀγρῷ
2489 393 2795 466 ὲρριμμένη
2859 395 2952 448 κα).
3017 395 3495 468 κατακεκαυμένη.
3549 399 3738 452 Ἀκού-

2161 503 2342 538 σονται
2386 485 2434 537 οἱ
2470 484 2749 557 πόρρωθεν
2794 483 2829 554 ἀ
2861 485 3114 554 ἐποίησα,
3163 485 3460 554 γνώσονται
3505 489 3554 539 οἱ
3587 488 3738 558 ἐγγί-

2162 576 2344 648 ζοντες
2387 577 2484 648 τὴν
2531 576 2684 647 ἰσχύν
2719 563 2841 648 μου.
2883 578 3220 648 Ἀπέστησαν
3251 579 3301 630 οί
3343 580 3402 646 ἐν
3449 579 3586 633 Σιὼν
3619 579 3738 635 ἄνο-

2161 686 2283 739 μοι·
2323 668 2549 740 λήψεται
2581 668 2780 738 τρόμος
2819 669 2944 732 τοὺς
2985 669 3219 737 ἀσεϐεῖς.
3243 689 3266 734 ρ
3309 671 3372 722 Et
3425 671 3522 724 καὶ
3567 671 3740 742 ταῦτα

2159 764 2234 834 μὴ
2269 763 2397 833 περὶ
2429 761 2537 814 τῶν
2569 760 2877 831 δεξαμένων
2921 759 3018 832 τὴν
3047 761 3525 830 εὐαγγελισθεῖσαν
3558 764 3741 827 αὐτοῖς

2156 855 2315 926 χάριν
2353 853 2620 908 Ἰουδαίων
2663 853 2794 907 λαοῦ
2834 853 3122 918 θεσπίζει,
3171 855 3362 925 ὑμεῖς,
3409 855 3581 926 ἀκοὴν
3629 857 3742 910 τῶν

2158 945 2512 1017 προφητικῶν
2559 944 2761 1000 τούτων
2817 945 2990 1014 λόγων
3042 946 3366 1011 ἀκούοντες,
3415 948 3475 1000 ού
3527 948 3742 1002 συνίετε

2155 1037 2532 1106 γινώσκοντες,
2559 1038 2638 1090 ὅτι
2665 1037 2836 1092 ταῦτα
2862 1037 3090 1108 τά-πρὺς
3116 1039 3260 1109 ὑμᾶς
3293 1037 3552 1110 Ἑϐραῖκῇ
3584 1042 3738 1110 φωνῇ

2154 1130 2459 1200 λαλούμενά
2486 1146 2545 1182 τε
2577 1130 2669 1182 καὶ
2713 1129 3056 1200 γραφόμενα,
3097 1131 3195 1184 ὅσα
3227 1149 3286 1183 τε
3317 1131 3450 1185 ἄλλα
3483 1133 3743 1203 θαύματα

2153 1222 2235 1287 είς
2271 1221 2415 1289 ὑμᾶς
2449 1217 2852 1290 ἐξεπραξάμην,
2893 1220 2941 1271 οί
2977 1218 3257 1289 πόρρωθεν
3303 1219 3396 1273 καὶ
3432 1220 3594 1292 μέχρι
3630 1221 3745 1276 τῶν

2147 1314 2396 1382 ,ἐσχάτων
2450 1313 2551 1382 τῆς
2603 1314 2706 1384 γῆς
2760 1311 3064 1376 οἰκοῦντες,
3121 1313 3215 1365 καὶ
3265 1314 3407 1384 ἆπερ
3442 1317 3572 1386 παρ’
3608 1315 3743 1386 ὑμῖν

2154 1405 2427 1474 ἐλάλησα,
2473 1406 2566 1466 καὶ
2615 1405 2768 1476 ὑμῶν
2833 1405 3085 1478 ὁρώντων
3133 1407 3396 1476 ἐποίησα,
3429 1409 3477 1460 οί
3524 1411 3582 1473 ὲν
3625 1413 3744 1472 τοῖς

2153 1499 2352 1569 πέρασι
2391 1499 2488 1569 τῆς
2531 1498 2852 1569 οἰκουμένης
2879 1499 3220 1553 ἀκούσονται.
3257 1500 3380 1564 Πῶς
3409 1501 3466 1563 δὲ
3499 1502 3744 1569 γνώσον-

2152 1607 2242 1643 ται
2287 1589 2400 1642 ἀλλ’
2441 1589 2473 1660 ἢ
2528 1590 2842 1658 ἐγγίσαντες
2880 1589 2958 1660 τῷ
3004 1590 3155 1661 Θεῷ,
3198 1593 3294 1652 καὶ
3347 1593 3747 1663 προσελθόντες

2085 1676 2126 1730 Β
2155 1681 2303 1752 αὐτῷ
2343 1682 2436 1734 καὶ
2475 1681 2571 1752 τὴν
2605 1681 2757 1751 ἰσχὺν
2806 1680 2968 1733 αὑτοῦ
3019 1681 3433 1754 μεμαθηκότες;
3481 1677 3642 1742 Οὗτοι
3683 1685 3750 1740 δὲ

2153 1774 2307 1827 αὐτοὶ
2353 1774 2588 1828 εἴσονται
2647 1773 2796 1840 ὅπως
2853 1772 3167 1844 ἀπέστησάν
3228 1792 3350 1844 μου,
3390 1777 3439 1828 οἱ
3492 1777 3551 1828 ὲν
3599 1776 3750 1832 Σιὼν

2155 1866 2345 1936 ἄνομοι
2367 1883 2380 1896 ο
2417 1860 2478 1922 οὗ
2506 1866 2665 1937 χάριν
2705 1864 2792 1918 διὰ
2824 1865 2921 1936 τὴν
2954 1867 3288 1928 ἀποστασίαν
3336 1867 3537 1933 αὐτῶν,
3571 1867 3752 1940 λήψε-

2151 1973 2242 2012 ται
2268 1956 2466 2018 αὐτοὺς
2497 1955 2717 2026 τρόμος.

2211 2068 2248 2100 -ι
2276 2049 2373 2112 Τίς
2400 2047 2692 2116 ἀναγγελεῖ
2720 2047 2849 2118 ὑμῖν
2899 2048 2980 2100 ὅτι
3010 2046 3122 2119 πῦρ
3154 2034 3402 2116 καίεται;
3438 2049 3534 2113 Τίς
3563 2050 3752 2119 ἀναγ-

2150 2140 2298 2209 γελεῖ
2327 2141 2454 2209 ρμἴν
2492 2140 2584 2193 τὸν
2628 2139 2794 2193 τόπον
2837 2138 2930 2193 τὸν
2975 2138 3221 2206 αἰῶνιον;
3268 2141 3646 2212 Πορευόμενος
3683 2144 3752 2195 ὲν

2149 2230 2480 2303 δικαιοσύνῃ,
2514 2229 2689 2294 λαλῶν
2731 2229 2950 2286 εὐθεῖαν
2985 2229 3124 2293 ὁδὸν,
3161 2229 3333 2301 μισῶν
3364 2230 3597 2302 ἀνομίαν
3637 2232 3751 2285 καὶ

2150 2319 2384 2382 ἀδικίαν,
2414 2319 2634 2382 καὶτὰς
2690 2322 2878 2390 χεῖρας
2924 2319 3312 2389 ἀποσειόμενος
3361 2319 3472 2374 ἀπὸ
3520 2319 3752 2391 δώρων,

2151 2410 2399 2483 βαρύνων
2436 2410 2504 2468 τὰ
2535 2404 2680 2477 ῶτα,
2727 2410 2812 2464 ἵνα
2859 2410 2934 2482 μὴ
3002 2411 3209 2483 ἀκούσῃ
3242 2411 3424 2485 ,κρίσιν
3463 2414 3751 2483 αἵματος,

2149 2499 2422 2569 καμμύων
2474 2500 2600 2562 τοὺς
2651 2499 2996 2570 ὀφθαλμοὺς,
3046 2500 3133 2554 ἵνα
3178 2500 3252 2572 μὴ
3305 2501 3391 2574 ἴδῃ
3437 2501 3686 2556 ἀδικίαν.
3726 2523 3747 2554 ι

2146 2591 2285 2660 Φησὶ
2317 2591 2466 2662 γοῦν,
2503 2610 2522 2641 ι
2548 2590 2644 2654 Τίς
2682 2592 2971 2660 ἀναγγελεῖ
3007 2592 3133 2662 ὑμῖν
3176 2592 3256 2645 ὅτι
3301 2591 3695 2670 πύρ’καίεται,
3724 2615 3749 2648 ι

2147 2683 2208 2736 τὸ
2240 2683 2640 2754 ἡτοιμασμένον
2680 2682 2757 2755 τῷ
2797 2683 3030 2756 διαϐόλῳ
3075 2685 3168 2737 καὶ
3208 2686 3320 2748 τοῖς
3353 2685 3606 2754 ἀγγέλοις
3637 2687 3758 2740 αὑ-

2147 2776 2276 2842 τοῦ;
2323 2777 2418 2839 Τίς
2458 2773 2550 2830 οὖν
2581 2779 2729 2829 ἐστιν
2765 2777 2793 2829 6
2821 2775 2996 2846 ταῦτα
3037 2775 3211 2841 εἰδὼς,
3241 2777 3336 2831 καὶ
3383 2780 3494 2841 τοῖς
3540 2778 3620 2850 μὴ
3665 2781 3758 2832 εἰ-

2145 2869 2259 2922 δόσι
2300 2867 2924 2939 προσμαρτυρούμενος,
2972 2869 3006 2939 ἢ
3057 2870 3164 2933 πᾶς
3201 2871 3229 2921 6
3261 2869 3632 2941 πορευόμενος
3687 2874 3759 2926 ἓν

2143 2961 2491 3030 δικαιοσύνῃ,
2527 2960 2620 3012 καὶ
2656 2961 2766 3022 πᾶς
2804 2961 2833 3012 6
2867 2961 3040 3030 μισῶν
3075 2961 3326 3014 ἀσέϐειαν
3365 2963 3459 3016 καὶ
3495 2963 3758 3029 ἀδικίαν,

2144 3051 2467 3122 δωροδοκίαν
2517 3068 2576 3103 τε
2619 3051 3119 3121 ἀποστρεφόμενοι,
3175 3051 3269 3103 καὶ
3298 3051 3367 3104 τὰ
3415 3045 3528 3104 ὦτα
3566 3054 3766 3123 φράτ-

2146 3160 2328 3206 τοντες
2358 3145 2452 3211 τοῦ
2483 3142 2556 3212 μὴ
2585 3142 2814 3198 ἀκοῦσαι
2848 3141 3025 3211 κρίσιν
3051 3141 3299 3218 αἵματος,
3333 3142 3580 3212 μυῶντες
3612 3146 3765 3210 τοὺς

2146 3235 2457 3307 ὀφθαλμοὺς
2489 3235 2584 3288 τοῦ
2635 3234 2709 3306 μὴ
2740 3234 2962 3306 θεωρεῖν
2993 3234 3178 3288 ἄδικον
3211 3233 3446 3306 πρᾶξιν;
3479 3236 3762 3304 Τοιοῦτος

2146 3326 2203 3379 δὲ
2228 3323 2296 3398 ἦν
2319 3328 2346 3378 6
2382 3325 2541 3399 χορὸς
2568 3325 2676 3378 τῶν
2704 3325 2998 3394 προφητῶν
3024 3324 3118 3378 τοῦ
3151 3325 3314 3390 Θεοῦ,
3346 3327 3441 3379 καὶ
3475 3328 3586 3394 πᾶς
3619 3328 3767 3382 θεο-

2149 3418 2308 3488 φιλὴς
2339 3419 2498 3489 ἀνὴρ,
2527 3418 2555 3470 ὃ
2579 3434 2639 3470 τε
2671 3417 2833 3487 χορὸς
2863 3417 2970 3471 τῶν
3005 3418 3318 3477 ἀποστόλων
3350 3420 3445 3472 καὶ
3473 3419 3766 3491 μαθητῶν

2150 3511 2399 3581 Σωτῆρος
2439 3509 2614 3581 ἡμῶν.
2657 3510 2779 3577 Πᾶς
2818 3509 2997 3562 τοίνυν
3045 3511 3074 3562 ὁ
3104 3510 3343 3572 τοιοῦτος
3395 3511 3767 3580 ἀπαγγέλλει

2149 3605 2300 3674 ἡμῖν,
2332 3605 2484 3671 φασὶ,
2527 3603 2660 3656 διότι
2709 3602 2821 3673 πῦρ
2863 3602 3074 3656 καίεται
3122 3605 3234 3666 τοῖς
3283 3603 3534 3657 ἀσεϐέσιν
3590 3607 3771 3676 ἡτοι-

2153 3693 2458 3764 μασμένον·
2505 3695 2534 3746 ὁ
2574 3693 2632 3746 δὲ
2678 3693 2839 3756 αὐτὸς
2888 3693 2982 3746 καὶ
3026 3693 3116 3746 τὸν
3161 3694 3326 3747 τόπον
3370 3695 3471 3764 τῆς
3508 3699 3770 3756 αἰωνίου

2150 3787 2384 3858 κρίσεως
2416 3784 2652 3855 δηλώσει
2695 3787 2848 3854 ἡμῖν,
2894 3787 3483 3858 προσμαρτυρούμενος
3527 3791 3774 3860 φυλάτ-

2148 3879 2336 3932 τεσθαι
2375 3877 2450 3949 μὴ
2481 3880 2799 3950 περιπεσεῖν
2827 3879 2907 3941 είς
2934 3879 3122 3950 αὑτήν.

2225 3992 2243 4023 ι
2273 3967 2438 4034 Οὗτος
2470 3973 2678 4042 οἰκήσει
2729 3972 2788 4024 ὲν
2840 3971 3025 4042 ὑψήλῳ
3059 3970 3306 4042 σπηλαίῳ
3343 3972 3552 4042 πέτρας
3583 3975 3781 4050 luxu-

2151 4065 2281 4136 ρᾶς’
2337 4064 2500 4135 ἄρτος
2547 4061 2695 4133 αύτῷ
2750 4061 3056 4132 δοθήσεται,
3102 4063 3197 4115 καὶ
3247 4062 3309 4115 τὸ
3364 4061 3510 4134 ὕδωρ
3569 4067 3781 4121 αὑτοῦ

2149 4153 2361 4206 πιστόν.
2401 4173 2420 4204 ι
2453 4153 2626 4215 Αὐτὸς
2665 4152 2722 4204 δὲ
2772 4145 2949 4216 οὗτος,
2986 4152 3204 4223 μακρὰν
3234 4151 3328 4204 τοῦ
3376 4153 3548 4225 πυρὸς
3581 4173 3786 4225 γεγο-

2150 4244 2256 4309 νὼς
2287 4244 2497 4298 καὶτοῦ
2537 4244 2929 4315 προλεχθέντος
2961 4245 3181 4300 αἰωνίου
3211 4245 3400 4311 τόπου,
3433 4249 3668 4318 οἰκήσει
3695 4255 3788 4312 ¹ἐν

2077 4375 2122 4430 D
2151 4336 2340 4408 ὑψηλῷ
2392 4336 2663 4408 σπηλαίῳ,
2705 4338 2800 4390 καὶ
2845 4337 2941 4389 ἐπὶ
2983 4338 3189 4408 πέτρας
3225 4339 3469 4409 ἰσχυρᾶς.
3495 4340 3682 4400 Κατά
3707 4346 3791 4399 δὲ

2149 4429 2240 4483 τὸν
2264 4429 2581 4499 Σύμμαχον,
2637 4448 2656 4480 ι
2707 4428 2896 4492 Ἀὐτὸς
2929 4430 2986 4480 ἐν
3020 4429 3247 4498 ὑψηλοῖς
3295 4433 3787 4501 κατασκηνώσει,

2148 4517 2226 4584 ὡς
2261 4522 2513 4591 περιοχαὶ
2543 4519 2759 4591 πετρῶν
2779 4519 2840 4572 τὸ
2868 4519 3000 4589 ὕψος
3024 4519 3189 4573 αὐτοῦ
3208 4537 3222 4552 ο
3259 4539 3278 4572 ι
3304 4521 3380 4583 ὡς
3414 4525 3560 4576 νοεῖν
3593 4528 3794 4598 ἡμᾶς

2148 4611 2234 4665 διά
2267 4611 2471 4665 τούτων
2509 4612 2606 4684 τὴν
2653 4612 2761 4665 τῶν
2789 4613 3074 4684 μακαρίων
3099 4614 3355 4682 ἄσκησιν,
3396 4614 3490 4666 καὶ
3541 4617 3654 4674 τὸν
3711 4626 3795 4677 ἐν

2149 4704 2436 4775 ἀκροτάτῳ
2466 4704 2784 4773 φιλοσοφίας
2825 4705 2936 4775 βίον
2981 4705 3196 4758 αὐτῶν
3253 4705 3335 4758 διὸ
3385 4706 3747 4776 ὲπιλέγετειε
3774 4753 3818 4782 ,.

2156 4817 2174 4848 ι
2212 4799 2376 4868 ἄρτος
2403 4797 2551 4868 αὐτῷ
2579 4798 2886 4868 δοθήσεται,
2914 4799 3008 4852 καλ⁸
3029 4799 3088 4850 τὸ
3109 4797 3259 4870 ὕδωρ
3287 4800 3453 4852 αὑτοῦ
3482 4807 3744 4861 πιστόν.
3762 4829 3789 4861 ι

2165 4893 2222 4944 Ὀ
2252 4893 2309 4945 δὲ
2333 4892 2594 4955 τοιοῦτος,
2633 4893 2784 4962 ἄρτῳ
2818 4893 2912 4945 καὶ
2951 4891 3101 4944 ὕδατι
3130 4892 3228 4962 τὴν
3264 4891 3554 4964 παροῦσαν
3597 4895 3795 4971 ζωὴν

2153 4983 2432 5054 ἀσκηθεὶς,
2471 4983 2644 5055 πέρας
2671 4983 2782 5047 ἕξει
2817 4984 2912 5036 καὶ
2938 4983 3150 5054 καρπὸν
3183 4983 3284 5054 τῆς
3316 4985 3624 5056 ἀσκήσεως
3660 4996 3802 5065 τὴν

2152 5074 2358 5141 ἔνδοξον
2379 5075 2474 5128 τοῦ
2505 5075 2768 5145 βασιλέως
2791 5075 2918 5129 θέαν
2940 5093 2954 5106 ’
2983 5075 3064 5128 διό
3088 5093 3251 5146 φησιν
3275 5093 3288 5106 ·

2227 5188 2246 5218 ‹
2285 5168 2513 5221 Βασιλέα
2547 5168 2683 5238 μετά
2727 5167 2885 5240 δόξης
2909 5168 3127 5236 ὄψεσθε,
3167 5172 3216 5222 οἱ
3259 5168 3538 5240 ὀφθαλμοὶ
3591 5174 3806 5246 ὑμῶν

2150 5260 2369 5329 ὄψονται
2404 5261 2507 5330 γῆν
2534 5260 2838 5331 πορρωθεν,
2868 5262 2901 5331 ἡ
2935 5260 3082 5332 ψυχὴ
3123 5260 3610 5334 ύμῶν.μελετήσει
3664 5272 3810 5338 φό-

2150 5353 2263 5406 ϐον.
2301 5353 2410 5405 Ποῦ
2439 5355 2575 5405 εἰσιν
2600 5354 2648 5404 οἱ
2681 5353 3084 5423 γραμματικοί;
3121 5351 3230 5405 Ποῦ
3256 5355 3393 5407 εἰσιν
3415 5355 3467 5407 οἱ
3501 5359 3808 5428 συμϐου-

2151 5445 2430 5508 λεύοντες;
2484 5434 2615 5497 Ποῦ
2641 5447 2788 5497 ἐστιν
2842 5447 2870 5496 ὁ
2917 5444 3166 5515 ἀριθμῶν
3209 5447 3335 5509 τοὺς
3364 5451 3808 5529 τρεφομένοξς

2156 5536 2348 5606 μικρὸν
2385 5535 2478 5589 καὶ
2535 5535 2706 5606 μέγαν
2734 5535 2894 5600 λαόν;
2926 5529 2971 5603 ᾧ
3010 5536 3072 5588 οὐ
3109 5537 3601 5607 συνεϐουλεύσατο,
3635 5548 3807 5606 οὐδὲ

2153 5629 2266 5699 ᾔδει
2305 5614 2640 5698 βαθύφωυον,
2676 5626 2817 5681 ὥστε
2867 5627 2942 5698 μὴ
2977 5627 3238 5681 ἀκοῦσαι·
3298 5628 3428 5693 λαὺς
3467 5637 3807 5701 πεφαυλι-

2083 311 2132 367 Α
