3862 6210
232 317 328 372 329

1138 313 1633 372 ΟΟΜΜΕΝἸᾺΒΙΑ
1675 315 1746 371 IN
1788 312 2044 371 ISAIAM.
2082 345 2153 356 —
2189 311 2340 367 CAP.
2384 310 2621 367 XXXIII.

3364 313 3470 367 ’550

235 428 433 499 σμένος,
477 428 574 482 καὶ
625 428 728 482 οὐκ
772 427 892 481 ἔστι
945 427 1022 497 τῷ
1077 429 1330 483 ἀκούοντι
1353 430 1586 494 σύνεσις.
1627 450 1646 482 ι
1685 431 1793 484 Ποῦ

1915 430 2085 484 tudiat
2116 449 2128 484 :
2168 427 2398 499 populus
2427 437 2766 498 contemptus
2794 469 2809 496 ,
2856 434 2910 485 et
2955 441 3059 484 non
3089 436 3174 484 est
3223 429 3464 484 audienti

233 520 352 572 eum
376 518 428 571 οἱ
465 520 836 590 γραμματεῖς,
869 521 918 572 οί
947 519 1008 571 τὸ
1046 519 1280 592 γράμμα
1315 521 1411 574 τοῦ
1452 523 1616 592 νόμου
1664 540 1798 592 πρε-

233 609 567 674 σϐεύσαντες,
605 611 702 664 καὶ
737 611 860 682 μηδ’
884 610 1072 682 ἕτερον
1098 613 1302 677 είδότες
1328 615 1468 668 νοεῖν
1498 614 1532 684 ἢ
1569 613 1668 678 τὰς
1698 614 1798 686 τῆς

230 701 412 766 λέξεως
451 702 832 771 άπαγγελίας;
889 702 993 767 Οὓς
1051 703 1363 770 ἐταλᾶνιζεν
1407 707 1437 758 6
1491 705 1682 778 Σωτὴρ
1742 705 1800 759 ἐν

231 791 570 861 Εὑαγγελίοις
623 792 797 862 λέγων
821 811 834 823 ·
879 811 898 845 ι
937 793 1074 848 Οὐαὶ
1132 795 1282 867 ὑμῖν,
1309 797 1656 866 γραμματεῖς
1707 794 1802 850 καί¹

229 887 497 957 Φαρισαῖοι
526 887 838 958 ὑποκριταί.
881 907 900 939 ι
942 887 1052 941 Ποῦ
1097 887 1206 962 γὰρ
1264 879 1415 941 οῦτοι
1470 888 1801 959 φανήσονται

229 980 281 1030 ἐν
303 977 489 1050 ἡμέρᾳ
516 978 622 1048 τῆς
644 977 910 1048 κρίσεωςς
959 979 1008 1032 οἳ
1044 979 1272 1044 κόλακες
1321 978 1640 1051 ὲξέστρεφον
1675 979 1803 1043 τοὺς

231 1071 688 1140 κολακευομένους
712 1071 916 1134 αὐτοῖς.

296 1181 314 1213 ι
360 1161 492 1215 Ἰδοὺ
517 1161 656 1215 Σιὼν
683 1163 716 1234 ἡ
748 1161 922 1226 πόλις,
955 1162 1018 1214 τὸ
1049 1162 1324 1233 Σωτήρων
1356 1161 1513 1233 ήμῶν
1536 1162 1586 1214 oi
1607 1159 1808 1231 ὀφθαλ-

234 1252 316 1321 μοί
347 1267 442 1305 σου
466 1251 708 1322 ὄψονται,
737 1252 1122 1324 Ἰερουσαλήμ·
1153 1251 1307 1316 πόλις
1333 1249 1582 1315 πλουσία,
1611 1253 1806 1324 σκηναὶ

229 1345 282 1395 αἶ
305 1343 364 1396 οὐ
392 1343 470 1414 μὴ
506 1343 815 1407 σεισθῶσιν,
847 1344 968 1398 οὐδὲ
1004 1345 1078 1415 μὴ
1123 1342 1418 1416 κινηθῶσιν
1458 1345 1508 1397 οἱ
1544 1343 1805 1398 πάσσαλοι

227 1435 321 1505 τῆς
356 1435 564 1506 σκηνῆς
609 1436 780 1505 αὐτῆς
832 1438 913 1500 εἰς
943 1437 1035 1490 τὸν
1081 1436 1254 1490 αἰῶνα
1304 1437 1516 1508 χρόνον,
1567 1435 1688 1489 οὐδὲ
1736 1435 1807 1488 τὰ

231 1526 428 1596 σχοινία
450 1526 623 1597 αὐτῆς
642 1527 704 1580 οὐ
735 1528 810 1598 μὴ
839 1527 1232 1600 διαρραγῶσιν.
1279 1547 1298 1580 ι
1329 1527 1592 1599 Σημαίνει
1635 1527 1692 1581 δὲ
1718 1527 1806 1580 διὰ

224 1617 422 1672 τούτων
451 1619 481 1670 6
506 1618 682 1688 λόγος,
717 1621 989 1692 Σωτήριον
1020 1621 1118 1692 μὲν
1144 1621 1236 1674 τὸν
1259 1620 1494 1692 Χριστὸν
1523 1619 1617 1673 τοῦ
1650 1619 1806 1684 Θεοῦ,

226 1711 374 1765 πόλιν
400 1711 460 1764 δὲ
497 1711 700 1783 ἑορτῶν
723 1711 820 1783 τὴν
863 1710 1189 1782 Ἐκκλησίαν
1218 1711 1314 1765 τοῦ
1351 1709 1509 1764 Θεοῦ.
1551 1711 1664 1782 Τῆς
1710 1711 1808 1781 μὲν

1900 521 2280 592 intelligentia.
2315 539 2336 573 ι
2375 519 2476 576 Ubi
2509 530 2638 575 sunt
2683 519 2892 575 Scribaa
2917 560 2933 585 ,
2979 521 3070 590 qui
3111 520 3249 593 legis
3281 521 3476 577 litterae

1901 615 2337 686 patrocinantur,
2370 611 2620 682 nihilque
2649 611 2795 666 aliud
2825 615 3107 684 cogitant,
3155 629 3316 683 quam
3367 614 3473 669 ob-

1901 705 2044 760 viam
2069 705 2326 759 dictionis
2357 704 2789 760 enuntiationem
2818 705 2842 759 ?
2888 703 3035 772 Quos
3069 706 3299 762 miseros
3328 721 3473 777 prte-

1903 796 2120 852 dicabat
2151 796 2404 853 Salvator
2448 796 2502 850 in
2530 796 2836 866 Evangeliis
2861 797 3044 852 dicens
3065 836 3080 860 ,
3117 815 3136 848 ‹
3177 795 3267 852 Vae
3301 797 3475 864 vobis,

1909 890 2118 946 Scriba:
2143 899 2199 944 et
2232 887 2492 944 Pharisaei
2527 888 2819 960 hypocritae
2845 888 2913 943 “.
2953 906 2972 940 ι
3013 884 3239 942 Ubinam
3275 887 3349 942 illi
3378 903 3476 958 ap-

1906 985 2172 1054 parebunt
2200 985 2254 1038 in
2291 983 2377 1038 die
2401 982 2590 1054 judicii
2615 981 2639 1038 2
2669 983 2784 1052 qui,
2815 991 3002 1052 utpote
3031 981 3362 1048 adulatores,
3383 997 3478 1040 eos

1907 1076 2106 1148 quibus
2139 1076 2552 1132 assentabantur
2575 1078 2917 1130 avertebant.

1977 1168 2144 1226 Vens.
2173 1169 2266 1225 20.
2301 1187 2321 1222 ι
2359 1168 2497 1224 Ecce
2530 1165 2660 1224 Sion
2691 1167 2887 1223 civitas
2911 1209 2928 1235 ,
2955 1167 3207 1223 Salutare
3235 1175 3481 1223 nostrum

1906 1261 2048 1317 oculi
2075 1261 2150 1316 tui
2177 1261 2461 1327 videbunt,
2491 1258 2789 1316 Jerusalem
2811 1302 2829 1326 ,
2853 1260 3048 1316 civitas
3080 1261 3231 1316 dives
3253 1299 3270 1327 ,
3305 1259 3484 1315 taber-

1907 1353 2099 1409 nacula
2133 1367 2254 1423 qua:
2301 1367 2411 1408 non
2455 1352 2853 1420 concutientur,
2892 1367 3070 1422 neque
3123 1352 3486 1413 movebuntur

1907 1444 2092 1516 paxilli
2131 1443 2465 1500 tabernaculi
2514 1443 2632 1514 ejus
2685 1444 2738 1498 in
2784 1445 3171 1515 sempiternum
3226 1455 3484 1515 tempus,

1911 1551 2085 1605 neque
2118 1536 2343 1592 funiculi
2377 1535 2495 1606 ejus
2543 1536 2937 1606 dirumpentur.
2997 1556 3016 1589 ι
3069 1536 3165 1592 His
3196 1553 3364 1608 porro
3410 1541 3488 1593 si»

1911 1630 2154 1701 gnificat,
2189 1627 2440 1684 Salutare
2468 1629 2684 1699 quidem
2714 1643 2835 1684 esse
2861 1627 3134 1684 Christum
3159 1629 3288 1697 Dei,
3323 1630 3491 1685 festo.

1915 1739 2032 1777 rum
2084 1736 2212 1777 vero
2257 1721 2534 1776 civitatem
2586 1733 2706 1775 esse
2743 1720 2836 1774 Dei
2870 1718 3192 1775 Ecclesiam.
3229 1719 3364 1776 Nam
3391 1718 3488 1776 Ju-

224 1803 331 1876 γὰρ
374 1805 673 1876 Ἰουδαϊκῆς
701 1804 1055 1876 Ἰερουσαλὴμ
1098 1804 1360 1867 πολλάκις
1396 1803 1719 1875 ἐσείσθησαν
1747 1804 1804 1856 αί

1915 1816 2082 1870 daicaa
2129 1813 2344 1884 quidem
2369 1811 2760 1884 Hierosolyma:
2792 1812 3136 1868 tabernacula
3169 1812 3491 1885 plerumque

222 1897 441 1970 σκηναὶ,
470 1897 924 1970 πολιορκηθείσης
947 1897 1218 1968 διαφόρως
1241 1897 1336 1950 καὶ
1355 1897 1436 1960 είς
1455 1895 1649 1966 ἔδαφος
1672 1913 1804 1950 κατ-

220 1988 534 2061 ενεχθείσης
580 1988 687 2043 ὑπὸ
748 1988 858 2043 τῶν
921 1988 1064 2042 κατὰ
1103 1989 1330 2060 χρόνους
1379 1987 1804 2061 πολεμησάντων

219 2080 421 2151 αὐτήν·
476 2080 580 2152 τῆς
629 2080 688 2135 δὲ
743 2079 940 2151 καινῆς
997 2079 1203 2150 ταύτης
1264 2079 1474 2142 πόλεως
1511 2079 1804 2150 ἀκινήτους

219 2173 387 2244 φησὶν
419 2171 641 2226 ἔσεσθαι
689 2175 815 2238 τοὺς
854 2173 1184 2238 πασσάλους.
1233 2172 1353 2226 Κᾶν
1400 2173 1510 2245 γὰρ
1548 2172 1806 2244 νομίζζητέι⁹

219 2282 351 2318 ποτε
376 2267 434 2320 ὲν
467 2266 730 2337 διωγμοῖς
759 2265 1080 2320 ἐλαύνεσθαι
1109 2265 1204 2319 καὶ
1235 2264 1659 2338 πολιορκεῖσθαι,
1692 2264 1804 2318 ἀλλ’

217 2355 311 2408 ἐπὶ
335 2354 438 2428 τὴν
472 2356 677 2428 πέτραν
713 2357 926 2410 ἑστῶσα
970 2356 1119 2428 μένει
1161 2355 1229 2409 δι’
1273 2354 1468 2419 αἰῶνος
1521 2356 1768 2419 ἄπτωτος
1788 2372 1801 2385 ·

218 2447 456 2519 ἀψευδὴς
477 2448 587 2520 γὰρ
618 2443 686 2519 ἦν
711 2447 739 2500 6
766 2446 934 2501 εἰπών
958 2465 973 2478 ο
1015 2466 1034 2500 ι
1078 2447 1203 2501 Ἐπὶ
1234 2447 1332 2520 τὴν
1364 2446 1569 2518 πέτραν
1601 2446 1806 2500 οἰκοδο-

220 2540 382 2610 μήσω
412 2555 514 2609 μου
541 2538 640 2610 τὴν
674 2538 1024 2610 Ἐκκλησίαν,
1056 2539 1152 2594 καὶ
1191 2538 1359 2592 πύλαι
1405 2539 1534 2610 ᾅδου
1581 2539 1642 2592 οὐ
1671 2556 1804 2592 κατ-

221 2630 537 2702 ισχύσουσιν
565 2630 756 2702 αὐτῆς.
794 2650 814 2684 ι

291 2742 311 2774 ι
350 2722 474 2776 Ὀτι
519 2721 581 2775 τδ
607 2721 780 2793 δνομα
833 2723 1040 2796 Κυρίου
1097 2723 1237 2795 μέγα
1280 2725 1446 2795 ὑμῖν,
1487 2723 1650 2788 τόπος
1679 2725 1807 2795 ὑμῖν

217 2811 391 2876 ἔσται,
421 2814 659 2886 ποταμοὶ
683 2815 776 2869 καὶ
816 2814 1080 2888 διώρυγες
1110 2818 1335 2882 πλατεῖς
1361 2818 1455 2872 καὶ
1484 2817 1803 2891 εὐρύχωροι.

219 2904 294 2957 υύ
334 2905 580 2978 πορεύσῃ
592 2905 796 2979 ταύτην
820 2907 919 2978 τὴν
946 2907 1082 2973 ὁδὸν,
1117 2908 1236 2962 οὐδὲ
1270 2908 1596 2981 πορεύσεται
1623 2908 1807 2962 πλοῖον

219 2999 465 3053 ὲλαῦνον.
518 2999 576 3053 '0
629 3000 738 3072 γὰρ
775 3001 910 3065 Θεός
971 3019 1073 3074 μου
1127 3002 1302 3073 μέγας
1343 3003 1522 3056 ἐστίν·
1554 3001 1616 3056 οὐ
1660 3018 1806 3076 παρ-

1911 1921 2166 1962 succussa
2197 1915 2326 1962 sunt
2368 1905 2423 1960 in
2456 1903 2627 1959 variis
2659 1903 2766 1959 illis
2809 1903 3184 1960 obsidionibus
3207 1945 3224 1972 ,
3272 1906 3490 1976 quando

1912 1999 1999 2052 illa
2036 1997 2102 2052 ab
2133 1994 2568 2066 expugnantibus
2590 1995 2709 2052 solo
2752 2010 2860 2051 non
2888 1998 3060 2053 semel
3087 2007 3300 2068 aquata
3339 1998 3481 2066 fuit;

1913 2103 2067 2144 novae
2095 2097 2275 2144 autem
2319 2085 2545 2155 hujusce
2588 2086 2736 2143 urbis
2767 2089 3019 2144 immotos
3057 2089 3134 2144 ait
3167 2088 3286 2146 fore
3311 2090 3489 2160 paxil-

1913 2181 2014 2236 los.
2048 2179 2276 2235 Etiamsi
2304 2179 2449 2234 enim
2481 2178 2682 2250 putetis
2728 2193 3116 2250 nonnunquam
3149 2195 3245 2237 vos
3271 2181 3326 2237 in
3357 2197 3484 2252 per-

1913 2272 2282 2329 secutionibus
2309 2270 2432 2342 pelli
2459 2280 2514 2326 et
2536 2271 2773 2327 obsideri
2807 2289 2822 2327 :
2855 2280 2913 2326 at
2939 2271 3031 2328 illa
3059 2286 3274 2342 semper
3306 2273 3360 2327 in
3389 2287 3486 2342 pe-

1915 2380 1996 2423 tra
2035 2369 2305 2433 consistit,
2333 2376 2388 2422 et
2414 2368 2634 2422 immota
2665 2375 2847 2424 manet
2873 2367 2925 2423 in
2953 2367 3210 2423 saeculum
3241 2385 3254 2421 :
3281 2367 3486 2423 etenim

1913 2459 2128 2517 mentiri
2177 2460 2364 2528 nequit
2395 2459 2442 2516 is
2473 2461 2562 2528 qui
2595 2458 2729 2514 dixit
2759 2477 2773 2515 :
2814 2477 2834 2512 ι
2868 2459 3046 2530 Super
3088 2468 3296 2530 petram
3318 2457 3489 2515 aediﬁ-

1915 2552 2053 2609 cabo
2086 2551 2386 2608 Ecclesiam
2424 2566 2598 2607 meam
2626 2591 2643 2619 ,
2671 2561 2726 2608 et
2751 2563 2920 2622 porta:
2955 2551 3110 2608 inferi
3143 2567 3246 2607 non
3283 2565 3488 2622 prava»

1914 2646 2098 2702 lebunt
2127 2647 2389 2700 adversus
2418 2656 2537 2699 eam
2578 2643 2645 2698 ι’.
2686 2662 2705 2696 ι
3136 2699 3141 2709 ,

1984 2733 2149 2790 Vsus.
2183 2733 2383 2801 21,22.
2421 2751 2440 2786 ι
2463 2732 2729 2801 Quoniam
2758 2751 2950 2793 nomen
2990 2737 3201 2794 Domini
3231 2751 3488 2810 magnum

1912 2829 2068 2885 vobis
2094 2870 2110 2896 ,
2152 2827 2301 2883 locus
2342 2826 2496 2882 vobis
2528 2827 2631 2883 erit
2679 2825 2901 2884 ﬂumina
2945 2839 3001 2886 et
3032 2831 3134 2886 rivi
3163 2830 3256 2886 lati
3283 2837 3340 2886 et
3362 2845 3490 2900 spa-

1915 2920 2068 2977 tiosi.
2097 2919 2213 2975 Non
2256 2919 2560 2976 ambulabis
2585 2935 2683 2991 per
2722 2922 2863 2976 hanc
2885 2921 3026 2977 viam
3048 2961 3064 2988 ,
3098 2937 3274 2993 neque
3299 2921 3491 2977 ambu-

1916 3012 2052 3068 labit
2086 3011 2362 3082 navigium
2389 3027 2704 3082 prOperans.
2738 3014 2882 3070 Deus
2901 3015 3045 3070 enim
3081 3029 3233 3070 meus
3263 3029 3491 3085 magnus

219 3091 502 3146 ελεύσεταί
538 3109 606 3164 με
654 3092 860 3165 Κύριος
908 3095 1102 3167 κριτὴς
1160 3095 1340 3168 ἡμῶν,
1377 3096 1582 3167 Κύριος
1623 3095 1806 3168 ἄρχων

1915 3113 2018 3159 εει.
2057 3101 2172 3158 Non
2215 3102 2466 3158 transibit
2494 3119 2579 3159 me
2605 3103 2864 3162 Dominus
2886 3105 3052 3175 judex
3079 3117 3281 3170 noster,
3311 3107 3492 3162 Domi-

219 3184 402 3256 ημῶν,
440 3183 648 3256 Κύριος
681 3185 938 3256 βασιλεὺς
983 3186 1164 3258 ἡμῶν,
1219 3188 1421 3260 Κύριος
1473 3181 1630 3252 οὗτος
1660 3190 1808 3261 ἡμᾶς

219 3276 408 3333 σώσει.
442 3297 462 3329 ι
493 3278 636 3332 Αὐτὸ
681 3278 745 3332 τὸ
784 3277 972 3351 ὄνομα,
1009 3282 1161 3352 φησὶ,
1197 3281 1403 3353 Κυρίου
1441 3281 1604 3346 τόπος
1654 3280 1808 3334 ἔσται

217 3368 392 3442 ταύτῃ
417 3372 485 3441 τῇ
515 3372 674 3442 καινῇ
698 3369 852 3424 πόλει
884 3373 951 3444 τῇ
982 3371 1218 3444 ἀσείστῳ
1252 3373 1348 3427 καὶ
1379 3371 1645 3444 ἁπτώτῳσ
1703 3371 1810 3426 διό-

218 3476 349 3530 περ,
374 3459 451 3522 ὡς
479 3459 546 3512 ἂν
578 3461 673 3513 ἐπὶ
699 3459 790 3513 τὸν
822 3459 1045 3532 Κύριον,
1065 3461 1229 3516 τόπον
1245 3464 1373 3517 ὄντα
1399 3463 1590 3534 αὐτῆς,
1612 3463 1810 3535 ᾠκοδο-

218 3550 465 3622 μημένη,
491 3551 742 3615 ἄσειστος
787 3550 958 3622 μένει.
1000 3552 1078 3606 Δι’
1111 3547 1186 3607 ῶν
1215 3557 1243 3608 6
1282 3553 1438 3624 λόγος
1481 3555 1581 3626 τῆς
1612 3553 1807 3625 προλε-

213 3642 447 3712 χθείσης
473 3640 682 3703 πόλεως
708 3639 797 3694 τὸν
827 3640 1031 3713 Κύριόν
1058 3659 1222 3714 φησιν
1245 3641 1466 3696 ἔσεσθαι
1495 3642 1679 3706 τόπον,
1713 3659 1809 3697 πο-

212 3732 410 3805 ταμῶν
441 3732 635 3804 ῥεῖθρα
665 3731 898 3802 ἐχόντων
929 3733 1020 3786 καὶ
1065 3733 1338 3808 διώρυγας
1365 3735 1587 3798 πλατεῖς
1607 3752 1622 3765 ο
1661 3733 1806 3789 ὥστε

213 3825 400 3894 λέγειν
419 3841 434 3854 ·
470 3843 489 3876 ι
519 3825 627 3878 Τοῦ
655 3823 902 3896 ποταμοῦ
924 3824 990 3878 τὰ
1017 3825 1160 3896 ὁρμή
1170 3843 1310 3896 ματα
1339 3825 1686 3898 εὐφραίνουσι
1709 3824 1810 3896 τὴν

213 3917 378 3971 πόλιν
400 3917 496 3970 τοῦ
527 3915 686 3983 Θεοῦ,
726 3937 744 3968 ι
780 3917 874 3970 καὶ
905 3935 922 3968 ι
969 3917 1030 3970 '0
1066 3916 1311 3988 ποταμὸς
1331 3916 1436 3990 ,τοῦ
1470 3916 1604 3970 Θεοῦ
1651 3916 1811 3986 ἐπλη-

213 4009 372 4082 ρώθη
410 4009 642 4072 ὑδάτων,
684 4028 704 4059 ι
729 4008 818 4062 διὰ
862 4007 924 4062 τδ
966 4010 1130 4063 αὑτὸν
1165 4009 1256 4062 τὸν
1284 4007 1490 4080 Κύριον
1531 4003 1672 4062 εἶναι
1718 4007 1810 4061 τὸν

211 4102 392 4155 τόπον
442 4099 644 4155 αὐτῶν.
672 4100 836 4153 Ὅθεν
880 4101 1094 4173 ἐχθροῖς
1149 4101 1244 4154 καὶ
1287 4100 1573 4172 πολεμίοις
1619 4098 1810 4153 ἀνεπί-

217 4194 382 4247 ϐατοι
409 4192 770 4263 τυγχάνουσιν
797 4193 846 4245 οἱ
894 4194 1149 4264 ποταμοὶ,
1179 4193 1278 4264 τὴν
1305 4192 1692 4264 προλεχθεῖσαν
1714 4191 1810 4245 τοῦ

209 4286 360 4340 θεοῦ
395 4284 553 4338 πόλιν
579 4285 703 4338 ἀντὶ
733 4284 1018 4356 περιϐόλου
1074 4285 1399 4350 κυκλοῦντες
1442 4285 1536 4338 καὶ
1568 4302 1810 4357 περιτει-

205 4379 468 4451 χίζοντες
487 4395 500 4406 ·
528 4377 604 4441 ὡς
620 4378 783 4430 πᾶσιν
799 4375 1098 4448 ἀλλοτρίοις
1120 4376 1410 4432 ἀδιάϐατον
1428 4373 1565 4432 εῖναι
1580 4395 1594 4408 ο
1621 4377 1809 4450 ἐπειδὴ

1911 3212 2013 3252 nus
2033 3195 2285 3266 princeps
2313 3205 2521 3262 noster,
2557 3197 2820 3253 Dominus
2849 3213 2946 3254 rex
2981 3207 3191 3265 noster,
3231 3199 3492 3255 Dominus

1910 3287 2002 3342 hic
2039 3285 2272 3341 salvabit
2300 3301 2424 3342 nos.
2465 3305 2485 3340 ι
2533 3287 2690 3358 lluic,
2720 3289 2936 3361 inquit,
2962 3306 3116 3346 nova:
3144 3290 3350 3346 civitati
3403 3293 3490 3346 in-

1911 3393 2192 3436 concussae
2220 3388 2274 3433 et
2319 3379 2626 3447 immobili,
2655 3381 2830 3452 ipsum
2857 3396 3054 3438 nomen
3090 3383 3304 3438 Domini
3338 3383 3491 3439 locus

1909 3471 2015 3527 erit
2045 3490 2058 3526 :
2088 3485 2264 3542 quare
2292 3487 2453 3541 supra
2503 3471 2787 3528 Dominum
2812 3513 2828 3538 ,
2875 3474 3054 3528 locum
3087 3489 3244 3530 suum
3275 3515 3292 3539 ,
3317 3473 3490 3528 tetih-

1909 3573 2032 3619 cata
2057 3604 2072 3628 ,
2101 3565 2324 3618 immota
2359 3572 2564 3618 manet.
2596 3562 2692 3620 His
2724 3565 2906 3634 itaque
2935 3565 3278 3636 signiﬁcatur
3311 3567 3488 3636 ipsum

1911 3657 2197 3712 Dominum
2228 3656 2496 3724 praedicta:
2543 3655 2784 3711 civitatis
2821 3655 2999 3711 locum
3033 3655 3273 3710 futurum
3321 3669 3444 3710 esse
3469 3695 3486 3718 ,

1910 3747 2189 3805 ﬂuminum
2225 3747 2394 3802 alveis
2423 3755 2480 3803 et
2506 3747 2630 3804 latis
2660 3748 2791 3803 rivis
2824 3748 3146 3804 instructum
3167 3787 3184 3813 ,
3213 3749 3284 3802 ita
3316 3756 3376 3801 ut
3405 3747 3486 3802 di-

1911 3847 2102 3903 catur,
2170 3855 2191 3890 ι
2253 3835 2517 3896 Fluminis
2573 3840 2806 3909 impetus
2874 3839 3154 3896 Itetilicant
3210 3840 3486 3895 civitatem

1911 3932 2004 3987 Dei
2038 3931 2106 3998 “,
2140 3949 2160 3983 ι
2195 3941 2251 3986 et
2274 3971 2289 3997 ,
2327 3948 2346 3983 ι
2382 3931 2608 3988 Flumen
2639 3931 2732 3987 Dei
2761 3931 3024 4003 repletum
3059 3940 3142 3987 est
3171 3932 3326 4002 aquis
3357 3930 3425 3999 δὴ
3464 3950 3484 3984 ι

1913 4030 2038 4097 quia
2077 4025 2284 4081 scilicet
2319 4024 2432 4094 ipse
2462 4023 2721 4080 Dominus
2748 4024 2899 4079 locus
2929 4039 3118 4079 eorum
3151 4033 3256 4095 est,
3284 4023 3492 4090 Quam-

1911 4122 2098 4177 obrem
2132 4119 2316 4174 isthtec
2344 4115 2566 4171 ﬂumina
2593 4116 2839 4172 hostibus
2873 4117 3218 4185 inimicisque
3247 4114 3486 4168 inacces-

1913 4227 1972 4267 sa
1999 4219 2125 4265 sunt
2153 4248 2168 4274 ,
2197 4223 2317 4279 quae
2358 4208 2670 4278 praedictam
2724 4208 2817 4264 Dei
2849 4209 3127 4265 civitatem
3164 4205 3486 4262 munimenti

1913 4303 2034 4357 loco
2066 4299 2408 4356 circumdant
2434 4309 2492 4356 et
2519 4301 2810 4363 ambiunt;
2845 4303 2918 4355 ita
2967 4310 3025 4354 ut
3069 4298 3343 4356 extraneis
3371 4299 3492 4367 qui-

1916 4397 2123 4465 busque
2151 4393 2327 4448 aditus
2357 4393 2429 4448 sit
2456 4392 2636 4446 nullus
2673 4409 2688 4446 :
2723 4392 2974 4462 quoniam
3013 4390 3305 4453 Dominus,
3339 4387 3492 4443 locus

202 4475 236 4526 6
261 4471 500 4544 Κύριος,
531 4470 699 4530 τόπος
735 4468 811 4524 ῶν
851 4469 1042 4539 αὐτῆς,
1079 4469 1251 4540 μέγας
1293 4470 1472 4524 ἐστίν’
1511 4469 1674 4534 αὐτὸς
1699 4470 1810 4540 γὰρ

1916 4499 2110 4556 nempe
2154 4483 2274 4554 ejus
2301 4524 2317 4550 ,
2360 4498 2690 4554 permagnus
2737 4493 2822 4539 est
2857 4502 2872 4538 :
2909 4486 3025 4553 ipse
3054 4495 3286 4551 namque
3335 4489 3491 4550 petra

202 4558 280 4635 ἦν
311 4566 351 4634 ἡ
383 4564 587 4635 πέτρα,
615 4562 700 4631 ἐφ’
725 4562 792 4634 ἢν
819 4561 1155 4634 ᾠκοδόμητο.

290 4697 314 4731 ι
364 4678 716 4751 Ὲῤῥάγησαν
745 4675 814 4730 τὰ
847 4677 1056 4748 σχοινία
1092 4693 1206 4738 σου,
1235 4675 1318 4729 ὅτι
1349 4675 1451 4729 οὐκ
1481 4675 1769 4745 ὲνίσχυσαν
1793 4690 1807 4703 ·

202 4771 237 4822 6
259 4768 418 4833 ἱστός
452 4785 550 4821 σου
593 4767 823 4831 ἔκλινεν,
851 4767 912 4819 οὐ
947 4766 1172 4836 χαλάσει
1204 4765 1272 4818 τὰ
1318 4765 1494 4819 ἱστία·
1544 4764 1644 4817 οὐκ
1689 4765 1814 4837 ἀρεῖ

205 4863 473 4932 σημεῖον,
505 4860 611 4923 ἕως
632 4851 693 4912 οῦ
711 4857 988 4931 παραδοθῇ
1024 4859 1102 4920 είς
1133 4858 1430 4930 προνομήν.
1455 4855 1646 4908 Τοίνυν
1679 4854 1810 4908 πολ-

204 4953 300 5006 λοὶ
356 4952 526 5024 χωλοὶ
561 4949 838 5023 προνομὴν
889 4949 1196 5020 ποιήσουσι,
1249 4949 1344 5001 κα)⁸
1385 4947 1446 5000 οὐ
1483 4947 1560 5018 μὴ
1593 4948 1810 5012 εἴπωσι,

207 5043 444 5109 Κοπιῶ,
475 5045 505 5096 6
535 5043 663 5106 λαὸς
693 5041 920 5096 ἑνοικῶν
957 5043 1014 5094 ὲν
1047 5041 1259 5104 αὐτοῖς·
1290 5039 1466 5112 άφέθη
1494 5039 1605 5111 γὰρ
1633 5040 1815 5102 αὐτοῖς

205 5137 246 5206 ἠ
277 5135 555 5206 ἁμαρτία.
592 5153 612 5186 ι
633 5133 894 5207 Σημαίνει
925 5135 980 5188 δὲ
1007 5133 1095 5187 διὰ
1126 5132 1331 5186 τούτων
1351 5133 1450 5203 τὴν
1481 5131 1690 5184 πτῶσιν
1715 5129 1816 5200 τῆς

208 5226 550 5295 σωματικῆς
578 5225 955 5297 Ἰερουσαλὴμ,
986 5219 1054 5295 ἦς
1094 5225 1306 5297 ἐρράγη
1335 5223 1405 5277 τὰ
1436 5222 1646 5294 σχοινία
1673 5241 1685 5252 ·
1720 5221 1816 5276 καὶ

204 5318 241 5369 6
274 5320 430 5381 ἱστὸς
463 5318 522 5371 δὲ
551 5317 744 5387 αὐτῆς,
773 5317 964 5389 ὥσπερ
1009 5317 1154 5382 τινὸς
1181 5317 1309 5387 νηὸς
1343 5318 1400 5369 ὲν
1438 5314 1675 5386 χειμῶσι
1722 5315 1816 5368 καὶ

211 5409 462 5463 κλύδωσι
485 5408 870 5481 διαπεσούσης,
892 5409 1080 5481 ἐκλίθη
1111 5409 1350 5470 πίπτων,
1374 5407 1811 5461 διασπασθέντων

209 5501 333 5578 τῶν
371 5501 810 5579 διακρατοῦντων
843 5500 1020 5555 αὐτῶν
1054 5501 1318 5571 σχοινίων.

293 5739 341 5767 ⁸⁵
371 5736 560 5790 Matth.
597 5751 757 5801 xxttt,
788 5739 872 5793 15.

478 5829 753 5888 Parnm.
796 5832 914 5893 Gtt.
965 5832 1197 5894 XXIV.

952 5741 996 5770 δ’
1027 5739 1214 5796 Matth.
1254 5758 1362 5808 ut,
1397 5742 1482 5797 l8.
1565 5742 1610 5774 ”
1640 5741 1911 5813 P.,al.xt.v,
1964 5742 2016 5798 5.

1914 4588 2052 4644 erat,
2079 4593 2241 4648 supra
2276 4592 2440 4647 quam
2470 4577 2871 4632 exstruebatur.

1984 4671 2152 4728 Vsus.
2181 4672 2254 4726 25
2279 4711 2296 4736 ,
2325 4671 2419 4729 24.
2469 4689 2488 4723 ι
2551 4671 2760 4741 Dirupti
2794 4678 2921 4725 sunt
2953 4668 3183 4725 funiculi
3214 4669 3290 4723 tui
3318 4707 3334 4735 ,
3363 4670 3491 4739 quia

1915 4781 2022 4822 non
2054 4763 2452 4834 praevaluerunt
2483 4783 2497 4818 :
2542 4762 2716 4817 malus
2743 4772 2868 4818 tuus
2897 4761 3190 4818 inclinatus
3221 4769 3344 4829 est,
3379 4775 3490 4816 non

1913 4856 2221 4927 pendebunt
2259 4855 2380 4910 vela
2417 4873 2433 4910 :
2466 4869 2571 4909 non
2611 4853 2810 4910 levabit
2837 4855 3076 4924 signum,
3105 4854 3280 4910 donec
3309 4854 3488 4908 trada-

1912 4959 2002 5003 tur
2028 4949 2084 5003 in
2115 4949 2497 5002 vastationem.
2532 4945 2681 5001 Multi
2729 4945 2894 5016 igitur
2944 4945 3124 5000 claudi
3159 4945 3372 5015 praedas
3407 4943 3492 4998 l'a—

1911 5041 2078 5105 cient,
2113 5051 2167 5094 et
2195 5054 2299 5094 non
2325 5039 2528 5104 dicent,
2553 5038 2788 5104 Fatisco,
2818 5038 3048 5110 pepulus
3073 5039 3166 5110 qui
3198 5038 3408 5093 habitat
3435 5039 3490 5092 in

1912 5132 1994 5187 eis
2025 5150 2039 5186 :
2072 5131 2354 5186 dimissum
2383 5132 2530 5186 enim
2573 5141 2657 5186 est
2681 5131 2763 5185 eis
2796 5140 3099 5201 peccatum.
3151 5149 3172 5184 ι
3207 5130 3304 5186 His
3343 5131 3489 5185 indi-

1913 5233 2002 5278 cat
2046 5237 2320 5291 corporea:
2343 5221 2732 5293 Hierosolyma:
2765 5223 3032 5292 exitium,
3081 5221 3235 5293 cujus
3266 5223 3491 5280 funiculi

1915 5315 2114 5384 dirupti
2145 5323 2306 5377 sunt;
2357 5325 2412 5369 et
2444 5315 2620 5371 malus
2645 5313 2762 5383 ejus
2788 5356 2803 5380 ,
2857 5330 2958 5370 ceu
3011 5315 3290 5383 cujusdam
3339 5315 3494 5370 navis

1922 5408 2334 5478 tempestatibus
2367 5417 2422 5462 et
2448 5407 2698 5462 ﬂuctibus
2740 5409 3001 5463 demersae
3026 5450 3042 5475 ,
3088 5407 3365 5464 declinans
3415 5407 3496 5462 la-

1922 5515 2052 5571 psus
2082 5509 2183 5564 est,
2218 5499 2450 5569 diruptis
2481 5499 2697 5553 funibus
2727 5501 2900 5569 ipsum
2941 5500 3318 5555 retinentibus.

2111 5743 2154 5775 “
2200 5742 2340 5798 Psal.
2395 5759 2539 5809 utv,
2585 5745 2671 5798 10.

3140 5837 3208 5898 il
