3862 6210
349 294 445 358 ’551
1020 282 1799 355 ΕυΒΕΒΙΙὈλΕΒΑΒΙΕΝΞΙΞ
1835 298 1985 361 OPP.
2026 300 2206 357 PARS
2242 299 2326 358 111.
2371 334 2437 343 -
2477 302 2893 361 EXEGETICA.

416 416 423 423 '
645 406 649 415 ‘
842 404 1108 466 'CAPU'I‘
1146 410 1387 466 xxxw.
1444 442 1447 443 ν
1554 386 1590 411 ”
1808 424 1811 427 λ

2540 420 2935 473 ΚΕΦΑΛΑΙΟΝ
2992 421 3111 475 ΛΔ’,
3204 430 3209 437 '

420 530 586 586 Vens.
622 522 739 584 l-3.
792 514 815 580 ι’
839 527 1114 592 Accedite,
1151 512 1364 596 gentes,
1390 537 1445 581 et
1478 527 1679 590 audite,
1717 525 1901 596 princi.

2107 548 2127 580 t
2167 529 2572 603 Προσαγάγετε,
2629 532 2775 604 ἔθνη,
2821 534 2916 585 καὶ
2975 534 3261 599 ἀκούσατε,
3309 536 3560 608 ἄρχοντες
3587 559 3603 572 -

342 639 443 692 pes
475 621 702 681 :audiat
732 630 873 676 terra
901 660 919 687 ,
957 628 1015 676 et
1044 619 1135 688 qui
1179 619 1232 673 in
1260 632 1324 671 ea
1353 617 1634 682 habitant,
1665 618 1836 683 orbis,
1870 631 1900 669 e

2031 620 2316 675 ἀκουσάτω
2346 624 2378 693 ἡ
2425 623 2519 693 γῆ,
2555 624 2650 677 καὶ
2691 626 2738 677 oi
2772 626 2830 679 ὲν
2866 626 3003 697 αὐτῇ
3037 625 3333 693 οἰκοῦντες,
3359 631 3393 700 ή
3424 632 3605 686 οἰκου-

342 715 575 809 populus
605 714 697 785 qui
744 722 829 791 est
860 712 914 767 in
959 716 1070 766 eo:
1106 710 1232 780 quia
1280 708 1434 763 furor
1486 707 1699 763 Domini
1760 722 1901 777 supei

2035 711 2192 809 μένη,
2230 713 2325 767 καὶ
2356 715 2384 767 ὁ
2410 714 2535 779 λαὸς
2581 717 2611 767 ὁ
2671 716 2730 769 ὲν
2757 717 2933 787 αὐτῇ·
2967 716 3103 770 διότι
3138 719 3168 771 ό
3205 717 3375 789 θυμὸς
3402 720 3605 789 Κυρίου

342 800 537 865 omnes
577 814 806 878 gentes;
852 815 903 860 et
937 803 1017 859 ira
1046 818 1211 872 super
1246 816 1463 857 omnem
1511 814 1797 855 numerum
1829 814 1901 854 eo

2030 803 2125 857 ἐπὶ
2163 804 2341 860 πάντα
2370 805 2438 859 τὰ
2466 805 2614 877 ἔθνη,
2641 807 2736 860 καὶ
2760 800 2905 879 ὀργῆ
2928 809 3021 861 ἐπὶ
3054 809 3147 863 τὸν
3169 810 3401 882 ἀριθμὸν
3429 812 3606 866 αὐτῶν

340 915 469 983 rum
495 941 512 968 ,
546 908 616 977 ut
640 900 829 973 perdat
857 912 952 954 eos
985 906 1039 953 et
1077 896 1255 950 tradat
1285 894 1351 979 ad
1382 893 1605 948 caedem.
1641 892 1901 948 Vulnerat

2026 895 2121 951 τοῦ
2158 896 2420 952 ἀπολέσαι
2473 899 2693 963 αὐτοὺς,
2728 900 2823 953 καὶ
2876 902 3211 970 παραδοῦναι
3257 905 3338 968 εἰς
3371 906 3602 976 σφαγήν.

342 1001 522 1047 autem
569 1005 756 1046 eorum
790 984 1167 1059 projicientur,
1201 994 1256 1040 et
1302 984 1502 1039 mortui
1535 1002 1549 1038 :
1585 993 1640 1039 et
1667 985 1899 1039 ascende

2023 992 2084 1043 Οί
2127 991 2185 1045 δὲ
2228 991 2564 1062 τραυματίαι
2596 992 2776 1047 αὐτῶν
2805 994 3144 1065 ριφήσονται,
3178 996 3274 1049 καὶ
3308 999 3358 1049 οἱ
3386 997 3603 1068 νεκροί’

339 1085 479 1143 odor
526 1097 737 1140 eorum.
793 1099 812 1134 ι
865 1079 1202 1149 Quibusnam
1238 1077 1420 1132 tradat
1454 1078 1507 1131 in
1536 1077 1736 1133 caadem
1769 1118 1784 1141 ,
1816 1076 1901 1130 nis

2021 1082 2115 1134 καὶ
2146 1081 2477 1153 ἀναϐήσεται
2503 1082 2681 1138 αὐτῶν
2709 1085 2742 1155 ὴ
2768 1085 2933 1156 ὀσμή.
2966 1105 2986 1139 ι
3017 1086 3140 1139 Τίσι
3179 1087 3238 1140 δὲ
3273 1088 3603 1160 παραδοῦναι

338 1177 633 1234 ultricibus
657 1173 998 1230 virtutibus?
1025 1169 1123 1227 Bis
1150 1182 1313 1242 porro
1334 1169 1643 1241 castigatis,
1677 1168 1767 1224 alii
1801 1166 1901 1223 vul-

2017 1172 2216 1236 αὐτοὺς
2244 1175 2323 1236 είς
2354 1175 2589 1244 σφαγὴν,
2645 1178 2677 1245 ἢ
2706 1179 2827 1241 ταῖς
2854 1177 3205 1243 κολαστικαῖς
3236 1181 3329 1233 καὶ
3350 1199 3598 1253 τιμωρη-

336 1269 514 1325 nerati
539 1308 558 1336 ,
606 1266 695 1322 alii
745 1265 945 1320 mortui
993 1273 1154 1320 erunt
1179 1303 1195 1328 ,
1229 1262 1322 1334 qui
1351 1262 1560 1318 scilicet
1587 1263 1653 1318 ad
1691 1273 1901 1317 morten

2016 1268 2196 1330 τικαῖς
2241 1267 2543 1338 δυνάμεσι;
2591 1268 2809 1323 Τούτων
2871 1270 2928 1324 δὲ
2969 1270 3077 1326 τῶν
3123 1271 3503 1344 κολαζομένων
3553 1276 3602 1327 οἱ

336 1375 636 1430 peccavere
674 1375 688 1412 :
721 1373 954 1429 quorum
985 1356 1261 1424 facinora,
1308 1357 1362 1410 in
1403 1357 1517 1410 vita
1552 1355 1763 1410 mortali
1791 1370 1901 1425 per-

2024 1358 2122 1429 μὲν
2175 1360 2510 1430 τραυματίαι
2543 1360 2778 1427 ἔσονται,
2830 1364 2879 1415 οἱ
2937 1363 2993 1416 δὲ
3050 1365 3267 1437 νεκροί·
3318 1367 3369 1419 οἱ
3401 1366 3603 1438 δηλαδὴ

336 1462 547 1521 petrata
572 1493 604 1522 ,,
634 1450 828 1521 judicii
858 1461 1102 1521 tempore
1156 1448 1384 1504 fetorem
1416 1448 1707 1503 emittent:
1743 1462 1901 1517 quare

2019 1448 2088 1502 τὰ
2130 1448 2267 1520 πρὸς
2339 1448 2567 1503 θάνατον
2620 1453 3040 1523 ἡμαρτηκότες·
3107 1449 3184 1509 ὧν
3248 1457 3307 1509 αἱ
3352 1455 3601 1529 πράξεις,

336 1548 632 1602 secundum
646 1543 1031 1618 Symmachum
1055 1540 1275 1606 dicitur,
1293 1558 1313 1592 ι
1338 1540 1403 1594 Ει
1421 1539 1855 1596 ascendetfetor.
1884 1558 1901 1591 ι

2017 1540 2074 1592 ai
2119 1540 2260 1594 κατά
2298 1541 2390 1594 τὸν
2435 1541 2626 1612 θνητὸν
2689 1544 2802 1614 βίον
2857 1547 3287 1602 συντελεσθεῖσαι
3320 1548 3461 1603 κατά
3510 1548 3603 1602 τὸν

332 1644 434 1715 τῆς
488 1641 721 1715 κρίσεως
777 1636 967 1708 καιρὸν
1016 1634 1276 1699 δυσωδίας
1337 1633 1774 1688 ἀποπνεύτουσι·
1845 1633 1925 1687 διδ
1998 1633 2139 1689 κατά
2184 1635 2278 1689 τὸν
2331 1633 2624 1707 Σύμμαχον
2686 1637 2921 1709 εἴρηται,
2979 1658 2997 1692 ι
3033 1642 3144 1695 Kat‘t
3193 1643 3523 1715 ἀναϐήσεται
3563 1647 3598 1714 ἡ

332 1737 587 1793 δυσωδία.
617 1756 637 1788 ι

365 1894 373 1901 .
409 1849 571 1905 Vsus.
600 1846 654 1901 4.
682 1864 705 1899 ι
728 1845 798 1901 Ει
822 1842 1143 1915 rigabuntur
1173 1847 1385 1897 montes
1404 1838 1670 1909 sanguine
1700 1851 1901 1893 eorum.

2093 1863 2110 1894 t
2149 1845 2261 1899 Καὶ
2286 1834 2619 1917 βραχήσεται
2647 1845 2716 1899 τὰ
2742 1845 2843 1919 ὅρη
2872 1847 2981 1902 ἀπὸ
3016 1847 3112 1902 τοῦ
3141 1850 3369 1921 αἵματος
3394 1850 3597 1905 αὐτῶν.

332 1943 403 2000 Ει
427 1943 709 1999 tabescent
734 1952 926 1995 omnes
950 1935 1181 2009 virtutes
1211 1932 1496 1989 caelorum.
1541 1954 1561 1985 ι
1603 1924 1670 1985 Hi
1700 1940 1901 1985 montes

2013 1938 2123 1991 Καὶ
2159 1938 2490 2008 τακήσονται
2537 1938 2711 1993 πᾶσαι
2760 1938 2815 1993 αἱ
2847 1939 3106 2011 δυνάμεις
3126 1942 3233 1994 τῶν
3274 1941 3535 2013 οὐρανῶν.
3575 1963 3596 1997 ι

329 2044 489 2092 erant
518 2035 586 2090 de
607 2030 806 2103 quibus
831 2029 1037 2085 dictum
1068 2035 1154 2082 est
1178 2065 1194 2092 ,
1232 2043 1252 2078 ι
1296 2025 1363 2081 Ει
1390 2024 1673 2080 tabescent
1705 2032 1901 2078 monte:

2013 2028 2199 2082 Ταῦτα
2228 2029 2406 2083 τοίνυν
2458 2028 2753 2101 ἐτύγχανον
2784 2030 2908 2103 ὅρη,
2952 2029 3086 2103 ⁵ιπερὶ
3134 2022 3210 2086 ὧν
3258 2034 3472 2106 εἴρηται
3514 2034 3600 2099 τὺ,

332 2147 361 2182 a
400 2126 683 2198 sanguine.
739 2141 760 2176 ι
806 2120 1019 2176 Etenim
1050 2117 1284 2173 virtutes
1327 2114 1593 2171 caelorum
1620 2152 1636 2180 ,
1667 2128 1787 2183 quae
1817 2126 1901 2182 pet

2020 2138 2039 2170 ι
2080 2121 2188 2174 Καὶ
2242 2122 2571 2192 τακήσονται
2616 2121 2716 2194 ὄρη
2758 2121 2866 2176 ἀπὸ
2908 2122 3001 2176 τοῦ
3036 2102 3286 2195 αἵματος.
3369 2102 3442 2178 *Αί
3489 2126 3601 2199 γὰρ

328 2228 549 2276 montes
575 2215 976 2289 significantur,
1009 2221 1138 2266 tunc
1185 2208 1466 2265 tabescere
1500 2206 1778 2274 dicuntur,
1824 2215 1914 2258 ut-

3504 309 3609 371 532
3640 322 3647 331 ‘

2012 2212 2272 2284 δυνάμεις
2298 2213 2405 2267 τῶν
2445 2214 2710 2286 οὐρανῶν,
2760 2214 2861 2287 ὅρη
2909 2215 3220 2287 νοούμεναι,
3261 2215 3603 2289 τακήσεσθαι

328 2318 462 2380 pote
486 2323 609 2381 qua:
653 2304 975 2363 memoratis
1023 2301 1333 2361 hominibus
1368 2302 1422 2356 in
1455 2314 1618 2355 causa
1648 2298 1910 2370 perniciei

329 2404 560 2462 fuerint.
590 2402 852 2470 Quaenam
878 2410 1044 2469 porro
1070 2394 1174 2452 illa:
1205 2393 1407 2450 fuerint
1431 2430 1447 2458 .
1486 2392 1592 2447 nisi
1618 2390 1688 2445 de
1716 2391 1913 2460 quibus

327 2496 622 2570 Apostolus
650 2495 730 2550 ait
751 2532 771 2561 ,
805 2510 826 2547 ι
872 2489 990 2547 Νοιι
1020 2498 1105 2545 est
1137 2488 1295 2543 nobis
1323 2487 1467 2540 lucta
1497 2484 1761 2539 adversus
1787 2496 1913 2537 san-

330 2588 549 2657 guinem
598 2594 656 2642 et
700 2597 962 2649 carnem;
1009 2578 1103 2636 sed
1139 2579 1401 2635 adversus
1429 2575 1808 2645 principatus,
1856 2582 1912 2629 et

327 2687 625 2748 potestates
652 2717 671 2744 ,
715 2684 773 2732 et
799 2682 1041 2730 rectores
1068 2672 1257 2728 mundi
1307 2669 1470 2740 hujus
1498 2708 1514 2734 ,
1547 2677 1602 2722 et
1651 2667 1914 2723 adversus

327 2770 628 2842 spiritualia
658 2766 916 2838 nequitiae
944 2765 1002 2841 in
1032 2763 1344 2819 etnlestibus
1370 2761 1458 2814 “?
1490 2778 1516 2823 η»
1546 2756 1639 2814 Hae
1679 2772 1923 2839 namque

324 2871 662 2934 potestates,
705 2874 825 2932 qua:
877 2856 1085 2913 aerium
1131 2854 1306 2933 locum
1350 2852 1635 2917 obtinent,
1684 2849 1922 2925 virtutes.

330 2932 596 3013 cmlorum
647 2945 1422 3019 vocanturtquandoquidem
1475 2958 1581 3010 ea,
1635 2932 1912 3012 quaa‘per

324 3059 457 3102 aera
506 3040 1071 3107 feruntur,volucres
1121 3037 1243 3093 coeli
1293 3050 1490 3094 vocare
1540 3033 1676 3092 solet
1729 3034 1909 3089 divina

324 3137 609 3207 Scriptura
640 3135 867 3200 dicens,
902 3122 1223 3189 t'Volucres
1269 3129 1391 3187 oculi
1447 3138 1504 3184 et
1555 3129 1730 3205 pisces
1787 3144 1904 3184 ma-

323 3231 407 3289 ris
429 3228 524 3287 Ψ.
575 3248 598 3284 ι
646 3227 785 3285 Cum
812 3238 995 3283 autem
1025 3225 1156 3281 illud
1181 3264 1197 3291 ,
1234 3243 1253 3277 ι
1287 3223 1356 3279 Et
1402 3224 1679 3277 tabescent
1710 3236 1902 3277 omnes

322 3324 554 3379 virtutes
578 3321 842 3378 caelorum
867 3358 885 3388 ,
949 3339 970 3373 ι
1008 3319 1083 3395 in
1131 3314 1489 3388 Septuaginta
1537 3314 1900 3382 lnterpretunt

320 3416 579 3473 versione
622 3429 730 3471 non
773 3406 1293 3484 compareat.'cutn
1345 3406 1626 3463 asteriscis
1655 3419 1721 3461 ex
1769 3405 1901 3460 reli-

324 3523 559 3580 quorum
618 3505 1067 3577 interpretatione
1115 3503 1356 3558 additum
1407 3500 1527 3554 fuit.
1578 3499 1713 3565 Quia
1770 3496 1902 3554 vero

321 3604 464 3659 scitu
497 3602 655 3659 nobis
686 3616 823 3672 opus
849 3607 972 3655 erat
1020 3597 1366 3668 quandonam
1422 3593 1539 3647 haec
1586 3590 1764 3645 futura
1815 3605 1902 3645 es-

318 3702 466 3762 sent,
507 3693 562 3748 id
590 3707 692 3748 nos
716 3692 909 3748 edocet
950 3688 1298 3761 propheticus
1345 3699 1526 3743 sermo
1575 3683 1860 3739 declarans
1885 3724 1900 3747 ,

319 3783 575 3853 superius
602 3791 900 3839 memorata
932 3789 1056 3852 post
1106 3781 1269 3851 hujus
1315 3776 1502 3847 mundi
1553 3792 1902 3832 consumma-

321 3876 527 3931 tionem
549 3884 811 3930 eventura
827 3889 969 3929 esse.
996 3871 1367 3941 Quamobrem
1397 3869 1569 3925 infert
1602 3886 1616 3922 :
1657 3888 1676 3949 ι
1714 3868 1781 3923 Et
1800 3867 1901 3937 pli-

320 3968 536 4024 cabitur
560 3967 780 4035 omium,
803 3967 943 4021 sicut
969 3965 1123 4027 liber,
1171 3974 1226 4019 et
1253 3964 1433 4019 omnia
1467 3971 1616 4018 astra
1665 3961 1898 4026 cadent,

323 4072 584 4131 tanquam
619 4059 747 4116 folia
796 4060 864 4114 de
889 4059 1000 4113 vite
1025 4096 1042 4123 ,
1075 4067 1126 4112 et
1163 4057 1303 4112 sicut
1327 4056 1529 4111 cadunt
1563 4052 1690 4108 folia
1726 4052 1792 4107 de
1830 4051 1898 4105 fi-

319 4172 410 4210 cu.
442 4174 463 4208 ι
497 4154 750 4210 Salvator
780 4153 909 4207 item
947 4151 1000 4205 in
1033 4148 1340 4219 Evangeliis
1371 4148 1487 4202 hate
1530 4148 1597 4201 de
1640 4160 1898 4199 consum-

318 4248 560 4304 matione
597 4245 861 4301 tradidit:
895 4262 915 4298 ι
949 4242 1017 4297 Ει
1060 4239 1230 4297 stellae
1270 4239 1467 4295 cadent
1501 4237 1568 4292 de
1617 4235 1756 4291 casio
1778 4276 1795 4302 ,
1845 4243 1900 4288 et

315 4344 546 4397 virtutes
573 4339 837 4395 caelorum
882 4335 1390 4396 commovebuntur,
1444 4339 1500 4385 et
1547 4338 1676 4383 tunc
1737 4342 1900 4398 appa-

318 4430 689 4504 rebitsignum
724 4431 819 4486 lilii
850 4427 1087 4486 hominis
1109 4427 1161 4480 in
1191 4423 1331 4480 ctelo
1360 4423 1427 4477 “.
1467 4420 1713 4503 {Aquila
1744 4433 1897 4488 vero,

2012 2304 2280 2375 λέγονται,
2305 2306 2382 2371 ὡς
2412 2308 2584 2361 αἰτίαι
2631 2307 2921 2378 γενόμεναι
2958 2306 3262 2380 ἀπωλείας,
3289 2308 3398 2363 τῶν
3447 2310 3602 2380 εἰρη-

2016 2396 2212 2466 μένων.
2248 2398 2403 2462 Τίνες
2427 2398 2471 2451 δ’
2501 2399 2569 2454 ἂν
2601 2395 2708 2454 εἷεν
2760 2395 2941 2465 αὗται,
2997 2403 3031 2474 ἢ
3071 2402 3200 2475 περὶ
3243 2395 3319 2457 ὧν
3358 2421 3525 2474 φησιν
3568 2403 3602 2457 ὁ

2027 2487 2349 2552 Ἀπόστολος
2368 2529 2383 2554 ,
2422 2508 2441 2541 ι
2485 2491 2600 2544 Οὐκ
2622 2490 2769 2545 ἔστιν
2790 2494 2921 2564 ἡμῖν
2944 2493 2978 2565 ἡ
3007 2493 3153 2564 πάλη
3171 2494 3307 2567 πρὸς
3337 2491 3473 2565 αἷμα
3501 2495 3602 2548 καὶ

2016 2579 2226 2651 σάρκα’
2278 2580 2414 2635 ἀλλά
2449 2570 2587 2653 πρὸς
2630 2582 2731 2645 τὰς
2758 2576 2956 2655 ἀρχάς,
3004 2584 3144 2657 πρὸς
3188 2586 3287 2650 τὰς
3323 2586 3597 2654 ὲξοταῐας,

2012 2672 2148 2744 πρὸς
2218 2675 2345 2738 τοὺς
2417 2676 2869 2748 κοσμοκράτορας
2934 2676 3030 2731 τοῦ
3091 2678 3300 2750 κόσμου
3374 2659 3618 2743 ειτιύιιτου,¹

2013 2766 2150 2839 πρὸς
2198 2765 2268 2819 τὰ
2316 2756 2662 2839 πνευματικά
2693 2768 2794 2839 τῆς
2826 2770 3091 2840 πονηρίας
3119 2772 3176 2823 ὲν
3217 2773 3332 2834 τοῖς
3363 2768 3598 2843 ἐπουραο

2014 2857 2164 2921 νίοις.
2203 2876 2223 2911 ι
2261 2854 2428 2913 Αὐται
2456 2858 2571 2932 γὰρ
2598 2861 2655 2913 αἱ
2681 2858 2962 2931 δυνάμεις,
2985 2861 3041 2915 αἳ
3083 2861 3176 2916 τὸν
3204 2862 3387 2935 ἀέριον
3414 2860 3599 2933 χῶρον

2011 2948 2442 3021 διακατέχονται,
2476 2951 2736 3023 δυνάμεις
2764 2953 3009 3027 οὐρανῶν
3041 2953 3315 3025 εἴρηνταιο
3349 2954 3470 3007 ἐπεὶ
3500 2953 3600 3008 καὶ

2010 3040 2082 3095 τὰ
2111 3042 2179 3095 δι’
2217 3042 2377 3116 ἀέρος
2405 3044 2682 3116 φερόμενα
2739 3044 2963 3099 πετεινά
2993 3044 3226 3118 οὐρανοῦ
3260 3045 3446 3099 καλεῖν
3473 3047 3601 3101 εῐω-

2011 3132 2102 3187 θεν
2126 3137 2158 3207 ή
2187 3134 2306 3189 θεία
2333 3134 2523 3208 Γραφὴ
2568 3135 2802 3206 λέγουσα
2822 3182 2837 3203 ,
2876 3154 2893 3188 ι
2926 3135 3006 3190 Τὰ
3035 3137 3257 3191 πετεινά
3287 3137 3381 3191 τοῦ
3433 3138 3603 3210 οὐρα-

2006 3228 2097 3280 νοῦ
2120 3228 2363 3292 καὶτοὺς
2396 3228 2582 3298 ἰχθύας
2609 3229 2708 3300 τῆς
2737 3229 3035 3302 θαλάσσης.
3080 3249 3099 3282 ι
3136 3230 3230 3300 Μὴ
3263 3230 3518 3301 κείμενον
3540 3231 3602 3286 δὲ

2004 3320 2063 3373 ὲν
2091 3321 2158 3390 τῇ
2186 3318 2297 3374 τῶν
2334 3320 2738 3393 Ἑϐδομήκοντα
2780 3320 3048 3394 ἑρμηνεία
3073 3318 3155 3386 τὸ,
3195 3341 3213 3374 ι
3267 3320 3378 3377 Καὶ
3422 3324 3602 3394 τακή-

2007 3428 2186 3465 σονται
2243 3413 2415 3466 πᾶσαι
2479 3414 2536 3466 αἱ
2592 3413 2852 3484 δυνάμεις
2906 3413 3014 3468 τῶν
3063 3415 3330 3487 οὐρανῶν,
3371 3433 3392 3466 s
3455 3414 3602 3486 μετά

2007 3504 2349 3575 ἀστερίσκων
2406 3505 2471 3558 ὲκ
2518 3506 2618 3576 τῆς
2656 3505 2764 3558 τῶν
2809 3506 3010 3561 λοιπῶν
3059 3503 3358 3579 ἑρμηνείας
3421 3525 3598 3580 προσ-

2010 3594 2191 3667 ετέθη.
2248 3595 2403 3649 Ἐπεὶ
2453 3594 2511 3648 δὲ
2546 3595 2714 3667 ἐχρῆν
2769 3594 2919 3668 ήμᾶς
2970 3596 3174 3666 γνῶναι
3237 3593 3367 3650 πότε
3416 3597 3598 3650 ταῦτα

2004 3685 2157 3740 ἔσται
2186 3726 2200 3750 ,
2264 3688 2359 3740 καὶ
2413 3686 2572 3741 τοῦτο
2638 3687 2877 3742 διδάσκει
2934 3690 2964 3743 ὁ
3019 3688 3356 3762 προφητικὸς
3412 3690 3597 3759 λόγος,

2004 3779 2316 3852 παριστὰς,
2363 3780 2439 3845 ὼς
2500 3782 2637 3852 μετὰ
2703 3781 2802 3853 τὴν
2873 3781 3183 3836 συντέλειαν
3241 3781 3336 3835 τοῦ
3382 3782 3597 3852 κόσμου

2002 3873 2190 3931 τούτου
2244 3875 2533 3945 γενήσεται
2575 3874 2645 3929 τὰ
2709 3873 3094 3946 προλεχθέντα.
3147 3875 3239 3928 Διὸ
3287 3875 3579 3946 ὲπιφέρεν

2007 3982 2027 4015 ι
2060 3965 2171 4019 Καὶ
2204 3964 2538 4037 εἱλιγήσεται
2562 3965 2638 4029 ὡς
2664 3966 2867 4036 βιϐλίον
2920 3969 2948 4021 ὁ
2994 3967 3247 4039 οὐρανὸς,
3281 3967 3376 4020 καὶ
3408 3968 3595 4022 πάντα

2001 4057 2069 4110 τὰ
2115 4057 2294 4129 ἄστρα
2319 4060 2586 4120 πεσεῖται,
2625 4057 2702 4122 ὡς
2734 4057 2906 4128 φύλλα
2935 4057 2993 4125 ἐξ
3044 4058 3313 4128 ἀμπέλου,
3365 4058 3461 4112 καὶ
3512 4060 3602 4125 ὡς

2001 4150 2191 4203 πίπτει
2215 4149 2388 4221 φύλλα
2419 4149 2528 4204 ἀπὸ
2554 4151 2747 4222 συκῆς.
2792 4171 2811 4205 ι
2846 4151 2958 4205 Καὶ
3009 4152 3038 4203 ὁ
3073 4152 3264 4223 Σωτὴρ
3292 4152 3348 4205 δὲ
3389 4153 3447 4204 ὲν
3475 4155 3595 4221 toi;

2001 4242 2357 4312 Εὐαγγελίοις
2406 4243 2534 4316 περὶ
2572 4243 2674 4313 τῆς
2707 4243 3015 4307 συντελείας
3049 4243 3327 4315 παραδοὺς
3359 4244 3549 4313 ἔλεγεν
3571 4266 3589 4280 ο

2007 4353 2026 4385 ι
2052 4334 2161 4389 Καὶ
2189 4335 2238 4386 οἱ
2261 4333 2490 4405 ἀστέρες
2522 4331 2814 4387 πεσοῦνται
2841 4334 2905 4386 ἐκ
2949 4331 3042 4385 τοῦ
3078 4332 3333 4403 οὐρανοῦ,
3388 4334 3483 4386 καὶ
3528 4336 3591 4387 αἱ

1999 4424 2254 4494 δυνάμεις
2277 4422 2386 4476 τῶν
2408 4421 2653 4494 οὐρανῶν
2679 4421 3123 4493 σαλευθήσονται,
3149 4422 3242 4475 καὶ
3269 4422 3389 4475 τότε
3412 4426 3593 4496 φανὴ-

322 4547 343 4579 ι
385 4528 449 4582 Ει
465 4526 646 4582 omnis
668 4524 941 4581 exercitus
966 4534 1155 4575 eorum
1185 4516 1406 4579 detinet,
1427 4498 1567 4570 sicut
1595 4511 1780 4566 deﬂuit
1811 4510 1896 4595 fo-I

2005 4530 2154 4568 σεται
2185 4513 2247 4567 τὸ
2283 4516 2508 4584 σημεῖον
2527 4512 2621 4567 τοῦ
2651 4511 2783 4565 Υἱοῦ
2811 4511 2905 4566 τοῦ
2929 4510 3217 4585 ἀνθρώπου
3235 4510 3294 4564 ὲν
3318 4512 3398 4583 τῷ
3427 4513 3596 4585 οὐρα-

315 4621 450 4675 lium
477 4634 509 4674 a
537 4619 672 4683 vite,
703 4626 757 4671 et
786 4624 1044 4684 tanquam
1077 4610 1314 4679 id,quod
1351 4606 1620 4662 delabitur
1641 4620 1670 4657 a
1694 4601 1797 4657 licu
1824 4618 1840 4668 ;
1871 4619 1890 4653 ι

315 4715 613 4771 secundum
642 4708 1030 4779 Symmachum
1078 4713 1258 4757 autem
1285 4718 1364 4766 ,ιι
1411 4699 1477 4753 Ει
1502 4698 1680 4752 omnis
1719 4696 1893 4749 virtus

312 4805 433 4872 ejus
465 4803 642 4865 cadet,
675 4799 985 4857 sicutcadit
1018 4795 1206 4851 folium
1231 4810 1265 4848 ιι
1293 4794 1403 4849 vite
1425 4831 1446 4855 ο
1478 4800 1534 4845 et
1559 4799 1811 4858 tanquam
1836 4785 1891 4841 id

315 4897 461 4968 quod
484 4894 689 4952 decidit
722 4907 754 4947 a
786 4892 911 4947 licu.
953 4908 976 4944 ι
1014 4888 1139 4943 llaec
1162 4900 1325 4956 porro
1347 4882 1757 4940 observavimus
1786 4919 1802 4945 ,
1831 4886 1893 4932 ut

313 4986 728 5044 ostenderemus
784 4997 873 5050 ea,
902 4996 1023 5053 quae
1054 4997 1082 5036 a
1134 4978 1273 5036 LXX
1318 4974 1711 5046 lnterpretibus
1744 4981 1894 5027 astra

317 5083 595 5148 dicuntur,
624 5077 764 5149 apud
795 5075 1033 5144 reliquos
1078 5074 1406 5141 interpretes
1460 5070 1691 5123 virtutes
1723 5064 1891 5121 ecclo-

314 5188 438 5229 rum
469 5173 676 5229 vocari.
710 5170 845 5237 Quae
873 5168 1127 5231 virtutes,
1161 5166 1263 5219 nisi
1301 5163 1368 5217 de
1399 5162 1596 5232 quibus
1627 5158 1786 5213 modo
1809 5157 1892 5211 di-

312 5279 463 5321 ctum
495 5274 577 5322 est
600 5265 624 5319 ἲ
652 5263 746 5318 Hae
774 5262 939 5332 igitur
972 5261 1103 5330 ipsae
1128 5298 1144 5323 ,
1171 5258 1313 5313 sicut
1335 5255 1463 5311 folia
1491 5255 1558 5309 de
1585 5252 1717 5314 vite.
1743 5251 1893 5318 judi-

309 5358 385 5412 cii
428 5368 672 5426 tempore
696 5355 895 5410 cadere
922 5353 1202 5414 dicuntur,
1228 5363 1335 5419 quo
1367 5347 1566 5403 malum
1596 5344 1894 5417 plicabitur

313 5450 471 5517 quasi
510 5448 669 5504 liber.
700 5446 803 5502 llic
829 5460 959 5500 vero
989 5444 1287 5499 notandum
1312 5449 1424 5505 est,
1459 5454 1566 5494 non
1597 5435 1898 5506 corruptio-

314 5558 462 5608 nem,
492 5557 598 5595 non
622 5539 844 5594 exitium
870 5579 884 5603 ,
928 5551 1030 5591 non
1061 5533 1490 5591 destructionem
1514 5529 1777 5587 cmlorum
1807 5526 1892 5581 lti’s

385 5788 429 5820 ιι
458 5787 653 5859 Εριιοε.
692 5785 878 5854 νι,12.

1999 4605 2096 4678 νῷ.
2131 4624 2150 4657 ι
2182 4605 2241 4659 ὐ
2277 4606 2375 4677 μὲν
2419 4604 2672 4671 Ἀκύλας,
2704 4624 2722 4656 ι
2777 4605 2887 4657 Καὶ
2934 4606 3085 4657 πᾶσα
3129 4603 3360 4675 στρατιά
3404 4605 3592 4657 αὐτῶν

1996 4696 2349 4769 ἀπορῤεύσει,
2368 4696 2444 4760 ὡς
2470 4698 2704 4767 ἀπορρεῖ
2735 4695 2933 4765 φύλλον
2953 4694 3063 4748 ἀπὸ
3086 4694 3354 4766 ἀμπέλου,
3386 4686 3595 4760 ante;

1995 4791 2308 4860 ἁπόπτωμα
2359 4788 2466 4841 ἀπὸ
2524 4788 2727 4859 συκῆςε
2789 4807 2808 4837 ι
2843 4789 2983 4840 κατὰ
3026 4786 3083 4839 δὲ
3125 4786 3219 4840 τὸν
3266 4785 3591 4858 Σύμμαχον,

2001 4896 2020 4930 ι
2060 4879 2168 4932 Καὶ
2201 4879 2416 4949 πᾶσαή
2469 4877 2699 4948 δύναμις
2729 4877 2893 4931 αὐτοῦ
2943 4880 3209 4942 πεσεῖται,
3261 4876 3338 4941 ὡς
3390 4879 3593 4932 πίπτει

1997 4968 2193 5040 φύλλον
2225 4969 2335 5024 ἀπὸ
2357 4969 2622 5041 ἀμπέλου,
2657 4970 2751 5023 καὶ
2768 4969 2843 5033 ὡς
2870 4969 3182 5040 ἀπόπτωμα
3206 4969 3316 5022 ἀπὸ
3350 4971 3588 5040 συκῆς.)

1997 5063 2304 5136 Τετήρηται
2339 5062 2395 5115 δὲ
2431 5061 2602 5115 ταῦτα
2632 5062 2783 5132 ἡμῖν,
2817 5063 2898 5124 εἰς
2925 5061 2987 5113 τὸ
3007 5058 3196 5125 δεῖξαι,
3218 5061 3301 5114 ὃτι
3332 5062 3403 5114 τὰ
3434 5063 3594 5135 παρά
3630 5105 3641 5113 .

1995 5159 2108 5219 τοῖς
2135 5155 2535 5227 Ἐϐδομήκοντα
2566 5154 2829 5227 εἰρημένα
2857 5154 3033 5226 ἄστρα
3059 5153 3210 5225 παρὰ
3236 5156 3351 5217 τοῖς
3377 5153 3594 5218 λοιποῖς

2000 5250 2364 5319 ὲρμηνευταῖς
2404 5247 2673 5316 δυνάμεις
2730 5245 2826 5299 τοῦ
2883 5245 3114 5317 οὐρανοῦ
3163 5243 3592 5315 ὠνομάσθησαν.

2000 5339 2156 5393 Ποῖαι
2185 5338 2241 5391 δὲ
2270 5336 2603 5408 δυνάμεις,ἣ
2631 5337 2759 5408 περὶ
2787 5330 2863 5389 ὧν
2893 5336 3098 5408 ἀρτίως
3128 5335 3374 5404 ὲλέγετο;
3398 5336 3593 5390 Ταῦτα

1994 5416 2086 5482 οὖν
2114 5428 2255 5482 αὐτά
2296 5428 2372 5491 ὡς
2405 5426 2578 5497 φύλλα
2627 5425 2686 5490 ἐξ
2737 5424 2984 5497 ἀμπέλου
3032 5424 3319 5478 πεσεῖσθαι
3366 5424 3591 5497 εἴρηται

1994 5519 2134 5573 κατὰ
2171 5519 2263 5571 τὸν
2300 5518 2399 5589 τῆς
2433 5516 2667 5588 κρίσεως
2701 5516 2914 5587 καιρὸν,
2966 5515 3090 5570 καθ’
3132 5516 3191 5570 ὃν
3244 5514 3589 5586 εἰλιγήσετειι

977 5787 1042 5817 ⁸⁵⁸
1084 5781 1223 5837 l'sat.
1271 5794 1391 5844 vm,
1448 5778 1503 5830 9.
1584 5774 1629 5806 "
1679 5771 1866 5828 )latth.
1920 5783 2072 5836 utr,
2124 5765 2212 5821 ‘29.
