3862 6210
235 339 330 392 556

1008 365 1018 380 ι
1107 337 1618 394 COMMENTARIA
1659 335 1725 391 ΙΝ
1769 335 2023 392 ιεΑιΑΜ.
2063 367 2137 380 -—
2167 338 2320 394 CAP.
2364 339 2604 395 XXXIV.

3344 345 3491 399 33i-

237 458 433 528 οὐρανὸς
467 457 796 526 ὡς’βιϐλίον.’
834 459 1190 530 Ἐπιτηρῆσαι
1237 460 1294 512 δὲ
1328 460 1494 524 ἄξιον,
1548 460 1776 514 ἐνταῦθα

1885 456 2066 511 verbis
2095 456 2323 510 indicari
2353 475 2367 522 ;
2403 473 2589 510 verum
2615 498 2629 519 ,
2664 457 2802 511 sicut
2832 457 3045 512 cvoluto
3079 468 3134 514 et
3157 469 3345 528 aperto
3388 461 3448 514 li-

241 549 524 618 γενομένους
545 548 640 600 τοῦ
669 549 846 617 λόγου,
875 551 950 613 ὼς
983 552 1044 604 ού
1080 551 1304 621 φθορὰν,
1341 553 1460 606 οὐδὲ
1503 553 1776 607 ἀπώλειαν

240 640 317 693 καὶ
346 641 639 710 ἀφανισμὸν
683 640 900 694 ἔσεσθαι
935 643 1030 694 τοῦ
1057 643 1289 713 ούρανοῦ
1314 645 1568 715 σημαίνει
1612 647 1641 696 ὁ
1688 645 1777 698 λό-

238 749 346 799 γος·
378 732 580 797 ἀλλ’ὡς
623 733 689 787 ἂν
715 722 1089 807 είλισσομένης
1131 737 1311 806 βίϐλου
1351 737 1673 809 φανεροῦται
1712 738 1780 792 τὰ

236 827 283 876 ὲν
315 825 437 895 αὐτῇ
489 827 873 897 γεγραμμένα,
923 829 986 880 οὐ
1037 830 1144 899 μὴν
1175 829 1458 900 φθείρεται
1487 832 1523 900 ἡ
1561 830 1774 900 βίϐλος·

234 917 307 968 τὸν
335 917 481 970 αὐτὸν
504 918 705 990 τρόπον
735 919 1150 992 ἀνελιττομένης
1175 922 1275 991 τῆς
1294 921 1653 992 περιεχούσης
1677 921 1776 986 τὰς

233 1007 311 1060 τοῦ
340 1009 641 1079 σύμπαντος
694 1012 888 1075 αἰῶνος
925 1012 1135 1084 κρίσεις
1167 1014 1262 1066 καὶ
1305 1013 1530 1084 πράξεις
1565 1013 1770 1083 βίϐλου,

232 1101 277 1150 αἱ
304 1099 656 1170 ἀντικείμεναι
705 1101 962 1172 δυνάμεις
1011 1103 1343 1174 ἀπορρέουσι
1379 1104 1477 1174 τῆς
1519 1105 1657 1158 κατά
1681 1103 1773 1157 τὸν

231 1191 344 1260 ἀέρα
363 1191 659 1262 διατριϐῆς.
695 1193 829 1246 Τότε
851 1193 910 1246 δὲ
937 1196 992 1246 αί
1015 1195 1386 1265 ἀντικείμεναι
1410 1195 1686 1266 δυνάμεις,
1716 1197 1773 1249 αἱ

229 1281 372 1336 πάλαι
405 1282 556 1354 δίκην
573 1283 788 1354 ἄστρων
823 1285 1053 1349 πολλοὺς
1079 1286 1424 1357 ἁδικήσασαι,
1462 1286 1768 1339 πεσοῦνται·

1883 549 2003 612 bro,
2053 564 2173 618 quae
2219 549 2486 618 descripta
2522 559 2648 602 sunt
2698 549 2748 602 in
2801 560 3146 618 conspectum
3180 553 3444 617 veniunt,

1876 655 2051 708 neque
2083 639 2414 694 tamcnliber
2435 640 2764 705 destruitur;
2795 641 2980 695 eodem
3019 658 3240 711 prorsus
3263 644 3445 709 modo,

1874 733 2089 785 evoluta
2143 742 2200 786 et
2252 741 2437 800 aperto
2496 731 2622 795 illo,
2681 733 3081 789 totius‘saeculi
3130 734 3334 803 judicia
3393 747 3448 790 ct

1876 839 2040 890 opera
2095 826 2493 893 complectente
2517 865 2533 887 ,
2575 825 2711 877 lihro
2736 866 2751 890 ,
2784 825 3107 881 adversaria:
3151 837 3447 897 potestates

1878 917 1948 970 ab
1991 915 2078 969 illa
2106 916 2159 969 in
2217 931 2343 970 aere
2377 917 2798 971 commoratione
2830 916 3086 973 deﬁuent.
3138 919 3289 976 Tunc
3346 938 3444 975 au-

1878 1016 1986 1063 tem
2052 1009 2254 1062 eadem
2327 1008 2457 1078 ipsa:
2521 1007 2843 1062 adversaria:
2915 1017 3214 1077 potestates
3246 1051 3263 1075 ,
3327 1027 3445 1081 qu:e

1876 1100 2003 1154 olim
2051 1100 2328 1154 stellarum
2372 1101 2566 1164 instar,
2619 1101 2818 1155 multos
2851 1101 3122 1167 laeserant,
3152 1103 3443 1158 decident:

1877 1193 2308 1261 quandoquidem
2358 1202 2414 1246 et
2461 1192 2576 1261 ipse
2627 1192 2859 1247 Satanas
2912 1195 3340 1251 transformatus
3389 1197 3442 1249 in

1879 1283 2131 1355 angelum
2183 1285 2340 1351 lucis,
2381 1295 2634 1354 tanquam
2689 1284 2866 1354 fulgur
2911 1289 2978 1339 de
3023 1287 3162 1342 εωΙο
3222 1286 3444 1342 decidit.

229 1374 329 1426 ἐπεὶ
377 1375 464 1428 καὶ
507 1375 674 1438 αὐτὸς
715 1377 745 1427 ὁ
786 1377 1052 1441 Σατανᾶς,
1121 1377 1731 1449 μετασχηματιζόμενος
1762 1381 1842 1443 είς
1874 1379 2104 1448 ἄγγελον
2125 1377 2320 1447 φωτὸς,
2354 1377 2639 1430 πέπτωκεν
2655 1377 2738 1441 τὼς
2766 1377 3018 1449 ἀστραπὴ
3051 1380 3115 1432 ὲκ
3144 1378 3238 1432 τοῦ
3279 1381 3444 1451 ούρα-

229 1483 320 1521 W0.

288 1577 308 1609 ι
344 1559 639 1632 Ἔμεθύσθη
672 1562 706 1631 ὴ
735 1561 983 1632 μάχαιρά
1017 1578 1118 1631 μου
1169 1563 1226 1615 ὲν
1275 1562 1353 1633 τῷ
1393 1564 1632 1636 οὐρανῷ,
1675 1566 1768 1620 καὶ

1947 1556 2114 1614 Vsus.
2156 1555 2208 1612 5.
2247 1574 2269 1608 ι
2308 1554 2609 1610 Inebriatus
2640 1565 2720 1609 est
2751 1555 2964 1627 gladius
2996 1571 3148 1612 meus
3173 1556 3227 1612 in
3256 1558 3396 1614 caelo
3425 1599 3440 1621 .

225 1654 303 1707 ἐπὶ
323 1655 413 1725 τὴν
448 1655 752 1726 Ἰδουμαίαν
785 1657 1174 1728 καταϐήσεται,
1224 1661 1319 1712 καὶ
1366 1661 1457 1714 ἐπὶ
1505 1663 1596 1716 τὸν
1638 1663 1763 1718 λαὸν

1874 1660 1927 1704 et
1960 1650 2013 1704 in
2051 1648 2338 1703 ldumaeam
2378 1648 2689 1712 descendet,
2719 1658 2775 1701 et
2801 1648 2853 1702 in
2889 1647 3144 1718 populum
3177 1649 3440 1718 perditio-

224 1746 308 1814 τῆς
348 1746 618 1810 ἀπωλείας
657 1745 794 1817 μετά
842 1747 1095 1819 κρίσεως.
1136 1769 1154 1800 ι
1202 1751 1471 1822 Ἰδουμαία
1508 1754 1565 1807 δὲ
1595 1757 1766 1826 ἑρμη-

223 1836 405 1889 νεύεται
435 1838 475 1904 ἡ
511 1836 760 1906 γεώδους,
789 1837 874 1907 ἐφ’
898 1838 967 1908 ἣν
992 1841 1024 1909 ἡ
1054 1840 1294 1912 μάχαιρα
1323 1843 1608 1898 καταϐᾶσα
1631 1844 1766 1916 πλη-

223 1925 383 1995 ροῦται
411 1927 664 1998 αἵματος,
697 1928 794 1981 καὶ
827 1927 1018 2000 ὥσπερ
1062 1931 1170 1982 ἀπὸ
1205 1931 1429 1995 στέατος
1460 1933 1569 1986 τῶν
1599 1951 1767 1988 κατα-

221 2019 576 2089 σφαττομένων
603 2018 925 2089 παχύνεται.

256 2126 298 2157 -ι
335 2108 393 2162 Ἡ
445 2113 691 2182 μάχαιρα
739 2113 943 2184 Κυρίου
989 2107 1293 2188 ἐνεπλήσθη
1332 2118 1577 2189 αἵματος,
1627 2121 1764 2172 ἐπα-

218 2197 362 2268 χύνθη
385 2200 491 2252 ἀπὸ
515 2200 762 2264 στέατος,
797 2201 906 2254 ἀπὸ
934 2203 1166 2273 αἵματος
1184 2205 1404 2275 τράγων
1429 2207 1526 2260 καὶ
1552 2206 1761 2277 ἀμνῶν,

218 2289 293 2340 καὶ
319 2290 418 2345 ἀπὸ
462 2293 684 2356 στέατος
709 2294 926 2364 τράγων
948 2295 1046 2348 καὶ
1091 2295 1290 2366 κριῶν·
1342 2299 1425 2352 ὅτι
1481 2299 1642 2354 θυσία
1687 2300 1765 2371 τῷ

217 2381 380 2453 Κυρίῳ
426 2385 483 2436 ὲν
529 2384 724 2455 Βοσὸρ,
761 2387 853 2438 καὶ
902 2387 1084 2457 σφαγὴ
1142 2389 1350 2462 μεγάλη
1403 2392 1474 2443 ἐν·
1501 2395 1568 2463 τῇ
1604 2392 1764 2446 Ἰδου-

218 2473 352 2545 μαίᾳ.
386 2493 405 2526 ι
434 2476 595 2538 Τίνες
632 2476 690 2528 δέ
737 2479 874 2530 εἰσιν
906 2471 1051 2532 οὗτοι
1101 2479 1265 2550 ἀμνοὶ
1312 2482 1406 2534 καὶ
1443 2483 1634 2554 τράγοι
1669 2483 1764 2536 καὶ

215 2565 337 2635 κριοί
364 2583 521 2637 φησι·
574 2567 683 2620 τῶν
739 2569 838 2639 μὲν
880 2570 1088 2640 ἀμνῶν.
1131 2571 1339 2642 ἧκατὰ
1373 2575 1497 2638 τοὺς
1542 2574 1762 2638 λοιποὺς

212 2654 544 2726 ἑρμηνευτάς,
599 2661 800 2732 ἀρνῶν,
832 2663 1205 2733 σημαινόντων
1245 2666 1372 2729 τοὺς
1415 2667 1506 2720 τὸν
1529 2666 1757 2740 δημώδη

211 2749 291 2802 καὶ
311 2750 572 2806 ἰδιωτικὸν
602 2753 956 2824 μετελθόντας
986 2755 1098 2826 βίον
1117 2773 1130 2786 °
1171 2756 1281 2810 τῶν
1310 2757 1367 2810 δὲ
1413 2759 1630 2830 τράγων
1661 2762 1760 2814 καὶ

210 2842 355 2910 κριῶν
375 2845 499 2908 τοὺς
547 2845 721 2899 πολλὰ
757 2847 1149 2917 δεδυνημένους
1183 2849 1241 2902 ἐν
1265 2850 1460 2920 ἀρχαῖς
1490 2851 1584 2904 καὶ
1608 2849 1760 2916 ἐξου-

212 2933 351 2998 σίαις,
373 2935 466 2999 οὓς
504 2937 888 3007 μετελεύσεται
923 2941 956 3011 ὴ
1000 2939 1244 3012 μάχαιρα
1265 2940 1359 2993 τοῦ
1379 2940 1536 3005 Θεοῦ,
1571 2941 1760 3015 ὥσπερ

209 3023 373 3080 θυσίαν
401 3030 747 3103 ἐργαζομένη
785 3031 873 3085 διὰ
900 3031 992 3085 τοῦ
1018 3033 1418 3102 κατασφάττειν
1470 3035 1564 3088 καὶ
1609 3035 1758 3090 θύειν

207 3120 314 3183 τοὺς
344 3121 734 3193 προλεχθέντας
754 3125 964 3194 ἀμνούς
990 3126 1084 3179 καὶ
1112 3126 1348 3199 τράγους
1365 3129 1465 3181 καὶ
1491 3128 1696 3200 κριούς.

269 3253 286 3283 ι
321 3235 424 3288 Καὶ
456 3236 865 3308 συμπεσοῦνται
891 3239 942 3291 oi
986 3239 1138 3310 ἁδροὶ
1177 3241 1294 3310 μετ’
1341 3241 1540 3306 αὐτῶν,
1571 3244 1666 3295 καὶ
1713 3245 1763 3297 οἱ

206 3323 349 3393 κριοὶ,
379 3328 471 3380 καὶ
502 3329 552 3380 οἱ
578 3325 792 3399 ταῦροι,
826 3329 921 3381 καὶ
952 3327 1351 3400 μεθυσθήσεται
1378 3335 1412 3404 ή
1435 3333 1508 3403 γῆ
1537 3333 1646 3388 ἀπὸ
1668 3333 1762 3388 τοῦ

207 3411 426 3480 αἵματος,
453 3417 553 3470 καὶ
575 3417 684 3470 ἀπὸ
708 3416 800 3470 τοῦ
828 3417 1051 3481 στέατος
1065 3420 1243 3475 αύτῶν
1264 3422 1723 3495 ἐμπλησθήσεται.
1738 3444 1756 3478 ι

215 3499 269 3553 Ἡ
297 3501 460 3576 Βοσὸρ
491 3505 967 3576 μεταλαμϐάνεται
999 3508 1081 3570 είς
1105 3507 1202 3578 τὴν
1231 3510 1428 3581 σάρκα,
1461 3511 1556 3563 τοῦ
1601 3510 1760 3579 λόγου

206 3592 288 3662 τὴν
317 3595 611 3650 ἀνάστασιν
635 3596 737 3666 τῆς
783 3597 982 3669 σαρκὸς
1028 3600 1384 3670 σημαίνοντος
1427 3604 1485 3654 ὲν
1530 3603 1756 3667 τούτοις.

203 3685 282 3738 Διδ
318 3687 412 3759 τὴν
460 3688 574 3744 τῶν
620 3689 926 3760 εἰρημένων
968 3692 1183 3764 σφαγὴν
1231 3694 1288 3746 ἐν
1336 3695 1498 3766 σαρκὶ
1543 3695 1759 3750 ἔσεσθαι

203 3775 443 3832 διδάσκων
471 3779 678 3852 φησίν·
727 3800 744 3832 ι
784 3781 907 3834 ’Ότι
967 3782 1127 3836 θυσία
1180 3783 1258 3853 τῷ
1308 3784 1427 3856 Θεῷ
1474 3787 1530 3838 ὲν
1568 3784 1758 3858 Βοσὸρ,

208 3870 288 3923 καὶ
314 3874 489 3943 σφαγὴ
521 3873 732 3944 μεγάλη
763 3875 820 3926 ὲν
851 3877 918 3945 τῇ
960 3874 1284 3946 Ἰδουμαίῳ»
1319 3878 1500 3930 πᾶσαν
1535 3876 1642 3947 γὰρ
1662 3879 1759 3950 τὴν

205 3961 356 4034 γεώδη
392 3964 575 4036 ψυχὴν
633 3965 1032 4035 μετελεύσεται.
1095 3966 1274 4036 Ἐδὼμ
1306 3967 1416 4039 γάρ
1475 3971 1504 4022 ό
1571 3971 1760 4040 γήϊνος

207 4050 543 4130 ζρμηνεύεται
568 4073 582 4085 ·
644 4057 719 4121 ὡς
765 4057 858 4110 καὶ
919 4057 1153 4128 ἀλλαχοῦ
1223 4059 1288 4130 δὴ
1333 4060 1361 4111 ὁ
1397 4061 1559 4124 αὐτὸς
1604 4059 1759 4127 οὗτος

204 4147 462 4217 προφήτης
540 4145 670 4218 ἑξῆς
732 4147 938 4218 προῖὼν
1007 4151 1136 4220 περὶ
1201 4151 1294 4204 τοῦ
1343 4152 1594 4224 Σωτῆρος
1665 4157 1758 4208 καὶ

201 4237 284 4304 τῆς
317 4237 407 4292 ὑπ’
457 4239 628 4294 αὐτοῦ
672 4242 1046 4312 γενησομένης
1101 4243 1336 4313 κρίσεώς
1377 4261 1572 4315 φησιν·
1613 4265 1631 4296 ι
1660 4247 1757 4311 Τίς

200 4317 335 4391 οὗτος
375 4331 404 4383 ό
465 4331 911 4402 παραγενόμενος
955 4332 1016 4396 ἐξ
1079 4332 1276 4403 Ἐδὼμ,
1337 4319 1590 4406 ἐρύθημα
1631 4337 1756 4407 ἱμα-

1875 1746 1959 1798 nis
1997 1759 2120 1799 cum
2167 1741 2394 1811 judicio.
2434 1759 2453 1793 ι
2492 1739 2721 1795 ldumaea
2763 1742 3070 1811 signiﬁcat,
3099 1750 3308 1802 terrena
3333 1761 3352 1797 :
3385 1745 3438 1798 in

1871 1851 2033 1906 quam
2073 1834 2407 1889 descendens
2429 1833 2637 1901 gladius
2669 1835 2933 1904 sanguine
2957 1835 3216 1904 repletur,
3237 1845 3441 1906 etqua-

1871 1930 1915 1984 si
1935 1928 2100 1998 adipe
2123 1926 2428 1984 occisorum
2463 1927 2842 1995 impinguatur.

1941 2109 2106 2165 Vens.
2135 2108 2188 2164 6.
2217 2127 2240 2159 ‹
2271 2107 2504 2164 Gladius
2537 2107 2744 2162 Domini
2777 2107 3025 2177 impletus
3045 2118 3128 2164 est
3153 2109 3436 2184 sanguine,

1871 2204 2235 2274 impinguatus
2258 2209 2344 2257 est
2365 2201 2555 2270 adipe,
2587 2200 2852 2270 sanguine
2890 2201 3169 2256 hircorum
3190 2211 3245 2255 et
3268 2216 3440 2271 agno-

1870 2310 2015 2360 rum,
2039 2295 2204 2364 adipe
2234 2294 2510 2349 hircorum
2550 2293 2857 2347 etarietum
2883 2311 2902 2346 ι
2938 2293 3065 2363 quia
3105 2293 3436 2348 sacriﬁcium

1871 2387 2101 2444 Domino
2145 2387 2199 2440 in
2275 2385 2464 2450 Bosor,
2523 2393 2578 2438 et
2632 2384 2889 2439 mactatio
2943 2399 3136 2455 magna
3189 2384 3244 2437 in
3313 2383 3438 2438 ldu-

1869 2496 2026 2536 maca.
2076 2499 2098 2533 ι
2133 2477 2360 2546 Quinam
2393 2485 2521 2533 sunt
2547 2475 2620 2530 illi
2652 2477 2810 2546 agni,
2849 2476 2983 2531 hirci
3015 2485 3069 2531 et
3103 2475 3323 2540 arietes,
3355 2477 3440 2528 di-

1870 2574 1944 2629 cit
1975 2591 1988 2626 :
2021 2586 2282 2642 agnorum
2311 2569 2530 2624 nomine
2555 2608 2570 2633 ,
2601 2566 2716 2621 sive
2743 2568 3037 2622 secundum
3087 2567 3324 2636 reliquos
3355 2567 3436 2620 in-

1870 2672 2135 2732 terpretes
2160 2702 2175 2727 ,
2205 2660 2407 2732 ἀρνῶν,
2443 2658 2818 2730 signiﬁcantur
2865 2657 2955 2727 qui
3015 2658 3325 2727 popularem
3381 2668 3439 2711 et

1869 2756 2134 2824 privatam
2163 2753 2330 2808 vitam
2359 2761 2564 2823 agunt;
2606 2749 2744 2804 hirci
2776 2763 2904 2804 vero
2934 2758 2985 2804 et
3015 2752 3213 2804 arietes
3251 2749 3311 2812 ii,
3342 2749 3436 2820 qui

1869 2845 2036 2901 multa
2065 2855 2294 2916 possunt
2320 2843 2550 2912 imperio
2579 2851 2634 2896 et
2664 2851 2930 2912 potestate
2951 2883 2970 2907 ,
3002 2855 3140 2910 quos
3173 2840 3269 2896 Dei
3315 2841 3434 2916 gla--

1872 2939 1992 2996 dius
2017 2938 2256 3002 invadet,
2282 2937 2374 3006 qui
2408 2934 2563 3004 quasi
2595 2932 2924 2988 sacriﬁcium
2956 2933 3138 2998 faciet,
3171 2915 3438 2989 memora..-

1869 3039 1954 3085 tos
2006 3043 2212 3100 agnos,
2263 3028 2445 3082 hircos
2499 3035 2552 3082 et
2594 3025 2794 3082 arietes
2845 3025 3129 3080 mactando
3156 3034 3212 3080 et
3240 3025 3436 3082 immo-

1864 3121 2050 3176 laudo.

1936 3231 2102 3288 Vens.
2134 3233 2187 3284 7.
2229 3251 2249 3284 ι
2286 3231 2354 3286 Et
2385 3230 2676 3286 concident
2705 3229 2914 3284 robusti
2941 3244 3063 3284 cum
3096 3229 3198 3293 eis,
3223 3238 3279 3291 et
3303 3229 3440 3285 arie-

1867 3333 1949 3381 tes
1971 3335 2026 3381 et
2048 3325 2189 3380 tauri
2218 3339 2234 3378 :
2266 3335 2320 3378 et
2344 3323 2704 3380 inebriabitur
2735 3331 2877 3376 terra
2904 3337 2932 3376 a
2967 3323 3248 3392 sanguine,
3299 3329 3354 3377 et
3405 3339 3436 3376 a

1867 3417 2196 3487 pinguedine
2246 3429 2438 3470 eorum
2491 3410 2825 3476 implebitur.
2857 3430 2876 3462 ι
2908 3411 3079 3466 Bosor
3115 3426 3336 3467 carnem
3363 3413 3438 3466 si-

1864 3509 2092 3580 gniﬁcat
2131 3530 2142 3563 :
2179 3517 2344 3577 atque
2389 3506 2475 3562 his
2522 3507 2703 3562 carnis
2734 3510 3068 3562 resurrectio
3099 3504 3432 3560 declaratur.

1865 3599 2206 3670 Quapropter
2241 3597 2546 3665 huiusmodi
2586 3596 2972 3652 mactationem
3003 3595 3057 3650 in
3089 3609 3255 3650 carne
3288 3592 3438 3648 futu-

1864 3708 1978 3746 ram
2020 3707 2144 3747 esse
2174 3693 2374 3747 docens
2413 3692 2532 3746 ait:
2566 3711 2584 3744 ι
2625 3692 2897 3759 Quoniam
2941 3688 3272 3744 sacriﬁcium
3323 3687 3436 3741 Deo

1862 3785 1916 3840 in
1946 3783 2134 3851 Bosor,
2167 3792 2223 3839 et
2253 3784 2508 3839 mactatio
2534 3797 2730 3852 magna
2763 3782 2816 3836 in
2841 3781 3074 3836 ldumaza
3106 3795 3121 3833 :
3158 3799 3178 3832 ι
3215 3792 3433 3834 omnem

1861 3876 2059 3945 quippe
2091 3884 2402 3930 terrestrem
2431 3875 2666 3929 animam
2696 3872 3126 3928 invadet.Edom
3157 3871 3300 3927 enim
3326 3880 3436 3926 ter-

1861 3984 2053 4024 renum
2083 3967 2385 4039 signiﬁcat,
2427 3968 2878 4036 quemadmodum
2903 3965 3028 4020 alibi
3058 3964 3145 4019 hic
3171 3965 3434 4033 propheta

1861 4062 1916 4116 in
1946 4061 2299 4132 sequentibus
2330 4061 2397 4116 de
2439 4061 2728 4116 Salvatore
2776 4062 2952 4132 deque
2999 4059 3182 4114 futuro
3227 4057 3435 4127 judicic

1861 4152 1977 4222 ejus
2016 4151 2243 4221 loquens
2266 4150 2384 4205 ait:
2426 4169 2446 4201 ι
2483 4150 2615 4217 Quis
2642 4151 2732 4204 hic
2774 4151 2864 4219 qui
2911 4149 3059 4204 venit
3105 4149 3171 4204 de
3214 4147 3430 4213 Edom,

1861 4244 2028 4298 rubor
2076 4242 2523 4297 vestimentorum
2576 4243 2644 4295 de
2693 4241 2865 4297 Bosor
2915 4242 2962 4273 "’
3001 4241 3025 4294 ἲ
3076 4259 3095 4292 ι
3143 4238 3428 4295 Carnaletn

1859 4335 2057 4404 quippe
2083 4334 2374 4389 adventum
2402 4347 2558 4387 suum
2589 4332 2641 4386 in
2682 4341 2882 4387 terram
2922 4332 3028 4388 hoc
3057 4332 3218 4386 modo
3245 4329 3428 4385 decla-

200 4415 313 4470 τίων
356 4421 418 4474 ὲκ
465 4422 676 4492 Βοσόρ;
709 4441 729 4473 ι
755 4422 869 4493 Τὴν
901 4423 1011 4494 γὰρ
1053 4423 1315 4496 ένσαρκον
1347 4425 1512 4478 αὑτοῦ
1553 4445 1757 4499 παρου-

1874 4427 2023 4481 ravit.
2050 4426 2300 4480 Arbitror
2329 4435 2509 4480 autem
2557 4424 2822 4494 Spiritum
2859 4424 3100 4478 divinum
3132 4421 3430 4476 commina-

203 4508 308 4561 σίαν
329 4513 417 4566 ἐπὶ
443 4517 545 4584 τῆς
593 4515 696 4584 γῆς
720 4515 1018 4586 γενομένην
1064 4515 1252 4569 τοῦτον
1281 4516 1466 4589 ἐδήλου
1500 4518 1592 4572 τὸν
1629 4521 1754 4590 τρό-

202 4613 309 4654 πον.
335 4598 500 4674 ειῖμαι
531 4603 591 4657 δὲ
617 4605 678 4657 τὸ
713 4605 854 4658 θεῖον
881 4605 1108 4676 Πνεῦμα
1138 4606 1416 4673 τοιαύταις
1446 4611 1753 4680 χρήσασθαι

200 4687 382 4756 λέξεσιν
416 4695 801 4766 ἀπειλητικαῖς
843 4697 923 4760 είς
975 4698 1036 4750 τὸ
1075 4700 1421 4771 παραστῆσαι
1467 4703 1566 4773 τὴν
1615 4702 1755 4756 κατὰ

198 4780 290 4833 τῶν
313 4784 522 4838 ἀσεϐῶν
548 4786 643 4840 τοῦ
672 4787 809 4840 Θεοῦ
840 4788 1144 4860 ἐκδίκησιν,
1173 4791 1266 4844 καὶ
1305 4793 1386 4854 είς
1437 4792 1500 4846 τὸ
1528 4793 1754 4864 σοϐῆσαι

197 4874 304 4937 τοὺς
330 4876 534 4931 τούτοιν
577 4879 956 4950 ἀκροωμένους
992 4883 1058 4952 τῇ
1098 4882 1313 4952 συνήθει
1347 4884 1441 4936 καὶ
1471 4886 1753 4958 παχυτέρα

197 4963 335 5037 ἀκοῇ,
360 4969 438 5040 τῷ
469 4970 546 5041 μὴ
584 4970 842 5027 δύνασθαι
880 4974 1007 5037 τοὺς
1032 4974 1235 5039 πάντας
1265 4974 1440 5040 ἄλλως
1479 4981 1616 5030 νοεῖν
1655 4979 1753 5042 τάς

196 5056 626 5132 ἐπαχθησομένας
653 5067 764 5127 τοῖς
793 5065 1012 5118 ἀσεϐέσι
1035 5067 1324 5137 τιμωρίας,
1355 5067 1488 5139 μηδὲ
1512 5071 1600 5122 τὸν
1633 5071 1754 5141 τρό-

196 5161 282 5199 πον
302 5150 394 5221 τῆς
409 5153 686 5217 κολάσεως
710 5157 993 5226 ἐπινοῆσαι
1013 5156 1294 5211 δύνασθαι.
1323 5159 1411 5212 Διὸ
1429 5162 1755 5232 παχυτέροις

1861 4516 2016 4570 toriis
2058 4515 2208 4570 hisce
2235 4514 2458 4569 vocibus
2485 4514 2584 4577 uti,
2619 4521 2679 4566 ut
2720 4513 2924 4567 indicet
2967 4512 3282 4576 ultionem,a
3314 4509 3426 4564 Deo

1861 4611 1928 4665 de
1957 4609 2139 4677 impiis
2167 4607 2481 4662 sumendam
2509 4625 2524 4673 ;
2552 4617 2716 4678 utque
2741 4623 2808 4662 ex
2853 4603 3225 4676 frequentiore
3249 4612 3303 4658 et
3333 4619 3433 4658 saa-

1859 4700 1982 4772 pius
2009 4701 2237 4768 repetita
2264 4714 2398 4755 voce
2439 4701 2712 4754 auditores
2738 4701 3145 4763 deterreantur,
3196 4710 3294 4750 nec
3338 4710 3432 4748 va-

1863 4791 1974 4846 leat
2021 4792 2291 4860 quispiam
2336 4791 2606 4862 supplicia
2638 4791 2819 4859 impiis
2845 4788 3128 4844 inferenda
3156 4787 3314 4841 aliter
3345 4785 3432 4840 in-

1859 4883 2106 4952 telligere
2130 4925 2146 4948 ,
2170 4897 2346 4953 neque
2379 4893 2557 4937 tamen
2585 4881 2830 4951 supplicii
2868 4881 3084 4936 modum
3117 4880 3430 4948 excogitare

1861 4975 2052 5044 possit.
2084 4975 2448 5043 Quamobrem
2480 4977 2683 5031 rudiori
2725 4990 2978 5030 sermone
3002 5015 3018 5039 ,
3056 4982 3112 5026 et
3155 4971 3426 5040 vulgario-

1862 5070 2015 5124 rihus
2045 5070 2227 5124 verbis
2258 5079 2524 5124 terrorem
2573 5067 2970 5124 incutientibus
2998 5065 3169 5117 utitur
3193 5103 3210 5128 ,
3243 5070 3302 5115 ut
3336 5061 3428 5130 qui

1865 5164 1982 5219 hare
2009 5165 2256 5228 audiunt,
2291 5164 2564 5233 perterriti
2600 5169 3006 5217 convertantur.

198 5239 382 5332 ῥήμασι
429 5247 525 5298 καὶ
573 5248 990 5319 συνηθεστέραις
1035 5251 1214 5318 λέξεσι
1261 5253 1426 5322 φόϐου
1453 5262 1761 5322 ποιητικαῖς
1799 5260 2081 5332 κέχρηται,
2143 5261 2229 5313 ἵνα
2266 5259 2370 5312 κᾶν
2408 5257 2550 5311 οὕτω
2589 5257 2914 5326 φοϐηθέντες
2950 5251 3349 5322 ἐπιστρέψωσιν
3377 5250 3428 5302 el

194 5329 377 5387 τούτων
399 5337 708 5402 ἀκούοντες.

260 5464 275 5494 ι
321 5449 537 5523 Ἡμέρα
560 5455 664 5526 γάρ
690 5457 923 5528 κρίσεως
965 5459 1191 5531 Κυρίου,
1217 5463 1311 5516 καὶ
1355 5463 1597 5527 ἐνιαυτὸς
1625 5465 1749 5517 ἀντ-

197 5539 479 5607 αποδόσεως
505 5546 738 5616 κρίσεως
780 5550 939 5605 Σιών.
967 5571 983 5602 ι
1014 5553 1124 5608 Καὶ
1160 5554 1218 5606 ἐν
1258 5557 1370 5618 τοῖς
1394 5555 1651 5626 ἀνωτέρω
1691 5557 1746 5610 δὲ

257 5763 295 5791 ⁸⁷
320 5765 428 5832 ,lsa.
469 5783 622 5834 um,
665 5771 713 5824 l.

1931 5465 2094 5522 Vens.
2129 5467 2181 5522 8.
2241 5485 2260 5518 ι
2302 5465 2428 5522 Dies
2454 5466 2596 5522 enim
2627 5463 2816 5532 iudicii
2868 5462 3124 5525 Domini,
3174 5469 3229 5515 et
3254 5475 3429 5514 annus

1858 5559 2236 5617 retributionis
2264 5559 2456 5630 judicii
2502 5558 2654 5614 Sion.
2696 5576 2715 5610 ι
2767 5555 3028 5628 Superius
3057 5557 3182 5611 item
3215 5554 3429 5609 dicebar
