3862 6210
329 362 438 418 335
1000 352 1267 411 EUSEBII
1303 351 1780 410 CESARIENSIS
1819 351 1968 409 OPP.
2004 351 2185 409 PARS
2223 351 2309 406 Ill.
2347 384 2414 394 —
2450 351 2864 408 EXEGETICA.
3461 351 3574 408 536

332 486 440 536 tur,
483 489 504 524 ι
543 468 792 525 Mulieres
817 465 1029 535 divites,
1067 465 1361 536 exsurgite,
1405 463 1512 520 diei
1540 465 1663 519 anni
1697 478 1898 520 memo-

2039 463 2215 533 λέγετο
2231 465 2310 530 τὸ,
2335 482 2354 516 ι
2379 465 2638 528 Γυναῖκες
2657 464 2926 529 πλούσιαι,
2949 463 3240 533 ἀνάστητε,
3254 462 3466 534 ήμέρας
3479 467 3582 520 ἐνι-

333 567 470 622 riam
505 562 666 617 facile
705 561 758 615 in
788 559 974 615 dolore
1003 573 1126 613 cum
1161 572 1278 628 spe.
1320 578 1339 612 ι
1369 557 1502 625 Quis
1548 557 1622 612 sit
1665 556 1755 614 ille
1803 571 1898 610 an-

2039 556 2162 612 υτοῦ
2181 558 2367 630 μνείαν
2389 556 2686 630 ποιήσασθε
2702 557 2759 610 ἐν
2773 556 2933 628 ὀδύνῃ
2959 556 3074 627 μετ’
3094 554 3325 618 ἐλπίδος.
3341 555 3463 619 »Τίς
3484 553 3581 610 οὖν

331 669 434 710 nus
456 695 474 721 ,
521 667 630 722 quo
663 667 786 704 cum
841 649 1024 705 dolore
1052 647 1328 720 planctum
1355 651 1520 704 edere
1557 647 1750 717 jubet,
1782 647 1901 703 haec

2039 663 2065 698 ν
2077 636 2232 709 οὗτος
2245 647 2274 698 ὁ
2291 645 2555 709 ἐνιαυτὸς,
2578 645 2661 714 ἐφ’
2675 637 2721 712 ᾧ
2735 643 3031 698 κόπτεσθαι
3055 642 3171 714 μετ’
3188 642 3380 714 ὀδύνης
3405 661 3578 715 προσυ

331 745 612 816 prophetia
639 742 880 796 declarat
906 741 994 798 bis
1021 741 1220 802 verbis,
1258 759 1277 792 ι
1320 739 1529 795 Vocare
1567 754 1769 794 annum
1797 740 1901 795 Do-

2039 733 2202 799 άττει,
2235 735 2268 804 ἡ
2307 732 2555 804 παροῦσα
2587 733 2892 805 προφητεία
2927 732 3222 803 παρίστησι
3250 730 3484 800 λέγουσα
3511 734 3583 786 τά

332 836 464 890 mini
497 833 884 902 acceptabilem
916 871 932 898 ,
961 840 1018 887 et
1047 832 1188 886 diem
1221 831 1594 886 retributionis
1645 831 1754 884 Deo
1806 845 1902 885 no-

2039 825 2349 897 ’ροκείμενω
2364 845 2381 876 ι
2393 824 2634 878 Καλέσαι
2645 823 2885 878 ἐνιαυτὸν
2898 824 2979 876 Κυ
2988 823 3100 894 ρίου
3111 822 3318 889 δεκτδν,
3333 824 3428 876 καὶ
3442 825 3476 892 ἡ
3484 824 3586 894 μέ-

331 936 449 982 stro
475 966 491 991 ,
546 925 816 981 consolari
869 938 1058 978 omnes
1106 923 1350 994 lugentes
1377 962 1394 988 ,
1430 923 1560 976 dare
1592 921 1903 990 lugentibus

2039 934 2100 970 av
2115 915 2516 980 ἀνταποδόσεως
2535 915 2614 987 τῷ
2629 914 2747 986 Θεῷ
2763 914 2938 986 ἡμῶν,
2966 914 3344 986 παρακαλέσαι
3371 914 3586 978 πάντας

331 1018 464 1074 Sion
492 1016 737 1088 gloriam.
778 1033 798 1066 ι
834 1012 1021 1069 Viden’
1053 1029 1161 1082 quo
1193 1027 1355 1068 sensu
1388 1013 1478 1068 hic
1505 1012 1779 1077 dicatnr,«
1809 1028 1904 1067 an-

2039 1011 2125 1074 οὺς
2154 1009 2503 1073 πενθοῦντας,
2529 1007 2746 1078 δοθῆναι
2774 1010 2886 1069 τοῖς
2921 1005 3176 1060 πενθοῦσι
3204 1004 3343 1060 Σιὼν
3361 1006 3573 1071 δόξαν.»

332 1124 436 1164 nus
476 1107 688 1163 Domini
718 1146 732 1171 ,
761 1113 819 1160 et
842 1105 957 1160 dies
985 1104 1406 1170 retributionis;
1443 1122 1462 1158 ι
1513 1105 1586 1158 ita
1635 1113 1694 1158 ut
1726 1105 1902 1159 simile

2039 1100 2175 1172 Ορᾷς
2192 1101 2338 1162 ὅπως
2354 1101 2411 1152 ἐν
2423 1098 2632 1161 τούτοις
2652 1117 2670 1149 ι
2693 1096 2936 1160 ἐνιαυτὸς
2950 1096 3154 1168 Κυρίου
3167 1115 3186 1147 ι
3206 1097 3440 1169 εἴρηται,
3460 1115 3477 1146 ι
3490 1097 3586 1148 καὶ

332 1202 409 1256 sit
433 1199 564 1254 illud
589 1199 692 1254 hoc
721 1197 870 1252 dicto
890 1240 904 1264 ,
941 1215 960 1248 ι
997 1195 1123 1251 Dies
1149 1196 1295 1250 enim
1320 1194 1514 1265 judicii
1549 1195 1700 1252 Sion.
1743 1215 1761 1248 ι
1791 1194 1902 1249 lta-

2043 1193 2112 1265 μέ
2118 1211 2185 1265 ρα
2200 1191 2462 1246 ἀνταποδό
2470 1208 2622 1254 σεως,
2643 1210 2662 1242 ι
2677 1189 2752 1253 ὡς
2763 1191 2945 1260 ὅμοιον
2960 1188 3201 1260 τυγχάνῃ
3215 1188 3312 1260 τῷ,
3331 1208 3350 1241 ι
3371 1188 3585 1259 Ἡμέρα

335 1303 444 1358 que
476 1287 620 1343 idem
649 1287 764 1358 ipse
794 1301 991 1352 annus,
1019 1286 1207 1340 eadem
1238 1285 1351 1352 ipsa
1372 1285 1490 1340 dies
1517 1296 1621 1352 est,
1647 1302 1750 1355 qua
1779 1303 1908 1356 patt-.

2041 1285 2110 1356 ἀρ
2133 1285 2364 1356 κρίσεως
2393 1283 2550 1337 Σιών.
2574 1303 2592 1334 ι
2626 1281 2833 1337 Ούκοῦν
2864 1276 2945 1346 εἷς
2973 1283 3068 1335 καὶ
3097 1282 3126 1334 ὁ
3149 1281 3310 1345 αὐτὸς
3336 1279 3584 1344 ἐνιαυτὸς

335 1391 497 1448 peres
527 1377 991 1446 evangelizantur,
1023 1375 1274 1442 lugentes
1319 1374 1448 1429 Sion
1480 1376 1902 1431 consolationem

2039 1377 2281 1449 υγχάνει,
2315 1376 2408 1430 καὶ
2460 1375 2558 1447 μία
2604 1375 2700 1428 καὶ
2749 1376 2783 1445 ή
2829 1373 2966 1444 αὐτὴ
2998 1373 3202 1445 ἡμέρα,
3234 1372 3360 1427 καθ’
3407 1372 3475 1443 ἢν
3527 1371 3583 1425 οἱ

334 1469 609 1536 accipiunt
634 1468 688 1520 in
719 1465 920 1522 Christi
954 1466 1186 1520 adventu
1217 1505 1232 1528 ,
1284 1465 1537 1518 mulieres
1581 1464 1684 1520 illa:
1711 1466 1906 1521 divites

2039 1470 2210 1542 ιτωχοὶ
2242 1465 2701 1538 εὐαγγελίζονται,
2749 1465 2802 1518 οἵ
2847 1481 2906 1517 τε
2953 1463 3276 1528 πενθοῦντες
3308 1463 3408 1533 τὴν
3442 1461 3585 1515 Σιὼν

332 1562 401 1614 ad
433 1558 710 1630 planctum
736 1567 1058 1624 evocantur,
1091 1567 1147 1612 et
1175 1571 1294 1626 quae
1322 1557 1423 1610 hoc
1455 1557 1507 1610 in
1537 1559 1654 1612 loco
1683 1558 1750 1611 de
1775 1555 1904 1611 Sion

2039 1560 2448 1636 παρακαλοῦνται
2478 1559 2570 1611 ἐπὶ
2601 1560 2667 1630 τῇ
2696 1557 2932 1629 Χριστοῦ
2962 1555 3256 1628 παρουσίᾳ,
3281 1555 3374 1608 καὶ
3402 1555 3459 1606 αἱ
3488 1553 3580 1605 λε-

334 1652 717 1714 enuntiantur,
756 1650 938 1703 futura
971 1659 1116 1704 sunt.
1147 1645 1274 1701 Hace
1303 1661 1466 1715 porro
1487 1648 1668 1700 omnia
1703 1648 1755 1701 in
1786 1647 1907 1701 Sal-

2039 1657 2233 1728 ’όμεναι
2283 1652 2536 1707 πλούσιαι
2564 1651 2821 1720 γυναῖκες
2843 1649 2935 1701 ἐπὶ
2961 1647 3052 1701 τὸν
3080 1645 3307 1700 κοπετὸν
3357 1642 3586 1698 καλοῦν-

333 1743 541 1798 vatoris
585 1742 756 1798 nostri
803 1740 931 1796 Jesu
979 1738 1180 1794 Christi
1229 1740 1458 1794 adventu
1522 1739 1904 1808 implebantur,

2041 1767 2117 1814 αι,
2141 1748 2234 1801 καὶ
2262 1745 2329 1800 τὰ
2363 1744 2630 1813 λεγόμενα
2661 1742 2748 1796 διὰ
2769 1741 2877 1795 τῶν
2929 1739 3306 1811 προκειμένων
3338 1741 3404 1808 τῇ
3445 1736 3587 1791 Σιὼν

336 1836 553 1906 quando
580 1834 616 1888 ii
652 1835 742 1904 qui
776 1833 827 1886 in
861 1834 1036 1901 ipsum
1063 1831 1430 1896 crediderant,
1458 1841 1510 1885 et
1538 1833 1767 1901 gratiam
1790 1833 1907 1903 ejus

2039 1839 2326 1894 ιποὸαίνειν
2387 1835 2608 1908 ἤμελλε.
2649 1832 2832 1887 Ταῦτα
2878 1831 2948 1884 δὲ
2987 1831 3165 1885 πάντα
3221 1829 3314 1883 ἐπὶ
3345 1831 3444 1900 τῆς
3488 1825 3587 1880 τοῦ

336 1936 716 1997 susceperant,
743 1925 965 1994 optimis
1003 1923 1108 1978 illis
1137 1921 1619 1992 pollicitationibus
1647 1924 1907 1980 frueban-

2039 1928 2433 2002 ὗωτῆροςήμῶν
2461 1924 2635 1999 Ἰησοῦ
2668 1921 2904 1996 Χριστοῦ
2924 1921 3229 1993 παρουσίας
3260 1917 3588 1991 ἐπληροῦτο,

339 2032 429 2078 tur
458 2041 472 2076 :
506 2021 597 2090 qui
626 2035 753 2074 vero
783 2033 903 2072 sese
928 2033 958 2070 a
1001 2017 1174 2087 gratia
1215 2014 1333 2083 ejus
1384 2025 1865 2085 sequestraverant
1889 2058 1903 2083 ,

2039 2023 2132 2078 ιαθ’
2157 2024 2223 2094 ἣν
2249 2024 2296 2075 οἱ
2333 2022 2429 2092 μὲν
2473 2021 2552 2084 εἰς
2592 2018 2753 2071 αὐτὸν
2781 2013 3225 2077 πεπιστευκότες,
3253 2015 3348 2066 καὶ
3372 2011 3470 2082 τὴν
3491 2009 3591 2080 χά-

337 2117 406 2170 ab
433 2115 580 2170 omni
611 2127 708 2182 spe
736 2111 875 2166 bona
904 2109 1037 2178 lapsi
1067 2147 1082 2172 ,
1119 2109 1424 2164 tristiorum
1455 2109 1908 2166 comminationes

2039 2131 2100 2168 διν
2130 2114 2228 2186 τὴν
2253 2114 2318 2167 δι’
2341 2113 2504 2167 αὑτοῦ
2551 2107 3034 2180 παραδεδεγμένοι,
3067 2105 3174 2159 τῶν
3205 2103 3591 2176 χρηστοτέρων

335 2207 639 2264 subierunt.
691 2205 757 2261 Et
801 2219 932 2260 sane
981 2204 1097 2273 ipsa
1125 2216 1312 2258 eorum
1340 2203 1630 2278 conspicua
1661 2212 1716 2257 et
1761 2204 1907 2273 regia

2039 2206 2358 2277 ,nayyslu'bv
2389 2204 2666 2276 ἀπήλαυον
2689 2217 2703 2231 °
2733 2201 2782 2254 oi.
2803 2199 2861 2253 δὲ
2889 2197 3201 2270 ἀλλοτρίους
3225 2195 3451 2258 ἑαυτοὺς
3483 2210 3590 2248 κα-

333 2300 546 2368 civitas,
579 2314 642 2355 ea
675 2298 789 2368 ipsa
813 2295 1035 2368 pertulit
1061 2335 1074 2361 ,
1099 2308 1220 2365 qua:
1239 2306 1484 2364 praesens
1505 2292 1786 2364 prophetia
1817 2307 1908 2347 va.

2039 2301 2384 2370 :aa'c'ljaav-ts;
2421 2297 2520 2368 τῆς
2576 2291 2740 2348 αὐτοῦ
2787 2291 3030 2362 χάριτος,
3061 2288 3240 2358 πάσης
3260 2285 3469 2358 ἀγαθῆς
3502 2285 3560 2338 ἐμ

334 2394 617 2448 ticinatur.
2013 2389 2166 2452 πίδος
2203 2385 2593 2448 ἀποπεσόντες,
2621 2385 2742 2446 ταῖς
2769 2380 2880 2434 τῶν
2918 2376 3384 2450 σκυθρωποτέρων
3426 2376 3592 2428 ἀπιε-

335 2489 457 2554 λατς
495 2484 977 2542 ὑποπεπτώκασιν.
1017 2467 1128 2535 Καὶ
1173 2480 1308 2552 αύτὴ
1343 2479 1399 2533 δὲ
1428 2480 1608 2534 αὐτῶν
1630 2482 1664 2552 ή
1691 2482 1862 2556 σεμνὴ
1888 2483 1994 2562 καὶὶ
2021 2483 2273 2555 βασιλικὴ
2301 2481 2456 2544 πόλις
2498 2477 2718 2534 τοιαῦτα
2768 2472 3056 2541 πέπονθεν,
3087 2473 3246 2527 ὁποῖα
3275 2469 3522 2533 θεσπίζει
3550 2469 3591 2539 ὴ

334 2583 587 2654 παροῦσα
614 2578 935 2652 προφητεία.

412 2645 576 2732 lens.
608 2645 672 2732 9..
705 2645 830 2726 cit-St
859 2679 1140 2725 vertentur
1196 2667 1365 2723 valles
1417 2666 1535 2736 ejus
1586 2668 1638 2722 in
1690 2669 1863 2738 picem
1893 2710 1907 2734 ,

2095 2684 2114 2718 ι
2137 2664 2248 2718 Καὶ
2270 2659 2668 2734 στραφήσονται
2689 2655 2743 2708 αἱ
2766 2652 3047 2725 φάραγγες
3071 2647 3239 2718 αὐτῆς
3262 2647 3342 2709 εἰς
3366 2645 3592 2738 πίσσαν,

334 2780 391 2827 et
435 2781 581 2825 terra
629 2765 748 2837 ejus
801 2764 857 2817 in
909 2761 1156 2832 sulphur.
1219 2759 1286 2815 Et
1335 2735 1458 2815 erit,
1499 2769 1644 2815 terra
1691 2735 1811 2831 ejus
1855 2770 1915 2816 ut

2039 2760 2115 2814 ιαὶ
2142 2760 2175 2828 ή
2204 2755 2278 2826 γῆ
2300 2752 2470 2822 αὐτῆς
2510 2752 2590 2814 είς
2629 2749 2792 2802 θεῖον.
2827 2745 2936 2798 Καὶ
2962 2743 3115 2796 ἔσται
3141 2742 3174 2812 ή
3211 2740 3285 2809 γῆ
3303 2737 3487 2837 αὐτῆς
3514 2735 3596 2836 ῶς

337 2863 432 2933 pix
477 2858 677 2915 ardens
732 2867 892 2912 nocte
941 2865 997 2908 et
1051 2853 1159 2908 die.
1219 2870 1238 2904 ι
1296 2851 1461 2918 Queis
1512 2853 1660 2908 clare
1705 2854 1915 2909 denun-

2039 2823 2190 2904 πίσσα
2219 2823 2484 2917 καιομένη
2501 2841 2692 2904 νυκτὸς
2731 2837 2824 2893 καὶ
2853 2835 3089 2933 ἡμέρας.
3126 2852 3143 2883 ι
3182 2832 3260 2884 Δι’
3295 2823 3383 2933 ῶν.
3408 2827 3598 2933 σαφῆῶς

335 2914 444 3007 tiat
473 2957 778 3005 extremam
809 2948 1119 3000 vastitatem
1167 2952 1222 2999 et
1270 2944 1388 2998 loco
1419 2953 1468 2998 et
1503 2946 1644 3014 genti
1677 2945 1916 3002 inferen-

2039 2944 2232 3009 ίλόγος
2264 2914 2590 3008 παρίστησιν
2629 2930 2861 3001 ἐσχάτην
2899 2924 3135 2996 ἐρημίαν
3186 2914 3596 2989 καταλήψεσθα.

341 3024 490 3095 ὁδώ.
2021 3035 2112 3089 τόν
2139 3051 2200 3086 τε
2225 3031 2390 3084 τόπον
2418 3027 2512 3081 καὶ
2537 3025 2597 3078 τὸ
2625 3023 2793 3084 ἔθνος.

414 3129 577 3184 Vsas.
606 3129 695 3183 10.
745 3147 763 3180 ι
798 3129 863 3182 Et
908 3143 1014 3183 non
1065 3128 1442 3198 exstinguetur
1488 3129 1545 3184 in
1594 3140 1914 3200 perpetuum

2093 3141 2112 3174 ι
2153 3120 2264 3176 Καὶ
2292 3117 2352 3172 οὐ
2388 3113 2746 3184 σϐεσθήσεται
2777 3111 2856 3173 είς
2904 3108 2994 3160 τὸν
3049 3103 3221 3158 αίῶνα
3255 3100 3466 3172 χρόνον,
3500 3099 3602 3151 καὶ

344 3233 558 3292 tempus
607 3239 620 3275 :
669 3231 726 3276 et
759 3220 1018 3274 ascendet
1065 3192 1406 3287 furnusrejus
1435 3192 1648 3275 sursum
1686 3192 1711 3276 ε’
1738 3222 1791 3277 in
1829 3237 1922 3293 ge-

2039 3213 2348 3285 ὶναϐήσεται
2374 3209 2402 3262 ὁ
2430 3205 2634 3269 καπνὸς
2663 3203 2832 3273 αὐτῆς
2885 3202 3028 3256 ἄνω·
3069 3199 3148 3262 εἰς
3184 3194 3376 3265 γενεὰν
3421 3192 3597 3260 αὐτῆς

342 3313 686 3369 nerationem
746 3309 862 3380 ejus
914 3309 1262 3378 desolabitur,
1310 3320 1367 3365 et
1423 3312 1477 3365 in
1527 3321 1738 3383 tempus
1781 3314 1923 3369 mul-

343 3413 477 3459 tum.
507 3421 528 3455 ι
573 3401 798 3472 Signum
835 3401 1112 3472 supplicii,
1145 3403 1290 3470 quod
1330 3401 1382 3455 in
1428 3401 1695 3471 profundo
1744 3404 1918 3470 luunt,

339 3495 411 3551 iis
445 3495 535 3563 qui
573 3508 790 3549 sursum
827 3494 991 3562 positi
1023 3504 1150 3551 sunt
1186 3495 1435 3565 prabens
1457 3495 1918 3565 conspiciendum,

341 3589 416 3642 ob
463 3587 682 3641 insitam
717 3585 823 3640 illis
863 3585 1124 3640 malitiam
1147 3625 1164 3650 ,
1197 3600 1347 3655 quae,
1379 3585 1522 3656 quod
1557 3585 1844 3643 tenebrosa
1867 3597 1924 3642 et

341 3679 502 3748 nigra
528 3679 626 3743 sit,
658 3679 763 3748 pici
790 3687 1156 3747 comparatur.

415 3769 583 3826 Vens.
613 3771 701 3825 ll.
739 3787 760 3822 ι
783 3773 942 3835 Aves,
969 3782 1026 3826 et
1062 3769 1236 3832 ericii,
1271 3777 1327 3824 et
1354 3768 1471 3824 ibes
1497 3778 1556 3825 et
1588 3768 1734 3824 corvi
1769 3769 1924 3824 habi-

339 3864 542 3918 tabunt
596 3862 650 3916 in
695 3878 809 3917 ea:
855 3873 910 3918 et
955 3863 1229 3932 injicietur
1274 3875 1436 3930 super
1481 3876 1600 3916 eam
1655 3861 1925 3916 funiculus

341 3956 662 4027 geometriae
713 3954 939 4018 deserti,
996 3963 1050 4008 et
1098 3951 1448 4008 onocentauri
1501 3951 1824 4006 habitabunt
1869 3951 1922 4005 in

341 4061 472 4099 ea.»
525 4045 621 4099 His
671 4045 916 4114 impuras
951 4044 1162 4098 animas
1196 4042 1487 4111 signiﬁcat,
1537 4042 1729 4110 quales
1769 4050 1926 4094 erant

345 4150 543 4190 eorum
597 4134 833 4197 animae,
890 4135 984 4203 qui
1038 4148 1104 4188 ex
1164 4133 1481 4200 alienigenis
1533 4140 1588 4186 et
1647 4130 1926 4186 extraneis

342 4224 602 4293 gentibus
650 4238 717 4278 eo
772 4225 825 4278 in
883 4225 1011 4278 loco
1045 4231 1228 4292 postea
1271 4222 1618 4288 habitarunt,
1660 4221 1923 4276 idolorum

343 4314 604 4369 cultores.

418 4404 587 4460 Vens.
616 4404 705 4458 12.
748 4423 767 4454 ι
792 4403 1070 4474 Principes
1095 4403 1212 4473 ejus
1240 4418 1344 4458 non
1372 4409 1551 4456 erunt.
1583 4401 1760 4472 Reges
1781 4403 1923 4458 enim
1957 4435 2002 4490 Β

343 4505 401 4552 et
431 4508 718 4569 magnates
748 4495 867 4566 ejus
895 4508 1058 4552 erunt
1081 4497 1134 4550 in
1169 4497 1546 4566 perditionem.
1575 4514 1595 4547 ›
1642 4496 1924 4550 Daemones

347 4590 614 4657 quosdam
665 4590 987 4654 adumbrat,
1046 4591 1139 4657 qui
1195 4591 1248 4643 in
1297 4587 1606 4644 simulacris
1653 4597 1708 4640 et
1768 4584 1925 4641 idolis

348 4695 540 4734 eorum
565 4697 665 4735 ceu
699 4682 750 4734 in
786 4681 1010 4735 latebris
1039 4682 1292 4749 agebant.

423 4769 589 4826 Vens.
616 4771 721 4834 15,
762 4771 850 4824 14.
895 4771 1006 4825 «Et
1049 4782 1404 4826 renascentur
1449 4771 1500 4823 in
1549 4769 1774 4824 urbibus
1806 4766 1926 4835 ejus

350 4863 569 4932 spinosa
593 4873 650 4917 et
674 4861 837 4931 ligna,
863 4871 918 4914 et
945 4863 998 4916 in
1037 4863 1425 4916 munitionibus
1465 4861 1603 4932 ejus.
1657 4860 1726 4914 Et
1766 4867 1926 4914 erunt

349 4953 531 5007 cubile
569 4953 834 5016 sirenum,
867 4962 922 5006 et
949 4952 1218 5008 stabulum
1237 4949 1706 5007 struthionum.Et
1738 4948 1924 5004 obvia-

349 5043 486 5098 bunt
515 5043 791 5098 daemones
825 5043 1208 5099 onocentauris
1227 5083 1242 5107 ,
1272 5051 1326 5096 et
1354 5041 1665 5097 clamabunt
1693 5039 1830 5094 alter
1856 5038 1925 5094 ad

350 5133 605 5189 alterum.
651 5133 732 5189 lbi
772 5134 1120 5203 requiescent
1167 5131 1539 5196 onocentauri,
1589 5129 1926 5185 invenientes

353 5223 455 5278 sibi
507 5225 747 5295 requiem
783 5243 799 5278 :
837 5243 856 5276 ι
917 5224 1316 5278 infructuosam
1372 5236 1557 5276 eorum
1617 5220 1922 5275 doctrinam

354 5313 688 5384 significans.
723 5314 1087 5382 Quamobrem
1120 5315 1335 5368 vineam
1361 5329 1547 5368 eorum
1578 5312 1763 5381 spinas
1789 5302 1926 5366 etni-

356 5405 494 5461 sisse
535 5421 696 5475 supra
723 5407 769 5440 "
813 5407 1128 5462 declarabat
1178 5405 1264 5460 his
1310 5405 1512 5469 verbis,
1571 5398 1930 5471 cExspectavi

356 5507 418 5551 ut
462 5496 666 5552 faceret
704 5497 836 5552 mihi
888 5513 1087 5564 uvam,
1125 5497 1256 5552 fecit
1295 5505 1488 5550 autem
1519 5493 1764 5564 spinas.)
1824 5489 1927 5546 Ubi

359 5598 539 5644 autem
572 5589 625 5644 in
655 5589 941 5645 animabus
968 5602 1156 5644 eorum
1195 5595 1442 5644 extrema
1471 5585 1698 5642 vastitas
1741 5583 1924 5648 luerit,

427 5765 471 5796 ιε
500 5763 629 5835 Cap.
663 5779 715 5830 ν,
746 5765 799 5819 ι.

2021 3305 2467 3379 ἐρημωθήσεται,
2521 3300 2616 3353 καὶ
2645 3297 2725 3361 εἰς
2754 3295 2944 3368 χρόνον
2981 3290 3229 3379 πολύν.)
3266 3287 3340 3341 Τὸ
3370 3285 3602 3379 σημεῖον

2019 3372 2222 3467 ἐν
2269 3372 2422 3464 βάθει
2467 3386 2737 3459 τιμωρίας
2787 3381 2966 3438 αὐτῶν
3012 3381 3124 3443 τοῖς
3174 3377 3287 3431 ἄνω
3340 3372 3602 3467 παρέχων

2021 3462 2154 3562 ὁρᾷν
2185 3462 2278 3540 διά
2305 3483 2403 3554 τὴν
2444 3477 2807 3550 ὑποκειμένην
2844 3475 3026 3536 αὐτοῖς
3057 3470 3273 3532 κακίαν,
3308 3466 3480 3538 πίσσῃ
3509 3462 3605 3517 διὰ

2022 3581 2084 3633 τὸ
2112 3576 2377 3639 σκοτῶδες
2406 3572 2502 3628 καὶ
2537 3569 2706 3642 μέλαν
2728 3563 3243 3639 παραδαλλομέντιν.

2101 3773 2121 3808 ι
2165 3755 2385 3825 Ὀρνεα,
2409 3751 2506 3804 καὶ
2544 3749 2729 3818 ἐχῖνοι,
2764 3746 2858 3798 xai.
2892 3743 3045 3808 ῖὸεις,
3078 3741 3171 3794 καὶ
3197 3740 3429 3810 κόρακες
3469 3751 3604 3790 κατ-

2024 3848 2338 3919 οικήσουσιν
2385 3845 2442 3897 ἐν
2482 3842 2654 3912 αὐτῇ⁸
2703 3838 2798 3894 καὶ
2842 3833 3265 3906 ἐπιϐληθήσεται
3309 3831 3394 3883 ἐπ’
3428 3827 3602 3898 αὐτὴν

2029 3938 2290 4012 σπαρτίον
2309 3933 2648 4007 γεωμετρίας
2678 3931 2905 4002 ἐρήμου,
2925 3927 3020 3981 καὶ
3040 3923 3417 3992 ὀνοκένταυροι
3445 3919 3601 4012 οίκή-

2029 4009 2208 4086 σουσιν
2250 4031 2308 4084 ἐν
2347 4028 2504 4098 αὐτῇ.
2557 4044 2577 4077 ι
2610 4024 2687 4077 Δι’
2711 4016 2787 4076 ὧν
2817 4020 3110 4073 αἰνίττεται
3141 4014 3318 4086 ψυχὰς
3349 4009 3604 4083 ἀκαθάρ·

1977 4115 1982 4122 ’
2026 4142 2173 4189 τους,
2203 4123 2382 4176 ὁποῖαι
2405 4115 2546 4190 ἦσαν
2577 4117 2634 4171 αἱ
2675 4113 2783 4167 τῶν
2819 4110 2956 4184 μετά
2995 4108 3168 4164 ταῦτα
3201 4105 3262 4171 ἐξ
3287 4101 3606 4173 ἀλλοφύλων

2027 4217 2121 4272 καὶ
2159 4211 2457 4282 ἀλλογενῶν
2501 4209 2670 4264 ἐθνῶν
2701 4208 2794 4262 τὸν
2822 4207 2985 4259 τόπον
3011 4200 3346 4271 οἰκησάντων
3386 4194 3606 4249 εἰδωλοο

2106 4378 2198 4452 «Οἱ
2223 4399 2480 4470 ἄρχοντες
2505 4393 2672 4464 αὐτῆς
2703 4392 2802 4444 οὑκ
2830 4388 3063 4441 ἔσονται.
3112 4384 3176 4436 Οἱ
3217 4382 3325 4452 γὰρ
3366 4378 3607 4470 βασιλεῖς

2030 4493 2124 4545 καὶ
2183 4491 2230 4543 oi
2264 4469 2609 4559 μεγιστᾶνες
2658 4482 2825 4551 αὐτῆς
2872 4477 3084 4530 ἔσονται
3135 4476 3214 4538 εἰς
3261 4469 3603 4526 ἁπώλειανί

2027 4581 2286 4652 δαίμονάς
2325 4597 2474 4641 τινας
2517 4575 2884 4644 αἰνιττόμενος
2921 4571 3048 4633 τοὺς
3079 4569 3137 4621 ἐν
3169 4567 3281 4628 τοῖς
3325 4561 3609 4632 ἀγάλμασι

2029 4675 2127 4744 τῆς
2155 4669 2593 4740 εἰδωλολατρείας
2618 4665 2796 4720 αὐτῶν
2823 4660 3257 4734 ἐμφωλεύοντας.

2107 4781 2124 4811 ι
2154 4762 2263 4815 Καὶ
2303 4759 2603 4829 ἀναφυήσει
2647 4758 2727 4819 εἰς
2761 4753 2859 4817 τὰς
2892 4752 3073 4815 πόλεις
3118 4747 3295 4804 αὐτῶν
3339 4741 3608 4798 ἀκάνθινα

2031 4850 2186 4917 ξύλα,
2221 4849 2315 4903 καὶ
2338 4850 2418 4912 εἰς
2443 4848 2512 4900 τά
2537 4843 2868 4918 ὀχυρώματα
2897 4843 3088 4913 αὐτῆς.
3117 4838 3230 4897 Καὶ
3256 4837 3406 4889 ἔσται
3442 4835 3612 4892 ἐπαύ-

2027 4942 2141 5008 λεις
2169 4942 2450 5014 σειρήνων,
2474 4941 2568 4993 καὶ
2590 4939 2728 5010 αύλὴ
2755 4935 3046 5007 στρουθῶν.
3071 4931 3183 4988 Καὶ
3214 4930 3609 5001 συναντήσουσι

2029 5033 2279 5103 δαιμόνια
2318 5027 2757 5100 όνοκενταύροις,
2797 5027 2891 5079 καὶ
2925 5023 3209 5096 βοήσονται
3248 5021 3434 5091 ἕτερος
3469 5018 3610 5090 πρὸς

2030 5127 2120 5180 τὸν
2148 5126 2353 5196 ἕτερον.
2393 5124 2540 5177 Ἐκεῖ
2560 5120 2959 5175 ἀναπαύσονται
2991 5117 3384 5185 ὀνοκένταυροι,
3419 5112 3610 5184 εὑρόν-

2029 5233 2120 5279 τες
2155 5216 2336 5278 αύτοῖς
2361 5213 2665 5267 ἀνάπαυσιν
2689 5227 2702 5240 ·
2732 5229 2750 5261 ι
2776 5209 2951 5280 δηλῶν
2978 5207 3076 5270 τὰς
3107 5206 3394 5276 ἀκάρπους
3424 5203 3608 5256 αὐτῶν

2031 5306 2392 5369 διδασκαλίας.
2437 5305 2528 5358 Διὸ
2573 5303 2666 5357 καὶ
2707 5304 2795 5356 τὸν
2837 5299 3136 5372 ἀμπελῶνα
3174 5295 3351 5350 αὐτῶν
3382 5294 3471 5347 διὰ
3498 5294 3614 5347 τῶν

2039 5397 2342 5470 ἔμπροσθεν
2353 5396 2542 5468 ἐδήλου
2555 5393 2794 5449 ἄκανθαν
2805 5390 3116 5463 ἀγηοχέναι,
3128 5388 3301 5458 λέγων
3320 5402 3332 5414 ·
3343 5405 3364 5439 ι
3379 5385 3614 5456 Ἔμεινα

2035 5491 2124 5544 ἵνα
2146 5490 2347 5561 ποιήσῃ
2370 5505 2459 5559 μοι
2483 5485 2778 5556 σταφυλὴν,
2801 5483 3022 5554 ἐποίησε
3041 5481 3097 5535 δὲ
3121 5478 3416 5542 ἀκάνθας.»
3437 5477 3618 5546 Ἔρη-

2039 5580 2166 5644 μίας
2194 5578 2251 5633 δὲ
2281 5579 2378 5649 τῆς
2409 5575 2645 5647 ἐσχάτη-ς
2688 5577 2746 5630 ἐν
2772 5576 2893 5637 ταῖς
2929 5572 3129 5643 ψυχαῖς
3168 5568 3350 5624 αὐτῶν
3375 5564 3617 5638 γενομέ-
