3862 6210
243 298 358 356 337

1145 300 1656 359 COMMENTARIA
1696 303 1762 358 IN
1803 305 2058 362 lSAlAM.
2100 340 2167 349 -
2205 309 2358 364 CAP.
2400 309 2618 366 XXXV.

3407 318 3512 377 338

250 435 371 488 νης,
411 417 508 472 καὶ
546 416 809 481 ἀκάνθαις
851 417 1234 492 πληρωθείσης
1279 423 1457 478 αὐτῶν
1505 425 1604 496 τῆς
1641 425 1840 499 χώρας,

1950 439 2116 500 atque
2160 445 2292 502 ager
2337 432 2577 502 ipsorum
2631 435 2800 504 spinis
2845 437 3082 508 repletus
3127 440 3264 510 erit;
3313 441 3386 497 ibi
3433 456 3525 498 re-

248 510 481 574 εικότως
506 507 888 564 ἀναπαύεσθαι
921 511 980 564 ἐν
1005 511 1188 576 αὐτοῖς
1216 512 1285 568 τὰ
1310 515 1595 587 πνεύματα
1615 517 1684 571 τὰ
1709 519 1846 573 ἀκά-

249 601 426 673 θαρτα
463 600 744 674 προλέγει.

323 711 342 743 «
385 691 539 746 Ἐκεῖ
584 691 904 766 ἐνὸσσευσεν
949 695 1152 765 ἐχῖνος,
1204 697 1298 750 καὶ
1343 697 1546 754 ἔσωσεν
1584 703 1619 774 ή
1664 703 1738 773 γῆ
1774 703 1842 758 τά

245 781 440 836 παιδία
484 783 656 855 αὐτῆς
717 785 855 856 μετὰ
902 785 1225 856 ἀσφαλείας.
1291 789 1438 844 Ἐκεῖ
1504 794 1840 866 συνήντησαν

243 873 437 941 ἔλαφοι
459 914 475 938 ,
525 874 620 928 καὶ
655 870 795 927 εἶδον
848 877 918 931 τά
963 877 1231 949 πρόσωπα
1255 879 1518 953 ἀλλήλων.
1555 901 1574 934 ι
1605 882 1840 954 Ἔλαφον

242 963 488 1037 καθαρὸν
516 961 656 1028 ζῶον
686 960 826 1020 οἶδεν
851 969 884 1039 ἡ
915 966 1036 1022 θεία
1059 969 1274 1043 Γραφὴ,
1305 973 1399 1026 καὶ
1425 973 1596 1028 πολλὰ
1625 975 1840 1047 χρηστὰ

241 1055 376 1126 περὶ
423 1056 639 1126 ἐλάφων
715 1057 973 1124 διδάσκει,
1008 1060 1085 1125 ὡς
1129 1063 1258 1116 ὅταν
1301 1063 1438 1137 λέγῃ
1461 1081 1475 1094 ο
1521 1084 1540 1117 «
1571 1067 1671 1119 ’ον
1709 1067 1837 1140 τρό-

241 1163 347 1200 πον
387 1147 646 1201 ἐπιποθεῖ
673 1149 705 1220 ή
736 1149 932 1220 ἔλαφος
954 1168 1002 1203 ἰ
1035 1155 1132 1206 καὶ
1159 1154 1320 1208 πάλιν
1345 1172 1358 1185 ·
1394 1175 1412 1208 «
1437 1156 1597 1228 Φωνὴ
1630 1159 1836 1232 Κυρίου

241 1241 690 1314 καταρτιζομένη
727 1242 993 1312 ἐλάφουςο
1019 1263 1038 1297 ι
1078 1246 1171 1300 καὶ
1207 1243 1365 1313 αὖθις
1389 1267 1400 1280 ·
1434 1268 1452 1302 «
1481 1249 1718 1319 Ἔλαφος
1749 1268 1836 1320 φι-

238 1330 363 1395 λίας
387 1333 485 1385 καὶ
516 1333 695 1396 πῶλος
723 1335 832 1387 σῶν
865 1335 1101 1407 χαρίτων
1133 1339 1390 1409 ὁμιλείτω
1429 1357 1550 1394 σοι·
1584 1361 1604 1394 ι
1654 1344 1748 1396 καὶ
1777 1344 1835 1397 ἐν

236 1422 319 1494 τῷ
360 1424 519 1479 ἰώϐ’
568 1447 587 1481 ι
622 1429 926 1499 Ἐφὺλαξας
964 1433 1020 1486 δέ
1061 1434 1235 1504 μῆνας
1267 1434 1514 1504 ἐλάφων,
1553 1435 1748 1501 ὠδῖνας
1776 1437 1859 1507 δὲ,

237 1516 423 1570 αὐτῶν
456 1518 854 1586 ἐξαποστελεῖς.
878 1543 896 1574 ι
921 1525 1029 1578 Καὶ
1062 1525 1222 1590 αὐτὸς
1255 1525 1312 1578 δέ
1354 1528 1382 1580 6
1407 1527 1508 1597 τῆς
1544 1528 1830 1601 νύμφης,ὁ

237 1609 298 1661 ἐν
335 1607 417 1680 τῷ
466 1610 706 1682 Ι’ᾼσματι
753 1614 862 1668 τῶν
912 1616 1192 1687 ᾀσμάτων,
1239 1621 1268 1672 6
1319 1619 1653 1690 ἀδελφιδοῦς,
1705 1621 1830 1676 ἐλά-

234 1713 326 1766 φῳ
361 1698 800 1771 παραϐέϐληται·
830 1723 853 1782 μ
881 1704 1103 1775 Ὀμοιός
1139 1709 1256 1761 ἐστι
1298 1708 1514 1780 δορκάδι
1564 1709 1598 1780 ἢ
1654 1709 1830 1782 νεϐρῷ

232 1787 493 1858 ἐλάφων,
531 1791 624 1845 ἐπὶ¹
661 1794 732 1847 τὰ
767 1795 868 1869 ὅρη
927 1798 1258 1871 ἀρωμάτων.
1285 1819 1320 1850 ι·
1346 1801 1475 1854 Ὅτε
1517 1803 1696 1855 τοίνυν
1732 1804 1831 1857 καὶ
1861 1785 1905 1841 Β

227 1881 404 1947 αὐτὸς
448 1883 477 1936 ὁ
521 1887 759 1956 νυμφίος
804 1888 989 1961 ἐλάφῳ
1036 1891 1476 1964 παραϐάλλεται,
1519 1893 1672 1957 τίνας
1699 1893 1744 1946 δ’
1768 1893 1834 1950 ἂν

228 1974 413 2038 εἴποις
446 1976 680 2032 ἐνταῦθα
703 1978 937 2050 ἐλάφους
968 1982 1002 2053 ἢ
1046 1984 1174 2048 τοὺς
1215 1984 1463 2056 μαθητὰς
1490 1987 1583 2039 καὶ
1602 1987 1834 2041 ἀποστό-

226 2063 363 2129 λους
378 2066 561 2130 ;Ἐστι
582 2067 639 2120 δὲ
657 2069 1071 2140 καὶὸφιοκτόνον
1083 2072 1144 2125 τὸ
1165 2072 1321 2138 ζῶον.
1337 2075 1587 2129 Διδάσκει
1608 2074 1785 2129 τοίνυν
1804 2079 1833 2130 6

224 2157 427 2230 παρὼν
446 2159 625 2230 λόγος,
644 2161 722 2225 ὡς
741 2163 848 2217 ἀπὺ
871 2165 971 2236 τῆς
994 2166 1230 2237 ἐρημίας
1244 2167 1337 2220 τοῦ
1354 2167 1622 2222 Ἰουδαίων
1646 2167 1834 2233 ἔθνους

221 2247 424 2317 ἔλαφοί
440 2267 584 2316 τινες
603 2252 900 2324 παρῆλθον,
930 2256 981 2310 οἱ
1007 2257 1244 2328 μαθηταὶ
1260 2257 1354 2311 τοῦ
1373 2258 1624 2331 Σωτῆρος
1647 2259 1827 2330 ήμῶν*

227 2357 248 2388 «
273 2340 433 2392 Ἐκεῖ
478 2341 609 2414 γὰρ,
667 2344 834 2414 φησὶ,
875 2348 1214 2419 συνήντησαν
1261 2347 1447 2420 ἔλαφοι
1471 2390 1484 2413 ,
1537 2351 1630 2404 καὶ
1689 2345 1829 2405 εἶδον

219 2430 292 2484 τά
352 2431 623 2502 πρόσωπα
676 2435 939 2507 ἀλλήλων.
966 2457 985 2490 ι
1049 2437 1383 2512 Ἐγνώρισαν
1420 2441 1528 2514 γὰρ
1573 2443 1824 2509 ἑαυτοὺς,

219 2523 325 2578 καὶ
365 2524 464 2594 τῆς
495 2527 677 2597 ψυχῆς
703 2529 885 2582 αὐτῶν
917 2532 1043 2595 τοὺς
1068 2533 1188 2586 κατ’
1220 2533 1404 2587 εἰκόνα
1427 2532 1563 2586 Θεοῦ
1593 2535 1823 2605 γενομέ-

216 2630 358 2678 νους
383 2619 741 2690 χαρακτῆρας
763 2621 1099 2690 ἐπέγνωσαν.
1129 2624 1350 2696 Ἐπειδὴ
1383 2624 1441 2676 δὲ
1468 2624 1530 2677 οὐ
1558 2625 1825 2696 παρέμει-

217 2724 323 2762 ναν
373 2709 432 2763 ἐν
476 2711 575 2780 μιᾷ
615 2711 789 2764 πόλειο
824 2713 1112 2786 διέδραμον
1145 2715 1202 2769 δὲ
1231 2715 1390 2780 ἄλλος
1421 2716 1657 2788 ἀλλαχοῦ
1684 2717 1822 2790 πλη-

217 2794 453 2870 ροῦντες
479 2799 541 2852 τὸ
573 2800 906 2870 Εὐαγγέλιον
923 2821 936 2835 ο
968 2805 1158 2859 τούτου
1185 2806 1344 2879 χάριν
1368 2808 1583 2879 εἴρηται
1603 2825 1618 2839 ·

296 3081 321 3114 σ
365 3063 563 3136 Ἑτέρα
594 3067 695 3140 τὴν
717 3069 911 3142 ἑτέραν
954 3073 1054 3126 οὐκ
1103 3072 1398 3145 ἐζήτησαν,
1439 3076 1523 3129 ὅτι
1555 3079 1584 3130 6
1616 3076 1820 3148 Κύριος

1945 521 2126 590 quiem
2158 521 2436 580 habituros
2469 524 2713 596 impuros
2747 527 3020 586 demonas
3046 531 3168 604 jure
3200 533 3464 605 prmdicit.

2017 698 2186 756 Vens.
2239 701 2329 758 i5.
2388 702 2509 759 «lbi
2557 704 2854 764 nidiﬁcavit
2893 709 3122 778 ericius,
3154 722 3235 768 ‘et
3281 715 3517 772 servavit

1943 798 2090 846 terra
2141 793 2317 862 pullos
2352 793 2470 864 ejus
2515 810 2637 851 cum
2683 801 2995 856 securitate.
3045 802 3123 858 Ibi
3160 791 3515 863 obviaverunt

1939 884 2109 944 cervi.
2149 895 2204 940 et
2239 885 2492 942 viderunt
2529 886 2698 945 facies
2721 905 2847 947 suas
2883 903 3087 950 mutuo.
3119 913 3138 947 ι
3166 893 3398 952 Cervum
3433 899 3517 955 in-

1940 981 2024 1029 ter
2051 975 2304 1030 animalia
2336 978 2533 1034 munda
2566 983 2810 1050 agnoscit
2841 982 3120 1053 Scriptura
3148 987 3350 1054 divina,
3379 989 3516 1048 mul-

1941 1072 2102 1133 taque
2129 1066 2196 1120 de
2237 1067 2330 1122 illo
2369 1068 2423 1124 in
2452 1071 2647 1125 bonam
2672 1082 2880 1142 partem
2911 1073 3098 1140 eﬂ‘ert,
3145 1087 3204 1131 ut
3244 1081 3509 1144 cumait:

1943 1153 2440 1220 «Quemadmodum
2470 1160 2744 1218 desiderat
2788 1178 2982 1221 cervus
2999 1167 3081 1234 ‘9;
3112 1185 3130 1220 ι
3179 1183 3242 1222 ac
3279 1169 3515 1228 iterum;

1942 1264 1962 1296 «
1993 1243 2113 1304 Vox
2153 1247 2367 1305 Domini
2422 1267 2736 1323 praeparans
2788 1272 2978 1314 cervos
3000 1259 3088 1326 ⁸⁶;
3120 1278 3140 1312 ι
3179 1269 3236 1317 et
3283 1253 3510 1320 rursus':

1941 1355 1960 1390 «
1987 1337 2194 1410 Cervus
2216 1342 2494 1406 amicitiae,
2526 1353 2578 1400 et
2605 1346 2782 1416 pullus
2808 1350 3104 1420 gratiarum
3140 1361 3376 1422 tuarum,
3403 1356 3509 1410 col-

1935 1430 2190 1501 loquatur
2222 1442 2399 1490 tecum
2421 1437 2501 1500 5‘;
2533 1455 2552 1489 ι
2604 1447 2660 1493 et
2698 1439 2751 1494 in
2795 1440 2935 1497 libro
2964 1441 3064 1498 Job
3095 1461 3108 1498 :
3148 1462 3167 1496 «
3195 1443 3512 1503 Observast'i

1934 1533 2116 1579 autem
2163 1540 2377 1580 menses
2424 1541 2754 1594 cervorum,
2798 1542 2856 1586 et.
2895 1532 3109 1590 dolores
3153 1545 3342 1606 partus
3380 1537 3513 1608 ipsis

1935 1616 2196 1673 immittes
2216 1618 2294 1672 δ’.
2327 1638 2346 1671 ι
2385 1617 2504 1689 Ipse
2528 1635 2744 1691 quoque
2771 1636 2988 1692 sponsae
3021 1625 3256 1683 dilectus
3286 1629 3338 1683 in
3368 1629 3511 1685 Can-

1934 1708 2040 1765 tico
2088 1709 2423 1765 canticorum
2474 1726 2637 1790 cervo
2687 1725 3078 1784 comparatur:
3135 1718 3386 1777 «Similis
3427 1732 3513 1777 est

1935 1813 2146 1868 caprea:
2185 1808 2241 1854 et
2298 1800 2527 1858 hinnulo
2570 1817 2881 1872 cervorum,
2928 1821 3092 1875 super
3134 1822 3347 1867 montes
3387 1828 3514 1868 aro-

1935 1898 2138 1945 matum
2171 1889 2237 1946 ⁸³.
2263 1910 2282 1944 ι
2318 1891 2451 1948 Cum
2483 1893 2667 1964 itaque
2695 1911 2924 1966 sponsus
2949 1914 3112 1956 cervo
3141 1915 3509 1973 comparetur,

1934 1994 2070 2049 quos
2097 1981 2188 2037 hic
2217 1997 2407 2040 cervos
2441 1990 2730 2042 memorari
2765 1989 2938 2056 dicas,
2983 1993 3085 2049 nisi
3129 1993 3424 2065 discipulos
3453 2006 3510 2052 et

1931 2073 2245 2142 apostolos?
2273 2072 2370 2130 Est
2404 2085 2585 2133 autem
2619 2079 2819 2133 animal
2855 2081 2985 2136 illud
3017 2087 3361 2155 serpentibus
3389 2089 3509 2142 exi-

1934 2163 2154 2223 tiosum.
2201 2163 2300 2221 Hic
2335 2182 2468 2237 ergo
2508 2170 2755 2235 docetur,
2787 2189 2851 2226 ex
2881 2171 3188 2230 Judazorum
3216 2179 3508 2236 solitudine

1930 2266 2120 2309 cervos
2152 2254 2420 2325 prodiisse
2459 2259 2743 2327 quosdam,
2769 2262 3021 2318 videlicet
3057 2266 3349 2337 discipulos
3374 2267 3506 2324 Ser-

1928 2343 2136 2399 vatoris
2167 2347 2340 2401 nostri
2371 2366 2387 2403 :
2439 2365 2460 2400 «
2485 2345 2562 2403 Ibi
2595 2350 2761 2416 enim,
2808 2351 2907 2419 ait,
2951 2354 3310 2412 obviaverunt
3333 2359 3506 2424 cervi,

1926 2443 1982 2489 et
2011 2435 2263 2492 viderunt
2290 2437 2464 2495 facies
2498 2454 2626 2496 suas
2662 2453 2873 2498 mutuo.
2895 2463 2915 2498 ι
2967 2443 3099 2501 Sese
3130 2462 3360 2516 namque
3388 2464 3507 2504 mu-

1928 2533 2022 2582 tuo
2071 2539 2452 2599 agnoverunt,
2493 2533 2799 2604 animaeque
2839 2537 2906 2591 ad
2957 2537 3364 2596 similitudinem
3411 2541 3503 2598 Dei

1926 2619 2225 2676 adornatos
2272 2621 2622 2683 characteres
2667 2627 2720 2681 in
2765 2641 2827 2682 se
2864 2628 3093 2683 invicem
3129 2630 3502 2698 deprehende-

1927 2719 2074 2768 runt.
2133 2710 2400 2780 Quoniam
2450 2731 2585 2772 vero
2648 2734 2754 2773 non
2818 2719 2875 2774 in
2931 2736 3037 2775 una
3088 2723 3388 2793 eademque
3425 2724 3507 2779 ci-

1927 2800 2089 2856 vitate
2145 2815 2506 2871 manserunt,
2577 2809 2672 2863 sed
2745 2810 2888 2866 ultro
2962 2813 3210 2883 citroque
3274 2813 3497 2884 singuli,

1926 2892 2202 2966 Evangelii
2261 2913 2458 2956 munus
2529 2902 2855 2972 implentes,
2918 2906 3343 2965 discurrebant:
3381 2909 3507 2966 ideo

1922 2985 2120 3041 dicitur
2145 3003 2161 3042 :

1993 3075 2160 3133 Vens.
2197 3079 2284 3132 l6.
2326 3079 2514 3136 «Alter
2545 3083 2775 3138 alterum
2809 3101 2913 3140 non
2948 3088 3216 3156 quaesivit,
3243 3090 3370 3160 quia
3395 3089 3502 3147 Do-

214 3152 412 3217 αὐτοῖς
455 3156 794 3222 ἐνετείλατο,
838 3161 930 3214 καὶ
971 3162 1033 3215 τὸ
1063 3162 1285 3234 Πνεῦμα
1314 3165 1478 3220 αὑτοῦ
1513 3168 1818 3238 συνήγαγεν

1927 3165 2103 3222 minus
2145 3167 2250 3223 illis
2302 3172 2583 3240 praecepit,
2627 3183 2680 3227 et
2716 3150 3115 3244 Spiritus-ejus
3151 3150 3502 3251 congregavit

212 3243 418 3308 αὐτάς.
449 3267 466 3299 ι
507 3249 565 3302 '0
591 3250 700 3322 γάρ
724 3250 894 3306 εἰπὼν
917 3254 1102 3320 αὐτοῖς
1127 3297 1142 3322 ,
1184 3276 1200 3307 ι
1220 3257 1614 3330 Μαθητεύσατε
1639 3261 1819 3315 πάντα

210 3333 288 3387 τά
320 3333 452 3406 ἔθνη
506 3339 564 3390 ἐν
613 3339 692 3411 τῷ
741 3342 966 3414 ὀνόματί
1000 3363 1125 3417 μου,
1167 3367 1185 3398 ι
1212 3347 1374 3412 αὐτὸς
1398 3350 1700 3404 ἐνετείλατο
1742 3350 1816 3423 μὴ

213 3427 366 3480 κατὰ
400 3428 463 3480 τὸ
495 3429 628 3482 αὐτὸ
675 3435 1041 3491 ποιεῖσθαιτὰ
1066 3439 1169 3509 τῆς
1202 3441 1514 3506 συστάσεως
1541 3443 1651 3498 τῶν
1691 3445 1815 3497 Ἐκ-

211 3517 324 3588 x11;-
333 3517 469 3570 σιῶν
499 3521 698 3576 αὐτῶν.

291 3626 314 3657 «
339 3607 453 3660 Kal.
480 3610 641 3675 αὐτὸς
683 3613 933 3669 ἐπιϐαλεί
973 3617 1158 3683 αὐτοῖς
1200 3619 1454 3692 κλήρους,
1491 3624 1584 3677 καὶ
1630 3625 1663 3696 ἡ
1693 3629 1815 3700 χεὶρ

209 3699 388 3752 αὐτοῦ
439 3701 716 3776 διεμέρισε
764 3707 1078 3779 βόσκεσθαι.
1129 3715 1226 3780 Είς
1270 3716 1362 3770 τὸν
1407 3718 1579 3773 αἰῶνα
1621 3699 1814 3793 χρόνον

211 3791 688 3865 κληρονομήσετε,
719 3803 801 3864 είς
837 3803 1033 3872 γενεὰς
1059 3807 1264 3876 γενεῶν
1287 3791 1692 3867 ἀναπαύσονται
1726 3817 1812 3869 ἐπ’

210 3881 410 3953 αὐτῆς.
438 3903 458 3934 ι
507 3887 716 3942 Οὐκοῦν
759 3893 854 3945 καὶ
876 3895 1048 3968 νομὴν
1085 3898 1270 3964 αὐτοῖς
1300 3901 1396 3954 καὶ
1429 3901 1630 3975 βοσκὴν
1671 3923 1814 3980 παρ-

209 3975 387 4042 εἶχεν,
441 3975 634 4050 ὥσπερ
666 3982 762 4034 καὶ
824 3981 1060 4055 κλήρους
1106 3989 1188 4051 είς
1238 3990 1431 4058 γενεὰς
1470 3994 1692 4061 γενεῶν,
1731 3975 1812 4061 εἰς

208 4065 273 4119 τὸ
298 4066 682 4125 ἀναπαύεσθαι
721 4073 919 4141 αὐτοὺς
944 4079 1024 4142 είς
1066 4081 1194 4144 τοὺς
1213 4081 1396 4137 αὐτῶν
1433 4083 1684 4157 κλήρους,
1711 4089 1808 4160 δη-

208 4154 350 4230 λαδὴ
388 4161 505 4223 τοῖς
533 4160 712 4215 ἔθνεσι
745 4167 858 4229 τοῖς
879 4167 1348 4242 ἀποκληρωθεῖσιν
1375 4154 1579 4238 αὐτοίς,
1628 4177 1686 4231 ἐν
1729 4154 1810 4243 οἷς

207 4249 292 4312 είς
315 4249 516 4317 γενεὰς
539 4253 743 4318 γενεῶν
775 4256 808 4325 ἡ
841 4258 1030 4329 μνήμη
1059 4259 1241 4314 αὐτῶν
1272 4262 1329 4315 ἐν
1357 4265 1489 4328 ταῖς.
1511 4265 1603 4317 ὑπ’
1629 4266 1807 4322 αὐτῶν

207 4339 549 4410 ἱδρυθείσαις
593 4343 938 4416 Ἐκκλησίαις
969 4349 1422 4424 ἀναζωπυρεῖται.

738 4439 1135 4496 ΚΕΦΑΛΔΙΟΝ
1167 4444 1291 4498 ΛΕ¹.

286 4543 306 4575 «
336 4524 716 4599 Εὐφράνθητι,
751 4528 956 4602 ἔρημος
1001 4534 1239 4604 διιινῷσα⁹
1283 4539 1630 4607 ἁγαλλιάσθω
1675 4543 1806 4616 ἔρη-

209 4633 349 4685 μος,
386 4620 484 4673 καὶ
518 4621 747 4677 άνθείτω
793 4624 869 4689 ὡς
917 4627 1122 4698 κρίνον.
1153 4649 1172 4680 ι
1222 4629 1322 4702 Εῖη
1364 4635 1542 4686 τοίνυν
1582 4635 1720 4709 αῦτη
1767 4640 1801 4710 ἡ

206 4708 422 4782 ἔρημος
470 4714 621 4786 παρὰ
651 4715 749 4787 τὴν
791 4717 1184 4789 προλεχθεῖσαν
1217 4722 1376 4789 Σιὼν,
1418 4727 1476 4779 ἐν
1571 4708 1799 4798 ἐχίνους,

206 4809 304 4858 καὶ
344 4805 505 4871 ῐϐεις,
551 4807 645 4860 καὶ
684 4807 948 4879 κόρακας,
979 4810 1232 4882 δαιμόνιά
1261 4831 1321 4867 τε
1354 4817 1448 4869 καὶ
1483 4817 1804 4872 ὀνοκενταύο

205 4911 338 4966 ρους
372 4897 618 4968 οἰκήσειν
667 4898 904 4967 ἐλέγετο,
959 4901 1161 4973 πίσσης
1210 4920 1268 4955 τε
1313 4905 1482 4975 αὐτῆς
1523 4908 1617 4961 καὶ
1649 4907 1794 4961 θείου

205 4985 669 5058 πληρωθήσεσθαι
701 4990 801 5054 τὰς
832 4991 1143 5062 φάραγγας.
1181 4991 1397 5050 Τούτων
1434 4997 1490 5050 δέ
1531 4998 1662 5071 περὶ
1694 5000 1794 5071 τῆς

203 5078 345 5131 Σιὼν
388 5080 484 5132 καὶ
520 5081 650 5152 περὶ
689 5082 788 5150 τῆς
829 5083 1184 5157 Ἰερουσαλὴμ
1214 5087 1538 5158 εἰρημένων,
1577 5089 1697 5161 ὥρα
1725 5090 1794 5145 τά

202 5167 551 5238 προκείμενα
594 5170 720 5242 περὶ
763 5172 957 5244 ἐτέρας
995 5174 1204 5245 ἐρήμου
1233 5176 1484 5245 λέγεσθαι
1513 5183 1673 5235 νοεῖν.
1703 5182 1794 5234 Δι-

198 5261 366 5330 ψῶσα
406 5261 517 5334 γὰρ
557 5258 626 5333 ἦν
673 5263 815 5335 αὕτη
843 5267 1109 5338 πρότερον
1137 5269 1170 5339 ή
1198 5268 1422 5340 ἔρημος,
1451 5271 1795 5344 ἐστερημένη

198 5353 452 5423 νάματος
487 5353 738 5426 οὐρανίου
759 5373 773 5385 ·
806 5357 943 5411 ἀλλὰ
971 5358 1180 5432 χαίρειν
1209 5361 1345 5433 αὐτῇ
1384 5363 1479 5416 καὶ
1503 5363 1794 5435 εὐφραίνε-

201 5444 330 5498 σθαι
363 5447 394 5498 6
424 5444 583 5514 λόγος
621 5449 947 5516 προστάττει
971 5451 1060 5505 διὶι
1087 5451 1157 5506 τὰ
1185 5451 1473 5524 λεγόμενα,
1503 5454 1584 5510 ἔτι
1612 5456 1670 5510 δὲ
1699 5456 1795 5511 καὶ

198 5535 387 5590 ἀνθεῖν
434 5537 513 5602 ὡς
560 5539 781 5610 κρίνον⁶
832 5540 974 5595 ὥστε
1023 5542 1228 5614 λέγειν·
1271 5545 1546 5616 ιΧριστοῦ
1595 5546 1793 5602 εὐωδία

1919 3271 2035 3313 eos.
2069 3275 2089 3310 ι
2144 3259 2361 3315 Etenim
2419 3263 2511 3331 qui
2557 3264 2768 3318 dixerat
2819 3266 2968 3332 illis,
3027 3269 3266 3325 «Docete
3309 3285 3499 3326 omnes

1916 3357 2104 3416 gentes
2163 3350 2216 3405 in
2275 3353 2494 3408 nomine
2549 3369 2748 3421 meo”
2799 3357 2940 3412 idem
2998 3359 3112 3429 ipse
3161 3363 3371 3429 vetuit,
3423 3377 3492 3418 ne

1917 3436 1972 3490 in
2035 3453 2142 3493 uno
2208 3442 2511 3511 eodemque
2572 3442 2694 3499 loco
2754 3445 3028 3502 Ecclesias
3095 3465 3225 3506 suas
3293 3452 3500 3508 consti-

1917 3537 2152 3585 luerent.
2174 3537 2179 3542 '

1985 3619 2149 3675 Vens.
2177 3621 2296 3676 l7.«
2323 3622 2877 3695 Etipseimmitteteis
2892 3631 3495 3700 sortes,etmanusejus

1915 3711 2119 3778 divisit,
2135 3725 2194 3768 ut
2209 3725 2524 3785 pascantur.
2543 3717 2600 3772 In
2616 3726 2878 3775 aeternum
2899 3730 3107 3792 tempus
3122 3724 3492 3782 lnereditatem

1913 3804 2238 3871 sortiemini,
2254 3807 2305 3860 in
2322 3809 2697 3877 generationes
2715 3813 3124 3881 generationum
3147 3814 3491 3885 requiescant

1913 3895 1965 3948 in
2006 3910 2090 3950 ea.
2123 3915 2140 3948 ι
2190 3898 2449 3954 Pabulum
2500 3915 2630 3970 ergo
2665 3903 2795 3970 ipsis
2833 3913 2889 3958 et
2934 3920 3130 3974 pascua
3173 3907 3490 3977 suppedita-

1911 3987 2008 4055 vit,
2043 3989 2280 4060 itemque
2313 4001 2488 4047 sortes
2533 3992 2586 4048 in
2623 3997 3002 4064 generationes
3040 4000 3486 4067 generationum;

1910 4087 1968 4132 ut
2009 4081 2202 4150 singuli
2243 4082 2297 4137 in
2339 4083 2578 4141 sortibus
2617 4086 2732 4142 suis
2775 4089 3205 4158 requiescerent,
3238 4091 3491 4148 videlicet

1911 4172 1963 4226 in
1999 4174 2252 4242 gentibus
2286 4175 2390 4230 sibi
2433 4188 2582 4233 sorte
2625 4179 2916 4250 assignatis
2949 4200 2962 4236 :
3000 4183 3110 4247 ttbi,
3151 4185 3404 4238 nimirum
3433 4185 3488 4240 itt

1910 4262 1978 4315 iis
2025 4278 2160 4332 quas
2190 4265 2552 4323 l’undaverunt
2579 4270 2860 4338 Ecclesiis,
2899 4278 3163 4328 memoria
3199 4291 3384 4330 eorum
3430 4277 3486 4332 in

1909 4355 2286 4424 generationes
2314 4361 2719 4427 generationum
2754 4375 3005 4420 servatur
3036 4376 3091 4419 et
3121 4367 3285 4435 viget.

2464 4450 2691 4507 CAPUT
2718 4453 2932 4509 XXXV.

1979 4537 2141 4594 Vens.
2173 4537 2224 4591 ί.
2248 4557 2267 4590 «
2293 4537 2521 4606 Lmtare,
2553 4541 2827 4598 desertum
2853 4544 3044 4599 sitiens
3078 4561 3092 4596 :
3129 4544 3364 4600 exsultet
3389 4559 3482 4602 so-

1903 4630 2103 4697 litudo,
2155 4639 2211 4687 et
2263 4629 2457 4688 ﬂoreat
2502 4635 2646 4690 sicut
2681 4635 2871 4690 lilium.
2899 4655 2920 4688 ι
2962 4635 3088 4692 Hac
3129 4637 3292 4707 igitur
3341 4637 3485 4693 soli-

1904 4727 2055 4790 tudo,
2102 4726 2208 4781 alia
2255 4725 2418 4781 fuerit
2448 4742 2476 4780 a
2523 4730 2674 4795 prius
2706 4737 3010 4785 memorata
3053 4727 3247 4795 Sione,
3290 4730 3340 4784 in
3373 4744 3485 4800 qua

1900 4817 2130 4885 ericios,
2177 4818 2321 4882 ibes,
2380 4833 2604 4887 corvos,
2653 4821 2931 4874 daemonas
2977 4827 3035 4874 et
3085 4831 3484 4874 onocentauros

1904 4910 2245 4966 liabitaturos
2278 4927 2418 4978 esse,
2474 4927 2535 4966 ac
2575 4910 2728 4979 cujus
2751 4911 2921 4966 valles
2971 4912 3091 4980 pice
3131 4923 3186 4966 et
3218 4913 3482 4980 sulphure

1903 5003 2165 5072 repletum
2212 5003 2302 5066 iri,
2349 5005 2655 5058 dicebatur.
2703 5001 2834 5057 Cum
2869 5017 3000 5074 ergo
3055 5002 3180 5058 talia
3221 5004 3288 5059 de
3314 5003 3481 5059 Sione

1901 5102 1958 5147 et
2013 5092 2080 5149 de
2115 5093 2450 5165 Jerosolyma
2499 5093 2867 5164 proferantur,
2917 5103 3089 5152 restat
3125 5102 3185 5152 ut
3225 5107 3311 5159 ea,
3357 5107 3480 5165 qua:

1896 5183 2008 5255 jam
2042 5195 2368 5252 tractantur,
2411 5187 2477 5241 de
2521 5187 2624 5241 alia
2666 5187 2959 5242 solitudine
2999 5186 3342 5257 pronuntiari
3393 5187 3478 5242 in-

1905 5278 2233 5345 telligamus.
2290 5278 2503 5334 Etenim
2532 5294 2661 5334 vere
2711 5280 2985 5334 sitibunda
3028 5279 3155 5334 olim
3207 5289 3326 5334 erat
3380 5278 3475 5334 illa

1902 5367 2162 5430 solitudo,
2218 5366 2436 5422 ﬂuentis
2492 5369 2806 5425 coelestibus
2849 5370 3039 5424 orbata
3077 5389 3091 5426 :
3136 5383 3322 5423 verum
3358 5383 3478 5426 me-

1902 5454 2127 5508 moratis
2151 5454 2217 5509 de
2251 5457 2430 5512 causis
2463 5455 2633 5510 laetari
2665 5466 2721 5512 et
2761 5457 3057 5524 exsultare,
3093 5459 3334 5528 itemque
3370 5459 3479 5514 sic-

1900 5554 1960 5602 ut
2009 5547 2176 5603 lilium
2222 5545 2418 5604 ﬂorere
2461 5547 2719 5618 jubetur;
2766 5550 2842 5605 ita
2886 5559 2944 5606 ut
2994 5552 3182 5610 dicat:
3213 5571 3234 5606 «
3271 5552 3475 5610 Cltrisu

278 5721 324 5752 δ’
351 5720 498 5778 Psal.
531 5738 641 5791 xu,
676 5723 726 5779 l.
800 5726 846 5759 ⁸⁰
876 5724 1013 5783 Psal.
1060 5741 1254 5797 xxvm,
1281 5730 1332 5784 9.
1411 5733 1451 5764 ⁵¹
1483 5731 1641 5789 Prov.
1667 5749 1717 5801 ν,
1754 5731 1838 5790 19.

1927 5735 1959 5766 ’²
1983 5731 2102 5790 Job.
2131 5748 2320 5802 xxxrx,
2360 5733 2410 5792 l.
2487 5733 2532 5766 ⁸³
2563 5733 2722 5792 Cant.
2777 5750 2839 5806 ll,
2869 5735 2924 5792 9.
