3862 6210
436 229 552 286 525⁸

1139 228 1412 286 EUSEBII
1446 229 1922 288 CESARIENSIS
1959 233 2108 290 OPP.
2150 234 2336 291 PARS
2373 231 2464 290 III.
2501 263 2574 277 -
2609 230 3023 290 EXEGETICA.

3590 230 3700 285 524

436 363 496 402 ra
525 353 629 408 est,
664 351 839 398 mater
869 343 1112 399 omnium
1167 354 1414 400 nostrum
1438 345 1504 398 ³⁷.
1529 363 1549 397 ι
1588 346 1786 402 Urbem
1830 359 1994 402 auten

2113 349 2272 401 Πόλιν
2300 348 2358 401 δὲ
2399 347 2733 420 ἀμεριμνίας
2775 344 2870 399 καὶ
2920 343 3020 406 τὰς
3064 341 3353 414 διαφόρους
3396 339 3544 410 λέγει
3593 357 3698 411 μο-

435 435 748 491 securitatis
773 444 935 490 vocat
962 435 1148 490 varias
1173 435 1299 492 illas
1335 437 1648 492 mansiones
1674 455 1688 491 :
1717 453 1841 492 nam
1869 442 2009 509 apud

436 529 676 593 Patrem,
717 529 895 598 inquit
911 527 979 595 ³⁸,
1025 530 1342 584 mansiones
1377 528 1594 595 multa,
1633 545 1754 600 qua:
1793 532 2010 587 divitias

439 637 713 692 nunquam
759 619 1078 691 expilandas
1114 629 1356 677 servant.
1409 621 1621 676 Etenim
1666 639 1686 674 ι
1720 621 2011 678 Thesauri-

437 726 579 780 zate,
629 715 802 784 inquit
835 714 904 780 ³⁹,
946 713 1035 768 ubi
1079 727 1180 769 nec
1228 728 1431 784 aerugo,
1478 727 1578 768 nec
1633 714 1778 770 tinea
1826 716 2012 771 demo-

434 807 585 873 litur,
619 821 792 876 neque
821 805 971 860 fures
992 803 1259 860 effodiunt
1281 815 1338 860 et
1367 805 1641 859 furantur.
1667 824 1686 858 ι

508 898 672 954 Vens.
730 899 815 964 19,
851 899 944 953 20.
983 916 1001 950 ι
1033 897 1256 953 Grando
1302 907 1482 952 autem
1546 899 1592 952 si
1637 899 2005 968 descenderit,

435 1008 542 1046 non
573 993 638 1046 ad
671 1005 767 1046 vos
799 991 1000 1045 veniet.
1031 990 1096 1044 Et
1128 997 1290 1044 erunt
1338 991 1430 1058 qui
1474 990 1723 1044 habitant
1767 990 1821 1044 in
1855 989 2009 1045 salti-

434 1083 537 1138 bus
567 1084 925 1154 conﬁdentes,
957 1084 1099 1137 sicut
1127 1083 1218 1152 qui
1253 1081 1305 1135 in
1337 1081 1580 1150 planitie.
1619 1082 1768 1138 Beati
1796 1084 1887 1152 qui
1921 1097 2007 1140 se-

434 1179 644 1232 tnlnant
672 1191 835 1244 super
867 1189 1081 1229 omnem
1110 1188 1328 1244 aquam,
1367 1173 1454 1228 ubi
1483 1173 1581 1228 bos
1608 1184 1663 1228 et
1689 1174 1873 1230 asinus
1894 1174 2008 1230 cal-

433 1281 627 1326 cant.»
688 1269 788 1324 Hic
848 1268 1032 1323 beatos
1086 1267 1342 1338 praedicat
1389 1266 1664 1336 apostolos
1708 1265 2006 1324 Salvatoris

433 1364 629 1428 nostri,
659 1371 715 1417 et
746 1361 953 1431 primos
980 1358 1254 1430 Evangelii
1281 1371 1578 1428 praecones,
1605 1358 1695 1428 qui
1719 1367 1774 1413 et
1805 1356 2006 1415 Iudaeis

432 1467 492 1512 et
523 1455 730 1511 Graecis
776 1453 1161 1522 praedicarunt,
1205 1465 1268 1506 ac
1318 1464 1502 1505 semen
1555 1465 1711 1505 suum
1750 1449 2005 1520 conjece-

431 1557 561 1603 runt
603 1547 654 1601 in
706 1559 923 1600 omnem
960 1545 1256 1609 hominem,
1291 1542 1535 1599 Judaeum
1579 1544 1780 1614 primo,
1809 1543 2007 1599 deinde

430 1641 679 1697 Graecum
704 1657 719 1692 :
747 1639 842 1693 bos
866 1639 1032 1704 enim,
1057 1645 1240 1707 utpote
1265 1637 1521 1690 mundum
1541 1634 2005 1705 animal,populus

2109 441 2206 504 νάς
2227 458 2239 470 ’
2272 441 2466 494 πολλαὶ
2511 439 2641 511 γὰρ,
2669 438 2823 510 φησὶ,
2861 436 3022 508 μοναὶ
3050 435 3204 508 παρὰ
3235 434 3314 505 τῷ
3361 434 3534 505 Πατρί
3565 444 3693 504 μου,

2109 533 2288 603 ἔχουσι
2329 533 2388 586 δὲ
2434 531 2651 586 καὶτὸν
2699 528 2928 583 πλοῦτον
2973 528 3064 582 τὸν
3113 527 3326 582 ἄσυλον.
3366 546 3386 576 ι
3419 526 3696 597 Θησαυρί-

2109 623 2230 688 ζετε
2300 623 2410 695 γὰρ
2444 663 2459 687 ,
2533 621 2721 705 φησὶν,
2790 620 2926 673 ὅπου
3001 618 3098 690 σὴς
3153 618 3248 670 καὶ
3313 615 3516 688 βρῶσις
3589 616 3694 668 οὐκ

2108 713 2394 784 ἀφανίζει,
2433 713 2552 766 οὐδὲ
2602 711 2831 765 κλέπται
2884 708 3229 781 διορύσσουσι
3268 709 3363 762 καὶ
3418 705 3724 764 κλέπτου-’

2111 821 2216 859 σιν.
2250 824 2270 857 Ι

2183 914 2202 947 ι
2245 895 2310 949 Ἦ
2341 895 2399 949 δέ
2430 890 2661 965 χάλαζα,
2701 892 2796 946 ἐὰν
2831 891 3066 962 καταϐῇ,
3102 889 3202 943 οὐκ
3247 890 3331 958 ἐφ’
3358 889 3502 959 ὑμᾶς
3541 889 3692 959 ἥξει.

2106 986 2216 1038 Καὶ
2257 984 2470 1037 ἔσονται
2502 984 2552 1036 οἱ
2586 980 2919 1044 ἐνοικοῦντες
2965 981 3024 1034 ἐν
3066 981 3179 1043 τοῖς
3221 978 3444 1050 δρυμοῖς
3496 995 3695 1032 πεποι-

2108 1075 2288 1140 θότες,
2326 1076 2404 1139 ὡς
2435 1076 2485 1129 οἱ
2521 1077 2579 1129 ἐν
2621 1077 2687 1146 τῇ
2719 1073 2926 1145 πεδινῇ.
2961 1071 3237 1143 Μακάριοι
3275 1073 3322 1124 οἱ
3372 1070 3691 1142 σπείροντες

2107 1167 2200 1220 ἐπὶ
2225 1168 2334 1220 πᾶν
2366 1166 2532 1236 ὕδωρ,
2557 1156 2619 1219 οῦ
2655 1164 2781 1235 βοῦς
2812 1163 2907 1217 καὶ
2949 1163 3071 1226 ὄνος
3118 1163 3298 1216 πατεῖ.
3327 1182 3346 1214 ι
3383 1160 3689 1233 Μακαρίζει

2105 1257 2162 1310 δὲ
2197 1256 2287 1311 διὰ
2317 1256 2522 1310 τούτων
2553 1256 2680 1319 τοὺς
2719 1253 3048 1317 ἀποστόλους
3088 1253 3184 1306 τοῦ
3225 1252 3475 1324 Σωτῆρος
3505 1252 3686 1324 ήμῶν,

2105 1348 2201 1401 καὶ
2246 1349 2372 1413 τοὺς
2418 1348 2666 1421 πρώτους
2710 1347 2957 1418 κήρυκας
3006 1344 3101 1398 τοῦ
3155 1345 3507 1415 Εὐαγγελίου,
3557 1346 3689 1407 τοὺς

2105 1439 2199 1494 καὶ
2233 1438 2502 1502 Ἰουδαίοις
2531 1439 2625 1492 καὶ
2655 1437 2878 1508 Ἕλλησι
2906 1435 3271 1508 κηρύξαντας,
3305 1435 3401 1489 καὶ
3429 1435 3522 1488 τὸν
3553 1435 3691 1488 σπό-

2107 1549 2200 1602 ρον
2268 1530 2446 1584 αύτῶν
2518 1527 2989 1599 καταδαλομὲνους
3051 1527 3145 1580 ἐπὶ
3217 1527 3396 1580 πάντα
3470 1524 3688 1595 ἀνθρω-

2107 1641 2210 1678 πον
2248 1621 2504 1676 ’Ῑουδαῖόν
2532 1637 2592 1674 τε
2627 1619 2843 1692 πρῶτον
2887 1618 2980 1672 καὶ
3001 1617 3238 1689 Ἕλληνα
3259 1635 3272 1648 ·
3308 1616 3433 1688 βοῦς
3457 1618 3565 1689 γὰρ
3593 1617 3691 1673 διὰ

429 1751 496 1792 ex
529 1731 968 1797 circumcisione,
1003 1738 1217 1798 patrum
1259 1743 1482 1784 suorum
1530 1742 1713 1792 causa,
1743 1735 1994 1792 vocatur;

2106 1717 2232 1780 τοὺς
2277 1715 2550 1787 πατέρας,
2611 1713 2810 1766 ὡσανεὶ
2856 1711 3094 1784 καθαρὸν
3141 1711 3298 1776 ζῶον,
3342 1713 3371 1764 6
3411 1713 3476 1764 ἐκ
3521 1729 3688 1784 περι-

428 1827 616 1881 asinus
636 1833 838 1891 autem,
855 1831 1040 1894 utpote
1060 1821 1330 1890 impurus,
1349 1820 1544 1874 dicitur
1573 1819 1802 1890 populus
1825 1834 1894 1874 ex
1918 1833 2010 1888 pa-

428 1917 602 1971 tribus
625 1915 918 1971 idololatris
953 1913 1286 1984 progenitus.
1304 1911 1568 1979 Quoniam
1615 1912 1778 1982 igitur
1821 1911 1876 1967 in
1913 1909 2009 1967 Ju-

425 2009 571 2064 daeos
588 2008 840 2079 primum,
858 2007 1054 2062 deinde
1085 2006 1137 2060 in
1166 2003 1388 2060 Graecos
1419 2004 1790 2074 evangelicum
1817 2019 2006 2061 semen

425 2100 655 2170 apostoli
701 2100 1000 2156 Salvatoris
1040 2097 1211 2153 nostri
1236 2095 1542 2166 iaciebant;
1582 2095 1711 2166 iure
1754 2096 2002 2151 dicitur:

429 2212 452 2249 ι
477 2195 671 2251 Beatus
688 2196 778 2266 qui
799 2196 1032 2251 seminat
1059 2208 1222 2264 super
1234 2207 1450 2249 omnem
1476 2205 1691 2262 aquam,
1714 2191 1802 2246 ubi
1830 2191 1928 2247 bos
1949 2202 2005 2248 et

424 2293 608 2347 asinus
640 2292 868 2347 calcant.
902 2310 920 2341 ι
957 2289 1054 2345 IIic
1101 2304 1266 2361 porro
1318 2303 1418 2359 per
1446 2303 1656 2359 aquam
1696 2287 2005 2344 subindicat

425 2385 664 2440 divinam
699 2371 1058 2455 Scripturam,
1090 2382 1263 2453 quieta
1295 2380 1602 2438 Judaeorum
1631 2390 1687 2437 et
1719 2381 2000 2452 gentilium

423 2479 620 2550 papnlo
656 2478 914 2534 calcatur.

934 2570 1166 2628 CAPUT
1204 2569 1450 2626 XXXIII.

493 2664 661 2721 Vens.
698 2667 753 2722 l.
785 2682 808 2718 ι
840 2665 929 2721 Vae
969 2667 1038 2721 iis
1085 2665 1178 2735 qni
1219 2679 1316 2720 vos
1358 2663 1586 2719 miseros
1634 2661 1860 2729 faciunt,
1901 2662 2000 2718 sed

421 2772 582 2812 nemo
615 2771 712 2813 vos
743 2759 975 2813 miseros
1005 2757 1177 2812 facit:
1207 2767 1262 2811 et
1291 2758 1383 2827 qui
1431 2757 1684 2826 reprobat
1727 2771 1846 2823 vos,
1891 2771 1998 2812 non

421 2845 1031 2918 reprobatzcapientur
1074 2848 1431 2919 reprobantes
1481 2860 1536 2904 et
1583 2849 1885 2918 tradentur,
1943 2859 1999 2906 et

419 2939 576 3008 quasi
610 2941 754 2994 tinea
803 2941 856 2994 in
906 2941 1254 3006 vestimento,
1291 2941 1368 2995 sic
1399 2942 1815 3010 superabuntur.
1846 2961 1866 2996 ι
1903 2941 1998 3000 His

421 3030 731 3085 consimilia
767 3042 893 3086 sunt
945 3047 1030 3096 ea,
1063 3031 1217 3101 queis
1258 3031 1512 3088 Salvator
1544 3034 1837 3104 discipulos
1869 3052 1996 3092 suos

420 3123 841 3194 alloquebatur:
880 3141 899 3175 ι
929 3123 1032 3190 Qui
1073 3139 1170 3180 vos
1214 3127 1446 3196 spernit,
1495 3141 1582 3182 me
1625 3129 1858 3195 spernit,
1886 3147 1906 3181 ι
1940 3142 1995 3186 et

419 3231 516 3270 vos
568 3231 673 3271 non
730 3215 1013 3281 laidimini,
1058 3226 1134 3280 et,
1177 3219 1309 3288 (qui
1366 3209 1454 3274 me
1506 3223 1737 3289 spernit,
1789 3223 1995 3291 spernit

416 3321 562 3370 eum,
592 3307 682 3376 qui
714 3307 862 3362 misit
887 3323 972 3362 me
993 3309 1056 3362 ⁸ο.
1085 3328 1105 3361 ι
1138 3309 1271 3363 Nant
1317 3325 1439 3366 cum
1479 3314 1606 3378 duo,
1637 3323 1699 3367 ut
1728 3315 1992 3385 quiSpiam

417 3400 636 3462 dixerit.
665 3399 716 3454 in
749 3409 989 3470 tempore
1019 3405 1412 3472 persecutionis
1434 3407 1653 3462 ordines
1679 3408 1818 3474 sint,
1854 3409 1995 3466 alius

417 3495 716 3563 agentium,
750 3495 1070 3565 patientium
1105 3497 1272 3564 alius;
1307 3500 1495 3556 beatus
1521 3513 1609 3558 est
1641 3505 1732 3573 qui
1769 3505 1990 3574 patitur,

415 3586 510 3640 scd
563 3600 667 3641 non
717 3587 863 3658 agit;
914 3587 1106 3643 infelix
1141 3605 1270 3646 vero
1298 3593 1388 3662 qui
1417 3594 1549 3665 agit,
1577 3596 1670 3650 sed
1733 3611 1838 3651 non
1901 3612 1994 3666 pa-

416 3677 572 3730 titttr.

485 3767 652 3826 Vens.
692 3770 748 3826 2.
793 3789 812 3824 ι
840 3771 1091 3839 Domine,
1125 3773 1388 3831 miserere
1437 3776 1634 3843 nostri,
1675 3777 1730 3832 in
1760 3786 1813 3834 te
1840 3779 1986 3834 enim

411 3860 757 3922 conﬁdimus.
805 3862 1031 3920 Factum
1095 3875 1182 3922 est
1237 3879 1426 3922 semen
1477 3865 1884 3924 incredulorum
1933 3872 1988 3926 in

412 3950 810 4019 perditionem;
845 3953 992 4010 salus
1021 3965 1204 4011 autem
1234 3967 1418 4013 nostra
1446 3959 1499 4012 in
1531 3967 1773 4029 tempore
1819 3961 1988 4017 tribu-

413 4041 652 4095 lationis.
681 4061 701 4096 ›
737 4043 814 4097 Ex
839 4058 1069 4112 persona
1095 4048 1463 4117 apostolorum
1493 4051 1802 4108 orationem
1829 4055 1989 4108 emit-

415 4133 484 4184 tit
519 4147 532 4182 :
562 4147 751 4186 eorum
782 4135 982 4204 quippe
1006 4151 1215 4200 semen,
1243 4139 1335 4206 qui
1365 4141 1688 4210 evangelica:
1719 4143 1987 4212 praedica-

408 4223 545 4278 tioni
592 4239 698 4278 non
743 4226 1118 4294 crediderunt,
1149 4229 1407 4298 perniciei
1441 4233 1695 4285 traditum
1727 4243 1812 4288 est
1842 4251 1855 4286 :
1885 4249 1986 4288 no-

409 4325 522 4370 stra
566 4329 697 4370 vero
746 4315 892 4371 salus
936 4327 991 4371 tu
1040 4319 1157 4387 ipse
1204 4335 1285 4384 es,
1314 4335 1348 4375 o
1389 4320 1639 4390 Domine,
1689 4324 1782 4394 qui
1828 4325 1982 4380 nobis

414 4409 546 4462 ades
569 4408 622 4461 in
665 4417 905 4478 tempore
935 4410 1322 4468 tribulationis.

478 4499 643 4554 Vens.
694 4501 747 4554 5.
794 4519 812 4551 ι
842 4498 1074 4571 Propter
1106 4517 1294 4557 vocem
1351 4503 1564 4560 timoris
1627 4505 1702 4561 tui
1760 4507 1978 4563 sedibus

408 4593 539 4646 moti
587 4602 712 4646 sunt
745 4592 928 4661 populi
981 4607 1011 4646 a
1067 4593 1262 4649 timore
1298 4603 1408 4660 tuo,
1448 4607 1504 4650 et
1543 4597 1802 4666 dispersae
1852 4609 1980 4654 sunt

407 4694 651 4753 gentes.»
695 4683 748 4738 Id
795 4685 992 4739 dicitur
1038 4685 1105 4740 de
1155 4685 1225 4740 iis
1265 4687 1358 4756 qui
1389 4703 1558 4743 sacrm
1605 4691 1974 4763 praedicationi

404 4776 564 4828 iidem
615 4790 722 4829 non
770 4775 1099 4834 habuerunt.
1155 4778 1439 4847 Significat
1501 4791 1677 4835 autem
1739 4780 1977 4838 Judaica:

401 4867 576 4936 gentis
624 4867 985 4937 obsidionem,
1036 4879 1090 4926 et
1143 4872 1309 4940 quod,
1362 4872 1655 4942 ingruente
1708 4875 1836 4944 ipsis
1885 4877 1975 4931 Ito-

399 4959 563 5012 stinm
599 4960 964 5028 multitudine,
998 4979 1066 5017 ex
1097 4973 1241 5019 terra
1267 4979 1364 5019 sua
1396 4965 1558 5034 pulsi,
1591 4975 1646 5023 et
1677 4968 1818 5023 inter
1851 4986 1977 5040 gen-

404 5062 481 5106 tes
515 5051 751 5120 dispersi
781 5053 911 5106 sint.

472 5140 637 5197 Vens.
687 5141 741 5196 4.
804 5142 1002 5199 «Nunc
1048 5152 1226 5199 autem
1283 5148 1756 5217 congregabutttur
1805 5151 1974 5221 spolia

397 5244 600 5300 vestra,
631 5235 780 5305 parvi
820 5246 875 5289 et
919 5237 1128 5305 magni,
1162 5246 1417 5305 tanquam
1448 5239 1492 5294 si
1527 5239 1650 5307 quis
1684 5251 1976 5312 congreget

397 5325 660 5391 locustas.
688 5328 767 5382 sic
791 5327 1024 5383 illudent
1050 5328 1221 5384 vobis.
1243 5349 1262 5381 ι
1292 5328 1388 5386 His
1420 5346 1583 5400 quam
1612 5332 1883 5390 invalidus
1917 5346 1972 5391 et

395 5431 558 5487 quam
591 5431 901 5490 expugnatu
932 5419 1108 5475 facilis
1134 5419 1392 5477 Judaicns
1421 5425 1648 5492 papulus
1693 5437 1838 5480 esset
1878 5427 1973 5482 de-

396 5509 568 5564 clarat
596 5526 610 5562 :
642 5526 704 5565 ac
731 5511 1130 5568 multitudinem
1157 5528 1344 5568 eorum
1379 5515 1603 5572 locustis
1625 5533 1969 5588 comparans,

2106 1814 2280 1884 τομῆς
2305 1810 2431 1874 λαὸς
2467 1809 2808 1881 ὠνόμασται·
2845 1807 2966 1871 ὄνος
2995 1806 3072 1871 δὲ,
3115 1805 3313 1860 ὡσανεὶ
3343 1805 3684 1876 ἀκάθαρτος,

2106 1903 2134 1954 ὁ
2160 1903 2224 1955 ἐκ
2253 1901 2502 1972 πατέρων
2531 1897 2931 1970 εἰδωλολατρῶν
2962 1897 3110 1962 λαός.
3153 1897 3307 1950 Ἐπεὶ
3335 1896 3510 1950 τοίνυν
3549 1895 3687 1950 Ἰου-

2105 1994 2273 2057 δαίοις
2294 1992 2546 2064 πρώτως,
2577 1991 2767 2045 ἔπειτα
2784 1989 3009 2060 Ἕλλησι
3047 1987 3138 2042 τὸν
3171 1987 3521 2056 εὐαγγελικδν
3547 2004 3688 2040 κατ·

2105 2086 2390 2140 ε6ἀλλοντο
2445 2086 2648 2157 σπόρον
2680 2085 2730 2138 οί
2757 2083 2852 2138 τοῦ
2882 2081 3138 2152 Σωτῆρος
3175 2080 3334 2152 ἡμῶν
3371 2077 3685 2146 ἀπόστολοι,

2103 2177 2328 2242 εἰκότως
2376 2178 2623 2250 εῖρηται·
2679 2195 2698 2228 ι
2728 2175 3012 2246 Μακάριος
3062 2174 3091 2226 6
3139 2171 3378 2244 σπείρων
3430 2171 3523 2224 ἐπὶ
3569 2172 3686 2224 πᾶν

2104 2269 2267 2342 ὕδωρ,
2306 2263 2368 2325 οῦ
2411 2268 2538 2340 βοῦς
2570 2269 2665 2322 καὶ
2706 2268 2826 2332 ὄνος
2861 2269 3041 2321 πατεῖ.
3070 2285 3088 2318 ι
3124 2266 3310 2337 ’Ύδωρ
3343 2265 3399 2317 δὲ
3442 2261 3683 2317 ἐνταῦθα

2101 2359 2318 2430 ᾐνίξατο
2349 2359 2447 2431 τὴν
2474 2359 2828 2413 θεόπνευστον
2858 2356 3103 2428 Γραφὴν,
3149 2354 3254 2410 ὑπὸ
3291 2353 3558 2409 Ἰουδαίων
3583 2353 3685 2408 καὶ

2101 2450 2196 2504 τοῦ
2221 2451 2282 2517 ἐξ
2308 2449 2476 2506 ἐθνῶν
2505 2449 2634 2504 λαοῦ
2665 2449 3031 2520 πατουμένην.

2613 2538 3012 2595 ΚΕΦΑΛΑΙΟΝ
3049 2537 3171 2593 ΔΓν.

2176 2654 2196 2689 ι
2223 2634 2360 2690 Οὐαὶ
2389 2637 2502 2698 τοῖς
2534 2631 2974 2704 ταλαιπωροῦσιν
3002 2631 3146 2702 ὑμᾶς
3167 2669 3183 2694 ,
3226 2628 3372 2700 ὑμᾶς
3415 2627 3474 2682 δὲ
3503 2625 3683 2690 οὐδεὶς

2099 2727 2242 2779 ποιεῖ
2273 2723 2676 2793 ταλαιπώρουςο
2725 2721 2821 2776 καὶ
2855 2722 2884 2774 6
2911 2719 3120 2774 ἀθετῶν
3155 2719 3300 2790 ὑμᾶς
3334 2717 3435 2770 οὐκ
3461 2715 3678 2770 ἀθετετ⁶

2099 2815 2401 2871 ἁλώσονται
2433 2815 2482 2868 οἱ
2532 2812 2850 2876 ἀθετοῦντες
2901 2812 2995 2866 καὶ
3045 2810 3532 2884 παραδοθήσονται,
3580 2809 3682 2863 καὶ

2095 2907 2172 2971 ὡς
2209 2906 2308 2978 σὴς
2349 2905 2434 2974 ἐφ’
2465 2906 2702 2976 ἱματίου,
2742 2903 2913 2968 οὕτως
2945 2903 3356 2975 ἡττηθήσονται.
3385 2921 3404 2953 ι
3455 2900 3680 2968 Τούτοις

2096 2995 2302 3064 ἀδελφά
2327 2996 2584 3066 τυγχάνει
2611 2994 2681 3047 τὰ
2711 2993 2778 3047 δι’
2805 2987 2881 3046 ῶν
2917 2995 2945 3047 ὁ
2973 2992 3162 3064 Σωτὴρ
3193 2995 3305 3057 τοῖς
3346 2991 3538 3045 ἑαυτοῦ
3571 3009 3682 3061 μα-

2022 3097 2063 3155 c
2097 3088 2288 3159 θηταῖς
2330 3086 2546 3156 ἔλεγεν·
2588 3105 2607 3136 ι
2645 3086 2702 3140 '0
2732 3086 2877 3156 ὑμᾶς
2903 3083 3112 3138 ἀθετῶν
3154 3085 3255 3156 ἐμὲ
3299 3084 3499 3149 ἀθετεῖ,
3523 3103 3542 3135 ι
3579 3084 3681 3138 καὶ

2095 3179 2195 3232 οὐκ
2244 3178 2515 3233 ἀδικεῖσθε
2567 3179 2754 3248 ὑμεῖς,
2791 3177 2916 3240 καὶ,
2951 3195 2970 3228 ι
3004 3176 3063 3230 '0
3093 3177 3196 3245 ἐμὲ
3237 3175 3446 3231 ἀθετῶν
3491 3175 3680 3230 ἀθετεῖ

2093 3269 2186 3322 τὸν
2233 3268 2626 3324 ἀποστείλαντά
2667 3285 2755 3338 με.
2778 3286 2796 3320 ι
2835 3267 2939 3320 Δύο
2989 3267 3098 3340 γὰρ
3141 3269 3308 3322 ὄντων
3353 3269 3676 3339 ταγμάτων,

2094 3362 2170 3426 ὡς
2213 3362 2278 3416 ἂν
2322 3361 2465 3414 εἴποι
2491 3378 2607 3428 τις,
2650 3359 2792 3414 κατά
2831 3361 2958 3425 τοὺς
2985 3362 3210 3432 καιροὺς
3258 3362 3367 3414 τῶν
3395 3361 3676 3432 διωγμῶν,

2093 3451 2199 3504 τῶν
2235 3451 2332 3522 μὲν
2366 3449 2634 3522 δρώντων,
2679 3449 2787 3504 τῶν
2823 3449 2880 3502 δέ
2926 3450 3261 3520 πασχόντων,
3311 3452 3578 3522 μακάριος
3610 3451 3678 3504 ἃ)

2093 3543 2179 3615 εῐη
2209 3545 2238 3596 ὁ
2265 3544 2509 3613 πάσχων,
2539 3543 2675 3598 ἀλλά
2707 3542 2781 3613 μὴ
2807 3541 2976 3613 δρῶψ
3007 3543 3190 3609 ἀθλιος
3217 3545 3274 3598 δὲ
3295 3548 3324 3600 6
3347 3545 3509 3616 δρῶν,
3536 3544 3678 3598 ἀλλὰ

2096 3633 2172 3705 μὴ
2207 3633 2451 3704 πάσχων.

2168 3809 2187 3842 ι
2219 3790 2412 3863 Κύριε,
2444 3791 2665 3862 ἐλέησον
2700 3795 2879 3864 ἡμᾶς’
2914 3793 3007 3846 ἐπὶ
3038 3793 3122 3846 σοὶ¹
3169 3790 3278 3863 γὰρ
3307 3789 3673 3860 πεποίθαμεν.

2103 3882 2362 3954 Ἐγενήθη
2387 3881 2448 3936 τὺ
2476 3883 2696 3955 σπέρμα
2725 3885 2835 3938 τῶν
2855 3882 3228 3936 ἀπειθούντων
3257 3884 3338 3946 εἰς
3363 3881 3640 3935 ἀπώλειαν
3656 3899 3672 3911 ο

2089 3973 2206 4044 ἠδὲ
2246 3975 2488 4046 σωτηρία
2530 3975 2687 4045 ἡμῶν
2725 3978 2782 4028 ἐν
2813 3975 2990 4046 καιρῷ
3033 3973 3286 4044 Θλίψεως.
3320 3992 3339 4024 ι
3387 3973 3480 4026 Ἐκ
3508 3991 3679 4045 προσ-

2087 4065 2238 4118 ώπου
2285 4065 2394 4119 τῶν
2441 4067 2754 4120 ἀποστόλων
2805 4067 2907 4138 τὴν
2957 4067 3122 4138 εὐχὴν
3169 4067 3518 4138 ἀναπέμπειο
3558 4067 3677 4119 τῶν
3735 4093 3742 4102 ι

2091 4155 2189 4226 μὲν
2235 4156 2344 4228 γὰρ
2383 4156 2794 4228 ἀπειθησάντων
2843 4158 2923 4230 τῷ
2967 4157 3305 4228 εὐαγγελικῷ
3351 4156 3679 4228 κηρύγματι

2085 4245 2147 4297 τὸ
2179 4246 2399 4318 σπέρμα
2430 4247 2699 4318 παρεδόθη
2731 4248 3005 4320 ἀπωλείᾳο
3039 4248 3196 4320 ἡμῶν
3232 4249 3289 4301 δέ
3328 4247 3571 4319 σωτηρία
3604 4249 3677 4300 σὺ

2085 4337 2244 4402 αὐτὸς
2299 4340 2616 4410 τυγχάνεις,
2652 4335 2697 4394 ὦ
2745 4341 2937 4412 Κύριε,
2987 4341 3389 4413 παριστάμενος
3437 4343 3569 4412 ἡμῖν
3612 4343 3679 4394 ἐν

2019 4441 2063 4497 D
2093 4429 2272 4502 καιρῷ
2297 4429 2550 4500 θλίψεως.

2161 4541 2179 4573 ι
2207 4521 2304 4574 Διά
2334 4524 2517 4595 φωνὴν
2557 4525 2652 4578 τοῦ
2697 4524 2864 4594 φόϐου
2905 4542 2998 4578 σου
3052 4524 3353 4596 ἐξέστησαν
3398 4523 3517 4577 λαοὶ
3559 4525 3680 4579 ἀπὸ

2083 4613 2176 4666 τοῦ
2206 4614 2372 4682 φόϐου
2400 4633 2513 4681 σου,
2540 4617 2634 4669 καὶ
2661 4616 3031 4688 διεσπάρησαν
3060 4617 3128 4670 τὰ
3161 4615 3289 4685 ἔθνη
3311 4633 3324 4646 ·
3346 4633 3364 4666 ι
3404 4618 3532 4686 περὶ
3560 4619 3680 4671 τῶν

2083 4706 2497 4777 ἀπιστησάντων
2534 4709 2612 4780 τῷ
2658 4708 2787 4780 ἱερῷ
2824 4710 3160 4782 κηρύγματι.
3194 4709 3453 4780 Σημαίνει
3485 4710 3542 4763 δὲ
3571 4710 3678 4781 τὴν

2083 4796 2395 4870 πολιορκίαν
2441 4800 2534 4853 τοῦ
2571 4801 2838 4856 Ἰουδαίων
2879 4801 3093 4866 ἔθνους,
3138 4802 3233 4856 καὶ
3268 4803 3344 4866 ὥς
3389 4801 3676 4873 τωλυπληο

2083 4886 2233 4951 θείας
2288 4888 2562 4960 πολεμίων
2613 4891 2945 4963 ἐπελθούσης
2991 4893 3173 4956 αὐτοῖς
3221 4890 3520 4962 ἐξέστησαν
3568 4892 3678 4964 τῆς

2083 4981 2290 5035 ἑαυτῶν
2326 4982 2448 5052 γῆς,
2477 4983 2569 5036 καὶ
2592 4983 3082 5057 διεσκορπίσθησαν
3105 4988 3184 5049 είς
3207 4986 3276 5038 τὰ
3301 4986 3450 5058 ἔθνη.

2155 5176 2176 5210 ι
2216 5159 2330 5213 Νῦν
2372 5162 2430 5215 δὲ
2489 5165 2878 5237 συναχθήσεται
2910 5167 2978 5222 τὰ
3031 5169 3203 5223 σκύλα
3241 5167 3414 5240 ὑμῶν,
3465 5170 3674 5242 μικροῦ

2081 5251 2173 5302 καὶ
2208 5252 2466 5320 μεγάλου,
2506 5255 2566 5308 ὃν
2599 5257 2801 5327 τρόπον
2827 5259 2924 5314 ἐάν
2963 5277 3050 5324 τις
3085 5261 3371 5334 συναγάγῃ
3412 5260 3674 5332 ἀκρίδας.

2079 5340 2250 5404 οὕτως
2295 5344 2653 5414 ἐμπαίξουσιν
2685 5350 2875 5420 ὑμῖν.»
2921 5352 2995 5404 Τὸ
3043 5352 3367 5424 εὐχείρωτον
3407 5353 3500 5406 καὶ
3538 5355 3671 5408 εύά-

2077 5429 2247 5485 λωτον
2292 5435 2386 5488 τοῦ
2431 5438 2696 5493 Ἰουδαίων
2742 5441 2872 5496 λαοῦ
2906 5444 3205 5514 παριστὰς,
3238 5444 3298 5497 τό
3350 5461 3407 5497 τε
3460 5445 3673 5514 πλῆθος

2079 5523 2256 5578 αὐτῶν
2289 5527 2477 5599 ἀκρίσι
2510 5532 2892 5602 παραϐάλλων,
2931 5537 3188 5606 σημαίνει
3216 5536 3290 5600 ὡς
3317 5538 3365 5590 οί
3408 5536 3671 5608 πολέμιοι

471 5698 512 5730 ³⁷
541 5697 656 5756 Gal.
692 5715 766 5768 tv,
797 5701 884 5758 26.
964 5706 1007 5737 ³⁸
1032 5703 1304 5777 Joamuv,
1332 5709 1385 5763 2.
1465 5710 1509 5742 δ’
1537 5710 1726 5768 Matth.
1759 5729 1831 5782 vx,
1869 5712 1952 5768 19.

2104 5715 2228 5772 Luc.
2264 5734 2317 5786 x,
2350 5718 2431 5773 16.
