3862 6210
172 229 287 285 39.5

1103 232 1601 294 COMMENTARIA
1643 236 1708 293 IN
1747 237 2001 295 ISAIAM.
2044 272 2113 281 —
2149 236 2302 292 CAP.
2343 235 2580 292 XXXIII.

3346 243 3453 299 326

171 344 299 397 ἀντὶ
345 341 602 409 παιγνίου
646 343 844 408 αὐτοὺς
895 345 1127 413 ἕξουσιν,
1169 351 1232 404 οὐ
1283 352 1443 423 μόνον
1486 354 1556 409 τὰ
1605 357 1775 412 σκύλα

1879 357 2156 426 signiﬁcat
2179 357 2326 426 ipsos
2359 356 2427 410 ab
2453 352 2694 410 inimicis
2723 353 2957 412 ludibrio
2985 355 3266 415 habendos
3285 374 3408 415 esse
3435 377 3449 413 :

176 432 364 486 αὐτῶν
403 434 796 506 διαρπάξοντες
834 439 1033 510 μικροῦ
1073 441 1166 496 καὶ
1207 444 1464 514 μεγάλου,
1497 448 1631 503 ἀλλὰ
1678 452 1772 505 καὶ

169 523 364 586 αὐτοῖς
401 523 786 595 ἐμπαίζοντες.
814 527 1000 582 Ταῦτα
1037 531 1164 602 περὶ
1205 533 1411 591 τούτων
1448 538 1638 605 εἰπὼν,
1673 559 1770 612 με·

171 617 548 706 ταϐαίνειέπὶ
575 617 638 670 τὸ
665 618 850 689 τάγμα
877 621 976 691 τῆς
1001 621 1098 676 τοῦ
1131 623 1266 679 Θεοῦ
1308 627 1655 702 Ἐκκλησίας,
1681 635 1768 706 ἐφ’

170 700 218 775 ᾧ
249 709 348 761 καὶ
369 705 582 772 δοξάζει
605 708 697 761 τὸν
727 707 861 762 Θεὸν
891 710 1066 780 λέγων
1085 731 1098 744 ·

251 818 272 890 ι
307 800 500 890 Ἀγιος
522 799 551 851 6
583 799 719 864 Θεὸς
741 803 772 854 6
799 803 1070 858 κατοικῶν
1099 807 1162 859 ἐν
1183 807 1435 880 ὑψηλοῖς·
1463 812 1768 890 ἐνεπλήσθη

172 888 318 942 Σιὼν
371 889 609 961 κρίσεως
657 891 754 944 καὶ
807 891 1175 967 δικαιοσύνης.
1204 917 1222 948 ι
1277 901 1512 972 Νοήσεις
1559 905 1616 958 δὲ

171 981 320 1036 Σιὼν
372 981 482 1035 ἀπὸ
523 981 620 1035 τοῦ
684 981 939 1052 λέγεσθαι
992 987 1227 1059 κρίσεως
1281 993 1378 1046 καὶ
1421 994 1769 1070 δικαιοσύνης

172 1071 573 1143 πεπληρῶσθαι
609 1073 802 1145 αὐτήν.
846 1076 934 1129 Ἐν
967 1076 1026 1130 δέ
1065 1081 1179 1144 τοῖς
1220 1083 1477 1156 ἀνωτέρω
1515 1087 1764 1155 ἐλέγετο·

177 1181 197 1214 ι
226 1165 343 1216 Καὶ
369 1165 744 1220 ἀναπαύσεται
778 1168 838 1222 ἐν
865 1171 932 1240 τῇ
975 1171 1168 1243 ἐρήμῳ
1212 1177 1387 1246 κρῖμα
1431 1178 1526 1231 καί
1565 1178 1770 1234 δικαιο-

173 1252 336 1344 σύνη.
364 1274 384 1306 ι
423 1256 535 1327 Τὴν
580 1258 838 1330 ἀνωτέρω
880 1262 1058 1316 τοίνυν
1109 1263 1316 1336 ἔρημον
1371 1268 1768 1344 ὠνομασμένην

171 1343 274 1399 νῦν
307 1345 449 1399 Σιὼν
477 1349 769 1415 ἀποκαλεῖ,
814 1352 957 1407 οῦτω
988 1354 1086 1427 τὴν
1133 1357 1456 1430 Ἐκκλησίαν
1499 1361 1594 1416 τοῦ
1630 1343 1766 1418 Θεοῦ

173 1438 483 1521 σημαίνων.
510 1439 658 1510 Αὕτη
711 1442 822 1514 γὰρ
863 1439 932 1515 ἦν
961 1447 994 1516 ή
1026 1446 1191 1502 πάλαι
1238 1449 1462 1522 ἔρημος.
1506 1449 1627 1528 ἐνῇ
1669 1457 1766 1511 ἀν-

1878 449 1971 519 qni
2001 463 2107 503 non
2135 448 2296 504 modo
2336 457 2443 502 tam
2471 447 2648 517 parvi,
2679 460 2841 516 quam
2880 451 3062 519 magni
3092 463 3280 506 eorum
3324 465 3454 522 spo-
3530 521 3537 528 _

1877 541 1948 596 lia
1983 541 2264 612 diripient,
2292 541 2385 597 sed
2423 541 2588 596 etiam
2638 540 2770 611 ipsis
2825 539 3070 596 illudent.
3116 541 3239 598 llaec
3289 558 3454 613 porro

1876 633 1946 689 de
2002 633 2069 689 iis
2124 632 2354 695 locutus,
2401 630 2468 685 ad
2511 629 2812 687 Ecclesiam
2854 631 2948 686 Dei
2991 634 3307 703 pertransit,
3357 635 3451 692 ubi

1879 725 2044 780 Deum
2074 723 2160 779 his
2180 722 2362 778 verbis
2387 721 2632 777 celebrat
2659 737 2672 774 :

1949 813 2111 868 Vens.
2142 813 2197 868 5.
2241 831 2262 865 ι
2289 813 2530 868 Sanctus
2553 811 2718 876 Deus,
2739 812 2833 881 qui
2864 811 3072 867 habitat
3104 813 3156 868 in
3182 815 3449 872 excelsis:

1875 905 2082 974 repleta
2110 915 2194 960 est
2228 905 2361 960 Sion
2401 903 2608 974 judicio
2655 912 2711 958 et
2751 903 2986 972 justitia.
3011 921 3030 954 ι
3072 903 3203 959 Sion
3228 921 3348 976 quae
3377 905 3452 962 sit

1876 995 1960 1049 vel
2004 995 2130 1050 inde
2179 994 2474 1065 intelligas,
2509 994 2654 1062 quod
2703 993 2920 1048 dicatur
2965 993 3113 1048 illam
3148 993 3358 1063 judicio
3393 1005 3452 1051 et

1870 1083 2083 1154 justitia
2125 1084 2386 1154 repletam
2439 1097 2583 1138 esse.
2621 1080 2884 1151 Superius
2914 1091 3095 1137 autem
3123 1083 3447 1141 dicebatur:

1879 1195 1899 1228 ι
1925 1176 1989 1230 Et
2021 1177 2327 1247 requiescet
2382 1175 2437 1230 in
2487 1177 2712 1248 ldeserto
2739 1172 3004 1242 judicium
3059 1184 3114 1231 et
3142 1176 3384 1246 justitia.
3422 1197 3444 1232 ι

1874 1266 2005 1322 Eam
2055 1267 2240 1337 igitur,
2294 1281 2415 1336 quae
2453 1267 2703 1334 superius
2738 1265 3011 1320 desertum
3057 1278 3303 1332 vocatur,
3333 1269 3446 1340 jam

1875 1358 2005 1413 Sion
2039 1366 2353 1429 nuncupat;
2397 1367 2560 1428 atquc
2589 1360 2662 1412 ita
2698 1357 2994 1413 Ecclesiam
3025 1357 3124 1413 Dei
3153 1360 3442 1431 signiﬁcat.

1873 1446 2000 1504 Haec
2027 1449 2226 1520 quippe
2249 1458 2369 1504 erat
2400 1449 2491 1504 illa
2513 1449 2640 1504 olim
2664 1447 2920 1515 solitudo,
2956 1449 3010 1504 in
3032 1465 3136 1519 qua
3179 1452 3449 1522 requievit

171 1530 455 1583 επαύσατο
493 1534 667 1603 κρῖμα
707 1535 802 1587 καὶ
845 1534 1156 1611 δικαιοσύνη
1177 1557 1192 1570 ·
1219 1540 1300 1594 διὸ
1330 1543 1426 1597 καὶ
1465 1545 1766 1615 εὐλογεῖται

1868 1540 2133 1611 judicium
2175 1549 2232 1595 et
2253 1537 2465 1608 justitia
2491 1556 2508 1596 :
2532 1542 2886 1610 quamobrem
2939 1558 3082 1598 nunc
3113 1542 3252 1600 Deus
3282 1544 3446 1602 bene-

173 1619 274 1727 νῦν
309 1623 340 1674 6
391 1621 557 1688 Θεὸς,
601 1625 685 1678 ὅτι
745 1626 1051 1700 ἐνεπλήσθη
1115 1631 1350 1702 κρίσεως
1407 1636 1501 1688 καὶ
1555 1637 1764 1692 δικαιο-

1870 1633 2090 1698 dicitur,
2116 1630 2243 1701 quia
2268 1629 2470 1701 repleta
2493 1641 2578 1688 est
2593 1632 2802 1704 judicio
2823 1642 2877 1688 et
2891 1631 3124 1702 justitia.

175 1728 371 1777 συνης.

320 1731 371 1777 ς.

247 1730 406 1860 ΪηἘν
433 1807 584 1879 νόμῳ
634 1811 1127 1884 παραδοθήσονται,
1169 1816 1229 1870 ἐν
1263 1816 1557 1889 θησαυροῖς
1585 1821 1619 1892 ή
1665 1838 1770 1875 σω-

1941 1810 2108 1868 Vzns.
2144 1811 2197 1867 6.
2229 1830 2248 1865 ι
2277 1811 2333 1866 1η
2366 1812 2486 1883 lege
2517 1813 2820 1878 tradentur,
2876 1813 2928 1868 in
2977 1813 3247 1870 thesauris
3293 1813 3442 1870 salus

170 1897 345 1968 τηρία
390 1897 548 1968 ἡμῶν
569 1915 584 1930 ο
617 1901 735 1953 ἐκεῖ
767 1901 928 1971 σοφία
957 1902 1053 1956 καὶ
1086 1905 1363 1978 ἐπιστήμη
1397 1909 1492 1960 καὶ
1519 1908 1770 1963 εὐσέϐεια

1869 1913 2060 1958 nostra
2091 1919 2101 1953 :
2131 1903 2242 1958 illic
2293 1903 2561 1974 sapientia
2605 1915 2661 1958 et
2709 1905 2934 1960 scicntia
2984 1916 3040 1960 et
3089 1907 3263 1976 pietas
3298 1907 3441 1978 apud

171 1989 317 2060 πρὸς
348 1989 443 2042 τὸν
476 1991 700 2063 Κύριον.
725 1986 886 2048 οὗτοί
913 1996 1019 2049 είσι
1060 1995 1322 2070 θησαυροὶ
1365 1999 1762 2073 δικαιοσύνης.»

1869 1992 2181 2048 Dominum.
2227 1992 2291 2048 Ili
2333 2002 2458 2048 sunt
2498 1995 2738 2049 thesauri
2766 1995 3012 2065 iustitiae.
3043 2015 3063 2050 ι
3111 1995 3237 2066 Legi
3268 1999 3437 2064 enim,

171 2081 349 2154 Νόμῳ
379 2083 488 2154 γὰρ
506 2125 520 2148 ,
548 2085 748 2157 δηλαδὴ
778 2087 1146 2160 εὐαγγελικῷ,
1203 2091 1253 2144 οἳ
1274 2091 1389 2163 (40)
1426 2094 1485 2147 ἐν
1512 2097 1578 2166 τῇ
1607 2097 1760 2166 κοινῇ

170 2170 350 2244 ταύτῃ
398 2172 535 2226 Σιὼν
564 2174 974 2246 παρεδόθησαν·
1009 2178 1067 2230 ἐν
1105 2178 1285 2232 ἐλπίσι
1311 2180 1419 2250 γὰρ
1445 2183 1557 2246 τοῖς
1589 2182 1767 2252 ἁγίοις

170 2263 460 2316 ἀπόκειται
514 2262 583 2317 τὰ
625 2264 824 2332 ἀγαθά.
875 2265 1055 2330 Ποίοις
1103 2265 1164 2320 δὲ
1225 2267 1521 2340 θησαυροῖς
1577 2271 1760 2342 ἧτοῖς

171 2355 560 2425 ἀποκειμένοις
584 2357 641 2408 ἐν
665 2355 914 2427 οὐρανοῖς
933 2373 950 2422 ;

320 2447 450 2500 Ἰδοὺ
497 2447 554 2501 δὲ
585 2449 644 2500 ἐν
675 2448 753 2518 τῷ
779 2447 931 2520 φόϐῳ
977 2449 1132 2520 ὑμῶν
1160 2444 1304 2505 οῦτοι
1339 2451 1761 2524 φοϐηθήσονται,

170 2535 272 2600 οὓς
314 2535 630 2606 ἐφοὸεϊσθε·
669 2536 952 2608 βοήσονται
986 2537 1079 2607 ἀφ’
1125 2537 1298 2608 ὐμῶν.
1324 2557 1344 2589 ι
1388 2537 1572 2592 Ταῦτα
1624 2537 1764 2610 πρὸς

171 2629 302 2692 τοὺς
335 2627 666 2691 ἀποστόλους
717 2628 932 2699 εῐρηται
954 2646 968 2660 ·
1013 2629 1352 2682 ἐπιπεσεῖται
1396 2629 1525 2702 γάρ,
1573 2630 1761 2701 φησὶν,

171 2719 272 2774 ἐπὶ
301 2719 430 2782 τοὺς
466 2717 728 2782 ἀπίστους
761 2719 791 2772 ὁ
820 2718 1083 2790 ὑμέτερος
1115 2718 1298 2790 φόϐος.

249 2829 272 2862 ι
317 2809 577 2878 ’Ἄγγελοι
642 2809 1111 2881 ἀποσταλήσονται
1178 2810 1393 2885 πικρῶς
1463 2811 1757 2877 κλαίοντες.

181 2901 674 2973 Ἐρημωθήσονται
722 2902 834 2974 γὰρ
881 2904 937 2956 αἱ
984 2902 1189 2956 τούτων
1238 2903 1384 2956 ὁδοί·
1415 2905 1692 2958 πέπαυται
1731 2907 1761 2959 6

168 2995 340 3066 φόϐος
371 2994 478 3047 τῶν
521 2994 711 3060 ἐθνῶν,
761 2995 857 3049 καὶ
888 2997 922 3080 ή
970 2996 1108 3067 πρὸς
1144 2997 1366 3062 τούτους
1397 2997 1627 3070 διαθήκη
1673 2997 1758 3050 αἶ-

1866 2085 2116 2141 videlicet
2161 2086 2505 2157 evangelicae,
2554 2088 2646 2156 qui
2702 2087 2756 2142 in
2808 2087 2911 2142 hac
2966 2089 3241 2143 communi
3305 2089 3438 2145 Sion

1867 2177 2116 2232 habitant
2147 2178 2332 2232 traditi
2367 2187 2496 2233 sunt
2525 2197 2539 2233 :
2567 2179 2774 2235 sanctis
2827 2181 3026 2251 quippe
3071 2181 3210 2235 bona
3254 2183 3307 2235 in
3343 2195 3440 2252 spe

1867 2269 2149 2323 recondita
2196 2278 2363 2334 sunt;
2406 2269 2462 2323 in
2500 2270 2698 2338 quibus
2720 2279 2899 2325 autem
2927 2270 3218 2336 thesauris,
3246 2271 3349 2325 nisi
3381 2272 3438 2326 in

1867 2358 1934 2414 iis
1955 2358 2046 2428 qui
2075 2360 2127 2412 in
2151 2359 2304 2412 caelis
2329 2367 2455 2413 sunt
2488 2358 2758 2428 repositi?

1937 2453 2100 2507 Vens.
2128 2451 2184 2505 7.
2217 2471 2236 2503 ι
2262 2451 2401 2506 Ecce
2425 2460 2572 2506 certe
2612 2450 2664 2504 in
2703 2451 2895 2504 timore
2946 2459 3131 2506 vestro
3165 2447 3252 2504 isti
3278 2449 3437 2504 timc-

1865 2543 2021 2608 bunt,
2066 2556 2203 2612 quos
2255 2541 2528 2596 titnebatis
2559 2558 2572 2594 :
2599 2540 2909 2594 clamabunt
2953 2555 2980 2592 a
3025 2541 3200 2595 vobis.
3229 2559 3248 2593 ι
3306 2538 3436 2596 Haec

1863 2633 2123 2706 apostolis
2153 2635 2410 2689 dicuntur
2445 2653 2456 2688 :
2484 2631 2687 2687 incidet
2727 2633 2898 2696 enim,
2945 2631 3043 2698 ait,
3075 2632 3238 2687 timor
3263 2631 3436 2687 vestri

1863 2725 1918 2780 in
1952 2723 2280 2781 incredulos.

1932 2813 2098 2870 Vens.
2127 2814 2184 2879 8,
2216 2813 2268 2868 9.
2303 2832 2321 2865 ι
2343 2811 2536 2883 Angeli
2569 2809 2853 2866 mittentur
2885 2825 3068 2866 amare
3091 2808 3300 2866 ﬂentes.
3330 2809 3435 2866 De—

1864 2918 2122 2964 serentur
2150 2907 2294 2961 enim
2320 2920 2508 2961 eorum
2539 2906 2639 2960 via:
2673 2922 2686 2958 :
2723 2905 2956 2959 cessavit
2987 2904 3148 2958 timor
3168 2903 3433 2974 gentium,

1862 3013 1916 3058 et
1952 3009 2334 3057 testamentum
2363 3013 2487 3054 cum
2513 2999 2619 3054 illis
2642 2999 2834 3054 initum
2861 2997 3067 3053 tollitur
3097 3014 3111 3051 :
3145 3011 3244 3052 nec
3273 3011 3434 3066 repu-

169 3064 368 3157 ρεται,
416 3085 511 3137 καὶ
569 3084 632 3137 οὐ
695 3085 771 3156 μὴ
833 3064 1118 3157 λογίσησθε
1169 3089 1368 3152 αὐτοὺς
1412 3064 1752 3159 ἀνθρώπους.

1868 3093 2050 3147 labilis
2082 3105 2179 3145 eos
2241 3090 2511 3146 homines.
2558 3088 2726 3143 Luxit
2779 3098 2964 3152 terra;
3007 3089 3225 3142 erubuit
3271 3064 3431 3142 Liba-

177 3173 515 3246 Ἐπένθησεν
554 3175 590 3245 ἡ
621 3174 724 3244 γῆ,
774 3175 1015 3247 ᾐσχύνθη
1058 3178 1087 3231 6
1117 3177 1369 3242 Λίόανος,
1409 3179 1505 3249 ἐλη
1539 3179 1756 3247 ἐγένετο

166 3267 201 3337 ή
233 3267 448 3337 Σάρων,
489 3265 699 3337 φανερὰ
729 3266 882 3320 ἐσται
914 3269 949 3338 ἡ
986 3268 1244 3322 Γαλιλαία
1284 3271 1380 3323 καὶ
1403 3272 1432 3324 6
1467 3270 1705 3342 Χέρμελ.
1729 3291 1748 3323 ι

176 3357 239 3412 '0
289 3359 390 3430 μὲν
441 3354 535 3413 οῦν
601 3359 984 3430 φιλάνθρωπος
1039 3361 1171 3426 Θεὸς
1220 3363 1484 3432 ἀγγέλους
1531 3366 1754 3436 εἰρήνης

162 3451 456 3506 ἀπέστειλε
497 3451 634 3522 πρὸς
672 3450 764 3503 τὸν
799 3451 1067 3506 Ἰουδαίων
1111 3454 1258 3518 λαὸν,
1294 3457 1505 3528 πικρῶς
1539 3457 1753 3512 κλαίον-

161 3560 263 3605 τας
303 3543 401 3596 καὶ
429 3545 884 3614 παρακαλοῦντας
926 3545 1287 3610 ὐποδέξασθαι
1329 3547 1428 3618 τὴν
1472 3549 1756 3617 εὐαγγελι-

162 3634 270 3703 κὴν
299 3635 486 3698 αὐτοῖς
533 3636 775 3707 εἰρήνην.
825 3636 982 3690 Ἐπεὶ
1019 3635 1077 3689 δέ
1116 3637 1217 3690 οὐκ
1247 3637 1491 3702 ἐδέξαντο
1534 3639 1751 3705 αὐτοὺς,

162 3725 418 3796 ἐπιφέρει
449 3726 694 3794 φάσκων·

240 3835 260 3866 ι
288 3816 405 3869 Νῦν
422 3817 823 3888 ἀναστήσομαι,
853 3817 998 3885 λέγει
1017 3818 1284 3890 ὁΚύριος,
1310 3818 1406 3872 νῦν
1431 3818 1751 3892 δοξασθήσοο

165 3907 402 3977 μαι,νῦν
419 3907 802 3979 ὑψωθήσομαι·
819 3929 838 3961 ι
871 3909 966 3962 τοῦ
993 3909 1149 3978 λόγου
1176 3911 1547 3981 παριστῶντος
1565 3911 1751 3981 σαφῶς

160 3999 501 4070 ὀφθήσεσθαι
533 4000 623 4053 τὸν
639 4000 770 4053 Θεὸν
788 4001 990 4064 αὐτοῖς.
1023 4001 1144 4054 Τίσι
1166 4001 1221 4054 δὲ
1249 4001 1501 4072 αὐτοῖς,ἢ
1522 4004 1636 4066 τοῖς
1655 4004 1750 4073 θη-

163 4088 492 4157 σαηρίσασιν
506 4089 720 4150 ἑαυτοῖς
733 4089 859 4151 τοὺς
873 4089 972 4157 τῆς
987 4088 1327 4160 δικαιοσύνης
1342 4091 1546 4160 καὶτῆς
1561 4090 1750 4159 σοφίας

161 4180 505 4250 θησαυρούςς
553 4181 777 4244 Τούτοις
829 4181 958 4252 γὰρ,
1007 4181 1190 4252 φησιν⁹
1235 4179 1574 4252 ὀφθήσομαι·
1609 4179 1748 4254 ἦσαν

155 4272 216 4326 δέ
265 4269 411 4326 οῦτοι
456 4274 505 4325 oi
570 4272 811 4343 μαθηταὶ
859 4274 954 4326 καὶ
1019 4272 1303 4326 ἀπόστολοι
1344 4272 1438 4325 τοῦ
1499 4275 1749 4346 Σωτῆρος

1860 3197 1964 3236 nus
1990 3198 2006 3245 ;
2037 3179 2190 3252 palus
2218 3180 2361 3234 facta
2411 3187 2500 3233 est
2529 3177 2726 3243 Sarou,
2760 3177 3044 3232 manifesta
3075 3179 3181 3232 erit
3207 3175 3432 3232 Galilzea

1857 3282 1912 3328 et
1939 3272 2215 3329 Chertnel.
2248 3289 2266 3324 ι
2300 3270 2555 3328 Clemens
2594 3270 2778 3342 itaque
2837 3269 2977 3324 Deus
3027 3269 3248 3340 angelos
3281 3269 3433 3338 pacis

1857 3363 2001 3418 misit
2031 3360 2098 3416 ad
2125 3359 2431 3414 Iudaeorum
2467 3359 2746 3429 populum,
2777 3372 2961 3412 amare
2997 3356 3208 3422 ﬂentes,
3249 3372 3312 3410 ac
3341 3371 3433 3412 co-

1857 3457 2138 3514 hortantes
2173 3463 2232 3507 ut
2268 3451 2632 3521 evangelicam
2706 3450 2809 3504 sibi
2863 3464 3049 3518 pacein
3101 3451 3430 3517 reciperent.

1855 3549 2122 3618 Quoniam
2156 3559 2287 3602 vero
2313 3558 2419 3598 non
2453 3548 2774 3611 receperunt
2807 3555 2922 3607 eos,
2957 3539 3030 3595 ita
3073 3537 3348 3608 subjungit
3379 3553 3398 3594 :

1923 3818 2086 3874 Vsus.
2118 3819 2206 3874 IO.
2232 3837 2251 3871 ι
2276 3817 2430 3872 Νιιιιο
2457 3829 2771 3884 exsurgam,
2805 3814 2937 3869 dicit
2969 3813 3251 3876 Dominus,
3282 3826 3428 3868 nunc

1854 3909 2223 3981 glorilicabor,
2259 3923 2402 3962 nunc
2423 3905 2723 3962 exaltabor.
2759 3923 2779 3957 ›
2816 3903 2910 3960 llis
2947 3918 3109 3974 porro
3141 3901 3428 3958 manifeste

1851 4002 2158 4058 declaratur
2191 4001 2323 4070 ipsis
2359 3997 2650 4054 videndum
2685 3999 2852 4052 Deum
2887 4011 3030 4052 esse.
3061 3994 3422 4062 Quibusnam,

1851 4094 1954 4148 nisi
1993 4094 2079 4158 iis,
2120 4093 2211 4162 qui
2263 4091 2490 4161 iustitia:
2533 4099 2589 4144 et
2641 4088 2920 4158 sapientiae
2984 4089 3272 4142 thesauros
3319 4085 3425 4141 sibi

1849 4186 2275 4255 compararunt?
2329 4185 2410 4237 Ah
2471 4183 2627 4252 ipsis,
2679 4180 2879 4250 inquit,
2934 4179 3216 4234 videbor:
3265 4184 3426 4231 crant

1851 4293 2012 4348 porro
2051 4279 2139 4333 isti
2177 4275 2428 4346 discipuli
2459 4286 2515 4332 et
2559 4273 2788 4344 apostoli
2817 4271 3119 4327 Salvatoris
3150 4271 3320 4324 nostri
3346 4285 3364 4335 ;
3393 4284 3426 4323 a

157 4364 340 4434 ἡμῶν,
378 4358 461 4427 οἷς
506 4363 616 4433 ἐγὼ
650 4364 750 4436 μὲν
805 4364 1024 4438 manv
1054 4368 1102 4418 οε
1133 4365 1189 4418 δὲ
1229 4365 1462 4437 ἐκροιεῖοιν
1493 4368 1744 4432 ἐκτενῶς·

1868 4371 2067 4440 ιυίϋιιε,
2086 4370 2285 4440 inquit,
2309 4384 2409 4436 ego
2421 4367 2636 4438 quidem
2652 4366 2798 4421 visus
2813 4379 2931 4418 sum
2949 4379 2964 4426 ;
2982 4362 3054 4417 illi
3067 4376 3194 4418 vero
3211 4361 3426 4415 assidue

156 4454 384 4523 ἄγγελοι
437 4455 589 4518 ὅντες
634 4457 890 4526 εἰρήνης·
929 4455 1010 4509 διὸ
1058 4457 1153 4509 καὶ
1204 4456 1417 4528 πικρῶς
1477 4457 1746 4513 ἔκλαυσαν

1868 4462 2181 4525 :lamabant,
2211 4471 2270 4515 ut
2311 4459 2486 4530 angeli
2518 4459 2670 4526 pacis
2696 4475 2710 4511 :
2741 4463 3075 4526 quapropter
3106 4466 3290 4506 amare
3324 4451 3392 4512 ile
3421 4486 3426 4492 ς

158 4547 394 4615 βοιῖιντες
423 4549 481 4598 ὲν
520 4548 703 4616 εὐχαῖς
743 4548 975 4611 ἐκτενῶς
1037 4549 1177 4620 ὐπέρ
1222 4548 1323 4618 τῆς
1356 4548 1627 4613 ἀπωλείας
1650 4550 1744 4604 τοῦ

1868 4563 2028 4616 iant,
2084 4551 2417 4608 clamoribus
2468 4559 2524 4604 ct
2569 4549 2913 4604 orationibus
2962 4543 3198 4600 assiduis
3255 4541 3422 4612 prisci

156 4639 429 4710 προτέρου
481 4638 631 4692 λαοῦ.
672 4636 854 4693 Ἦσαν
891 4640 1000 4710 γὰρ
1049 4641 1099 4692 οἱ
1151 4639 1438 4694 ἀπόστολοι
1487 4642 1581 4693 τοῦ
1629 4643 1742 4694 Σω-

152 4733 322 4800 τῆρος
361 4730 520 4800 ήμῶν
569 4731 828 4800 ἄγγελοι,
867 4733 916 4785 οἳ
969 4731 1182 4802 πικρῶς
1233 4730 1446 4785 ἔκλαιον
1485 4731 1742 4785 πενθοῦν-

151 4840 277 4886 τες,
319 4823 411 4874 διά
473 4822 535 4875 τὸ
591 4824 666 4894 μὴ
720 4823 1004 4877 πείθεσθαι
1064 4822 1198 4893 μηδέ
1255 4822 1528 4875 πιστεύειν
1563 4824 1746 4887 αὐτοῖς

151 4915 282 4976 τοὺς
329 4912 406 4966 δι’
450 4913 629 4967 αὐτῶν
678 4914 1050 4986 κεκλημένους
1083 4914 1176 4966 ἐπὶ
1221 4913 1320 4983 τὴν
1368 4913 1463 4966 τοῦ
1505 4913 1741 4986 Χριστοῦ

151 5006 400 5078 εἰρήνην.

229 5115 249 5146 ι
281 5095 398 5148 Νῦν
443 5095 660 5164 ὄψεσθε,
709 5094 804 5149 νῦν
855 5095 1217 5167 αἰσθήσεσθε·
1260 5097 1461 5167 ματαία
1507 5097 1661 5151 ἔσται
1705 5099 1738 5169 ὴ

152 5189 310 5259 ἰσχὺς
338 5187 436 5241 τοῦ
483 5188 795 5258 πνεύματος
839 5187 1026 5258 ὑμῶν·
1073 5207 1091 5239 ι
1141 5189 1174 5259 ἡ
1216 5188 1307 5241 διὰ
1347 5189 1591 5252 Μωσέως
1641 5190 1743 5242 αὐ-

147 5284 262 5344 τοῖς
298 5281 691 5351 παραδοθεῖσα,
737 5279 834 5332 καὶ
879 5280 960 5331 ὃτι
989 5279 1162 5343 οὐδεὶς
1208 5279 1391 5332 οὐκέτι
1435 5280 1631 5343 αὐτοὺς
1663 5282 1745 5344 είς

147 5370 473 5442 ἀνθρώπους
508 5371 786 5438 λογιεῖται.
820 5388 838 5420 ι
862 5369 981 5440 Πῦρ
1010 5370 1291 5423 κατέδεται
1352 5371 1496 5440 ὑμᾶς
1526 5387 1539 5400 ·
1589 5389 1606 5420 ι
1644 5369 1741 5441 τὴν

147 5463 412 5535 δευτέραν
475 5463 639 5516 αὐτοῦ
682 5462 778 5515 καὶ
837 5459 1045 5526 ἔνδοξον
1099 5462 1402 5534 παρουσίαν
1469 5461 1739 5532 ἐπαγγελ-

152 5555 415 5625 λόμενος,
463 5554 586 5608 καθ’
617 5554 686 5625 ἢν
737 5554 976 5624 ὕψονται.

1852 4645 2033 4714 populi
2065 4646 2362 4712 perniciem
2388 4641 2758 4712 depiorautes.
2793 4640 2864 4693 At
2887 4638 3028 4693 enim
3045 4634 3269 4706 apostoli
3300 4633 3393 4689 Sal
3420 4663 3425 4669 -

1849 4736 2056 4790 vatoris
2091 4735 2260 4789 nostri
2297 4734 2474 4804 angeli
2505 4745 2687 4798 erant,
2718 4733 2808 4801 qui
2839 4729 3050 4784 acerbis
3085 4741 3206 4783 sese
3252 4726 3402 4796 lacry

1846 4830 1950 4884 mis
1983 4829 2325 4890 dediderant,
2355 4826 2497 4895 quod
2529 4826 2586 4890 ii,
2609 4825 2702 4893 qui
2733 4822 2802 4876 ab
2834 4837 2892 4877 se
2921 4825 2988 4876 ad
3038 4833 3230 4888 pacem
3258 4818 3420 4872 Chri-

1844 4921 1914 4976 sti
1957 4918 2338 4982 vocahantur,
2396 4931 2503 4970 nnn
2556 4914 3034 4983 obtemperarent,
3088 4923 3264 4978 neque
3314 4907 3419 4963 sibi

1845 5011 2004 5065 ﬁdem
2037 5009 2322 5063 haberent.

1918 5099 2086 5154 Vens.
2121 5099 2209 5152 II.
2255 5116 2274 5149 ι
2297 5096 2449 5150 Nunc
2477 5094 2752 5158 videbitis,
2776 5107 2920 5147 nunc
2968 5088 3210 5145 sentietis
3236 5105 3250 5141 :
3278 5099 3417 5140 vana

1843 5190 1951 5246 erit
1982 5189 2246 5244 fortitudo
2278 5187 2504 5250 spiritus
2547 5184 2712 5239 vestri
2748 5199 2806 5235 :i
2837 5197 2959 5252 qua:
2994 5179 3125 5250 ipsis
3163 5194 3193 5232 a
3224 5178 3414 5244 Moyse

1843 5279 1968 5332 data
2005 5277 2205 5342 fuerat,
2242 5277 2368 5344 quia
2400 5289 2558 5329 nemo
2584 5274 2732 5344 ipsos
2769 5273 2822 5327 in
2854 5283 3129 5343 posterum
3169 5270 3418 5324 homines

1841 5368 2138 5439 rcputabit.
2175 5387 2194 5420 ι
2221 5367 2367 5438 Ignis
2393 5367 2822 5428 devorabitVos,
2865 5383 2884 5416 ι
2920 5363 3006 5418 his
3033 5363 3330 5417 secundum
3358 5370 3417 5414 et

1838 5463 2130 5533 gloriosum
2171 5461 2460 5515 adventum
2513 5473 2670 5513 suum
2718 5457 3034 5528 pollicetur,
3065 5469 3175 5527 quo
3214 5453 3292 5509 illi
3320 5452 3418 5524 ,νί-

1837 5553 2059 5609 debunt.

109 5651 127 5676 "
218 5671 336 5740 (40)
381 5669 473 5724 Vel
525 5671 810 5738 legendum
838 5671 887 5724 οἱ
921 5671 1038 5728 sine
1070 5678 1318 5737 accentu,
1351 5668 1434 5725 vel
1473 5667 1775 5739 supplendut

1868 5667 2081 5726 verbum
2113 5664 2342 5722 οἰκοῦσι.
2379 5661 2538 5718 Enn.
