3862 6210
473 196 580 251 ὅὲπ

549 317 708 371 Vsus.
761 317 947 372 42-14.
992 318 1101 372 «Et
1153 331 1316 375 erunt
1365 333 1558 391 gentes
1617 322 1936 385 combustm,
1987 321 2128 377 utA

471 409 625 478 spina
661 412 714 464 in
742 426 875 480 agro
903 412 1142 482 projecta
1170 423 1226 470 et
1253 428 1469 470 exusta.
1498 417 1740 472 Audient
1769 415 1859 484 qui
1891 415 2050 488 longe

471 511 622 566 sunt,
661 517 782 571 qua:
818 517 919 572 ego
944 501 1382 574 feci,scientqui
1422 507 1858 576 appropinquant
1903 507 2052 560 forti-

472 593 716 646 tudinem
759 608 956 650 meam.
1014 594 1380 651 Recesserunt
1431 598 1524 665 qui
1579 606 1740 650 erant
1803 598 1856 650 in
1919 596 2048 651 Sion

469 684 638 750 iniqui
665 701 678 736 :
713 685 1081 753 appreliendet
1112 697 1317 741 tremor
1347 689 1562 757 impios.
1591 707 1611 741 ι
1659 688 1888 743 Etiamsi
1935 688 2050 743 haec

468 792 576 830 non
593 778 656 831 de
671 777 776 832 illis
793 794 854 832 ex
873 776 1098 834 Judaico
1119 780 1318 849 populo
1336 782 1682 845 vaticinetur,
1718 783 1807 848 qui
1837 797 2049 834 annun-

472 873 662 926 tiatam
712 872 813 927 sibi
864 874 1096 942 gratiam
1131 884 1484 942 acceperunt,
1516 890 1614 929 vos
1646 875 1849 929 auditis
1895 874 2051 928 hisce

468 965 806 1034 propheticis
861 966 1229 1031 sermonibus,
1283 982 1390 1021 non
1449 967 1781 1038 iutelligitis,
1811 968 2048 1022 scientes

469 1056 606 1120 haec,
633 1073 751 1123 ane
785 1057 1051 1111 Hebraice
1087 1058 1239 1110 vobis
1271 1059 1554 1112 enuntiata
1587 1069 1642 1113 et
1669 1059 1870 1127 scripta
1897 1067 2045 1122 sunt,

470 1161 682 1199 necnon
715 1147 897 1200 omnia
947 1146 1035 1200 illa
1066 1146 1312 1217 prodigia
1343 1161 1460 1215 quae
1487 1149 1631 1216 apud
1657 1157 2042 1211 vos'Operatus

467 1249 608 1297 Sum,
638 1244 693 1288 et
721 1251 841 1304 qua:
873 1237 1011 1304 apud
1044 1252 1138 1290 vos
1165 1236 1378 1290 locutus
1423 1253 1565 1302 sum,
1598 1249 1898 1292 necnou'ea
1929 1252 2050 1307 quae

467 1328 782 1382 videntibus
827 1328 984 1382 vobis
1037 1343 1156 1380 sum
1193 1335 1470 1396 operatus,
1505 1344 1533 1380 a
1565 1328 1819 1395 gentibus
1857 1329 2047 1398 procul

467 1420 609 1472 eiad
645 1429 887 1472 extrema
925 1430 1088 1472 terrae
1133 1421 1374 1474 auditum
1420 1419 1507 1472 iri.
1540 1419 1820 1486 Quomodo
1862 1431 2046 1477 autem

467 1510 714 1573 audient,
763 1512 866 1566 nisi
913 1512 979 1564 ad
1029 1513 1194 1564 Deum
1249 1513 1593 1575 accedentes,
1625 1529 1746 1566 enin
1788 1514 2044 1568 virtutem

466 1602 583 1667 ejus
614 1602 983 1658 edidicerint?
1019 1603 1080 1656 Hi
1136 1617 1268 1656 vero
1315 1602 1442 1672 ipsi,
1477 1603 1733 1660 videlicet
1791 1605 1942 1674 impii
1991 1607 2044 1660 in

1147 197 1420 254 EUSEBII
1461 195 1930 256 CESABIENSIS
1964 194 2116 252 OPP.
2156 193 2346 262 PARS
2384 192 2476 249 ΠΙ.
2514 223 2586 234 -—
2617 192 3032 258 EXEGETICA.

3631 201 3734 258 538

2232 333 2251 366 ι
2281 314 2394 367 Καὶ
2437 313 2648 378 ἔσονται
2693 313 2824 386 ἔθνη
2875 313 3366 385 κατακεκαυμένα,
3406 315 3481 380 ὡς
3527 315 3733 372 ἄκανθίι

2154 405 2214 455 ὲν
2266 402 2420 474 ἁγρῷ
2483 403 2791 475 ὲρῤιμμένη
2855 405 2948 457 καὶ
3013 405 3490 477 κατακεκαυμένη.
3543 408 3732 466 Ἀκούφ

2156 512 2338 548 σονται
2381 495 2430 546 οἱ
2466 493 2745 566 πόρρωθεν
2789 493 2825 547 ἃ
2857 494 3110 564 ἐποίησα,
3159 494 3456 564 γνώσονται
3501 498 3549 549 οἱ
3582 497 3732 569 ἐγγί-

2157 586 2340 658 ζοντες
2382 586 2479 658 τὴν
2527 586 2680 656 ἰσχύν
2715 571 2837 657 μου.
2879 587 3216 657 Ἀπέστησαν
3247 589 3297 640 οἱ
3339 589 3398 642 ἐν
3444 589 3581 643 Σιὼν
3614 588 3731 652 ἄνο-

2157 696 2279 748 μοι·
2318 678 2545 749 λήψεται
2576 677 2776 748 τρόμος
2815 678 2940 741 τοὺς
2981 678 3262 744 ἀσεϐεῖς.)
3305 681 3368 732 El
3422 681 3516 734 καὶ
3562 681 3733 753 ταῦτα

2154 773 2230 843 μὴ
2264 773 2392 842 περὶ
2425 770 2532 823 τῶν
2566 769 2873 840 δεξαμένων
2917 769 3014 841 τὴν
3043 771 3520 850 εὑαγγελισθεῖσαν
3553 774 3735 836 αὐτοῖς

2152 865 2310 935 χάριν
2349 863 2615 917 Ἰουδαίων
2659 862 2790 916 λαοῦ
2830 863 3118 927 θεσπίζει,
3167 865 3358 934 ὑμεῖς,
3405 864 3576 936 ἀκοὴν
3624 867 3737 919 τῶν

2153 954 2507 1027 προφητικῶν
2555 953 2757 1008 τούτων
2812 955 2986 1024 λόγων
3039 955 3362 1020 ἀκούοντες,
3411 958 3470 1010 ού
3522 958 3736 1011 συνίετε

2151 1047 2528 1116 γινώσκοντες,
2555 1047 2634 1100 ὅτι
2660 1047 2832 1102 ταῦτα.
2858 1046 3086 1118 τά-πρὸς
3113 1048 3256 1118 ὑμᾶς
3289 1047 3548 1120 Ἑϐραῖκῇ
3580 1052 3733 1120 φωνῇ

2149 1139 2454 1210 λαλούμενά
2481 1156 2540 1191 τε
2572 1139 2664 1192 καὶ
2709 1138 3052 1210 γραφόμενα,
3093 1142 3192 1193 ὅσα
3223 1158 3283 1193 τε
3313 1141 3446 1194 ἄλλα
3479 1143 3738 1213 θαύματα

2149 1231 2230 1296 εἰς
2267 1230 2410 1298 ὑμᾶς
2444 1227 2847 1299 ἐξεπραξάμην,
2889 1229 2937 1281 οἱ
2973 1227 3252 1299 πόρρωθεν
3299 1229 3393 1294 καὶ
3429 1229 3589 1302 μέχρι
3625 1231 3740 1294 τῶν

2149 1323 2392 1391 ἐσχάτων
2446 1322 2546 1392 τῆς
2599 1323 2701 1393 γῆς
2756 1321 3060 1386 οἰκοῦντες,
3118 1323 3212 1386 καὶ
3261 1323 3404 1394 ἀπερ
3438 1327 3568 1396 παρ’
3603 1325 3738 1394 ὑμῖν

2149 1414 2422 1484 ἐλάλησα,
2467 1415 2562 1478 καὶ
2611 1415 2764 1486 ὑμῶν
2828 1415 3081 1488 ὁρώντων
3129 1417 3392 1486 ἐποίησα,
3425 1419 3473 1470 οἱ
3520 1421 3578 1483 ὲν
3620 1422 3740 1482 τοῖς

2149 1507 2347 1577 πέρασι
2387 1509 2483 1578 τῆς
2527 1508 2848 1578 οἰκουμένης
2875 1508 3216 1572 ἀκούσονται.
3253 1510 3377 1574 Πῶς
3405 1511 3461 1563 δὲ
3494 1512 3739 1578 γνώσον-

2148 1616 2239 1652 ται
2283 1598 2395 1652 ἀλλ’
2437 1599 2469 1670 ἢ
2523 1599 2838 1668 ὲγγίσαντες
2876 1598 2954 1670 τῷ
3000 1599 3151 1671 Θεῷ,
3194 1602 3290 1662 καὶ
3343 1603 3742 1672 προσελθόντες

469 1693 600 1747 Sion
639 1701 939 1758 versantes,
985 1709 1092 1763 quo
1134 1703 1294 1761 pacto
1338 1708 1368 1746 a
1421 1709 1507 1748 me
1534 1697 1880 1763 recesserint,
1917 1713 2046 1767 cog-

2157 1691 2299 1762 αὐτῷ
2339 1691 2432 1744 καὶ
2470 1690 2567 1761 τὴν
2601 1691 2753 1761 ἰσχὺν
2802 1690 2964 1743 αὐτοῦ
3016 1691 3428 1763 μεμαθηκότες;
3476 1687 3635 1752 Οὗτοι
3673 1694 3743 1748 δὲ

467 1796 740 1841 noscent:
773 1802 878 1856 qua
920 1787 988 1840 de
1040 1801 1228 1851 causa,
1279 1787 1352 1842 ob
1403 1786 1763 1842 defectionem
1814 1789 2043 1854 scilicet,

412 1955 418 1961 ι
469 1888 672 1935 tremor
699 1880 919 1935 invadet
945 1881 1089 1936 illos.

537 2058 990 2128 Vsas.15.rQuis
1019 2062 1363 2116 annuntiabit
1384 2063 1533 2118 vobis
1552 2064 1724 2132 ignem
1754 2077 2045 2119 accensnn.

465 2151 624 2204 esse?
656 2151 787 2218 Quis
819 2153 1162 2207 annuntiahit
1203 2154 1354 2208 vobis
1397 2155 1572 2210 locum
1608 2157 1910 2210 aeternum?
1941 2157 2044 2221 Qui

465 2241 712 2296 ambulat
742 2243 792 2296 in
832 2241 1068 2312 justitia,
1101 2244 1195 2314 qui
1235 2243 1476 2313 loquitur
1509 2255 1711 2300 rectam
1749 2241 1912 2313 viam,
1949 2249 2044 2317 qui

463 2333 579 2386 odit
613 2334 958 2400 iniquitatem
988 2345 1043 2390 et
1074 2336 1418 2404 iniustitiam,
1447 2337 1540 2406 qui
1569 2352 1762 2391 manus
1785 2341 1991 2393 excutit
2014 2355 2044 2393 a

467 2425 808 2489 muneribus,
851 2427 942 2496 qui
997 2428 1219 2482 obturat
1261 2443 1441 2490 aures,
1477 2443 1543 2482 ne
1568 2429 1748 2482 audiat
1778 2427 2043 2496 judicium

463 2517 765 2585 sanguinis,
788 2518 876 2586 qui
892 2518 1096 2573 claudit
1114 2519 1321 2583 oculos,
1339 2538 1405 2576 ne
1422 2521 1603 2575 videat
1623 2521 1990 2589 iniquitatem.
2019 2542 2038 2574 υ

462 2606 554 2661 Ait
583 2607 778 2677 igitur:
806 2627 824 2659 ι
855 2609 986 2675 Quis
1003 2613 1342 2666 annuntiabit
1371 2613 1519 2667 vobis
1554 2613 1730 2682 ignem
1751 2628 2042 2670 accensum

464 2714 616 2768 esse,
650 2718 668 2748 ι
722 2712 970 2770 paratum
1022 2702 1236 2758 diabolo
1294 2715 1351 2758 et
1416 2705 1625 2774 angelis
1686 2706 1847 2775 ejus?
1905 2705 2042 2772 Quis

463 2803 596 2859 ergo
621 2790 722 2844 ista
763 2793 1066 2857 cognoscit,
1095 2803 1156 2848 ut
1201 2795 1390 2848 eadem
1426 2797 1800 2852 nescientibus
1852 2785 2043 2852 testifi-

465 2890 657 2944 cetur,
689 2882 791 2935 nisi
850 2885 1099 2951 quisquis
1151 2886 1392 2940 ambulat
1450 2889 1502 2940 in
1557 2887 1793 2956 justitia,
1838 2897 1894 2944 et
1929 2889 2043 2944 odit

463 2971 797 3040 impietatem
823 2984 878 3027 et
901 2974 1220 3044 injustitiam
1247 2993 1260 3041 ;
1288 2977 1323 3030 ii
1378 2979 1469 3046 qui
1497 2994 1723 3033 munera
1756 2987 2037 3048 respuunt,

2149 1783 2304 1836 αὐτοὶ
2348 1783 2584 1836 εἴσονται
2643 1783 2792 1850 ὅπως
2849 1782 3163 1854 ἀπέστησάν
3225 1802 3345 1854 μου,
3386 1786 3435 1838 οἱ
3489 1786 3546 1837 ὲν
3593 1786 3745 1842 Σιὼν

2150 1875 2376 1946 ἄνομοι·
2413 1869 2474 1930 οὗ
2502 1875 2660 1946 χάριν
2701 1874 2788 1928 διὰ
2819 1874 2917 1946 τὴν
2950 1876 3284 1938 ἀποστασίαν
3332 1877 3532 1943 αὐτῶν,
3567 1877 3745 1949 λήψε-

2147 1983 2238 2034 ται
2263 1965 2462 2028 αὐτοὺς
2493 1965 2713 2036 τρόμος.

2225 2077 2244 2110 ι
2273 2058 2368 2121 Τίς
2396 2057 2688 2124 ἀναγγελεί
2716 2057 2845 2128 ὑμῖν
2894 2057 2976 2120 ὅτι
3005 2055 3118 2128 πῦρ
3150 2044 3398 2123 miscet;
3434 2059 3530 2122 Τίς
3559 2060 3743 2128 ἀναγ-

2146 2149 2294 2218 γελεῖ
2323 2150 2450 2219 ὑμῖν
2488 2149 2580 2202 τὸν
2624 2149 2790 2202 τόπον
2832 2148 2925 2202 τὸν
2971 2147 3217 2215 αἰώνιον;
3263 2151 3638 2221 Πορευόμενος
3671 2154 3740 2204 ὲν

2145 2239 2476 2313 δικαιοσύνῃ,
2509 2238 2685 2306 λαλῶν
2725 2238 2946 2294 εὐθεῖαν
2981 2239 3120 2302 ὁδὸν,
3157 2239 3328 2310 μισῶν
3361 2241 3590 2312 ἀνομίαν
3629 2241 3738 2294 καὶ

2146 2329 2379 2393 ἀδικίαν,
2410 2330 2502 2382 καὶ
2531 2328 2630 2392 τάς
2687 2331 2873 2399 χεῖρας
2919 2329 3307 2399 ἀποσειόμενος
3357 2329 3469 2383 ἀπὸ
3515 2327 3739 2401 δώρων,

2147 2419 2394 2492 βαρύνων
2431 2419 2500 2478 τὰ
2531 2413 2676 2485 ὦτα,
2723 2421 2808 2472 ἵνα
2855 2419 2929 2491 μὴ
2998 2420 3204 2493 ἀκούσῃ
3241 2421 3421 2495 κρίσιν
3466 2423 3737 2493 αἵματος,

2145 2508 2417 2578 καμμύων
2470 2509 2597 2572 τοὺς
2647 2508 2992 2580 ὀφθαλμοὺς,
3042 2509 3128 2564 ἵνα
3173 2510 3247 2582 μὴ
3301 2510 3387 2584 ἴδῃ
3433 2511 3673 2565 ἀδικίαν.
3713 2532 3734 2564 ι

2143 2601 2281 2670 Φησὶ
2312 2600 2463 2668 γοῦν,
2499 2619 2517 2651 t
2544 2600 2640 2664 Τίς
2677 2601 2967 2669 ἀναγγελεῖ
3002 2602 3129 2672 ὑμῖν
3171 2602 3251 2656 ὅτι
3296 2601 3683 2678 πῦρκαίεται,
3710 2623 3735 2658 ι

2143 2693 2203 2746 τὺ
2235 2692 2635 2763 ἡτοιμασμένον
2676 2691 2754 2764 τῷ
2793 2693 3026 2764 διαϐόλῳ
3071 2694 3164 2746 καὶ
3203 2696 3315 2758 τοῖς
3349 2695 3600 2764 ἀγγέλοις
3631 2697 3744 2750 αὐ·-

2143 2785 2271 2850 τοῦ;
2319 2787 2414 2848 Τίς
2454 2782 2546 2839 οὖν
2575 2788 2724 2839 ἐστιν
2760 2787 2789 2838 6
2817 2785 2992 2842 ταῦτα
3032 2785 3207 2851 εἰδὼς,
3237 2787 3332 2841 καὶ
3378 2790 3489 2852 τοῖς
3535 2788 3612 2860 μὴ
3651 2790 3744 2841 εἱ-

2140 2879 2254 2932 δόσι
2296 2877 2920 2949 προσμαρτυρούμενος,
2967 2879 3002 2948 ἢ
3053 2880 3160 2942 πᾶς
3197 2881 3224 2931 6
3257 2879 3625 2951 πορευόμενος
3673 2883 3744 2936 ἐν

2139 2970 2488 3040 δικαιοσύνῃ,
2522 2970 2615 3023 καὶ
2652 2971 2762 3032 πᾶς
2800 2971 2828 3022 ὁ
2863 2970 3036 3039 μισῶν
3071 2971 3322 3024 ἀσέϐειαν
3362 2972 3454 3026 καὶ
3490 2973 3742 3039 ἀδικίαν,

464 3070 520 3114 et
553 3075 712 3116 aures
744 3063 1021 3126 obturant,
1057 3079 1122 3118 ne
1153 3067 1374 3119 audiant
1403 3065 1668 3133 judicium
1719 3071 2030 3138 sanguinis,

2157 3037 2463 3132 Ξωροδοκίαν
2513 3077 2572 3112 τε
2615 3037 3116 3131 ἀποστρεφόμενοι,
3170 3061 3264 3114 καὶ
3294 3061 3363 3114 τά
3412 3054 3525 3114 ὦτα
3559 3037 3750 3132 (996.1;-

464 3152 764 3223 oculosque
802 3155 1077 3222 claudunt,
1114 3171 1185 3210 ne
1234 3158 1452 3211 videant
1503 3160 1750 3229 iniquum
1785 3160 2042 3216 facinus?

2157 3170 2324 3216 εόντες
2353 3155 2447 3221 τοῦ
2479 3151 2552 3222 μὴ
2581 3152 2810 3207 ἀκοῦσαι
2844 3151 3020 3222 κρίσιν
3046 3152 3294 3222 αἵματος,
3329 3152 3573 3222 μυῶντες
3604 3155 3748 3218 τοὺς

465 3244 614 3301 Talis
638 3257 758 3301 erat
789 3249 988 3302 chorus
1034 3250 1422 3318 prophetarum
1459 3250 1574 3317 Dei,
1607 3262 1662 3305 et
1695 3253 1924 3321 quilibet
1960 3256 2044 3309 vir

2157 3245 2452 3316 Βφθαλμοὺς
2485 3245 2579 3298 τοῦ
2631 3245 2705 3315 μὴ
2736 3244 2958 3316 θεωρεῖν
2989 3244 3174 3304 ἄδικον
3207 3243 3441 3316 πρᾶξιν;
3475 3245 3746 3313 Τοιοῦτος

465 3337 769 3406 religiosus,
791 3338 989 3392 chorus
1017 3339 1141 3393 item
1172 3339 1540 3409 apostolorum
1574 3350 1629 3393 et
1656 3342 2042 3409 discipulorum

2157 3336 2198 3389 δὲ
2223 3332 2291 3407 ἦν
2313 3338 2341 3388 ὁ
2378 3335 2538 3409 χορὸς
2563 3335 2671 3388 τῶν
2700 3335 2994 3405 προφητῶν
3020 3335 3114 3388 τοῦ
3147 3335 3309 3400 ¹Θεοῦ,
3343 3337 3436 3390 καὶ
3469 3338 3579 3398 πᾶς
3611 3336 3749 3391 θεο-

465 3427 769 3483 Salvaloris
807 3432 1002 3484 nostri.
1034 3431 1290 3500 Quisquis
1325 3433 1508 3502 igitur,
1545 3434 1720 3496 aiunt,
1766 3435 2045 3504 hujusmo-

464 3519 518 3573 di
541 3521 665 3580 erit,
697 3520 743 3572 is
766 3521 1110 3574 annuntiabit
1142 3523 1320 3584 nobis,
1359 3523 1540 3592 ignem
1582 3523 1766 3592 impiis
1791 3535 2040 3594 paratum

465 3625 754 3665 accensum
792 3625 948 3667 esse:
990 3613 1240 3682 idemque
1283 3613 1399 3682 ipse
1440 3613 1620 3667 locum
1658 3616 1815 3669 nobis
1849 3617 2039 3670 aeterni

458 3702 649 3772 judicii
687 3703 967 3769 indicabit,
1002 3715 1343 3760 contestatus
1368 3706 1670 3760 cavendum
1703 3721 1846 3773 esse,
1881 3716 1941 3762 ut
1977 3723 2045 3762 ne

461 3810 531 3866 _eo
556 3797 886 3853 decidamus.

539 3975 699 4030 Vsus.
739 3976 824 4029 l6.
882 3992 901 4025 ‹
965 3974 1062 4030 llic
1111 3975 1376 4030 habitabit
1425 3975 1478 4028 in
1519 3975 1736 4031 excelsa
1774 3975 2042 4046 Spelunca

461 4079 628 4135 petrae
663 4057 831 4121 firma:
864 4084 877 4120 :
906 4065 1062 4136 panis
1089 4066 1138 4119 ei
1172 4067 1410 4132 dabitur,
1463 4076 1518 4120 et
1564 4082 1700 4136 aqua
1744 4067 1863 4136 ejus
1911 4069 2043 4123 fide-

463 4160 549 4213 lis.
585 4178 603 4210 ι
638 4157 782 4213 Idem
823 4159 938 4228 ipse
987 4157 1174 4226 procul
1223 4159 1348 4226 igne
1375 4197 1390 4222 ,
1425 4167 1480 4212 et
1513 4169 1812 4212 memorato
1838 4169 2044 4215 artemo

461 4252 583 4306 loco
614 4260 852 4304 remotus
877 4292 891 4316 ,
925 4250 1193 4304 habitabit
1224 4249 1277 4304 in
1324 4249 1538 4307 excelsa
1569 4250 1823 4320 spelunca
1849 4291 1864 4314 ,
1900 4260 1954 4306 et
1987 4253 2041 4306 in

2145 3428 2303 3498 φιλὴς
2335 3429 2494 3498 ἀνὴρ,
2522 3428 2551 3480 ὅ
2575 3444 2635 3480 τε
2667 3427 2828 3496 χορὸς
2859 3427 2966 3481 τῶν
3001 3429 3313 3488 ἀποστόλων
3346 3430 3439 3481 καὶ
3468 3429 3748 3501 μαθητῶν

2145 3520 2395 3591 Σωτῆρος
2433 3519 2610 3590 ἡμῶν.
2660 3520 2774 3586 Πᾶς
2814 3519 2993 3572 τοίνυν
3041 3521 3070 3572 6
3099 3520 3338 3584 τοιοῦτος
3389 3522 3747 3589 ἀπαγγέλλει

2144 3615 2296 3684 ἡμῖν,
2327 3614 2480 3681 φασὶ,
2522 3613 2656 3666 διότι
2705 3613 2817 3684 πῦρ
2859 3612 3070 3668 καίεται
3117 3616 3228 3676 τοῖς
3278 3613 3526 3666 ἀσεϐέσιν
3581 3616 3752 3686 ἡτοι-

2149 3703 2454 3774 μασμένονσ
2501 3705 2529 3756 6
2571 3704 2628 3756 δὲ
2674 3704 2836 3766 αὐτὸς
2883 3703 2977 3756 καὶ
3021 3703 3112 3756 τὸν
3155 3704 3321 3758 τόπον
3365 3705 3465 3774 τῆς
3503 3707 3750 3764 αἰωνίου

2145 3797 2379 3867 κρίσεως
2420 3795 2649 3866 δηλώσει
2692 3797 2844 3865 ἡμῖν,
2890 3797 3477 3868 προσμαρτυρούμενος
3519 3800 3754 3870 φυλάτ-

2144 3889 2332 3942 τεσθαι
2370 3887 2445 3959 μὴ
2476 3891 2796 3960 περιπεσεῖν
2823 3889 2903 3951 είς
2929 3888 3118 3960 αὐτὴν.

2221 4002 2239 4032 ι
2269 3978 2435 4044 Οὗτος
2466 3983 2675 4053 οἰκήσει
2726 3982 2784 4035 ὲν
2836 3981 3020 4052 ὑψήλῳ
3054 3981 3302 4052 σπηλαίῳ
3339 3983 3544 4053 πέτρας
3574 3985 3758 4058 ἰσχυ-

2148 4075 2276 4146 ρᾶς·
2334 4074 2496 4145 ἄρτος
2543 4071 2691 4142 αὐτῷ
2746 4071 3052 4142 δοθήσεται,
3098 4073 3192 4125 καὶ
3243 4073 3304 4125 τὸ
3359 4071 3504 4144 ὕδωρ
3557 4075 3758 4148 αὑτοῦ

2145 4163 2357 4216 πιστόν.
2397 4183 2416 4214 ι
2449 4163 2622 4226 Αὐτὸς
2662 4162 2718 4215 δὲ
2769 4155 2945 4226 οὗτος,
2982 4161 3199 4234 μακρὰν
3229 4161 3322 4215 τοῦ
3370 4164 3538 4236 πυρὸς
3570 4182 3762 4234 γεγο-

2146 4254 2252 4319 νὼς
2282 4254 2493 4308 καὶτοῦ
2533 4254 2924 4325 προλεχθέντος
2957 4255 3177 4310 αἰωνίου
3207 4255 3394 4321 τόπου,
3427 4259 3648 4327 οἰκήσει
3673 4263 3763 4320 ⁷ἐν

453 4353 613 4422 petra
649 4342 826 4396 ﬁrma.
880 4341 1190 4395 Secundum
1225 4340 1614 4412 Symmachum
1646 4356 1777 4396 vero
1801 4377 1819 4406 ,
1857 4359 1876 4392 ι
1923 4341 2042 4410 lpse

2157 4346 2336 4418 ὑψηλῷ
2388 4346 2659 4418 σπηλαίῳ,
2701 4348 2796 4400 καὶ
2840 4348 2936 4399 ἐπὶ
2978 4347 3184 4419 πέτρας
3220 4349 3464 4419 ἰσχυρᾶς.
3490 4351 3661 4408 Κατὰ
3683 4355 3763 4407 δὲ

461 4437 514 4490 in
546 4435 776 4490 excelsis
818 4433 1130 4498 habitabit,
1179 4434 1332 4502 quasi
1373 4435 1709 4486 munimenta
1766 4443 2039 4501 petrarum

2157 4440 2236 4493 τὸν
2260 4439 2578 4510 Σύμμαχον,
2634 4458 2651 4490 t
2703 4438 2892 4502 Ἀὐτὸς
2924 4440 2981 4491 ὲν
3016 4439 3242 4508 ὑψηλοῖς
3289 4441 3761 4510 κατασκηνώσει,

453 4526 765 4586 sublimitas
792 4524 945 4594 ejus;
989 4541 1008 4574 ι
1043 4531 1100 4575 ιιι
1130 4537 1197 4576 ex
1239 4522 1322 4575 his
1351 4521 1632 4575 beatorum
1677 4522 1999 4575 exercitium
2025 4560 2043 4586 ,

2157 4527 2222 4594 ςυξ
2257 4533 2509 4601 περιοχαὶ
2539 4529 2755 4601 πετρῶν
2775 4529 2836 4582 τὸ
2864 4529 2996 4599 ὕψος
3020 4528 3185 4583 αὑτοῦ
3203 4547 3218 4562 ·
3254 4549 3272 4582 ι
3300 4531 3375 4594 ὡς
3409 4535 3550 4586 νοεῖν
3579 4537 3765 4606 ἡμᾶς

457 4629 515 4674 et
545 4619 856 4678 institutum
885 4618 1010 4671 vita:
1049 4616 1106 4669 in
1157 4629 1367 4669 summa
1413 4613 1757 4682 philosophia
1807 4613 2043 4682 positum

2157 4621 2231 4675 5ιά
2263 4621 2467 4676 τούτων
2506 4622 2602 4693 τὴν
2649 4622 2757 4676 τῶν
2785 4623 3070 4694 μακαρίων
3097 4624 3350 4692 ἄσκησιν,
3391 4625 3484 4677 καὶ
3532 4626 3631 4682 τὸν
3687 4633 3768 4685 ὲν

461 4711 826 4782 intelligamus
856 4727 869 4763 :
900 4708 1252 4779 quamobrem
1298 4706 1552 4769 infertur,
1595 4724 1614 4757 ‹
1649 4704 1814 4760 Panis
1861 4707 1910 4760 ei
1946 4706 2043 4759 da-

2157 4715 2433 4786 ἀκροτάτῳ
2462 4714 2780 4784 φιλοσοφίας
2821 4715 2932 4786 βίον
2977 4715 3191 4768 αὐτῶν⁸
3249 4716 3330 4768 διὸ
3379 4716 3720 4785 ὲπιλέγετας
3745 4760 3788 4788 ,.

458 4806 624 4872 bitur,
653 4814 706 4858 et
735 4819 874 4873 aqua
907 4804 1024 4872 ejus
1063 4801 1256 4857 ﬁdelis.
1301 4819 1319 4852 ι
1356 4800 1504 4856 Talis
1529 4811 1708 4856 autem
1743 4801 1908 4856 homo
1943 4817 2044 4870 pa-

2157 4828 2171 4859 ι
2208 4809 2372 4878 ἄρτος
2399 4808 2547 4879 αὐτῷ
2575 4809 2882 4879 δοθήσεται,
2909 4810 3004 4861 καὶ
3024 4808 3083 4860 τὸ
3105 4808 3254 4880 ὕδωρ
3282 4809 3447 4862 αὑτοῦ
3477 4814 3717 4868 πιστόν.
3735 4836 3760 4868 ι

460 4917 526 4952 ne
546 4909 762 4966 etaqua
806 4899 856 4950 in
889 4896 1143 4966 praisenti
1175 4895 1283 4950 vita
1327 4897 1394 4950 ad
1432 4897 1751 4952 alimentum
1795 4913 1945 4960 usus,
1980 4897 2038 4949 in

2161 4904 2219 4955 Ὀ
2248 4903 2304 4956 δὲ
2330 4903 2591 4967 τοιοῦτος,
2629 4904 2780 4974 ἄρτῳ
2814 4903 2908 4956 καὶ
2946 4901 3096 4956 ὕδατι
3125 4903 3223 4972 τὴν
3258 4902 3543 4974 παροῦσαν
3580 4903 3765 4978 ζωὴν

455 4991 873 5058 exercitationis
913 4991 1200 5044 terminum
1236 5002 1289 5046 et
1327 4991 1587 5056 fructum,
1625 4995 1916 5064 gloriosam
1955 5008 2040 5047 re-

2157 4994 2429 5065 ἀσκηθεὶς,
2468 4995 2640 5066 πέρας
2668 4993 2778 5058 ἕξει
2813 4994 2907 5046 καὶ
2934 4993 3146 5064 καρπὸν
3179 4994 3279 5064 τῆς
3310 4995 3606 5066 ἀσκήσεως
3638 5002 3771 5072 τὴν

454 5086 540 5156 gis
567 5084 1075 5151 contemplationem
1103 5083 1304 5139 referet
1333 5107 1344 5140 :
1385 5098 1719 5156 quapropter
1741 5087 1818 5141 ait
1850 5107 1862 5140 :

2157 5085 2354 5152 ἔνδοξον
2376 5087 2471 5138 τοῦ
2502 5086 2762 5156 βασιλέως
2787 5086 2914 5140 θέαν
2936 5103 2950 5116 °
2979 5087 3060 5139 διό
3084 5103 3246 5157 φησιν
3270 5104 3284 5116 ·

529 5182 694 5239 Vsus.
729 5182 946 5237 17-19.
1005 5200 1024 5232 ι
1062 5182 1260 5252 Regem
1328 5195 1448 5235 cum
1517 5181 1688 5250 gloria
1745 5178 1999 5234 videbitis
2023 5219 2038 5244 ,

2223 5199 2241 5229 ε
2281 5179 2510 5232 Βασιλέα
2544 5180 2679 5250 μετά
2723 5178 2881 5250 δόξης
2905 5179 3123 5247 ὄψεσθε,
3163 5183 3211 5233 οἱ
3254 5179 3527 5251 ὀφθαλμοὶ
3576 5182 3774 5254 ὑμῶν

456 5277 599 5332 oculi
638 5276 803 5336 vestri
852 5285 1078 5330 cernent
1132 5284 1328 5327 terram
1364 5273 1556 5343 procul
1589 5291 1602 5326 :
1635 5273 1821 5326 anima
1855 5284 2038 5326 vestra

2157 5271 2366 5340 5ῲονται
2400 5273 2504 5342 γῆν
2530 5270 2834 5342 πορῤωθεν,
2864 5273 2897 5342 ή
2931 5270 3078 5342 ψυχὴ
3119 5271 3591 5344 ὑμῶν.μελετήσει
3642 5278 3777 5344 φό-

459 5369 806 5423 meditabitur
853 5369 1126 5422 timorem.
1197 5367 1293 5422 Ubi
1343 5377 1470 5422 sunt
1525 5365 1902 5434 grammatici?
1951 5364 2038 5416 ubi

2157 5364 2259 5417 5ον.
2296 5365 2406 5416 Ποῦ
2435 5366 2571 5416 εἰσιν
2596 5365 2644 5415 οἱ
2677 5363 3080 5434 γραμματικοί;
3116 5363 3225 5416 Ποῦ
3251 5367 3386 5418 εἰσιν
3407 5365 3459 5417 οἱ
3490 5366 3775 5437 συμϐου-

458 5461 801 5515 consiliarii?
848 5461 935 5514 ubi
973 5468 1096 5523 est,
1127 5459 1218 5524 qui
1253 5468 1504 5513 numerat
1530 5474 1624 5512 eos
1655 5458 1748 5527 qui
1799 5457 2041 5508 nutriunt

2157 5457 2427 5520 λεύοντες;
2480 5446 2611 5508 Ποῦ
2638 5457 2785 5508 ἐστιν
2839 5458 2866 5508 ὁ
2913 5455 3161 5526 ἀριθμῶν
3204 5458 3329 5520 τοὺς
3359 5459 3775 5534 τρεφομένοῖς

458 5566 682 5619 parvum
705 5564 760 5608 et
783 5568 1039 5622 magnum
1074 5551 1326 5620 populum
1354 5553 1377 5603 Ἰ
1422 5553 1509 5605 cui
1541 5566 1645 5604 non
1679 5550 1830 5604 dedit
1864 5547 2042 5601 consi-

2157 5548 2344 5618 μικρὸν
2381 5547 2474 5600 καὶ
2530 5546 2702 5616 μέγαν
2731 5546 2890 5610 λαόν;
3006 5547 3068 5599 οὑ
3103 5547 3583 5614 συνεϐουλεύσατο,
3614 5553 3773 5610 οὐδὲ

460 5645 589 5700 lium
616 5685 632 5712 ,
663 5661 836 5716 neque
882 5646 1040 5702 scivit
1074 5659 1263 5701 vocem
1316 5645 1632 5713 altiloquam
1662 5660 1678 5711 ;
1717 5645 1799 5697 ila'
1831 5651 1890 5696 ut
1934 5655 2040 5696 non

2157 5640 2262 5710 ᾔδει
2300 5637 2637 5710 βαθύφωνον,
2672 5638 2813 5692 ὥστε
2863 5639 2938 5709 μὴ
2972 5638 3233 5692 ἀκοῦσαν
3293 5639 3421 5704 λαδς
3457 5643 3773 5710 πεφαυλι-
