3862 6210
227 330 339 385 329

1156 326 1651 384 COMMENTARIA
1693 327 1764 383 IN
1806 325 2061 383 ISAIAII.
2100 357 2171 367 —
2207 323 2358 379 CAP.
2402 322 2638 379 XXXIII.

3382 325 3487 379 550

231 441 451 512 σμένος,
496 441 592 494 καὶ
642 440 743 494 οὐκ
788 440 910 493 ἔστι
963 440 1040 510 τῷ
1095 442 1347 495 ἀκούοντι
1371 442 1603 506 σύνεσις.
1644 463 1663 493 ι
1703 443 1811 496 Ποῦ

1934 442 2103 496 tudiat
2133 461 2146 496 :
2186 439 2416 511 populus
2445 449 2784 509 contemptus
2812 481 2827 507 ,
2873 446 2927 496 et
2974 454 3077 495 non
3108 448 3191 495 est
3241 441 3481 496 audienti

230 533 368 583 εἰσιν
394 532 445 583 οἱ
482 533 853 602 γραμματεῖς,
887 534 936 584 oi
964 532 1025 583 τὸ
1064 531 1297 603 γράμμα
1332 534 1429 587 τοῦ
1470 535 1634 605 νόμου
1682 552 1816 604 πρε-

1919 534 2296 604 intelligentia.
2332 551 2353 585 ι
2393 531 2495 587 Ubi
2527 542 2655 587 sunt
2701 531 2909 587 Scriba:
2935 572 2951 597 ,
2998 533 3087 602 qui
3132 532 3267 604 legis
3299 532 3493 589 littera:

231 622 585 687 σϐεύσαντες,
622 624 718 676 καὶ
754 623 878 695 μηδ’
902 623 1089 694 ἕτερον
1116 625 1321 689 εἰδότες
1346 628 1485 679 νοεῖν
1516 626 1549 697 ἢ
1587 625 1686 689 τὰς
1716 626 1815 697 τῆς

1934 627 2354 695 patrocinantur,
2389 623 2637 694 nihilque
2666 624 2812 678 aliud
2843 626 3125 695 cogitant,
3172 640 3335 695 quam
3385 626 3490 681 ob-

228 713 430 778 λέξεως
469 714 849 783 άπαγγελίας;
907 715 1010 779 Οὓς
1069 716 1380 781 ἐταλὰνιζεν
1425 719 1454 771 6
1509 717 1700 790 Σωτὴρ
1760 718 1817 771 ἐν

1934 718 2062 772 viam
2087 717 2343 771 dictionis
2375 716 2806 772 enuntiationem
2836 717 2859 770 ?
2906 715 3052 783 Quos
3087 719 3316 773 miseros
3346 732 3490 789 prat-

229 804 587 873 Εὐαγγελίοις
641 805 814 874 λέγων
839 823 851 835 ·
897 823 916 857 ι
956 806 1091 859 Οὐαὶ
1150 807 1299 879 ὑμῖν,
1327 809 1674 878 γραμματεῖς
1725 806 1820 861 καὶ

228 899 514 970 Φαρισαῖοι
544 900 856 971 ὑποκριταί.
899 919 918 951 ι
960 899 1070 953 Ποῦ
1115 900 1223 973 γάρ
1282 891 1433 953 οὗτοι
1488 901 1818 971 φανήσονται

229 993 288 1043 ἐν
315 990 506 1062 ἡμέρᾳ
534 990 638 1061 τῆς
662 989 927 1061 κρίσεωςς
977 991 1026 1045 οῖ
1062 992 1290 1057 κόλακες
1340 991 1658 1063 ἐξὲστρεφον
1693 992 1820 1055 τοὺς

233 1083 704 1153 κολακευομένους
729 1084 934 1146 αὐτοῖς.

307 1193 328 1225 ε
377 1174 510 1227 Ἰδοὺ
535 1174 673 1227 Σιὼν
700 1176 733 1245 ἡ
766 1174 940 1238 πόλις,
973 1174 1035 1227 τὸ
1067 1174 1342 1245 Σωτήρων
1374 1173 1531 1245 ἡμῶν
1554 1174 1604 1226 oi.
1625 1172 1825 1243 ὀφθαλ-

238 1265 329 1332 μοί
364 1280 459 1317 σου
483 1263 725 1334 ὄψονται,
754 1264 1108 1337 Ἰερουσαλήμ
1126 1281 1139 1295 ’
1171 1264 1325 1327 πόλις
1351 1263 1600 1327 πλουσία,
1629 1265 1824 1335 σκηναὶ

233 1356 291 1408 αἳ
318 1355 381 1407 οὐ
412 1356 488 1426 μὴ
525 1355 833 1419 σεισθῶσιν,
866 1357 985 1410 οὐδὲ
1022 1357 1096 1428 μὴ
1141 1354 1435 1428 κινηθῶσιν
1476 1358 1525 1409 οἱ
1563 1356 1823 1409 πάσσαλοι

231 1448 338 1517 τῆς
374 1448 582 1518 σκηνῆς
626 1448 797 1517 αὐτῆς
850 1450 930 1512 εἰς
961 1450 1053 1502 τὸν
1099 1449 1271 1503 αἰῶνα
1322 1448 1534 1520 χρόνον,
1586 1447 1706 1501 οὐδὲ
1754 1447 1824 1500 τὰ

238 1538 447 1608 σχοινία
468 1538 641 1610 αὐτῆς
660 1539 721 1592 οὐ
753 1540 828 1610 μὴ
857 1540 1250 1612 διαρραγῶσιν.
1297 1559 1315 1592 ι
1347 1540 1609 1612 Σημαίνει
1653 1540 1711 1593 δέ
1736 1538 1823 1592 διὰ

231 1630 441 1684 τούτων
468 1631 499 1683 6
524 1630 699 1700 λόγος,
735 1633 1007 1703 Σωτήρων
1038 1633 1135 1704 μὲν
1163 1633 1254 1686 τὸν
1278 1632 1512 1703 Χριστὸν
1541 1631 1635 1685 τοῦ
1668 1631 1823 1695 Θεοῦ,

234 1723 393 1778 πόλιν
420 1724 477 1777 δὲ
516 1724 717 1795 ἑορτῶν
741 1723 837 1795 τὴν
882 1722 1207 1793 Ἐκκλησίαν
1236 1722 1331 1777 τοῦ
1369 1721 1527 1776 Θεοῦ.
1569 1722 1681 1793 Τῆς
1728 1722 1826 1792 μὲν

232 1815 347 1888 γὰρ
392 1817 691 1888 Ἰουδαϊκῆς
718 1815 1073 1888 Ἰερουσαλὴμ
1117 1815 1377 1878 πολλάκις
1414 1814 1737 1887 ἐσείσθησαν
1766 1816 1821 1867 ai
1859 1800 1899 1853 Β

231 1909 458 1982 σκηναὶ,
487 1909 942 1981 πολιορκηθείσης
965 1908 1236 1979 διαφόρως
1260 1909 1353 1961 καὶ
1374 1908 1454 1972 είς
1474 1906 1666 1977 ἔδαφος
1690 1924 1822 1961 κατ-

230 2001 551 2073 ενεχθείσης
599 2001 704 2055 ὑπὸ
765 2001 876 2055 τῶν
938 1999 1082 2054 κατὰ
1121 2000 1348 2071 χρόνους
1397 1999 1823 2072 πολεμησάντων

229 2092 439 2163 αὐτήν·
494 2092 597 2163 τῆς
647 2092 705 2147 δὲ
761 2091 957 2163 καινῆς
1015 2090 1221 2161 ταύτης
1283 2090 1492 2154 πόλεως
1529 2091 1822 2161 ἀκινήτους

230 2186 405 2256 φησὶν
438 2184 659 2239 ἔσεσθαι
706 2187 833 2250 τοὺς
872 2185 1202 2249 πασσάλους.
1251 2184 1371 2238 Κᾶν
1419 2185 1528 2256 γὰρ
1566 2184 1823 2255 νομίζητε

230 2295 368 2331 ποτε
394 2280 452 2332 ἐν
485 2278 748 2349 διωγμοῖς
777 2277 1098 2332 ἐλαύνεσθαι
1127 2277 1222 2331 καὶ⁸
1254 2276 1676 2349 πολιορκεῖσθαι,
1710 2275 1822 2330 ἀλλ’

230 2368 329 2421 ἐπὶ
352 2367 455 2439 τὴν
490 2368 695 2439 πέτραν
730 2369 944 2422 ἑστῶσα
989 2368 1136 2441 μένει
1179 2368 1247 2421 δι’
1292 2366 1486 2431 αἰῶνος
1539 2368 1819 2431 an".me

232 2459 473 2531 ἀψευδὴς
496 2461 605 2531 γὰρ
636 2456 704 2530 ἦν
728 2459 756 2512 6
784 2458 952 2513 εἰπών
977 2476 991 2491 ·
1033 2479 1051 2512 ι
1096 2460 1221 2513 Ἐπὶ
1252 2459 1350 2531 τὴν
1382 2458 1587 2529 πέτραν
1619 2458 1824 2512 οἰκοδο-

236 2552 400 2622 μήσω
432 2568 532 2621 μου
559 2550 658 2623 τὴν
692 2551 1043 2622 Ἐκκλησίαν,
1075 2552 1169 2605 καὶ
1209 2550 1377 2604 πύλαι
1423 2550 1551 2622 ᾅδου
1599 2551 1660 2604 οὐ
1689 2568 1821 2604 κατ-

237 2642 554 2713 ισχύσουσιν
583 2643 774 2714 αὐτῆς.
812 2662 831 2696 ι

311 2754 331 2785 ι
368 2735 492 2788 Ὀτι
538 2734 599 2788 τὸ
625 2734 797 2806 ὄνομα
851 2735 1057 2808 Κυρίου
1115 2736 1255 2807 μέγα
1299 2737 1464 2807 ὑμῖν,
1505 2735 1668 2799 τόπος
1696 2737 1825 2807 ὑμῖν

233 2824 410 2889 ἔσται,
440 2827 677 2898 ποταμοὶ
701 2827 794 2880 καὶ
834 2826 1098 2900 διώρυγες
1128 2830 1354 2894 πλατεῖς
1379 2831 1473 2884 καὶ
1501 2829 1821 2902 εὐρύχωροι.

235 2917 313 2969 υῦ
354 2917 598 2990 πορεύσῃ
610 2918 815 2991 ταύτην
838 2919 937 2990 τὴν
964 2920 1100 2985 ὁδὸν,
1135 2920 1254 2973 οὐδὲ
1288 2920 1614 2992 πορεύσεται
1641 2920 1825 2974 πλοῖον

234 3012 483 3065 ἐλαῦνον.
537 3012 594 3064 '0
647 3013 756 3083 γὰρ
793 3013 927 3077 Θεός
990 3032 1092 3085 μου
1145 3015 1322 3085 μέγας
1363 3014 1540 3067 ἐστίν⁹
1572 3014 1633 3068 οὐ
1679 3030 1824 3087 παρ-

236 3103 520 3158 ελεύσεταί
556 3121 625 3175 με
672 3104 879 3177 Κύριος
926 3108 1121 3179 κριτὴς
1178 3107 1358 3179 ἡμῶν,
1396 3107 1600 3179 Κύριος
1641 3108 1825 3180 ἄρχων

237 3196 423 3268 ἡμῶν,
460 3195 665 3268 Κύριος
700 3197 955 3269 βασιλεὺς
1000 3198 1181 3270 ἡμῶν,
1238 3200 1439 3271 Κύριος
1492 3193 1648 3264 οὗτος
1678 3202 1825 3272 ἡμᾶς

236 3288 429 3345 σώσει.
461 3309 480 3341 ›
513 3291 655 3343 Αὐτὸ
700 3290 763 3344 τὸ
802 3290 990 3363 ὄνομα,
1026 3294 1179 3363 φησὶ,
1215 3294 1421 3365 Κυρίου
1460 3294 1622 3357 τόπος
1673 3292 1826 3346 ἐσται

235 3381 413 3453 ταύτῃ
438 3384 504 3453 τῇ
534 3384 693 3453 καινῇ
717 3382 869 3436 πόλει
903 3386 969 3455 τῇ
1000 3384 1236 3455 άσείστῳ
1271 3384 1366 3438 καὶ
1397 3383 1663 3456 ἁπτώτῳ”
1721 3383 1828 3438 διό-

236 3488 368 3543 περ,
394 3471 469 3535 ῶς
498 3471 565 3525 ἂν
597 3472 691 3525 ἐπὶ
717 3471 808 3525 τὸν
841 3472 1063 3545 Κύριον,
1084 3473 1247 3527 τόπον
1263 3475 1392 3528 ὄντα
1418 3475 1608 3546 αὐτῆς,
1630 3474 1829 3546 ᾠκοδο-

238 3562 485 3634 μημένη,
512 3564 759 3627 άσειστος
806 3563 975 3634 μένει.
1018 3564 1096 3618 Δι’
1129 3559 1205 3618 ὧν
1233 3568 1261 3620 6
1301 3566 1457 3635 λόγος
1500 3567 1599 3638 τῆς
1631 3565 1825 3637 προλε-

235 3654 467 3724 χθείσης
494 3653 700 3715 πόλεως
727 3651 815 3706 τὸν
845 3652 1049 3726 Κύριόν
1076 3671 1240 3725 φησιν
1264 3653 1484 3707 ἔσεσθαι
1514 3654 1697 3718 τόπον,
1732 3672 1828 3708 πο-

234 3745 431 3816 ταμῶν
462 3745 653 3816 ῥεῖθρα
684 3744 916 3815 ἐχόντων
946 3746 1039 3799 καὶ
1083 3746 1356 3820 διώρυγας
1384 3746 1606 3811 πλατεῖς
1626 3764 1640 3777 ·
1680 3746 1824 3801 ὥστε

236 3837 423 3906 λέγειν
441 3854 454 3866 ·
490 3856 509 3887 ι
538 3837 645 3890 Τοῦ
675 3836 919 3908 ποταμοῦ
942 3836 1008 3890 τά
1036 3837 1330 3909 ὀρμήματα
1358 3837 1705 3909 εὐφραίνουσι
1728 3837 1828 3908 τὴν

235 3928 400 3983 πόλιν
424 3929 517 3981 τοῦ
546 3928 704 3995 Θεοῦ,
745 3949 763 3981 ι
799 3929 892 3983 καὶ
923 3948 941 3980 ι
987 3929 1048 3981 Ὀ
1085 3928 1329 3999 ποταμὸς
1350 3928 1455 4003 ,τοῦ
1489 3928 1623 3982 Θεοῦ
1669 3928 1829 3998 ἐπλη-

238 4020 395 4094 ρώθη
433 4021 661 4085 ὑδάτων,
703 4040 722 4071 ι
748 4020 836 4074 διὰ
880 4020 942 4074 τδ
985 4022 1149 4075 αὐτὸν
1183 4021 1275 4074 τὸν
1304 4020 1509 4093 Κύριον
1550 4015 1690 4074 εἶναι
1737 4020 1828 4073 τὸν

237 4114 415 4167 τόπον
463 4112 663 4167 αὐτῶν.
691 4113 854 4165 Ὅθεν
900 4113 1112 4185 ἐχθροῖς
1168 4113 1262 4167 καὶ
1307 4112 1592 4184 πολεμίοις
1638 4111 1827 4165 ἀνεπί-

244 4206 405 4258 ϐατοι
432 4205 789 4275 τυγχάνουσιν
816 4206 865 4257 οἱ
913 4206 1168 4276 ποταμοὶ,
1197 4206 1297 4276 τὴν
1324 4205 1710 4277 προλεχθεῖσαν
1733 4203 1828 4257 τοῦ

238 4297 383 4351 θεοῦ
419 4296 572 4350 πόλιν
599 4297 722 4350 ἀντὶ
753 4296 1037 4367 περιϐόλου
1094 4297 1418 4362 κυκλοῦντες
1461 4297 1555 4350 καὶ
1586 4314 1828 4369 περιτει-

237 4391 489 4463 χίζοντες
508 4406 521 4417 ·
547 4390 623 4452 ὼς
639 4390 802 4443 πᾶσιν
819 4388 1117 4459 ἀλλοτρίοις
1140 4389 1429 4444 ἀδιάὸατον
1447 4385 1583 4444 εἷναι
1599 4407 1613 4420 ·
1640 4388 1828 4461 ἐπειδὴ

1921 808 2137 865 dicabat
2169 808 2421 865 Salvator
2466 808 2519 862 in
2548 808 2854 878 Evangeliis
2879 809 3061 864 dicens
3083 848 3097 872 ,
3136 826 3154 859 ι
3196 807 3285 863 Vae
3319 810 3493 876 vobis,

1926 902 2134 958 Scriba:
2161 911 2217 957 et
2250 900 2510 956 Pharisaei
2544 900 2836 971 hypocrita:
2863 900 2930 955 “.
2971 918 2989 952 ι
3030 896 3256 954 Ubinam
3293 900 3367 954 illi
3396 915 3492 971 ap-

1924 997 2190 1066 parebunt
2217 997 2271 1050 in
2309 996 2395 1050 die
2419 994 2607 1066 judicii
2632 994 2657 1049 ἳ
2686 995 2802 1063 qui,
2832 1002 3019 1063 utpote
3049 993 3379 1060 adulatores,
3401 1010 3495 1052 eos

1925 1088 2124 1160 quibus
2157 1088 2569 1144 assentabantur
2593 1090 2935 1142 avertebant.

1995 1181 2162 1237 Vens.
2191 1182 2283 1237 20.
2318 1200 2338 1233 ι
2377 1180 2515 1236 Ecce
2547 1177 2678 1235 Sion
2709 1179 2904 1235 civitas
2929 1221 2946 1247 ,
2973 1178 3224 1235 Salutare
3253 1187 3499 1235 nostrum

1924 1274 2066 1329 oculi
2094 1274 2167 1328 tui
2195 1272 2478 1338 videbunt,
2509 1270 2807 1327 Jerusalem
2830 1315 2846 1339 ,
2870 1272 3065 1327 civitas
3098 1272 3248 1327 dives
3272 1311 3288 1338 ,
3322 1271 3502 1327 taber-

1926 1366 2116 1421 nacula
2151 1379 2271 1435 quae
2319 1379 2429 1420 non
2473 1364 2871 1432 concutientur,
2910 1380 3088 1433 neque
3141 1364 3504 1425 movebuntur

1926 1456 2110 1528 paxilli
2149 1456 2483 1512 tabernaculi
2532 1455 2649 1526 ejus
2703 1456 2756 1510 in
2802 1458 3189 1527 sempiternum
3244 1466 3502 1527 tempus,

1929 1563 2103 1617 neque
2136 1548 2360 1604 funiculi
2395 1548 2512 1618 ejus
2560 1548 2954 1617 dirumpentur.
3015 1568 3033 1601 ι
3088 1548 3183 1604 His
3214 1564 3381 1620 porro
3428 1553 3506 1604 si.-

1929 1642 2171 1712 guilicat,
2207 1640 2459 1696 Salutare
2486 1640 2701 1710 quidem
2732 1655 2853 1695 esse
2879 1640 3152 1695 Christum
3177 1642 3305 1709 Dei,
3340 1642 3509 1697 festo-

1933 1751 2050 1789 rum
2102 1748 2229 1788 vero
2274 1733 2553 1788 civitatem
2604 1746 2724 1787 esse
2760 1732 2853 1786 Dei
2888 1731 3209 1787 Ecclesiam.
3246 1731 3381 1788 Nam
3409 1730 3507 1787 Ju-

1931 1827 2099 1882 daicm
2147 1825 2361 1896 quidem
2388 1822 2777 1895 Hierosolyma:
2810 1824 3154 1879 tabernacula
3187 1824 3509 1897 plerumque

1929 1932 2183 1973 succussa
2216 1927 2344 1973 sunt
2386 1917 2441 1971 in
2475 1915 2644 1971 variis
2677 1915 2784 1971 illis
2828 1915 3201 1972 obsidionibus
3224 1958 3241 1984 ,
3290 1918 3507 1987 quando

1930 2010 2017 2063 illa
2054 2009 2120 2063 ab
2151 2006 2585 2077 expugnantibus
2608 2006 2727 2063 solo
2771 2022 2877 2063 non
2906 2010 3077 2064 semel
3105 2020 3317 2079 aequata
3356 2010 3499 2078 fuit;

1931 2115 2084 2155 novae
2114 2109 2293 2154 autem
2337 2097 2563 2166 hujusce
2605 2098 2755 2154 urbis
2786 2100 3037 2156 immotos
3075 2101 3153 2155 ait
3184 2100 3303 2157 fore
3330 2102 3506 2171 paxil-

1932 2192 2032 2247 los.
2066 2190 2294 2247 Etiamsi
2322 2190 2466 2245 enim
2498 2190 2700 2261 putetis
2747 2205 3134 2262 nonnunquam
3166 2206 3262 2249 vos
3289 2193 3344 2248 in
3375 2209 3501 2264 per-

1931 2283 2300 2340 secutionibus
2328 2282 2449 2353 pelli
2477 2292 2531 2337 et
2554 2283 2791 2338 obsideri
2826 2300 2840 2338 :
2874 2292 2931 2338 at
2958 2283 3049 2339 illa
3077 2298 3291 2354 semper
3324 2285 3378 2339 in
3406 2298 3503 2354 pe-

1933 2391 2014 2435 tra
2053 2381 2323 2445 consistit,
2351 2388 2406 2434 et
2432 2379 2651 2433 immota
2683 2387 2865 2435 manet
2892 2379 2943 2434 in
2972 2379 3228 2434 saeculum
3259 2397 3272 2433 :
3299 2379 3503 2435 etenim

1931 2472 2146 2529 mentiri
2195 2472 2381 2540 nequit
2413 2471 2459 2527 is
2491 2472 2580 2540 qui
2613 2470 2747 2525 dixit
2777 2489 2791 2526 :
2833 2488 2852 2523 ι
2887 2471 3064 2542 Super
3106 2479 3314 2541 petram
3336 2470 3507 2526 aediﬁ-

1933 2564 2072 2621 cabo
2104 2563 2404 2620 Ecclesiam
2442 2578 2616 2618 meam
2644 2603 2661 2630 ,
2690 2573 2745 2619 et
2770 2574 2938 2633 porta:
2973 2563 3128 2619 inferi
3161 2579 3264 2618 non
3302 2577 3506 2633 praeva~

1932 2658 2115 2713 lebunt
2145 2658 2407 2711 adversus
2436 2667 2555 2711 eam
2596 2654 2663 2710 “.
2705 2674 2724 2707 ι
3154 2710 3159 2719 η

2002 2745 2167 2801 Vens.
2201 2745 2401 2813 21,22.
2439 2763 2458 2797 ι
2482 2744 2747 2813 Quoniam
2776 2763 2968 2804 nomen
3009 2748 3219 2805 Domini
3250 2762 3506 2821 magnum

1931 2840 2086 2896 vobis
2112 2881 2128 2907 ,
2170 2839 2319 2894 locus
2360 2838 2513 2893 vobis
2546 2839 2649 2894 erit
2698 2837 2919 2896 ﬂumina
2964 2851 3019 2898 et
3051 2842 3152 2897 rivi
3182 2842 3273 2897 lati
3302 2850 3358 2898 et
3380 2856 3507 2911 spa-

1933 2933 2086 2989 tiosi.
2116 2931 2231 2987 Non
2274 2931 2578 2987 ambulabis
2604 2946 2701 3002 per
2740 2933 2881 2988 hanc
2903 2932 3045 2989 viam
3067 2972 3082 3000 ,
3116 2949 3292 3004 neque
3318 2933 3509 2988 ambu-

1934 3024 2070 3080 labit
2105 3022 2381 3093 navigium
2408 3038 2721 3093 properans.
2756 3025 2900 3081 Deus
2919 3026 3064 3081 enim
3100 3042 3251 3083 meus
3280 3040 3510 3096 magnus

1931 3124 2035 3171 est.
2075 3113 2190 3169 Non
2234 3113 2484 3169 transibit
2512 3131 2596 3170 me
2624 3115 2882 3173 Dominus
2905 3116 3070 3186 iudex
3098 3129 3298 3182 noster,
3327 3118 3510 3174 Domi-

1930 3224 2031 3264 nus
2052 3207 2303 3277 princeps
2331 3217 2539 3273 noster,
2575 3208 2837 3265 Dominus
2868 3225 2965 3265 rex
3000 3220 3208 3276 noster,
3250 3210 3510 3266 Dominus

1928 3299 2019 3353 hic
2056 3297 2291 3353 salvabit
2319 3313 2443 3354 nos.
2483 3317 2503 3352 ι
2551 3299 2707 3369 Iluic,
2739 3301 2915 3372 inquit
2938 3343 2954 3367 ,
2981 3318 3133 3358 novae
3162 3303 3368 3358 civitati
3422 3304 3508 3357 iu-

1930 3406 2210 3448 cnncussae
2238 3399 2293 3445 et
2338 3391 2600 3447 immobili
2627 3432 2643 3458 ,
2673 3393 2848 3463 ipsum
2875 3408 3073 3450 nomen
3108 3395 3322 3449 Domini
3356 3395 3509 3450 locus

1927 3484 2033 3539 erit
2064 3502 2077 3538 :
2106 3497 2281 3554 quare
2311 3499 2471 3553 supra
2522 3483 2805 3539 Dominum
2830 3525 2846 3549 ,
2893 3486 3073 3540 locum
3106 3500 3261 3541 suum
3293 3526 3310 3551 ,
3336 3485 3508 3539 ειεξι-

1929 3585 2050 3631 cata
2076 3616 2091 3640 ,
2120 3577 2343 3630 immota
2378 3584 2582 3630 manet.
2615 3574 2711 3632 His
2743 3576 2924 3646 itaque
2953 3577 3295 3648 signiﬁcatur
3329 3579 3506 3647 ipsum

1929 3668 2215 3724 Dominum
2246 3667 2515 3735 praedictae
2562 3667 2802 3722 civitatis
2840 3667 3018 3722 locum
3051 3667 3290 3721 futurum
3339 3681 3462 3722 esSe
3488 3708 3504 3729 ,

1928 3759 2207 3816 ﬂuminum
2244 3759 2412 3814 alveis
2442 3767 2498 3815 et
2524 3759 2648 3815 latis
2679 3760 2809 3814 rivis
2843 3759 3164 3815 instructum
3186 3799 3201 3824 ,
3232 3760 3302 3812 ita
3334 3768 3393 3812 ut
3424 3759 3505 3812 di-

1929 3860 2121 3915 catur,
2188 3866 2209 3901 t
2271 3848 2535 3907 Fluminis
2591 3852 2824 3920 impetus
2893 3851 3172 3907 lzetilicant
3228 3851 3504 3906 civitatem

1930 3944 2023 3999 Dei
2056 3943 2124 4010 “,
2158 3961 2178 3995 ι
2213 3953 2269 3997 et
2292 3983 2307 4008 ,
2345 3959 2365 3994 ι
2401 3942 2625 3999 Flumen
2657 3942 2750 3998 Dei
2780 3943 3043 4014 repletum
3078 3952 3160 3999 est
3190 3944 3344 4013 aquis
3375 3942 3443 4010 ιδ,
3482 3962 3502 3995 ι

1932 4042 2056 4109 quia
2095 4036 2302 4092 scilicet
2337 4036 2450 4106 ipse
2480 4035 2739 4091 Dominus
2766 4036 2918 4091 locus
2948 4051 3136 4091 eorum
3169 4044 3274 4106 est.
3302 4034 3510 4101 Quam-

1931 4134 2116 4188 obrem
2150 4131 2334 4185 isthmc
2363 4127 2584 4182 ﬂumina
2610 4128 2857 4184 hostibus
2891 4129 3236 4197 iniuticisque
3265 4126 3504 4179 inacces-

1932 4240 1990 4278 sa
2018 4231 2143 4276 sunt
2172 4260 2187 4285 ,
2215 4235 2335 4290 quae
2377 4220 2688 4289 praedictam
2742 4220 2835 4275 Dei
2868 4222 3145 4277 civitatem
3182 4217 3505 4273 munimenti

1932 4314 2051 4368 loco
2085 4311 2426 4367 circumdant
2453 4320 2510 4367 et
2538 4312 2829 4374 ambiunt;
2862 4314 2936 4366 ita
2985 4322 3043 4366 ut
3088 4310 3361 4368 extraneis
3389 4310 3510 4379 qui-

1935 4409 2143 4476 busque
2170 4405 2346 4460 aditus
2376 4404 2448 4459 sit
2475 4403 2654 4457 nullus
2692 4420 2706 4457 :
2741 4404 2993 4472 quoniam
3031 4402 3323 4465 Dominus,
3357 4399 3510 4454 locus

234 4487 267 4537 6
293 4483 521 4554 Κύριος,
551 4483 718 4543 τόπος
754 4480 830 4536 ὣν
870 4481 1061 4551 αὐτῆς,
1097 4481 1269 4552 μέγας
1312 4482 1491 4535 ἐστίν·
1531 4481 1692 4545 αὐτὸς
1719 4482 1828 4552 γὰρ

1935 4512 2129 4568 nempe
2172 4495 2293 4566 ejus
2319 4536 2336 4562 ,
2379 4510 2709 4565 permagnus
2755 4504 2841 4550 est
2876 4513 2891 4549 :
2928 4498 3044 4565 ipse
3074 4507 3304 4562 namque
3352 4500 3509 4562 petra

235 4570 311 4647 ἦν
339 4578 374 4646 ἠ
408 4576 606 4647 πέτρα,
634 4574 719 4643 ἐφ’
745 4574 811 4646 ἢν
839 4573 1174 4646 ᾠκοδόμητο.

321 4709 341 4742 ι
388 4690 735 4762 Ἐρῤάγησαν
764 4688 834 4742 τὰ
867 4689 1074 4759 σχοινία
1111 4705 1225 4750 σου,
1254 4688 1336 4740 ὅτι
1369 4687 1469 4741 οὐκ
1500 4687 1788 4757 ἐνίσχυσαν
1812 4702 1826 4715 ·

236 4784 270 4834 6
292 4780 441 4844 ἱστός
473 4796 568 4832 σου
613 4778 842 4843 ἔκλινεν,
870 4779 931 4831 οὐ
966 4778 1191 4848 χαλάσει
1223 4778 1291 4830 τὰ
1337 4777 1513 4830 ἱστία·
1563 4776 1664 4829 οὐκ
1709 4777 1833 4849 ἀρεῖ

241 4875 494 4943 σημεῖον,
526 4872 629 4935 ἕως
650 4864 711 4924 οὗ
730 4870 1007 4943 παραδοθῇ
1043 4871 1121 4932 είς
1153 4869 1449 4941 προνομήν.
1474 4867 1665 4920 Τοίνυν
1698 4866 1828 4919 πολ-

239 4965 329 5018 λοὶ
378 4964 545 5035 χωλοὶ
580 4962 857 5035 προνομὴν
909 4962 1215 5031 ποιήσουσι,
1268 4960 1363 5012 καὶ
1404 4959 1465 5013 οὐ
1503 4959 1579 5030 μὴ
1612 4960 1829 5023 εἴπωσι,

242 5055 464 5120 Κοπιῶ,
496 5058 525 5108 6
554 5055 682 5118 λαὸς
712 5054 939 5109 ἐνοικῶν
976 5056 1033 5106 ἐν
1066 5053 1278 5116 αὐτοῖς’
1310 5051 1485 5123 ἀφέθη
1514 5052 1624 5123 γὰρ
1653 5052 1833 5114 αὐτοῖς

242 5150 278 5218 ἡ
308 5147 573 5218 ἁμαρτία.
611 5166 630 5198 ι
652 5144 913 5219 Σημαίνει
944 5147 998 5200 δὲ
1026 5145 1114 5199 διὰ
1145 5144 1350 5198 τούτων
1370 5146 1470 5215 τὴν
1501 5143 1708 5197 πτῶσιν
1734 5141 1834 5212 τῆς

243 5238 569 5308 σωματικῆς
597 5238 973 5310 Ἰερουσαλὴμ,
1006 5232 1073 5308 ἧς
1114 5238 1324 5310 ἐρράγη
1354 5236 1424 5289 τὰ
1456 5234 1664 5306 σχοινία
1692 5253 1705 5265 α
1738 5234 1834 5287 καὶ

240 5332 273 5381 6
304 5332 451 5393 ἱστὸς
483 5331 541 5384 δὲ
569 5331 763 5400 αὐτῆς,
793 5330 982 5402 ῶσπερ
1028 5330 1173 5394 τινὸς
1200 5329 1329 5400 νηὸς
1362 5331 1419 5382 ἐν
1457 5327 1694 5399 χειμῶσι
1741 5328 1835 5380 καὶ

246 5422 483 5475 κλύδωσι
506 5421 889 5494 διαπεσούσης,
911 5422 1098 5493 ἐκλίθη
1130 5422 1368 5482 πίπτων,
1393 5420 1830 5473 διασπασθέντων

244 5515 356 5591 τῶν
393 5514 829 5591 διακρατοῦντων
862 5513 1039 5567 αὐτῶν
1073 5513 1338 5583 σχοινίων.

319 5752 361 5780 ⁸⁵
392 5748 580 5803 Matth.
616 5764 777 5812 xxttt,
810 5751 893 5805 15.

501 5841 774 5899 Parnm.
818 5843 935 5904 Gtt.
985 5844 1216 5904 XXIV.

972 5753 1017 5783 δ’
1046 5752 1233 5808 Matth.
1273 5770 1382 5821 va,
1417 5754 1501 5809 18.
1584 5754 1629 5785 ⁸³
1660 5754 1930 5824 P.,a|.xt.\',
1983 5756 2035 5811 5.

1932 4600 2071 4656 erat,
2098 4605 2260 4660 supra
2295 4604 2458 4659 quam
2489 4589 2889 4643 exstruebatur.

2003 4683 2170 4739 Vens.
2200 4684 2273 4737 25
2298 4722 2314 4748 ,
2345 4683 2438 4737 24.
2488 4701 2507 4734 ι
2570 4682 2779 4752 Dirupti
2813 4690 2940 4737 sunt
2972 4680 3201 4736 funiculi
3232 4680 3309 4734 tui
3336 4720 3353 4745 ,
3382 4682 3509 4750 quia

1935 4794 2040 4833 non
2072 4775 2471 4846 praevaltterttnt
2502 4795 2516 4830 :
2561 4774 2735 4829 malus
2762 4784 2887 4830 tuus
2917 4774 3208 4829 inclinatus
3239 4781 3362 4840 est,
3398 4787 3508 4827 non

1933 4868 2240 4938 pendebuut
2278 4867 2397 4922 vela
2437 4885 2453 4921 :
2486 4882 2589 4921 non
2630 4866 2829 4922 levabit
2857 4868 3095 4936 signum,
3124 4866 3298 4921 donec
3328 4866 3505 4919 trada-

1932 4971 2020 5015 tur
2047 4961 2102 5014 in
2134 4960 2516 5014 vastationem.
2551 4957 2701 5012 Multi
2749 4958 2914 5028 igitur
2964 4956 3143 5012 claudi
3177 4958 3390 5027 pmdas
3426 4955 3511 5009 fa-

1930 5053 2097 5116 cient,
2132 5063 2187 5106 et
2215 5067 2318 5106 non
2344 5051 2547 5116 dicent,
2574 5050 2807 5116 Fatisco,
2838 5050 3066 5122 populus
3092 5051 3185 5121 qui
3217 5050 3426 5105 habitat
3454 5051 3509 5104 in

1931 5144 2013 5199 eis
2045 5162 2057 5198 :
2092 5143 2373 5197 dimissum
2403 5144 2550 5197 enim
2592 5153 2677 5198 est
2702 5145 2782 5198 eis
2816 5152 3118 5213 peccatum.
3170 5161 3191 5196 ι
3226 5143 3322 5198 His
3362 5144 3508 5197 indi-

1932 5244 2021 5289 cat
2066 5249 2338 5302 corporea:
2363 5233 2752 5305 Hierosolyma
2785 5236 3051 5305 exitium,
3100 5236 3254 5306 cujus
3284 5236 3510 5292 funiculi

1935 5328 2133 5396 dirupti
2165 5336 2325 5389 sunt;
2376 5337 2431 5381 et
2464 5327 2639 5382 malus
2665 5326 2782 5395 ejus
2808 5368 2823 5391 ,
2878 5343 2977 5383 ceu
3030 5328 3309 5396 cujusdam
3357 5328 3513 5382 navis

1941 5420 2353 5490 tempestatibus
2387 5429 2442 5475 et
2468 5418 2718 5474 ﬂuctibus
2760 5422 3021 5475 demersae
3046 5463 3062 5487 ,
3108 5420 3384 5477 declinans
3434 5420 3515 5475 Ia-

1941 5528 2070 5583 psus
2102 5521 2202 5577 cst,
2237 5512 2469 5581 diruptis
2500 5510 2717 5565 funibus
2747 5514 2920 5581 ipsum
2962 5512 3337 5567 retinentibus.

2130 5757 2172 5788 “
2219 5756 2359 5811 Psal.
2414 5771 2558 5821 utv,
2605 5757 2691 5811 ID.

3160 5848 3229 5910 11
