3862 6210
1028 315 1296 374 EUSEBH
1328 316 1805 373 CESARIENSIS
1841 317 1991 380 OPP.
2032 318 2212 375 PARS
2248 318 2333 377 Ill.
2378 352 2445 362 -—
2484 321 2899 381 EXEGETICA.

848 430 855 436 '
880 424 1115 484 CAPUT
1155 429 1392 483 xxxrv.
1561 405 1595 429 ·’
1816 444 1819 447 λ

2042 452 2048 457 ·
2547 439 2942 494 ΚΕΦΑΛᾹΙΟΝ

426 547 593 633 Vens.
628 540 746 602 1-5.
799 563 818 598 ι
846 544 1120 610 Accedite,
1157 542 1366 614 gentes,
1396 554 1451 599 et
1483 544 1684 607 audite,
1723 543 1906 614 princi

2113 566 2133 599 ι
2173 548 2578 621 Προσαγάγετε,
2635 551 2781 623 ἔθνη,
2827 553 2922 604 καὶ
2980 553 3266 618 ἀκούσατε,
3314 555 3566 627 ἄρχοντες
3594 579 3610 591 ·

349 656 450 709 pes
482 639 709 697 :audiat
739 648 880 694 terra
908 677 926 704 ,
964 645 1021 693 et
1050 636 1141 706 qui
1186 636 1239 691 in
1266 649 1330 688 ea
1359 635 1640 700 habitant,
1671 636 1841 701 orbis,
1876 649 1906 688 e

2037 639 2322 693 ἀκουσάτω
2351 643 2384 712 ἡ
2432 642 2525 712 γῆ,
2561 643 2656 695 καὶ
2697 645 2744 696 οἱ
2778 645 2837 698 ὲν
2872 644 3009 715 αὐτῇ
3042 643 3398 720 οίκοῦντες,ή
3430 651 3613 705 οἰκου-

349 732 582 807 populus
612 732 703 802 qui
751 729 920 809 estin
966 734 1076 783 eo:
1111 726 1238 797 quia
1286 725 1439 781 furor
1492 725 1705 780 Domini
1766 740 1906 795 supet

2040 730 2198 800 μένη,
2236 731 2331 786 καὶ
2362 734 2391 785 6
2416 733 2540 797 λαὸς
2588 736 2617 786 6
2677 734 2736 788 ὲν
2763 735 2901 806 αὐτῇ
2926 752 2939 765 ’
2974 735 3108 788 διότι
3143 739 3173 789 6
3211 735 3380 808 θυμὸς
3407 739 3612 809 Κυρίου

349 839 542 881 omnes
583 831 813 896 gentes;
858 832 909 877 et
942 821 1023 875 ira
1052 835 1218 890 super
1252 834 1469 874 omnem
1517 833 1803 872 numerum
1835 832 1906 872 eo

2035 821 2130 875 ἐπὶ
2169 823 2347 877 πάντα
2376 824 2444 878 τὰ
2472 823 2621 896 ἔθνη,
2647 825 2742 879 καὶ
2766 818 2913 898 ὀργῆ
2933 828 3026 880 ἐπὶ
3059 828 3152 882 τὸν
3174 829 3407 901 ἀριθμὸν
3434 831 3612 885 αὐτῶν

347 932 475 999 rum
501 958 518 985 ,
561 925 621 973 ut
646 917 834 989 perdat
863 929 958 970 eos
990 923 1045 969 et
1083 914 1261 966 tradat
1290 912 1357 966 ad
1387 911 1611 966 caedem.
1647 910 1906 966 Vulnerat

2032 914 2127 969 τοῦ
2164 915 2425 970 ἀπολέσαι
2478 918 2699 981 αὐτοὺς,
2734 919 2829 972 καὶ
2881 920 3215 989 παραδοῦναι
3262 924 3344 987 είς
3376 926 3609 994 σφαγήν.

348 1018 528 1063 autem
574 1021 762 1062 eorum
796 1004 1173 1075 projicientur,
1206 1011 1262 1058 et
1308 1002 1508 1057 mortui
1540 1020 1554 1055 ε
1591 1010 1646 1057 et
1673 1003 1905 1057 ascende

2028 1010 2089 1061 Οί
2133 1008 2191 1063 δὲ
2234 1009 2570 1081 τραυματίαι
2602 1011 2782 1066 αὐτῶν
2811 1013 3148 1083 ῥιφήσονται,
3184 1015 3279 1069 καὶ
3313 1018 3364 1068 οί
3392 1016 3610 1088 νεκροί·

345 1102 484 1159 odor
531 1114 742 1157 eorum.
774 1117 818 1167 γι
871 1096 1208 1166 Quibusnam
1244 1095 1426 1150 tradat
1459 1095 1512 1149 in
1541 1095 1742 1150 caedem
1775 1136 1789 1159 ,
1822 1095 1906 1148 nis

2026 1100 2120 1152 καὶ
2151 1099 2482 1171 ἀναδήσεται
2509 1101 2687 1157 αὐτῶν
2715 1104 2748 1173 ἡ
2774 1103 2939 1175 ὀσμή.
2972 1124 2991 1158 ι
3021 1105 3145 1158 Τίσι
3184 1106 3243 1159 δὲ
3277 1107 3610 1179 παραδοῦναι

344 1193 638 1251 ultricibus
662 1190 1003 1247 virtutibus?
1031 1186 1129 1245 llis
1155 1201 1319 1258 porro
1340 1187 1648 1258 castigatis,
1682 1185 1772 1243 alii
1807 1184 1906 1241 vul-

2022 1190 2221 1254 αὐτοὺς
2250 1193 2328 1254 εἱς
2359 1193 2595 1263 σφαγὴν,
2651 1196 2684 1264 ἢ
2711 1197 2833 1259 ταῖς
2859 1196 3209 1262 κολαπικαῖς
3240 1200 3335 1252 καὶ
3356 1218 3604 1273 τιμωρη-

341 1285 520 1342 nerati
545 1324 564 1353 ,
611 1283 700 1339 alii
751 1282 951 1338 mortui
998 1290 1201 1346 erunt,
1235 1279 1327 1351 qui
1356 1280 1565 1336 scilicet
1593 1281 1658 1335 ad
1696 1290 1906 1335 morten

2020 1286 2202 1348 τικαῖς
2246 1285 2548 1357 δυνάμεσι;
2596 1286 2814 1341 Τούτων
2876 1288 2933 1342 δὲ
2974 1289 3082 1345 τῶν
3128 1290 3508 1363 κολαζομένων
3559 1295 3608 1346 οἱ

342 1391 642 1447 peccavere
680 1392 694 1429 :
726 1390 959 1446 quorum
991 1374 1266 1442 facinora,
1313 1374 1367 1427 in
1408 1373 1522 1427 vita
1557 1373 1768 1427 mortali
1797 1387 1906 1443 per-

2030 1375 2127 1446 μὲν
2179 1378 2515 1449 τραυματίαι
2548 1378 2784 1446 ἔσονται,
2835 1383 2884 1434 οἱ
2942 1381 2998 1435 δὲ
3056 1385 3272 1455 νεκροί·
3324 1386 3374 1439 οἱ
3406 1385 3610 1457 δηλαδὴ

341 1479 552 1538 petrata
577 1510 611 1537 ,_
640 1466 834 1538 iudicii
864 1478 1107 1537 tempore
1161 1465 1389 1521 fetorem
1422 1465 1712 1520 emittent:
1748 1480 1906 1535 quare

2024 1465 2093 1520 τὰ
2135 1466 2272 1539 πρὸς
2344 1466 2573 1521 θάνατον
2626 1471 3045 1542 ἡμαρτηκότεςο
3112 1468 3189 1528 ὧν
3254 1476 3312 1528 αἱ
3357 1474 3607 1548 πράξεις,

342 1560 1036 1645 secundumSymmachum
1061 1558 1279 1624 dicitur,
1299 1576 1318 1609 ι
1343 1557 1408 1612 Et
1426 1557 1860 1614 ascendetfetor.
1889 1576 1906 1609 ι

2022 1559 2080 1610 ai
2124 1558 2265 1612 κατά
2304 1559 2395 1613 τὸν
2440 1559 2632 1630 θνητὸν
2694 1562 2807 1632 βίον
2862 1566 3292 1621 συντελεσθεῖσαι
3325 1567 3467 1622 κατὰ
3514 1568 3609 1621 τὸν

337 1661 440 1731 τῆς
493 1658 726 1743 κρίσεως
782 1652 972 1726 καιρὸν
1020 1651 1281 1716 δυσωδίας
1342 1651 1779 1705 ἀποπνεύτουσιο
1850 1651 1930 1705 διὸ
2003 1652 2144 1707 κατά
2190 1653 2282 1707 τὸν
2336 1651 2630 1726 Σύμμαχον
2691 1656 2927 1728 εἴρηται,
2984 1678 3003 1711 ‹
3039 1660 3149 1714 Καὶ
3197 1662 3528 1735 ἀναϐήσεται
3569 1666 3603 1733 ἡ

356 314 452 374 551
1028 315 1296 374 EUSEBH
1328 316 1805 373 CESARIENSIS
1841 317 1991 380 OPP.
2032 318 2212 375 PARS
2248 318 2333 377 Ill.
2378 352 2445 362 ——
2484 321 2899 381 EXEGETICA.
3108 340 3111 343 ί
3511 328 3618 389 332
3652 342 3655 347 ί

2998 441 3117 494 AA'.
3210 450 3215 459 '

337 1754 592 1811 δυσωδία.
622 1772 643 1805 ι

370 1910 379 1919 .
414 1866 576 1922 Vens.
605 1863 659 1918 4.
687 1881 709 1916 ι
733 1862 803 1918 Ει
826 1860 1147 1932 rigabuntur
1176 1865 1389 1915 montes
1408 1856 1675 1927 sanguine
1705 1868 1906 1911 eorum.

2098 1882 2115 1912 ι
2154 1863 2265 1918 Καὶ
2290 1852 2624 1935 βραχήσεται
2652 1864 2721 1918 τά
2747 1864 2848 1938 ὅρη
2877 1867 2985 1920 ἀπὸ
3021 1867 3116 1921 τοῦ
3146 1869 3375 1940 αἵματος
3399 1870 3602 1925 αὐτῶν.

336 1960 407 2017 Ει
432 1960 723 2017 tabescent
739 1968 931 2012 omnes
954 1953 1185 2008 virtutes
1215 1950 1501 2007 ccelorum.
1546 1972 1566 2003 ι
1607 1942 1675 2004 lli
1706 1956 1918 2003 montes

334 2062 495 2111 erant
522 2053 591 2108 de
611 2048 810 2121 quibus
836 2047 1038 2103 dictum
1072 2053 1198 2109 est,
1236 2060 1257 2096 ι
1301 2043 1368 2099 Et
1394 2042 1677 2098 tabescent
1709 2050 1920 2096 montes

336 2164 366 2200 a
404 2143 687 2215 sanguine.
743 2159 765 2194 ι
810 2138 1023 2193 Etenim
1054 2136 1289 2191 virtutes
1332 2132 1598 2190 caelorum
1625 2170 1642 2198 ,
1672 2146 1792 2202 quae
1822 2144 1921 2201 per

333 2244 553 2294 montes
579 2232 979 2306 signiﬁcantur,
1012 2238 1143 2283 tunc
1189 2225 1470 2283 tabescere
1504 2225 1782 2291 dicuntur,
1829 2233 1918 2277 uta

332 2336 466 2397 pote
490 2341 613 2398 quae
657 2322 979 2380 memoratis
1028 2318 1338 2379 hominibus
1371 2319 1427 2374 in
1459 2332 1623 2373 causa
1653 2316 1914 2387 perniciei

333 2422 564 2479 fuerint.
595 2419 856 2487 Quaenam
882 2427 1048 2486 porro
1074 2412 1178 2469 illae
1209 2411 1412 2467 fuerint
1436 2448 1452 2476 ,
1490 2409 1596 2465 nisi
1622 2408 1692 2464 de
1720 2409 1918 2479 quibus

331 2513 627 2587 Apostolus
654 2513 775 2578 ait,
810 2527 829 2564 ι
876 2507 994 2565 Non
1024 2515 1110 2563 est
1141 2506 1300 2561 nobis
1327 2505 1472 2559 lucta
1501 2502 1765 2557 adversus
1792 2515 1917 2555 san-

334 2605 553 2674 guinem
603 2612 661 2658 et
704 2613 966 2666 carnem;
1014 2596 1108 2652 sed
1142 2597 1406 2652 adversus
1433 2593 1812 2662 principatus,
1859 2601 1930 2656 et,

331 2704 629 2765 potestates
657 2734 675 2761 ,
720 2701 776 2748 et
804 2699 1045 2747 rectores
1072 2690 1261 2745 mundi
1311 2687 1475 2757 hujus
1503 2726 1518 2753 ,
1551 2695 1607 2740 et
1656 2685 1917 2741 adversus

331 2787 632 2858 spiritualia
661 2783 920 2855 nequitiae
949 2782 1008 2838 in
1036 2780 1348 2836 ctelestibus
1375 2779 1463 2831 u‘?
1502 2795 1521 2829 ι
1551 2775 1644 2832 Hae
1684 2790 1927 2855 namque,

328 2887 667 2951 potestates,
709 2890 829 2948 quae
882 2873 1089 2930 aerium
1134 2872 1311 2929 locum
1354 2870 1640 2935 obtinent,
1689 2867 1926 2941 virtutes

334 2971 600 3030 caelorum
651 2963 1426 3037 vocanturzquandoquidem
1479 2976 1585 3028 ea,
1639 2952 1916 3030 quae‘per

328 3076 461 3120 aera
510 3060 781 3124 feruntur,
823 3057 1074 3115 volucres
1126 3054 1247 3110 coeli
1298 3068 1494 3112 vocare
1544 3052 1680 3109 solet
1733 3052 1913 3107 divina

329 3154 612 3224 Scriptura
644 3152 872 3217 dicens,
906 3138 1227 3206 :‘Volucres
1273 3147 1395 3205 caeli
1451 3156 1508 3202 et
1558 3148 1735 3223 pisces
1791 3162 1908 3202 ma-

326 3248 411 3307 ris
433 3245 527 3303 “2
578 3265 600 3302 ι
649 3244 789 3302 Cum
816 3256 999 3323 autem
1029 3243 1160 3298 illud
1185 3282 1202 3310 ,
1238 3261 1257 3294 ι
1291 3241 1359 3297 Ει
1406 3241 1683 3296 tabescent
1714 3253 1905 3295 omnes

325 3340 559 3398 virtutes
582 3339 888 3405 calorum,
953 3356 974 3407 ι
1012 3337 1089 3412 ‘in
1135 3332 1492 3406 Septuaginta
1541 3332 1905 3400 Interpretuni

323 3433 582 3489 versione
626 3447 734 3488 non
777 3423 1297 3502 compareat.'cum
1348 3424 1630 3481 asteriscis
1659 3437 1725 3478 ex
1772 3423 1905 3478 reli-

327 3540 562 3597 quorum
622 3523 1071 3594 interpretatione
1119 3521 1360 3575 additum
1411 3517 1530 3572 fuit.
1582 3516 1717 3583 Quia
1774 3514 1906 3572 vero

324 3621 468 3676 scitu
500 3619 658 3675 nobis
689 3633 827 3689 opus
853 3625 976 3673 erat
1024 3614 1370 3685 quandonam
1426 3611 1543 3666 haec
1591 3608 1768 3663 futura
1818 3623 1906 3663 es-

322 3720 470 3779 sent,
510 3710 565 3766 id
594 3724 696 3767 nos
719 3709 913 3765 edocet
954 3706 1302 3779 propheticus
1348 3716 1530 3760 sermo
1578 3701 1863 3756 declarans
1888 3742 1904 3765 ,

322 3801 576 3871 superius
606 3809 904 3856 memorata
936 3806 1060 3869 post
1110 3798 1273 3868 hujus
1320 3794 1505 3865 mundi
1556 3809 1906 3850 consumma-

326 3894 530 3949 tionem
552 3902 815 3948 eventura
831 3906 972 3946 esse.
1000 3889 1371 3958 Quamobrem
1401 3887 1572 3942 infert
1605 3903 1620 3940 :
1660 3906 1680 3967 ι
1718 3886 1784 3940 Ει
1803 3885 1905 3955 pli-

324 3986 540 4041 cabitur
564 3984 784 4052 calum,
806 3985 947 4038 sicut
972 3983 1127 4045 liber,
1175 3992 1230 4036 et
1257 3981 1437 4035 omnia
1471 3989 1620 4036 astra
1668 3979 1901 4044 cadent,

327 4090 587 4149 tanquam
622 4077 750 4133 folia
800 4077 869 4132 de
892 4077 1003 4131 vite
1028 4113 1045 4141 ,
1079 4084 1129 4130 et
1167 4075 1307 4129 sicut
1331 4074 1532 4129 cadunt
1567 4070 1694 4125 folia
1729 4070 1795 4125 de
1834 4069 1902 4123 ﬁ-

322 4189 413 4228 cu.
445 4191 466 4225 ι
500 4171 753 4227 Salvator
784 4171 913 4224 item
950 4169 1003 4223 in
1036 4166 1344 4236 Evangeliis
1375 4165 1491 4219 ltazc
1534 4165 1600 4218 de
1644 4178 1902 4217 consum-

322 4265 563 4321 matione
600 4262 864 4318 tradidit:
899 4279 919 4315 ι
953 4260 1021 4314 Ει
1063 4257 1234 4314 stellae
1273 4256 1471 4312 cadent
1505 4255 1571 4310 de
1620 4253 1759 4309 caelo
1781 4294 1799 4319 ,
1848 4261 1903 4306 et

319 4361 549 4414 virtutes
577 4356 841 4412 caelorum
885 4352 1393 4412 commovebuntur,
1448 4356 1504 4402 et
1551 4356 1679 4400 tunc
1740 4360 1903 4415 appa-

321 4448 692 4521 rebitsignum
728 4447 822 4503 lilii
853 4444 1090 4503 hominis
1112 4445 1164 4498 in
1194 4441 1334 4497 coelo
1363 4440 1430 4494 “.
1470 4438 1716 4519 i'Aquila
1748 4450 1900 4505 vero,

2017 1956 2128 2009 Καὶ
2163 1957 2494 2026 τακήσονται
2542 1957 2716 2011 πᾶσαι
2765 1958 2820 2011 ai
2852 1958 3110 2030 δυνάμεις
3131 1961 3238 2013 τῶν
3278 1961 3541 2032 οὐρανῶν.
3578 1983 3601 2016 ι

2017 2046 2203 2101 Ταῦτα
2232 2048 2412 2103 τοίνυν
2462 2047 2758 2119 ἐτύγχανον
2789 2049 2913 2122 ὅρη,
2956 2048 3091 2122 ,περὶ
3138 2040 3215 2106 ὧν
3263 2052 3477 2125 εἴρηται
3519 2053 3604 2119 τὸ,

2024 2156 2043 2188 ι
2083 2140 2192 2193 Καὶ
2246 2140 2576 2210 τακήσονται
2621 2140 2721 2213 ὅρη
2763 2140 2871 2195 ἀπὸ
2913 2141 3006 2195 τοῦ
3040 2138 3292 2214 αἵματος.
3325 2164 3343 2196 ι
3381 2146 3448 2197 Αἱ
3494 2144 3606 2219 γὰρ

2016 2230 2276 2303 δυνάμεις
2302 2232 2410 2286 τῶν
2450 2233 2715 2304 οὐρανῶν,
2764 2233 2866 2306 ὅρη
2914 2234 3225 2305 νοούμεναι,
3265 2236 3607 2308 τακήσεσθαι

2016 2322 2285 2394 λέγονται,
2310 2325 2387 2389 ὠς
2417 2327 2588 2379 αίτίαι
2635 2325 2925 2397 γενόμεναι
2962 2326 3266 2399 ἀπωλείας,
3294 2328 3401 2382 τῶν
3452 2331 3607 2401 εἰρη-

2020 2415 2215 2485 μένων.
2252 2417 2407 2480 Τίνες
2431 2416 2476 2470 δ’
2506 2418 2574 2472 ἂν
2606 2414 2713 2472 εἶεν
2764 2414 2946 2484 αὗται,
3002 2422 3036 2494 ἢ
3076 2421 3205 2494 περὶ
3247 2414 3323 2476 ὧν
3362 2440 3531 2494 φησιν
3571 2410 3631 2477 δ’

2031 2506 2353 2570 Ἀπόστολος
2372 2548 2387 2572 ,
2427 2527 2446 2560 ι
2489 2510 2605 2595 Οὐκ
2627 2509 2774 2564 ἔστιν
2795 2513 2925 2583 ἡμῖν
2949 2512 2983 2584 ὴ
3011 2512 3158 2583 πάλη
3176 2514 3311 2586 πρὸς
3342 2510 3477 2585 αἷμα
3506 2514 3606 2568 καὶ

2021 2598 2230 2669 σάρκα’
2282 2594 2427 2654 ἀλλὰ·
2454 2598 2591 2672 πρὸς
2635 2602 2735 2665 τὰς
2763 2596 2961 2674 ἀρχὰς,
3009 2603 3148 2676 πρὸς
3193 2605 3292 2670 τὰς
3327 2606 3601 2673 ἐξωμίας.

2016 2691 2152 2762 πρὸς
2223 2693 2350 2757 τοὺς
2422 2696 2874 2779 κοσμοκράτορας
2939 2696 3035 2750 τοῦ
3095 2697 3304 2769 κόσμου
3378 2679 3623 2763 τούτους

2017 2784 2154 2856 πρὸς
2203 2783 2272 2838 τὰ
2320 2787 2667 2857 πνευματικὰ
2697 2787 2799 2858 τῆς
2830 2789 3095 2859 πονηρίας
3123 2791 3181 2842 ὲν
3221 2792 3336 2854 τοῖς
3367 2788 3604 2862 ἐπουρα-

2018 2875 2169 2940 νίοις.
2207 2895 2227 2929 ι
2265 2872 2432 2932 Ain-at
2460 2877 2576 2951 γὰρ
2602 2879 2659 2932 αἱ
2685 2876 2966 2950 δυνάμεις,
2990 2880 3046 2934 αἳ
3087 2880 3181 2935 τὸν
3209 2881 3391 2954 ἀέριον
3419 2880 3604 2953 χῶρον

2015 2966 2447 3040 διακατέχονται,
2481 2969 2740 3043 δυνάμεις
2769 2972 3013 3047 οὐρανῶν
3045 2971 3319 3044 εἴρηνται·
3353 2973 3474 3026 ἐπεὶ
3504 2973 3604 3027 καὶ

2015 3058 2086 3112 τὰ
2115 3060 2183 3114 δι’
2221 3061 2382 3135 ἀέρος
2409 3062 2686 3135 φερόμενα
2744 3063 2967 3118 πετεινά
2997 3064 3230 3137 οὐρανοῦ
3264 3064 3448 3118 καλεῖν
3476 3065 3605 3119 είω-

2015 3150 2106 3206 θεν
2130 3155 2163 3225 ἡ
2191 3152 2311 3207 θεία
2336 3152 2527 3228 Γραφὴ
2572 3154 2807 3224 λέγουσα
2827 3200 2841 3222 ,
2880 3174 2898 3207 ι
2931 3155 3011 3209 Τά
3039 3156 3261 3210 πετεινά
3290 3156 3385 3210 τοῦ
3437 3157 3605 3229 οὐρα·-

2009 3246 2101 3299 νοῦ
2123 3246 2366 3310 καὶτοὺς
2400 3246 2586 3316 ἰχθύας
2613 3248 2713 3318 τῆς
2742 3248 3039 3321 θαλάσσης.
3085 3268 3104 3301 ι
3140 3249 3233 3320 Μὴ
3267 3249 3518 3320 κείμενον
3540 3249 3603 3304 δὲ

2009 3339 2067 3390 ἐν
2095 3339 2161 3408 τῇ
2190 3337 2300 3399 τῶν
2338 3338 2742 3411 Ἑϐδομήκοντα
2784 3340 3052 3413 ἑρμηνείᾳ
3076 3339 3159 3405 τὸ,
3198 3360 3217 3392 ς
3269 3339 3381 3395 Καὶ
3425 3343 3603 3413 τακή-

2010 3446 2191 3483 σονται
2246 3431 2419 3485 πᾶσαι
2483 3432 2541 3485 αἱ
2596 3432 2856 3503 δυνάμεις
2910 3432 3019 3487 τῶν
3067 3433 3333 3505 οὐρανῶν,
3374 3452 3396 3485 ι
3457 3434 3602 3504 μετά

2010 3522 2352 3593 ἀστερίσκων
2410 3523 2474 3577 ὲκ
2522 3524 2623 3594 τῆς
2661 3523 2768 3577 τῶν
2813 3524 3015 3578 λοιπῶν
3063 3522 3361 3598 ἑρμηνείας
3423 3543 3599 3598 προσ-

2014 3612 2195 3684 ετέθη.
2251 3613 2407 3667 Ἐπεὶ
2456 3612 2513 3666 δὲ
2550 3614 2718 3686 ἐχρῆν
2773 3614 2923 3686 ἡμᾶς
2974 3614 3177 3684 γνῶναι
3241 3612 3370 3669 πότε
3419 3615 3598 3669 ταῦτα

2008 3703 2161 3758 ἔσται
2190 3745 2204 3768 ,
2268 3706 2363 3758 καὶ¹
2417 3704 2576 3759 τοῦτο
2642 3706 2881 3761 διδάσκει
2938 3709 2967 3761 6
3023 3707 3360 3780 προφητικδς
3414 3708 3595 3776 λόγος,

2008 3798 2281 3870 παριστὰς
2304 3840 2319 3865 ,
2367 3799 2443 3863 ὼς
2503 3799 2641 3871 μετά
2707 3799 2805 3872 τὴν
2877 3799 3186 3854 συντέλειαν
3244 3799 3339 3854 τοῦ
3386 3800 3596 3871 κόσμου

2006 3891 2194 3947 τούτου
2248 3893 2537 3964 γενήσεται
2579 3893 2649 3946 τὰ
2713 3892 3097 3964 προλεχθέντα.
3151 3894 3243 3947 Διὸ
3291 3894 3580 3964 ἐπιφέρειο

2011 4000 2031 4033 ι
2064 3984 2175 4037 Καὶ
2208 3983 2542 4056 εἱλιγήσεται
2566 3984 2642 4048 ὡς
2667 3984 2871 4055 βιϐλίον
2922 3988 2951 4039 6
2997 3985 3251 4057 οὐρανὸς,
3285 3986 3380 4039 καὶ
3411 3986 3593 4040 πάντα

2005 4075 2072 4128 τὰ
2119 4075 2297 4147 ἄστρα
2322 4079 2590 4139 πεσεῖται,
2629 4075 2705 4140 ὡς
2737 4076 2910 4147 φύλλα
2939 4076 2998 4143 ἐξ
3047 4076 3317 4147 ἀμπέλου,
3368 4077 3465 4130 καὶ
3515 4079 3598 4144 ὡς

2004 4168 2194 4221 πίπτει
2218 4167 2391 4239 φύλλα
2423 4168 2531 4222 ἀπὸ
2558 4169 2750 4241 συκῆς.
2796 4188 2815 4223 ι
2850 4169 2961 4224 Καὶ
3013 4170 3042 4222 6
3076 4171 3267 4242 Σωτὴρ
3296 4171 3352 4224 δὲ
3392 4172 3451 4224 ἐν
3478 4174 3593 4239 τοῖς

2004 4260 2360 4330 Εὐαγγελίοις
2409 4262 2537 4334 περὶ
2575 4261 2677 4332 τῆς
2710 4262 3019 4326 συντελείας
3053 4263 3330 4334 παραδοὺς
3363 4264 3551 4333 ἔλεγεν
3572 4285 3587 4299 ι

2008 4372 2029 4403 ι
2055 4352 2164 4407 Ka‘t
2191 4353 2240 4405 οἱ
2264 4350 2493 4423 ἀστέρες
2526 4350 2817 4405 πεσοῦνται
2844 4353 2909 4405 ἐκ
2952 4350 3044 4403 τοῦ
3082 4351 3335 4422 οὐρανοῦ,
3391 4353 3484 4405 καὶ
3530 4353 3590 4407 αἱ

2003 4442 2257 4512 δυνάμεις
2279 4440 2389 4495 τῶν
2411 4440 2656 4512 οὐρανῶν
2682 4440 3126 4512 σαλευθήσονται,
3152 4441 3245 4494 καὶ
3272 4441 3393 4494 τότε
3415 4444 3591 4516 φανή-

326 4565 346 4596 ι
388 4544 453 4599 Ει
468 4515 649 4599 omnis
672 4540 944 4598 exercitus
970 4551 1158 4592 eorum
1188 4533 1409 4595 deﬂuet,
1431 4515 1569 4587 sicut
1599 4528 1783 4584 deﬂuit
1814 4528 1899 4613 to:

2009 4548 2157 4586 σεται
2188 4531 2249 4585 τὸ
2285 4534 2511 4603 σημεῖον
2530 4531 2625 4585 τοῦ
2654 4530 2787 4584 Υἱοῦ
2814 4530 2909 4584 τοῦ
2933 4529 3221 4603 ἀνθρώπου
3238 4530 3297 4584 ὲν
3321 4531 3400 4603 τῷ
3429 4532 3595 4605 οὐρα-

318 4639 452 4693 lium
480 4651 512 4692 a
540 4636 675 4700 vite,
706 4643 760 4688 et
789 4641 1047 4701 tanquam
1080 4626 1318 4696 id,quod
1354 4623 1623 4678 delabitur
1644 4636 1673 4674 a
1697 4620 1800 4674 iicu
1827 4636 1843 4686 ;
1874 4637 1893 4670 ι

318 4731 617 4787 secundum
646 4724 1034 4797 Symmachum
1081 4730 1305 4783 autem,
1348 4734 1367 4766 ι
1415 4715 1480 4770 Ει
1505 4714 1683 4769 omnis
1722 4713 1897 4767 virtus

314 4823 436 4889 ejus
468 4820 645 4885 cadet,
678 4815 988 4874 sicutcadit
1021 4812 1209 4868 folium
1235 4826 1267 4864 a
1296 4811 1406 4865 vite
1428 4849 1450 4872 ο
1481 4816 1537 4862 et
1562 4816 1814 4876 tanquam
1840 4803 1895 4859 id

316 4914 463 4985 quod
487 4912 692 4968 decidit.
725 4925 756 4964 a
788 4908 915 4963 ﬁcu.
958 4924 980 4973 ι
1016 4905 1142 4961 llarc
1165 4917 1328 4973 porro
1350 4899 1760 4957 observavimus
1788 4936 1805 4962 ,
1834 4903 1896 4950 ut

314 5003 730 5062 ostenderemus
786 5014 876 5067 ea,
905 5013 1026 5070 quae
1057 5015 1085 5052 a
1137 4994 1277 5053 LXX
1321 4992 1714 5063 lntcrpretibus
1747 4999 1897 5045 astra

318 5100 597 5165 dicuntur,
626 5095 766 5166 apud
798 5092 1036 5162 reliquos
1081 5091 1409 5159 interpretes
1463 5088 1694 5141 virtutes
1726 5082 1894 5139 coelo-

316 5205 440 5246 rum
472 5190 678 5247 vocari.
713 5187 849 5254 Quae
877 5186 1129 5248 virtutes,
1164 5183 1265 5237 nisi
1304 5181 1371 5236 de
1402 5180 1598 5250 quibus
1630 5176 1788 5231 modo
1812 5175 1894 5230 di-

314 5296 465 5340 ctum
496 5292 579 5340 est
602 5282 627 5337 ἲ
654 5280 749 5336 lla:
777 5279 942 5349 igitur
975 5278 1106 5347 ipsae
1131 5316 1146 5341 ,
1174 5276 1315 5330 sicut
1337 5273 1465 5329 folia
1494 5272 1560 5326 de
1588 5270 1719 5333 vite.
1745 5269 1895 5337 judi—

311 5376 386 5430 cii
430 5386 675 5444 tempore
699 5373 898 5429 cadere
925 5370 1204 5431 dicuntur,
1230 5381 1337 5437 quo
1370 5365 1569 5421 caelum
1599 5362 1896 5435 plicabitur

316 5468 473 5535 quasi
512 5466 671 5522 liber.
702 5465 805 5520 llic
832 5477 962 5518 vero
992 5462 1289 5517 notandum
1314 5467 1426 5523 est,
1461 5472 1569 5513 non
1599 5454 1901 5524 corruptio-

316 5576 463 5627 nem,
494 5575 600 5614 non
623 5558 846 5612 exitium
871 5597 886 5622 ,
930 5570 1033 5608 non
1063 5551 1492 5608 destructionem
1517 5547 1780 5605 caelorum
1808 5544 1894 5598 bis

386 5806 431 5839 “
460 5806 655 5879 prcs.
694 5820 765 5873 τι,
798 5802 879 5860 12.

2001 4624 2099 4696 νῷ.
2134 4642 2152 4675 ι
2186 4623 2244 4677 Ὀ
2279 4624 2378 4695 μὲν
2422 4623 2675 4688 Ἀκύλας,
2707 4642 2725 4674 ι
2780 4623 2890 4676 Ka‘t
2937 4625 3088 4676 πᾶσα
3133 4622 3363 4694 στρατιά
3405 4624 3592 4676 αὐτῶν

1999 4714 2352 4787 ἀπορρεὐσει,
2371 4714 2446 4778 ὡς
2473 4715 2706 4786 ἀπορρεῖ
2738 4713 2936 4783 φύλλον
2956 4713 3066 4767 ἀπὸ
3090 4713 3357 4785 ἀμπέλου,
3389 4704 3593 4779 καῖ’ὼς

1998 4808 2310 4888 ἀπόπτωμα
2362 4806 2469 4860 ἀπὸ
2528 4806 2730 4877 συκῆς·
2792 4825 2811 4856 ι
2846 4807 2986 4859 κατὰ
3029 4805 3086 4859 δὲ
3129 4805 3222 4860 τὸν
3270 4804 3589 4877 Σύμμαχον,

2004 4915 2022 4948 ι
2062 4897 2170 4950 Καὶ
2203 4897 2354 4950 πᾶσα
2386 4898 2420 4968 ἡ
2473 4896 2702 4967 δύναμις
2733 4896 2896 4950 αὐτοῦ
2946 4899 3213 4961 πεσεῖται,
3265 4896 3340 4960 ὡς
3391 4898 3590 4951 πίπτει

1999 4986 2196 5058 φύλλον
2228 4987 2338 5041 ἀπὸ
2360 4988 2626 5060 ἀμπέλου,
2660 4989 2753 5042 καὶ
2771 4988 2846 5052 ὼς
2873 4988 3185 5059 ἀπόπτωμα
3210 4989 3320 5042 ἀπὸ
3354 4990 3586 5059 συκῆς.»

2000 5081 2307 5153 Τετήρηται
2341 5080 2397 5133 δὲ
2434 5079 2605 5134 ταῦτα
2635 5081 2786 5151 ἡμῖν,
2820 5081 2901 5143 είς
2928 5080 2990 5132 τὸ
3011 5077 3200 5144 δεῖξαι,
3222 5081 3304 5133 ὃτι
3336 5080 3405 5134 τὰ
3435 5080 3593 5152 παρά
3632 5125 3639 5133 .

1997 5177 2110 5236 τοῖς
2139 5173 2538 5245 Ἑϐδομήκοντα
2569 5173 2832 5246 εἰρημένα
2860 5173 3036 5245 ἄστρα
3062 5173 3214 5245 παρά
3240 5175 3354 5237 τοῖς
3379 5173 3592 5237 λοιποῖς

2003 5268 2367 5337 ὲρμηνευταῖς
2420 5265 2676 5336 δυνάμεις
2732 5263 2829 5317 τοῦ
2886 5264 3118 5336 οὐρανοῦ
3167 5263 3588 5334 ὠνομάσθησαν.

2003 5357 2159 5411 Ποῖαι
2189 5356 2245 5409 δὲ
2273 5355 2605 5427 δυνάμεις,ἣ
2634 5356 2761 5426 περὶ
2790 5348 2866 5408 ὧν
2896 5355 3100 5428 ἀρτίως
3131 5354 3375 5423 ὲλέγετο;
3399 5354 3589 5408 Ταῦτα

1996 5443 2089 5501 οὖν
2117 5446 2257 5500 αὐτά
2299 5446 2375 5510 ὡς
2408 5445 2581 5515 φύλλα
2630 5444 2689 5508 ἐξ
2739 5443 2987 5516 ἀμπέλου
3035 5442 3321 5497 πεσεῖσθαι
3367 5443 3588 5515 εἴρηται

1996 5537 2137 5591 κατά
2174 5537 2266 5590 τὸν
2303 5537 2402 5607 τῆς
2436 5534 2669 5607 κρίσεως
2703 5535 2917 5605 καιρὸν,
2969 5534 3092 5590 καθ’
3134 5534 3194 5589 ὃν
3247 5533 3585 5605 εἰλιγήσεται

980 5805 1044 5835 ⁸⁸·
1087 5800 1225 5856 l‘sat.
1274 5813 1392 5863 νιιι,
1451 5796 1505 5849 9.
1586 5794 1632 5825 “
1682 5790 1868 5848 )latth.
1921 5802 2075 5853 χειν,
2126 5783 2215 5840 ‘29.
