3862 6210
226 343 401 399 ’535-

1048 372 1061 387 -
1150 344 1661 401 COMMENTARIA
1701 340 1768 398 IN
1804 341 2066 398 ~lSAlAM.
2104 371 2179 385 ·-
2207 343 2363 400 CAP.
2405 343 2646 400 XXXIV.

3386 347 3535 402 33L-

231 465 466 535 οὐρανὸς
501 464 841 535 ὡς’βιϐλίον.’
875 466 1233 538 Ἑπιτηρῆσαι
1278 466 1337 519 δὲ
1370 466 1537 531 ἀξιον,
1590 466 1818 520 ἐνταῦθα

1926 461 2108 516 verbis
2138 461 2365 516 indicari
2394 480 2410 527 ;
2445 476 2632 515 verum
2657 501 2671 524 ,
2705 461 2853 537 sicut.
2874 460 3087 517 evoluto
3121 470 3388 532 etaperto
3429 464 3491 517 li-

236 555 565 626 γενομένους
587 556 683 608 τοῦ
709 557 888 625 λόγου,
917 557 993 621 ὡς
1025 559 1086 611 οὐ
1122 557 1348 629 φθορὰν,
1383 559 1503 612 οὐδέ
1545 558 1819 613 ἀπώλειαν

235 647 335 700 καὶ
368 648 681 719 ἀφανισμὸν
724 647 944 702 ἔσεσθαι
977 650 1333 720 τοῦτούρανοῦ
1356 651 1612 722 σημαίνει
1654 652 1685 703 6
1730 651 1820 704 λό-

234 755 370 807 γος’
406 739 524 793 ἀλλ’
545 740 623 804 ὡς
664 740 732 795 ἂν
758 730 1133 815 εἰλισσομένης
1174 742 1355 813 βίϐλου
1393 743 1717 815 φανεροῦται
1754 744 1823 798 τὰ

231 833 292 884 ἐν
334 831 475 903 αὐτῇ
528 834 916 905 γεγραμμένα,
967 836 1031 888 οὐ
1080 837 1188 906 μὴν
1217 835 1502 907 φθείρεται
1530 838 1567 907 ἡ
1603 835 1816 906 βίϐλος·

229 923 325 977 τὸν
357 921 522 978 αὐτὸν
545 925 747 998 τρόπον
777 926 1195 999 άνελιττομένης
1217 928 1318 998 τῆς
1337 926 1696 999 περιεχούσης
1719 926 1819 992 τὰς

229 1014 332 1069 τοῦ
365 1016 684 1088 σύμπαντος
736 1019 932 1082 αἰῶνος
968 1019 1179 1091 κρίσεις
1210 1020 1307 1073 καὶ
1348 1018 1574 1091 πράξεις
1608 1018 1813 1089 βίϐλου,

228 1108 288 1160 αἱ
323 1107 700 1178 ἀντικείμεναι
748 1108 1007 1180 δυνάμεις
1054 1109 1387 1181 ἀπορρέουσι
1422 1110 1521 1181 τῆς
1562 1110 1702 1164 κατά
1723 1108 1817 1163 τὸν

228 1198 374 1269 ἀέρα
395 1198 703 1271 διατριϐῆς.
738 1200 872 1253 Τότε
893 1200 955 1254 δὲ
979 1202 1036 1254 ai
1058 1201 1429 1272 ἀντικείμεναι
1454 1201 1731 1272 δυνάμεις,
1759 1202 1816 1256 αἱ

228 1288 407 1344 πάλαι
443 1289 602 1362 δίκην
617 1290 832 1363 ἄστρων
865 1292 1097 1356 πολλοὺς
1122 1292 1468 1364 ἀδικήσασαι,
1505 1291 1813 1345 πεσοῦνται⁸

1926 555 2045 619 bro,
2095 568 2216 623 qua
2260 554 2528 622 descripta
2564 562 2691 607 sunt
2740 553 2791 606 in
2842 563 3190 622 conspectum
3222 555 3488 621 veniunt,

1917 659 2093 713 neque
2124 644 2457 700 tamenliher
2477 643 2807 709 destruitur;
2836 644 3024 699 eodem
3061 660 3284 715 prorsus
3306 646 3488 712 modo,

1917 737 2132 791 evoluta
2186 746 2243 790 et
2294 745 2481 806 aperto
2537 735 2665 800 illo,
2723 735 3125 793 totius‘sarculi
3172 737 3378 807 judicia
3435 750 3490 794 ct

1918 844 2084 896 opera
2134 829 2576 898 complectente,
2617 829 2754 882 libro
2778 870 2794 894 ,
2826 828 3150 885 adversariae
3194 840 3491 900 potestates

1920 921 1991 977 ab
2033 920 2121 975 illa
2148 921 2202 974 in
2259 935 2387 976 aere
2420 921 2841 976 commoratione
2873 919 3130 977 deﬂuent.
3181 922 3332 980 Tunc
3388 940 3488 978 au-

1920 1021 2029 1068 tem
2093 1013 2298 1068 eaedem
2368 1013 2500 1082 ipsa:
2563 1011 2887 1067 adversaria:
2957 1020 3257 1081 potestates
3289 1054 3307 1079 ,
3370 1030 3489 1084 quae

1918 1105 2046 1160 olim
2093 1104 2370 1160 stellarum
2414 1105 2609 1168 instar,
2662 1104 2861 1160 multos
2893 1105 3166 1175 laeserant,
3195 1105 3487 1162 decident:

1920 1197 2352 1267 quandoquidem
2401 1206 2457 1252 et
2503 1196 2620 1266 ipse
2669 1196 2902 1252 Satanas
2955 1197 3384 1255 transformatus
3432 1199 3486 1252 in

1922 1289 2174 1361 angelum
2225 1289 2384 1356 lucis,
2424 1299 2677 1358 tanquam
2731 1288 2910 1358 fulgur
2954 1291 3022 1344 de
3066 1290 3206 1346 ctelo
3266 1288 3489 1346 decidit.

228 1382 357 1436 ἐπεὶ
414 1383 508 1437 καὶ
553 1382 718 1446 αὐτὸς
759 1384 789 1435 6
829 1384 1097 1448 Σατανᾶς,
1164 1383 1775 1456 μετασχηματιζόμενος
1805 1386 1886 1449 είς
1917 1384 2147 1454 ἄγγελον
2168 1382 2364 1452 φωτὸς,
2397 1381 2683 1435 πέπτωκεν
2698 1380 2781 1446 ὼς
2809 1381 3062 1453 ἀστραπὴ
3094 1383 3160 1436 ἐκ
3188 1381 3283 1436 τοῦ
3323 1383 3489 1454 οὐρα-

228 1491 348 1530 W0.

309 1586 333 1619 ι
376 1567 684 1640 Ἓμεθύσθη
715 1569 750 1639 ἡ
779 1567 1028 1640 μάχαιρά
1061 1584 1163 1639 μου
1212 1569 1271 1623 ἐν
1319 1568 1398 1640 τῷ
1438 1569 1677 1643 οὐρανῷ,
1718 1572 1813 1626 καὶ

1989 1561 2159 1619 Vsus.
2200 1560 2252 1617 5.
2290 1579 2313 1613 ι
2352 1559 2653 1615 Inebriatus
2685 1569 2765 1614 est
2795 1559 3008 1632 gladius
3040 1575 3193 1616 meus
3218 1560 3272 1617 in
3301 1519 3440 1617 caelo
3468 1602 3485 1625 ,

229 1663 329 1717 iul
351 1662 458 1734 τὴν
493 1661 797 1735 Ἰδουμαίαν
829 1664 1219 1736 καταϐήσεται,
1268 1667 1364 1719 καὶ
1410 1667 1502 1722 ἐπὶ
1549 1669 1641 1722 τὸν
1682 1669 1809 1724 λαὸν

1918 1665 1973 1711 et
2004 1656 2058 1710 in
2094 1653 2383 1709 ldumasam
2422 1653 2733 1717 descendet,
2762 1662 2819 1706 et
2845 1652 2897 1706 in
2933 1650 3189 1722 populum
3221 1653 3486 1722 perditio—

227 1755 337 1825 τῆς
382 1753 664 1819 ἀπωλείας
701 1753 839 1825 μετά
886 1754 1140 1827 κρίσεως.
1180 1775 1199 1806 ι
1246 1757 1516 1829 Ἰδουμαία
1547 1759 1610 1813 .δέ
1639 1762 1812 1833 ἑρμη-

228 1844 449 1899 νεύεται
478 1845 523 1913 ἠ
558 1843 806 1914 γεώδης,
834 1844 918 1914 ἐφ’
941 1844 1012 1915 ἢν
1037 1847 1070 1917 ἡ
1099 1846 1340 1918 μάχαιρα
1368 1850 1654 1903 καταϐᾶσα
1676 1850 1812 1923 πλη-

200 1935 425 2007 ⁸ροῦτιιι
454 1935 715 2006 αἵματος,
740 1935 840 1989 καὶ
871 1934 1063 2007 ὥσπερ
1106 1937 1215 1989 ἀπὸ
1250 1937 1474 2002 στέατος
1504 1938 1614 1993 τῶν
1641 1957 1812 1994 κατα.-

227 2026 622 2097 σφαττομένων
648 2025 971 2097 παχύνεται.

272 2135 328 2168 τι
369 2116 436 2171 Ἡ
492 2119 736 2190 μάχαιρα
783 2119 988 2191 Κυρίου
1033 2113 1339 2195 ἐνεπλήσθη
1377 2124 1624 2195 αἵματος,
1672 2127 1811 2179 ἐπα-

225 2206 403 2278 χύνθη
428 2207 539 2260 ἀπὸ
563 2208 809 2272 στέατος,
842 2209 952 2262 ἀπὸ
980 2209 1211 2281 αἵματος
1228 2211 1450 2283 τράγων
1474 2214 1573 2267 καὶ
1597 2211 1806 2283 ἀμνῶν,

225 2299 324 2352 καὶ
352 2298 465 2355 ἀπὸ
510 2300 729 2364 στέατος
754 2301 972 2372 τράγων
992 2302 1092 2356 καὶ
1135 2301 1337 2374 κριῶν⁶
1387 2304 1472 2359 ὅτι
1526 2304 1688 2360 θυσία
1732 2306 1849 2378 τῷν

226 2391 424 2463 Κυρίῳ
473 2393 532 2444 ἐν
578 2391 770 2464 Βοσὸρ,
806 2394 900 2447 καὶ
948 2394 1130 2464 σφαγὴ
1187 2394 1396 2469 μεγάλη
1448 2398 1616 2469 ἐν-τῇ
1650 2398 1810 2452 Ἰδου-

230 2483 393 2555 μαίᾳ.
430 2502 451 2535 ι
481 2483 641 2547 Τίνες
669 2484 736 2537 es
783 2486 921 2538 εἰσιν
953 2479 1097 2539 οὗτοι
1146 2486 1311 2557 ἀμνοὶ
1358 2489 1452 2541 καὶ
1489 2488 1681 2560 τράγοι
1714 2488 1811 2543 καὶ

226 2574 376 2646 κριοί
406 2591 571 2646 φησι·
620 2574 729 2629 τῶν
785 2576 884 2647 μὲν
926 2576 1134 2648 ἀμνῶν,
1176 2578 1211 2650 ἢ
1243 2577 1385 2633 κατά
1418 2580 1543 2644 τοὺς
1588 2580 1809 2644 λοιποὺς

225 2666 593 2737 ἐρμηνευτάς,
644 2668 846 2740 ἀρνῶν,
878 2668 1252 2741 σημαινόντων
1291 2672 1419 2735 τοὺς
1461 2672 1553 2726 τὸν
1575 2672 1804 2745 δημώδη

223 2759 324 2814 καὶ
346 2759 619 2815 ἰδιωτικὸν
647 2760 1003 2832 μετελθόντας
1033 2762 1145 2833 βίον
1163 2780 1177 2793 ’
1217 2762 1328 2818 τῶν
1356 2763 1414 2817 δὲ
1459 2765 1676 2837 τράγων
1706 2768 1807 2819 καὶ

223 2851 400 2922 κριῶν
421 2853 550 2917 τοὺς
596 2853 767 2907 πολλά
802 2853 1196 2925 δεδυνημένους
1228 2855 1288 2908 ἐν
1311 2856 1508 2926 ἀρχαῖς
1536 2857 1631 2910 καὶ
1655 2854 1807 2923 ἐξου-

226 2944 395 3008 σίαις,
419 2943 518 3008 οὓς
555 2945 935 3016 μετελεύσεται
970 2947 1004 3018 ἡ
1046 2946 1292 3019 μάχαιρα
1311 2946 1406 3000 τοῦ
1426 2945 1584 3012 Θεοῦ,
1617 2946 1807 3021 ὥσπερ

224 3035 420 3091 θυσίαν
449 3037 794 3111 ἐργαζομένη
832 3038 921 3093 διὸ.
946 3038 1040 3092 τοῦ
1064 3039 1466 3108 κατασφάττειν
1515 3041 1611 3094 καὶ
1656 3040 1806 3095 θύειν
1836 3078 1882 3139 c

220 3131 353 3194 τοὺς
387 3129 781 3202 προλεχθέντας
800 3132 1010 3202 ’ἀμνοὺς
1035 3133 1131 3186 καὶ
1159 3132 1396 3206 τράγους
1412 3134 1513 3188 καὶ
1537 3133 1743 3206 κριούς.

302 3263 322 3294 ι
361 3245 475 3298 Καὶ
507 3243 912 3316 συμπεσοῦνται
938 3245 989 3299 οἱ
1033 3245 1185 3318 ἁδροὶ
1224 3247 1342 3316 μετ’
1388 3246 1587 3312 αὐτῶν,
1618 3249 1714 3302 καὶ
1760 3250 1843 3303 ol-

222 3332 394 3405 κριοὶ,
426 3335 523 3387 καὶ
553 3336 603 3387 οἱ
625 3333 839 3407 ταῦροι,
873 3336 968 3389 καὶ
999 3334 1399 3408 μεθυσθήσεται
1425 3340 1459 3410 ὴ
1482 3338 1556 3409 γῆ
1585 3339 1694 3394 ἀπὸ
1715 3338 1809 3393 τοῦ

221 3422 477 3493 αἵματος,
505 3423 603 3478 καὶ
622 3424 732 3479 ἀπὸ
755 3424 848 3477 τοῦ
875 3423 1098 3488 στέατος
1112 3426 1291 3482 αὐτῶν
1311 3428 1771 3501 ἐμπλησθήσεται.
1785 3449 1804 3484 ι
1835 3436 1839 3441 “

232 3512 306 3565 Ἦ
336 3511 513 3584 Βοσῦρ
543 3512 1016 3584 μεταλαμϐάνεται
1047 3514 1129 3577 είς
1153 3514 1250 3585 τὴν
1278 3516 1477 3587 σάρκα,
1509 3517 1604 3570 τοῦ
1649 3516 1809 3586 λόγου
1836 3540 1839 3543 λ

220 3604 327 3675 τὴν
359 3603 659 3658 ἀνάστασιν
682 3604 785 3674 τῆς
829 3604 1031 3677 σαρκὸς
1076 3606 1433 3677 σημαίνοντος
1475 3610 1534 3661 ἐν
1578 3609 1806 3673 τούτοις.

218 3696 320 3751 Διὸ
360 3695 463 3768 τὴν
512 3695 623 3753 τῶν
668 3695 975 3768 είρημένων
1016 3699 1231 3771 σφαγὴν
1279 3701 1337 3752 ἐν
1384 3701 1547 3773 σαρκὶ
1591 3700 1809 3755 ἔσεσθαι

217 3787 497 3843 διδάσκων
524 3787 726 3860 φησίν
774 3807 793 3839 ι
832 3789 956 3842 Ὅτι
1012 3789 1176 3842 θυσία
1228 3789 1307 3861 τῷ
1356 3790 1476 3863 Θεῷ
1522 3793 1579 3845 ὲν
1616 3790 1807 3864 Βοσὸρ,

224 3881 328 3936 καὶ
357 3881 543 3951 σφαγὴ
573 3880 781 3953 μεγάλη
810 3882 868 3935 ἐν
900 3884 967 3952 τῇ
1008 3880 1333 3953 Ἰδουμαίῳ»
1367 3884 1549 3938 πᾶσαν
1583 3881 1692 3954 γὰρ
1710 3883 1809 3955 τὴν

220 3972 405 4043 γεώδη
442 3972 624 4043 ψυχὴν
681 3971 1082 4043 μετελεύσεται.
1143 3973 1324 4044 Ἐδὼμ
1355 3972 1465 4046 γὰρ
1524 3977 1553 4028 6
1620 3976 1810 4046 γήϊνος

223 4063 595 4144 ἐρμηνεῦεται
615 4080 631 4094 ⁸
692 4064 767 4129 ὡς
814 4064 907 4118 καὶ
967 4064 1203 4137 ἀλλαχοῦ
1272 4064 1337 4137 δὴ
1381 4066 1410 4118 6
1444 4067 1608 4131 αὐτὸς
1653 4064 1809 4133 οὗτος

221 4156 517 4226 προφήτης
591 4153 719 4226 ἑξῆς
780 4154 988 4226 προῖὼν
1056 4158 1185 4227 περὶ
1248 4157 1343 4212 τοῦ
1392 4158 1643 4230 Σωτῆρος
1714 4163 1808 4214 καὶ

217 4238 325 4318 τῆς
361 4246 461 4301 ὑπ’
512 4247 677 4302 αὐτοῦ
722 4249 1095 4320 γενησομένης
1149 4248 1386 4321 κρίσεώς
1427 4267 1621 4322 φησιν·
1662 4270 1681 4303 ι
1709 4253 1829 4317 Τίς

217 4330 384 4402 οὗτος
427 4340 458 4391 6
519 4339 961 4410 παραγενόμενος
1004 4338 1066 4404 ἐξ
1129 4339 1326 4411 Ἐδὼμ,
1384 4324 1639 4412 ἐρύθημα
1680 4343 1806 4413 ἱμα-

1843 1719 1890 1774 Β

1918 1751 2004 1805 nis
2040 1764 2164 1804 cum
2211 1746 2439 1817 judicio.
2474 1764 2497 1798 η»
2532 1744 2766 1800 ldumaea
2807 1745 3116 1815 signiﬁcat,
3142 1754 3354 1806 terrena
3378 1765 3398 1801 :
3430 1748 3483 1801 in

1915 1857 2078 1912 quam
2117 1838 2452 1895 descendens
2473 1838 2682 1907 gladius
2713 1838 2978 1909 sanguine
3001 1838 3261 1909 repletur,
3282 1849 3487 1910 etqua-

1916 1935 1962 1991 si
1980 1934 2145 2003 adipe
2166 1932 2473 1989 occisorum
2506 1931 2888 2001 impinguatur.

1987 2114 2151 2171 Vsus.
2179 2113 2233 2170 6.
2262 2132 2286 2165 ‹
2316 2111 2551 2169 Gladius
2579 2111 2793 2179 Domini
2821 2111 3071 2182 impletus
3088 2121 3175 2169 est
3198 2113 3482 2189 sanguine,

1916 2209 2281 2280 impinguatus
2303 2215 2389 2263 est
2410 2206 2601 2276 adipe,
2632 2204 2897 2276 sanguine
2934 2205 3214 2261 hircorum
3234 2214 3290 2260 et
3313 2219 3485 2275 agno-

1915 2300 2250 2370 rum,adipe
2279 2299 2556 2354 hircorum
2595 2306 2651 2353 et
2671 2298 2902 2352 arietum
2926 2316 2947 2351 ι
2983 2297 3111 2367 quia
3150 2297 3481 2353 sacriﬁcium

1916 2392 2147 2450 Domino
2190 2392 2245 2446 in
2320 2389 2510 2455 Bosor,
2569 2398 2624 2443 et
2677 2388 2934 2443 mactatio
2987 2403 3182 2459 magna
3235 2387 3289 2442 in
3358 2386 3485 2443 ltiti-

1915 2500 2072 2542 nuea.
2122 2504 2147 2539 ι
2178 2482 2406 2552 Quinam
2438 2489 2567 2538 sunt
2593 2479 2665 2535 illi
2697 2481 2819 2551 agni
2840 2520 2855 2546 ,
2893 2480 3029 2536 hirci
3059 2488 3115 2535 et
3148 2478 3368 2544 arietes,
3401 2480 3486 2532 di-

1916 2579 1991 2635 cit
2020 2596 2034 2633 :
2068 2590 2328 2647 agnorum
2356 2573 2576 2629 nomine
2601 2612 2616 2638 ,
2647 2570 2762 2626 sive
2788 2571 3083 2626 secundum
3131 2569 3370 2640 reliquos
3401 2570 3482 2625 in-

1916 2676 2181 2738 terpretes
2205 2707 2222 2732 ,
2250 2664 2454 2738 ἀρνῶν,
2489 2661 2864 2734 signiﬁcantur
2910 2661 3002 2731 qui
3060 2661 3372 2730 popularem
3427 2671 3484 2715 et

1915 2761 2182 2830 privatam
2209 2758 2376 2813 vitam
2404 2764 2575 2828 agunt
2596 2772 2621 2822 ;,
2651 2753 2792 2808 hirci
2822 2767 2952 2808 vero
2980 2762 3032 2808 et
3060 2755 3260 2808 arietes
3296 2752 3358 2817 ii,
3388 2752 3482 2824 qui

1914 2850 2084 2907 multa
2109 2859 2340 2921 possunt
2365 2847 2596 2918 imperio
2624 2854 2681 2901 et
2710 2853 2977 2916 potestate
2998 2887 3017 2911 ,
3048 2858 3186 2913 quos
3219 2843 3315 2900 Dei
3361 2844 3481 2921 glau

1918 2945 2039 3001 dius
2064 2916 2303 3007 invadet,
2328 2942 2421 3010 qui
2446 2916 2610 3009 quasi
2641 2936 2971 2992 sacriﬁcium
3002 2936 3186 3001 faciet,
3217 2916 3484 2992 memora-

1916 3044 2001 3090 tos
2053 3047 2259 3104 agnos,
2309 3032 2492 3087 hircos
2544 3039 2600 3086 et
2640 3029 2841 3087 arietes
2890 3028 3176 3084 mactanda
3202 3037 3259 3084 et
3286 3028 3482 3086 immo-

1910 3125 2098 3182 lando.

1946 3272 1953 3276 -
1982 3237 2149 3293 Vatis.
2181 3237 2234 3290 7.
2276 3255 2297 3289 ι
2333 3235 2401 3291 Et
2433 3233 2723 3291 concident
2750 3232 2962 3289 robusti
2988 3248 3110 3288 cum
3144 3233 3246 3297 eis,
3269 3241 3327 3295 et
3350 3232 3517 3291 arie-.

1914 3338 1997 3387 tes
2018 3340 2074 3387 et
2095 3329 2237 3385 tauri
2265 3342 2281 3383 :
2313 3339 2369 3383 et
2391 3327 2751 3385 inebriabitur
2782 3335 2925 3380 terra
2950 3341 2980 3380 a
3013 3325 3295 3396 sanguine,
3345 3332 3403 3381 et
3452 3341 3485 3379 a

1915 3422 2243 3493 pinguedine
2293 3433 2485 3475 eorum
2538 3414 2873 3481 implebitur.
2904 3434 2924 3467 ι
2954 3415 3127 3470 Bosor
3162 3428 3383 3471 carnem
3409 3414 3486 3469 si-

1912 3514 2140 3586 gniﬁcat
2178 3535 2190 3568 :
2226 3522 2392 3582 atque
2436 3510 2523 3567 bis
2569 3512 2751 3566 carnis
2781 3513 3116 3567 resurrectio
3147 3507 3480 3563 declaratur.

1913 3605 2254 3676 Quapropter
2288 3601 2594 3671 huiusmodi
2633 3599 3020 3656 mactationem
3050 3598 3104 3653 in
3136 3611 3303 3653 carne
3335 3595 3486 3651 futu-

1911 3713 2027 3752 ram
2068 3712 2192 3752 esse
2222 3696 2423 3752 docens
2461 3696 2537 3751 ait
2565 3714 2580 3751 :
2613 3715 2632 3749 ι
2672 3695 2946 3763 Quoniam
2988 3691 3320 3747 sacriﬁcium
3370 3689 3505 3747 Deo.

1909 3790 1965 3845 in
1993 3788 2183 3856 Bosor,
2214 3796 2272 3844 et
2301 3788 2557 3844 mactatio
2581 3792 2789 3858 magna
2810 3786 2864 3840 in
2888 3785 3123 3840 ldumaea
3153 3798 3169 3837 :
3205 3801 3225 3836 ι
3262 3793 3482 3838 omnem

1909 3881 2108 3951 quippe
2138 3888 2450 3935 terrestrem
2478 3879 2714 3934 animam
2744 3877 2985 3933 invadet.
3005 3875 3174 3932 Edam
3204 3874 3349 3930 enim
3372 3882 3483 3929 ter-

1910 3989 2102 4029 renum
2131 3971 2434 4044 signiﬁcat,
2475 3972 2927 4040 quemadmodum
2951 3968 3077 4024 alibi
3104 3967 3193 4022 hic
3217 3968 3483 4036 propheta

1910 4067 1965 4122 in
1995 4066 2348 4137 sequentibus
2378 4065 2445 4121 de
2487 4064 2777 4120 Salvatore
2824 4065 3000 4136 deque
3046 4062 3229 4118 futuro
3275 4059 3483 4130 iudicic

1910 4157 2026 4228 ejus
2064 4155 2291 4226 loquens
2315 4154 2433 4210 ait:
2473 4172 2494 4206 ι
2531 4153 2664 4222 Quis
2691 4154 2781 4209 hic
2821 4155 2912 4223 qui
2959 4153 3107 4208 venit
3152 4152 3219 4207 de
3260 4150 3431 4206 Edom
3455 4187 3478 4216 ,

1909 4248 2077 4304 rubor
2125 4246 2572 4302 vestimentorum
2624 4246 2692 4299 de
2741 4244 2914 4301 Bosor
2963 4245 3009 4277 "
3049 4244 3073 4297 ?
3123 4261 3143 4295 ι
3190 4239 3477 4298 Carnaletn

1908 4339 2107 4409 quippe
2132 4338 2423 4393 adventum
2450 4350 2607 4391 suum
2636 4336 2691 4390 in
2729 4344 2930 4391 terram
2970 4335 3077 4391 hue
3105 4334 3266 4389 modo
3292 4331 3478 4388 decla-

218 4428 358 4482 τίων
406 4429 474 4482 ἐκ
519 4429 726 4502 Βοσόρ;
759 4449 779 4482 ι
804 4429 919 4501 Τὴν
951 4430 1061 4503 γὰρ
1102 4429 1365 4504 ἔνσαρκον
1396 4430 1562 4485 αὑτοῦ
1602 4451 1807 4506 παρου-

1918 4432 2072 4486 ravit.
2099 4430 2350 4485 Arbitror
2378 4438 2559 4484 autem
2605 4427 2871 4498 Spiritum
2906 4427 3148 4481 divinum
3179 4424 3479 4480 commina-

222 4521 353 4575 σίαν
377 4521 472 4575 ἐπὶ
498 4524 598 4592 τῆς
643 4522 746 4594 γῆς
769 4522 1069 4595 γενομένην
1113 4522 1302 4577 τοῦτον
1331 4522 1516 4596 ἐδήλου
1549 4523 1642 4578 τὸν
1679 4526 1804 4597 τρό-

222 4628 355 4667 πον.
384 4606 555 4683 ϋῖμαι
584 4611 641 4666 δὲ
667 4613 729 4666 τὸ
763 4613 904 4666 θετον
931 4612 1158 4684 Πνεῦμα
1187 4613 1467 4680 τοιαύταις
1495 4616 1803 4687 χρήσασθαι

219 4702 436 4770 λέξεσιν
470 4703 851 4775 ἀττειλητικαῖς
893 4705 974 4769 εἰς
1025 4705 1087 4759 τὸ
1124 4707 1472 4779 παραστῆσαι
1516 4708 1616 4780 τὴν
1664 4708 1805 4762 κατὰ

219 4793 333 4847 τῶν
359 4794 576 4848 ἀσεϐῶν
599 4794 694 4849 τοῦ
723 4793 859 4848 Θεοῦ
890 4794 1194 4867 ἐκδίκησιν,
1223 4798 1316 4852 καὶ
1355 4799 1436 4862 είς
1487 4798 1550 4853 τὸ
1577 4798 1804 4870 σοϐῆσαι

217 4886 351 4949 τοὺς
379 4884 587 4939 τούτων
627 4886 1008 4959 ἀκροωμένους
1043 4889 1109 4959 τῇ
1148 4888 1364 4959 συνήθει
1396 4891 1491 4944 καὶ
1520 4892 1804 4964 παχυτέρα

218 4978 386 5049 ἀκοῇ,
411 4977 492 5050 τῷ
522 4977 599 5049 μὴ
635 4977 894 5035 δύνασθαι
931 4980 1058 5044 τοὺς
1083 4980 1285 5046 πάντας
1315 4980 1490 5046 ἄλλως
1529 4988 1666 5037 νοεῖν
1705 4985 1804 5049 τὰς

217 5067 677 5140 ἐπαχθησομὲνας
703 5074 815 5134 τοῖς
844 5071 1065 5126 ἀσεϐέσι
1085 5073 1374 5144 τιμωρίας,
1405 5074 1539 5146 μηδὲ
1561 5076 1650 5129 τὸν
1682 5077 1826 5148 τρό-”

217 5178 323 5213 πον
346 5160 448 5231 τῆς
462 5160 738 5225 κολάσεως
761 5163 1044 5233 ἐπινοῆσαι
1064 5162 1346 5218 δύνασθαι.
1373 5165 1462 5219 Διὸ
1478 5167 1806 5239 παχυτέροις

247 5326 259 5343 Ι.

218 5342 429 5398 τούτων
452 5344 760 5410 ἀκούοντες.

296 5476 315 5508 ι
369 5459 587 5532 Ἡμέρα
610 5462 718 5534 γὰρ
740 5464 976 5536 κρίσεως
1017 5466 1242 5538 Κυρίου,
1268 5469 1363 5523 καὶ
1405 5469 1649 5534 ἐνιαυτὸς
1675 5470 1800 5524 ἀντ-

221 5549 533 5616 αποδὸσεως
558 5553 790 5625 κρίσεως
831 5556 992 5613 Σιών.
1018 5578 1036 5610 ι
1065 5559 1176 5615 Καὶ
1211 5560 1270 5614 ἐν
1309 5563 1421 5625 τοῖς
1445 5561 1702 5632 ἀνωτέρω
1742 5562 1798 5616 δὲ

293 5775 339 5805 ⁸⁷
366 5774 481 5845 ,Ιειι
521 5791 675 5842 Lxm,
718 5778 768 5832 l.

1909 4521 2065 4577 toriis
2107 4520 2258 4574 hisce
2285 4518 2507 4574 vocibus
2532 4517 2633 4581 uti,
2667 4523 2728 4570 ut
2767 4515 2973 4570 indicet
3015 4515 3332 4579 ultionem.a
3362 4511 3475 4569 Deo

1910 4616 1978 4671 de
2006 4613 2188 4683 impiis
2216 4611 2531 4667 sumendam
2558 4629 2573 4676 ;
2600 4619 2771 4681 utque
2790 4625 2858 4665 ex
2901 4607 3275 4679 frequentiore
3297 4614 3353 4661 et
3381 4621 3483 4661 saa-

1908 4705 2032 4778 pius
2058 4705 2287 4773 repetita
2313 4718 2448 4760 voce
2487 4704 2762 4758 auditores
2786 4703 3195 4766 deterreantur,
3245 4712 3344 4753 nec
3386 4712 3482 4750 va-

1913 4795 2025 4850 leat
2071 4796 2340 4865 quispiam
2384 4795 2656 4866 supplicia
2687 4794 2869 4862 impiis
2894 4791 3178 4848 inferenda
3205 4790 3365 4845 aliter
3395 4787 3482 4843 in-

1909 4886 2155 4956 telligere
2180 4929 2196 4954 ,
2220 4902 2396 4957 neque
2428 4896 2607 4942 tamen
2634 4885 2881 4956 supplicii
2917 4884 3134 4939 modum
3166 4883 3480 4951 excogitare

1910 4980 2102 5050 possit.
2133 4979 2498 5047 Quamobrem
2529 4980 2734 5037 rudiori
2774 4993 3028 5035 sermone
3051 5017 3068 5043 ,
3106 4985 3165 5030 et
3205 4973 3477 5043 vulgario-

1912 5074 2065 5129 ribus
2095 5074 2277 5130 verbis
2308 5083 2575 5129 terrorem
2623 5071 3021 5129 incutientibus
3048 5068 3220 5122 utitur
3243 5106 3260 5131 ,
3292 5073 3352 5119 ut
3386 5063 3479 5134 qui

1914 5168 2032 5224 haec
2058 5169 2306 5234 audiunt,
2340 5168 2616 5238 perterriti
2650 5172 3057 5222 convertantur.

220 5254 435 5337 ῥήμασι
484 5254 577 5307 καὶ
625 5254 1041 5326 συνηθεστέραις
1085 5256 1266 5325 λέξεσι
1311 5259 1477 5328 φόϐου
1503 5267 1812 5327 ποιητικαῖς
1849 5264 2132 5337 κέχρηται,
2192 5265 2280 5318 ἵνα
2316 5262 2421 5318 κᾶν
2458 5261 2600 5316 οὕτω
2640 5260 2965 5332 φοϐηθέντες
3000 5254 3401 5326 ἐπιστρέψωσιν
3428 5251 3479 5306 ei

1955 5470 2145 5527 .Vsns.
2179 5471 2233 5527 8.
2292 5490 2311 5524 ι
2352 5470 2478 5527 Dies
2505 5470 2648 5526 enim
2679 5466 2868 5538 iudicii
2918 5466 3133 5522 Domini
3159 5503 3175 5529 ,
3225 5473 3281 5520 et
3304 5477 3481 5518 annus

1907 5564 2288 5622 retributionis
2315 5564 2508 5636 iudicii
2552 5562 2707 5619 Sion.
2746 5580 2766 5615 ι
2818 5559 3080 5633 Superius
3108 5560 3233 5615 item
3266 5557 3481 5613 dicebas
