3862 6210
331 366 440 421 355

1002 357 1268 415 EUSEBII
1305 357 1782 415 CESAKIENSIS
1821 357 1969 416 OPP.
2006 357 2187 415 PARS
2225 357 2311 413 lll.
2348 390 2416 401 —
2451 358 2864 415 EXEGETICA.

3463 359 3575 415 556

333 490 440 540 tur,
483 493 504 527 ι
543 472 794 528 Mulieres
818 471 1030 539 divites,
1068 470 1362 542 exsurgite,
1407 468 1513 525 diei
1541 470 1664 524 anni
1697 484 1899 525 memo-

2022 470 2217 540 λέγετο
2233 472 2312 537 τὸ,
2336 489 2356 523 ι
2380 471 2639 535 Γυναῖκες
2659 471 2927 536 πλούσιαι,
2951 471 3241 540 ἀνάστητε,
3254 470 3468 542 ἡμέρας
3481 475 3582 527 ὲνιο

333 570 470 625 riam
505 566 668 621 facite
707 565 760 620 in
789 563 976 620 dolore
1005 577 1128 618 cum
1163 577 1280 633 spe.
1322 583 1341 616 ι
1372 563 1504 630 Quis
1550 563 1623 619 sit
1667 563 1756 620 ille
1803 578 1900 616 an-

332 673 436 714 nus
457 699 475 724 ,
523 672 632 726 quo
665 671 787 709 cum
842 653 1026 710 dolore
1054 653 1330 725 planctum
1357 656 1522 710 edere
1559 652 1750 723 jubet,
1784 654 1902 709 haec

332 750 613 820 prophetia
640 747 881 801 declarat
907 746 994 802 his
1022 747 1222 808 verbis,
1259 764 1279 797 ι
1321 744 1530 800 Vocare
1569 760 1770 800 annum
1798 746 1903 801 Do-

333 841 465 894 mini
498 838 885 907 acceptabilem
916 875 932 902 ,
961 844 1019 892 et
1048 837 1190 891 diem
1222 836 1596 891 retributionis
1646 836 1755 890 Deo
1807 851 1904 891 no-

332 940 450 986 stro
476 970 492 995 ,
547 930 817 985 consolari
869 943 1059 983 omnes
1107 928 1351 998 lugentes
1379 967 1396 994 ,
1431 929 1560 981 dare
1593 927 1904 995 lugentibus

332 1022 465 1078 Sion
493 1020 738 1092 gloriam.
779 1038 799 1070 r
835 1017 1022 1074 Viden'
1054 1033 1162 1087 quo
1193 1032 1356 1073 sensu
1389 1018 1479 1074 hic
1506 1017 1780 1083 dicatum
1810 1033 1904 1072 an-

334 1128 437 1168 nus
476 1112 688 1168 Domini
719 1151 733 1176 ,
763 1118 820 1165 et
843 1110 957 1165 dies
986 1109 1406 1176 retributionis;
1444 1128 1463 1163 ι
1513 1111 1586 1164 ita
1636 1119 1695 1164 ut
1727 1110 1903 1165 simile

332 1206 410 1261 sit
433 1203 564 1258 illud
590 1203 694 1258 hoc
721 1202 870 1257 dicto
890 1245 905 1270 ,
941 1219 960 1253 ι
997 1200 1124 1256 Dies
1149 1201 1296 1256 enim
1321 1199 1515 1270 judicii
1549 1201 1700 1258 Sien.
1743 1221 1762 1253 ι
1792 1200 1902 1255 lta-
1940 1261 1944 1264 ,

336 1307 445 1362 que
477 1291 620 1348 idem
651 1291 765 1362 ipse
795 1306 992 1356 annus,
1019 1291 1208 1345 eadem
1239 1291 1352 1358 ipsa
1372 1291 1490 1346 dies
1518 1302 1621 1358 est,
1648 1308 1752 1361 qua
1779 1308 1909 1362 pau-.

335 1395 498 1452 peres
527 1381 992 1451 evangelizantur,
1025 1380 1274 1447 lugentes
1319 1379 1448 1434 Sion
1480 1382 1902 1437 consolationem

335 1473 610 1541 accipiunt
635 1471 689 1525 in
719 1471 921 1526 Christi
955 1471 1187 1524 adventu
1218 1510 1232 1532 ,
1284 1470 1538 1524 mulieres
1581 1470 1684 1526 illa:
1710 1472 1906 1527 divites

332 1566 401 1618 ad
433 1563 710 1635 planctum
737 1571 1058 1628 evocantur,
1091 1571 1147 1617 et
1175 1577 1294 1631 qua:
1322 1563 1424 1615 hoc
1455 1563 1507 1615 in
1537 1565 1654 1618 loco
1683 1564 1750 1617 de
1775 1562 1904 1617 Sion

334 1657 718 1719 enuntiantur,
756 1654 938 1708 l‘utura
971 1663 1116 1709 sunt.
1147 1651 1274 1707 Hazc
1303 1666 1466 1720 porro
1486 1654 1668 1706 omnia
1703 1654 1755 1706 in
1786 1653 1906 1707 Sal—

333 1747 541 1803 vatoris
585 1746 756 1802 nostri
803 1745 931 1800 Jcsu
979 1743 1181 1798 Christi
1229 1744 1458 1800 adventu
1522 1745 1904 1814 implebantur,

2001 563 2164 618 αυτοῦ
2183 565 2369 636 μνείαν
2390 563 2686 636 ποιήσασθε
2703 564 2760 617 ὲν
2775 563 2934 635 ὀδύνῃ
2960 563 3076 633 μετ’
3095 562 3326 625 ἐλπίδος.
3341 562 3465 627 »Τίς
3486 561 3580 617 οὖν
3659 613 3661 615 ,

1997 646 2067 722 ἦν
2079 643 2233 715 οὗτος
2247 653 2276 704 ὁ
2292 651 2556 715 ἐνιαυτὸς,
2580 651 2662 720 ἐφ’
2676 644 2722 719 ᾧ
2737 650 3032 704 κόπτεσθαι
3055 650 3172 722 μετ’
3189 649 3381 722 ὀδύνης
3406 669 3579 722 προσ-

1999 739 2203 806 τάττει,
2236 740 2270 811 ή
2307 739 2556 810 παροῦσα
2589 739 2892 812 προφητεία
2928 739 3223 810 παρίστησι
3251 737 3484 808 λέγουσα
3511 741 3583 794 τὰ

2001 831 2350 903 προκείμεναο
2365 851 2382 882 ι
2395 831 2634 884 Καλέσαι
2646 829 2886 884 ἐνιαυτὸν
2899 829 3101 902 Κυρίου
3111 829 3319 897 δεκτδν,
3334 832 3428 884 καὶ
3443 831 3586 901 ὴμέ-

2005 939 2100 994 ραν
2115 922 2518 986 ἀνταποδόσεως
2537 922 2615 994 τῷ
2629 921 2748 992 Θεῷ
2764 921 2939 993 ἡμῶν,
2967 921 3344 993 παρακαλέσαι
3372 921 3585 986 πάντας

1999 1018 2126 1081 τοὺς
2155 1015 2504 1080 πενθοῦντας,
2529 1014 2746 1085 δοθῆναι
2774 1017 2886 1076 τοῖς
2921 1012 3176 1066 πενθοῦσι
3204 1012 3343 1066 Σιὼν
3362 1014 3573 1078 δόξαν.»

2013 1107 2175 1178 Ὁρᾷς
2193 1108 2338 1169 ὅπως
2355 1107 2412 1159 ἐν
2424 1105 2633 1168 τούτοις
2653 1123 2671 1155 ι
2695 1103 2936 1167 ἐνιαυτὸς
2951 1103 3154 1174 Κυρίου
3168 1122 3186 1155 ι
3206 1105 3440 1176 εἴρηται,
3460 1123 3478 1154 ι
3490 1105 3585 1156 καὶ

2001 1199 2186 1272 ἡμέρα
2201 1198 2622 1261 ἀνταποδόσεως,
2644 1217 2662 1249 ι
2678 1196 2753 1260 ὼς
2763 1197 2945 1267 ὅμοιον
2961 1196 3200 1267 τυγχάνῃ
3215 1195 3313 1266 τῷ,
3331 1215 3350 1248 ι
3371 1196 3433 1249 Ἦ
3441 1196 3585 1267 μέρα

2001 1291 2110 1363 γὰρ
2133 1291 2365 1362 κρίσεως
2393 1289 2550 1344 Σιών.
2575 1309 2594 1341 ι
2627 1288 2834 1343 Ούκοῦν
2865 1283 2945 1353 εἷς
2974 1290 3068 1342 καὶ
3098 1289 3126 1340 ὁ
3149 1289 3310 1352 αὐτὸς
3336 1287 3584 1352 ἐνιαυτὸς

2001 1383 2281 1455 τυγχάνει,
2315 1383 2408 1437 καὶ
2460 1382 2559 1454 μία
2605 1382 2701 1434 καὶ⁸
2750 1383 2784 1452 ή
2829 1380 2966 1452 αὐτὴ
2998 1381 3202 1452 ἡμέρα,
3233 1379 3360 1434 καθ’
3407 1380 3475 1450 ἢν
3528 1379 3582 1432 οἱ

2004 1477 2210 1548 πτωχοὶ
2242 1471 2702 1544 εὐαγγελίζονται,
2749 1472 2802 1524 οἴ
2847 1489 2906 1524 τε
2953 1470 3276 1535 πενθοῦντες
3308 1470 3407 1541 τὴν
3442 1469 3585 1522 Σιὼν

2005 1567 2448 1642 παρακαλοῦνται
2478 1565 2570 1618 ἐπὶ
2601 1567 2666 1636 τῇ
2697 1563 2932 1636 Χριστοῦ
2962 1562 3255 1636 παρουσίᾳ,
3281 1562 3373 1614 καὶ
3401 1561 3458 1614 αἱ
3488 1560 3580 1613 λε-

2005 1663 2232 1734 γόμεναι
2282 1659 2535 1714 πλούσιαι
2563 1658 2821 1726 γυναῖκες
2843 1657 2935 1708 ἐπὶ
2961 1654 3051 1708 τὸν
3079 1651 3307 1708 κοπετὸν
3356 1649 3586 1705 καλοῦνο

2007 1773 2117 1820 ται,
2141 1755 2234 1807 καὶ
2262 1752 2328 1806 τὰ
2363 1751 2630 1820 λεγόμενα
2661 1749 2748 1802 διὰ
2769 1748 2877 1802 τῶν
2928 1746 3305 1818 προκειμένων
3337 1749 3403 1816 τῇ
3445 1743 3587 1799 Σιὼν

336 1841 553 1910 quando
581 1839 616 1892 ii
652 1839 742 1908 qui
775 1837 827 1891 in
862 1839 1037 1906 ipsum
1063 1835 1430 1900 crediderant,
1459 1847 1510 1891 et
1537 1839 1767 1906 gratiam
1790 1839 1907 1909 ejus

2022 1819 2326 1901 ἀποϐαίνειν
2386 1819 2608 1914 ἤμελλε.
2647 1839 2831 1894 Ταῦτα
2878 1837 2948 1891 δὲ.
2986 1838 3164 1892 πάντα
3221 1837 3313 1890 ἐπὶ
3345 1839 3443 1908 τῆς
3487 1833 3585 1888 τοῦ

336 1940 716 2000 susceperant,
744 1930 965 1998 optimis
1003 1928 1108 1982 illis
1137 1926 1619 1996 pollicitationibus
1647 1930 1906 1986 frueban-

338 2037 428 2082 tur
458 2044 472 2080 :
506 2025 597 2095 qui
626 2039 753 2078 vero
782 2037 902 2076 sese
928 2037 957 2074 a
1001 2020 1174 2091 gratia
1215 2019 1332 2087 ejus
1384 2031 1864 2090 sequeStraverant
1889 2064 1903 2089 ,

337 2120 406 2173 ab
433 2119 580 2174 omni
611 2131 706 2187 spe
735 2115 874 2170 bona
903 2113 1036 2182 lapsi
1067 2151 1082 2177 ,
1119 2113 1424 2169 tristiorum
1454 2115 1908 2172 commutationes

334 2211 639 2268 subierunt-
690 2209 756 2265 Et
800 2223 931 2264 sane
981 2207 1096 2276 ipsa
1125 2221 1311 2262 eorum
1339 2207 1630 2284 conspicua
1661 2217 1716 2262 et
1761 2209 1906 2278 regia

333 2304 546 2372 civitas,
579 2317 642 2359 ea
674 2302 788 2372 ipsa
813 2300 1035 2371 pertulit
1059 2339 1074 2365 ,
1098 2313 1218 2369 quae
1239 2310 1483 2368 praesens
1505 2297 1786 2368 prophetia
1817 2313 1907 2353 va-

335 2397 616 2452 ticinatur.

2013 1939 2309 2008 Σωτῆροςὴ
2320 1935 2432 2006 μῶν
2460 1931 2634 2006 Ἰησοῦ
2667 1928 2904 2002 Χριστοῦ
2924 1928 3228 2000 παρουσίας
3259 1925 3587 1999 ἐπληροῦτο,

2012 2029 2131 2084 καθ’
2157 2030 2223 2100 ἢν
2248 2031 2295 2082 οἱ
2333 2029 2428 2099 μὲν
2473 2028 2551 2090 εἰς
2590 2025 2752 2078 αὐτὸν
2780 2021 3225 2084 πεπιστευκότες,
3252 2021 3348 2074 καὶ
3371 2019 3470 2090 τὴν
3491 2016 3590 2088 χά-

2014 2138 2099 2194 ριν
2129 2120 2227 2192 τήν
2252 2121 2318 2173 δι’
2341 2119 2504 2173 αὑτοῦ
2549 2114 3033 2187 παραδεδεγμένοι,
3065 2112 3173 2166 τῶν
3205 2109 3590 2183 χρηστοτέρων

2013 2212 2357 2283 ἐπαγγελιῶν
2389 2211 2665 2282 ἀπήλαυον
2688 2225 2702 2238 ·
2731 2209 2780 2260 οί
2802 2207 2859 2260 δὲ
2888 2203 3201 2276 ἀλλοτρίους
3225 2203 3450 2266 ἑαυτοὺς
3482 2218 3589 2256 κα-

2013 2307 2383 2377 ταστήσαντες
2421 2304 2519 2374 τῆς
2575 2297 2739 2355 αὐτοῦ
2785 2297 3030 2369 χάριτος,
3060 2295 3240 2365 πάσης
3259 2293 3468 2365 ἀγαθῆς
3501 2294 3558 2346 ὲ»

2012 2395 2166 2458 πίδος
2202 2393 2592 2454 ἀποπεσόντες,
2620 2391 2741 2452 ταῖς
2767 2387 2878 2441 τῶν
2917 2384 3384 2458 σκυθρωποτέρων
3425 2383 3590 2436 ἄπει-

335 2493 456 2557 λαῐς
494 2488 975 2545 ὑποπεπτώκασιν.
1015 2471 1126 2539 Καὶ
1171 2485 1307 2556 αὑτὴ
1342 2483 1398 2538 δὲ
1427 2485 1607 2539 αὐτῶν
1630 2488 1663 2558 ἠ
1690 2488 1862 2562 σεμνὴ
1887 2489 1993 2568 καὶὶ
2020 2488 2272 2560 βασιλική
2300 2488 2455 2550 πόλις
2497 2483 2717 2540 τοιαῦτα
2766 2479 3054 2549 πέπονθεν,
3085 2481 3244 2534 ὁποῖα
3275 2476 3522 2540 θεσπίζει
3550 2477 3589 2547 ὴ

333 2587 586 2659 παροῦσα
613 2583 934 2655 προφητεία.

410 2681 575 2735 Vens.
607 2679 662 2735 9.
703 2695 723 2729 ι
764 2675 829 2730 Ει
859 2683 1138 2730 vertentur
1195 2673 1363 2729 valles
1417 2671 1535 2742 eius
1585 2673 1638 2727 in
1689 2675 1862 2743 picem
1891 2716 1906 2740 ,

332 2783 390 2830 et
433 2784 579 2828 terra
627 2769 746 2840 ejus
800 2769 856 2822 in
907 2765 1155 2836 sulphur.
1218 2765 1284 2820 Et
1334 2765 1440 2820 erit
1499 2771 1648 2820 terra
1693 2767 1810 2836 ejus
1855 2775 1914 2822 ut

335 2867 431 2937 pix
475 2862 675 2918 ardens
730 2870 891 2916 nocte
939 2869 996 2912 et
1050 2857 1158 2913 die.
1218 2875 1237 2909 ι
1294 2856 1460 2924 Queis
1511 2858 1659 2914 clare
1705 2860 1913 2914 denun-

333 2957 776 3037 tiat‘extremam
808 2952 1117 3004 vastitatem
1165 2958 1220 3004 ct
1268 2949 1387 3004 loco
1417 2959 1470 3004 et
1501 2951 1644 3020 genti
1677 2951 1913 3008 inferen-

339 3046 488 3098 dam.

2094 2690 2112 2724 ι
2136 2669 2245 2724 Καὶ
2268 2665 2667 2740 στραφήσονται
2687 2662 2742 2715 αἱ
2764 2659 3046 2732 φάραγγες
3069 2654 3238 2726 αὐτῆς
3261 2655 3342 2716 είς
3365 2653 3591 2716 πίσσαν,

2019 2767 2113 2820 καὶ
2139 2767 2174 2834 ἡ
2203 2762 2276 2832 γῆ
2298 2759 2470 2828 αὐτῆς
2509 2759 2589 2820 εἰς
2628 2756 2790 2809 θεῖον.
2824 2752 2933 2806 Καὶ
2959 2750 3113 2803 ἔσται
3139 2749 3172 2820 ὴ
3210 2747 3284 2817 γῆ
3305 2743 3486 2834 αὐτῆς
3514 2742 3594 2805 ὡς

2019 2831 2189 2910 πίσσα
2218 2831 2482 2924 καιομένη
2501 2848 2691 2910 νυκτὸς
2729 2844 2822 2900 καὶ
2851 2843 3087 2914 ἡμέρας.
3124 2859 3142 2890 ι
3181 2839 3259 2892 Δι’
3294 2831 3369 2890 ὧν
3407 2834 3596 2924 σαφῶς

2017 2953 2047 3004 ό
2074 2950 2230 3016 λόγος
2262 2922 2588 3015 παρίστησιν
2627 2937 2859 3007 ἐσχάτην
2897 2931 3133 3003 ἐρημίαν
3184 2922 3594 2997 καταλήψεσθα.

2019 3042 2111 3096 τόν
2136 3057 2199 3093 τε
2222 3037 2388 3091 τόπον
2415 3034 2509 3088 καὶ⁵
2535 3031 2595 3084 τὸ
2623 3029 2790 3091 ἔθνος.

412 3133 576 3188 Vens.
605 3133 694 3188 l0.
743 3152 761 3184 ι
795 3134 862 3186 Ει
905 3148 1013 3188 non
1064 3133 1440 3203 exstinguetur
1487 3135 1543 3189 in
1593 3145 1912 3206 perpetuum

2091 3148 2110 3180 ι
2150 3127 2262 3182 Καὶ
2289 3124 2350 3178 ού
2386 3120 2744 3191 σϐεσθήσεται
2774 3118 2854 3178 είς
2902 3115 2992 3166 τὸν
3048 3111 3219 3166 αἰῶνα
3253 3107 3463 3180 χρόνον,
3499 3107 3600 3159 καὶ

342 3237 556 3296 tempus
605 3243 618 3280 :
668 3235 724 3280 et
757 3225 1016 3279 ascendet
1063 3223 1245 3280 fumus
1288 3223 1405 3292 ejus
1433 3239 1648 3280 sursum
1685 3246 1698 3282 :
1736 3228 1790 3282 in
1828 3244 1920 3298 ge—

341 3317 684 3372 nerationem
745 3314 861 3384 ejus
912 3314 1261 3383 desolabitur,
1309 3325 1365 3370 et
1421 3317 1476 3370 in
1526 3326 1737 3389 tempus
1779 3320 1920 3374 mul-

341 3417 476 3463 tum.
505 3425 526 3459 ι
571 3405 797 3477 Signum
835 3405 1110 3476 supplicii,
1144 3407 1288 3474 quod
1328 3406 1381 3460 in
1426 3407 1693 3476 profundo
1741 3410 1916 3476 luunt,

339 3499 409 3555 iis
443 3499 533 3566 qui
571 3513 788 3553 sursum
825 3499 988 3568 positi
1020 3508 1148 3555 sunt
1184 3500 1434 3570 prabens
1456 3501 1916 3570 conspiciendum,

339 3592 414 3644 ob
462 3591 680 3645 insitam
714 3590 821 3645 illis
861 3590 1122 3644 malitiam
1145 3631 1162 3656 ,
1195 3605 1345 3660 quar,
1377 3590 1520 3662 qttod
1555 3591 1842 3648 tenebrosa
1865 3603 1922 3648 et

339 3683 500 3752 nigra
527 3683 624 3747 sit,
657 3683 760 3752 pici
788 3692 1154 3751 comparatur.

414 3772 582 3830 Vens.
611 3775 700 3829 ll.
737 3792 760 3847 t
781 3778 940 3840 Aves,
967 3786 1024 3831 et
1059 3774 1233 3838 ericii,
1268 3783 1325 3829 et
1351 3773 1469 3830 ibes
1495 3784 1554 3830 et
1586 3773 1732 3830 corvi
1767 3774 1922 3829 habi-

337 3868 541 3922 tabunt
595 3866 648 3921 in
693 3882 806 3922 ea:
852 3877 907 3922 et
953 3868 1226 3937 injicietur
1272 3881 1434 3936 super
1479 3881 1598 3921 cam
1652 3866 1922 3921 funiculus

338 3960 660 4030 geometrias
711 3959 936 4023 deserti,
993 3968 1048 4012 et
1096 3957 1445 4012 onocentauri
1499 3957 1822 4011 habitabunt
1866 3957 1920 4010 in

338 4063 469 4103 ean
523 4049 620 4102 His
669 4049 914 4118 impuras
949 4049 1160 4102 animas
1193 4047 1484 4116 signiﬁcat,
1535 4047 1726 4116 quales
1766 4055 1924 4100 erant

342 4154 541 4194 eorum
595 4137 830 4200 animae,
887 4139 981 4207 qui
1035 4152 1102 4193 ex
1161 4138 1479 4206 alienigenis
1530 4145 1585 4191 et
1643 4136 1923 4192 extraneis

339 4227 600 4296 gentibus
647 4241 714 4282 eo
770 4228 822 4281 in
881 4228 997 4282 loco
1043 4236 1225 4297 postea
1268 4227 1615 4294 habitarunt,
1657 4227 1920 4282 idolorum

340 4317 601 4373 cultores.

416 4407 584 4464 Vens.
614 4407 702 4462 l2.
745 4426 764 4458 ι
789 4407 1066 4478 Principes
1092 4407 1209 4478 ejus
1237 4423 1341 4463 non
1369 4414 1548 4462 erunt.
1579 4406 1756 4476 Reges
1778 4408 1919 4462 enim
1953 4440 1998 4495 Β

339 4509 398 4555 et
428 4511 715 4573 magnates
745 4499 864 4569 ejus
893 4512 1054 4557 erunt
1079 4501 1132 4555 in
1166 4501 1544 4571 perditionem.
1572 4519 1591 4552 ›
1639 4501 1920 4554 Daemonas

344 4593 612 4660 quosdam
663 4593 984 4657 adumbrat,
1043 4595 1136 4661 qui
1192 4595 1244 4647 in
1293 4592 1602 4648 simulacris
1650 4601 1704 4645 et
1764 4590 1922 4646 idolis

345 4698 536 4738 eorum
561 4701 662 4739 ceu
696 4686 747 4737 in
783 4684 1008 4738 latebris
1035 4686 1289 4753 agebant.

421 4773 585 4830 Vsus.
613 4775 717 4838 l3,
757 4774 847 4828 14.
892 4773 1003 4829 «Et
1046 4786 1400 4830 renascentur
1445 4775 1496 4827 in
1545 4774 1770 4829 urbibus
1802 4771 1920 4840 ejus

346 4867 566 4936 spinosa
589 4876 646 4920 ct
671 4865 834 4935 ligna,
859 4867 994 4920 etin
1034 4867 1421 4921 munitionibus
1461 4865 1598 4936 ejus.
1653 4865 1721 4919 Et
1762 4873 1922 4919 erunt

346 4957 527 5011 cubile
565 4957 831 5021 sirenum,
864 4967 919 5012 et
946 4957 1214 5012 stabulum
1233 4954 1702 5011 struthionum.Et
1733 4954 1920 5010 obvia-

345 5047 482 5102 hunt
512 5047 788 5102 daemones
821 5048 1204 5103 onocentauris
1223 5087 1238 5112 ,
1268 5055 1322 5101 et
1350 5045 1661 5101 clamabunt
1689 5045 1825 5100 alter
1851 5044 1920 5099 ad

346 5137 602 5193 alterum.
648 5137 728 5192 lbi
769 5137 1115 5207 requiescent
1162 5136 1534 5201 onocentauri,
1583 5135 1922 5191 invenientes

348 5227 451 5282 sibi
503 5229 742 5298 requiem
781 5246 795 5282 :
833 5246 853 5280 ι
914 5228 1311 5283 infructuosam
1367 5242 1552 5282 eorum
1613 5226 1917 5280 doctrinam

349 5317 683 5387 signiﬁcans.
720 5318 1082 5385 Quamobrem
1116 5318 1330 5372 vineam
1356 5335 1542 5373 eorum
1573 5317 1758 5386 spinas
1784 5315 1922 5372 etni-

351 5409 489 5464 sisse
531 5424 692 5479 supra
719 5410 766 5443 “
809 5410 1124 5466 declarabat
1174 5410 1259 5464 his
1305 5410 1507 5474 verbis,
1567 5405 1925 5476 cExspectavi

351 5510 413 5553 ut
458 5499 662 5556 faceret
700 5501 832 5556 mihi
883 5517 1082 5568 uvam,
1121 5501 1252 5556 fecit
1289 5509 1483 5555 autem
1514 5499 1760 5569 spinas.»
1819 5495 1922 5552 Ubi

354 5601 535 5648 autem
567 5592 620 5648 in
651 5593 937 5648 animabus
963 5607 1152 5648 eorum
1191 5601 1438 5648 extrema
1467 5590 1693 5646 vastitas
1736 5588 1919 5653 fuerit,

423 5769 466 5799 ⁸⁸
496 5766 624 5838 Cap.
659 5782 710 5833 ν,
741 5768 795 5823 1.

2016 3220 2346 3291 ἀναϐήσεται
2371 3216 2400 3268 ό
2427 3212 2631 3276 καπνὸς
2661 3209 2830 3280 αὐτῆς
2882 3209 3026 3262 ἀνω*
3069 3206 3147 3269 είς
3182 3201 3373 3272 γενεάν
3419 3199 3594 3268 αὐτῆς

2019 3311 2464 3385 ἐρημωθήσεται,
2518 3306 2614 3360 καὶ
2643 3303 2722 3366 εἰς
2751 3301 2942 3374 χρόνον
2980 3297 3226 3385 πολύν.)
3263 3293 3337 3348 Τὸ
3368 3293 3600 3385 σημεῖον

2017 3379 2220 3474 τῆέέν
2265 3379 2418 3470 βάθει
2464 3392 2734 3466 τιμωρίας
2784 3388 2964 3444 αὐτῶν
3009 3388 3122 3450 τοῖς
3172 3384 3284 3438 ἀνω
3337 3379 3600 3474 παρέχων

2019 3469 2151 3567 όρᾷν
2182 3469 2275 3546 διά
2302 3489 2400 3560 τὴν
2441 3483 2804 3557 ὑποκειμένην
2841 3482 3024 3544 αὐτοῖς
3055 3477 3270 3538 κακίαν,
3305 3473 3478 3545 πίσσῃ
3508 3469 3602 3524 διὰ

2019 3586 2082 3639 τὸ
2109 3582 2374 3646 σκοτῶδες
2403 3579 2499 3634 καὶ
2534 3576 2702 3648 μέλαν
2725 3569 3240 3646 παραϐαλλομένην.

2099 3779 2118 3814 ι
2161 3761 2382 3832 Ὀρνεα,
2406 3757 2503 3810 καὶ
2541 3756 2726 3824 ἐχῖνοι,
2760 3753 2855 3805 καὶ
2889 3750 3042 3814 ἴϐεις,
3076 3747 3169 3801 καὶ
3194 3747 3427 3817 κόρακες
3467 3759 3602 3797 κατ-

2021 3854 2334 3925 οικήσουσιν
2382 3851 2439 3903 ὲν
2478 3848 2650 3918 αὐτῇ·
2699 3845 2794 3900 καὶ
2839 3840 3262 3912 ἐπιϐληθήσεται
3305 3838 3392 3890 ἐπ’
3425 3835 3600 3905 αὐτὴν

2025 3944 2286 4017 σπαρτίον
2305 3939 2644 4013 γεωμετρίας
2674 3937 2902 4009 ὲρήμου,
2923 3934 3017 3988 καὶ
3037 3931 3414 4000 ὀνοκένταυροι
3442 3926 3599 3997 οἰκή-

2025 4054 2204 4092 σουσιν
2247 4037 2304 4090 ἐν
2342 4033 2500 4104 αὐτῇ.
2553 4050 2574 4084 ι
2606 4031 2684 4084 Δι’
2708 4023 2783 4083 ὧν
2813 4027 3107 4080 αἰνίττεται
3137 4021 3315 4093 ψυχὰς
3346 4017 3601 4090 ἀκαθάρα

1975 4121 1979 4128 ’
2022 4147 2170 4194 τους,
2199 4129 2378 4182 ὁποῖαι
2401 4121 2542 4196 ἦσαν
2573 4123 2630 4178 αἱ
2671 4119 2780 4174 τῶν
2816 4117 2953 4190 μετά
2991 4115 3164 4170 ταῦτα
3198 4113 3259 4178 ἐξ
3283 4109 3603 4180 ἀλλοφύλων

2024 4222 2118 4277 καὶ
2154 4217 2454 4288 ἀλλογενῶν
2497 4215 2666 4271 ἐθνῶν
2697 4215 2790 4268 τὸν
2819 4213 2982 4266 τόπον
3007 4207 3342 4278 οἰκησάντων
3382 4202 3602 4256 εἰδωλο-

2025 4315 2123 4368 λατ
2133 4312 2262 4385 ρῶν.

2101 4408 2194 4459 «οί
2219 4405 2476 4477 ἄρχοντες
2501 4400 2669 4470 αὐτῆς
2699 4399 2798 4451 οὐκ
2826 4395 3059 4449 ἔσονται.
3107 4391 3171 4444 Οἱ
3213 4389 3321 4460 γὰρ
3361 4385 3603 4456 βασιλεῖς

2025 4499 2119 4551 καὶ
2179 4497 2227 4548 oi.
2284 4493 2605 4566 μεγιστᾶνες
2654 4489 2820 4558 αὐτῆς
2868 4485 3079 4537 ἔσονται
3131 4483 3210 4544 είς
3257 4477 3599 4533 ἁπώλειανί

2023 4587 2282 4659 δαίμονάς
2321 4603 2470 4648 τινας
2513 4582 2880 4652 αἰνιττόμενος
2916 4578 3043 4640 τοὺς
3075 4575 3132 4628 ὲν
3165 4574 3277 4636 τοῖς
3321 4569 3605 4639 ἀγάλμασι

2025 4680 2123 4750 τῆς
2151 4675 2589 4746 είδωλολατρείας
2614 4672 2791 4726 αὐτῶν
2818 4667 3252 4740 ὲμφωλεύοντας.

2103 4787 2120 4818 ι
2150 4768 2259 4820 Καὶ
2299 4765 2598 4836 ἀναφυήσει
2643 4765 2723 4826 είς
2757 4760 2854 4824 τὰς
2887 4759 3068 4822 πόλεις
3113 4755 3290 4811 αὐτῶν
3335 4749 3604 4806 ἀκάνθινα

2027 4856 2181 4924 ξύλα,
2218 4855 2311 4908 καὶ
2334 4857 2413 4918 εἰς
2439 4855 2508 4907 τὰ
2533 4850 2863 4924 ὀχυρώματα
2892 4849 3084 4920 αὐτῆς.
3112 4845 3226 4901 Καὶ
3251 4844 3401 4897 ἔσται
3437 4843 3606 4899 ἐπαύ-

2023 4948 2137 5014 λεις
2165 4948 2445 5020 σειρήνων,
2470 4947 2564 4999 καὶ¹
2585 4944 2723 5016 αὐλὴ
2750 4941 3042 5013 στρουθῶν.
3066 4939 3179 4994 Καὶ
3209 4937 3603 5008 συναντήσουσι

2025 5038 2274 5108 δαιμόνια
2314 5034 2752 5106 όνοκενταύροις,
2792 5033 2886 5085 καὶ⁵
2919 5029 3203 5103 βοήσονται
3243 5029 3429 5098 ἕτερος
3463 5026 3602 5096 πρὸς

2025 5133 2116 5185 τὸν
2144 5131 2348 5203 ἕτερον.
2389 5130 2535 5183 Ἐκεῖ
2555 5126 2953 5181 ἀναπαύσονται
2985 5123 3379 5192 ὀνοκένταυροι,
3414 5119 3602 5191 εὑρόν-

2025 5239 2116 5284 τες
2150 5221 2332 5284 αύτοῖς
2357 5220 2660 5273 ἀνάπαυσιν
2684 5233 2697 5246 ο
2726 5235 2745 5267 ι
2771 5214 2945 5287 δηλῶν
2973 5213 3071 5277 τὰς
3102 5213 3389 5282 ἀκάρπους
3419 5209 3602 5262 αὐτῶν

2027 5311 2387 5375 διδασκαλίας.
2433 5311 2523 5364 Διὸ
2567 5309 2661 5364 καὶ
2701 5309 2789 5361 τὸν
2831 5305 3130 5377 ἀμπελῶνα
3169 5302 3346 5357 αὐτῶν
3377 5301 3464 5354 διὰ
3491 5300 3606 5354 τῶν

2033 5404 2338 5476 ἔμπροσθεν
2348 5403 2536 5475 ἐδήλου
2549 5399 2788 5456 ἄκανθαν
2801 5397 3111 5470 ἀγηοχέναι,
3123 5395 3296 5465 λέγων
3315 5409 3327 5421 ’
3339 5412 3358 5446 ι
3373 5393 3606 5463 Ἔμεινα

2030 5497 2118 5551 ἵνα
2141 5496 2342 5568 ποιήσῃ
2366 5511 2454 5566 μοι
2478 5491 2772 5562 σταφυλὴν,
2795 5491 3016 5560 εποίησε
3035 5488 3092 5542 δὲ
3115 5485 3410 5550 ἀκάνθας.»
3441 5483 3609 5552 Ἐρηο

2033 5587 2160 5651 μίας
2189 5585 2246 5640 δὲ
2275 5585 2374 5656 τῆς
2404 5581 2640 5653 ἐσχάτης
2683 5583 2740 5636 ὲν
2766 5583 2887 5643 ταῖς
2923 5579 3123 5650 ψυχαῖς
3163 5575 3344 5631 αὐτῶν
3369 5571 3608 5646 γενομέ-
