3862 6210
251 300 369 357 .337

1157 301 1666 360 COMMENTARIA
1706 305 1772 360 ΙΝ
1814 307 2068 364 ISAIAM.
2110 341 2178 350 -
2216 309 2368 365 CAP.
2411 310 2629 367 XXXV.

3417 320 3522 378 558

258 436 382 490 νης,
423 419 520 474 καὶ
556 418 820 483 ἀκάνθαις
860 418 1244 495 πληρωθείσης
1289 425 1468 480 αὐτῶν
1515 427 1614 498 τῆς
1651 426 1846 500 χώραςι

1960 440 2126 501 atque
2170 447 2302 503 ager
2347 434 2588 504 ipsorum
2641 437 2812 506 spinis
2855 437 3092 509 repletus
3138 441 3275 516 erit;
3323 443 3397 499 ibi
3443 457 3535 499 re-

257 511 492 576 είκάτως
518 509 898 565 ἀναπαύεσθαι
930 513 990 566 ἐν
1015 512 1198 579 αὐτοῖς
1225 513 1294 569 τὰ
1320 517 1605 589 πνεύματα
1626 518 1694 573 τὰ
1719 520 1855 574 ἀκά-

257 601 437 676 θαρτα
473 602 754 674 προλέγει.

333 712 353 745 ι
395 692 549 746 Ἐκεῖ
594 693 914 748 ἐνὸσσευσεν
959 696 1162 766 ἐχῖνος,
1215 699 1308 752 καὶ
1354 698 1556 756 ἔσωσεν
1594 705 1628 775 ἡ
1674 704 1748 775 γῆ
1784 704 1852 760 τά

253 783 450 837 παιδία
494 784 666 856 αὐτῆς
727 786 865 857 μετὰ
912 787 1235 858 ἀσφαλείας.
1301 791 1448 846 Ἐκεῖ
1514 796 1850 867 συνήντησαν

253 875 447 944 ἔλαφοι
469 915 484 940 ,
535 876 630 929 καὶ
666 871 805 929 εἶδον
858 877 927 932 τὰ
973 879 1242 950 πρόσωπα
1264 881 1528 955 ἀλλήλων.
1565 903 1584 936 ι
1614 884 1851 954 Ἔλαφον

250 965 498 1039 καθαρὸν
525 963 666 1030 ζῶον
696 961 836 1021 οἶδεν
861 971 894 1040 ή
925 967 1046 1023 Θεία
1069 971 1284 1044 Γραφὴ,
1315 975 1409 1027 καὶ
1435 975 1606 1030 πολλὰ
1635 977 1851 1050 χρηστὰ

249 1056 386 1128 περὶ
433 1058 649 1128 ἐλάφων
724 1058 982 1125 διδάσκει,
1018 1061 1095 1127 ὡς
1139 1063 1268 1118 ὃταν
1311 1064 1447 1139 λέγῃ
1471 1083 1484 1096 ·
1531 1085 1550 1119 ι
1581 1069 1680 1121 ’ον
1719 1069 1847 1141 τρό-

250 1165 356 1202 πον
398 1149 656 1203 ἐπιποθεῖ
682 1151 714 1222 ή
745 1150 942 1222 ἔλαφος
964 1170 1012 1205 Ὶ
1045 1156 1143 1208 καί⁹
1169 1155 1330 1210 πάλιν
1355 1173 1368 1187 °
1404 1177 1423 1210 ι
1446 1158 1606 1231 Φωνὴ
1640 1160 1847 1235 Κυρίου

250 1243 700 1315 καταρτιζομένη
737 1243 1002 1314 ἐλάφους·
1029 1265 1048 1298 ι
1088 1247 1182 1302 καὶ
1217 1244 1374 1314 αὖθις
1399 1269 1411 1282 ·
1443 1271 1462 1304 ι
1491 1251 1728 1322 Ἔλαφος
1759 1269 1846 1323 φι-

249 1332 374 1397 λίας
398 1335 495 1387 καὶ
525 1335 705 1398 πῶλος
733 1337 842 1389 σῶν
875 1337 1112 1408 χαρίτων
1144 1340 1400 1410 ὁμιλείτω
1439 1359 1522 1396 σοι
1547 1360 1560 1374 ·
1594 1363 1614 1396 ι
1663 1346 1758 1398 καὶ
1787 1346 1845 1399 ἐν

247 1424 331 1496 τῷ
371 1427 528 1481 Ἰώϐ·
576 1449 596 1482 ι
631 1431 936 1501 Ἐφύλαξας
975 1434 1031 1488 δὲ
1071 1435 1246 1506 μῆνας
1278 1436 1524 1505 ἐλάφων,
1563 1437 1758 1503 ὠδῖνας
1786 1438 1868 1508 δὲ,

249 1518 434 1572 αὐτῶν
465 1520 864 1588 ἐξαποστελείς.
888 1545 906 1576 ι
931 1526 1040 1580 Καὶ
1073 1527 1232 1591 αὐτὸς
1264 1526 1322 1580 δὲ
1364 1530 1392 1582 6
1417 1528 1518 1598 τῆς
1554 1529 1840 1603 νύμφης,ὁ

248 1611 312 1663 ἐν
347 1609 428 1682 τῷ
475 1612 716 1684 ¹’ᾼσμιιτι
762 1615 872 1670 τῶν
922 1617 1203 1688 ᾀσμάτων,
1249 1622 1278 1674 6
1329 1621 1663 1692 ἀδελφιδοῦς,
1716 1623 1840 1678 ἐλά-

247 1715 338 1768 φῳ
371 1701 810 1774 παραϐέϐληται·
839 1724 862 1784 μ
891 1705 1113 1776 Ὀμοιός
1150 1711 1265 1762 ἐστι
1308 1710 1524 1782 δορκάδι
1575 1711 1608 1782 ἢ
1665 1711 1841 1783 νεϐρῷ

245 1789 503 1860 ἐλάφων,
541 1794 633 1847 ἐπὶ
670 1796 742 1849 τά
776 1797 878 1871 ὅρη
937 1800 1267 1873 ἀρωμάτων.
1295 1821 1331 1853 ι·
1357 1802 1485 1856 Ὅτε
1527 1804 1706 1857 τοίνυν
1743 1806 1841 1858 καὶ
1871 1787 1915 1843 Β

243 1883 414 1949 αὐτὸς
456 1886 487 1938 ὁ
531 1888 768 1958 νυμφίος
814 1891 1000 1963 ἐλάφῳ
1046 1893 1486 1965 παραϐάλλεται,
1529 1895 1682 1959 τίνας
1709 1895 1754 1948 δ’
1778 1895 1844 1952 ἂν

244 1976 424 2040 εἴποις
454 1978 689 2034 ἐνταῦθα
714 1980 948 2052 ἐλάφους
979 1983 1012 2055 ἢ
1056 1985 1184 2049 τοὺς
1225 1987 1474 2057 μαθητὰς
1501 1988 1593 2040 καὶ
1613 1989 1845 2042 ἀποστό-

242 2065 372 2130 λους
388 2068 570 2132 ;”Εστι
592 2068 648 2122 δὲ
666 2071 759 2125 καὶ
769 2071 1082 2141 ὀφιοκτόνον
1094 2073 1155 2127 τὸ
1175 2074 1331 2140 ζῶον.
1347 2076 1598 2131 Διδάσκει
1619 2066 1796 2130 τοίνυν
1815 2080 1844 2132 6

241 2159 438 2230 παρὼν
456 2160 634 2232 λόγος,
653 2163 732 2227 ὡς
751 2165 858 2219 ἀπὺ
881 2167 981 2238 τῆς
1004 2167 1240 2239 ἐρημίας
1254 2169 1348 2222 τοῦ
1363 2168 1632 2225 Ἰουδαίων
1656 2169 1844 2235 ἔθνους

239 2248 435 2319 ἔλαφοί
450 2269 594 2318 τινες
613 2253 911 2326 παρῆλθον,
941 2258 990 2311 οἱ
1017 2259 1254 2329 μαθηταὶ
1270 2258 1365 2312 τοῦ
1383 2260 1634 2333 Σωτῆρος
1658 2261 1838 2332 ήμῶνο

245 2359 266 2390 ι
292 2341 443 2394 Ἐκεῖ
488 2343 619 2416 γὰρ,
678 2345 844 2416 φησὶ,
885 2350 1225 2421 συνήντησαν
1271 2349 1458 2422 ἔλαφοι
1481 2392 1496 2415 ,
1547 2352 1640 2406 καὶ
1700 2347 1840 2407 εἶδον

237 2431 311 2485 τά
362 2433 634 2504 πρόσωπα
686 2437 950 2509 ἀλλήλων.
976 2459 995 2492 ι
1059 2439 1394 2514 Ἐγνὼρισαν
1431 2443 1539 2516 γὰρ
1585 2445 1834 2511 ἑαυτοὺς,

237 2525 338 2579 καὶ
375 2526 474 2596 τῆς
507 2529 686 2599 ψυχῆς
713 2531 894 2583 αὐτῶν
927 2534 1053 2596 τούς
1079 2536 1199 2587 κατ’
1230 2536 1415 2589 εἰκόνα
1438 2534 1574 2588 Θεοῦ
1603 2536 1834 2608 γενομέ-

236 2633 368 2681 νους
395 2621 750 2691 χαρακτῆρας
773 2623 1110 2692 ἐπέγνωσαν.
1140 2626 1360 2698 Ἐπειδὴ
1395 2626 1451 2679 δὲ
1479 2627 1540 2679 οὐ
1569 2626 1835 2698 παρέμει-

236 2726 338 2764 ναν
385 2711 444 2765 ἐν
487 2713 586 2782 μιᾷ
625 2713 798 2766 πόλει·
835 2715 1124 2788 διέδραμον
1155 2717 1212 2771 δὲ
1242 2717 1400 2782 ἄλλος
1431 2718 1667 2791 ἀλλαχοῦ
1694 2719 1834 2791 πλη-

237 2797 464 2871 ροῦντες
490 2801 552 2854 τὺ
583 2802 947 2873 Εὐαγγέλιονο
979 2807 1169 2862 τούτου
1196 2809 1354 2881 χάριν
1379 2811 1594 2881 εἴρηται
1614 2827 1630 2842 ο

314 3083 335 3115 ι
376 3065 574 3139 Ἑτέρα
605 3070 705 3142 τὴν
727 3071 922 3144 ἑτέραν
965 3075 1065 3128 οὐκ
1114 3074 1409 3147 ἐζήτησαν,
1450 3078 1534 3132 ὅτι
1565 3081 1594 3132 6
1627 3078 1831 3150 Κύριος

1955 522 2136 591 quiem
2169 523 2448 581 habituros
2481 525 2723 597 impuros
2757 529 3031 588 daemonas
3057 532 3179 604 jure
3210 534 3475 606 pmdicit.

2028 700 2198 758 Vens.
2250 702 2340 759 15.
2399 703 2520 761 «lbi
2568 706 2865 765 nidiﬁcavit
2904 710 3133 779 ericius,
3165 723 3246 770 “et
3292 716 3527 772 servavit

1954 800 2101 848 terra
2152 794 2328 863 pullos
2363 794 2481 865 ejus
2526 812 2648 852 eum
2694 802 3005 858 securitate.
3055 803 3133 860 lbi
3170 805 3526 864 obviaverunt

1950 885 2120 946 cervi.
2159 895 2214 942 et
2249 887 2502 944 viderunt
2539 888 2708 946 facies
2732 907 2858 948 suas
2893 904 3097 950 mutuo.
3129 914 3149 949 ι
3177 895 3408 954 Cervum
3444 901 3527 956 in-

1951 983 2035 1031 ter
2061 977 2314 1032 animalia
2347 980 2544 1036 munda
2577 984 2820 1052 agnoscit
2851 983 3131 1054 Scriptura
3159 988 3361 1056 divina,
3389 991 3526 1050 mul-

1952 1074 2113 1134 taque
2139 1068 2206 1122 de
2248 1069 2340 1124 illo
2379 1071 2434 1124 in
2463 1072 2657 1126 bonam
2683 1084 2890 1143 partem
2921 1074 3109 1142 eﬂ‘ert,
3155 1088 3215 1132 ut
3255 1083 3478 1146 cumait
3502 1101 3520 1137 :

1953 1173 1972 1208 ι
1992 1155 2450 1222 Quemadmodum
2481 1161 2754 1219 desiderat
2798 1179 2994 1223 cervus
3009 1169 3092 1235 ⁸⁹;
3123 1187 3142 1222 ι
3190 1184 3253 1224 ac
3289 1171 3524 1230 iterum:

1953 1265 1973 1299 ι
2002 1246 2123 1305 Vox
2164 1249 2378 1307 Domini
2433 1268 2746 1324 praeparans
2798 1273 2989 1316 cervos
3011 1260 3058 1293 ⁵⁸
3085 1279 3100 1328 ;
3131 1279 3151 1314 ι
3190 1270 3246 1318 et
3294 1254 3521 1321 rursus':

1951 1357 1970 1392 ι
1997 1337 2204 1412 Cervus
2227 1343 2504 1408 amicitiae,
2536 1356 2589 1400 et
2615 1349 2793 1418 pullus
2819 1352 3116 1420 gratiarum
3151 1363 3386 1424 tuarum,
3413 1357 3519 1412 col-

1946 1431 2200 1503 loquatur
2233 1445 2409 1492 tecum
2431 1438 2511 1502 δίς
2544 1457 2562 1490 ι
2615 1448 2670 1494 et
2709 1440 2762 1495 in
2805 1441 2945 1498 libro
2975 1442 3074 1500 Job
3105 1463 3119 1500 :
3159 1463 3178 1497 ι
3205 1444 3523 1504 Observasti

1945 1534 2126 1580 autem
2175 1541 2388 1582 menses
2435 1543 2724 1584 cervorum
2749 1571 2764 1596 .
2809 1543 2867 1588 et
2905 1533 3120 1591 dolores
3163 1547 3352 1607 partus
3391 1539 3523 1609 ipsis

1945 1617 2206 1675 immittes
2227 1620 2305 1675 δ’.
2337 1639 2357 1672 ι
2395 1619 2515 1692 Ipse
2538 1636 2754 1692 quoque
2782 1638 2998 1694 sponsae
3032 1627 3266 1684 dilectus
3297 1629 3348 1683 in
3378 1630 3522 1685 Can-

1945 1711 2050 1766 tico
2098 1710 2434 1767 canticorum
2485 1728 2648 1770 cervo
2698 1726 3089 1786 comparatur:
3145 1719 3396 1777 «Similis
3437 1732 3524 1778 est

1945 1815 2156 1869 capreae
2195 1810 2251 1855 et
2308 1801 2538 1860 binnulo
2580 1819 2892 1874 cervorum,
2939 1823 3103 1876 super
3144 1823 3357 1868 montes
3397 1829 3525 1869 aro-

1945 1899 2149 1947 matum
2181 1892 2248 1948 ⁸³.
2273 1912 2292 1945 ι
2328 1892 2462 1950 Cum
2494 1895 2678 1965 itaque
2706 1913 2934 1967 sponsus
2959 1915 3123 1957 cervo
3152 1916 3520 1974 comparetur,

1944 1995 2080 2051 quos
2107 1983 2198 2038 bic
2227 1999 2418 2042 cervos
2452 1992 2740 2044 memorari
2776 1991 2948 2057 dicas,
2993 1994 3096 2050 nisi
3140 1994 3435 2066 discipulos
3463 2007 3521 2053 et

1942 2074 2256 2143 apostolos?
2283 2074 2381 2132 Est
2415 2087 2595 2135 autem
2629 2081 2830 2135 animal
2865 2083 2995 2138 illud
3028 2087 3372 2156 serpentibus
3399 2090 3519 2144 exi-

1945 2165 2164 2224 tiosum.
2212 2165 2310 2223 Hic
2346 2184 2478 2239 ergo
2519 2171 2765 2236 docetur,
2797 2191 2862 2227 ex
2891 2173 3199 2232 Judaeorum
3226 2179 3519 2237 solitudine

1941 2268 2131 2311 cervos
2162 2256 2430 2327 prodiisse
2470 2261 2753 2328 quosdam,
2779 2263 3031 2319 videlicet
3067 2267 3360 2338 discipulos
3384 2268 3516 2324 Ser-

1938 2345 2146 2401 vatoris
2177 2349 2350 2403 nostri
2382 2367 2398 2405 :
2450 2367 2470 2402 ‹
2496 2347 2573 2405 lbi
2605 2351 2771 2418 enim,
2818 2353 2918 2420 ait,
2961 2355 3516 2425 obviaveruntcervi.

1937 2446 1993 2491 et
2023 2437 2274 2494 viderunt
2301 2438 2475 2496 facies
2509 2455 2637 2498 suas
2672 2454 2883 2500 mutuo.
2905 2465 2925 2498 ι
2977 2443 3109 2502 Sese
3140 2463 3370 2517 namque
3399 2465 3518 2504 mu-

1939 2535 2032 2584 tuo
2082 2540 2462 2600 agnoverunt,
2504 2534 2809 2606 animaeque
2848 2539 2915 2592 ad
2967 2538 3374 2596 similitudinem
3421 2542 3514 2598 Dei

1937 2621 2235 2678 adornatos
2283 2623 2632 2684 characteres
2677 2628 2731 2682 in
2775 2642 2836 2683 se
2873 2629 3103 2684 invicem
3139 2631 3512 2700 deprehende-

1938 2721 2085 2770 runt.
2143 2712 2410 2781 Quoniam
2460 2733 2595 2774 vero
2659 2735 2764 2775 non
2828 2721 2885 2776 in
2941 2737 3047 2776 una
3099 2725 3399 2794 eademque
3435 2725 3518 2780 ci-

1937 2803 2099 2858 vitate
2156 2817 2516 2873 manserunt,
2588 2811 2682 2864 sed
2755 2811 2898 2866 ultro
2972 2813 3221 2884 citroque
3284 2814 3508 2886 singuli.

1936 2894 2213 2967 Evangelii
2271 2914 2469 2957 munus
2540 2903 2864 2974 implentes.
2928 2907 3354 2966 discurrebant:
3391 2910 3518 2966 ideo

1933 2987 2131 3043 dicitur
2156 3004 2172 3043 :

2004 3076 2170 3134 Vsus.
2207 3080 2294 3134 l6.
2336 3080 2525 3137 «Alter
2556 3084 2785 3139 alterum
2819 3102 2923 3141 non
2958 3089 3226 3157 qumsivil,
3253 3091 3381 3161 quia
3406 3091 3512 3149 Do-

233 3153 423 3219 αὐτοίς
465 3158 804 3224 ἐνετείλατο,
849 3164 942 3217 καὶ
981 3165 1044 3217 τὸ
1074 3165 1296 3236 Πνεῦμα
1325 3167 1488 3222 αὐτοῦ
1523 3170 1828 3239 συνήγαγεν

1937 3167 2114 3223 minus
2155 3169 2260 3224 illis
2312 3173 2593 3240 pra‘cepit.
2637 3184 2690 3228 et
2727 3152 3125 3246 Spiritus-ejus
3161 3182 3512 3252 congregavit

231 3244 428 3311 αὐτάς.
459 3269 476 3301 ι
518 3251 576 3304 '0
601 3252 710 3324 γὰρ
735 3253 905 3308 εἰπὼν
928 3257 1113 3322 αὐτοῖς
1138 3299 1153 3324 ,
1194 3278 1210 3310 ι
1230 3259 1624 3332 Μαθητεύσατε
1650 3263 1829 3317 πάντα

230 3335 308 3389 τὰ
335 3336 462 3409 ἔθνη
517 3341 575 3393 ἐν
623 3341 702 3412 τῷ
751 3344 978 3416 ὀνόματί
1011 3365 1135 3418 μου,
1177 3369 1195 3400 ι
1223 3349 1384 3414 αὐτὸς
1409 3352 1710 3406 ἐνετείλατο
1752 3351 1826 3424 μὴ

232 3428 379 3481 κατὰ
413 3430 474 3482 τὸ
507 3432 639 3485 αὐτὸ
685 3437 1051 3493 ποιεῖσθαιτὰ
1076 3440 1179 3511 τῆς
1213 3442 1523 3509 συστάσεως
1552 3444 1661 3498 τῶν
1703 3446 1825 3499 Ἐκ-

230 3518 480 3590 κλησιῶν
509 3523 708 3578 αὐτῶν.

310 3627 329 3658 ι
351 3610 464 3663 Καὶ
492 3612 652 3678 αὐτὸς
693 3615 944 3672 ἐπιϐαλεί
983 3619 1169 3684 αὐτοῖς
1210 3621 1464 3694 κλήρους,
1501 3626 1595 3679 καὶ
1641 3627 1674 3697 ἡ
1704 3631 1825 3702 χεὶρ

226 3700 401 3794 αὐτοῦ
450 3703 728 3778 διεμέρισε
775 3709 1089 3780 βόσκεσθαι.
1141 3717 1236 3782 Εἰς
1280 3718 1372 3773 τὸν
1416 3720 1589 3775 αἰῶνα
1631 3700 1824 3794 χρόνον

227 3792 700 3868 κληρονομήσετε,
730 3803 812 3866 είς
848 3805 1044 3872 γενεὰς
1069 3808 1273 3877 γενεῶν
1299 3792 1703 3869 ἀναπαύσονται
1737 3819 1823 3870 ἐπ’

225 3883 421 3954 αὐτῆς.
449 3905 470 3936 ι
518 3889 727 3944 Οὐκοῦν
769 3895 865 3947 καὶ
887 3896 1058 3970 νομὴν
1095 3899 1280 3966 αὐτοῖς
1311 3903 1406 3956 καὶ⁸
1439 3903 1640 3978 βοσκὴν
1681 3925 1824 3982 παρ-

225 3977 400 4044 εῖχεν,
452 3976 645 4051 ῶσπερ
677 3983 773 4036 καὶ
835 3983 1070 4057 κλήρους
1116 3990 1198 4054 είς
1248 3991 1442 4060 γενεὰς
1481 3976 1703 4062 γενεῶν,
1741 3976 1822 4062 εἰς

223 4067 290 4120 τὸ
315 4069 693 4127 ἀναπαύεσθαι
732 4075 930 4142 αὐτοὺς
954 4080 1034 4144 είς
1077 4083 1204 4146 τοὺς
1223 4083 1406 4138 αὐτῶν
1443 4085 1695 4159 κλήρους,
1722 4090 1818 4162 δη-

223 4156 363 4230 λαδὴ
401 4163 515 4225 τοῖς
545 4162 724 4217 ἔθνεσι
756 4169 869 4230 τοῖς
890 4169 1358 4243 ἀποκληρωθεῖσιν
1385 4156 1590 4240 αὐτοίς,
1638 4179 1696 4232 ἐν
1739 4156 1821 4245 οἷς

222 4251 308 4314 είς
329 4251 527 4319 γενεάς
550 4255 754 4321 γενεῶν
786 4259 818 4327 ή
852 4259 1041 4330 μνήμη
1070 4261 1252 4315 αὐτῶν
1283 4264 1339 4317 ἐν
1367 4267 1499 4329 ταῖς.
1521 4266 1614 4318 ὐπ’
1640 4268 1818 4322 αὐτῶν

221 4341 560 4412 ίδρυθείσαις
603 4345 948 4418 Ἐκκλησίαις
979 4351 1432 4425 ἀναζωπυρεῖται.

748 4442 1145 4498 ΚΕΦΑΛΑΙΟΝ
1178 4446 1302 4500 ΛΕ’.

1929 3272 2046 3314 eos.
2079 3277 2100 3310 ι
2155 3260 2372 3317 Etenim
2429 3263 2521 3332 qui
2568 3265 2778 3320 dixerat
2830 3267 2979 3333 illis,
3037 3270 3276 3326 «Docete
3319 3287 3509 3328 omnes

1927 3357 2114 3417 gentes
2174 3351 2226 3406 in
2285 3354 2505 3410 nomine
2559 3369 2759 3422 meo;o
2809 3359 2951 3413 idem
3009 3360 3122 3430 ipse
3171 3365 3382 3431 vetuit,
3433 3379 3503 3419 ne

1928 3437 1982 3491 in
2046 3455 2152 3494 uno
2218 3443 2522 3512 eodemque
2583 3443 2704 3500 loco
2764 3446 3039 3504 Ecclesias
3105 3465 3236 3507 suas
3303 3453 3509 3509 consti-

1927 3538 2162 3586 tuerent.
2186 3537 2190 3543 “

1996 3620 2160 3677 Vnus.
2189 3623 2307 3677 17.‹
2333 3623 2887 3696 Etipseimmitteteis
2902 3631 3505 3700 sortes,etmanusejus

1925 3713 2129 3780 divisit,
2145 3726 2204 3769 ut
2218 3727 2534 3786 pascantur.
2554 3717 2610 3773 In
2627 3727 2887 3776 aeternum
2909 3730 3117 3792 tempus
3132 3725 3502 3783 [nereditatem

1924 3806 2248 3872 sortiemini,
2264 3808 2315 3861 in
2332 3810 2707 3878 generationes
2724 3813 3134 3882 generationnm
3157 3829 3248 3885 req
3257 3815 3501 3872 uiesceot

1923 3897 1976 3950 in
2017 3911 2100 3952 ea.
2132 3917 2150 3950 ι
2200 3899 2460 3955 Pabulum
2511 3916 2641 3972 ergo
2676 3904 2806 3972 ipsis
2843 3915 2899 3960 et
2943 3921 3139 3976 pascua
3183 3907 3500 3978 suppedita-

1921 3989 2018 4056 vit,
2054 3990 2290 4061 itemque
2323 4003 2498 4048 sortes
2543 3993 2596 4049 in
2633 3998 3012 4065 generationes
3049 4000 3496 4068 generationnm;

1921 4089 1980 4134 nt
2019 4082 2212 4152 singuli
2253 4083 2307 4138 in
2349 4085 2589 4142 sortibus
2627 4087 2742 4143 suis
2785 4091 3215 4159 requiescerent,
3248 4092 3500 4149 videlicet

1921 4174 1974 4227 in
2009 4175 2262 4244 gentibus
2297 4177 2401 4232 sibi
2443 4189 2592 4234 sorte
2635 4180 2926 4252 assignatis
2959 4201 2972 4238 :
3009 4184 3119 4249 ubi,
3160 4186 3414 4239 nimirum
3443 4186 3497 4240 in

1921 4264 1988 4316 iis
2035 4279 2170 4333 quas
2201 4265 2562 4324 fundaverunt
2589 4271 2870 4338 Ecclesiis,
2909 4279 3172 4329 memoria
3209 4293 3394 4331 eorum
3439 4278 3495 4332 in

1919 4357 2296 4426 generationes
2324 4362 2729 4428 generationnm
2764 4376 3015 4421 servatur
3045 4377 3101 4420 et
3131 4368 3295 4437 viget.

2475 4451 2702 4509 CAPUT
2728 4453 2942 4510 XXXV.

301 4545 321 4577 ι
351 4526 727 4602 Εὐφράνθητι,
762 4531 967 4606 ἕρημος
1012 4536 1250 4606 διψῶσω
1294 4541 1640 4609 άγαλλιάσθω
1686 4545 1816 4618 ἔρη-

1989 4539 2152 4595 Vsns.
2183 4539 2235 4593 l.
2258 4558 2276 4592 ι
2303 4539 2531 4607 Lzrtare,
2563 4543 2836 4598 desertum
2859 4545 3054 4600 sitiens
3087 4562 3102 4598 :
3139 4545 3375 4602 exsultet
3399 4560 3492 4604 so-

223 4635 363 4688 μος,
400 4622 496 4674 καὶ
529 4624 758 4679 ἀνθείτω
804 4627 880 4691 ὡς
927 4629 1132 4700 κρίνον.
1163 4650 1182 4682 ι
1233 4631 1333 4704 Εἴη
1375 4636 1553 4688 τοίνυν
1593 4637 1731 4711 αὐτη
1777 4642 1811 4712 ἡ

219 4711 433 4784 ἔρημος
482 4715 632 4788 παρά
662 4717 760 4789 τὴν
802 4719 1194 4791 προλεχθεῖσαν
1228 4724 1387 4791 Σιὼν,
1428 4728 1487 4780 ἐν
1582 4711 1810 4800 ἐχίνους,

218 4810 316 4860 καὶ
357 4806 516 4874 ἴϐεις,
562 4809 656 4862 καὶ
695 4810 958 4881 κόρακας,
989 4812 1242 4884 δαιμόνιά
1271 4833 1332 4868 τε
1364 4819 1459 4870 καὶ
1495 4818 1814 4874 ὀνοκενταύο

219 4913 352 4969 ρους
387 4899 629 4970 οίκήσειν
677 4899 915 4969 ἐλέγετο,
970 4903 1172 4975 πίσσης
1220 4922 1280 4958 τε
1323 4907 1494 4978 αὐτῆς
1534 4910 1628 4963 καὶ
1661 4909 1805 4963 θείου

218 4987 680 5060 πληρωθήσεσθαι
711 4992 811 5055 τὰς
843 4993 1153 5064 φάραγγας.
1191 4994 1407 5052 Τούτων
1445 4999 1500 5052 δὲ
1542 5000 1672 5072 περὶ
1705 5003 1805 5073 τῆς

216 5079 358 5133 Σιὼν
401 5081 495 5133 καὶ
532 5083 661 5154 περὶ
700 5084 799 5153 τῆς
839 5085 1194 5159 Ἰερουσαλὴμ
1225 5089 1549 5160 εἰρημένων,
1588 5091 1707 5163 ὥρα
1735 5091 1805 5147 τὰ

215 5170 563 5240 προκείμενα
604 5173 732 5244 περὶ
775 5173 968 5246 ἐτέρας
1007 5177 1215 5248 ἐρήμου
1244 5178 1494 5247 λέγεσθαι
1523 5185 1684 5237 νοεῖν.
1713 5184 1805 5236 Δι-

210 5263 379 5333 ψῶσα
419 5262 528 5335 γὰρ
569 5259 638 5336 ἦν
684 5265 824 5337 αὐτη
853 5269 1120 5340 πρότερον
1148 5271 1180 5340 ή
1209 5270 1433 5343 ἔρημος,
1463 5273 1806 5345 ἐστερημένη

212 5355 464 5425 νάματος
499 5355 748 5427 οὐρανίου
769 5375 782 5387 ·
815 5359 954 5412 ἀλλὰ
982 5359 1192 5434 χαίρειν
1220 5363 1356 5434 αὐτῇ
1395 5364 1489 5417 καὶ
1514 5364 1804 5437 εὐφραίνε-

215 5446 343 5500 σθαι
376 5449 406 5500 6
435 5445 595 5516 λόγος
632 5451 958 5519 προστάττει
982 5453 1071 5506 διά
1098 5454 1169 5508 τὰ
1195 5453 1483 5527 λεγόμενα,
1514 5457 1595 5511 ἔτι
1623 5457 1681 5511 δὲ
1709 5458 1805 5512 καὶ

211 5537 400 5591 ἀνθεῖν
447 5538 525 5603 ὠς
573 5541 791 5612 κρίνον·
843 5542 984 5596 ὥστε
1033 5545 1239 5615 λέγειν’
1282 5546 1557 5618 «Χριστοῦ
1606 5548 1804 5603 εὐωδία

1913 4632 2114 4698 litudo,
2165 4641 2221 4689 et
2272 4631 2468 4690 ﬂoreat
2512 4636 2656 4691 sicut
2690 4635 2882 4692 lilium.
2908 4655 2930 4690 ι
2972 4637 3098 4693 Haec
3139 4638 3302 4709 igitur
3351 4639 3495 4695 soli-

1915 4729 2065 4792 tudo.
2112 4727 2220 4783 alia
2266 4727 2428 4783 fuerit
2458 4744 2487 4782 a
2533 4732 2684 4797 prius
2716 4739 3020 4786 memorata
3063 4728 3257 4796 Sione,
3299 4732 3351 4786 in
3382 4746 3495 4802 qua

1910 4819 2140 4887 ericios,
2187 4819 2332 4884 ibes.
2390 4834 2614 4888 corvos,
2663 4823 2942 4876 daemonas
2987 4828 3044 4875 et
3094 4831 3494 4876 onocentauros

1915 4911 2255 4968 babitaturos
2289 4928 2428 4979 esse,
2485 4928 2545 4968 ac
2584 4912 2738 4981 cujus
2761 4913 2931 4967 valles
2982 4914 3100 4982 pice
3141 4924 3196 4968 ct
3228 4914 3492 4982 sulphure

1913 5005 2175 5073 repletum
2222 5005 2312 5068 iri,
2359 5005 2665 5059 dicebatur.
2713 5003 2844 5059 Cum
2880 5019 3010 5076 ergo
3065 5003 3190 5060 talia
3231 5006 3299 5060 de
3324 5005 3492 5061 Sione

1911 5103 1968 5149 et
2023 5093 2090 5150 de
2125 5094 2459 5167 Jerosolyma
2509 5095 2878 5166 proferantur,
2927 5105 3099 5152 restat
3135 5105 3194 5153 ut
3235 5110 3321 5161 ea,
3367 5109 3490 5167 qua:

1907 5185 2018 5256 jam
2052 5197 2378 5254 tractantur,
2421 5190 2487 5244 de
2531 5189 2634 5243 alia
2676 5188 2970 5244 solitudine
3009 5189 3353 5259 pronuntiari
3403 5188 3489 5244 in-

1915 5279 2244 5347 telligamus.
2301 5280 2514 5336 Etenim
2543 5297 2671 5336 vere
2721 5282 2995 5336 sitibunda
3038 5281 3165 5336 olim
3217 5291 3336 5336 erat
3391 5279 3486 5336 illa

1913 5369 2173 5432 solitudo.
2229 5367 2446 5424 ﬂuentis
2502 5371 2816 5426 cmlestibus
2859 5373 3049 5426 orbata
3087 5391 3101 5428 :
3146 5385 3332 5426 verum
3368 5385 3487 5427 me-

1913 5455 2137 5510 moratis
2161 5455 2227 5510 de
2261 5458 2440 5513 causis
2473 5456 2643 5512 laetari
2675 5467 2731 5513 et
2771 5459 3067 5526 exsultare,
3103 5460 3344 5530 itemque
3379 5461 3489 5517 sic-

1910 5556 1970 5603 ut
2019 5548 2186 5604 lilium
2232 5547 2428 5605 ﬂorere
2471 5549 2729 5620 jubetur;
2776 5551 2852 5607 ita
2896 5561 2954 5608 ut
3004 5554 3192 5612 dicat:
3223 5573 3244 5609 ι
3281 5554 3484 5614 ϐΙιι-ίειῑ

289 5722 335 5754 δ’
365 5721 510 5779 Psal.
543 5739 652 5792 xu,
687 5725 736 5781 Ι.
811 5728 858 5760 ⁸⁸
887 5726 1025 5784 Psal.
1071 5743 1266 5799 xxvm,
1292 5731 1344 5786 9.
1422 5734 1462 5765 ⁵⁸
1494 5733 1652 5791 Prov.
1677 5750 1728 5802 v,
1764 5733 1846 5792 l9.

1937 5736 1969 5768 ⁵²
1993 5731 2112 5791 Job.
2141 5749 2330 5803 χχιιι,
2370 5733 2420 5792 1.
2497 5735 2542 5767 ⁸³
2573 5734 2732 5792 Cant.
2787 5751 2849 5806 ll,
2879 5736 2934 5794 9.
