3880 6216
392 342 501 405 339

1107 340 1381 405 EUSEBII
1417 349 1900 410 CESARIENSTS
1938 351 2090 409 OPP.
2131 350 2309 408 PARS
2349 350 2436 407 Ill.
2476 383 2545 391 —
2584 350 2995 408 EXEGETICA.

3532 313 3658 400 ’διο

395 467 571 523 bonus
624 463 755 520 odor
807 479 996 521 sumus
1036 462 1153 521 Deo
1207 468 1258 520 in
1309 469 1454 523 omni
1508 468 1629 524 loco
1662 470 1776 523 ⁸⁸.»
1833 468 1970 537 Quin

2082 471 2243 541 ἐσμὲν
2271 470 2347 541 τῷ
2368 468 2487 539 Θεῷ
2517 468 2576 522 ἐν
2600 467 2761 521 παντί
2784 465 2951 535 τόπῳ.
2982 484 3000 516 ι
3046 462 3201 516 Ἀλλά
3227 463 3320 515 καῖ
3342 448 3650 541 ἐξανθήσει,

394 558 558 613 etiam
578 596 594 622 ,
629 557 741 621 ait,
776 552 1046 612 ﬂorebunt
1080 572 1215 612 nova
1246 558 1489 628 germina
1518 568 1574 613 et
1603 560 1830 629 speciosi
1874 560 1973 614 ﬂo-

396 664 524 711 res,
586 647 654 702 de
707 648 904 718 quibus
955 648 1009 703 in
1050 647 1280 704 Cantico
1335 650 1671 704 canticorum
1730 650 1968 705 dicitur:

402 758 421 791 ι
450 738 563 793 Visi
596 748 722 792 sunt
772 736 936 793 ﬂores
976 738 1028 792 in
1070 746 1254 805 terra;
1303 740 1680 809 ηιειιιιηεοιτε
1704 734 1973 796 dederunt

393 830 617 885 odorem
658 845 816 885 suum
843 831 911 884 ".
936 849 956 882 ι

372 904 378 909 ’
466 919 710 977 νειιε.2.
768 920 881 975 «Et
932 918 1202 975 ﬂorebunt
1253 929 1311 975 et
1360 918 1716 975 exsultabunt
1758 919 1972 975 deserta

391 1009 667 1067 Jordanis.
713 1011 898 1067 Gloria
931 1011 1121 1068 Libani
1149 1014 1274 1066 data
1315 1020 1401 1067 est
1426 1013 1504 1077 ei,
1541 1021 1597 1067 et
1645 1012 1818 1067 honos
1843 1012 1974 1068 Car-
2048 1011 2055 1019 ’

390 1104 516 1160 meli
551 1123 563 1159 :
600 1115 656 1160 et
703 1106 934 1174 populus
992 1120 1144 1182 meus
1189 1105 1397 1160 videbit
1464 1106 1693 1176 gloriam
1736 1106 1970 1173 Domini,

392 1206 449 1252 et
479 1194 855 1252 celsitudinem
882 1194 999 1251 Dei.
1024 1212 1045 1245 ι
1095 1194 1194 1250 llic
1234 1210 1330 1264 per
1370 1192 1666 1253 Iordanem
1701 1197 1973 1269 evangeli-

392 1302 511 1341 cam
541 1282 879 1356 Scripturam
906 1284 1060 1342 clare
1092 1286 1362 1357 signiﬁcat
1387 1305 1400 1342 :
1432 1303 1557 1343 nam
1590 1290 1658 1345 ad
1684 1288 1971 1346 Iordanem

390 1377 613 1432 ﬂuvium
646 1375 883 1433 Joannes
919 1379 1127 1447 primus
1174 1379 1490 1449 praedicavit
1534 1396 1762 1452 regnum
1805 1383 1973 1438 coelo-

392 1483 512 1521 rnm
547 1486 559 1522 :
595 1480 651 1522 et
683 1467 808 1537 quia
846 1466 1025 1522 cultus
1059 1468 1191 1534 ille,
1235 1470 1533 1522 secundum
1566 1469 1765 1541 Moysis
1795 1470 1971 1541 legem

390 1558 518 1613 olim
556 1556 665 1614 Deo
695 1559 991 1629 prtestitus,
1021 1556 1405 1630 Hierosolyma:
1422 1575 1526 1614 non
1559 1560 1789 1631 amplius
1819 1562 1971 1632 vige-

391 1653 504 1716 liat,
537 1652 864 1723 baptismum
899 1650 1232 1720 poenitentia:
1266 1661 1323 1706 et
1369 1650 1647 1707 lavacrum
1680 1667 1970 1725 regenera-

394 1742 557 1799 tionis
592 1746 644 1798 in
689 1744 878 1799 eodem
910 1741 1074 1798 ﬂuvio
1114 1743 1377 1813 propheta
1414 1742 1504 1798 ille
1535 1745 1754 1799 tradidit
1783 1763 1797 1799 :
1831 1745 1973 1815 ipse-

2075 540 2231 631 φησει,
2254 540 2424 631 νεαρά
2464 558 2816 629 βλαστήματα
2853 554 2947 608 καὶ
2994 551 3129 621 ἄνθη
3161 551 3358 622 ὡραῖα,
3403 549 3538 619 mle
3574 540 3653 600 ὧν

2075 653 2291 725 εἴρηται
2328 654 2385 705 ἐν
2414 652 2655 722 ’ᾼσματι
2686 648 2795 702 τῶν
2834 646 3091 719 ᾀσμάτων
3116 662 3130 676 ·
3174 665 3193 696 ‹
3213 644 3296 697 Τά
3331 643 3465 715 άνθη
3492 641 3652 713 ῶφθη

2075 746 2132 797 ἐν
2162 747 2228 816 τῇ
2263 746 2333 815 γῇ
2354 761 2367 774 ·
2403 743 2455 795 oi
2490 740 2861 812 μανδραγόραι
2884 737 3091 791 ἔδωκαν
3110 737 3285 808 ὀσμὴν
3314 735 3514 791 αὐτῶν.
3551 751 3573 786 ι

2151 970 2169 1002 ι
2208 951 2318 1005 Καὶ
2334 947 2616 1020 ἐξανθήσει
2631 947 2723 1000 καὶ
2734 943 3121 1015 ἀγαλλιάσεται
3136 941 3204 995 τὰ
3223 940 3406 1013 ἐρημα
3418 937 3511 991 τοῦ
3528 938 3659 1010 Ἰορ-

2073 1043 2255 1099 δάνου.
2272 1043 2335 1096 Ἦ
2350 1042 2479 1110 δόξα
2491 1039 2586 1095 τοῦ
2610 1039 2842 1093 Λιϐάνου
2864 1037 3020 1109 ἐδόθη
3043 1036 3202 1106 αὐτῇ,
3239 1035 3333 1087 καὶ
3352 1035 3385 1104 ἡ
3403 1032 3537 1102 τιμὴ
3556 1029 3654 1084 τοῦ

2074 1134 2370 1207 Καρμήλου
2390 1150 2404 1163 ·
2453 1132 2547 1186 καί¹
2573 1133 2603 1185 6
2632 1131 2759 1195 λαός
2791 1148 2892 1202 μου
2921 1129 3111 1199 δψεται
3134 1128 3234 1198 τὴν
3261 1124 3418 1190 δόξαν
3443 1123 3653 1194 Κυρίου

2075 1230 2170 1285 καί⁵
2202 1229 2263 1282 τὸ
2295 1227 2427 1298 ὕψος
2472 1225 2566 1280 τοῦ
2595 1224 2753 1278 Θεοῦ.
2778 1242 2796 1274 ι
2847 1218 3111 1276 Ἐνταῦθα
3151 1219 3410 1289 ἄντικρυς
3439 1215 3528 1269 διά
3554 1213 3652 1268 τοῦ

2087 1322 2350 1394 Ἰορδάνου
2390 1320 2490 1390 τὴν
2521 1315 2879 1387 εὐαγγελικὴν
2925 1312 3147 1386 Γραφὴν
3187 1309 3512 1381 παρίστησιν
3534 1327 3549 1340 ·
3594 1308 3657 1359 ἐν

2074 1414 2183 1485 γάρ
2208 1412 2287 1484 τῷ
2326 1410 2565 1482 Ἰορδάνῃ
2595 1406 2825 1477 ποταμῷ
2856 1404 3071 1477 πρῶτος
3107 1402 3356 1471 Ἰωάννης
3384 1400 3656 1472 ἐκήρυσσε

2073 1505 2173 1575 τὴν
2207 1502 2483 1574 βασιλείαν
2520 1499 2630 1554 τῶν
2674 1496 2947 1568 οὐρανῶν·
2992 1494 3088 1548 καὶ
3133 1492 3209 1556 ὡς
3261 1489 3459 1562 μηκέτι
3505 1492 3660 1559 ἐνερ-

2072 1594 2275 1664 γούσης
2313 1594 2372 1646 ἐν
2416 1593 2484 1662 τῇ
2532 1585 2885 1662 Ἰερουσαλὴμ
2931 1583 3030 1655 τῆς
3073 1582 3216 1636 κατά
3260 1580 3350 1634 τὸν
3376 1577 3657 1640 Μωῦσέως

2073 1690 2236 1758 νόμον
2269 1681 2690 1754 ἐπιτελουμένης
2724 1678 2999 1751 λατρείας,
3048 1676 3329 1748 βάπτισμα
3367 1668 3659 1743 μετανοίας

2074 1778 2167 1833 καὶ
2205 1776 2267 1832 τὸ
2309 1777 2408 1848 τῆς
2452 1771 2870 1843 παλιγγενεσίας
2911 1767 3133 1839 λουτρὸν
3176 1768 3235 1820 ἐν
3265 1761 3413 1830 αὐτῷ
3445 1761 3522 1833 τῷ
3554 1775 3657 1814 πο-

392 1852 499 1906 que
517 1835 771 1891 Salvator
794 1846 851 1891 et
871 1832 1137 1890 Dominus
1166 1846 1352 1890 noster
1371 1833 1531 1890 Jesus
1544 1834 1794 1891 Christus
1810 1833 1970 1891 Joan—

2082 1867 2231 1940 ιαμῷ
2260 1869 2289 1920 6
2330 1832 2492 1928 αύτδς
2534 1832 2820 1935 παρεδίδου
2850 1832 3137 1931 προφήτης
3155 1872 3170 1887 ·
3204 1856 3234 1909 δ
3258 1872 3321 1908 τε
3345 1832 3535 1922 Σωτὴρ
3557 1848 3659 1940 καὶ

392 1931 478 1983 nis
519 1927 960 1997 praedicationem
1013 1928 1165 1996 quasi
1202 1927 1379 1996 sigillo
1419 1941 1517 1982 suo
1547 1926 1796 1995 munivit,
1844 1942 1969 1983 cum

391 2022 463 2076 ab
487 2035 553 2075 eo
613 2021 667 2075 in
695 2018 933 2076 Iordane
959 2017 1121 2074 ﬂuvio
1174 2018 1482 2088 baptizatus
1513 2028 1619 2083 εει,
1662 2034 1726 2074 ac
1758 2034 1855 2089 per
1880 2034 1962 2074 see

393 2115 569 2181 ipsum
599 2112 1025 2184 regenerationis
1055 2111 1372 2182 mysterium
1402 2111 1661 2165 ﬁrmavit.

467 2313 486 2345 α
518 2293 700 2351 Gloria
726 2292 916 2350 Libani
957 2293 1080 2347 data
1120 2302 1204 2346 est
1239 2293 1311 2357 ei,
1351 2299 1408 2347 et
1453 2291 1624 2346 bonos
1652 2276 1962 2363 Carmeli.)

389 2382 630 2442 Libanus
675 2387 917 2458 quidem,
972 2386 1087 2441 sive
1137 2387 1286 2451 thus,
1340 2370 1741 2455 in'praamissis
1790 2386 1971 2441 verbis

391 2480 662 2549 signiﬁcat
698 2479 879 2535 altare
917 2486 971 2534 et
1000 2478 1285 2548 templum,
1320 2479 1372 2532 in
1407 2493 1517 2546 quo
1548 2478 1817 2533 sacriﬁcia
1846 2492 1969 2533 cum

392 2572 511 2641 ipso
539 2572 722 2635 thure,
750 2570 940 2641 legalis
966 2572 1129 2624 etiam
1159 2570 1336 2626 cultus
1362 2569 1545 2627 oﬂ‘erri
1581 2579 1969 2637 consueverat;

389 2663 673 2718 Carmelus
698 2671 902 2727 autem,
928 2671 988 2716 ut
1011 2660 1327 2731 plerumque
1352 2670 1840 2718 commonstratum
1867 2671 1969 2726 est,

394 2753 652 2823 populum
686 2768 753 2809 ex
802 2752 1217 2809 circumcisione
1254 2753 1580 2809 subindicat.
1636 2750 1809 2809 Prisci
1864 2751 1969 2807 ita-

390 2860 501 2914 que
524 2845 707 2917 populi
731 2846 1013 2910 honorem,
1049 2860 1113 2900 ac
1132 2844 1309 2915 templi
1340 2842 1820 2914 Hierosolymitani
1852 2841 1970 2914 glo-

361 2920 554 3003 'riam,
600 2939 837 3008 antiquae
888 2936 963 2991 illi
1016 2936 1317 3001 solitudini,
1364 2936 1417 2991 id
1457 2947 1563 3002 est,
1601 2935 1859 2991 Ecclesia:
1904 2952 1970 2992 ex

389 3029 639 3100 gentibus
655 3030 836 3085 datum
861 3029 925 3083 iri
949 3028 1001 3083 in
1020 3030 1300 3100 prophetia
1322 3028 1514 3083 fertur.
1536 3026 1731 3096 Adjicit
1749 3036 1966 3098 postea:

393 3106 417 3172 ι’
465 3122 533 3176 Ει
568 3120 795 3191 populus
842 3136 1020 3186 meus,
1051 3140 1070 3173 ι
1104 3137 1210 3175 non
1253 3121 1390 3174 ultra
1443 3119 1641 3185 Israel;
1682 3137 1703 3171 ι
1736 3121 1833 3175 sed
1869 3134 1969 3190 po-

392 3214 573 3282 pulus,
608 3234 629 3267 ι
659 3214 856 3284 inquit,
889 3230 909 3265 ι
944 3229 1096 3270 meus
1142 3213 1342 3268 videbit
1386 3213 1613 3284 gloriam
1645 3211 1897 3281 Domini;
1944 3232 1965 3267 ι
1997 3194 2041 3253 (ἶ

390 3323 557 3378 quam
595 3308 1006 3378 promissionem
1050 3321 1191 3362 novo
1241 3305 1442 3375 popqu
1480 3306 1751 3371 enuntiat,
1787 3313 1973 3375 utpote

393 3401 485 3470 qui
530 3400 762 3470 primum
803 3399 1107 3456 Salvatoris
1150 3400 1440 3455 adventum
1488 3400 1766 3477 exceperit
1810 3416 1826 3456 :
1865 3414 1971 3469 qua
2044 3404 2048 3408 ‘

391 3494 520 3547 item
575 3494 641 3549 de
684 3508 847 3548 causa
900 3491 1197 3547 secundum
1240 3501 1296 3546 et
1341 3490 1634 3560 gloriosum
1681 3490 1800 3560 ejus
1838 3505 1975 3546 con-

361 3594 678 3653 ,spectum,
725 3599 936 3639 necnon
981 3583 1099 3654 ejus
1153 3582 1525 3638 celsitudinem
1571 3582 1973 3655 contemplatu-

393 3692 487 3729 rus
519 3686 624 3731 est.
1243 3693 1252 3703 ‘
1776 3685 1783 3692 ’

461 3769 693 3823 Vsus!»
724 3768 1210 3835 «Cortoboramini,
1232 3784 1425 3825 manus
1450 3770 1706 3838 remissaz,
1731 3779 1973 3842 etgenua

392 3863 592 3928 soluta,
622 3861 999 3917 consolamini.
1027 3880 1046 3913 ι
1074 3860 1171 3915 Hic
1190 3860 1451 3931 iubentur
1478 3848 1726 3933 discipuli
1751 3872 1807 3918 et
1837 3878 1971 3932 apo—

394 3956 517 4009 stoli
570 3954 874 4008 Servatoris
949 3953 1119 4008 nostri
1198 3952 1410 4008 animas
1464 3954 1519 4008 in
1570 3954 1824 4017 gentibus
1886 3970 1971 4010 re-

396 4048 593 4101 missas
646 4044 992 4110 conﬁrmare,
1048 4054 1102 4100 et
1155 4044 1495 4099 inﬁrmorum
1552 4059 1731 4116 genua
1783 4059 1968 4101 corro‘

389 4138 609 4194 borare.

468 4229 635 4286 Vsus.
656 4230 710 4285 4.
737 4249 757 4283 ι
779 4230 958 4286 Mente
987 4229 1358 4299 pusillamines
1379 4228 1781 4295 confortamini,
1813 4241 1880 4283 ne
1906 4226 1973 4281 ti—

395 4332 560 4378 mete.
602 4323 742 4379 Ecce
780 4324 919 4378 Deus
954 4333 1134 4377 vester
1170 4321 1431 4390 judicium
1462 4322 1709 4376 retribuit
1732 4330 1788 4376 et
1814 4320 1974 4375 retri-

392 4413 523 4468 buet
552 4433 566 4467 :
603 4415 717 4484 ipse
748 4413 952 4472 veniet.
994 4423 1050 4469 et
1086 4413 1313 4469 salvabit
1345 4430 1463 4469 nos.
1496 4433 1515 4465 ι
1551 4413 1777 4468 Etiamsi
1824 4413 1970 4467 enim

389 4522 489 4560 vos
542 4508 761 4576 quidam
804 4516 1220 4576 persequantur,
1264 4507 1525 4577 vobisque
1560 4506 1736 4560 minas
1768 4515 1824 4561 et
1861 4514 1971 4560 ter-

362 4614 569 4653 .rorem
630 4598 935 4665 incutiant,
1005 4598 1193 4670 plagas
1268 4599 1397 4654 item
1442 4608 1498 4654 et
1556 4605 1828 4655 tormenta
1882 4599 1969 4652 in-

389 4688 618 4757 Eligant;
672 4698 728 4743 at
766 4704 892 4754 vos,
953 4691 1166 4760 inquit,
1219 4691 1346 4745 olim
1396 4690 1806 4759 pusillanimes,
1853 4689 1968 4759 jam

362 4781 584 4839 .robore
627 4796 692 4835 ac
732 4781 1050 4838 fortitudine
1087 4784 1356 4849 instructi,
1398 4797 1465 4837 ne
1514 4785 1724 4846 timete,
1776 4784 1973 4853 quippe

387 4873 478 4938 qui
517 4873 682 4927 Deum
730 4874 1004 4953 vobiscum
1046 4875 1193 4930 omni
1244 4886 1486 4945 tempore
1525 4885 1832 4932 versantem
1877 4879 1969 4932 ha-

386 4964 586 5018 beatis.
634 4963 749 5020 }lac
792 4965 978 5034 itaque
1016 4967 1204 5021 imbuti
1238 4968 1546 5035 disciplina,
1586 4984 1681 5023 vos
1708 4970 1836 5025 olim
1871 4985 1969 5040 pu-

364 5053 707 5120 sillanimes,
742 5055 1150 5121 eonfortamini,
1178 5066 1233 5113 et
1269 5075 1334 5112 ne
1365 5060 1622 5115 timeatis.

458 5147 624 5202 Vens.
652 5148 708 5214 5,
739 5148 792 5202 6.
830 5166 849 5200 ι
876 5148 1029 5204 Tunc
1055 5151 1368 5219 aperientur
1397 5151 1536 5206 oculi
1575 5167 1863 5213 cmcorum.
1916 5162 1975 5208 et

385 5252 546 5295 aures
582 5242 873 5296 surdorum
917 5241 1159 5297 audient.
1203 5241 1360 5299 Tunc
1403 5243 1560 5298 saliet
1606 5245 1749 5299 sicut
1780 5259 1974 5300 cervus

360 5332 637 5398 .claudus,
671 5341 729 5388 et
756 5333 961 5388 diserta
992 5335 1098 5389 erit
1130 5334 1310 5405 lingua
1341 5336 1641 5392 balborum.
1671 5357 1689 5388 ι
1723 5337 1805 5392 11Ιί
1841 5337 1971 5393 olim

386 5426 537 5479 surdi
581 5434 636 5480 et
679 5426 832 5490 caeci,
875 5428 969 5495 qui
1013 5427 1251 5483 divinam
1280 5429 1582 5485 doctrinam
1633 5446 1737 5485 non
1776 5430 1968 5484 audie-

390 5526 545 5582 rant,
576 5533 742 5583 nunc,
779 5533 876 5587 per
916 5518 1039 5587 ejus
1088 5520 1340 5588 gratiam,
1380 5522 1566 5576 auditu
1600 5521 1868 5592 perceptis
1887 5520 1970 5575 di—

387 5610 527 5665 vinis
578 5611 808 5679 eloquiis
875 5612 1075 5666 eruditi
1127 5624 1418 5668 cvaserunt
1459 5632 1470 5666 :
1530 5613 1640 5669 imo
1688 5615 1852 5670 etiam
1905 5612 1965 5682 ii,

459 5787 504 5818 ”
546 5785 586 5841 ll
619 5786 746 5843 Cor.
773 5801 837 5859 ιι,
870 5788 952 5844 15.
1003 5791 1074 5864 ﬂ”
1103 5790 1259 5847 Cant.
1294 5806 1388 5860 vn,
1419 5791 1505 5847 13.

2071 1936 2279 2031 Κύρίος
2326 1952 2483 2029 ήμῶν
2524 1953 2731 2027 Ἰησοῦς
2782 1951 3015 2024 Χριστὸς
3063 1946 3505 2020 ἐπεσφραγίσατο
3555 1936 3657 1997 τοῦ

2086 2050 2329 2104 Ἰωάννου
2347 2049 2423 2113 ,τὸ
2445 2050 2707 2120 κήρυγμα
2734 2048 2790 2099 ὲν
2816 2041 2897 2115 τῷ
2929 2040 3169 2114 Ἰορδάνῃ
3195 2034 3425 2106 ποταμῷ
3456 2033 3656 2105 βαπτι-

2074 2143 2225 2208 σθεὶς
2269 2143 2361 2197 ὑπ’
2397 2138 2590 2204 αὐτοῦ,
2642 2137 2735 2192 καὶ
2781 2132 3084 2206 βεϐαιώσας
3130 2130 3196 2184 δι’
3228 2126 3420 2183 ἑαυτοῦ
3452 2126 3515 2179 τὸ
3554 2124 3658 2195 τῆς

2073 2233 2492 2303 παλιγγενεσίας
2528 2231 2844 2303 μυστήριον.

2149 2347 2168 2380 t
2200 2328 2264 2381 Ἦ
2294 2326 2419 2391 δόξα
2463 2324 2558 2378 τοῦ
2588 2323 2822 2378 Λιϐάνου
2863 2319 3016 2391 ἐδόθη
3065 2315 3252 2388 αὐτῷ,
3297 2313 3390 2369 καὶ
3436 2315 3471 2384 ή
3518 2309 3658 2382 τιμὴ

2071 2418 2163 2472 τοῦ
2193 2414 2509 2489 Καρμήλου.
2539 2434 2558 2467 ι
2610 2415 2667 2468 Ὀ
2700 2414 2799 2485 μὲν
2822 2411 3053 2474 Λίϐανος
3080 2408 3170 2463 διὰ
3196 2405 3304 2460 τῶν
3344 2402 3658 2489 ἔμπροσθεν

2072 2510 2261 2582 ἐδήλου
2287 2487 2466 2562 καὶτὸ
2499 2507 2880 2577 θυσιαστήριον
2915 2502 3011 2556 καὶ
3037 2501 3128 2555 τὸν
3157 2498 3313 2563 νεὼν,
3353 2500 3410 2549 ἐν
3435 2487 3480 2563 ᾧ
3507 2493 3568 2548 αῖ
3592 2509 3659 2545 τε

2073 2601 2253 2656 θυσίαι
2279 2603 2376 2655 σὺν
2396 2598 2545 2669 αύτῷ
2573 2596 2650 2669 τῷ
2673 2597 2889 2669 Λιϐάνῳ
2910 2595 3004 2649 καὶ
3025 2595 3059 2664 ἡ
3088 2590 3230 2646 κατὰ
3250 2588 3412 2659 νόμον
3433 2585 3661 2656 λατρεία

2071 2695 2129 2748 ἐν
2158 2696 2279 2756 ταῖς
2309 2692 2608 2762 ἀναφοραῖς
2643 2687 3010 2761 προσεφέρετο
3033 2702 3047 2715 ·
3085 2686 3114 2737 6
3151 2682 3208 2736 δὲ
3235 2677 3529 2752 Κάρμηλος
3562 2675 3659 2729 τὸν

2072 2786 2137 2840 ἐκ
2151 2783 2454 2856 περιτομῆς
2468 2782 2595 2836 λαὸν
2612 2780 2973 2851 αἰνιττόμενος
2988 2775 3357 2833 ἀποδέδεικται
3373 2768 3655 2834 πολλάκις.

2073 2876 2180 2931 Τοῦ
2214 2876 2344 2930 λαοῦ
2378 2875 2555 2930 τοίνυν
2574 2872 2668 2927 τοῦ
2692 2870 2920 2926 παλαιοῦ
2944 2870 2977 2941 ή
3007 2888 3057 2923 τι
3065 2869 3161 2940 μὴ,
3179 2870 3273 2923 καὶ
3300 2865 3396 2920 τοῦ
3414 2862 3544 2918 ναοῦ
3558 2862 3657 2916 τοῦ

2071 2969 2129 3020 ἐν
2144 2967 2499 3039 Ἰερουσαλὴμ
2520 2967 2553 3036 ή
2574 2964 2701 3031 δόξα
2735 2966 2802 3035 τῇ
2824 2963 2989 3016 πάλαι
3015 2963 3227 3033 ἐρήμῳ,
3245 2959 3390 3027 λέγω
3408 2957 3472 3028 δὴ
3505 2958 3571 3026 τῇ
3596 2953 3657 3020 ἐξ

2072 3058 2240 3114 ἐθνῶν
2264 3058 2560 3130 Ἐκκλησία
2586 3054 2907 3130 δοθήσεσθαι
2934 3052 3352 3126 προφητεύεται.
3381 3043 3494 3104 Εἶτ’
3531 3049 3658 3101 ἐπι-

2073 3149 2221 3217 λέγει
2244 3167 2258 3179 ·
2295 3166 2314 3199 t
2333 3149 2490 3203 Καὶὸ
2520 3147 2649 3211 λαός
2677 3164 2803 3218 μου,
2841 3166 2860 3197 ι
2878 3143 3062 3199 οὐκέτι
3081 3147 3110 3196 6
3149 3141 3387 3214 Ἰσραὴλ,
3420 3138 3536 3193 ἀλλ’
3571 3156 3592 3188 ι
3620 3139 3661 3210 ‘6

2074 3242 2227 3312 ἐμός,
2256 3261 2274 3293 ι
2301 3242 2454 3313 φησὶ,
2484 3260 2502 3292 ι
2524 3240 2651 3304 λαὸς
2667 3239 2856 3309 ὄψεται
2871 3237 2970 3309 τὴν
2985 3235 3140 3304 δόξαν
3159 3235 3386 3307 Κυρίου·
3414 3252 3433 3284 ι
3451 3232 3660 3300 ταύτην

2073 3333 2171 3405 τὴν
2197 3332 2526 3402 ἐπαγγελίαν
2547 3331 2640 3386 τοῦ
2662 3331 2821 3400 λόγου
2844 3329 3173 3401 παρέχοντος
3187 3327 3264 3398 τῷ
3275 3326 3382 3399 νέῳ
3404 3325 3540 3398 λαῷ,
3560 3323 3661 3379 an

2076 3426 2507 3498 παραδεξαμένῳ
2527 3427 2626 3496 τὴν
2659 3424 2883 3496 πρώτην
2914 3422 3010 3477 τοῦ
3033 3424 3285 3496 Σωτῆρος
3310 3421 3614 3493 παρουσίαν
3637 3436 3652 3450 ·

2073 3519 2154 3572 διὸ
2195 3519 2289 3572 καὶ
2317 3519 2417 3588 τὴν
2442 3516 2701 3588 δευτέραν
2729 3516 2823 3570 καὶ
2868 3515 3074 3581 ἔνδοξον
3121 3515 3286 3570 αὑτοῦ
3321 3514 3469 3579 θέαν,
3497 3513 3562 3566 τό
3595 3529 3665 3567 τε

2077 3611 2209 3682 ὕψος
2240 3610 2405 3665 αὐτοῦ
2432 3610 2719 3682 θεωρήσει.

2151 3811 2171 3845 ι
2210 3790 2509 3864 Ἰσχύσατε,
2554 3794 2732 3866 χεῖρες
2780 3794 3085 3865 ἀνειμέναι,
3128 3794 3221 3848 καί
3246 3794 3448 3862 γόνατα
3475 3807 3661 3863 παρα-

2072 3878 2362 3956 λελυμένα,
2393 3886 2829 3957 παρακαλέσατε·
2860 3905 2879 3939 ι
2915 3886 3006 3940 τοῦ
3034 3885 3192 3954 λόγου
3217 3881 3665 3955 παρακελευομέ-

2074 3993 2165 4029 νου
2213 3978 2325 4040 τοῖς
2365 3975 2461 4029 τοῦ
2494 3975 2745 4048 Σωτῆρος
2791 3977 2950 4048 ήμῶν
2981 3977 3247 4049 μαθηταῖς
3280 3993 3341 4029 τε
3385 3977 3480 4029 καὶ
3520 3974 3662 4027 ἀπο-

2078 4068 2282 4131 στόλοις
2311 4069 2580 4139 ἐνισχύειν
2607 4068 2707 4133 τάς
2750 4068 3088 4140 παρειμένας
3118 4070 3176 4121 ἐν
3200 4070 3313 4132 τοῖς
3348 4066 3523 4120 ἔθνεσι
3550 4065 3660 4135 ψυ-

2076 4158 2197 4230 χάς,
2226 4160 2321 4213 καὶ
2350 4160 2419 4214 τά
2450 4160 2561 4215 τῶν
2595 4160 2974 4231 ἡσθενηκότων
3008 4160 3211 4229 γόνατα
3236 4157 3545 4231 κρατύνειν.

2151 4269 2170 4300 ι
2193 4251 2256 4303 Ol
2278 4250 2588 4321 ὀλιγόψυχοι
2611 4251 2679 4321 τῆ
2704 4250 2932 4322 διανοίᾳ,
2968 4249 3245 4321 ἰσχύσατε,
3274 4248 3349 4320 μὴ
3381 4246 3663 4317 φοϐεῖσθε.

2092 4342 2219 4396 Ἰδοὺ
2272 4345 2301 4396 6
2345 4342 2478 4407 Θεὸς
2536 4343 2688 4413 ὑμῶν
2727 4343 2907 4413 κρίσιν
2952 4343 3341 4397 ἀνταποδίδωσι
3392 4343 3485 4396 καὶ
3530 4342 3668 4395 ἀντ-

2077 4431 2366 4486 αποδώσει·
2402 4431 2565 4495 αὐτὸς
2596 4431 2736 4502 ἥξει,
2764 4432 2868 4485 ικαὶ
2911 4430 3073 4485 σώσει
3109 4432 3278 4502 ἡμᾶς.
3306 4449 3325 4482 ι
3380 4428 3499 4483 Κᾶν
3548 4430 3670 4502 γάρ

2075 4524 2311 4578 διώκωσί
2354 4541 2498 4587 τινες
2522 4522 2888 4587 ἀπειλοῦντες,
2924 4523 3017 4577 καὶ
3051 4524 3251 4592 φόϐους
3282 4521 3666 4593 ἐμποιοῦντες,

2074 4614 2256 4677 αἰκίας
2301 4631 2361 4667 τε
2388 4615 2484 4667 καὶ
2520 4613 2785 4683 βασάνους
2816 4614 3111 4681 ἐπάγοντες
3135 4631 3149 4644 ·
3186 4612 3300 4667 ἀλλ’
3335 4613 3513 4682 ὑμεῖς,
3549 4630 3665 4684 φη-

2075 4700 2182 4763 σὶν,
2210 4699 2264 4752 οἵ
2288 4717 2417 4753 ποτε
2447 4700 2755 4772 ὀλιγόψυχοι
2773 4740 2787 4765 ,
2825 4700 3006 4771 ἰσχύος
3036 4719 3096 4754 τε
3130 4703 3225 4755 καὶ
3249 4702 3533 4772 δυνάμεως
3564 4721 3667 4774 με-

2069 4790 2523 4861 ταλαμϐάνοντες,
2573 4792 2647 4863 μὴ
2693 4793 2965 4861 φοϐεῖσθε,
3003 4793 3219 4863 ἔχοντες
3260 4794 3353 4847 τὸν
3390 4795 3666 4868 ὑμέτερον

2067 4880 2156 4936 δνιά
2192 4883 2392 4947 παντὸς
2442 4884 2571 4953 ύμῖν
2619 4883 2843 4937 συνόντα
2885 4885 3036 4937 Θεὸν.
3086 4885 3270 4939 Ταῦτα
3308 4885 3488 4940 τοίνυν
3528 4905 3667 4942 παιπ-

2073 4974 2371 5039 δευθέντες,
2420 4976 2578 5047 ὑμεῖς
2623 4976 2678 5029 οῖ
2724 4992 2854 5028 ποτε
2906 4975 3236 5047 ὀλιγόψυχοι,
3268 4977 3525 5048 ἰσχύσατε
3567 4981 3672 5033 καὶ

2081 5064 2165 5136 μὴ
2188 5066 2460 5133 φοϐεῖσθε.

2156 5175 2174 5206 ι
2202 5155 2333 5208 Τότε
2373 5158 2780 5229 ἀνοιχθήσονται
2799 5159 3069 5231 ὀφθαλμοὶ
3113 5160 3350 5231 τυφλῶν,
3399 5163 3496 5216 καὶ
3547 5157 3666 5218 ὦτα

2082 5247 2280 5317 κωφῶν
2305 5248 2659 5304 ἀκούσονται·
2690 5251 2811 5304 τότε
2832 5251 3038 5306 ἀλεῖται
3061 5252 3137 5315 ώς
3161 5252 3379 5323 ἔλαφος,
3411 5254 3441 5307 6
3462 5254 3660 5324 χωλὸς,

2079 5337 2172 5390 καί
2220 5338 2397 5409 τρανὴλ
2442 5337 2591 5392 ἔσται
2621 5341 2653 5408 ή
2682 5339 2900 5408 γλῶσσα
2935 5338 3257 5411 μογιλάλων.
3280 5359 3299 5391 ι
3340 5340 3452 5394 Καὶ
3475 5342 3526 5395 οἱ
3554 5360 3664 5395 κω-

2079 5430 2193 5497 φοὶ,
2218 5429 2407 5499 τυφλοί
2425 5447 2484 5482 τε
2517 5429 2611 5499 καὶ
2625 5431 2846 5501 ἀνήκοοι
2872 5430 3031 5484 θείων
3054 5429 3228 5497 λόγων
3258 5429 3545 5501 πρότερον,
3563 5430 3661 5483 νῦν

2077 5518 2165 5572 διὰ
2206 5521 2303 5592 τῆς
2351 5520 2517 5575 αὑτοῦ
2562 5521 2785 5593 χάριτος
2826 5523 3189 5592 ἐπιστήμονες
3234 5521 3491 5590 γεγόνασι
3536 5524 3659 5595 ταῖς

2077 5612 2184 5666 τῶν
2213 5612 2582 5668 θεοπνεύστων
2608 5613 2804 5682 λογίων
2834 5616 3052 5678 ἀκοαῖς·
3088 5613 3221 5667 ἀλλά
3259 5613 3349 5666 καὶ
3381 5613 3431 5667 οἰ
3463 5629 3661 5684 παρει-
