3880 6216
328 321 433 375 541

1216 315 1724 373 COMMENTARIA
1764 315 1826 370 ΙΝ
1871 316 2121 372 ISAIAM.
2165 347 2233 356 ——-
2271 317 2425 372 CAP.
2469 313 2698 371 XXXV.‘

3459 312 3588 367 ’3-12

332 450 490 504 μενοι
520 433 620 498 τάς
649 433 834 504 βάσεις
863 431 961 502 τῆς
995 430 1174 500 ψυχῆς
1217 430 1560 500 ἀνεπήδησαν
1595 429 1807 497 ἐλάφων
1839 429 1916 481 δί-

2018 445 2244 499 quorum
2279 429 2475 484 animze
2515 443 2734 499 gressus
2779 426 3000 481 resoluti
3042 439 3108 480 ac
3149 422 3362 480 remissi
3411 436 3588 490 erant,

327 545 456 596 κην,
495 529 608 589 τοῖς
637 525 817 579 αὐτῶν
843 523 1256 594 ἐξομοιωθέντες
1294 521 1657 585 διδασκάλοις·
1699 522 1792 586 οὓς
1823 540 1911 594 μι-

325 618 463 689 κροῦ
493 617 730 687 πρόσθεν
777 615 1010 686 ἐλάφους
1041 614 1324 684 ὠνόμασεν
1355 617 1388 686 ὴ
1434 616 1757 685 προφητεία.
1804 617 1911 668 Καὶ

326 712 361 780 ἠ
406 709 517 762 τῶν
560 709 866 780 μογιλάλων
891 707 1132 776 γλῶσσα,
1175 709 1242 777 ἢν
1276 707 1564 776 συνέδησεν
1607 709 1636 759 ὁ
1666 708 1911 772 Σατανᾶς

327 803 468 871 πρὸς
494 803 556 855 τὸ
591 802 666 873 μὴ
700 801 968 869 θεολογεῖν
999 799 1092 852 τὸν
1130 799 1302 870 ἀληθῆ
1335 797 1490 860 Θεὸν,
1533 798 1708 870 τρανὰ
1744 799 1908 868 φθέγ-

323 892 520 961 γεσθαι
551 893 646 946 καὶ
681 891 1065 963 διηρθρωμένα
1109 889 1448 960 μεμάθηκεν.
1480 887 1816 956 Μογιλάλους
1853 889 1910 942 δὲ

322 986 429 1037 οὐκ
462 984 528 1038 ἂν
560 985 830 1054 ἁμάρτοις
869 983 1040 1036 εἰπὼν
1070 983 1197 1046 τοὺς
1230 981 1382 1052 παρὰ
1429 984 1542 1044 τοῖς
1586 985 1768 1049 σοφοῖς
1818 982 1909 1034 τοῦ

320 1077 524 1140 αἰῶνος
569 1075 787 1139 τούτου,
846 1075 1003 1146 μόγις
1049 1074 1180 1127 ποτὲ
1223 1073 1598 1145 τολμήσαντας
1649 1072 1808 1143 ὀρθόν
1860 1091 1910 1126 τι

324 1169 595 1239 φρονῆσαι
629 1167 725 1220 καὶ
750 1168 924 1220 εἰπεῖν
955 1168 1084 1237 περὶ
1112 1163 1270 1219 Θεοῦ.

401 1279 422 1310 ε
452 1261 575 1312 Ὀτι
605 1259 816 1330 ἐρράγη
849 1259 908 1310 ὲν
935 1259 1003 1328 τῇ
1043 1258 1235 1328 ἐρήμῳ
1275 1255 1449 1328 ὕδωρ,
1492 1255 1583 1309 καὶ
1614 1253 1828 1326 φάραγξ
1855 1257 1911 1307 ἐν

322 1353 396 1419 γῇ
423 1347 651 1421 διψώσῃ.
684 1349 793 1402 Καὶ
825 1348 978 1400 ἐσται
1009 1351 1042 1418 ἡ
1073 1348 1298 1418 ἄνυδρος
1331 1348 1411 1410 είς
1443 1347 1560 1416 ἕλη,
1597 1347 1688 1400 καὶ
1711 1349 1791 1411 εἰς
1815 1350 1910 1418 τὴν

320 1440 566 1509 διιζνῶσαν
613 1442 717 1512 γῆν
767 1442 917 1512 πηγὴ
969 1440 1158 1503 ὓδατος
1201 1439 1376 1492 ἕσται.
1429 1440 1575 1492 Ἐκεῖ
1606 1439 1909 1510 εὐφροσύνη

319 1532 548 1601 ὀρνέων,
601 1531 858 1596 ἐπαύλεις
908 1531 1154 1601 καλάμου
1205 1531 1300 1584 καὶ
1345 1529 1462 1600 ἕλη.
1491 1550 1508 1580 ι
1561 1529 1634 1582 Τό
1679 1532 1779 1600 μὲν
1817 1527 1910 1582 οὖν

323 1623 470 1692 ὕδωρ
489 1664 504 1686 ,
539 1624 672 1678 αὐτὸ
703 1621 770 1696 ἦν
803 1625 978 1678 ἐκεῖνο
1009 1625 1070 1678 τὸ
1101 1623 1194 1678 τοῦ
1241 1623 1509 1695 Ἰορδάνου
1535 1640 1549 1654 ⁸
1584 1624 1666 1678 διὸ
1695 1625 1911 1693 ἐλέγετο

323 1715 510 1786 μικρῷ
547 1715 784 1787 πρόσθεν
808 1735 822 1749 ο
882 1736 900 1767 ι
931 1717 1040 1769 Καὶ
1076 1716 1460 1785 ἀγαλλιάσεται
1488 1715 1556 1769 τὰ
1597 1715 1778 1787 ἔρημα
1815 1715 1908 1769 τοῦ

2007 522 2119 592 jatn
2170 537 2453 577 cervorum
2504 522 2674 575 instar
2719 517 3060 581 exsilierunt,
3111 516 3425 573 doctoribus
3475 517 3590 572 suis

2011 614 2215 669 similes
2242 613 2452 676 ell‘ecti,
2489 628 2625 681 quos
2671 613 2829 680 paulo
2875 625 3036 679 supra
3077 623 3267 666 cervos
3305 608 3589 678 prophetia

2013 708 2242 762 vocavit.
2277 705 2565 761 Bnlborum
2600 714 2780 758 autem
2821 703 3024 771 lingua,
3055 715 3240 770 quam,
3284 714 3353 754 ne
3398 714 3587 754 verum

2014 800 2181 853 Deum
2207 798 2584 861 conﬁteretur,
2617 795 2969 866 colligaverat
2994 792 3252 859 Satanas,
3280 793 3424 848 clara
3455 807 3588 847 voce

2013 902 2069 944 et
2112 891 2438 944 articulatim
2493 891 2656 943 verba
2718 886 3074 958 pronuntiare
3122 885 3333 940 didicit.
3390 884 3592 940 Balbos

2012 997 2175 1051 porro
2223 981 2536 1050 neutiquam
2571 983 2812 1044 aberres,
2851 981 2898 1034 si
2938 979 3088 1034 dicas
3124 992 3220 1032 eos
3247 992 3369 1033 esse
3400 993 3468 1033 ex
3495 993 3588 1032 sa-

2011 1075 2283 1144 pientibus
2313 1074 2472 1143 hujus
2504 1072 2714 1137 saeculi,
2748 1072 2839 1142 qui
2867 1071 2955 1125 vix
2986 1069 3122 1126 recti
3152 1068 3355 1139 aliquid
3383 1069 3451 1125 de
3478 1069 3589 1125 Deo

2013 1182 2250 1235 unquam
2283 1168 2485 1220 sentire
2513 1181 2578 1220 ac
2605 1164 2792 1218 dicere
2818 1165 2933 1219 ausi
2961 1171 3108 1219 sunt.

2087 1259 2336 1316 Vsas..7.
2385 1258 2558 1325 «Quia
2593 1257 2771 1326 erupit
2801 1257 2853 1311 in
2885 1259 3100 1312 deserto
3137 1270 3301 1325 aqua,
3342 1265 3400 1309 et
3435 1254 3592 1312 vallis

2014 1351 2065 1404 in
2102 1360 2248 1404 terra
2275 1349 2507 1404 sitienti.
2550 1347 2617 1402 Et
2642 1349 2747 1402 erit
2779 1348 3040 1416 inaquosa
3073 1349 3126 1403 in
3157 1347 3398 1418 paludes,
3443 1357 3498 1402 et.
3533 1347 3588 1402 in

2008 1452 2157 1497 terra
2209 1443 2416 1498 sitienti
2470 1441 2592 1496 fons
2649 1455 2807 1509 aqua
2853 1442 2978 1497 erit.
3033 1441 3108 1496 lbi
3150 1441 3335 1496 laetitia
3381 1441 3588 1506 avium,

2014 1536 2186 1590 caulae
2228 1534 2515 1589 arundinis
2546 1543 2603 1590 et
2644 1533 2892 1603 paludes.
2919 1553 2940 1586 ι
2971 1535 3127 1604 Aqua
3153 1534 3367 1600 isthazc,
3390 1535 3458 1589 de
3485 1549 3591 1603 qua

2015 1623 2282 1693 loquitur,
2323 1622 2578 1679 Jordanis
2605 1632 2725 1678 erat
2754 1637 2771 1677 :
2811 1639 2981 1692 quare
3010 1623 3171 1690 paulo
3204 1633 3334 1678 ante
3372 1624 3592 1680 diceba-

2014 1726 2124 1772 tur.
2167 1736 2185 1769 ι
2221 1717 2286 1771 Ει
2317 1715 2670 1771 exsultabunt
2705 1715 2920 1771 deserta
2945 1714 3218 1771 Jordanis.
3249 1733 3270 1768 ι
3305 1715 3426 1782 Quo
3455 1715 3594 1769 lava-

333 1801 625 1876 Ἰορδάνου.
652 1824 672 1858 ›
706 1807 786 1859 Δι’
819 1801 880 1861 οῦ
910 1807 1004 1860 καὶ
1041 1805 1286 1877 ᾐνίττετο
1312 1805 1372 1858 τὸ
1413 1804 1636 1878 λουτρὸν
1678 1807 1777 1876 τῆς
1807 1823 1916 1860 πα-

2016 1826 2168 1864 crum
2218 1809 2644 1879 regenerationis
2698 1808 3115 1872 subindicabat,
3161 1824 3372 1864 necnon
3395 1807 3589 1864 Testa-

319 1897 696 1966 λιγγενεσίας,
747 1901 841 1952 καὶ
893 1899 956 1952 τὺ
1012 1899 1115 1968 τῆς
1159 1898 1352 1969 καινῆς
1385 1899 1658 1970 Διαθήκης
1705 1903 1908 1971 μυστή-

321 2010 470 2062 ριονο
512 1993 584 2045 τά
606 1991 661 2044 δὲ
691 1991 882 2063 ῥεῖθρα
907 1993 1032 2055 τοὺς
1061 1990 1448 2060 εὐαγγελικοὺς
1477 1991 1905 2062 ὲδήλουλόγους.

326 2109 344 2138 ς
372 2084 727 2158 Εὐφροσύνην
752 2083 982 2153 ὀρνέων·
1007 2101 1026 2133 ι
1057 2081 1244 2152 ψυχῶν
1269 2082 1661 2153 ὲπτερωμένων
1685 2081 1903 2154 δηλαδὴ,

321 2184 420 2235 καὶ
467 2177 884 2253 μετεωροποιῶν
907 2217 924 2241 ,
964 2177 1059 2229 καὶ
1101 2175 1278 2229 ἄλλων
1316 2175 1539 2247 ἡμέρων
1580 2179 1676 2230 καὶ⁹
1716 2178 1906 2249 πράων

319 2277 428 2328 ὑπὸ
478 2275 558 2346 τῷ
612 2273 762 2343 καλῷ
817 2271 1064 2343 ποιμένι-
1090 2269 1474 2342 διοικουμένων
1530 2271 1606 2334 ὼς
1648 2271 1904 2326 δύνασθαι

313 2366 500 2433 λέγειν
523 2383 536 2395 ·
585 2366 827 2437 ιΚύριος
865 2364 1145 2433 ποιμαίνει
1182 2381 1280 2433 με,
1325 2364 1420 2416 καὶ
1465 2362 1615 2417 οὐδέν
1652 2383 1717 2436 με
1747 2364 1902 2418 ὑστε-

318 2458 502 2528 ρήσει.
529 2475 549 2508 ι

393 2548 624 2600 «Ἔσται
654 2549 770 2601 ἐκεῖ
797 2547 916 2611 ὁδὸς
942 2547 1183 2618 καθαρὰ,
1220 2549 1315 2601 καὶ
1346 2547 1464 2610 ὁδὸς
1487 2546 1619 2614 ἁγία
1646 2546 1906 2620 κληθήσε-

311 2657 408 2693 ται
427 2656 443 2670 ·
495 2641 591 2693 καὶ
617 2640 678 2692 ού
723 2641 798 2712 μὴ
828 2641 1073 2712 παρέλθῃ
1106 2643 1222 2694 ἐκεῖ
1248 2641 1576 2709 ἀκάθαρτος.
1605 2663 1622 2692 ι
1664 2641 1812 2712 Αὕτη
1846 2642 1902 2694 δὲ

313 2733 401 2803 εἴη
432 2731 499 2784 ἂν
540 2733 574 2802 ἡ
613 2733 901 2801 ἀπάγουσα
933 2735 1028 2786 ἐπὶ
1069 2735 1130 2787 τὸ
1176 2735 1572 2806 τρισμακάριον
1615 2735 1768 2798 τέλος
1801 2735 1900 2806 τῆς

312 2823 641 2894 ἐπουρανίου
675 2824 767 2877 τοῦ
813 2824 948 2878 Θεοῦ
982 2825 1208 2892 πόλεως,
1239 2827 1305 2897 ἣν
1337 2825 1607 2896 παριστὰς
1645 2829 1674 2880 ὁ
1710 2827 1901 2898 Σωτὴρ

312 2914 503 2982 ἔλεγεν
529 2927 541 2940 ·
567 2933 586 2965 ‹
611 2912 751 2984 Ἐγώ
779 2916 894 2985 είμι
915 2917 948 2985 ή
982 2915 1120 2980 ὁδός.
1163 2935 1182 2967 ι
1216 2936 1233 2966 ι
1256 2917 1389 2970 Οὐδὲ
1439 2916 1592 2969 ἐσται
1635 2919 1752 2970 ἐκεῖ
1784 2917 1904 2980 ὁδὸς

310 3004 626 3075 ἀκάθαρτος
649 3021 664 3035 ο
699 3007 748 3059 οἱ
790 3005 846 3058 δὲ
884 3007 1274 3078 διεσπαρμένοι
1303 3007 1660 3078 πορεύσονται
1689 3010 1776 3062 ἐπ’
1805 3009 1904 3062 αύ-

311 3094 434 3164 τῆς,
468 3094 564 3147 καὶ
587 3095 646 3161 ού
695 3093 780 3165 μὴ
807 3094 1138 3166 πλανηθῶσι.
1173 3116 1192 3148 ι
1235 3097 1390 3160 Τίνες
1426 3096 1483 3149 δὲ
1519 3091 1685 3161 οὗτοι,
1720 3097 1834 3151 ἀλλ’
1865 3098 1899 3168 ἢ
1935 3155 1990 3168 Α,

312 3187 362 3236 oi
415 3183 583 3240 πάλαι
627 3173 1067 3257 διεσκεδασμένοι
1105 3187 1198 3240 τοῦ
1231 3187 1366 3241 Θεοῦ
1408 3188 1500 3242 καὶ
1552 3189 1768 3260 μακρὰν
1805 3193 1904 3261 τῆς
1930 3173 1973 3211 ιλ

310 3276 576 3345 ἀληθείας
600 3277 1112 3347 ἀποπλανηθέντες;
1162 3273 1319 3334 Οὗτοι
1359 3279 1501 3351 γὰρ,
1536 3279 1904 3352 παλινδρομήο

317 3383 512 3430 σαντες
537 3407 552 3430 ,
601 3370 693 3421 καὶ
721 3370 820 3446 τὴν
856 3368 1068 3422 εὐθεῖαν
1107 3369 1200 3423 καὶ
1233 3369 1452 3440 ἀπλανῆ
1484 3370 1601 3424 ὁδὸν
1631 3371 1902 3442 εὑρόντες,

314 3459 681 3530 πορεύσονται
713 3461 772 3512 ὲν
798 3463 962 3532 αὐτῇ.

392 3572 411 3602 ‹
438 3553 548 3605 Καὶ
575 3553 676 3605 ούκ
704 3552 856 3605 ἔσται
884 3555 1001 3606 ἐκεῖ
1031 3553 1189 3618 λέων,
1218 3555 1340 3608 οὐδὲ
1378 3555 1486 3609 τῶν
1515 3555 1766 3627 πονηρῶν
1807 3557 1904 3628 θη-

315 3644 450 3715 ρίων
479 3642 540 3694 ού
573 3643 646 3713 μὴ
681 3643 856 3714 ἀναϐῇ
891 3645 970 3706 είς
1001 3644 1192 3714 αὐτὴν,
1225 3643 1346 3697 οὐδὲ
1381 3645 1456 3716 μὴ
1491 3645 1687 3717 εὑρεθῇ
1717 3647 1850 3699 ἐκεῖ.
1877 3667 1895 3698 ι

314 3734 441 3797 Πῶς
470 3733 579 3805 γὰρ
616 3736 712 3787 καὶ
745 3729 857 3787 οἶόν
887 3752 948 3787 τε
973 3731 1044 3805 ἦν
1075 3737 1134 3787 ὲν
1161 3734 1238 3805 τῷ
1261 3736 1527 3808 εἰρηκότι,
1569 3755 1587 3786 ι
1621 3736 1760 3805 Ἐγώ
1787 3739 1900 3808 είμι

312 3829 349 3896 ἡ
400 3827 586 3891 ὀδὸς,ι
642 3827 932 3899 εὑρεθῆναί
982 3846 1038 3882 τι
1085 3828 1194 3882 τῶν
1242 3829 1524 3900 πονηρῶν;
1582 3829 1715 3882 Οὐδὲ
1752 3830 1903 3894 ὁδοὺς

313 3917 496 3986 ζφεως
537 3919 631 3972 ἐπὶ
681 3919 886 3992 πέτραν
930 3920 1154 3974 δυνατὸν
1186 3915 1255 3992 ἦν
1297 3921 1478 3991 εὑρεῖν
1510 3920 1651 3974 κατὰ
1687 3921 1778 3975 τὸν
1808 3923 1902 3975 Σο-

315 4009 590 4080 λομῶντα.

391 4104 596 4158 «Ἀλλά
645 4105 1004 4178 πορεύσονται
1046 4107 1104 4160 ὲν
1146 4107 1283 4178 αὐτῇ
1329 4106 1756 4179 λελυτρωμένοι,
1807 4109 1901 4160 καὶ

316 4195 648 4266 συνηγμένοι
693 4195 782 4248 διὰ
823 4196 1067 4279 κυρίους
1103 4215 1123 4247 ι
1162 4195 1254 4260 οὓς
1299 4196 1462 4260 αὐτὸς
1503 4197 1744 4266 δηλονότι
1779 4197 1901 4250 ἐλυ-

311 4285 566 4354 τρώσατο
590 4284 668 4355 τῷ
706 4285 820 4356 ἰδίῳ
846 4286 1038 4356 αῖματι
1057 4326 1073 4348 ,
1105 4287 1199 4339 καὶ
1228 4288 1274 4338 οἰ
1310 4286 1636 4357 συνηγμένοι
1677 4286 1766 4340 διὰ
1791 4289 1901 4339 Κυ-

315 4377 458 4446 ρίου,
488 4376 602 4428 άλλ’
635 4377 754 4430 οὐδὲ
779 4376 866 4429 διὰ
894 4379 1194 4450 προφήτου,
1221 4378 1342 4430 οὐδὲ
1370 4377 1460 4430 διά
1489 4395 1634 4442 τινος
1667 4379 1898 4448 σπουδῆς

1981 1904 2178 1957 έιιιειιιί
2212 1901 2345 1956 Νονί
2386 1904 2704 1972 mysterium
2747 1920 2762 1956 :

2813 1917 2907 1972 per
2936 1901 3137 1956 ﬂuenta
3171 1911 3380 1968 autem,
3428 1916 3589 1957 evan-

2008 1994 2209 2062 gelicos
2248 2007 2530 2048 sermones
2559 1994 2801 2048 denotat.
2838 2013 2857 2045 ‹
2883 1993 3096 2048 L:etitia
3137 1995 3403 2061 aviump
3442 1992 3592 2048 vide-

2008 2085 2134 2140 licet
2159 2085 2466 2139 animarum
2499 2096 2882 2156 permaturum,
2917 2096 2974 2140 et
3001 2087 3422 2152 altivolantium,
3456 2087 3592 2142 alia-

2009 2195 2238 2250 rumque
2301 2189 2708 2236 mausuetarum
2765 2196 2832 2236 ac
2881 2181 3037 2236 bonae
3103 2179 3339 2245 indolis,
3387 2193 3508 2248 quae
3559 2196 3594 2232 a

2006 2276 2149 2330 bono
2189 2285 2403 2346 pastore
2448 2282 2736 2345 reguntur:
2786 2284 2844 2328 ut
2891 2274 3078 2328 dicere
3111 2273 3374 2328 valeant:
3429 2289 3449 2323 ι
3480 2271 3589 2326 Do-

2007 2366 2187 2422 minus
2215 2369 2386 2437 pascit
2421 2381 2526 2434 me,
2554 2376 2610 2421 et
2638 2365 2776 2421 nihil
2810 2365 2941 2420 mihi
2974 2365 3150 2420 deerit
3172 2365 3240 2418 ⁵⁸.
3267 2385 3289 2417 ι

2076 2545 2240 2601 Vens.
2275 2547 2328 2599 8.
2379 2567 2396 2598 ι
2425 2546 2497 2600 lbi
2529 2546 2636 2601 erit
2670 2546 2753 2600 via
2793 2561 2948 2614 pura,
2991 2556 3044 2600 et
3071 2546 3154 2598 via
3190 2556 3386 2607 sancta
3419 2561 3580 2600 voca-

2005 2639 2190 2702 bitur;
2252 2648 2307 2692 et
2367 2654 2471 2692 non
2535 2639 2790 2693 transibit
2853 2637 2979 2692 illac
3028 2637 3406 2690 immundus.»
3459 2635 3586 2692 Hec

2006 2745 2137 2784 sane
2169 2730 2331 2786 fuerit
2381 2731 2497 2797 illa,
2533 2746 2656 2801 qua:
2704 2731 2855 2785 ducit
2900 2731 2964 2784 ad
3004 2729 3374 2784 felicissimum
3422 2730 3584 2783 linem

2004 2824 2249 2880 caelestis
2297 2823 2392 2878 Dei
2445 2823 2716 2888 civitatis,
2765 2837 2931 2892 quam
2982 2822 3270 2877 declarans
3321 2821 3585 2877 Servator

2004 2917 2216 2972 dicebat
2253 2936 2265 2972 :
2320 2935 2339 2966 ‹
2375 2917 2482 2987 Ego
2508 2932 2629 2972 sum
2676 2918 2758 2969 via
2786 2935 2804 2967 ι
2835 2917 2904 2972 ³⁷.
2959 2935 2978 2966 ι
3002 2913 3188 2984 Neque
3224 2914 3330 2968 erit
3377 2915 3448 2969 ibi
3495 2915 3584 2969 via

2005 3008 2214 3078 impura
2249 3027 2262 3063 :
2293 3011 2384 3079 qui
2422 3017 2604 3064 autem
2659 3009 2889 3078 diapersi
2936 3016 3086 3070 sunt,
3127 3006 3482 3062 ambulabunt
3528 3008 3584 3061 in

2003 3116 2090 3167 ea,
2127 3117 2304 3172 neque
2326 3103 2608 3158 errabuut.
2633 3121 2652 3153 ι
2699 3101 2928 3168 Quinam
2971 3100 3069 3166 illi,
3119 3101 3222 3155 nisi
3265 3100 3357 3168 qui
3390 3099 3517 3154 olim
3551 3116 3584 3154 a

2010 3193 2119 3249 Deo
2159 3196 2474 3267 tisgregati,
2502 3211 2532 3250 a
2560 3196 2790 3250 veritate
2822 3195 3006 3264 procul
3040 3193 3472 3249 aberraverant?
3516 3192 3583 3247 Hi

2008 3302 2240 3357 namque
2271 3289 2608 3357 retrogressi,
2645 3287 2972 3355 inventaque
3020 3297 3163 3341 recta
3222 3287 3463 3356 nullique
3487 3301 3582 3341 er-

1985 3380 2115 3434 .rori
2143 3381 2376 3436 obnoxia
2407 3382 2513 3446 via,
2545 3382 2597 3435 in
2629 3396 2692 3435 ea
2721 3380 3096 3436 ambulabunt.

2079 3559 2238 3614 Vatis.
2265 3559 2318 3613 9.
2371 3560 2480 3613 «Ει
2532 3576 2637 3613 non
2693 3559 2796 3613 erit
2852 3558 2925 3612 ibi
2958 3559 3062 3623 leo,
3115 3573 3288 3626 neque
3343 3557 3452 3611 ulla
3511 3573 3581 3613 ex

1985 3651 2160 3706 .malis
2202 3651 2392 3706 bestiis
2437 3651 2694 3706 ascendet
2743 3652 2796 3704 in
2850 3665 2993 3714 eam,
3049 3664 3224 3716 neque
3272 3649 3582 3704 invenietur

2004 3743 2097 3798 ibi.
2132 3763 2152 3797 ι
2208 3744 2310 3811 Qui
2359 3745 2506 3799 enim
2537 3744 2653 3798 ﬁeri
2683 3751 2939 3813 poterat,
2991 3742 3126 3796 utin
3169 3756 3274 3806 eo,
3301 3741 3392 3810 qui
3426 3741 3584 3798 dixe-

2006 3849 2109 3903 rat,
2147 3855 2164 3888 ι
2196 3837 2308 3908 Ego
2344 3853 2462 3893 sum
2508 3837 2616 3901 via,
2646 3855 2664 3887 ι
2704 3835 2831 3889 mali
2877 3834 3154 3904 quidpiam
3201 3833 3580 3903 reperiretur?

2002 3930 2190 3999 Neque
2220 3931 2336 3984 vias
2365 3929 2635 3998 serpentis
2668 3927 2722 3981 iu
2759 3937 2912 3997 petra
2946 3925 3194 3981 invenire
3225 3932 3344 3978 erat
3386 3939 3578 3979 secun-

2003 4024 2127 4078 dum
2163 4022 2532 4077 Salomonem.

2074 4115 2240 4170 Vsus.
2280 4116 2368 4170 lO.
2431 4115 2576 4170 «Sed
2624 4116 2675 4168 in
2725 4130 2787 4169 ea
2837 4113 3191 4168 ambulabunt
3239 4112 3496 4182 redempti
3526 4123 3585 4166 et

2001 4207 2312 4277 congregati
2374 4222 2471 4275 per
2523 4206 2850 4272 Dominum;
2884 4227 2902 4257 ι
2965 4221 3102 4274 quos
3165 4205 3416 4260 videlicet
3464 4207 3582 4274 ipse

2003 4301 2222 4370 proprio
2249 4300 2510 4370 sanguine
2550 4299 2778 4353 redemit
2813 4317 2825 4352 :
2856 4309 2912 4353 et
2954 4299 3044 4367 qui
3091 4297 3402 4368 congregati
3453 4308 3582 4352 sunt

2001 4410 2031 4447 a
2070 4395 2321 4460 Domino,
2366 4408 2472 4447 non
2517 4408 2546 4446 a
2595 4393 2883 4462 propheta,
2917 4405 3018 4445 nec
3057 4392 3289 4444 humana
3325 4389 3579 4458 quapiam

313 4467 688 4538 ἀνθρωπίνηςθ
719 4468 785 4521 δι’
811 4469 976 4521 αὑτοῦ
1003 4469 1059 4522 δὲ
1081 4469 1174 4522 τοῦ
1199 4470 1405 4539 Κυρίου
1435 4469 1894 4542 οίλελυτρωμένοι

2012 4487 2379 4550 sollicitudine,
2419 4501 2606 4539 verum
2647 4485 2736 4553 qui
2789 4484 2860 4538 ab
2893 4484 3010 4552 ipso
3044 4482 3271 4537 Domino
3313 4478 3580 4548 redempti

314 4561 408 4610 καὶ
422 4574 588 4625 συνηγ
599 4559 746 4627 μένοι
754 4599 768 4622 ,
782 4553 924 4613 οὗτοι
941 4559 1107 4630 πορεύ
1115 4576 1296 4612 σονται
1311 4560 1408 4631 τὴν
1419 4560 1747 4630 δηλωθεῖσαν
1757 4560 1872 4614 ὁδόν
1881 4601 1892 4613 .

318 4677 337 4706 ι
368 4659 479 4709 Καὶ
509 4658 1045 4730 ἀποστραφήσονται,
1094 4661 1188 4714 καὶ
1212 4661 1432 4732 ἥξουσιν
1465 4663 1546 4724 είς
1600 4660 1737 4714 Σιὼν
1767 4663 1884 4731 μετ’

309 4759 676 4831 εὐφροσύνης.
707 4781 724 4812 ι
760 4762 834 4814 Οὑ
861 4762 971 4834 γὰρ
1002 4763 1066 4834 δὴ
1087 4763 1310 4817 δυνατὸν
1333 4763 1567 4817 ἐνταῦθα
1591 4763 1726 4816 Σιὼν
1754 4766 1896 4817 ὲκεί-

309 4878 410 4929 νην
427 4862 848 4931 παραδέχεσθαι,
876 4866 1005 4935 περὶ
1022 4861 1090 4936 ἧς
1109 4865 1314 4937 εἴρητο·
1345 4886 1361 4916 ι
1389 4867 1496 4919 Καὶ
1511 4866 1754 4930 ἐνιαυτὸς
1780 4869 1899 4920 ἀντ-

307 4961 619 5024 αποδόσεως
634 4962 864 5032 κρίσεως
876 4963 1130 5019 Σιιιῦψκαὶ⁵
1141 4970 1352 5039 στραφή
1360 4985 1537 5022 σονται
1551 4971 1606 5023 αἱ
1620 4971 1900 5039 φάραγγες

309 5061 575 5130 αύτῆςείς
600 5062 820 5128 πίσσαν,
834 5084 852 5115 ι
872 5065 1052 5120 καὶτὰ
1066 5067 1274 5132 τούτοις
1295 5069 1440 5138 ἑξῆς.
1461 5072 1659 5142 Διόπερ
1684 5074 1894 5147 ἀνάγκη

307 5161 584 5230 διαφόρως
628 5165 770 5214 νοεῖν
822 5162 922 5227 τὰς
977 5167 1300 5237 ὁμωνύμους
1349 5173 1899 5244 προσαγορευομένας

309 5265 469 5317 Σιών.
502 5285 520 5317 ι
542 5267 650 5319 Καὶ
675 5267 980 5339 εὐφροσύνη
1003 5269 1216 5334 αἰώνιος
1235 5273 1374 5344 ὑπὲρ
1400 5277 1638 5348 κεφαλῆς
1658 5279 1857 5336 αὐτῶν.
1873 5299 1891 5332 ι

309 5369 372 5419 Οἱ
405 5368 516 5438 γάρ
547 5371 767 5439 νικηταὶ
799 5370 892 5423 τοῦ
922 5371 1161 5440 μεγάλου
1189 5373 1380 5428 τούτου
1407 5377 1616 5446 ἀγῶνος
1647 5382 1896 5453 στεφάνῳ

307 5467 650 5538 εὐφροσύνης
701 5469 1076 5538 ἀναδὴσονταί·
1135 5473 1326 5526 "Em?
1353 5475 1460 5548 γὰρ
1504 5477 1603 5547 τῆς
1655 5479 1895 5550 κεφαλῆς

307 5568 494 5621 αὐτῶν
522 5569 725 5634 ατνεσις
757 5571 848 5623 καὶ
892 5572 1224 5644 ἁγαλλίαμα,
1269 5579 1362 5629 καὶ
1391 5579 1693 5652 εὐφροσύνη
1730 5599 1894 5636 κατα-

376 5791 419 5820 ’⁶
453 5791 594 5848 Psal.
633 5809 770 5858 uti,
813 5794 862 5852 Ι.
940 5795 983 5825 ⁵⁷
1011 5793 1166 5851 Juun.
1209 5812 1317 5866 xw,
1353 5796 1410 5851 6.

2002 4590 2056 4634 et
2097 4579 2406 4649 congregati
2459 4587 2606 4644 sunt,
2659 4577 2710 4630 hi
2756 4577 2807 4629 in
2855 4585 3152 4629 memorata
3198 4573 3279 4626 via
3331 4571 3580 4626 ambula-

2005 4672 2156 4726 bunt.
2207 4691 2224 4722 ί
2248 4672 2312 4724 Ει
2353 4681 2691 4730 avertentur,
2724 4679 2777 4722 et
2820 4669 3040 4722 venient
3075 4668 3126 4720 in
3158 4665 3287 4719 Sion
3331 4679 3453 4718 cum
3487 4664 3578 4716 la:-

2005 4765 2144 4818 titia.
2177 4784 2194 4814 ›
2244 4763 2368 4817 Haec
2397 4765 2598 4833 quippe
2652 4771 2926 4830 nequeunt
2967 4761 3032 4814 de
3084 4759 3169 4813 illa
3211 4757 3375 4812 SiOne
3417 4757 3577 4811 intel-

2005 4857 2118 4927 ligi,
2155 4858 2222 4912 de
2263 4872 2366 4924 qua
2412 4859 2614 4911 dictum
2665 4867 2790 4911 est:
2829 4874 2845 4904 ι
2880 4854 2945 4908 Ει
2979 4869 3154 4906 annus
3206 4851 3578 4905 retributionis

2000 4947 2186 5014 judicii
2213 4949 2341 5003 Sion
2371 4965 2386 5000 :
2414 4960 2467 5002 et
2496 4960 2886 5002 convertentur
2909 4946 3074 5000 valles
3096 4947 3212 5012 ejus
3242 4944 3294 4996 in
3325 4944 3520 5012 picem,
3550 4963 3569 4995 ι

2004 5049 2058 5091 et
2085 5049 2298 5095 caetera.
2333 5038 2696 5104 Quamobrem
2734 5039 2852 5092 illas
2881 5053 3001 5106 qua:
3030 5038 3216 5090 eodem
3251 5034 3435 5089 Sionis
3482 5052 3579 5088 nn-

2005 5129 2150 5181 mine
2197 5138 2484 5194 vocantur,
2537 5129 2690 5182 vario
2741 5129 2901 5182 modo
2953 5127 3253 5195 intelligere
3293 5141 3430 5196 Opus
3469 5139 3578 5180 est.

2009 5218 2121 5271 «Et
2145 5218 2332 5272 laetitia
2369 5219 2697 5286 sempiterna
2733 5234 2896 5288 super
2924 5227 3085 5286 caput
3122 5231 3336 5269 eorum.
3371 5234 3390 5266 ι
3441 5213 3578 5267 Nam

2005 5310 2039 5364 ii
2088 5311 2180 5379 qui
2247 5310 2300 5362 in
2354 5327 2551 5379 magno
2609 5310 2698 5365 illo
2745 5310 3048 5364 certamine
3097 5307 3336 5362 victores
3391 5317 3576 5368 erunt,

2003 5415 2203 5455 corona
2234 5401 2433 5455 laetitia:
2467 5401 2843 5456 rediinienlur.
2888 5419 2906 5452 ι
2933 5401 2987 5454 In
3013 5401 3188 5468 capite
3219 5399 3364 5466 enim
3388 5413 3577 5452 eoruut

2004 5490 2120 5544 laus
2149 5501 2204 5544 et
2248 5491 2565 5557 exsultatio,
2625 5501 2679 5545 et
2721 5491 2904 5545 laetitia
2958 5491 3384 5558 comprehendet
3429 5503 3572 5544 eos:

2003 5583 2265 5640 abscessit
2292 5585 2479 5651 dolor,
2521 5585 2737 5640 tristitia
2770 5594 2822 5642 ct
2849 5586 3115 5655 gemitus;
3153 5603 3170 5636 ι
3201 5584 3449 5639 videlicet
3479 5596 3578 5637 cos
