3880 6216
318 266 425 322 3ιὸ

1015 265 1281 323 EUSEBII
1318 265 1800 326 CAESARIENSIS
1838 271 1895 327 01

2032 268 2212 325 PARS
2249 267 2337 324 Ill.
2378 298 2446 310 —-
2486 266 2897 327 EXEGETICA.

3476 271 3581 325 344

319 387 412 454 qui
446 384 501 441 in
529 382 753 442 salutari
777 387 890 450 via,
923 385 1057 440 nihil
1088 388 1232 444 ultro
1252 388 1502 459 citroque
1532 391 1885 453 deﬂectcndo,

2006 390 2222 460 λήψεται
2269 389 2465 454 αὐτούς
2490 407 2502 420 ·
2553 386 2766 461 ἀπέδρα
2798 387 2988 460 ὀδύνη,
3033 388 3126 443 καὶ
3158 387 3301 459 λύπη
3330 388 3423 441 καί
3457 406 3581 441 στε-

320 480 757 545 ambulaverunt,
806 480 1038 549 ideoque
1065 483 1132 535 ad
1162 481 1536 538 felicissimum
1566 484 1725 538 linem
1767 499 1890 554 pcr-

319 577 639 625 venerunt:
687 569 779 625 ubi
824 585 1028 627 corona
1082 570 1179 626 Dei
1237 572 1510 639 exornati,
1563 573 1891 643 sempiterna

320 660 430 713 vita
460 659 732 726 fruentur,
784 660 839 717 lu
880 676 1050 731 regno
1080 661 1366 729 calorum,
1410 662 1555 718 unde
1587 682 1609 714 α
1632 663 1895 719 abscessit

320 752 476 808 dolor
503 759 560 808 et
591 752 847 823 gemitus.
877 772 898 805 ι

849 929 1079 987 CAPUT
1114 929 1355 986 XXXVI.

395 1020 559 1076 Vsus.
597 1022 712 1076 1-3.
756 1040 777 1074 ι
812 1022 881 1077 Ει
925 1021 1130 1077 factum
1181 1033 1264 1077 est
1311 1038 1453 1078 anno
1490 1024 1897 1092 quartodecimo

316 1110 465 1183 regis
506 1113 789 1179 Ezechiae,
837 1114 1085 1171 ascendit
1147 1113 1537 1170 Scnnacberim
1588 1130 1684 1170 rex
1729 1116 1897 1187 Assy-

322 1208 532 1262 riorum
578 1209 850 1263 adversus
894 1208 1059 1264 urbes
1106 1206 1309 1263 Μάκαι
1342 1208 1612 1275 munitas,
1658 1219 1714 1264 et
1754 1209 1897 1278 cepit

322 1314 437 1354 eas.
474 1299 539 1355 Et
577 1300 724 1355 misit
754 1314 850 1355 rex
877 1300 1233 1372 Assyriorum
1277 1299 1576 1357 Rabsacem
1602 1316 1672 1356 ex
1703 1301 1898 1358 Lacbis

323 1391 379 1446 in
410 1389 712 1448 Jerusalem
748 1393 815 1447 ad
842 1408 1021 1464 regem
1053 1391 1347 1448 Ezechiam
1377 1408 1501 1449 cum
1526 1394 1729 1449 virtute
1759 1391 1899 1448 mul-

323 1494 400 1540 ta.
443 1484 508 1539 Et
538 1486 692 1539 stetit
739 1485 794 1539 iu
847 1483 1171 1555 aquaeductu
1219 1486 1446 1555 piscinze
1485 1484 1803 1556 superioris,
1842 1484 1896 1539 iu

319 1578 409 1632 via
447 1577 564 1647 agri
598 1575 842 1633 fullonis.
879 1576 948 1632 Et
975 1590 1232 1647 egressus
1285 1585 1370 1632 est
1400 1577 1470 1632 ad
1508 1591 1634 1633 eum
1668 1575 1895 1631 Eliacim

323 1669 466 1724 illius
495 1670 748 1735 Cbelciac,
795 1684 1147 1737 teconomus,
1201 1680 1258 1726 et
1303 1671 1537 1726 Somnas
1576 1671 1789 1734 scriba,
1842 1678 1898 1724 et

320 1758 487 1818 Joach
515 1762 659 1815 [ilius
681 1762 889 1832 Asaph,
914 1777 944 1816 a
970 1762 1398 1817 commentariis.
1432 1780 1451 1813 ι
1479 1760 1744 1816 Mirabilis
1765 1774 1898 1815 sane

323 1866 408 1911 est
436 1855 550 1909 hac
578 1854 803 1910 historia
827 1863 881 1910 et
906 1854 1149 1909 narratio
1173 1868 1353 1908 rerum
1381 1852 1628 1908 Ezechiae
1652 1860 1897 1921 tempore

323 1959 643 2019 gestarum:
692 1964 815 2019 qua
866 1950 1008 2003 inter
1053 1948 1291 2018 reliquas
1340 1946 1598 2003 historias
1648 1946 1705 2001 in
1757 1946 1897 2001 libro

323 2052 520 2111 quarto
570 2042 777 2111 Regum
824 2051 878 2097 et
926 2041 980 2097 in
1036 2041 1283 2097 secundo
1321 2039 1769 2111 Paralipomenon
1812 2055 1902 2095 re-

323 2145 598 2191 censetur.
634 2136 889 2189 Attamen
919 2148 983 2189 ea
1014 2133 1143 2189 huic
1172 2133 1491 2204 prophetico
1525 2131 1665 2186 libro
1693 2132 1898 2188 inserta

323 2228 446 2292 fuit,
476 2229 603 2299 quia
637 2227 741 2283 sub
780 2227 943 2282 linem
985 2226 1228 2282 historiae
1268 2233 1380 2281 tum
1417 2226 1730 2297 prophetia,
1786 2237 1898 2279 tum

324 2333 411 2375 res
437 2320 680 2388 quasdam
706 2320 968 2376 mirabilis
993 2329 1048 2375 et
1078 2320 1467 2390 inexspectata,
1495 2319 1743 2374 Ezechiae
1768 2328 1901 2373 tem-

325 2427 457 2480 pore
486 2422 637 2484 gesta
666 2422 941 2468 narratur.

1995 483 2203 553 ναγμός
2226 500 2241 514 ο
2270 502 2289 535 ι
2326 482 2566 554 δηλονότι
2594 483 2719 546 τοὺς
2759 482 2858 553 τὴν
2885 482 3151 552 σωτήριον
3187 481 3304 533 ὁδὸν
3348 480 3585 545 ἀκλινῶς

1998 573 2355 644 βαδίσαντας,
2388 573 2485 628 καὶ
2525 573 2615 627 διὰ
2643 572 2803 626 τοῦτο
2835 572 2928 629 ἐπὶ
2959 570 3021 624 τὸ
3051 570 3450 643 τρισμακάριον
3494 571 3584 623 τέ-

1995 665 2084 729 λος
2113 666 2580 737 καταντήσαντας·
2615 666 2672 717 έν
2711 658 2776 733 ᾧ,
2796 664 3042 733 στεφάνῳ
3068 662 3205 715 Θεοῦ
3237 660 3581 733 τιμηθέντες,

1996 755 2094 826 τῆς
2127 754 2347 809 αἰωνίου
2380 755 2529 826 ζωῆς
2570 754 2968 809 ἀπολαύσουσιν
3002 755 3061 806 ὲν
3099 755 3169 824 τῇ
3207 751 3312 805 τῶν
3339 751 3582 823 οὐρανῶν

1999 847 2269 923 βασιλείᾳ,
2303 849 2432 904 ἔνθα
2466 868 2486 902 ι
2513 848 2725 920 ἀπέδρα
2753 848 2911 919 ὀδύνη
2944 849 3038 902 καὶ
3066 846 3385 917 στεναγμός.
3413 866 3433 899 ι

2494 941 2890 994 ΚΕΦΑΛΛΙΟΝ
2927 941 3067 1007 Aa".

2074 1054 2093 1086 ι
2121 1034 2233 1088 Καὶ
2254 1033 2471 1103 ἐγένετο
2498 1032 2594 1087 τοῦ
2626 1033 2686 1087 ιδ’
2718 1032 2872 1096 ἔτους
2908 1031 3282 1102 βασιλεύοντος
3310 1032 3578 1097 Ἐζεκίου,

1998 1124 2164 1194 ἀνέϐη
2200 1125 2571 1195 Σενναχηρεὶμ
2604 1122 2856 1193 βασιλεὺς
2899 1123 3197 1194 Ἀσσυρίων
3224 1124 3316 1176 ἐπὶ
3344 1123 3443 1187 τὰς
3479 1125 3581 1176 πό-

1998 1218 2110 1281 λεις
2155 1218 2255 1287 τῆς
2300 1216 2563 1280 Ἰουδαίας
2601 1214 2703 1279 τὰς
2742 1215 2964 1288 ὀχυράς,
3001 1217 3095 1268 καὶ
3136 1214 3328 1268 ἔλαϐεν
3386 1215 3578 1279 αὑτάς.

1998 1312 2109 1365 Kai.
2163 1307 2449 1363 ἀπέστειλε
2501 1307 2755 1377 βασιλεὺς
2806 1306 3104 1378 Ἀσσυρίων
3140 1306 3233 1360 τὸν
3272 1307 3582 1378 Ῥαϐσάκην

1998 1405 2064 1456 ὲκ
2095 1400 2282 1473 Λάχης
2311 1401 2391 1464 είς
2429 1399 2784 1471 Ἰερουσαλὴμ
2802 1399 2941 1471 πρὸς
2959 1398 3050 1452 τὸν
3075 1398 3300 1469 βασιλέα
3336 1399 3583 1464 Ἐζεκίαν

2003 1493 2141 1566 μετά
2176 1491 2459 1561 δυνάμεως
2506 1491 2726 1562 πολλῆς.
2758 1492 2867 1544 Kai.
2900 1490 3030 1562 ἔστη
3074 1493 3133 1544 ἐν
3164 1491 3241 1563 τῷ
3277 1492 3584 1564 ὑδραγωγῷ

1997 1586 2098 1657 τῆς
2134 1582 2521 1655 κολυμϐήθρας
2564 1583 2666 1652 τῆς
2692 1583 2805 1637 ἀνω
2835 1584 2892 1635 ὲν
2922 1585 2989 1654 τῇ
3024 1583 3129 1654 ὀδῷ
3159 1583 3255 1637 τοῦ
3280 1582 3453 1656 ἀγροῦ
3487 1583 3581 1637 τοῦ

1999 1678 2270 1747 κναφέως.
2306 1677 2416 1731 Kai.
2455 1674 2643 1748 ἐξῆλθε
2694 1677 2831 1747 πρὸς
2881 1675 3044 1730 αὐτὸν
3102 1676 3383 1749 Ἑλιακεὶμ
3424 1679 3454 1732 6
3484 1676 3583 1731 τοῦ

1929 1737 1972 1793 Β
2002 1737 2255 1835 Χελκίου,
2284 1769 2313 1821 6
2335 1737 2637 1837 οίκονύμος,
2666 1737 2760 1819 xai.
2784 1737 2994 1837 έομνᾶς
3026 1768 3055 1819 6
3078 1737 3458 1839 γραμματεὺς,
3489 1768 3585 1823 xai.

2014 1862 2174 1932 Ἰωὰχ
2201 1862 2231 1914 6
2258 1858 2353 1913 τοῦ
2413 1859 2607 1928 Ἀσὰφ,
2644 1859 3235 1931 ὑπομνηματογράφος.
3261 1879 3279 1912 ι
3352 1861 3587 1931 Ἰστορία

2005 1954 2105 2025 μέν
2142 1954 2289 2007 ἐστιν
2323 1954 2356 2023 ἡ
2386 1950 2720 2024 προκειμένη
2748 1951 2841 2003 καὶ
2860 1952 3110 2023 διήγησις
3134 1951 3422 2022 θαυμαστὴ
3442 1970 3585 2023 πρα-

1999 2047 2227 2118 γμάτων
2252 2045 2390 2099 κατὰ
2416 2044 2543 2108 τοὺς
2565 2044 2789 2115 χρόνους
2817 2043 3059 2107 Ἐζεκίου
3081 2044 3405 2116 γενομένωνο
3440 2045 3587 2098 ἀνεί-

1998 2138 2202 2209 ληπται
2232 2136 2290 2190 δὲ
2327 2136 2465 2208 μετὰ
2496 2134 2607 2189 τῶν
2639 2135 2840 2189 λοιπῶν
2875 2136 3129 2207 ἱστοριῶν
3160 2137 3218 2189 ὲν
3251 2140 3317 2209 τῇ
3344 2138 3583 2209 τετάρτῃ

1995 2228 2106 2282 τῶν
2147 2226 2464 2293 Βασιλειῶν,
2495 2226 2589 2280 καὶ
2628 2227 2686 2280 ἐν
2717 2229 2784 2298 τῇ
2837 2226 3069 2299 δευτέρᾳ
3099 2227 3209 2280 τῶν
3244 2229 3586 2300 [Ιαραλειπο-

1999 2317 2196 2389 μένων.
2212 2318 2403 2388 Ὅμως
2423 2316 2468 2370 δ’
2486 2312 2579 2370 οὖν
2598 2316 2693 2370 καὶ
2717 2318 2774 2369 ἐν
2794 2319 2861 2388 τῇ
2894 2316 3030 2388 μετά
3050 2320 3237 2390 χεῖρας
3270 2322 3584 2393 προφητικῇ

1998 2409 2164 2480 βίϐλῳ
2184 2407 2605 2480 καταϐέϐληται,
2622 2407 2709 2461 διὰ
2730 2407 2791 2460 τὸ
2820 2407 3155 2480 έμφέρεσθαι
3187 2409 3324 2481 πρὸς
3346 2410 3407 2463 τὸ
3432 2409 3587 2474 τέλος

320 2505 421 2575 τῆς
465 2505 706 2578 ἱστορίας
762 2506 1122 2578 προφητείαν,
1183 2504 1277 2560 καί
1318 2522 1440 2558 τινα
1470 2502 1714 2575 μεγάλην
1746 2504 1841 2556 καὶ
1900 2501 2202 2575 παράδοξον
2275 2500 2474 2574 πρᾶξιν
2524 2500 2960 2554 ἐπιτελεσθεῖσαν
3014 2501 3153 2556 κατά
3197 2505 3324 2567 τοὺς
3364 2504 3590 2575 χρόνους

333 2595 598 2662 Ἐζεκίου.

393 2690 558 2747 Vens.
589 2692 643 2747 4.
667 2712 686 2745 ι
724 2692 792 2747 Ει
818 2694 956 2747 dixit
976 2693 1055 2749 eis
1083 2692 1389 2749 Rabsaces:
1416 2691 1588 2746 Dicite
1606 2689 1889 2744 Ezechiae:

327 2783 454 2839 Haec
488 2783 622 2839 dicit
652 2798 742 2839 rex
771 2799 1020 2853 magnus,
1058 2799 1150 2838 rex
1181 2784 1563 2855 Assyriorum:
1598 2782 1737 2847 Quid
1765 2795 1895 2835 con-

2079 2707 2096 2739 ι
2127 2688 2238 2742 Kai.
2272 2681 2424 2739 εἶπεν
2465 2685 2650 2748 αὐτοῖς
2688 2682 3019 2754 Ῥαϐσάκης·
3055 2682 3263 2737 Εἴπατε
3330 2683 3587 2758 Ἐζεκίᾳο

2001 2780 2139 2833 Τάδε
2168 2778 2316 2848 λέγει
2345 2781 2374 2832 6
2404 2777 2655 2849 βασιλεὺς
2676 2777 2705 2829 ὁ
2732 2777 2925 2848 μέγας,
2955 2776 3208 2847 βασιλεὺς
3251 2777 3587 2849 Ἀσσυρίων

322 2876 488 2931 ﬁdis?
524 2894 545 2927 ι
580 2874 713 2929 Nam
739 2891 838 2930 ceu
869 2885 1107 2944 potestas
1137 2877 1383 2944 quaedam
1416 2875 1733 2945 prophetico
1773 2888 1892 2928 ser-

2006 2869 2065 2921 Τί
2098 2867 2374 2932 πεποιθὼς
2407 2863 2489 2933 si;
2523 2886 2539 2919 ι
2582 2868 2793 2938 ’Ὠσπερ
2826 2868 2936 2937 γάρ
2966 2886 3051 2932 τις
3099 2868 3447 2940 ἀντικειμένη
3490 2868 3590 2921 δύο

333 2968 477 3022 ιηοηί
512 2968 824 3021 adversaria
861 2966 1084 3033 dicenti,
1119 2966 1244 3021 Haec
1287 2966 1420 3021 dicit
1478 2965 1737 3019 Dominus
1760 3003 1777 3029 ,
1819 2963 1898 3018 sic

319 3069 379 3113 et
423 3060 513 3114 ille
555 3058 873 3114 clamabat:
916 3079 935 3110 ι
985 3058 1110 3113 Haec
1158 3059 1291 3113 dicit
1338 3072 1433 3112 rex
1482 3071 1748 3126 magnus,
1801 3068 1897 3111 rex

324 3149 694 3220 Assyriorum.
731 3169 750 3202 ι

394 3241 559 3297 Vens.
591 3240 648 3307 5,
676 3241 731 3298 6.
769 3260 791 3293 ‹
826 3242 964 3298 Ecce
996 3243 1220 3299 conﬁdis
1250 3244 1416 3312 virgae
1439 3242 1748 3297 arundinea:
1775 3241 1899 3297 huic

322 3336 648 3403 contractae,
712 3333 987 3405 Egypto:
1034 3336 1120 3392 cui
1168 3337 1213 3392 si
1264 3336 1350 3391 vir
1394 3335 1678 3401 innitatur,
1732 3348 1899 3404 pene-

323 3424 490 3481 trabit
519 3440 736 3480 manum
767 3426 903 3495 cjus.
944 3426 1036 3482 Sic
1081 3436 1165 3483 est
1192 3426 1407 3483 Pharao
1446 3443 1541 3482 rex
1569 3426 1813 3498 Egypti,
1844 3435 1900 3483 et

322 3532 514 3573 omnes
545 3518 638 3588 qui
691 3518 971 3573 conﬁdunt
996 3519 1050 3574 in
1087 3534 1176 3575 eo.
1221 3539 1239 3571 ι
1278 3520 1624 3590 Sycophanta
1662 3534 1783 3575 cum
1808 3532 1898 3575 es-

321 3616 407 3663 set
431 3608 702 3673 inimicus,
727 3609 1014 3665 Ezechiam
1046 3610 1483 3666 calumniabatur
1513 3611 1719 3675 dicens,
1756 3609 1901 3665 Ecce

322 3698 551 3756 conﬁdis
598 3698 869 3772 Egypto,
914 3711 970 3757 et
1028 3700 1300 3757 Pharaoni
1354 3703 1466 3773 regi
1504 3702 1754 3773 Egypti,
1804 3701 1896 3771 qui

321 3791 614 3849 ﬁdentibus
661 3795 790 3860 sibi,
832 3805 888 3851 et
929 3798 1277 3867 sperantibus
1323 3798 1378 3853 in
1417 3812 1512 3863 se,
1559 3796 1753 3868 quovis
1789 3796 1897 3851 ini-

318 3888 465 3942 mico
498 3889 737 3943 deterior
764 3897 870 3953 est,
921 3891 1170 3945 nesciens
1208 3901 1363 3961 pacta
1414 3906 1637 3947 scrvare
1666 3904 1788 3945 cum
1831 3887 1899 3943 iis

321 3978 416 4043 qui
449 3978 517 4031 ad
562 3979 737 4048 ipsum
776 3979 1132 4050 confugiunt:
1175 3997 1346 4051 quare
1396 3983 1630 4038 similem
1669 3979 1745 4033 ait
1777 3994 1899 4033 esse

319 4069 489 4138 virgae
523 4070 747 4135 calami,
778 4087 898 4140 qua:
935 4073 1097 4127 simul
1131 4086 1326 4129 natura
1362 4075 1591 4145 fragilis,
1620 4083 1676 4128 et
1707 4072 1774 4127 iis
1803 4072 1895 4141 qui

319 4161 424 4229 ipsi
454 4161 759 4218 innituntur
801 4165 959 4219 noxia
985 4175 1091 4222 est.

1998 2978 2163 3032 ναμις
2213 2961 2293 3032 τῷ
2341 2960 2666 3033 προφητικῷ
2698 2961 2777 3032 τῷ
2793 2962 3073 3032 φάσκοντι,
3111 2960 3251 3016 Τάδε
3292 2960 3440 3030 λέγει
3470 2962 3590 3015 Κύ-

2001 3067 2135 3122 ριος,
2167 3051 2263 3105 καὶ
2292 3045 2445 3115 οὗτος
2472 3051 2599 3105 ὲϐόα
2618 3068 2633 3083 ο
2680 3069 2699 3103 ι
2726 3052 2867 3105 Τάδε
2901 3051 3048 3122 λέγει
3085 3053 3113 3105 ὁ
3147 3052 3400 3124 βασιλεὺς
3425 3055 3454 3107 6
3486 3054 3590 3125 μέ-

1998 3159 2122 3213 γας,
2148 3146 2177 3197 6
2204 3144 2456 3215 βασιλεὺς
2490 3143 2811 3217 Ἀσσυρίων.
2833 3163 2854 3196 ι

2074 3254 2093 3287 ι
2129 3236 2260 3290 Ἰδοὺ
2291 3235 2570 3299 πεποιθὼς
2620 3232 2672 3289 εἷ
2724 3237 2818 3289 ἐπὶ
2877 3236 2977 3308 τὴν
3041 3236 3239 3307 ῥάϐδον
3286 3237 3385 3310 τὴν
3409 3239 3583 3293 καλα-

2003 3326 2162 3398 μίνην
2192 3327 2293 3400 τὴν
2322 3326 2693 3398 τεθλασμένην
2717 3328 2942 3399 ταύτην,
2973 3328 3060 3380 ἐπ’
3089 3328 3382 3397 Αἴγυπτον,
3410 3329 3486 3392 ὼς
3516 3329 3590 3383 ἂν

1999 3419 2359 3492 ὲπιστηριχθῇ
2395 3419 2535 3491 ἀνὴρ
2575 3421 2662 3472 ἐπ’
2692 3419 2899 3491 αὐτὴν,
2947 3419 3314 3474 εἰσελεύσεται
3366 3422 3446 3484 εἰς
3482 3422 3587 3491 τὴν

1998 3514 2158 3583 χεῖρα
2187 3511 2382 3565 αὐτοῦ·
2415 3509 2590 3575 οὕτως
2618 3511 2737 3564 ἐστὶ
2766 3510 2965 3583 Φαραὼ
3001 3511 3255 3581 βασιλεὺς
3282 3512 3584 3581 Αἰγύπτου,

1998 3604 2093 3658 καὶ
2124 3603 2325 3669 πάντες
2352 3604 2402 3657 οί
2431 3602 2752 3667 πεποιθότες
2787 3604 2874 3657 ἐπ’
2900 3604 3067 3675 αύτῷ.
3092 3622 3111 3657 ι
3153 3605 3504 3675 Συκοφάντης
3526 3604 3587 3658 δὲ

1997 3693 2073 3749 ὢν
2127 3696 2157 3750 6
2207 3695 2399 3769 ἐχθρὸς
2447 3695 2844 3766 καταψεύδεται
2894 3695 2992 3751 τοῦ
3055 3698 3329 3763 Ἐζεκίου,
3383 3698 3583 3767 λέγων,

2011 3787 2140 3840 Ἰδοὺ
2176 3785 2455 3851 πεποιθὼς
2482 3782 2533 3841 εἴ
2563 3788 2649 3840 ἐπ’
2686 3786 2980 3857 Αἴγυπτον,
3012 3788 3107 3841 καὶ
3136 3789 3228 3842 ἐπὶ
3254 3788 3453 3861 Φαραὼ
3480 3788 3582 3859 βα·-

2001 3879 2154 3933 σιλέα
2174 3878 2548 3949 Αίγύπτου,ὃς
2572 3882 2686 3943 τοῖς
2714 3881 3147 3952 ἐπερειδομένοις
3178 3884 3265 3935 ἐπ’
3292 3881 3460 3953 αὐτῷ,
3486 3881 3583 3936 καὶ

1998 3971 2356 4044 ὲπιθαρροὖσι
2406 3972 2607 4036 παντὸς
2651 3973 2860 4043 γίνεται
2912 3973 3169 4045 πολεμίου
3218 3974 3436 4046 χείρων,
3482 3976 3583 4030 οὐκ

1997 4066 2154 4130 είδὼς
2182 4067 2471 4137 φυλάττειν
2505 4065 2607 4130 τὰς
2645 4065 2920 4137 συνθήκας
2950 4068 3062 4129 τοῖς
3095 4066 3396 4138 πρόσφυξιν
3415 4084 3429 4097 ⁸
3458 4065 3570 4120 ὄθεκ

1999 4159 2231 4212 ἐοικέναι
2264 4158 2429 4212 αὐτὸν
2457 4157 2639 4229 ῥάϐδῳ
2670 4156 2968 4230 καλαμίνῃ,
2998 4156 3135 4228 ὁμοῦ
3170 4157 3264 4210 καὶ
3292 4157 3354 4210 τὸ
3382 4156 3585 4228 σαθρὸν

2004 4252 2203 4325 ἐχούσῃ
2248 4254 2313 4306 ἐκ
2371 4252 2607 4323 φύσεως,
2647 4251 2829 4307 καὶτὸ
2863 4251 3124 4322 βλαϐερὸν
3155 4253 3267 4315 τοῖς
3303 4249 3581 4322 ἐπερειδο-

2005 4345 2184 4415 μένοις
2215 4344 2373 4415 αὐτῇ.

387 4423 557 4482 Vsus.
586 4426 641 4481 7.
669 4444 689 4479 ι
722 4426 875 4495 Quod
901 4428 947 4483 si
977 4426 1177 4494 dicitis,
1206 4428 1264 4484 In
1309 4430 1537 4486 Domino
1565 4429 1676 4487 Deo
1705 4442 1892 4490 nostro

2072 4454 2091 4487 ι
2122 4436 2184 4488 Εἰ
2204 4434 2261 4488 δὲ
2287 4434 2496 4505 λέγετε,
2541 4432 2664 4488 Ἐπὶ
2696 4431 2899 4505 Κύριον
2929 4433 3021 4488 τὸν
3053 4432 3363 4504 Θεὸνὴμῶν
3386 4435 3583 4489 πεποε⁴

315 4520 680 4575 eonlidimus:
727 4534 906 4575 annon
944 4522 1059 4591 ipse
1091 4530 1196 4588 est,
1234 4522 1391 4592 cujus
1425 4524 1643 4581 excelsa
1672 4527 1894 4583 sustulit

320 4611 604 4677 Ezechias,
649 4620 704 4666 et
738 4613 932 4667 altaria
972 4612 1127 4681 ejus;
1163 4624 1221 4669 et
1268 4614 1409 4669 dixit
1444 4615 1598 4672 Judte
1636 4626 1693 4672 et
1734 4617 1894 4674 Jeru-

316 4701 745 4758 salem:Coram
777 4702 932 4757 altari
977 4703 1082 4759 isto
1122 4704 1391 4759 adorate?
1434 4724 1454 4756 ι
1501 4705 1621 4760 Νοη
1669 4705 1889 4777 ignora-

315 4793 447 4847 bant
479 4792 626 4845 enim
662 4793 896 4862 inimici,
927 4793 1219 4849 Ezechiam
1249 4805 1304 4849 et
1331 4794 1425 4864 qui
1461 4810 1585 4850 cum
1612 4809 1679 4850 eo
1711 4804 1890 4861 erant,

313 4882 567 4951 precibus
604 4897 669 4937 ac
711 4883 815 4951 piis
854 4885 1199 4940 sermonibus
1230 4886 1297 4939 ad
1345 4888 1713 4955 superandum
1754 4902 1892 4955 opus

315 4975 540 5031 habere.
586 4974 712 5030 Hac
754 4977 871 5046 ipsa
921 4977 1262 5033 criminando
1308 4977 1437 5033 dicit
1480 4977 1585 5032 dux
1638 4979 1892 5050 Assyrio-

314 5081 458 5131 rum,
513 5065 806 5123 Ezechiam
856 5071 1009 5139 quasi
1060 5079 1382 5139 praesentem
1430 5070 1754 5139 alloquens:
1803 5072 1887 5126 cui

312 5158 577 5215 Ezechias
614 5171 671 5217 et
706 5162 798 5231 qui
833 5178 957 5216 cum
1005 5178 1072 5216 eo
1115 5173 1269 5218 erant
1310 5164 1427 5217 haec
1469 5164 1592 5232 jure
1640 5180 1892 5233 reposue-

311 5251 454 5306 riut:
495 5271 513 5303 ι
551 5251 615 5306 lli
645 5254 699 5307 in
735 5254 1012 5321 curribus,
1056 5266 1111 5310 et
1150 5257 1204 5310 hi
1254 5260 1305 5311 in
1340 5258 1533 5326 cquis;
1578 5274 1678 5315 nos
1710 5269 1891 5315 autem

312 5341 368 5395 in
416 5344 637 5399 nomine
692 5347 787 5401 Dei
830 5348 1000 5403 nostri
1039 5349 1419 5407 invocabimus
1446 5349 1513 5405 ⁸⁸.
1551 5371 1571 5405 ι

388 5522 553 5579 Vnus.
583 5526 735 5581 8-10.
780 5549 799 5581 ι
836 5528 991 5589 Nunc
1035 5533 1310 5607 adjungite
1351 5550 1448 5592 vos
1495 5534 1724 5593 Domino
1770 5550 1893 5593 meo

388 5732 431 5763 ⁵⁸
460 5732 599 5791 Paul.
640 5751 752 5802 xix,
785 5736 837 5791 8.

1996 4525 2201 4597 θαμεν’
2257 4525 2358 4580 οὐκ
2407 4525 2572 4589 αὑτός
2625 4525 2763 4587 ἐστι,
2817 4518 2879 4577 οὗ
2935 4525 3157 4594 ἀφεῖλεν
3223 4527 3467 4591 Ἐζεκίας
3511 4529 3583 4581 τὰ

1995 4616 2174 4689 ὑψηλὰ
2204 4616 2391 4683 αὑτοῦ,
2421 4618 2517 4671 καὶ
2548 4616 2619 4670 τά
2645 4616 3007 4689 θυσιαστήρια
3021 4616 3185 4671 αὑτοῦ
3204 4636 3219 4650 ο
3250 4620 3343 4671 καὶ
3359 4615 3480 4673 εἷπε
3504 4620 3585 4693 τῷ

2007 4708 2177 4782 Ἰούδᾳ
2214 4710 2309 4763 καὶ
2355 4712 2421 4781 τῇ
2488 4710 2879 4781 Ἰερουσαλήμ·
2936 4708 3094 4762 Κατά
3145 4710 3435 4781 πρόσωπον
3482 4712 3583 4768 τοῦ

1998 4799 2381 4871 θυσιαστηρίου
2400 4799 2590 4852 τούτου
2615 4799 3027 4871 προσκυνήσατε
3050 4814 3064 4862 ;
3089 4818 3106 4849 ι
3135 4799 3208 4851 Οὐ
3226 4798 3333 4869 γὰρ
3351 4799 3583 4867 ἠγνόουν

1996 4893 2045 4945 οἱ
2092 4891 2358 4962 πολέμιοι,
2411 4891 2492 4943 ὃτι
2534 4890 2600 4943 δι’
2632 4889 2808 4962 εὐχῶν
2853 4893 3076 4961 κρατεῖν
3130 4889 3223 4942 καὶ
3266 4889 3354 4941 διὰ
3407 4889 3583 4958 λόγων

1997 4983 2262 5037 θεοσεϐῶν
2284 4984 2365 5036 δεῖ
2392 4984 2483 5037 τὸν
2518 4982 2764 5047 Ἐζεκίαν
2791 4982 2883 5035 καὶ
2913 4982 3040 5045 τοὺς
3062 4982 3156 5034 σὺν
3189 4981 3355 5052 αὐτῷ.
3393 4982 3582 5036 Ταῦτα

1996 5076 2134 5130 αὐτὰ
2179 5076 2453 5129 διαϐάλλει
2485 5076 2514 5129 6
2545 5073 2637 5128 τοῦ
2685 5072 2970 5144 Ἀσσυρίου
3025 5072 3349 5143 στρατηγὸς,
3406 5073 3583 5142 λέγων

1997 5167 2072 5231 ὡς
2122 5169 2257 5239 πρὸς
2293 5168 2539 5239 παρόντα
2586 5166 2676 5220 τὸν
2723 5165 3001 5230 Ἐξεκίανο
3040 5164 3175 5235 πρὸς
3212 5164 3271 5216 δν
3320 5164 3385 5217 ἂν
3428 5160 3584 5217 εἶπεν

2011 5261 2257 5325 Ἐζεκίας
2285 5260 2380 5313 xai.
2420 5261 2470 5313 οἱ
2520 5259 2617 5312 σὺν
2645 5257 2823 5329 αὐτῷ’
2865 5275 2885 5308 ι
2910 5252 3069 5311 Οὗτοι
3110 5256 3167 5307 ὲν
3217 5257 3449 5328 ἅρμασι,
3486 5258 3584 5310 καὶ

2000 5348 2145 5408 οὗτοι
2170 5355 2228 5408 ὲν
2253 5353 2442 5417 ἵπποις
2461 5371 2475 5383 ο
2511 5354 2671 5425 ἡμεῖς
2696 5352 2755 5406 δὲ
2788 5353 2849 5406 ὲν
2874 5351 3099 5422 ὀνόματι
3125 5350 3220 5404 τοῦ
3249 5352 3385 5405 Θεοῦ
3419 5352 3581 5423 ἡμῶν

2001 5444 2227 5499 ἐπικαλε
2236 5445 2456 5516 σόμεθα.
2490 5464 2507 5496 ι

2077 5557 2095 5589 ι
2125 5537 2238 5591 Νῦν
2274 5535 2502 5608 μίχθητε
2534 5535 2613 5607 τῷ
2655 5536 2845 5608 Κυρίῳ
2881 5553 2980 5606 μου
3013 5534 3091 5608 τῷ
3137 5536 3346 5607 βασιλεί
3388 5537 3573 5589 Ἀσσυο
