3880 6216
147 293 257 351 3ίῦ

1040 275 1546 337 COMMENTARIA
1588 273 1654 329 ΙΝ
1693 269 1950 329 ISAIAM.
1993 302 2062 316 ρ-
2096 266 2252 324 CAP.
2291 261 2535 320 XXXVI.

3316 245 3425 304 346

156 411 309 482 ρίων,
343 406 440 460 καὶ
470 401 628 457 δώσω
676 401 802 471 ὑμῖν
834 397 1099 468 δισχιλίαν
1132 396 1338 458 ἵππων,
1368 393 1416 446 εί
1450 388 1746 462 δυνήσεσθε
1775 435 1781 452 ι

1872 386 1962 455 'egi
1999 383 2368 456 Assyriorum,
2415 386 2470 430 et
2513 375 2656 429 dabo
2701 369 2855 425 vobis
2897 367 3006 421 duo
3039 362 3208 419 millia
3256 377 3425 430 equo-

2052 476 2064 482 “
2403 469 2414 482 ·
2497 481 2506 482 κ
2551 476 2787 482 κηλη-
2829 474 3009 482 η---η-
3064 455 3122 482 υ.
3160 455 3425 482 mnuum...

153 481 342 556 δοῦναι
369 498 649 560 ἀναϐάτας
682 497 768 549 ἐπ’
800 491 1016 554 αὐτούς.
1048 489 1159 545 Kal
1192 486 1311 550 πῶς
1347 481 1576 538 δύνασθε
1609 482 1748 535 ἀπο-

159 593 392 664 στρέψαι
423 591 506 654 εῖς
536 589 830 662 πρόσωπον
858 584 968 638 τῶν
997 578 1320 652 τοπαρχῶν;
1356 576 1577 630 Οἰκέται
1609 573 1750 626 εἰσὶν

155 689 206 740 οί
234 683 562 747 πεποιθότες
591 681 678 734 ἐπ’
707 678 1060 748 Αἰγυπτίους.
1091 673 1202 728 Kal
1229 670 1326 725 νῦν
1367 668 1442 740 μὴ
1476 667 1606 721 ἀνευ
1635 667 1750 720 Κυ-

158 781 278 850 ρίου
315 775 591 846 ἀνέϐημεν
624 774 722 825 ἐπὶ
760 771 859 842 τὴν
898 767 1083 841 χώραν
1121 763 1360 836 ταύτην;
1396 759 1601 832 Κύριος
1629 754 1749 810 εἷπε

159 872 299 943 πρὸς
332 870 402 942 μέ
421 887 435 900 °
473 866 730 938 Ἀνάὸηθι
764 864 858 918 ἐπὶ
875 862 974 934 τὴν
996 861 1102 932 γῆν
1124 858 1349 929 ταύτην,
1380 853 1474 910 καὶ
1505 851 1748 921 διάφθει-

161 940 254 1035 ρον
309 940 504 1032 αὑτήν.
531 979 549 1012 ι
589 961 796 1028 Δεῖγμα
839 955 916 1021 δὲ,
963 954 1150 1024 φησὶν,
1203 948 1430 1020 ἐναργὲς
1474 944 1569 998 τοῦ
1609 940 1752 996 κατὰ

157 1053 496 1125 πρόσταγμα
541 1049 679 1104 Θεοῦ
724 1047 898 1102 ταῦτα
945 1042 1301 1114 γεγενῆσθαι,
1343 1041 1405 1094 τὸ
1428 1039 1526 1110 τὴν
1567 1035 1752 1108 Σαμά-

158 1163 317 1218 ρειαν
349 1144 490 1199 ἑλεῖν
518 1143 612 1197 καὶ
639 1141 818 1195 πάντα
837 1139 928 1192 τὸν
968 1135 1184 1209 Ἰσραὴλ
1204 1134 1514 1202 ἀπαγαγεῖν
1543 1128 1748 1200 αἰχμά-

156 1238 359 1292 λωτον.
410 1236 499 1298 Ὠς
549 1233 658 1305 γὰρ
696 1231 938 1294 ἐκείνους
968 1228 1232 1297 ἀδελφοὺς
1261 1227 1422 1290 ὄντας
1452 1222 1753 1294 ὑμετέρους

155 1323 333 1392 εἷλον,
372 1329 474 1382 οὐκ
503 1327 678 1390 άλλως
718 1326 752 1396 ἢ
790 1323 884 1378 τοῦ
917 1321 1052 1376 Θεοῦ
1093 1319 1438 1391 βουλομένου,
1467 1317 1559 1372 τὸν
1591 1314 1753 1369 αὐτὸν

155 1423 364 1496 τρόπον
400 1419 562 1473 αὐτοῦ
595 1419 825 1488 νεύματι
851 1416 946 1472 καὶ
970 1415 1114 1486 ὑμᾶς
1145 1412 1418 1484 λήψομαι.
1452 1409 1576 1463 Εἴτε
1607 1408 1664 1462 δὲ
1689 1408 1754 1461 ὲκ

155 1514 257 1569 τοῦ
287 1515 498 1576 εἰκότος
520 1511 694 1565 ταῦτα
727 1509 933 1578 ἔφασκε
968 1505 1363 1578 στοχαζόμενος
1387 1502 1450 1556 τὸ
1481 1518 1754 1573 κεκρατη-

161 1607 321 1662 κέναι
375 1605 471 1659 τοῦ
520 1601 954 1676 χρηματίζοντος
1003 1598 1133 1652 λαοῦ
1166 1597 1258 1652 τοῦ
1305 1593 1466 1660 Θεοῦ,
1499 1593 1642 1661 λέγω
1689 1590 1753 1662 δὴ

158 1700 258 1754 τοῦ
306 1690 528 1770 Ἰσραήλ
549 1715 564 1729 ο
601 1695 712 1749 εἴτε
730 1695 826 1748 καὶ
855 1691 1072 1764 ἀληθῶς
1106 1689 1324 1762 ᾔσθετο,
1358 1685 1491 1742 Θεοῦ
1510 1683 1750 1738 ὐποόἀλ-

158 1791 351 1852 λοντος
378 1748 546 1841 αὑτὸῦ
579 1789 690 1850 τοῖς
721 1748 1003 1856 λογισμοῖς
1033 1748 1240 1854 {iam
1281 1748 1550 1833 ’ίουδαίων
1587 1775 1748 1828 ἐπελ-
1789 1748 1828 1802 Β

160 1879 278 1932 θεῖν
312 1877 491 1949 χώρα,
519 1875 608 1930 διὰ
639 1876 736 1939 τὰς
788 1871 1186 1944 πεπραγμένας
1217 1870 1400 1932 αὐτοῖς
1432 1865 1628 1930 κακίας
1661 1867 1755 1919 καὶ

161 1970 537 2042 παρανομίας.

241 2103 262 2136 ι
290 2085 410 2138 Και
463 2082 584 2135 εἷπε
642 2079 781 2151 πρὸς
818 2077 980 2132 αὑτὸν
1025 2075 1332 2145 Ἑλιακεὶμ,
1381 2072 1476 2126 καὶ
1519 2071 1755 2142 Σομνᾶς,

163 2176 263 2230 καὶ
302 2175 464 2245 Ἰωάχ
483 2190 497 2204 ⁸
532 2171 780 2244 Λάλησον
811 2172 948 2241 πρὸς
978 2171 1105 2232 τοὺς
1139 2152 1334 2230 παῖδάς
1366 2182 1462 2218 σου
1496 2161 1754 2235 Συριστί·

163 2267 447 2338 ἀκούομεν
474 2265 584 2337 γὰρ
614 2266 808 2335 ἡμεῖς·
850 2262 946 2316 καὶ
979 2259 1055 2332 μὴ
1088 2257 1238 2313 λάλει
1271 2257 1406 2326 πρὸς
1437 2257 1585 2327 ἡμᾶς
1624 2253 1758 2307 Ἰου-

159 2360 367 2414 δαῖστί.
402 2359 514 2412 Kal
544 2358 633 2410 ἵνα
665 2356 718 2409 τί
748 2354 930 2418 λαλεῖς
961 2356 1042 2416 είς
1071 2353 1141 2406 τὰ
1169 2348 1284 2405 ὦτα
1310 2349 1418 2404 τῶν
1457 2347 1759 2420 ἀνθρώπων

165 2454 261 2505 ἐπὶ
285 2450 366 2522 τῷ
391 2450 598 2520 τείχει;
625 2469 644 2500 ι
680 2448 959 2519 Τηρητέον
986 2447 1065 2509 δὲ,
1091 2447 1166 2510 ὡς
1205 2445 1300 2499 καὶ¹
1323 2443 1433 2498 τῶν
1460 2444 1518 2496 ἐν
1545 2441 1759 2504 τούτοις

171 2542 598 2614 ὀνομαζομένων
636 2539 865 2611 ἀνδρῶν,
916 2537 1059 2607 λέγω
1087 2537 1154 2608 δὴ
1199 2535 1293 2590 τοῦ
1354 2533 1638 2604 Ἐλιακεὶμ
1665 2531 1761 2586 καὶ

165 2634 263 2688 τοῦ
296 2634 501 2704 Σομνᾶη
528 2631 622 2686 καὶ
663 2629 750 2684 διὰ
778 2628 886 2683 τῶν
925 2627 1234 2701 ἔμπροσθεν
1273 2627 1494 2698 μνήμην
1526 2625 1763 2678 ἐποιεῖτο

166 2729 198 2781 6
222 2727 514 2798 προφήτης
532 2726 592 2778 ὲν
611 2721 692 2794 τῷ
713 2725 918 2794 ῥήματι
942 2721 1044 2792 τῆς
1069 2721 1354 2791 φάραγγος
1378 2716 1537 2772 Σιών.
1574 2717 1768 2783 ’Δναγ-

168 2819 309 2873 καία
355 2818 416 2872 δέ
462 2820 610 2870 ἐστιν
655 2819 690 2888 ὴ
743 2816 1068 2886 ὲπιτήρησις
1109 2814 1190 2878 είς
1232 2811 1295 2869 τὸ
1345 2809 1655 2881 ἐφαρμόσαι
1693 2809 1764 2878 τῇ

169 2908 518 2983 προκειμένῃ
565 2907 778 2980 ἱστορία
825 2906 952 2969 τοὺς
1003 2907 1063 2958 ὲν
1111 2904 1295 2976 ἐκείνῃ
1333 2905 1402 2974 τῇ
1457 2900 1769 2974 προφητείᾳ

171 3003 518 3076 φερομένους
586 3000 795 3070 λόγους.
838 3000 976 3053 Φασὶ
1019 2998 1076 3052 δὲ
1126 2997 1317 3059 παῖδες
1373 2994 1638 3066 Ἑϐραίων
1675 2990 1767 3045 τὸν

171 3097 393 3166 Σομνᾶν
411 3092 599 3147 τοῦτον
623 3090 991 3162 αὐτομολῆσαι
1025 3089 1163 3160 πρὸς
1180 3088 1273 3142 τὸν
1304 3085 1587 3157 Ἀσσύριον
1613 3083 1772 3137 iicre-
1794 3094 1838 3152 α

171 3143 296 3257 90:,
323 3184 506 3252 δεξιάν
538 3182 689 3254 αὐτῷ
861 3143 1080 3254 ἑτέροις¹
1105 3143 1382 3234 ’δεδωκότα
1432 3143 1520 3232 δίά
1563 3175 1657 3230 τὸν
1706 3174 1766 3242 ἐξ

1872 3155 2036 3216 atque
2067 3143 2191 3198 ideo
2242 3155 2342 3204 ea,
2384 3152 2506 3208 qua:

1921 3249 2072 3257 _,,.____
2127 3235 2190 3257 -..I-
2236 3234 2324 3257 :II-
2365 3232 2504 3257 Ᾱεηι..

169 3275 348 3332 αὑτοῦ
383 3276 550 3346 φόὸον
569 3293 583 3306 ·
621 3275 718 3330 καὶ
761 3274 953 3328 τούτου
983 3273 1143 3345 χάριν
1175 3272 1266 3326 διὰ
1311 3271 1422 3324 τῶν
1456 3266 1768 3341 ἔμπροσθεν

171 3368 674 3443 προφητευθέντων
709 3367 835 3439 περὶ
871 3367 1039 3420 αὐτοῦ
1072 3365 1343 3419 λέλεκται.

251 3479 275 3512 ι
299 3458 418 3512 Kal
440 3453 566 3511 εἷπε
599 3457 738 3528 πρὸς
768 3455 966 3519 αὐτοὺς
1007 3454 1320 3524 Ῥαῦσάκης
1337 3469 1351 3482 ·
1387 3450 1480 3522 Μὴ
1509 3448 1648 3520 πρὸς
1677 3447 1770 3502 τὸν

176 3550 376 3620 κύριον
412 3548 588 3620 ὑμῶν,
622 3548 657 3618 ἢ
697 3548 835 3620 πρὸς
890 3547 1037 3618 ὑμᾶς
1068 3543 1379 3600 ἀπέσταλκε
1420 3560 1486 3614 με
1516 3544 1545 3596 6
1579 3539 1770 3613 κύριός

175 3657 313 3710 μου,
346 3637 577 3710 λαλῆσαι
611 3639 737 3701 τοὺς
767 3637 956 3706 λόγους
998 3635 1256 3698 τούτους;
1295 3633 1430 3704 Οὐχὶ
1460 3631 1599 3704 πρὸς
1640 3631 1770 3693 τοὺς

173 3729 509 3801 ἀνθρώπους
544 3729 671 3791 τοὺς
704 3727 1050 3798 καθημένους
1081 3725 1174 3777 ἐπὶ
1202 3722 1283 3793 τῷ
1317 3723 1508 3793 τείχει,
1543 3720 1630 3773 ἵνα
1665 3718 1770 3788 φά-

176 3837 324 3889 γωσι
353 3820 580 3891 κόπρον,
609 3819 704 3873 καὶ
729 3819 927 3872 πίωσιν
949 3812 1110 3887 οὖρον
1139 3814 1257 3886 μεθ’
1289 3812 1444 3884 ὑμῶν
1477 3812 1593 3882 άμα
1616 3828 1632 3876 ;
1659 3809 1772 3863 Kal

180 3913 321 3984 ἔσει-η
362 3912 696 3982 Ῥαὸσάκης,
743 3911 838 3964 καὶ
869 3907 1131 3978 ἀνεϐόησε
1177 3908 1329 3977 φωνῇ
1381 3904 1593 3976 μεγάλῃ
1636 3903 1772 3955 ’1ου-

178 4003 366 4058 δαῖστὶ
405 4002 500 4056 καὶ
531 3996 683 4054 εἶπεν
702 4017 716 4032 ο
765 3999 1058 4053 Ἀκούσατε
1090 3996 1222 4060 τοὺς
1249 3994 1439 4062 λόγους
1472 3992 1566 4046 τοῦ
1617 3990 1782 4061 βασι-⁸

180 4098 327 4161 λέως
355 4096 452 4149 τοῦ
488 4095 745 4166 μεγάλου,
784 4093 1048 4164 βασιλέως
1093 4089 1412 4160 Ἀσσυρίων.
1449 4086 1589 4140 Τάδε
1624 4084 1775 4152 λέγει

180 4193 212 4244 6
245 4189 535 4260 βασιλεύςο
576 4189 668 4260 Μὴ
699 4187 963 4241 ἀπατάτω
994 4186 1138 4256 ὑμᾶς
1176 4182 1424 4246 Ἐζεκίας
1469 4180 1674 4249 λόγοις·
1711 4177 1772 4229 ού

181 4284 415 4353 δύνηται
447 4281 714 4354 ῥύσασθαι
752 4280 916 4350 ὑμᾶς.
952 4278 1065 4332 Kal
1121 4275 1196 4348 μὴ
1225 4274 1430 4342 λεγέτω
1461 4273 1589 4344 ὑμῖν
1625 4269 1776 4334 Ἐζε-

1850 493 1992 540 rum,
2020 476 2064 530 si
2100 455 2354 544 poteritis
2384 469 2516 521 dare
2545 476 2789 520 sessores
2824 474 3034 514 eorum.
3064 455 3130 508 Et
3159 455 3426 523 quomodo

1849 568 2074 639 potectis
2119 576 2269 619 stare
2305 563 2360 616 in
2409 563 2705 626 conspectu
2754 544 3186 619 toparcharum?
3232 544 3426 597 Dome—

1847 637 1971 716 stici
2015 664 2174 722 sunt,
2221 655 2314 726 qui
2376 645 2650 720 Egyptiis
2703 642 3004 699 conlldunt.
3053 637 3115 692 Et
3171 648 3312 688 nunc
3358 647 3427 684 an

1849 756 2056 821 absque
2099 748 2327 803 Domino
2367 739 2713 797 ascendimus
2765 734 2820 789 in
2874 743 3078 786 terram
3115 725 3293 782 hanc?
3327 721 3431 777 Do-

1855 815 2033 898 minus
2067 841 2208 896 dixit
2236 836 2366 892 mihi
2403 853 2416 888 :
2454 830 2706 887 Ascende
2736 826 2790 880 in
2824 833 3022 878 terram
3049 819 3210 882 hanc,
3241 826 3296 870 et
3323 815 3432 869 dis-

1850 937 2016 1006 perde
2047 948 2189 989 eam.
2221 950 2241 984 ι
2280 930 2697 998 Argumentum,
2727 917 2926 988 inquit,
2947 910 3296 967 manifestum
3329 914 3434 968 est,

1851 998 1968 1084 haec
2004 1026 2156 1096 jussu
2190 1021 2285 1078 Dei
2324 1027 2548 1090 peracta
2588 1013 2778 1074 fuisse,
2813 1005 2957 1073 quod
2997 1003 3088 1059 ille
3127 998 3430 1056 Samariam

1851 1089 2268 1190 expugnaverit,
2300 1089 2354 1166 et
2384 1109 2695 1162 universum
2729 1097 2984 1157 lsraelem
3029 1095 3302 1165 captivum
3333 1089 3431 1146 ab—

1853 1182 2088 1264 duxerit.
2127 1197 2595 1270 Quemadmodum
2630 1191 2777 1247 enim
2806 1203 2930 1253 eos,
2972 1185 3064 1256 qui
3105 1182 3305 1238 fratres
3345 1192 3439 1232 ve-

1853 1303 1952 1357 stri
1993 1305 2155 1362 sunt,
2195 1308 2301 1348 non
2331 1289 2494 1344 aliter
2547 1298 2709 1356 quam
2747 1281 2860 1336 Deo
2897 1278 3135 1344 volente,
3182 1272 3322 1344 cepi,
3361 1271 3436 1326 ita

1853 1403 1912 1450 et
1938 1393 2055 1459 ejus
2109 1396 2241 1443 nutu
2281 1399 2380 1438 vos
2413 1380 2646 1447 capiam.
2687 1375 2813 1430 Haec
2844 1386 3009 1443 porro
3045 1369 3160 1425 sive
3203 1382 3271 1422 ex
3320 1363 3436 1419 veri

1855 1457 2212 1541 similitudine
2248 1475 2484 1539 dicebat,
2537 1472 2664 1526 hinc
2699 1467 3016 1537 conjectura
3057 1464 3251 1526 ducta,
3295 1457 3440 1529 quod

1855 1593 2020 1641 eum,
2058 1574 2155 1646 qui
2204 1569 2433 1642 populus
2478 1566 2572 1620 Dei
2605 1561 2938 1624 vocabatur,
2981 1555 3235 1612 lsraelem
3280 1552 3438 1616 dico,

1857 1645 2265 1739 expugnasset;
2309 1663 2426 1718 sive
2471 1657 2618 1729 quod
2663 1669 2850 1710 revera
2885 1651 3143 1712 sentiret,
3183 1663 3212 1700 a
3249 1645 3442 1700 Denso

1860 1763 1926 1816 ad
1966 1759 2276 1815 Judreorum
2328 1765 2530 1808 terram
2593 1745 2953 1803 invadendam
2997 1739 3256 1796 immissis
3299 1737 3446 1807 cogi—

1861 1852 2160 1910 tationibus
2205 1845 2490 1919 instigari,
2527 1843 2597 1899 ob
2638 1838 2780 1896 mala
2825 1846 2881 1893 et
2930 1833 3142 1892 scelera
3194 1832 3262 1886 ab
3310 1829 3444 1900 ipsis

1858 1953 2192 2015 perpetrata.

1930 2037 2096 2092 Vens.
2130 2034 2218 2088 ll.
2249 2052 2268 2084 ι
2309 2031 2377 2086 Et
2420 2029 2560 2086 dixit
2602 2027 2652 2082 ci
2691 2021 2917 2079 Eliacim
2941 2059 2958 2086 ,
2991 2028 3048 2075 et
3073 2017 3303 2073 Somnas
3327 2057 3341 2080 ,
3391 2022 3446 2068 et

1858 2129 2064 2188 Joacb:
2095 2127 2345 2198 Loquere
2375 2125 2441 2180 ad
2484 2133 2676 2177 servos
2715 2126 2838 2172 tuos
2883 2113 3148 2185 Syriace:
3193 2108 3446 2164 audimus

1859 2213 2005 2282 enim
2036 2238 2167 2279 nos:
2194 2195 2265 2276 et
2297 2233 2364 2274 ne
2407 2217 2626 2284 loquere
2673 2211 2741 2264 ad
2777 2222 2878 2264 nos
2917 2203 3160 2260 Judaice.
3218 2198 3288 2253 Et
3314 2195 3445 2268 quid

1863 2317 2104 2389 loqueris
2141 2315 2196 2369 in
2230 2326 2392 2367 aures
2429 2306 2748 2368 hominum,
2796 2298 2889 2371 qui
2916 2302 3085 2352 stant
3132 2304 3297 2361 supra
3326 2303 3446 2344 mu-

1865 2382 2022 2467 rum?
2057 2427 2076 2462 ›
2107 2404 2415 2461 Notandum
2445 2409 2548 2462 est,
2573 2397 2662 2452 hic
2689 2398 3113 2448 memoratorum
3139 2382 3444 2443 hominum,

1864 2502 2120 2560 videlicet
2165 2496 2393 2554 Eliacim
2444 2501 2500 2546 et
2545 2489 2782 2552 Summe,
2829 2483 2996 2539 etiam
3046 2479 3099 2533 in
3149 2471 3449 2546 praemissis

1866 2593 2202 2651 mentionem
2246 2603 2274 2642 a
2310 2583 2576 2655 propheta
2607 2578 2806 2632 factam
2844 2586 2986 2638 esse,
3031 2584 3156 2626 cum
3199 2567 3268 2620 de
3311 2563 3449 2618 valle

1867 2688 1999 2744 Sion
2029 2698 2212 2740 sermo
2241 2681 2558 2736 haberetur.
2604 2671 2705 2727 Hic
2754 2680 2919 2740 porro
2959 2678 3022 2719 ea
3065 2657 3450 2718 observatione

1866 2786 1954 2836 est
1987 2790 2146 2848 opus,
2179 2781 2237 2826 ut
2278 2769 2406 2825 huic
2439 2763 2704 2829 historiae,
2727 2756 3027 2832 prophetiae
3063 2754 3210 2808 illius
3250 2765 3453 2806 sermo-

1869 2885 1970 2927 nes
1994 2843 2339 2950 adaptemus.
2368 2863 2537 2916 Aiunt
2559 2867 2744 2911 autem
2765 2850 3001 2914 Hebraei,
3021 2848 3164 2903 hunc
3190 2843 3450 2899 Somuam

1869 2962 1938 3019 ad
1971 2934 2254 3032 Assyrium
2294 2962 2484 3025 postea
2516 2947 2895 3018 transfugisse,
2921 2957 2984 2998 ac
3024 2956 3148 2997 cum
3185 2937 3307 2992 aliis
3347 2934 3450 3005 ipsi

1871 3055 2151 3110 dexteram
2211 3043 2544 3109 contulisse,
2596 3041 2717 3112 ejus
2769 3037 3064 3093 formidine
3104 3039 3450 3103 permotum:

2556 3134 2812 3204 superius
2859 3131 2913 3186 in
2963 3125 3248 3200 prophetia
3291 3121 3458 3177 conti-

1873 3249 2094 3304 nentur,
2124 3235 2193 3292 de
2235 3234 2327 3290 illo
2362 3232 2508 3287 dicta
2542 3228 2733 3283 fuisse.

1942 3419 2111 3475 \‘sns.
2147 3415 2336 3472 12-20.
2377 3432 2396 3466 ι
2438 3412 2502 3468 Et
2529 3410 2667 3466 dixit
2710 3406 2776 3462 ad
2807 3419 2902 3461 eos
2951 3403 3275 3458 Rabsaces:
3317 3393 3455 3450 Num

1875 3517 1942 3570 ad
1972 3513 2250 3569 dominum
2283 3519 2546 3569 vestrum,
2589 3511 2684 3557 aut
2723 3500 2788 3554 ad
2828 3512 2926 3553 vos
2982 3494 3131 3549 misit
3175 3506 3260 3546 me
3291 3487 3460 3544 domi-

1874 3622 1975 3662 nus
2015 3619 2202 3670 meus,
2265 3609 2323 3654 ut
2387 3598 2578 3666 loquar
2624 3604 2910 3649 sermones
2957 3585 3126 3643 istos?
3154 3582 3345 3638 Nonne
3390 3581 3458 3634 ad

1873 3699 2122 3756 homines
2153 3695 2246 3766 qui
2303 3694 2496 3748 sedent
2529 3702 2694 3758 supra
2740 3697 2994 3747 murum,
3050 3687 3110 3733 ut
3171 3674 3461 3730 comedunt

1873 3799 2109 3856 stercus,
2142 3795 2200 3842 et
2235 3785 2425 3842 bibant
2464 3782 2679 3836 urinam
2713 3776 3000 3832 vobiscum
3030 3768 3226 3827 simul?
3257 3767 3320 3822 Et
3356 3775 3462 3822 ste-

1877 3882 1939 3938 tit
1976 3881 2283 3944 Rabsaces,
2336 3885 2392 3934 et
2461 3872 2720 3931 clamavit
2773 3882 2907 3924 voce
2957 3879 3153 3937 magna
3203 3861 3458 3924 Judaice,

1874 3984 1932 4031 ct
1960 3976 2134 4029 dixit:
2173 3971 2372 4030 Audite
2416 3982 2704 4025 sermones
2741 3962 2887 4034 regis
2929 3958 3142 4030 magni,
3187 3955 3329 4024 regis
3360 3957 3462 4007 As-

1875 4067 2170 4140 syriorum.
2206 4065 2334 4120 llaec
2365 4062 2498 4118 dicit
2529 4076 2622 4116 rex
2649 4077 2664 4114 :
2695 4057 2774 4114 Ne
2799 4070 2898 4111 vos
2936 4051 3167 4121 decipiat
3199 4046 3462 4104 Ezechias

1877 4138 2059 4217 verbis
2085 4178 2099 4215 :
2145 4173 2255 4214 non
2298 4154 2502 4228 poterit
2531 4153 2764 4207 liberare
2788 4164 2908 4204 vos.
2938 4146 3006 4202 Et
3040 4158 3109 4199 ne
3133 4142 3283 4198 dicat
3310 4138 3466 4194 vobis

1881 4253 2147 4310 Ezechias
2170 4291 2187 4319 ,
2222 4249 2352 4321 quia
2399 4245 2658 4303 liberabit
2692 4258 2788 4299 vos
2826 4241 2994 4305 Deus,
3039 4248 3096 4292 et
3121 4246 3463 4304 nequaquam

187 4327 415 4353 --τ-,ηη
447 4327 714 4354 ,νη-νη-
758 4327 779 4334 -
834 4327 915 4343 τ.-
953 4327 1063 4332 --η-
1121 4327 1196 4348 τη,
1230 4327 1254 4328 η
1298 4327 1311 4342 .
1499 4327 1512 4344 ,
1694 4327 1713 4334 -

187 4377 342 4438 κίας,
377 4375 460 4427 ὅτι
491 4375 715 4445 ῥύσεται
748 4327 890 4443 ὑμᾶς
916 4371 946 4422 6
973 4369 1126 4432 Θεὸς,
1166 4368 1261 4422 καὶ
1294 4369 1356 4421 οὐ
1391 4367 1465 4438 μὴ
1495 4364 1774 4436 παραδοθῇ

1879 4346 2128 4401 tradetur
2167 4343 2364 4398 civitas
2391 4341 2506 4396 hate
2536 4339 2589 4394 in
2633 4351 2855 4392 manqu
2907 4333 3051 4404 regis
3093 4327 3464 4399 Assyriorum.

186 4472 222 4540 ἡ
243 4469 404 4532 πόλις
427 4466 566 4538 αὕτη
598 4468 656 4520 ἐν
689 4467 831 4537 χειρὶ
853 4464 1119 4536 βασιλέως
1133 4459 1452 4533 ⁹Ασσυρίων.
1469 4457 1558 4530 Μὴ
1585 4456 1778 4510 ἀκούε-

185 4582 250 4619 τε
321 4560 584 4624 Ἐζεκίου.
615 4559 751 4612 Τάδε
807 4557 956 4626 λέγει
989 4557 1018 4608 6
1051 4554 1302 4625 βασιλεὺς
1345 4553 1644 4625 Ἀσσυρίων
1666 4569 1680 4582 ·
1712 4551 1777 4606 El

191 4652 454 4726 βούλεσθε
507 4648 891 4720 εὐλογηθῆναι,
938 4645 1307 4717 ὲκπορεύεσθε
1369 4645 1504 4716 πρὸς
1550 4644 1642 4715 μὲ,
1684 4643 1779 4696 καὶ

191 4745 436 4818 φάγεσθε
465 4745 695 4804 ἕκαστος
722 4740 820 4811 τὴν
852 4738 1095 4809 ἄμπελον
1128 4737 1292 4790 αὑτοῦ
1325 4737 1419 4790 καὶ
1448 4735 1546 4799 τὰς
1585 4735 1777 4799 συκᾶς,

193 4840 292 4894 καὶ
319 4833 513 4890 πίεσθε
545 4832 689 4902 ὕδωρ
715 4832 780 4884 ὲκ
806 4828 902 4883 τοῦ
936 4827 1140 4881 λάκκου
1172 4827 1353 4898 ὑμῶν·
1389 4826 1492 4890 ἓως
1526 4825 1593 4881 ἂν
1618 4825 1776 4890 ἔλθω,

191 4932 291 4986 καὶ
316 4928 471 4983 λάϐω
521 4926 669 4996 ὑμᾶς
711 4925 793 4987 είς
836 4923 972 4993 γῆν,
997 4922 1072 4986 ὡς
1104 4923 1139 4993 ἡ
1168 4922 1238 4992 γῆ
1273 4920 1449 4992 ὑμῶν,
1483 4919 1556 4991 γῆ
1607 4919 1778 4986 σίτου,

193 5022 291 5074 καὶ
327 5019 476 5072 οἴνου
507 5016 600 5068 καὶ
627 5013 832 5085 ἀρτων,
860 5013 955 5065 καὶ
993 5009 1350 5082 ἀμπελώνων.
1383 5010 1476 5080 Μὴ
1520 5009 1784 5063 ἀπατάτω

193 5113 342 5182 ὑμᾶς
388 5107 656 5173 Ἐζεκίας,
705 5105 909 5174 λέγων·
952 5105 1010 5158 '0
1047 5103 1180 5167 Θεὸς
1222 5101 1444 5174 ῥύσεται
1489 5102 1656 5173 ἡμᾶς.
1691 5101 1784 5171 Μὴ

196 5201 503 5273 ἐρρύσαντο
541 5198 591 5251 οἱ
636 5195 750 5249 θεοὶ
783 5195 891 5248 τῶν
924 5194 1129 5256 ἐθνῶν,
1167 5194 1399 5256 ἕκαστος
1461 5193 1560 5264 τὴν
1589 5191 1783 5246 ἑαυτοῦ

195 5293 385 5364 χώραν
417 5292 484 5343 ὲκ
523 5288 704 5360 χειρὸς
749 5287 1014 5358 βασιλέως
1058 5286 1396 5357 Ἀσσυρίων;
1431 5285 1542 5338 Ποῦ
1585 5286 1730 5338 ἐστιν
1759 5286 1787 5337 6

198 5384 322 5446 θεὸς
374 5380 572 5452 Ἐμάθ,
622 5381 716 5434 καὶ
757 5378 1002 5450 Ἀρφάθ;
1051 5378 1148 5432 καὶ
1180 5375 1284 5435 ποῦ
1321 5379 1350 5431 6
1386 5376 1519 5441 Θεὸς
1557 5377 1656 5447 τῆς
1685 5375 1786 5429 πό-

199 5476 338 5538 λεως
385 5473 798 5544 Έκφαρουαϊμ;
845 5471 938 5542 Μὴ
983 5469 1236 5524 ἐδύναντο
1285 5468 1551 5540 ῥύσασθαι
1598 5468 1787 5538 Σαμά-

206 5585 359 5638 ρειαν
382 5569 451 5620 ὲκ
482 5565 663 5638 χειρός
697 5583 798 5636 μου
820 5582 836 5630 ;
862 5583 880 5616 ι
906 5563 1074 5617 Οὐδὲν
1102 5561 1384 5633 διαφέρειν
1425 5559 1661 5632 νομίζων
1696 5560 1790 5612 τὸν

204 5660 265 5712 έν
287 5661 357 5730 τῇ
399 5655 756 5727 Ἰερουσαλὴμ
790 5654 1102 5726 τιμώμενον
1128 5653 1236 5706 τῶν
1272 5651 1424 5723 παρά
1455 5653 1568 5714 τοῖς
1611 5650 1792 5714 ἄλλοις

205 5747 388 5802 ἔθνεσι
410 5745 843 5817 πεπλανημένως
872 5744 1012 5799 θεῶν
1033 5743 1423 5816 νομιζομένων.
1450 5743 1586 5798 Κατ’
1609 5742 1788 5812 ὀλίγον

1809 4434 1855 4494 D
1881 4439 2056 4495 Nolite
2082 4435 2375 4493 Ezechiam
2402 4431 2613 4488 audire.
2641 4430 2767 4485 Haec
2793 4426 2926 4483 dicit
2950 4439 3049 4479 rex
3077 4419 3462 4492 Assyriorum:

1881 4532 1940 4589 Si
1975 4531 2138 4587 vultis
2174 4526 2453 4590 benedici,
2481 4519 2805 4596 egredimini
2847 4519 2916 4574 ad
2961 4531 3071 4581 me,
3113 4523 3171 4568 et
3199 4507 3466 4566 comedite

1882 4623 2254 4692 unusquisque
2278 4621 2491 4674 vineam
2519 4631 2673 4672 suam
2723 4623 2780 4669 et
2807 4611 2970 4676 licus,
2993 4618 3050 4665 et
3073 4606 3242 4662 bibite
3267 4617 3464 4672 aquam

1881 4735 1950 4775 ex
1982 4718 2105 4773 lacu
2143 4725 2368 4779 vestro;
2405 4711 2578 4788 donec
2622 4709 2836 4764 veniam
2867 4714 2924 4760 et
2973 4715 3245 4758 assumant
3287 4711 3384 4751 vos
3412 4695 3465 4748 in

1886 4821 2114 4874 terram,
2143 4822 2264 4879 quae
2302 4813 2389 4862 est
2437 4811 2695 4874 tanquam
2734 4809 2879 4856 terra
2918 4806 3128 4862 vestra,
3171 4803 3319 4850 terra
3358 4789 3468 4844 fru-

1885 4906 2074 4968 menti,
2101 4914 2157 4960 et
2202 4901 2348 4966 vini,
2390 4908 2446 4955 et
2498 4913 2720 4968 panum,
2775 4905 2831 4950 et
2873 4893 3174 4946 vinearum.
3212 4887 3291 4942 Ne
3331 4884 3470 4939 deci~

1886 5000 1999 5068 piat
2034 5013 2132 5052 vos
2149 4993 2415 5050 Ezechias
2451 4993 2676 5046 dicens:
2713 4988 2856 5044 Deus
2881 4984 3138 5040 liberabit
3175 4997 3292 5038 nos.
3325 4979 3464 5034 Num

1888 5093 2188 5147 liberarunt
2210 5088 2282 5144 dii
2311 5085 2577 5158 gentium,
2607 5082 2983 5152 unusquisque
3013 5077 3286 5148 regionem
3313 5088 3464 5127 suam

1886 5187 1954 5242 de
1985 5199 2146 5238 manu
2180 5181 2322 5251 regis
2363 5177 2752 5251 Assyriorum?
2793 5174 2892 5230 Ubi
2946 5183 3030 5227 est
3068 5173 3200 5226 deus
3241 5165 3466 5231 Emath,

1886 5286 1941 5332 et
1970 5271 2259 5346 Arphath?
2291 5278 2346 5326 et
2389 5270 2480 5326 ubi
2505 5270 2648 5325 Deus
2681 5268 2922 5324 civitatis
2957 5259 3355 5335 Ecpharvaimi
3383 5259 3466 5314 Au

1889 5376 2182 5440 potuerunt
2216 5365 2430 5435 eripere
2470 5361 2778 5418 Samariam
2815 5362 2884 5414 de
2929 5373 3090 5412 manu
3137 5352 3292 5410 mea?
3322 5370 3342 5406 ι
3384 5348 3472 5405 Ni-

1895 5463 1967 5518 hil
2005 5459 2222 5517 dillerre
2265 5466 2463 5528 putans
2507 5454 2673 5508 Deum
2707 5450 3093 5520 Hierosolyma
3137 5445 3368 5506 cultum,
3401 5442 3471 5497 ab

1895 5556 1986 5620 iis,
2016 5554 2110 5624 qui
2144 5551 2288 5622 apud
2310 5558 2540 5604 caeteras
2571 5560 2763 5600 errore
2797 5545 2990 5598 ductas
3017 5547 3207 5610 gentes
3244 5535 3318 5589 dii
3354 5549 3474 5589 esse

1893 5646 2374 5703 existimabantur.
2403 5638 2686 5696 Gradatim
2713 5650 2878 5708 porro
2903 5634 3171 5690 barbarus
3199 5629 3290 5685 ille
3317 5644 3472 5685 suam

1897 5740 2009 5799 Deo
2047 5737 2326 5796 inimicam
2357 5734 2593 5806 linguam
2625 5730 2921 5799 instruxit;
2953 5744 3016 5786 ac
3043 5726 3218 5800 primo
3249 5723 3468 5796 quidem
