3880 6216
480 291 585 345 517

1213 284 1478 341 EUSEBII
1518 285 2000 343 CESARIENSIS
2037 288 2188 345 OPP.
2221 289 2401 344 PARS
2441 288 2529 344 111.
2567 319 2637 330 -
2676 286 3089 344 EXEGETICA.

3639 293 3748 349 διε

485 405 751 458 adversus
778 409 1030 456 sanctum
1055 398 1230 454 virum
1259 401 1518 455 mentitus
1543 411 1649 464 est,
1669 418 1793 456 eum
1826 401 2060 473 Egypto

2167 404 2215 456 δὲ
2243 405 2272 456 6
2303 404 2578 476 βάρϐαρος
2613 405 2713 475 τὴν
2744 403 3012 474 θεομάχον
3062 401 3328 468 ἐξώπλισε
3366 403 3646 472 γλῶσσαν·
3687 409 3747 461 τὸ

485 498 654 551 ﬁdere
686 495 983 559 dictitans;
1018 492 1218 547 deinde
1256 492 1376 560 ejus
1410 495 1817 549 adhortationes
1852 497 2063 550 solvere

483 601 534 642 et
576 585 862 642 confutare
911 594 1140 640 conatus
1187 595 1291 651 est,
1343 587 1497 655 queis
1555 587 1953 642 multitudinem
1998 589 2063 643 ad

486 678 734 732 lidnciam
780 677 834 730 in
881 676 991 731 Deo
1043 678 1344 745 ponendam
1408 679 1708 744 invitabat,
1763 682 1905 736 vires
1947 682 2066 750 ejus

487 773 773 824 traducens
805 785 868 824 ac
900 779 1276 835 contemnens,
1310 773 1454 840 quod
1507 773 1750 841 equitatu
1787 789 1890 827 non
1926 774 2069 830 vale—

488 873 604 925 ret;
637 873 823 932 postea
853 877 911 916 se
948 861 1057 915 Deo
1080 862 1312 932 jubente
1349 853 1668 918 ascendisse
1695 864 1929 929 dicebat,
1959 880 2067 934 quo

487 953 768 1022 populum,
799 963 859 1008 ut
890 969 920 1007 a
961 955 1072 1008 Deo
1108 955 1402 1023 proditum,
1434 957 1919 1025 perterrefaceret;
1966 961 2068 1014 sub

490 1046 604 1099 haec
655 1045 1152 1114 pollicitationibus
1198 1047 1600 1102 fructuosarum
1651 1051 1967 1116 vinearum,
2016 1061 2070 1106 et

488 1137 716 1191 aliorum
748 1152 870 1206 qua:
917 1140 1054 1192 bona
1105 1139 1446 1192 :L'slimanlur
1470 1178 1485 1202 ,
1534 1149 1616 1193 est
1655 1156 1819 1204 usus;
1852 1142 2068 1196 demum

489 1228 604 1281 haec
648 1229 753 1282 sibi
787 1229 1000 1283 inutilia
1024 1245 1144 1284 esse
1175 1231 1636 1298 animadvertens,
1677 1236 2068 1288 exsecrandum

491 1319 729 1387 linguam
766 1321 966 1389 aperit,
1011 1336 1118 1390 qua
1157 1322 1350 1391 impias
1389 1323 1615 1392 protulit
1645 1340 1824 1381 voces.
1869 1327 2066 1381 Verum

489 1409 784 1478 impietatis
823 1427 1013 1481 poenas
1051 1413 1223 1478 dedit,
1268 1430 1392 1468 cum
1432 1417 1606 1486 angeli
1655 1433 1814 1473 manu
1867 1421 2073 1476 exerci-

493 1511 577 1554 tus
602 1500 719 1568 ejus
752 1501 996 1558 funditus
1037 1505 1247 1559 deletus
1280 1517 1384 1562 est.

563 1593 725 1647 Vens.
765 1594 856 1658 21,
885 1594 973 1648 9.2.
1017 1614 1035 1645 ι
1068 1596 1131 1649 Ει
1162 1606 1482 1666 tacuerunt,
1511 1609 1566 1656 et
1596 1617 1757 1660 nemo
1790 1607 2068 1676 respondit

489 1683 538 1734 ei
586 1683 847 1748 verbum,
885 1687 1027 1754 quod
1079 1688 1447 1756 prohibuisset
1496 1709 1624 1759 rex,
1664 1711 1730 1750 ne
1779 1699 2063 1767 quisquam

2166 498 2263 566 μὲν
2306 497 2522 568 πρῶτον
2557 497 2652 550 τοῦ
2702 496 2856 564 ἀγίου
2898 495 3386 567 καταψευδόμενος,
3429 499 3525 552 atat
3573 498 3745 567 λέγων

2162 588 2323 641 αὐτόν
2355 589 2670 642 πεποιθέναι
2701 589 2787 642 ἐπ’
2826 587 3132 656 Αἴγυπτον
3169 583 3288 641 εἶτα
3320 589 3616 659 ἐπιχειρῶν
3648 589 3746 651 τὰς

2164 679 2515 750 παραινέσεις
2543 677 2708 732 αὐτοῦ
2734 676 2972 729 διαλύειν
3011 675 3108 738 τὰς
3138 675 3232 728 ἐπὶ
3274 674 3392 744 Θεῷ
3420 675 3748 728 πεποιθέναι

2163 771 2223 824 τὸ
2249 770 2453 841 πλῆθος
2483 767 3031 840 παρασκευαζούσας,
3062 767 3160 838 τὴν
3186 766 3411 838 δύναμιν
3434 766 3599 820 αὐτοῦ
3633 765 3745 819 δια-

2167 862 2376 916 ϐάλλων
2406 860 2496 914 διὰ
2526 858 2620 913 τοῦ
2655 859 2729 932 μὴ
2755 858 3059 930 κτήσασθαι
3090 855 3432 928 κατασκευὴν
3468 857 3702 926 ἱππικήν
3731 873 3743 884 ’

2166 948 2286 1004 εἶτα
2315 950 2452 1021 μετὰ
2479 949 2572 1002 τοῦ
2602 948 2736 1001 Θεοῦ
2778 948 3044 1018 ἀναϐῆναι
3072 945 3266 1014 λέγων,
3297 946 3374 1010 ὡς
3411 945 3476 999 ἂν
3501 945 3748 1020 δειλιάσῃ

2166 1043 2228 1094 τὸ
2258 1041 2459 1111 πλῆθος
2490 1041 2566 1101 ὡς
2613 1039 2869 1111 προδοθὲν
2894 1039 3004 1093 ἀπὸ
3037 1037 3172 1092 Θεοῦ
3193 1056 3206 1068 ·
3240 1034 3359 1091 εἶτα
3391 1038 3748 1107 ἐπαγγελίαις

2168 1133 2419 1204 χρηστῶν
2446 1131 2802 1204 ἀμπελώνων,
2830 1133 2925 1184 καὶ
2954 1130 3062 1185 τῶν
3090 1131 3265 1185 ἄλλων
3311 1130 3610 1183 δοκούντων
3647 1149 3746 1184 κα-

2167 1227 2304 1280 λῶν·
2338 1221 2456 1279 εἶτα
2490 1225 2643 1288 εἰδὼς
2675 1224 2852 1278 πάντα
2897 1222 3064 1276 αὐτοῦ
3106 1223 3175 1276 τά
3217 1220 3438 1276 τοιαῦτα
3467 1223 3748 1294 ἄπρακτα,

2167 1318 2266 1389 τὴν
2301 1317 2502 1389 μιαρὰν
2546 1316 2711 1370 αὐτοῦ
2750 1317 2955 1384 ἀνοίγει
2986 1314 3254 1385 γλῶτταν,
3282 1315 3534 1379 ἀσεϐείας
3567 1317 3751 1383 ἀφιεὶς

2168 1413 2372 1481 φωνάς.
2403 1410 2541 1462 Ἀλλ’
2571 1410 2818 1463 ἐκτέτικε
2845 1409 3000 1472 δίκας
3030 1409 3132 1480 τῆς
3190 1409 3464 1474 ἀσεϐείας,
3511 1409 3748 1478 ἀγγέλου

2167 1503 2506 1574 πανστρατιᾷ
2539 1501 2927 1571 δαπανώμενος
2959 1502 3124 1572 χειρί.

2245 1615 2263 1646 ι
2294 1595 2402 1648 Καὶ
2425 1594 2760 1665 ἐσιώπησαν,
2783 1594 2877 1646 καὶ
2901 1593 3076 1656 οὐδεὶς
3099 1591 3369 1662 ἀπεκρίθη
3396 1589 3544 1662 αὐτῷ
3566 1591 3747 1660 λόγον,

2168 1687 2255 1740 διὰ
2288 1687 2348 1740 τὸ
2387 1686 2687 1758 προστάξαι
2728 1686 2820 1738 τὸν
2866 1684 3090 1754 βασιλέα
3129 1684 3332 1756 μηδένα
3361 1682 3746 1754 ἀποκριθῆναι.

491 1774 594 1842 ipsi
649 1779 1023 1845 responderet.
1081 1780 1149 1833 Et
1199 1781 1471 1848 ingressus
1524 1795 1608 1839 est
1657 1763 1876 1841 Eliacim
1923 1763 2060 1846 lilius

2168 1780 2278 1833 Καὶ
2307 1778 2552 1850 εἰσῆλθεν
2593 1778 2873 1849 Ἐλιακείμ
2898 1779 2925 1830 ὁ
2949 1776 3042 1830 τοῦ
3068 1776 3298 1829 Χελκίου
3325 1776 3623 1846 οἰκονόμος,
3655 1777 3751 1828 καὶ

489 1863 722 1919 Chelcia:
755 1881 1108 1934 meonomus,
1149 1879 1202 1923 et
1255 1871 1485 1928 Somnas
1531 1877 1713 1930 scriba
1754 1879 2063 1945 exercitus,

489 1965 544 2009 et
575 1953 744 2010 Joach
779 1957 923 2013 ﬁlius
952 1962 1134 2029 Asaph
1158 1977 1189 2016 a
1216 1967 1626 2021 commentariis
1654 1971 1719 2021 ad
1750 1968 2066 2036 Ezechiam,

491 2051 682 2105 scissis
717 2053 935 2118 tunicis,
972 2064 1027 2108 et
1060 2059 1511 2112 renuntiaverunt
1535 2061 1584 2113 ei
1609 2075 1887 2116 sermones
1921 2063 2066 2119 Rab-

489 2144 656 2198 sacis.
701 2163 721 2195 ›
764 2145 878 2199 Νοιι
921 2147 1179 2201 convenit
1229 2150 1374 2203 enim
1412 2151 1532 2220 pio,
1577 2167 1698 2205 cum
1753 2153 2068 2222 blaspheme

492 2233 714 2288 homine
753 2235 1016 2306 colloqui,
1050 2251 1118 2292 ne
1145 2237 1190 2293 is
1225 2239 1543 2304 concitatus
1583 2241 1635 2294 in
1683 2242 1787 2297 alia
1823 2243 2070 2315 blasphe-

491 2341 576 2378 me
609 2325 749 2380 dicta
789 2327 1106 2382 delabatur:
1169 2342 1382 2400 oportet
1430 2334 1604 2388 solum
1661 2336 1910 2392 homines
1965 2353 2066 2394 ceu

489 2418 656 2471 armis
685 2419 1006 2488 quibusdam
1048 2425 1414 2480 communitus
1441 2441 1586 2492 esse,
1615 2443 1680 2483 ac
1716 2429 1936 2486 silentio
1967 2449 2068 2486 un—

489 2510 650 2578 dique
686 2525 805 2567 sese
847 2521 1056 2582 tegere,
1090 2529 1248 2570 veros
1287 2519 1428 2586 apud
1468 2534 1526 2574 se
1563 2536 1846 2578 sermones
1886 2525 2064 2579 occul-

491 2611 686 2666 tantes,
725 2619 788 2658 ac
819 2603 914 2659 Dei
950 2614 1141 2660 contra
1185 2607 1532 2677 blasphemos
1570 2609 1836 2680 judicium
1869 2629 2066 2684 exSpe-

487 2704 720 2749 ctantes.
765 2697 900 2750 Cum
948 2699 1062 2752 hmc
1091 2699 1240 2768 jussa
1296 2717 1391 2755 rex
1437 2705 1733 2771 prudenter
1788 2707 2064 2775 dedisset,

488 2788 672 2854 populi
734 2788 973 2856 praefecti
1036 2793 1350 2846 mandatum
1405 2793 1524 2861 ejus
1574 2799 2062 2866 exsequebantur:

487 2879 627 2944 quod
703 2880 827 2933 item
903 2887 1267 2950 praestandum
1331 2887 1489 2942 nobis
1542 2899 1627 2943 est
1673 2894 2066 2960 persecutionis

489 2979 748 3040 tempore,
782 2988 989 3028 necnon
1015 2976 1066 3028 in
1091 2980 1468 3034 communibus
1505 2982 1794 3054 impiisque
1820 2985 2066 3057 blaspbe-
2128 3027 2129 3030 η

2088 3101 2136 3160 C

489 3077 699 3115 morum
739 3064 1046 3135 colloquiis.

1001 3158 1231 3216 CAPUT
1271 3161 1538 3221 XXXVII.

559 3243 719 3301 Vens.
755 3248 808 3301 1.
855 3267 875 3300 ι
917 3249 982 3305 Ει
1015 3251 1218 3308 factum
1254 3266 1338 3310 est
1377 3273 1499 3310 cum
1536 3262 1752 3318 audiret
1789 3279 1881 3319 rex
1923 3265 2063 3323 Eze-

483 3337 676 3404 chias,
727 3341 888 3396 scidit
946 3345 1288 3412 vestimenta,
1354 3356 1410 3403 et
1439 3365 1668 3420 saccum
1727 3355 1900 3410 induit
1948 3374 1962 3410 :
2010 3368 2066 3412 et

483 3432 727 3486 ascendit
765 3435 817 3487 in
852 3436 1067 3490 domum
1130 3439 1363 3494 Domini.
1416 3461 1436 3495 ι
1474 3442 1683 3499 Prazter
1744 3447 1848 3500 alia
1903 3448 2066 3519 igitur

485 3523 727 3579 Ezechiaz
771 3529 936 3595 proba
977 3529 1256 3598 facinora,
1291 3534 1510 3592 virtutis
1551 3539 1907 3609 exercitium,
1949 3559 2065 3599 ma-

476 3617 723 3687 jorisque
756 3621 1034 3689 religionis
1080 3635 1486 3694 argumentum,
1540 3629 1651 3684 Deo
1699 3644 2061 3702 procurante,

485 3722 680 3765 nactus
725 3711 814 3766 ille
855 3723 976 3769 est:
1024 3715 1113 3784 qui
1145 3717 1338 3772 bellico
1369 3719 1588 3789 quidem
1623 3733 1914 3791 apparatu,
1954 3741 2062 3794 quo

482 3802 570 3856 ille
597 3807 926 3873 conspicuus
955 3818 1098 3870 erat,
1133 3821 1188 3861 et
1219 3811 1472 3865 omnibus
1518 3812 1584 3865 ad
1629 3812 1824 3868 bellum
1875 3831 2060 3871 neces-

479 3893 640 3948 Sariis
669 3904 724 3948 nt
748 3897 1068 3966 praeclarum
1097 3901 1284 3954 ducem
1313 3902 1558 3968 decebat,
1593 3905 1916 3974 instructus,
1952 3909 2061 3964 Deo

481 3993 659 4039 tzunen
691 3990 870 4042 omnia
920 3992 1228 4070 commisit;
1278 4010 1340 4049 ac
1377 3996 1604 4050 subdita:
1649 3999 1755 4053 sibi
1792 4001 1933 4070 plebi
1975 4019 2061 4057 re-

481 4075 686 4143 ligiosae
735 4079 998 4136 doctrina:
1041 4098 1308 4156 prmcepta
1369 4093 1611 4145 tradidit.
1663 4113 1680 4144 ι
1736 4097 1801 4148 Et
1842 4113 2057 4153 saccum

481 4168 672 4234 induit,
713 4189 731 4220 ι
771 4172 946 4228 luctus
983 4186 1038 4230 et
1071 4176 1376 4234 alllictionis
1410 4185 1559 4252 signa
1606 4200 1931 4242 assumens:
1977 4201 2060 4244 at-

477 4276 584 4330 que
611 4263 712 4317 hoc
747 4265 928 4319 habitu
961 4283 990 4321 a
1030 4271 1172 4339 regia
1217 4273 1374 4325 domo
1405 4276 1470 4327 ad
1521 4278 1779 4346 templum
1816 4280 1931 4348 Dei,
1964 4298 2059 4350 per

481 4353 709 4408 mediam
751 4359 936 4412 urbem
979 4361 1254 4428 incedens,
1303 4381 1362 4419 se
1410 4371 1643 4424 contulit
1685 4388 1914 4442 seseque
1956 4377 2055 4428 lm-

475 4445 658 4500 milem
702 4449 810 4504 Deo
841 4452 1069 4524 sistens,
1107 4455 1187 4510 vel
1229 4457 1344 4526 ipso
1390 4460 1579 4514 habitu
1619 4463 2048 4521 misericordiam
2085 4449 2128 4503 θ

473 4534 591 4603 ejus
629 4539 973 4606 provocabat.

549 4627 705 4683 Vens.
728 4631 781 4683 ‘2.
807 4650 823 4679 ο
846 4631 907 4684 Ει
929 4633 1073 4686 misit
1093 4633 1312 4690 Eliacim
1332 4653 1696 4707 moonomum,
1721 4651 1774 4697 et
1791 4643 2047 4700 Somnam

473 4721 730 4789 scribam,
771 4733 826 4777 et
871 4727 1114 4781 seniores
1165 4731 1520 4785 sacerdotum
1567 4732 1786 4788 indutos
1825 4739 2002 4791 saccis
2029 4780 2042 4804 ,

472 4814 540 4865 ad
579 4813 774 4868 Isaiam
813 4817 980 4871 lilium
1014 4820 1180 4874 Amos
1213 4824 1555 4892 prephetam.
1605 4846 1621 4878 ι
1659 4828 1808 4884 Alios
1849 4835 2046 4903 quippe

471 4921 538 4958 ex
565 4908 936 4963 sacerdotibus
993 4912 1121 4977 Dei,
1161 4913 1290 4967 loco
1341 4919 1757 4973 sacerdotalium
1817 4926 2042 4979 vestium

473 4999 644 5053 saccis
680 5001 917 5069 indutos,
960 5005 1028 5058 ad
1060 5005 1257 5059 Isaiam
1294 5013 1612 5078 prophetam
1654 5016 1844 5079 mittit,
1895 5019 2044 5074 dice-

472 5108 638 5161 reque
662 5091 836 5160 jnbet,
871 5115 890 5147 ι
939 5095 1062 5150 llazc
1091 5098 1222 5152 dicit
1250 5099 1541 5168 Ezechias;
1567 5121 1585 5154 ι
1623 5119 1795 5174 neque
1816 5107 2044 5176 addidit,

418 5208 420 5210 τ
472 5198 605 5236 rex:
656 5200 829 5252 neque
865 5187 1016 5240 enim
1064 5189 1327 5258 temporis
1372 5191 1613 5244 conditio
1659 5193 1711 5246 id
1747 5194 1859 5259 illi,
1907 5211 2044 5265 pra:-

469 5275 608 5328 seuti
639 5277 952 5332 calamitate
983 5278 1216 5349 dejecto,
1251 5281 1436 5337 dicere
1467 5285 1838 5353 permittebat.

545 5538 675 5597 Vsa.
705 5545 758 5604 5.
786 5546 838 5598 ιι.
875 5564 895 5598 ι
931 5548 997 5600 Et
1024 5549 1281 5603 dixerunt
1313 5553 1361 5604 ci
1391 5571 1401 5605 :
1426 5551 1549 5606 [hec
1572 5553 1703 5605 dicit
1739 5554 1998 5608 Ezechias
2027 5574 2038 5606 :

467 5629 593 5687 chs
658 5637 962 5692 alllictionis
1013 5650 1066 5694 ct
1106 5645 1408 5710 opprobrii,
1451 5655 1505 5698 el.
1554 5649 1951 5716 redargutionis
1989 5659 2045 5704 ct

468 5724 564 5777 ira:
606 5727 721 5780 (lies
762 5728 1060 5796 hodierna,
1117 5735 1240 5799 quia
1294 5737 1437 5789 venit
1495 5736 1649 5792 dolor
1692 5741 2041 5808 parturienti,

2169 1872 2382 1941 Σομνᾶς
2429 1873 2458 1923 6
2495 1871 2858 1942 γραμματεὺς
2901 1870 3001 1938 τῆς
3046 1869 3348 1939 δυνάμεως,
3385 1869 3478 1920 καὶ
3520 1869 3678 1937 Ἰωάχ
3719 1872 3752 1920 ὁ

2166 1960 2260 2013 τοῦ
2329 1960 2499 2029 Ἀσάφ
2551 1960 2580 2012 ὁ
2633 1958 3204 2030 ὑπομνηματογράφος
3270 1957 3406 2028 πρὸς
3474 1954 3747 2020 Ἐζεκίαν,

2167 2049 2477 2121 ἐσχισμένοι
2500 2049 2625 2111 τοὺς
2651 2049 2904 2118 χιτῶνας,
2951 2047 3044 2101 καὶ
3074 2045 3411 2118 ἀπήγγειλαν
3452 2043 3600 2116 αὐτῷ
3622 2047 3751 2109 τοὺς

2168 2142 2358 2211 λόγους
2392 2143 2718 2196 Ῥαϐσάκου.
2745 2159 2762 2191 ›
2797 2139 2949 2210 Μηδέ
2971 2138 3079 2210 γὰρ
3107 2140 3371 2210 προσήκει
3412 2137 3503 2192 τὸν
3547 2137 3751 2208 εὐσεϐῆ

2171 2235 2473 2305 βλασφήμῳ
2507 2231 3010 2303 προσδιαλέγεσθαι,
3042 2231 3117 2294 ὡς
3142 2231 3206 2284 ἂν
3233 2230 3308 2300 μὴ
3351 2230 3646 2300 ἐρεθίζοιτο
3669 2231 3754 2294 είς

2169 2328 2365 2398 ἐτέρας
2395 2325 2680 2379 ἐκπίπτειν
2721 2323 3099 2394 βλασφημίαςο
3143 2324 3302 2392 μόνον
3333 2322 3390 2374 δὲ
3435 2323 3753 2393 πεφράχθαι

2166 2419 2246 2472 δεῖ
2277 2419 2462 2490 ὥσπερ
2507 2419 2647 2471 τισὶν
2678 2417 2882 2480 ὅπλοις,
2917 2417 3012 2470 καὶ
3045 2416 3379 2487 πανταχόθεν
3417 2416 3753 2502 ἡσφαλίσθαι

2167 2517 2232 2585 τῇ
2282 2517 2481 2586 σιωπῇ,
2533 2514 2871 2585 κρύπτοντας
2912 2513 2970 2566 ἐν
3011 2514 3222 2576 ἑαυτοῖς
3251 2514 3376 2576 τοὺς
3405 2513 3623 2583 ἀληθεῖς
3662 2512 3753 2565 λό-

2167 2621 2298 2672 γους
2315 2647 2330 2672 ,
2355 2605 2746 2675 περιμένοντας
2766 2603 2822 2656 δὲ
2845 2602 2941 2675 τὴν
2968 2606 3032 2657 ἐκ
3048 2604 3182 2657 Θεοῦ
3205 2603 3348 2657 κατά
3373 2605 3480 2658 τῶν
3508 2603 3753 2674 βλασφή-

2171 2714 2287 2766 μων
2341 2696 2542 2766 κρίσιν.
2593 2695 2782 2748 Ταῦτα
2822 2695 3288 2766 παραγγείλαντος
3331 2695 3426 2748 τοῦ
3482 2695 3753 2779 βασιλέως

2167 2790 2566 2861 ἐπιστημόνως,
2591 2791 2651 2844 τὸ
2678 2790 3016 2862 προσταχθὲν
3053 2789 3270 2844 ἐποίουν
3299 2791 3348 2842 οἱ
3380 2789 3474 2842 τοῦ
3510 2787 3752 2858 πλήθους

2167 2878 2538 2950 προεστῶτες·
2574 2879 2603 2932 ὃ
2646 2879 2711 2950 δὴ
2755 2882 2849 2933 καὶ
2893 2883 3023 2952 ἡμῖν
3056 2880 3306 2950 ποιητέον
3340 2881 3488 2933 ἐστὶν
3530 2881 3588 2932 ἐν
3627 2898 3751 2933 και-

2169 2974 2283 3043 ροῖς
2318 2972 2593 3042 διωγμῶν,
2637 2971 2671 3043 ἢ
2716 2973 2774 3026 ἐν
2813 2975 3019 3036 κοιναῖς
3063 2972 3155 3026 καὶ
3185 2971 3364 3036 ἀθέοις
3413 2971 3752 3042 βλασφημῶν

2165 3061 2312 3115 διαλέ
2320 3060 2375 3126 ξε
2383 3079 2455 3115 σι.

2674 3173 3072 3227 ΚΕΦΑΛΑΙΟΝ
3099 3174 3224 3229 AZ'.
3693 3253 3698 3255 _

2240 3284 2260 3316 ι
2287 3265 2398 3319 Καὶ
2422 3265 2637 3332 ἐγένετο
2661 3267 2720 3320 ἐν
2742 3264 2820 3336 τῷ
2845 3267 3078 3320 ἀκοῦσαι
3101 3268 3194 3322 τὸν
3222 3267 3444 3338 βασιλέα
3473 3265 3746 3332 Ἐζεκίαν,

2163 3357 2348 3426 ἔσχισε
2389 3357 2458 3410 τὰ
2508 3358 2719 3428 ἱμάτια,
2751 3359 2848 3410 καὶ
2877 3358 3231 3430 περιεϐάλετο
3258 3361 3487 3414 σάκκον·
3532 3361 3627 3414 καὶ
3651 3362 3750 3415 ἀν-

2163 3446 2263 3515 έϐη
2293 3449 2371 3509 είς
2401 3447 2493 3499 τὸν
2526 3443 2673 3501 οἶκον
2710 3447 2938 3518 Κυρίου.
2962 3468 2980 3501 ι
3027 3449 3170 3520 Πρὸς
3196 3452 3308 3513 τοῖς
3340 3449 3527 3514 ἄλλοις
3563 3451 3749 3505 τοίνυν

2164 3538 2550 3610 κατορθώμασι
2597 3539 2692 3594 τοῦ
2746 3538 3012 3604 Ἐζεκίου,
3047 3543 3355 3613 γυμνασίαν
3402 3543 3604 3614 ἀρετῆς
3653 3545 3753 3597 καὶ

2165 3631 2414 3696 πλείονος
2461 3632 2769 3697 θεοσεϐείας
2800 3633 3022 3698 ἔνδειξιν
3057 3638 3316 3705 παρεῖχεν
3349 3637 3377 3688 6
3427 3635 3559 3698 Θεὸς
3594 3637 3750 3706 αὐτῷ

2161 3723 2248 3778 διὰ
2276 3727 2374 3796 τῆς
2395 3725 2531 3795 πρὸς
2544 3725 2636 3778 τὸν
2657 3724 2784 3778 πολέ
2793 3744 2912 3796 μιον
2935 3727 3310 3798 παρατάξεως,
3329 3723 3435 3800 ἐνῇ
3459 3728 3747 3799 διέλαμψε,

2163 3817 2338 3868 πάντα
2373 3817 2470 3886 μὲν
2500 3817 2881 3886 στρατηγικῶς
2907 3817 2975 3871 τὰ
3010 3819 3144 3890 πρὸς
3169 3820 3261 3872 τὸν
3289 3819 3520 3890 πόλεμον
3563 3838 3750 3891 παρα-

2161 3908 2482 3978 ταξάμενος,
2513 3908 2575 3961 τὸ
2614 3908 2670 3960 δὲ
2713 3910 2819 3962 πᾶν
2853 3909 3073 3973 ἀναθεὶς
3106 3910 3183 3980 τῷ
3230 3911 3369 3982 Θεῷ,
3401 3914 3513 3976 τοῖς
3555 3912 3614 3966 δὲ
3649 3914 3747 3966 ὑπ’

2161 4001 2322 4055 αὑτὸν
2374 3999 2604 4072 πλήθεσι
2666 4001 2892 4072 θεοσεϐῆ
2951 4003 3299 4057 διδασκαλίαν
3341 4005 3744 4075 παραγγείλας.

2165 4111 2183 4142 ι
2206 4093 2315 4144 Καὶ
2347 4080 2638 4163 περιέϐαλε
2685 4094 2905 4158 σάκκον,
2935 4114 2953 4145 ι
2991 4098 3194 4165 σημεῖα
3229 4096 3457 4160 πένθους
3499 4099 3594 4150 καὶ
3644 4115 3749 4150 κα-

2159 4183 2379 4247 κώσεως
2408 4185 2771 4254 ἐπαγόμενος·
2801 4186 2974 4257 τούτῳ
2994 4187 3050 4238 δὲ
3073 4187 3153 4258 τῷ
3179 4190 3416 4259 σχήματι
3447 4189 3533 4243 διὰ
3567 4192 3748 4261 μέσης

2157 4279 2310 4350 ἀνῄει
2337 4279 2436 4348 τῆς
2479 4279 2685 4342 πόλεως
2732 4279 2841 4332 ἀπὸ
2872 4279 2980 4333 τῶν
3017 4279 3303 4349 βασιλείων
3334 4283 3498 4334 οἴκων
3525 4283 3620 4334 ἐπὶ
3648 4282 3746 4336 τὸν

2155 4370 2292 4423 νεὼν
2328 4371 2422 4422 τοῦ
2453 4371 2610 4435 Θεοῦ,
2643 4372 2736 4424 καὶ
2764 4371 3022 4425 ταπεινὸν
3043 4373 3234 4425 ἑαυτὸν
3255 4372 3333 4443 τῷ
3359 4373 3478 4444 Θεῷ
3501 4375 3747 4440 δεικνὺς,

2156 4460 2336 4514 οἴκτου
2367 4462 2461 4516 καὶ
2487 4463 2668 4526 ἐλέους
2692 4467 2874 4534 τυχεῖν
2913 4461 3066 4533 ἠξίου
3097 4462 3174 4534 τῷ
3200 4468 3460 4535 σχήματι.

2231 4638 2378 4690 «Καὶ
2425 4638 2745 4693 ἀπέστειλεν
2815 4641 3098 4712 Ἐλιακείμ
3147 4643 3240 4694 τὸν
3279 4643 3593 4713 οἰκονόμον,
3646 4647 3746 4698 καὶ

2154 4731 2364 4800 Σομνᾶν
2404 4732 2494 4784 τὸν
2529 4734 2885 4803 γραμματέα,
2923 4734 3165 4797 καὶτοὺς
3203 4735 3605 4806 πρεσϐυτέρους
3630 4737 3746 4788 τῶν

2155 4821 2344 4892 ἱερέων
2374 4823 2873 4894 περιϐεϐλημένους
2903 4824 3160 4889 σάκκους,
3195 4825 3333 4896 πρὸς
3368 4827 3593 4880 Ἡσαΐαν
3622 4830 3746 4881 υἱὸν

2151 4912 2334 4983 Ἀμὼς
2360 4915 2452 4967 τὸν
2485 4918 2788 4987 προφήτην.
2817 4937 2836 4968 ι
2870 4918 3010 4980 Τοὺς
3033 4917 3141 4988 γὰρ
3165 4920 3383 4989 ἐτέρους
3403 4920 3509 4974 τῶν
3542 4923 3742 4991 ἱερέων

2150 5007 2243 5058 τοῦ
2274 5007 2431 5069 Θεοῦ,
2465 5008 2698 5072 σάκκους
2730 5011 2852 5062 ἀντὶ
2879 5010 2987 5064 τῶν
3019 5013 3306 5082 ἱερατικῶν
3330 5015 3742 5084 ἠμφιεσμένους

2151 5099 2374 5160 στολῶν,
2405 5101 2539 5170 πρὸς
2567 5101 2658 5153 τὸν
2686 5103 2970 5173 προφήτην
3003 5104 3227 5156 Ἡσαΐαν
3249 5105 3474 5175 πέμπει,
3503 5109 3741 5174 φάσκειν

2150 5189 2334 5251 αὐτοῖς
2373 5192 2774 5260 παραγγείλας·
2817 5213 2834 5243 ι
2861 5195 2997 5246 Τάδε
3040 5195 3187 5262 λέγει
3254 5196 3536 5260 Ἐζεκίας,
3563 5217 3582 5250 ι
3638 5201 3740 5270 οὐχ

2150 5281 2179 5330 6
2211 5280 2460 5348 βασιλεὺς
2514 5284 2797 5354 προσθείςο
2839 5287 2901 5338 οὺ
2943 5287 3052 5358 γὰρ
3083 5290 3112 5340 6
3159 5290 3350 5359 καιρὸς
3392 5291 3544 5361 αὐτῷ
3585 5294 3737 5345 τοῦτ’

2148 5372 2416 5442 ἐπέτρεπε
2463 5373 2660 5443 λέγειν,
2685 5379 3096 5450 ταπεινουμένῳ
3127 5381 3289 5435 ἕνεκα
3316 5383 3415 5452 τῆς
3449 5383 3738 5454 παρούσης

2151 5467 2453 5536 συμφορᾶς.

2217 5556 2371 5608 (Καὶ
2425 5551 2586 5610 εἶπαν
2618 5557 2796 5627 αὐτῷ·
2845 5560 2985 5613 Τάδε
3035 5561 3183 5630 λέγει
3231 5563 3497 5629 Ἐζεκίας·
3518 5565 3733 5638 Ἡμέρα

2142 5644 2373 5716 θλίψεως
2418 5651 2510 5702 καὶ
2559 5652 2890 5722 ὀνειδισμοῦ,
2940 5655 3033 5706 καὶ
3073 5656 3307 5726 ἐλεγμοῦ
3355 5659 3450 5710 καὶ
3492 5659 3666 5730 ὀργῆς
3699 5662 3732 5728 ἡ

2144 5743 2380 5812 σήμερον
2415 5743 2733 5813 ἡμέρα,,ὃτι
2769 5746 2889 5815 ἥκει
2936 5749 2968 5817 ἡ
3001 5749 3127 5803 ὠδὶν
3162 5753 3226 5822 τῇ
3258 5750 3541 5822 τικτούσῃ,
3578 5753 3733 5824 ἰσχὺν
