3880 6216
412 274 516 331 351

1129 273 1403 333 EUSEBII
1446 275 1938 333 CESARIENSIS
1972 276 2124 334 OPP.
2169 276 2350 344 PARS
2389 278 2479 334 ΙΙΙ.
2503 310 2573 321 -
2606 278 3020 336 EXEGETICA.

3594 288 3704 344 352

406 398 742 463 universum,
779 403 833 452 et
868 396 1143 467 regionem
1172 414 1359 453 eorum
1379 439 1397 465 ,
1423 410 1480 454 et
1516 399 1823 467 iniecerunt
1855 399 1995 454 idola
2026 460 2027 465 η

2139 418 2206 455 αν
2252 401 2491 471 βασιλεῖς
2554 402 2856 474 Ἀσσυρίων
2892 404 2992 473 τὴν
3033 406 3362 478 οἰκουμένην
3409 406 3561 479 ὅλην,
3607 410 3705 462 καὶ

406 505 592 545 eorum
621 490 674 543 in
716 490 913 559 ignem.
939 488 1057 544 Non
1086 491 1231 545 enim
1263 492 1531 556 tliieraut,
1557 494 1651 546 sed
1685 506 1852 561 opera
1891 508 2007 545 ma-

407 600 571 639 nuum
595 584 897 646 hominum,
935 582 1079 654 ligua
1110 595 1164 638 et
1189 584 1395 653 lapides
1425 592 1513 639 :et
1537 586 1862 655 pepulerunt
1886 599 2002 641 eos.

2108 493 2206 565 τὴν
2240 492 2426 565 χώραν
2454 494 2656 557 αὐτῶν,
2691 495 2786 548 καὶ
2808 495 3071 551 ἀνέϐαλον
3096 497 3165 550 τά
3197 497 3391 553 εἴδωλα
3415 499 3598 554 αὐτῶν
3624 502 3707 565 είς

2106 585 2170 638 τὸ
2201 583 2332 656 πῦρ.
2364 584 2439 639 Οὐ
2465 584 2576 656 γάρ
2605 585 2717 639 θεοὶ
2742 582 2907 657 ἦσαν,
2942 587 3056 641 ἀλλ’
3087 588 3225 660 ἔργα
3260 590 3461 660 χειρῶν
3498 590 3710 661 ἀνθρὼ-

407 674 563 729 Nunc
600 683 781 728 autem
807 716 823 739 ,
860 674 1089 730 Domine
1138 675 1283 730 Deus
1320 684 1507 731 noster
1534 717 1550 742 ,
1590 677 1739 731 salva
1794 692 1895 733 nos
1941 680 2007 733 de

2139 693 2250 740 mw,
2288 674 2421 743 ξύλα
2458 675 2553 730 καὶ
2585 675 2755 729 λίθοι’
2783 676 2877 729 καὶ
2910 676 3200 731 ἀπεώσαντο
3232 679 3449 743 αὐτούς.
3480 679 3598 733 Νῦν
3626 680 3707 743 δέ,

408 783 571 822 mauu
594 768 748 837 ejus;
777 777 839 823 ut
881 777 1181 838 cognoscat
1218 783 1380 823 onme
1406 784 1635 835 regnum
1665 778 1843 835 terrae,
1881 770 2008 839 quia

409 868 465 913 tu
519 875 578 913 es
623 858 763 914 Deus
804 859 971 914 solus.
1007 859 1073 914 Et
1115 861 1316 915 missus
1341 871 1424 915 est
1454 860 1621 916 Isaias
1666 861 1808 917 [ilius
1846 864 2011 917 Amos

409 950 476 1003 ad
502 949 816 1004 Ezecliiam.
857 969 875 1000 ι
914 950 1031 1005 Rex
1065 952 1286 1021 quidem
1320 953 1608 1019 Ezechias,
1652 964 1840 1024 utpote
1881 956 2010 1010 reli-

409 1043 619 1111 giosus,
651 1044 704 1096 in
736 1044 956 1098 domum
984 1046 1073 1099 Dei
1106 1045 1404 1111 concessit,
1430 1045 1521 1100 ubi
1540 1047 1653 1115 jam
1681 1048 2010 1117 descriptam

404 1134 710 1189 orationem
743 1135 958 1200 emisit;
992 1135 1134 1191 Deus
1163 1146 1345 1192 autem
1397 1138 1569 1192 misso
1600 1140 1668 1193 ad
1711 1155 1834 1194 eum
1879 1140 2014 1195 Isaia

412 1228 672 1298 prepbeta
715 1228 814 1297 ipsi
861 1230 1194 1297 respondet:
1226 1231 1522 1284 secundum
1562 1245 1691 1287 vero
1730 1232 1829 1302 ipsi
1892 1248 2019 1286 ora-

413 1320 594 1375 culum
626 1321 797 1389 dedit,
824 1321 1025 1378 docens
1053 1337 1112 1377 se
1133 1338 1441 1379 sermonem
1478 1324 1886 1395 orationemque
1901 1324 2017 1395 ejus

414 1414 746 1471 exaudiisse.

488 1680 653 1738 Vens.
673 1683 903 1751 21,224
930 1685 997 1741 Et
1015 1688 1155 1743 dixit
1183 1689 1233 1744 ei
1259 1706 1273 1744 :
1303 1688 1428 1745 Haec
1445 1690 1577 1746 dicit
1603 1689 1865 1752 Dominus
1880 1692 2020 1747 Deus

2111 768 2308 839 Κύριε,
2350 769 2378 820 6
2421 767 2555 831 Θεὸς
2585 768 2765 839 ἡμῶν,
2798 768 2972 822 σῶσον
3003 772 3151 841 ἡμᾶς
3180 772 3244 824 ἐκ
3274 773 3472 843 χειρῶν
3501 771 3705 827 αὐτοῦ’

2112 861 2199 914 ἵνα
2224 860 2338 932 γνῷ
2363 862 2513 914 πᾶσα
2542 863 2574 932 ἡ
2611 861 2859 932 βασιλεία
2904 865 3004 933 τῆς
3038 866 3160 935 γῆς,
3210 865 3295 918 ὅτι
3329 866 3393 919 σὺ
3427 861 3478 919 εἶ
3510 868 3539 920 6
3568 864 3710 929 Θεὸς

2116 953 2295 1023 μόνος.
2323 954 2433 1006 Καὶ
2466 954 2748 1026 ἀπεστάλη
2778 953 3005 1019 Ἡσαΐας
3035 956 3150 1019 υἱὸς
3184 955 3366 1027 Ἀμὼς
3390 958 3526 1030 πρὸς
3563 956 3711 1021 Ἐζε-

2116 1046 2263 1101 κίαν.
2296 1065 2316 1098 ι
2363 1046 2421 1101 '0
2457 1047 2555 1116 μὲν
2585 1046 2837 1117 βασιλεὺς
2885 1046 3156 1112 Ἐζεκίας,
3191 1043 3279 1102 οἷα
3312 1049 3589 1121 θεοφιλὴς,
3625 1052 3708 1114 είς

2114 1140 2207 1193 τὸν
2224 1136 2374 1194 οἷκον
2402 1139 2558 1211 ἀνῄει
2589 1140 2683 1193 τοῦ
2717 1140 2876 1204 Θεοῦ,
2905 1140 3001 1194 καὶ
3032 1141 3132 1211 τὴν
3152 1142 3503 1214 ἀνάγραπτον
3526 1144 3711 1213 ίκετηο

2120 1231 2237 1301 ρίαν
2269 1231 2555 1303 ἀνέπεμπε
2579 1247 2594 1261 ⁸
2614 1231 2746 1296 Θεὸς
2777 1231 2835 1285 δὲ
2856 1230 3006 1303 αὑτῷ
3038 1232 3419 1303 ἀποκρίνεται,
3454 1234 3545 1287 τὸν
3573 1235 3709 1287 ἐαυ-

2116 1323 2211 1377 τοῦ
2258 1324 2543 1395 προφήτην
2596 1324 2824 1378 Ἡσαΐαν
2860 1324 2936 1388 ὠς
2968 1324 3130 1379 αὐτὸν
3155 1324 3411 1396 πέμψας’
3455 1324 3711 1397 δεύτερον

2117 1416 2175 1470 δέ
2240 1415 2389 1487 αὐτῷ
2449 1415 2639 1470 τοῦτον
2701 1416 2951 1471 ἐκδίδωσι
3007 1416 3098 1469 τὸν
3152 1418 3420 1488 χρησμὸν,
3464 1417 3541 1479 ὡς
3596 1417 3710 1487 ἄρα

2119 1508 2207 1580 εἴη
2254 1508 2509 1580 ἀκηκοὼς
2558 1509 2651 1563 τὸν
2696 1511 2795 1581 τῆς
2848 1511 3161 1581 προσευχῆς
3205 1509 3371 1563 αὐτοῦ
3424 1509 3580 1579 λόγον
3626 1509 3710 1562 δι-

2122 1600 2362 1655 δάσκων.

2199 1712 2218 1744 ι
2255 1695 2365 1747 Καὶ
2390 1688 2545 1749 εἶπεν
2574 1694 2751 1766 αὐτῷ·
2779 1694 2919 1749 Τάδε
2949 1696 3098 1765 λέγει
3138 1695 3346 1767 Κύριος
3375 1696 3404 1747 6
3434 1693 3568 1757 Θεὸς
3603 1694 3711 1747 Ἰσ-

416 1776 583 1833 lsrael
603 1796 615 1831 :
634 1778 828 1834 Audivi
855 1795 975 1850 qua:
1010 1792 1265 1852 precatus
1286 1797 1349 1839 es
1384 1800 1471 1839 me
1502 1798 1667 1854 super
1696 1784 2006 1841 Seunacbe-

2139 1786 2253 1859 ιαήλ
2275 1803 2289 1816 ·
2324 1787 2571 1840 Ἤκουσα
2608 1788 2644 1842 ἃ
2682 1787 2974 1861 προσηύξω
3010 1790 3145 1861 πρὸς
3282 1789 3407 1859 περὶ
3437 1788 3712 1856 Σενναχη-

418 1872 523 1926 rim
550 1887 680 1941 rege
717 1872 1086 1945 Assyriorum.
1127 1873 1226 1931 Hic
1262 1885 1349 1931 est
1382 1890 1565 1931 sermo
1592 1892 1756 1946 quem
1802 1879 2015 1934 locutus

416 1976 506 2021 est
534 1966 599 2021 de
628 1965 717 2020 illo
747 1966 890 2021 Deus
916 1967 1287 2039 :Contempsit
1319 1979 1405 2036 te,
1448 1978 1504 2025 et
1545 1971 1898 2027 subsannavit
1940 1982 2013 2038 Ie,

418 2059 574 2127 virgo
606 2058 712 2113 lilia
750 2059 905 2115 Sion.
934 2080 951 2112 ι
976 2062 1089 2131 Ego
1118 2077 1247 2117 vero
1278 2063 1401 2117 dico
1437 2063 1534 2118 tibi
1573 2078 1641 2118 ne
1674 2065 2014 2135 temetipsum

420 2152 681 2222 decipias,
718 2168 825 2207 non
862 2155 1004 2209 enim
1030 2155 1232 2209 virtute
1251 2162 1341 2208 tua
1376 2155 1476 2210 hos
1503 2169 1696 2211 omnes
1724 2157 2016 2225 superasti.

421 2242 536 2315 Ego
577 2253 764 2299 autem
814 2261 963 2301 eram
996 2248 1087 2316 qui
1131 2246 1249 2301 haec
1289 2256 1482 2302 contra
1525 2263 1622 2304 eos
1661 2248 2018 2314 definieram,

420 2335 639 2392 etiamsi
680 2345 735 2392 tu
794 2339 847 2392 id
897 2339 1123 2394 minime
1168 2354 1515 2410 agnosceres,
1545 2352 1711 2411 atque
1751 2342 1819 2396 ab
1865 2342 2022 2397 initio

422 2431 713 2488 Consilium
749 2446 929 2486 meum
961 2448 1067 2486 non
1116 2432 1359 2487 audires.
1395 2431 1608 2488 Etenim
1642 2432 1755 2500 jam
1788 2433 1913 2488 inde
1954 2434 2023 2486 ab

423 2524 664 2593 antiquis
690 2525 1023 2593 temporibus
1045 2526 1159 2580 hac
1183 2534 1372 2580 contra
1402 2526 1734 2595 irreligiosas
1754 2534 1808 2580 et
1834 2526 2025 2595 impias

426 2626 617 2687 gentes
659 2632 758 2687 per
789 2627 843 2672 te
889 2617 1027 2672 elIici
1069 2618 1438 2673 decreveram.
1466 2617 1624 2672 Nunc
1669 2627 1849 2671 autem
1894 2618 2026 2687 ipsis

429 2709 688 2777 Operibus
721 2710 1009 2764 consilium
1039 2711 1225 2780 aperui
1268 2727 1473 2774 meum,
1498 2726 1621 2765 cum
1653 2719 1707 2764 te
1736 2710 1803 2765 ad
1836 2725 2024 2765 eorum

429 2801 523 2873 qui
569 2802 834 2873 supplicio
886 2802 1034 2873 digni
1103 2812 1231 2857 sunt
1274 2802 1570 2872 perniciem
1614 2801 1896 2866 excitavi,
1940 2810 2026 2854 at-

429 2910 539 2967 que
569 2905 622 2949 te
652 2897 805 2964 quasi
841 2895 996 2965 signo
1023 2909 1154 2950 usus
1192 2910 1313 2949 sum
1345 2895 1411 2949 ad
1436 2893 1726 2948 vastandas
1752 2902 1946 2962 gentes
1974 2899 2030 2946 et

430 2988 499 3041 ad
527 2986 803 3057 pellendos
841 3004 936 3042 eos
977 2987 1071 3056 qui
1101 2988 1341 3041 munitas
1375 2987 1537 3041 urbes
1568 2984 1811 3040 incolunt
1846 3001 1861 3037 :
1894 2999 2031 3055 quas

430 3080 651 3149 quidem
683 3081 846 3134 urbes
878 3081 1029 3148 prius
1057 3078 1426 3134 custodiebam
1455 3087 1512 3133 et
1538 3076 1859 3141 servabam;
1890 3084 2033 3146 post-

2122 1878 2251 1949 ρεὶμ
2283 1877 2549 1948 βασιλέως
2586 1880 2909 1951 Ἀσσυρίων.
2946 1876 3113 1944 Οὗτος
3140 1883 3169 1934 6
3201 1880 3357 1949 λόγος
3389 1880 3448 1932 ὃν
3480 1877 3712 1947 ἐλάλησε

2120 1971 2252 2043 περὶ
2275 1970 2442 2025 αὑτοῦ
2465 1974 2494 2025 6
2515 1971 2670 2036 Θεός·
2713 1972 3003 2042 Ἐφαύλισέ
3036 1989 3096 2024 σε
3134 1972 3228 2026 καὶ
3254 1974 3462 2042 ἐμυκτή
3474 1972 3588 2042 ρισέ
3623 1988 3712 2037 σε,

2122 2062 2391 2134 παρθένος
2412 2064 2659 2135 θυγάτηρ
2685 2064 2844 2118 Σιών.
2879 2083 2900 2116 ι
2932 2064 3073 2134 Ἐγὼ
3103 2064 3161 2117 δέ
3191 2065 3273 2117 σοί
3307 2082 3448 2135 φημι
3476 2063 3550 2135 μὴ
3580 2080 3718 2118 σαυ-

2123 2155 2215 2209 τὸν
2264 2155 2517 2228 ἀπατᾷν,
2574 2156 2637 2210 ού
2690 2157 2802 2229 γάρ
2846 2159 2914 2228 τῇ
2962 2155 3162 2209 σαυτοῦ
3219 2156 3447 2226 δυνάμει
3504 2155 3715 2211 τούτων

2123 2248 2377 2303 ἁπάντων
2410 2250 2787 2321 περιγέγονας.
2830 2247 2972 2317 Ἐγὼ
3014 2248 3073 2302 δέ
3107 2248 3255 2317 ήμην
3293 2245 3431 2299 αὐτὰ
3462 2245 3582 2299 κατ’
3612 2244 3717 2300 αὖ·

2124 2342 2234 2398 τῶν
2261 2342 2472 2413 ὁρίσας,
2504 2344 2553 2395 εἰ
2587 2343 2682 2395 καὶ
2716 2342 2782 2394 σὺ
2813 2341 2888 2413 μὴ
2908 2341 3177 2408 ἐπέγνως,
3206 2339 3357 2409 ﬁxa).
3390 2338 3523 2408 μηδὲ
3547 2339 3715 2408 ἡκου-

2128 2451 2227 2497 σας
2258 2434 2357 2506 τὴν
2381 2433 2520 2504 ἐμὴν
2546 2432 2605 2501 ἐξ
2635 2433 2810 2505 ἀρχῆς
2838 2431 3056 2503 βουλήν.
3088 2430 3271 2485 Ταῦτα
3291 2430 3400 2500 γάρ
3430 2430 3594 2492 αὐτὸς
3618 2431 3714 2483 κέ-

2129 2544 2299 2599 κρικα
2331 2526 2473 2580 κατὰ
2503 2525 2612 2579 τῶν
2644 2525 2821 2579 ἀθέων
2862 2524 2956 2577 καὶ
2983 2524 3195 2577 ἀσεϐῶν
3218 2523 3387 2577 ἐθνῶν
3425 2523 3592 2578 πάλαι
3620 2522 3717 2575 καὶ

2130 2619 2189 2685 ἐξ
2213 2619 2435 2690 ἡμερῶν
2466 2618 2709 2690 ἀρχαίων
2759 2617 2849 2671 διὰ
2889 2615 2983 2670 σοῦ
3018 2617 3349 2690 πραχθῆναι.
3400 2617 3515 2671 Νῦν
3554 2616 3611 2669 δὲ
3647 2615 3715 2668 δι’

2131 2709 2309 2781 έργων
2360 2710 2459 2781 τὴν
2501 2711 2641 2783 ἐμὴν
2697 2709 2949 2774 ἐπέδειξα
2993 2709 3207 2781 βουλὴν,
3252 2711 3473 2782 ἐγείρας
3523 2725 3583 2762 σε
3626 2706 3717 2762 ἐπ’

2132 2800 2337 2872 ὀλέθρῳ
2366 2800 2475 2855 τῶν
2503 2799 2775 2874 τιμωρίας
2805 2799 2993 2864 ἀξίων,
3025 2800 3119 2855 καί
3150 2818 3233 2854 σοι
3260 2803 3607 2876 χρησάμενος
3629 2816 3723 2869 ση-

2138 2894 2275 2965 μείῳ
2305 2893 2399 2947 τοῦ
2425 2892 2773 2966 ἐξερημῶσαι
2798 2891 2947 2963 ἔθνη,
2976 2894 3315 2957 ἀναστάτους
3340 2896 3559 2964 ποιῆσαι
3589 2894 3719 2955 τοῦς

2132 2982 2415 3047 οἰκοῦντας
2451 2984 2511 3035 ἐν
2544 2981 2763 3035 πόλεσιν
2786 2982 3040 3052 όχυραίςο
3076 2982 3142 3045 ἃς
3169 2984 3432 3053 πρότερον
3463 2982 3564 3052 μὲν
3589 2981 3723 3049 ἐφύ-

2135 3074 2328 3127 λαττον
2347 3073 2626 3139 διασώζων
2646 3075 2755 3145 ἐγώ
2774 3093 2787 3106 ’
2824 3076 2946 3131 ἐπεὶ
2968 3076 3025 3128 δὲ
3055 3075 3286 3145 ⁴ι’λσέϐουν
3320 3074 3395 3145 μὴ
3425 3075 3722 3145 γνωρίζον-

332 3206 335 3213 ι
432 3187 597 3240 quam
627 3183 809 3226 autem
842 3172 915 3225 illi
948 3180 1285 3226 servatorem
1315 3185 1419 3225 non
1447 3180 1811 3239 agnoscentes
1848 3184 2027 3232 suum,

2139 3185 2225 3231 τες
2271 3167 2360 3220 τὸν
2383 3166 2592 3220 ἑαυτῶν
2639 3143 2879 3241 σωτῆρα,
2920 3143 3097 3239 ἀνῆκα
3127 3166 3225 3231 τάς
3256 3143 3495 3238 ἐμαυτοῦ
3528 3143 3723 3237 χεῖρας

436 3264 704 3333 impietati
739 3280 799 3319 se
830 3264 1197 3329 dediderant,
1230 3277 1422 3316 manus
1472 3261 1655 3315 remisi
1692 3274 1872 3325 meas,
1907 3274 2031 3315 eos-

435 3370 542 3421 que
564 3355 658 3409 tibi
692 3356 760 3409 ad
792 3357 1117 3424 supplicium
1155 3354 1373 3408 tradidi.
1410 3353 1489 3407 Illi
1513 3368 1646 3407 vero
1690 3353 2034 3423 inspectione

438 3464 558 3502 mea
583 3449 781 3513 orbati,
818 3449 1005 3503 statim
1050 3446 1254 3503 deserti
1284 3457 1431 3502 sunt.
1466 3446 1649 3514 Quare
1674 3447 1853 3501 subdit
1879 3464 1896 3503 :

509 3540 672 3595 Vnus.
700 3542 892 3598 25-25.
930 3560 949 3593 ι
982 3540 1036 3595 1η
1076 3551 1126 3597 te
1164 3550 1327 3610 caput
1359 3542 1546 3607 movit,
1573 3539 1678 3594 (ilia
1709 3538 2031 3595 Jerusalem.

437 3633 537 3689 Cui
593 3636 959 3706 exprobrasti,
1000 3647 1057 3690 et
1100 3650 1261 3706 quem
1303 3632 1586 3689 irritasti?
1623 3645 1718 3688 aut
1771 3634 2034 3688 adversus

440 3742 603 3798 quem
634 3728 901 3783 sustulisti
948 3743 1132 3782 vocem
1170 3735 1315 3781 tuam
1347 3726 1372 3778 ?
1402 3735 1461 3779 et
1504 3740 1609 3779 non
1644 3723 1830 3778 levasti
1868 3724 1921 3778 in
1958 3722 2038 3777 al-

443 3829 555 3875 tum
604 3822 791 3876 oculos
835 3830 958 3875 tuos
1000 3821 1066 3873 ad
1114 3829 1365 3874 sanctum
1416 3817 1602 3881 Israel,
1639 3818 1897 3886 quoniam
1943 3832 2039 3886 per

444 3912 669 3967 nuntios
708 3912 1049 3982 exprobrasti
1098 3911 1348 3965 Domino.
1400 3910 1482 3963 Tu
1533 3909 1680 3964 enim
1726 3908 2037 3963 dixistizln

444 4004 791 4059 multitudine
821 4018 1082 4059 curruum
1109 4017 1213 4072 ego
1246 4004 1463 4058 asceudi
1508 4002 1562 4056 in
1598 4002 1856 4056 verticem
1888 4018 2041 4057 mon-

446 4096 605 4160 tium,
638 4106 693 4150 et
725 4097 777 4149 iu
827 4096 1017 4150 ultima
1056 4093 1271 4157 Libani,
1298 4102 1354 4147 et
1396 4093 1601 4148 succidi
1643 4093 1857 4161 fastigia
1891 4093 2040 4147 cedri

442 4187 584 4253 ejus,
616 4198 673 4243 et
713 4188 1170 4258 pulchritudinem
1210 4187 1478 4257 cypressi,
1530 4196 1587 4239 et
1620 4185 1895 4256 ingressus
1920 4201 2039 4241 sum

449 4282 505 4336 in
532 4282 875 4337 altitudinem
919 4281 1093 4349 partis
1118 4278 1317 4335 saltus.
1362 4297 1382 4331 ι
1415 4278 1509 4332 llis
1539 4292 1704 4347 porro
1731 4278 2042 4332 subindicat

449 4375 698 4430 sublimia
745 4374 838 4429 illa
871 4383 928 4429 et
974 4371 1269 4442 conspicua
1302 4371 1357 4426 iu
1404 4369 1629 4438 reliquis
1665 4370 1918 4438 gentibus
1952 4383 2042 4423 re-

2136 3278 2219 3314 σοι
2255 3261 2586 3333 παραδιδοὺς
2611 3261 2703 3314 ἐπὶ
2739 3261 3007 3333 τιμωρίᾳο
3036 3263 3084 3314 οἱ
3114 3259 3170 3313 δὲ
3199 3261 3547 3331 παραχρῆμα
3587 3259 3722 3331 ἐρη-

2139 3375 2229 3428 μοι
2279 3356 2525 3424 ἐγένοντο
2566 3358 2667 3427 τῆς
2714 3356 2854 3428 ἐμῆς
2889 3355 3244 3428 στερηθέντες
3280 3355 3605 3424 ἐπισκοπῆς.
3630 3354 3728 3406 Διὸ

2137 3448 2402 3516 ἐπιλέγειο

2211 3560 2230 3592 ι
2273 3536 2393 3594 Ἐπὶ
2424 3540 2506 3594 σοὶ
2534 3540 2775 3612 κεφαλὴν
2806 3539 3045 3610 ἐκίνησε,
3068 3539 3317 3610 θυγάτηρ
3346 3537 3724 3610 Ἰερουσαλήμ.

2138 3634 2270 3687 Τίνα
2294 3634 2578 3698 ὠνείδισας
2611 3634 2705 3687 καὶ
2732 3632 3056 3702 παρώξυνας
3076 3633 3147 3703 ςῆ
3184 3633 3321 3703 πρὸς
3345 3632 3469 3685 τίνα
3501 3630 3729 3701 ὕψωσας

2137 3721 2237 3792 τὴν
2275 3722 2461 3792 φωνήν
2490 3738 2619 3786 σου;
2663 3722 2758 3775 καὶ
2799 3721 2898 3774 οὐκ
2928 3716 3070 3793 ἦρας
3098 3722 3177 3783 είς
3206 3721 3338 3791 ὕψος
3366 3721 3494 3784 τοὺς
3524 3719 3733 3789 ὀφθαλο

2144 3811 2274 3882 μούς
2297 3829 2391 3865 σου
2420 3812 2556 3885 πρὸς
2580 3814 2673 3865 τὸν
2704 3812 2859 3880 ἅγιον
2880 3811 2972 3865 τοῦ
3023 3812 3258 3884 Ἰσραὴλ,
3287 3813 3369 3867 ὃτι
3393 3813 3458 3866 δι’
3480 3812 3731 3882 ἀγγέλων

2140 3902 2423 3966 ὠνείδισας
2486 3903 2712 3974 Κύριον.
2768 3902 2841 3955 Σὺ
2897 3901 3007 3972 γάρ
3050 3896 3240 3965 εἷπας’
3275 3901 3367 3973 Τῷ
3393 3901 3587 3972 πλήθει
3617 3900 3733 3953 τῶν

2143 3992 2405 4062 ἁρμάτων
2438 3992 2549 4063 ἐγὼ
2578 3993 2776 4062 ἀνέϐην
2836 3995 2916 4055 είς
2976 3990 3110 4061 ὕψος
3150 3993 3358 4066 ὀρέων,
3404 3994 3498 4046 καὶ
3537 3995 3618 4055 είς
3660 3992 3733 4047 τὰ

2142 4084 2349 4155 ἔσχατα
2391 4086 2485 4139 τοῦ
2525 4086 2781 4149 Λιϐάνου,
2817 4087 2911 4140 καὶ
2949 4087 3122 4157 ἔκοψα
3166 4087 3225 4139 τὸ
3248 4086 3381 4156 ῦψος
3410 4090 3508 4157 τῆς
3535 4086 3734 4156 κέδρου

2143 4177 2333 4242 αὑτοῦ,
2370 4179 2465 4232 καὶ
2496 4179 2557 4232 τὸ
2589 4180 2783 4244 κάλλος
2822 4181 2923 4251 τῆς
2946 4180 3311 4252 κυπαρίσσου,
3347 4180 3442 4232 καὶ
3479 4178 3736 4250 εἰσῆλθον

2145 4271 2225 4333 είς
2249 4268 2383 4338 ὕψος
2408 4268 2608 4340 μέρους
2634 4270 2728 4323 τοῦ
2759 4269 2988 4341 δρυμοῦ.
3033 4290 3051 4321 ι
3096 4270 3372 4341 ᾘνίττετο
3409 4268 3495 4322 διὰ
3525 4269 3743 4323 τούτων

2145 4363 2244 4425 τάς
2259 4363 2457 4426 ἐντοῖς
2485 4363 2689 4427 λοιποῖς
2716 4362 2926 4415 ἐθνεσιν
2950 4361 3336 4433 ἐπηρτημένας
3357 4362 3451 4414 καὶ
3477 4362 3743 4432 εὐθηνου-

451 4484 577 4541 gna.
608 4469 798 4539 Magna
824 4471 1026 4537 quippe
1055 4465 1148 4520 illa
1182 4463 1377 4519 Libani
1426 4462 1718 4517 multitudo
1747 4462 1799 4515 in
1834 4459 2027 4513 altissi-

2150 4454 2319 4525 μένας
2359 4454 2655 4525 βασιλείας.
2690 4454 2763 4508 Τὸ
2801 4454 2910 4527 γὰρ
2945 4454 3079 4508 πολὺ
3116 4453 3319 4525 πλῆθος
3362 4452 3458 4505 τοῦ
3500 4452 3742 4507 Λιϐάνου

454 4564 557 4618 mis
585 4564 763 4619 cedris
775 4570 830 4617 et
846 4558 1136 4631 cupressis,
1158 4558 1294 4622 sive,
1315 4554 1611 4612 secundum
1635 4551 2045 4623 Symmachum,

456 4677 477 4709 ι
508 4659 793 4728 juuiperis,
826 4674 845 4708 ι
868 4655 1003 4720 sive,
1036 4650 1334 4707 secundum
1362 4646 1641 4717 Aquilam,
1675 4663 1695 4696 ι
1719 4642 2039 4703 abietibus,»

454 4754 519 4805 ad
545 4751 832 4822 imaginem
854 4759 910 4803 et
938 4747 1161 4820 ﬁguram
1190 4743 1432 4817 gentium
1455 4750 1583 4796 tunc
1604 4752 1861 4810 prOSpere
1879 4751 2044 4807 agen-

456 4848 590 4899 tium
627 4843 929 4911 usurpavit.

530 4936 692 4989 Vens.
720 4933 914 4988 26-29.
939 4950 963 4999 c
981 4932 1042 4985 Et
1076 4929 1231 5000 posui
1264 4936 1507 4999 pontem,
1539 4933 1596 4977 et
1616 4921 1821 4977 vastavi
1852 4934 2042 4989 aquas,

455 5040 511 5083 et
538 5043 755 5082 omnem
780 5024 1254 5094 congregationem
1298 5034 1470 5089 aquae.
1508 5016 1699 5073 Nonne
1724 5031 1789 5071 ea
1824 5013 2045 5069 audiisti

455 5122 606 5185 olim,
636 5134 758 5189 quae
781 5134 881 5188 ego
916 5116 1018 5172 feci
1052 5116 1181 5170 ?Ab
1219 5113 1462 5183 antiquis
1502 5111 1695 5167 diebus
1739 5107 1995 5164 constitui
2028 5124 2045 5174 ;

460 5229 605 5269 nunc
635 5220 815 5268 autem
842 5209 1057 5265 ostendi
1100 5223 1188 5263 me
1219 5218 1439 5264 vastare
1487 5215 1677 5277 gentes
1712 5204 1765 5259 in
1796 5201 2049 5264 fortibus,

460 5315 517 5362 et
539 5322 655 5371 eos,
684 5305 778 5377 qui
817 5304 1064 5359 habitant
1110 5302 1163 5356 in
1201 5302 1513 5356 civitatibus
1555 5297 1800 5353 munitis.
1845 5294 2051 5350 Remisl

466 5415 678 5465 manus,
729 5409 785 5454 et
816 5404 1173 5460 exaruerunt,
1207 5404 1261 5450 et
1296 5394 1521 5449 fuerunt
1566 5401 1824 5462 tanquam
1869 5388 2049 5443 fenum

466 5493 674 5548 aridum
706 5492 758 5547 in
810 5490 968 5547 tectis
1010 5498 1065 5544 et
1114 5499 1368 5559 tanquam
1408 5501 1650 5558 gramen.
1684 5483 1839 5539 Nunc
1870 5490 2050 5536 autem

472 5584 711 5654 requiem
755 5593 927 5645 tuam,
966 5588 1021 5635 et
1050 5582 1256 5634 exitum
1282 5588 1455 5642 tuum,
1482 5586 1538 5633 et
1571 5579 1874 5645 ingressum
1899 5582 2050 5627 tuum

468 5694 570 5745 ego
599 5676 746 5734 novi.
786 5673 868 5727 lra
900 5682 1079 5728 autem
1114 5683 1229 5735 tua,
1255 5688 1363 5741 qua
1413 5672 1585 5725 iratus
1621 5684 1703 5735 es,
1740 5676 1799 5724 et
1844 5666 2049 5722 amari-

473 5770 601 5824 tudo
638 5779 727 5823 tua
768 5765 1015 5821 ascendit
1050 5762 1118 5819 ad
1168 5777 1271 5820 mc.
1306 5763 1369 5819 Et
1407 5760 1647 5832 iujiciam
1691 5757 1953 5816 circulum
1996 5756 2047 5812 in

2150 4552 2209 4603 ἐν
2237 4548 2598 4621 ὑψηλοτάταις
2624 4549 2836 4620 κέδροις
2862 4548 2956 4602 xui.
2984 4548 3366 4619 κυπαρίσσοις,
3399 4544 3431 4616 ἦ
3460 4546 3554 4597 xui.
3590 4565 3610 4595 ι
3641 4547 3746 4616 ἀρ-

2150 4643 2385 4707 κεύθοις,
2429 4663 2448 4695 ι
2486 4643 2624 4696 κατά
2654 4642 2745 4695 τὸν
2773 4641 3091 4712 Σύμμαχον,
3125 4640 3158 4711 ἢ
3197 4661 3216 4691 ι
3257 4640 3496 4701 ἐλάταις,
3539 4657 3558 4689 ι
3596 4638 3749 4690 κατὰ
3816 4628 3820 4632 ’

2150 4737 2241 4790 τὸν
2292 4736 2541 4799 Ἀκύλαν,
2580 4738 2659 4799 είς
2700 4736 2881 4789 εἰκόνα
2920 4733 3239 4807 περιείληφε
3286 4732 3394 4786 τῶν
3427 4732 3548 4784 τότε
3578 4730 3747 4800 εὐθη-

2150 4847 2243 4884 νου
2251 4829 2428 4901 μένων
2464 4828 2654 4883 ἐθνῶν.

2228 4940 2247 4972 ι
2288 4920 2397 4973 Καὶ
2442 4918 2614 4992 ἔθηκα
2659 4917 2926 4991 γέφυραν,
2974 4919 3067 4970 xui.
3100 4917 3373 4989 ὴρήμωσα
3417 4914 3611 4978 ὕδατα,
3648 4916 3745 4968 καὶ

2152 5015 2333 5067 πᾶσαν
2358 5012 2682 5081 συναγωγὴν
2703 5010 2911 5074 ὓδατος.
2940 5010 3014 5063 Οὐ
3038 5008 3211 5062 ταῦτα
3237 5008 3479 5078 ἤκουσας
3510 5008 3682 5060 πάλαι
3706 5006 3746 5060 ἀ

2152 5105 2263 5174 ἐγὼ
2291 5107 2557 5176 ἐποίησα;
2609 5104 2697 5172 Ἐξ
2739 5104 2961 5175 ἡμερῶν
2994 5102 3236 5173 ἀρχαίων
3292 5100 3595 5165 συνέταξα·
3644 5098 3747 5152 νῦν

2154 5198 2210 5252 δὲ
2240 5196 2487 5262 ἐπέδειξα
2518 5197 2867 5267 ἐξερημῶσαι
2895 5194 3024 5263 ἔθνη
3059 5195 3117 5245 ἐν
3149 5194 3386 5264 ὀχυροῖς,
3414 5193 3511 5244 καὶ
3535 5191 3748 5244 οἰκοῦν-

2158 5309 2256 5355 τας
2289 5295 2348 5344 ἐν
2378 5292 2595 5344 πόλεσιν
2627 5291 2871 5361 ὀχυραῖς.
2920 5287 3127 5356 ’Δνῆκα
3164 5285 3265 5348 τάς
3298 5287 3504 5357 χεῖρας,
3532 5284 3627 5336 καὶ
3655 5283 3748 5347 ἐξ·-

2159 5383 2493 5455 ηράνθησαν,
2529 5383 2624 5436 κα)⁸
2658 5383 2909 5449 ἐγένοντο
2931 5381 3005 5442 ὼς
3030 5379 3224 5450 χόρτος
3254 5377 3417 5448 ξηρὸς
3438 5376 3531 5429 ἐπὶ
3559 5374 3748 5444 δωμά-

2158 5496 2286 5543 των,
2312 5478 2405 5532 xui.
2424 5478 2812 5548 ὠςάγρωστις.
2832 5475 2947 5527 Νῦν
2966 5472 3023 5524 δὲ
3053 5473 3152 5543 τὴν
3185 5469 3492 5523 ἀνάπαυσίν
3526 5485 3621 5519 σου
3653 5469 3756 5521 κές

2157 5573 2255 5643 τὴν
2288 5572 2464 5636 ἔξοδόν
2494 5588 2588 5623 σου
2639 5570 2732 5622 καὶ
2765 5567 2863 5638 τὴν
2900 5565 3105 5619 είσοὸόν
3141 5581 3235 5617 σου
3282 5560 3392 5630 ἐγὼ
3418 5560 3745 5628 ἐπίσταμαι.

2170 5668 2229 5719 Ὀ
2255 5665 2311 5718 δέ
2336 5664 2504 5733 θυμός
2529 5679 2648 5723 σου,
2676 5661 2737 5713 ὃν
2769 5657 3078 5729 ἐθυμώθης,
3126 5656 3221 5710 καὶ
3239 5656 3273 5725 ἡ
3298 5652 3495 5723 πικρία
3526 5669 3623 5704 σου
3654 5652 3751 5705 ἀν-

2160 5757 2255 5829 έϐη
2290 5757 2422 5828 πρὸς
2460 5756 2547 5828 μέ.
2578 5755 2687 5810 Καὶ
2720 5750 2940 5824 ἐμϐαλῶ
2973 5750 3136 5820 φιμὸν
3184 5749 3263 5811 εἰς
3311 5745 3407 5815 τὴν
3452 5743 3577 5815 ρῖνά
3630 5758 3748 5807 σου,
