3880 6216
116 346 224 404 353

1009 335 1504 395 COMMENTARIA
1544 336 1610 390 IN
1649 332 1911 391 ISAIAM.
1954 366 2022 377 -—
2057 332 2217 388 CAP.
2259 328 2526 385 XXXVII.

3293 330 3400 387 554

118 458 217 513 καὶ
261 455 485 528 χαλινὸν
518 456 600 517 εἰς
632 453 701 507 τά
727 452 882 525 χείλη
916 469 1031 519 σου,
1062 454 1158 507 καὶ
1187 453 1522 524 ἀποστρέψω
1558 469 1615 505 σε
1650 454 1718 524 τῇ

1836 465 1982 505 tares
2019 459 2159 516 tuas,
2200 455 2256 504 et
2301 448 2513 503 frenum
2560 447 2613 501 in
2647 446 2786 502 labia
2822 453 2910 500 tua
2949 466 2961 501 :
2996 455 3050 501 et
3085 457 3326 502 avertam
3352 460 3405 505 te

119 548 225 619 ὁδῷ
316 544 484 620 ἦλθες
514 546 573 600 ἐν
604 545 741 617 αὐτῇ
762 563 775 575 ·
801 564 820 597 ι
838 545 926 599 ῐνα
958 544 1034 617 μὴ
1060 544 1182 598 ὅποι
1200 544 1378 616 βούλει
1408 545 1597 616 ἀπίῃς,
1632 544 1721 597 έλ-

124 657 244 693 κοιο
268 640 328 692 δὲ
367 640 462 692 καὶ
488 638 561 710 μὴ
594 638 915 709 βουλόμενος
946 638 1029 700 εἰς
1056 636 1325 691 τούπίσω·
1364 638 1723 709 ἀποστραφῆ-

125 751 215 786 vat
251 733 364 804 γάρ
397 748 456 784 σε
497 731 679 802 δεήσει
728 729 806 800 τῷ
838 728 941 800 ὁδῷ
971 722 1006 802 ᾖ
1035 728 1134 801 τὴν
1158 728 1388 782 ἐνταῦθα
1426 730 1722 800 πεποίησαι

128 826 383 896 πορείαν,
436 824 573 896 πρὸς
626 824 690 877 τὸ
740 823 814 894 μὴ
863 821 1085 875 τοιαῦτα
1123 821 1456 892 φθέγγεσθαι
1492 822 1720 893 τολμᾷν.

131 918 279 988 Πλὴν
309 919 358 969 εἰ
388 918 484 969 καὶ
521 916 595 987 μὴ
628 914 974 968 συναπώλεσε
1004 912 1081 984 τῷ
1114 913 1307 984 πλήθει
1340 913 1427 967 διὰ
1442 915 1543 986 τὴν
1570 917 1723 986 εἰρη-

134 1009 305 1080 μένην
324 1010 525 1075 αἰτίαν,
546 1008 612 1061 δι’
630 1008 697 1079 ἣν
717 1007 812 1061 καὶ
831 1007 1048 1077 Φαραὼ,
1068 1005 1177 1058 τῶν
1195 1004 1395 1058 λοιπῶν
1411 1006 1724 1074 Αἰγυπτίων

134 1105 539 1173 κολαζομένων,
593 1100 797 1172 θεωρὸς
842 1098 1193 1168 ἐφυλάττετο·
1234 1098 1384 1168 ὅμως
1426 1096 1555 1165 γοῦν
1597 1097 1724 1161 τοὺς

134 1195 303 1247 αὐτοῦ
336 1195 535 1256 παῖδας
565 1186 722 1263 εὗρεν
761 1190 956 1244 ἑαυτοῦ
995 1189 1190 1259 φονέας
1241 1189 1335 1242 ἐπὶ
1381 1191 1479 1257 τῆς
1519 1187 1723 1249 οἰκείας

134 1288 431 1357 γενόμενος
457 1286 581 1356 γῆς.

210 1400 230 1430 ι
272 1377 448 1432 Τοῦτο
476 1378 533 1431 δέ
569 1394 650 1430 σοι
686 1376 747 1430 τὸ
766 1377 990 1447 σημεῖον
1011 1391 1026 1407 °
1062 1374 1200 1444 φάγε
1222 1372 1409 1427 τοῦτον
1432 1371 1524 1425 τὸν
1545 1372 1725 1423 ἐνιαυ-

134 1472 226 1523 τὸν
261 1472 300 1525 ἃ
332 1471 651 1541 ἕσπαρκας’
681 1467 761 1539 τῷ
791 1468 848 1520 δὲ
875 1465 1107 1537 ἐνιαυτῷ
1150 1464 1228 1537 τῷ
1259 1463 1493 1535 δευτέρῳ
1528 1462 1589 1514 τὸ
1622 1479 1723 1514 κα-

134 1562 416 1632 τάλειμμα
441 1579 453 1591 ·
482 1559 560 1630 τῷ
578 1560 635 1612 δὲ
664 1560 832 1631 τρίτῳ
861 1558 1181 1628 σπείραντες
1204 1557 1476 1627 ἀμήσατε,
1501 1553 1595 1607 καί
1618 1570 1723 1622 φυ-

133 1654 365 1707 τεύσατε
393 1652 741 1723 ἀμπελῶνας,
762 1651 858 1704 καὶ
879 1649 1116 1719 φάγεσθε
1135 1648 1226 1701 τὸν
1243 1647 1452 1718 καρπὸν
1468 1643 1666 1699 αὐτῶν.
1698 1663 1717 1696 ι

136 1746 200 1799 Εἰ
218 1746 279 1798 δέ
298 1761 381 1797 σοι
404 1745 486 1797 δεῖ
512 1743 737 1815 σημείου
767 1743 904 1813 πρὸς
933 1741 1197 1793 πίστωσιν
1219 1739 1328 1791 τῶν
1359 1737 1505 1808 ἐμῶν
1527 1737 1720 1805 λόγων,

1821 555 1884 595 ea
1901 542 2006 604 via,
2028 554 2130 609 qua
2155 539 2381 594 venisti:
2407 558 2425 591 ι
2450 548 2506 592 ut
2526 552 2590 592 ne
2612 551 2932 606 quocunque
2956 536 3186 593 volueris
3201 539 3365 594 abeas
3385 580 3404 607 ,

1826 634 1921 687 sed
1948 632 2031 687 vel
2074 632 2274 686 invitus
2316 630 2659 686 retrocedere
2693 630 2906 699 cogaris
2937 644 2951 682 :
2982 644 3085 698 qua
3109 630 3253 685 enim
3297 630 3406 685 huc

1819 724 2033 787 venisti,
2065 724 2250 778 eadem
2277 733 2328 779 te
2369 723 2647 778 discedere
2669 722 2755 775 via
2794 736 2928 790 Opus
2963 722 3106 785 erit,
3130 730 3189 775 ut
3226 737 3293 776 ne
3327 733 3408 776 ta-

1821 816 1892 870 lia
1934 815 2077 885 loqui
2101 817 2322 869 audeas.
2346 814 2546 869 Verum
2585 813 2792 868 etiamsi
2823 822 3115 866 memorata
3152 813 3216 866 de
3238 827 3404 867 causa

1823 924 1927 963 non
1967 924 2090 961 cum
2134 907 2475 961 multitudine
2505 906 2750 976 perierit,
2774 905 2841 959 ob
2872 921 3031 973 quam
3068 907 3229 959 etiam
3262 906 3406 960 Pha-

1823 1013 1937 1063 rao,
1970 999 2189 1068 reliquis
2231 997 2502 1068 «Egyptiis
2551 996 2820 1066 supplicio
2864 994 3094 1058 affectis,
3131 1007 3408 1065 spectator

1824 1090 2202 1144 reservabatur
2227 1106 2239 1142 :
2264 1098 2501 1142 attamen
2534 1088 2583 1140 in
2608 1098 2807 1140 terram
2838 1101 3088 1140 reversus
3111 1083 3406 1157 propriam,

1826 1180 1964 1235 filios
1995 1181 2289 1250 parricidas
2327 1180 2550 1233 invenit.

1894 1359 2060 1415 Vnus.
2086 1360 2177 1426 50,
2207 1361 2297 1416 51.
2337 1378 2358 1413 ι
2396 1360 2506 1414 Hoc
2544 1368 2724 1412 autem
2759 1358 2853 1411 tibi
2902 1358 3112 1428 signum
3144 1374 3158 1410 :
3188 1354 3410 1409 comede

1825 1452 1929 1508 boe
1960 1467 2120 1515 anno,
2144 1467 2265 1523 quae
2292 1451 2567 1506 seminasti
2586 1468 2601 1514 ;
2621 1466 2765 1505 anno
2781 1460 2960 1504 autem
2984 1449 3246 1513 secundo,
3263 1449 3409 1519 quod

1824 1544 2099 1598 residuum
2129 1543 2278 1609 erit;
2318 1543 2500 1607 tertio,
2554 1542 2884 1596 seminautes
2928 1542 3138 1604 metite,
3168 1549 3223 1594 et
3254 1540 3411 1610 plan-

1824 1644 1936 1690 tate
1964 1636 2173 1699 vineas,
2203 1644 2258 1689 et
2301 1633 2570 1688 comedite
2603 1632 2840 1686 fructum
2872 1647 3080 1686 earum.
3122 1650 3142 1685 ι
3177 1632 3236 1687 Si
3282 1647 3413 1686 vero

1828 1725 1893 1778 ad
1926 1739 2237 1779 sermonum
2270 1738 2513 1779 meorum
2535 1721 3001 1778 confirmationem
3030 1721 3183 1790 signo
3209 1720 3306 1774 tibi
3337 1721 3413 1773 sit

136 1836 250 1889 ἴσθι
306 1838 391 1890 ὅτι
419 1836 511 1889 τὸν
544 1800 785 1903 παρόντα
809 1800 1049 1885 ,ἐνιαυτὸν
1091 1833 1205 1893 τοῖς
1243 1829 1353 1883 ἀπὸ
1501 1800 1726 1899 γῆς-αὐέ-

1836 1829 1961 1883 npus
1987 1853 2003 1880 ,
2040 1815 2177 1869 scito
2203 1822 2255 1868 te
2280 1813 2384 1868 hoc
2408 1826 2550 1866 anno
2578 1822 2768 1879 sponte
2795 1811 3143 1865 nascentibus
3171 1825 3238 1864 ex
3265 1821 3411 1865 terra

132 1928 394 1997 τομάτως
451 1925 935 1996 ἀναδοθησομένοις
985 1922 1123 1994 πρὸς
1169 1920 1374 1993 τροφὴν
1425 1922 1625 1992 χρήσῃ,
1665 1919 1728 1972 τὸ

137 2019 277 2089 μηδὲ
305 2017 563 2071 δύνασθαι
596 2016 840 2087 συνήθως
878 2015 977 2085 τὴν
1018 2011 1202 2085 χώραν
1237 2011 1513 2083 γεωργίας
1543 2014 1728 2082 τυχεῖν

134 2111 225 2164 διά
256 2110 362 2180 τὴν
391 2110 498 2163 τῶν
525 2108 798 2178 πολεμίων
820 2106 1029 2175 ἔφοδον.

212 2218 232 2251 ι
265 2200 380 2252 Καὶ
416 2199 627 2251 ἔσονται
673 2200 720 2250 οἰ
752 2194 1237 2266 καταλελειμμένοι
1278 2195 1338 2248 ἐν
1368 2194 1436 2265 τῇ
1472 2193 1724 2265 Ἰουδαία,

136 2292 411 2361 φυήσουσι
464 2291 621 2362 ῥίζαν
659 2290 829 2352 κάτω,
874 2287 968 2341 καὶ
996 2288 1281 2356 ποιήσουσι
1316 2286 1540 2357 σπέρμα
1579 2286 1724 2349 ἀνω,

135 2386 222 2438 ὃτι
250 2384 313 2449 ἐξ
354 2382 710 2454 Ἰερουσαλὴμ
747 2380 960 2433 ἔσονται
1003 2380 1052 2434 οἰ
1084 2378 1590 2449 καταλελειμμένοι,
1634 2377 1729 2429 καὶ

137 2479 189 2529 οἱ
204 2474 508 2545 σωζόμενοι
532 2473 590 2539 ἐξ
613 2472 773 2543 ὅρους
804 2469 962 2525 Σιών.
1002 2472 1061 2524 '0
1084 2469 1244 2539 ζῆλος
1265 2469 1471 2540 Κυρίου
1500 2466 1726 2521 Σαϐαὼθ

140 2568 362 2637 ποιήσει
390 2564 583 2619 ταῦτα.
608 2564 708 2617 Διά
740 2562 898 2616 τοῦτο
915 2562 1088 2625 οὕτως
1111 2561 1255 2629 λέγει
1278 2561 1482 2632 Κύριος
1520 2561 1613 2614 ἐπὶ
1636 2558 1729 2629 βα-

143 2660 299 2714 σιλέα
336 2659 667 2730 ’Δσσυρίωψ
699 2658 774 2712 Οὐ
815 2656 889 2728 μὴ
919 2654 1135 2726 εἰσέλθῃ
1177 2656 1257 2718 εἰς
1285 2655 1385 2726 τὴν
1411 2654 1564 2706 πόλιν
1597 2652 1730 2707 ταύ-

141 2769 264 2823 την,
299 2750 421 2805 οὐδὲ
450 2752 524 2821 μὴ
548 2749 685 2823 βάλῃ
716 2751 805 2802 ἐπ’
825 2748 996 2819 αὐτὴν
1032 2746 1202 2816 βέλος,
1234 2746 1356 2799 οὐδὲ
1393 2747 1466 2817 μὴ
1496 2745 1731 2815 ὲπιὸἀλῃ

140 2841 230 2895 ἐπ’
259 2840 432 2911 αὐτὴν
457 2840 669 2911 θυρεὸν,
703 2841 823 2893 οὐδὲ
849 2838 923 2910 μὴ
950 2836 1206 2908 κυκλώσῃ
1237 2838 1324 2889 ἐπ’
1353 2837 1519 2908 αὐτὴν
1556 2838 1730 2908 χάρα-

142 2951 236 2999 κα,
282 2953 303 2984 ι
338 2933 401 2985 εὖ
434 2933 654 2997 εἰδότες,
678 2932 754 2995 ὡς
782 2934 831 2984 οἱ
853 2930 1294 3001 περιλειφθέντες
1323 2932 1381 2983 ἐν
1409 2934 1474 3001 τῇ
1504 2930 1732 3002 Ἰουδαίᾳ

145 3023 289 3093 μετά
330 3022 431 3094 τὴν
466 3023 842 3094 αἰχμαλωσίαν
878 3022 974 3075 τοῦ
1006 3024 1064 3075 ἐν
1095 3022 1376 3094 Σαμαρείᾳ
1410 3021 1649 3092 πλήθους
1671 3023 1730 3074 ὲν

1828 1905 2092 1962 fructibus
2134 1906 2402 1960 victurum
2449 1919 2609 1971 esse;
2647 1905 2787 1973 quod
2825 1920 2929 1957 non
2968 1895 3202 1972 potuerit
3238 1901 3410 1972 regio,

1828 1997 2063 2053 inimicis
2089 1996 2532 2065 irrumpentibus,
2561 2011 2659 2063 pro
2697 2009 2846 2049 more
2877 1994 3039 2048 solito
3064 1993 3262 2048 excoli.

1898 2179 2063 2234 Vsus.
2087 2178 2180 2243 32,
2208 2177 2301 2234 33.
2332 2194 2353 2229 ι
2386 2177 2453 2232 Ει
2475 2184 2632 2231 erunt
2658 2173 2848 2243 reliqui
2879 2174 2932 2227 in
2967 2171 3170 2237 Judata,
3209 2171 3412 2242 produ-

1828 2284 1953 2330 cent
1995 2272 2229 2326 radicem
2270 2270 2547 2331 deorsum,
2593 2277 2648 2322 et
2699 2266 2898 2321 facient
2931 2280 3114 2319 semen
3170 2280 3410 2329 sursum,

1829 2364 1954 2432 quia
1983 2376 2048 2417 ex
2072 2358 2370 2415 Jerusalem
2390 2368 2551 2414 erunt
2583 2358 2807 2421 residui,
2828 2365 2882 2409 et
2907 2355 3101 2409 salvati
3132 2356 3199 2410 de
3229 2364 3412 2409 monte

1832 2454 1983 2509 Sion.
2024 2452 2184 2507 Zelus
2223 2449 2435 2505 Domini
2476 2450 2712 2505 Sabaoth
2750 2449 2911 2503 faciet
2938 2450 3070 2504 haec.
3116 2446 3413 2517 Propterea

1831 2544 1909 2599 sic
1930 2544 2060 2598 dicit
2084 2541 2343 2595 Dominus
2373 2542 2424 2594 in
2454 2556 2631 2611 regem
2674 2540 3051 2610 Assyriorum:
3083 2536 3199 2591 Non
3234 2537 3411 2590 intra-

1829 2635 1909 2689 bit
1938 2634 1991 2688 iu
2014 2631 2287 2687 civitatem
2318 2630 2479 2694 haue,
2505 2644 2679 2699 neque
2695 2628 2864 2696 jaciet
2896 2629 2948 2683 in
2982 2642 3100 2681 eam
3132 2627 3413 2697 sagittam,

1832 2737 2007 2792 neque
2033 2722 2286 2775 immittet
2310 2721 2364 2773 in
2392 2734 2511 2774 eam
2533 2719 2808 2789 clypeum,
2845 2732 3018 2788 neque
3049 2715 3413 2773 circumdabit

1830 2828 1949 2868 eam
1983 2812 2143 2878 vallo,
2182 2828 2203 2863 ι
2228 2811 2462 2865 scientes
2504 2825 2624 2875 vos,
2664 2818 2783 2878 post
2816 2809 3108 2863 abductum
3152 2808 3206 2861 in
3242 2807 3418 2877 capti-

1831 2906 2052 2960 vitatem
2094 2903 2352 2958 Samaria:
2378 2900 2631 2971 pepulum
2667 2902 2719 2955 in
2750 2901 2933 2955 Judaea
2961 2900 3267 2967 derelictos,
3287 2914 3411 2953 euut

1832 3012 1966 3069 pace
2015 3006 2234 3051 acturos
2271 3010 2427 3060 esse,
2471 2995 2516 3049 si
2548 2998 2615 3048 ad
2668 2994 2920 3063 placitum
2977 3008 3155 3046 meum
3203 2990 3415 3044 firmam

142 3084 342 3187 εἰρήνῃ
373 3084 729 3180 διατελέσετε,
763 3116 817 3167 εἰ
850 3114 994 3169 κατά
1028 3114 1128 3184 τὴν
1157 3084 1295 3184 έμήν
1321 3084 1535 3184 βουλὴν,
1574 3112 1730 3185 ῥίζαν

1836 3093 2050 3163 pietatis
2084 3091 2319 3144 radicem
2351 3088 2405 3142 in
2440 3088 2619 3142 aninta
2655 3098 2831 3140 vestra
2872 3094 3151 3154 ponentes,
3182 3084 3416 3136 fructum

143 3206 478 3277 ἐμϐαλόντες
507 3206 728 3277 ἑδραίαν
770 3206 1076 3269 θεοσεϐείας
1124 3209 1182 3259 ἐν
1212 3208 1279 3276 τῇ
1318 3204 1528 3258 ἑαυτῶν
1557 3204 1725 3276 ψυχῇ,

140 3299 359 3371 καρπὸν
388 3300 485 3369 τῆς
513 3300 653 3369 ἐμῆς
686 3299 961 3369 γεωργίας
995 3298 1145 3365 ἀξιον
1190 3296 1561 3350 ἀναϐλέποντα
1592 3295 1731 3366 πρὸς

145 3389 218 3461 μὶ
243 3390 574 3444 ἀναδώσετε.

219 3500 242 3532 ι
291 3479 452 3533 ’Λλλά
486 3482 551 3550 τῇ
575 3471 732 3551 ὁδῷᾖ
760 3473 945 3549 ἦλθεν,
971 3478 1030 3530 ἐν
1054 3478 1191 3548 αὐτῇ
1225 3477 1726 3548 ἀποστραφήσεται,

142 3571 238 3626 καὶ
257 3574 341 3634 εἰς
361 3570 464 3641 τὴν
479 3569 632 3623 πόλιν
651 3566 854 3640 ταύτην
873 3568 934 3622 οὐ
956 3567 1029 3639 μὴ
1050 3566 1284 3639 εἰσέλθῃ.
1309 3567 1449 3621 Τάδε
1464 3567 1611 3635 λέγει
1625 3564 1733 3619 Κύ-

146 3682 262 3737 ριος
280 3681 295 3694 ο
338 3661 694 3733 ’Υπερασπιῶ
708 3661 850 3732 ὑπὲρ
873 3663 973 3731 τῆς
991 3660 1197 3723 πόλεως
1214 3660 1420 3731 ταύτης
1444 3658 1539 3712 τοῦ
1558 3659 1732 3713 σῶσαι

142 3756 314 3827 αὐτὴν
335 3755 405 3807 δι’
436 3755 571 3820 ἐμὲ,
609 3753 703 3806 καὶ
732 3751 822 3805 διά
852 3750 1012 3804 Δαυῒδ
1037 3751 1129 3805 τὸν
1149 3752 1315 3806 παῖδά
1347 3768 1469 3822 μου.
1504 3769 1523 3803 ι
1562 3750 1732 3803 Τοῦτο

142 3848 255 3917 γὰρ
281 3845 411 3916 ἐμοὶ
438 3843 559 3914 Θεῷ
580 3843 694 3897 δντι
726 3842 944 3915 πρέπει.
981 3841 1072 3894 Διὸ
1096 3841 1268 3896 ταῦτα
1292 3841 1483 3913 πράξω
1515 3840 1582 3894 δι’
1607 3840 1730 3912 ἐμὲ,

142 3938 259 3992 ἀλλ’
283 3936 347 3989 οὐ
375 3934 464 3988 διὰ
484 3933 579 3988 τοῦ
601 3931 784 3998 ἀξίους
799 3929 937 3985 εῖναι
960 3932 1086 3995 τοὺς
1104 3930 1519 4004 βοηθουμένους.

216 4135 240 4169 ο
270 4109 385 4170 Kal.
407 4113 630 4186 ἐξῆλθεν
661 4113 888 4183 ἄγγελος
912 4114 1141 4184 Κυρίου,
1173 4111 1266 4165 καὶ
1295 4111 1504 4165 ἀνεῖλεν
1532 4112 1599 4164 ἐκ
1630 4110 1731 4180 τῆς

140 4210 503 4282 παρεμϐολῆς
527 4210 636 4263 τῶν
674 4209 973 4280 Ἀσσυρίων
1009 4214 1124 4280 ρπε⁹
1145 4206 1417 4277 χιλιάδας’
1464 4206 1560 4258 καί
1588 4206 1735 4258 ἀνα-

145 4304 379 4366 πάντες
397 4304 460 4356 τὸ
475 4301 640 4372 πρωῒ,
670 4296 827 4373 εὗρον
849 4301 1026 4355 πάντα
1045 4301 1114 4353 τὰ
1148 4299 1376 4370 σώματα
1402 4297 1592 4369 νεκρά.
1624 4296 1735 4349 Καὶ

142 4394 396 4466 ἀπῆλθεν
434 4392 809 4465 ἀποστραφεὶς
850 4390 1224 4462 Σενναχηρεὶμ
1255 4389 1505 4460 βασιλεὺς
1538 4389 1734 4440 Ἀσσυ-

1832 3184 2162 3255 agricultura
2190 3197 2309 3236 mea
2354 3180 2594 3252 dlguum,
2630 3179 2697 3232 ad
2735 3194 2820 3232 me
2868 3186 3238 3247 spectantem,
3272 3185 3423 3229 attu-

1831 3276 2024 3332 leritis.

1903 3460 2067 3515 Vsus.
2098 3459 2190 3521 54,
2215 3457 2306 3511 35.
2344 3473 2364 3507 ι
2402 3454 2514 3509 Sed
2536 3468 2640 3523 qua
2670 3449 2756 3503 via
2791 3451 2960 3513 venit,
3000 3450 3189 3505 eadem
3234 3462 3423 3502 rever-

1834 3560 2004 3616 tetur,
2035 3560 2088 3606 et
2117 3551 2169 3603 in
2197 3551 2335 3603 hanc
2369 3546 2560 3602 urbem
2594 3560 2698 3598 uou
2734 3543 3089 3611 ingredietur.
3132 3540 3255 3594 Hate
3284 3540 3419 3594 dicit

1833 3643 2094 3700 Dominus
2120 3660 2133 3695 :
2160 3639 2450 3709 Protegam
2471 3636 2745 3691 civitatem
2777 3634 2938 3697 hanc,
2962 3641 3019 3685 ut
3044 3646 3256 3687 servem
3291 3644 3420 3684 eam

1832 3746 2050 3807 propter
2072 3746 2193 3796 me,
2227 3740 2282 3784 et
2322 3710 2543 3799 propter
2591 3726 2758 3780 David
2800 3739 3017 3779 servum
3054 3737 3255 3776 meum.
3300 3740 3321 3773 ι
3357 3719 3419 3773 Id

1831 3828 1979 3884 enim
2004 3824 2158 3889 mihi,
2191 3831 2251 3876 ut
2278 3823 2406 3885 Deo,
2434 3833 2738 3890 congruens
2772 3826 2873 3870 est.
2900 3815 3078 3882 Quare
3112 3814 3162 3868 id
3193 3824 3416 3883 propter

1833 3930 1920 3971 me
1967 3930 2159 3986 agam;
2189 3912 2285 3967 sed
2339 3925 2446 3965 non
2497 3908 2642 3978 quod
2681 3906 2756 3961 illi
2786 3906 2877 3975 qui
2908 3903 3168 3972 juvantur
3209 3903 3416 3956 auxilio

1833 4006 1979 4078 digni
2003 4008 2134 4061 sint.

1903 4097 2069 4153 Vsus.
2092 4095 2280 4151 36-38.
2305 4112 2325 4146 ι
2363 4092 2430 4147 Ει
2480 4106 2732 4161 egressus
2778 4099 2864 4145 est
2909 4088 3134 4159 angelus
3168 4085 3412 4151 Domini,

1832 4201 1887 4247 et
1944 4189 2221 4246 interfecit
2255 4202 2325 4241 ex
2361 4186 2555 4241 castris
2614 4183 2958 4253 Assyriorum
3008 4191 3224 4235 centum
3266 4190 3417 4234 octo-

1834 4286 1982 4354 ginta
2004 4283 2243 4354 quinque
2267 4278 2535 4334 millia:et
2563 4285 2851 4344 surgentes
2879 4288 3059 4337 mane,
3090 4272 3418 4325 invenerunt

1835 4378 2017 4436 omnia
2040 4376 2329 4431 cadavera.
2377 4372 2445 4426 Et
2471 4383 2722 4425 reversus
2745 4366 2879 4421 abiit
2905 4362 3292 4420 Seunaclterim
3318 4375 3413 4414 rex

147 4453 303 4561 ρίων,
330 4489 427 4541 καὶ
448 4453 666 4556 ᾤκησεν
695 4453 754 4537 ἐν
777 4453 978 4554 ινευῇ
1176 4453 1234 4535 έν
1255 4453 1342 4553 ’τῷ
1370 4481 1533 4536 αὐτὸν
1558 4496 1729 4551 προσ-

1838 4473 2204 4543 Assyriorum,
2238 4476 2291 4521 et
2326 4464 2592 4520 habitavit
2627 4462 2682 4516 itt
2723 4460 2938 4520 Ninive,
2988 4466 3044 4511 et
3073 4470 3196 4509 cum
3222 4453 3417 4507 adora-

145 4584 332 4636 κυνεῖν
382 4581 442 4633 ἐν
481 4578 562 4649 τῷ
598 4578 733 4648 οἴκῳ
767 4575 1033 4647 Νασαράχ
1072 4574 1166 4629 τὸν
1199 4562 1513 4645 πάτραρχον
1541 4569 1731 4636 αὑτοῦ,

158 4672 495 4745 Ἀδραμέλεχ
514 4671 610 4723 καὶ
644 4668 904 4740 Σαρασάρ
930 4669 980 4720 οἰ
1003 4667 1111 4719 υἱοὶ
1137 4664 1303 4718 αὐτοῦ
1332 4663 1611 4730 ἐπάταξαν
1636 4662 1736 4719 αὺ-

143 4768 237 4818 τὸν
267 4763 586 4835 μαχαίραις.
618 4761 782 4813 Αὐτοὶ
822 4759 881 4812 δὲ
914 4756 1251 4827 διεσώθησαν
1294 4757 1375 4819 εἰς
1418 4754 1730 4826 Ἀρμενίαν,

144 4861 240 4913 καὶ
274 4857 626 4911 ἐϐασίλευσεν
672 4854 930 4926 Ἀσορδὰν
961 4855 990 4907 ὁ
1011 4853 1127 4915 υἰὸς
1153 4850 1317 4905 αὐτοῦ
1344 4851 1457 4904 ἀντ’
1481 4848 1667 4904 αὐτοῦ.
1704 4867 1724 4901 ι

144 4949 261 5001 Οὐκ
288 4949 372 5009 εἰς
394 4945 613 5017 μακρὰν
641 4946 697 4998 δὲ
723 4946 835 5007 τοῖς
868 4943 1047 5011 λόγοις
1074 4941 1279 5012 φοϐερά
1296 4958 1383 5004 τις
1407 4939 1561 5011 θεῖκὴ
1594 4941 1733 5011 πρᾶ-

146 5041 226 5103 ξις
250 5039 442 5092 εἵπετο
484 5037 684 5093 αὐτίκα
729 5036 868 5107 μετά
902 5035 1108 5098 ταύτας
1144 5034 1242 5098 τάς
1275 5032 1480 5102 φωνὰς,
1502 5032 1611 5086 οὐδ’
1638 5034 1735 5087 ἀν-

146 5130 427 5201 θρωπίνης
470 5127 714 5201 μεθόδου,
754 5126 1010 5198 μυριάδες
1039 5125 1255 5197 ἀθρόως
1292 5123 1501 5195 ἀνδρῶν
1537 5122 1733 5195 εὕρην-

142 5239 234 5275 ται
259 5221 458 5289 νεκραὶ
486 5218 813 5291 βεϐλημέναι
853 5218 959 5272 ὑπὸ
983 5216 1164 5289 χειρὸς
1201 5216 1322 5278 ἑνὸς
1349 5215 1579 5284 ἀγγέλου
1599 5232 1614 5246 ο
1645 5232 1735 5268 το-

148 5314 341 5376 σοῦτος
361 5311 474 5382 γὰρ
497 5306 567 5382 ἦν
598 5305 771 5375 οὗτος,
820 5309 896 5373 ὠς
923 5307 1060 5362 Θεοῦ
1099 5308 1278 5379 κρίσει
1307 5305 1733 5377 διακονήσασθαι

145 5409 241 5463 καὶ
258 5405 504 5462 τοσαῦτα
524 5404 701 5475 πλήθη
724 5403 832 5456 τῶν
853 5400 1128 5472 πολεμίων
1150 5399 1363 5454 ἀνελεῖν
1377 5415 1390 5428 ·
1420 5399 1567 5462 ὅπως
1587 5397 1733 5469 ἔργῳ

145 5501 343 5569 πεῖραν
380 5495 537 5549 λάϐοι
565 5495 597 5547 ὁ
622 5493 827 5547 τούτων
856 5490 1127 5561 βασιλεὺς,
1172 5488 1232 5551 ὃς
1284 5486 1731 5558 κατεϐλασφήμει

144 5590 306 5644 Θεοῦ.
364 5588 571 5641 Τούτου
611 5585 741 5653 γοῦν
783 5585 969 5638 ἕνεκεν
1007 5581 1277 5636 τοσούτων
1324 5578 1728 5649 ἀπολλυμένων,

146 5684 208 5735 οὐ
250 5678 656 5743 συναπώλλυτο,
694 5677 769 5741 ὡς
806 5676 872 5731 ἂν
910 5675 1113 5746 θεωρὸς
1147 5671 1436 5743 γενόμενος
1466 5669 1561 5722 τοῦ
1590 5685 1733 5740 πρα-

149 5775 392 5844 χθέντος,
450 5772 551 5842 τήν
605 5771 763 5826 ἄθεον
813 5768 978 5823 αὐτοῦ
1020 5766 1269 5849 γλῶτταν
1303 5761 1727 5832 ὲπιστομίσειεν.

1838 4573 1925 4620 ret
1945 4565 2001 4617 in
2035 4562 2196 4617 domo
2224 4556 2502 4613 Nasaraclt
2529 4563 2820 4626 patronum
2857 4564 3037 4615 suum,
3059 4544 3412 4600 Adramelech

1838 4668 1894 4713 et
1924 4656 2157 4709 Sarasar
2187 4652 2282 4707 ﬁlii
2328 4650 2445 4718 eius
2476 4652 2867 4719 percusserunt
2907 4657 3028 4697 eum
3064 4639 3278 4710 gladiis.
3311 4636 3415 4706 Ipsi

1838 4763 1968 4803 vero
1990 4747 2348 4814 confugerunt
2374 4743 2426 4797 in
2456 4739 2791 4802 Armeniam,
2819 4745 2874 4790 et
2896 4732 3139 4805 regnavit
3169 4731 3412 4785 Asordau

1837 4840 1980 4895 filius
2005 4839 2123 4900 eius
2171 4852 2270 4903 pro
2307 4848 2394 4889 eo.
2433 4852 2453 4885 ι
2505 4830 2616 4886 Nec
2644 4829 2813 4883 multo
2850 4834 2970 4896 post
3005 4825 3104 4878 has
3124 4822 3295 4876 editas
3322 4836 3416 4874 vo-

1835 4949 1949 4998 ces,
1980 4945 2070 4985 res
2095 4925 2461 4998 perhorrenda
2493 4923 2752 4979 divinitus
2778 4917 2996 4975 accidit.
3024 4930 3128 4970 non
3164 4912 3414 4968 [mimum

1835 5022 2132 5087 facultatis,
2151 5017 2423 5091 myriades
2438 5016 2675 5070 virorum
2701 5013 2861 5067 unius
2883 5008 3061 5080 angeli
3085 5020 3418 5061 manuremsae

1836 5126 2068 5186 reperta:
2116 5119 2245 5167 sunt
2285 5124 2300 5161 :
2334 5116 2517 5163 tantus
2562 5105 2706 5161 enim
2757 5102 2849 5157 ille
2899 5100 3127 5171 angelus
3164 5104 3314 5159 erat,
3355 5106 3415 5149 ut

1830 5205 2034 5281 judicio
2066 5202 2163 5258 Dei
2191 5199 2549 5262 ministraret,
2579 5206 2635 5250 et
2659 5204 2863 5250 tantam
2903 5192 3137 5247 hostium
3169 5188 3413 5242 multitu-

1839 5301 2021 5355 dinem
2061 5294 2435 5355 interficeret;
2489 5300 2548 5345 ut
2608 5303 2703 5343 rex
2764 5286 2981 5341 illorum
3038 5280 3413 5349 experimento

1837 5393 2073 5449 disceret
2104 5402 2165 5443 se
2190 5394 2379 5441 contra
2432 5383 2600 5438 Deum
2639 5378 2961 5448 blaspheme
3000 5373 3309 5442 protulisse.
3337 5370 3411 5423 Ea

1836 5485 1905 5540 de
1933 5495 2121 5545 causa,
2149 5486 2228 5533 tot
2260 5475 2534 5544 tantisque
2586 5468 2940 5542 pereuntibus
2980 5466 3116 5529 aliis,
3150 5465 3264 5533 ipse
3288 5476 3415 5520 cum

1837 5576 1943 5632 illis
1965 5588 2071 5630 non
2099 5570 2284 5643 periit,
2312 5577 2371 5623 ut
2400 5576 2567 5636 gestat
2598 5564 2675 5622 rei
2728 5570 3003 5634 spectator
3031 5556 3281 5626 effectus,
3308 5557 3411 5611 int-

1838 5669 1982 5740 piam
2026 5666 2264 5735 linguam
2317 5660 2571 5717 frenaret.
