3880 6216
138 254 251 317 357

1031 258 1539 314 COMMENTARIA
1579 259 1648 315 IN
1685 259 1943 317 ISAIAM.
1987 292 2053 301 —
2090 263 2243 320 CAP.
2284 265 2575 326 XXXVIII.

3324 280 3434 341 558

141 378 466 450 προσευχῆς
490 395 606 444 σου,
638 379 733 433 καὶ
762 375 900 433 εἶδον
926 381 992 434 τὰ
1022 381 1232 453 δάκρυά
1255 398 1369 435 σου.
1415 382 1547 435 Ἰδοὺ
1574 400 1735 453 προσ-

1845 382 2165 439 ascriberet.
2193 402 2213 435 ι
2248 382 2440 471 A__udivi
2475 387 2779 444 orationem
2810 398 2979 459 tuam,
3028 401 3085 448 et
3107 394 3215 450 vidi
3258 395 3433 471 lacry-

138 469 341 542 τίθημι
371 471 509 560 πρὸς
532 471 624 526 τὸν
653 472 843 543 χρόνον
866 490 960 525 σου
987 480 1048 526 ιε’
1068 472 1186 545 ἔτη.
1231 492 1251 525 ι

215 673 237 706 σ
283 654 400 708 Καὶ
451 656 518 708 ἐκ
562 654 748 727 χειρὸς
816 654 1082 724 βασιλέως
1140 655 1441 726 Ἀσσυρίων
1497 633 1734 726 ῥύσομαι

140 761 201 796 σε
251 744 352 798 καὶ
394 744 495 816 τὴν
546 745 705 800 πόλιν
756 745 983 818 ταύτην.
1046 764 1064 798 ι
1129 746 1283 799 Ἐπεὶ
1340 747 1436 799 καὶ
1487 748 1537 799 οἱ
1591 746 1741 815 λόγοι

136 838 237 907 τῆς
296 837 468 907 εὐχῆς
511 836 613 889 οὐκ
667 839 726 891 ἐν
778 837 1071 909 πολυλογίᾳ
1129 836 1531 908 περιεχόμενοι,
1600 836 1740 904 ἄξιοι

135 928 244 982 τῶν
264 929 452 982 ἀκοῶν
502 920 645 998 ἦσαν
701 927 796 982 τοῦ
850 926 1008 994 Θεοῦ,
1056 929 1150 982 καὶ
1206 926 1267 981 τὸ
1327 928 1436 984 τῶν
1491 929 1741 1001 δακρύων

136 1018 303 1089 ἔργον
372 1019 520 1075 κατά
563 1018 754 1091 καιρὸν
804 1018 1042 1089 εὐλόγως
1092 1021 1188 1075 καὶ
1229 1021 1545 1090 ἀναγκαίως
1586 1020 1737 1088 γενό-

138 1127 304 1177 μενον
332 1111 462 1174 τοὺς
480 1110 580 1181 τῆς
604 1111 907 1183 ἐπισκοπῆς
932 1111 1025 1166 τοῦ
1061 1112 1197 1164 Θεοῦ
1224 1105 1373 1166 εἷλκε
1410 1112 1546 1184 πρὸς
1576 1112 1739 1165 αὐτὸν

131 1200 481 1272 ἐφοαλμούς·
547 1201 629 1254 διὸ
685 1204 781 1257 καὶ
813 1202 1051 1265 ἐπινεύει
1098 1202 1249 1274 αὐτῷ
1298 1201 1447 1274 ζωῆς
1497 1200 1737 1274 προσθή-

133 1311 262 1365 κην,
294 1294 444 1367 ἔργῳ
476 1295 768 1368 παριστὰς,
794 1295 872 1361 ὡς
903 1294 1028 1350 οὔτε
1063 1296 1223 1368 φύσει
1252 1297 1475 1368 ἀτάκτῳ
1508 1296 1737 1360 θάνατος

132 1385 454 1458 ἀνθρώποις
490 1385 743 1459 ὥρισται,
778 1384 916 1440 οὔτε
960 1387 1175 1461 ἀνάγκῃ
1224 1389 1604 1460 ἀπαραιτήτῳ.
1658 1384 1733 1441 Ού

136 1478 301 1547 μόνον
334 1479 393 1532 δὲ
428 1480 656 1552 χρόνους
682 1479 830 1551 αὐτῷ
851 1481 1017 1551 ζωῆς,
1045 1479 1160 1533 ἀλλ’
1189 1481 1253 1533 ὲκ
1279 1479 1614 1552 περιουσίας,
1645 1473 1735 1534 οἷα

129 1570 291 1634 θεὸς,
320 1571 417 1624 καὶ
438 1571 671 1636 εὐζωῖαν
694 1570 844 1641 αὐτῷ
869 1571 970 1641 τὴν
997 1573 1056 1624 ὲν
1078 1570 1335 1624 συστάσει
1357 1570 1451 1623 καὶ
1472 1570 1734 1641 εἰρηναίῳ

132 1660 238 1733 βίῳ
264 1662 688 1732 ἐπαγγέλλεται,
745 1662 907 1716 αὐτόν
940 1679 1003 1715 τε
1033 1661 1169 1734 ὁμοῦ
1198 1662 1293 1715 καὶ
1327 1658 1420 1715 τὸν
1450 1662 1547 1715 σὺν
1580 1660 1732 1732 αὐτῷ

1846 487 1962 527 mas
1995 484 2137 528 tuas.
2198 462 2339 530 Ecce
2398 475 2603 546 adjicio
2662 480 2729 534 ad
2794 488 3005 552 tempus
3057 492 3209 542 tuum
3260 462 3433 547 annos

1844 563 2180 634 quindecim.
2237 584 2258 618 ι
2670 570 2673 575 ’

1915 652 2078 710 Vens.
2103 655 2155 723 _6.
2185 675 2203 713 ι
2234 656 2302 711 Ει
2332 656 2399 713 de
2423 673 2588 715 manu
2621 660 2766 732 regis
2786 662 3131 735 Assyriorum
3155 682 3345 724 eruam
3378 680 3433 727 te

1841 757 1899 803 et
1934 749 2208 803 civitatem
2248 749 2412 806 hanc.
2450 770 2469 803 ι
2502 752 2639 818 Quia
2670 755 2937 811 orationis
2971 772 3076 812 non
3125 758 3429 830 loquacita-

1842 848 1950 893 tem
1983 838 2322 909 praeferentis
2353 843 2519 897 verba
2549 844 2751 900 divinis
2779 846 3003 902 auribus
3027 848 3189 917 digna
3218 863 3377 908 erant
3412 869 3427 904 :

1841 944 1897 985 ct
1931 934 2057 1002 quia
2106 933 2472 1006 lacrymarum
2524 937 2609 991 vis
2647 940 2972 1009 congruenti
3020 951 3075 995 ct
3115 947 3431 1000 necessario

1843 1030 2087 1097 tempore
2149 1025 2379 1089 emissa,
2440 1026 2795 1095 inspectionis
2854 1029 3049 1084 divina:
3103 1032 3289 1088 oculos
3359 1037 3428 1089 ad

1841 1110 2016 1180 ipsum
2043 1108 2333 1179 alliciebat,
2362 1116 2482 1170 ideo
2513 1114 2654 1172 Deus
2680 1119 2779 1188 ipsi
2809 1120 3024 1186 annuit,
3055 1124 3429 1179 accessionem

1841 1204 1965 1259 vita:
2001 1208 2331 1271 concedens,
2365 1200 2641 1278 epereque
2683 1211 2995 1279 declarans,
3039 1230 3144 1268 non
3184 1230 3249 1270 ex
3283 1218 3431 1274 inor-

1838 1293 2019 1349 dinata
2048 1306 2256 1352 naturae
2283 1300 2419 1369 lege,
2456 1317 2630 1370 neque
2651 1317 2715 1356 ex
2746 1303 3044 1360 inevitabili
3077 1310 3427 1377 necessitate,

1838 1394 2064 1438 mortem
2097 1385 2408 1443 hominibus
2440 1390 2770 1446 destinatam
2803 1409 2941 1449 esse.
2985 1395 3100 1451 Non
3128 1400 3285 1455 modo
3330 1418 3429 1455 au-

1837 1482 1946 1527 tem
1979 1491 2153 1529 annos
2196 1477 2342 1545 vitm,
2392 1481 2488 1534 sed
2519 1482 2681 1536 etiam
2714 1498 2777 1537 ex
2814 1485 3211 1556 muniﬁcentia,
3243 1502 3428 1560 utpote

1836 1562 1999 1628 Deus,
2029 1567 2372 1634 tranquillam
2405 1569 2507 1639 ipsi
2562 1580 2618 1625 et
2647 1582 2895 1649 pacatam
2919 1577 3084 1631 vitam
3115 1579 3422 1649 pollicetur,

1834 1670 1897 1711 ac
1927 1666 2038 1709 tum
2073 1658 2274 1726 ipsum,
2312 1668 2425 1713 tum
2480 1662 2738 1731 populum
2788 1666 2905 1736 ejus
2941 1676 2996 1721 ct
3041 1669 3322 1726 civitatem
3357 1675 3424 1728 de

129 1753 261 1807 λαὸν
318 1755 416 1809 καὶ⁴
457 1754 559 1825 τὴν
610 1753 764 1807 πόλιν
824 1756 889 1808 ὲκ
936 1755 1035 1825 τῆς
1087 1753 1194 1807 τῶν
1236 1753 1512 1825 πολεμίων
1547 1752 1729 1825 χειρὸς

1838 1752 2092 1807 manibus
2124 1753 2467 1807 inimicorum
2521 1766 2833 1826 erepturum
2888 1774 2947 1813 se
2979 1763 3249 1830 promittit
3294 1783 3308 1819 :
3360 1776 3423 1820 ut

127 1848 419 1913 διασώζειν
477 1846 924 1918 ὑπισχνούμενος,
985 1847 1213 1918 σημεῖόν
1267 1864 1328 1900 τε
1386 1844 1535 1918 αὑτῷ
1583 1864 1727 1920 παρ-

129 1944 244 2011 εῖχε
296 1943 403 2011 τῆς
456 1939 565 1997 τῶν
614 1940 922 2012 εἰρημένων
967 1936 1205 2004 πίστεως
1247 1939 1315 1994 δι’
1371 1939 1559 2012 ἑτέρου
1616 1957 1725 1994 πα-

130 2035 384 2107 ραδόξου.
1005 2095 1008 2099 .

202 2146 224 2180 ι
250 2127 429 2180 Τοῦτο
457 2126 516 2181 δέ
542 2144 627 2180 σοι
657 2125 719 2180 τὸ
748 2127 973 2198 σημεῖον
1006 2123 1159 2197 παρά
1190 2121 1422 2195 Κυρίου,
1461 2122 1544 2177 ὅτι
1571 2123 1728 2196 ποιή-

126 2235 211 2272 σει
264 2217 477 2291 Κύριος
527 2217 592 2271 τὸ
651 2217 803 2289 ῥῆμα
845 2217 1025 2273 τοῦτο.
1069 2217 1199 2271 Ἰδοὺ
1228 2216 1339 2285 ἐγὼ
1374 2214 1594 2287 στρέψω
1627 2214 1728 2287 τὴν

127 2311 293 2365 σκιὰν
316 2310 427 2364 τῶν
448 2308 803 2380 ἀναϐαθμῶν,
827 2308 923 2374 οὓς
943 2308 1146 2380 κατέϐη
1174 2309 1301 2372 τοὺς
1330 2314 1359 2361 ι’
1376 2307 1727 2379 ἀναϐαθμοὺς

123 2402 221 2457 τοῦ
270 2404 424 2457 οῐκου
462 2401 560 2457 τοῦ
605 2402 810 2474 πατρός
845 2418 940 2454 σου
979 2401 1009 2453 ὁ
1043 2400 1215 2472 ἥλιος.
1260 2399 1614 2479 Ἀποστρέψω
1633 2399 1725 2479 τὸν

123 2495 281 2564 ἣλιον
310 2496 440 2558 τοὺς
476 2500 507 2547 ι’
539 2472 922 2563 ἀναϐαθμούςο
963 2491 1057 2547 καὶ
1089 2490 1255 2563 ἀνέϐη
1288 2492 1318 2544 ό
1345 2490 1497 2562 ἥλιος
1536 2472 1662 2553 τοὺς
1690 2472 1723 2542 ι’

123 2585 505 2657 ἁναϐαθμοὺς,
527 2583 622 2649 οὓς
652 2584 857 2655 κατέϐη
884 2586 919 2655 ὴ
951 2582 1096 2637 σκιά.
1135 2602 1155 2635 ι
1187 2583 1418 2656 Σημεῖον
1436 2581 1532 2653 μὲν
1549 2581 1725 2653 ὑπήρ-

120 2695 253 2749 χετο
300 2677 635 2749 θαυμαστὸν,
687 2678 780 2731 καὶ
813 2675 906 2730 τὸν
944 2673 1184 2740 Ἐζεκίου
1225 2673 1336 2728 ἀπὸ
1376 2672 1598 2744 δυσμῶν
1626 2670 1722 2726 τοῦ

122 2771 241 2839 βίου
276 2768 539 2841 δευτέραν
571 2767 1003 2839 παλινδρομῆσαι
1039 2761 1209 2836 ζωήν.

119 2899 448 2983 "mea?!
518 2898 786 2983 ’ἕξεσξίογ
851 2895 1335 2983 “etiam?
1385 2894 1718 2983 fiovwee

190 2965 820 3040 ἠνίκᾱέμαλακίσθη,
873 2965 973 3021 καὶ
1006 2965 1235 3033 ἀνέστη
1265 2966 1335 3019 ἐκ
1376 2965 1490 3035 τῆς
1526 2968 1722 3035 μαλα-

192 3043 335 3107 κίας
370 3038 580 3095 αὐτοῦ.

1831 1857 1958 1897 vero
1978 1841 2140 1897 dictis
2173 1843 2333 1897 [idem
2367 1845 2614 1913 adderet,
2648 1848 2862 1920 signum
2887 1852 3113 1909 alterius
3138 1858 3423 1927 stupenda:

1829 1935 1906 1989 rei
1951 1936 2049 2004 ipsi
2091 1937 2369 2005 praestitit.

1900 2117 2065 2173 Vens.
2103 2120 2157 2184 7,
2192 2119 2246 2174 8.
2290 2108 2309 2168 ἐ
2360 2118 2473 2174 iloc
2503 2129 2683 2175 autem
2725 2121 2819 2177 tibi
2846 2122 3060 2193 signum
3095 2140 3123 2178 a
3163 2126 3414 2195 Domit-0,

1827 2211 2082 2282 quoniam
2118 2210 2364 2267 facturus
2399 2221 2484 2266 est
2514 2213 2773 2267 Dominus
2805 2215 3027 2268 verbum
3060 2215 3225 2272 istud.
3277 2218 3420 2275 Ecce

1825 2317 1928 2373 ego
1954 2291 2160 2357 vertam
2202 2302 2452 2357 umbram
2502 2305 2801 2375 graduum,
2841 2320 2979 2375 quos
3030 2310 3282 2364 ascendit
3334 2310 3417 2366 sol

1825 2395 2009 2450 decem
2046 2394 2306 2466 gradibus
2343 2395 2535 2450 domus
2579 2395 2746 2465 patris
2805 2398 2901 2451 tui.
2957 2396 3213 2453 Avertam
3248 2401 3415 2458 solem

1824 2487 2010 2541 de‘cem
2059 2488 2364 2557 gradibus:
2397 2497 2452 2541 et
2504 2489 2757 2542 ascendit
2786 2489 2866 2543 sol
2895 2490 3080 2546 decem
3126 2494 3411 2564 gradibus,

1824 2581 2021 2650 quibus
2070 2580 2355 2635 descendit
2408 2579 2622 2635 umbra.
2682 2600 2701 2633 ι
2769 2581 2836 2636 Ει
2909 2584 3125 2654 signum
3190 2587 3411 2657 quidem

1824 2672 1955 2726 illud
1981 2671 2143 2726 etiam
2175 2672 2497 2727 admirabile
2520 2681 2661 2737 erat,
2714 2675 2856 2742 quod
2903 2675 3166 2733 Ezechias
3214 2680 3285 2735 ab
3317 2696 3415 2737 oc-

1823 2777 1950 2817 casu
1973 2764 2098 2817 vita:
2135 2764 2202 2816 ad
2235 2763 2400 2818 aliam
2436 2765 2604 2819 vitam
2644 2767 2993 2837 retnigraret.

1824 2875 1994 2955 Vitis.
2032 2900 2087 2956 9.
2127 2898 2316 2980 Oratio
2342 2899 2586 2957 Ezechim
2612 2905 2743 2980 regis
2769 2902 2998 2980 Jndmm,
3037 2923 3153 2962 cum
3178 2921 3408 2980 (egrota-

2228 2973 2297 3026 t'it
2328 2982 2381 3026 et
2409 2989 2474 3027 ea:
2500 2974 2680 3027 morbo
2709 2976 2995 3032 convaluit.

195 3171 217 3205 ι
259 3151 406 3222 Ἐγὼ
426 3148 557 3205 εἶπα
583 3153 644 3205 ὲν
667 3151 744 3222 τῷ
772 3150 895 3223 ὒψει
916 3151 1024 3206 τῶν
1048 3151 1270 3224 ἡμερῶν
1296 3168 1418 3222 μου·
1451 3150 1715 3223 Πορεύσο-

1895 3150 2056 3205 Vsus.
2092 3153 2180 3206 £0.
2218 3171 2236 3204 ι
2270 3153 2385 3222 Ego
2415 3153 2524 3208 dixi
2556 3155 2607 3208 in
2636 3155 2848 3212 excelso
2870 3156 3079 3213 dierum
3115 3173 3358 3214 meorum
3385 3179 3401 3215 :

119 3259 222 3317 μαι
253 3247 317 3298 ὲν
349 3243 545 3308 πύλαις
570 3243 721 3315 ᾅδου,
755 3242 1069 3314 καταλείψω
1086 3246 1155 3296 τὰ
1178 3242 1274 3314 ἔτη
1306 3242 1376 3296 τὰ
1400 3242 1674 3297 ἐπίλοιπα.
1690 3258 1709 3293 ι

114 3333 390 3398 Συνειδὼς
421 3333 532 3406 γὰρ
568 3332 804 3404 ἐμαυτὸν
852 3332 953 3404 ἤδη
1001 3331 1186 3385 λοιπὸν
1209 3334 1330 3394 ταῖς
1355 3329 1451 3384 τοῦ
1484 3329 1714 3385 θανάτου

115 3428 321 3491 πύλαις
354 3425 755 3498 πλησιάζοντα,
774 3425 1006 3479 ἀπεῖπον
1030 3424 1124 3478 καὶ
1154 3425 1442 3495 ἀπήλπικα
1474 3419 1713 3493 ἐμαυτοῦ

112 3523 215 3593 τὴν
248 3523 310 3574 ὲν
337 3516 651 3590 ἀνθρώποις
681 3514 847 3588 ζωήν.

187 3633 208 3664 ι
256 3608 425 3665 Εἶπαο
459 3610 656 3664 Οὐκέτι
695 3611 756 3662 οὐ
795 3610 869 3682 μὴ
927 3608 1023 3663 ῐδω
1049 3606 1111 3662 τὸ
1154 3608 1426 3679 σωτήριον
1459 3607 1551 3660 τοῦ
1575 3606 1711 3661 Θεοῦ

1822 3246 2025 3299 Vadam
2074 3248 2141 3300 ad
2189 3256 2373 3315 portas
2425 3247 2582 3302 inferi
2622 3267 2636 3302 ε
2687 3249 2989 3318 relinquam
3042 3266 3216 3306 annos
3265 3254 3404 3309 resi-

1817 3336 1974 3391 duos.
2015 3355 2033 3386 ι
2063 3337 2196 3391 Cum
2244 3353 2330 3392 me
2355 3337 2468 3407 jam
2503 3340 2695 3395 mortis
2723 3340 2906 3410 januis
2951 3343 3255 3409 proximum
3285 3358 3408 3400 esse

1819 3429 2015 3513 sciam,
2045 3431 2111 3483 de
2141 3431 2248 3483 vita
2277 3444 2396 3485 mea
2437 3431 2579 3487 inter
2609 3432 2860 3488 homines
2892 3434 3197 3503 desperavi.

1889 3606 2051 3663 Vens.
2084 3610 2170 3663 Il.
2201 3629 2219 3661 ι
2250 3609 2370 3664 Dixi
2398 3609 2547 3664 :Non
2576 3611 2807 3680 amplius
2826 3611 3019 3667 videbo
3046 3611 3285 3667 salutare
3305 3612 3399 3667 Dei

113 3704 205 3759 ἐπὶ
232 3705 362 3776 γῆς,
386 3703 572 3757 οὐκέτι
596 3702 670 3773 μὴ
689 3702 783 3755 ίδω
805 3699 1111 3772 ἄνθρωπον.
1149 3719 1169 3751 ι
1190 3698 1430 3764 Εἰκότως
1458 3700 1516 3751 ὲν
1538 3699 1711 3768 ἀγῶνι

1829 3714 1869 3751 n
1907 3708 2072 3764 terra,
2097 3715 2204 3754 non
2235 3700 2466 3770 amplius
2494 3701 2685 3755 videbo
2716 3700 3012 3756 hominem.
3047 3718 3068 3752 ι
3100 3701 3311 3777 Anxius
3330 3702 3400 3755 de

114 3795 399 3858 καταστὰς
425 3793 535 3847 τῶν
582 3792 722 3865 μετά
743 3793 842 3862 τὴν
869 3792 1192 3862 ἀπαλλαγὴν
1217 3790 1313 3844 τοῦ
1336 3791 1476 3862 βίου,
1507 3793 1705 3863 ὑπομι-

1834 3792 1882 3847 is
1909 3805 2032 3862 quae
2070 3793 2352 3848 decessum
2393 3808 2463 3848 ex
2506 3793 2609 3847 hac
2639 3793 2744 3847 vita
2796 3805 3248 3863 consequuntur,
3274 3795 3400 3864 jure

116 3891 356 3959 μνήσκει
397 3887 495 3958 μὲν
520 3885 624 3956 τῆς
672 3882 870 3938 ἑαυτοῦ
897 3883 1209 3947 θεοσεϐείας
1235 3882 1325 3937 τὸν
1355 3883 1507 3937 Θεόν·
1536 3882 1624 3937 διὰ
1653 3884 1710 3937 δὲ

1831 3889 2063 3942 dotalem
2097 3901 2225 3955 erga
2265 3887 2429 3941 Deum
2475 3901 2627 3941 suam
2671 3887 2773 3958 ipsi
2820 3886 2932 3942 Deo
2982 3886 3036 3940 in
3067 3886 3390 3941 memoriam

111 3983 204 4037 τοῦ
237 3981 527 4052 κλαυθμοῦ
580 3979 653 4051 μὴ
688 3979 943 4031 ἐκπεσεῖν
985 3975 1089 4046 τῆς
1132 3975 1319 4048 χώρας
1349 3975 1458 4029 τῶν
1491 3974 1708 4041 ζώντων

1829 3989 2034 4037 'evocat
2058 3997 2074 4046 ;
2111 3980 2328 4036 ﬂetibus
2356 3988 2536 4035 autem
2571 3997 2639 4035 ne
2663 3996 2695 4037 e
2729 3982 2950 4053 regione
2969 3980 3270 4036 viventium
3297 3993 3397 4035 ex-

110 4074 517 4147 κατηντιϐόλει.
540 4073 659 4125 Ἔτι
689 4071 746 4123 δὲ
778 4070 874 4122 καὶ
895 4067 1057 4122 τοῦτο
1089 4067 1229 4139 πρὸς
1254 4069 1368 4132 τοῖς
1396 4068 1708 4140 εἰρημένοις

1829 4073 2035 4138 rideret,
2060 4072 2410 4140 precabatur.
2438 4070 2573 4126 Illud
2603 4074 2766 4128 etiam
2798 4083 2995 4142 praeter
3019 4081 3218 4128 caetera
3261 4072 3399 4127 Eze-

105 4169 304 4221 ἐλύπει
332 4166 427 4221 τὸν
462 4163 729 4229 Ἐζεκίαν,
766 4161 969 4235 μηδένα
1010 4161 1253 4230 διάδοχον
1297 4163 1363 4213 ὲκ
1394 4160 1709 4232 σπέρματος

1829 4163 1990 4217 :hiam
2020 4161 2208 4216 dolore
2231 4161 2540 4226 alliciebat,
2571 4162 2717 4230 quod
2756 4161 2935 4216 nullus
2965 4176 3033 4216 ex
3057 4162 3267 4216 semine
3293 4176 3397 4216 suo

108 4261 385 4332 ὑπάρχειν
407 4256 597 4319 αὐτοῦ,
641 4257 810 4328 μήπω
831 4254 1019 4317 παιδὸς
1059 4252 1209 4323 αὐτῷ
1242 4252 1557 4323 γενομένου,
1584 4251 1705 4305 καθ’

1829 4267 2092 4307 mceessor
2110 4252 2342 4316 adesset,
2359 4251 2796 4321 quandoquidem
2817 4267 2926 4321 quo
2940 4261 3180 4322 tempore
3203 4250 3394 4306 isthaec

101 4354 165 4407 ἰν
197 4352 397 4422 χρόνον
423 4349 565 4403 αὐτά
602 4348 810 4419 ἔλεγεν.
847 4345 1068 4417 Ἐπειδὴ
1100 4344 1280 4399 τοίνυν
1309 4343 1477 4406 ἄπαις
1513 4343 1706 4414 ἔμελλε

1829 4344 2153 4411 irol'et'ebat,
2198 4344 2405 4398 nullum
2438 4345 2615 4399 adhuc
2660 4344 2831 4399 ﬁlium
2878 4353 3218 4414 susceperat.
3251 4341 3392 4409 Quia

105 4445 389 4514 τελευτᾷν,
420 4441 624 4513 μηδένα
645 4439 960 4494 καταλιπὼν
976 4437 1239 4507 διάδοχον,
1267 4432 1327 4499 ἐξ
1356 4429 1417 4489 οὗ
1444 4435 1507 4487 τὸ
1531 4435 1707 4505 σωτή-

1829 4437 1975 4507 gitur
2009 4436 2138 4490 ﬁliis
2171 4437 2338 4491 orbus
2366 4436 2693 4502 moriturus,»
2719 4451 2817 4490 nec
2845 4450 3223 4491 successorem
3257 4434 3393 4488 reli-.

105 4554 225 4609 ριον
246 4535 345 4589 τοῦ
368 4533 506 4587 Θεοῦ
539 4531 793 4601 γενέσθαι
836 4533 894 4584 ἐν
934 4528 1245 4601 ἀνθρώποις
1275 4526 1605 4597 προσδοκᾷν,
1629 4528 1706 4578 εἰ-

104 4632 282 4693 κότως
327 4628 396 4681 ἂν
425 4628 527 4699 τῆς
557 4625 652 4680 τοῦ
684 4623 922 4698 Χριστοῦ
970 4623 1275 4693 γεννήσεως
1304 4619 1404 4690 τῆς
1432 4621 1497 4672 ὲκ
1532 4619 1705 4690 σπέρ-

106 4737 280 4791 ματος
312 4718 410 4772 τοῦ
448 4716 612 4770 Δαυῖδ
642 4713 1024 4786 ἐπαιρόμενος,
1054 4712 1149 4765 καὶ
1178 4708 1524 4763 ἀπεκλαίετο.
1553 4715 1569 4724 ’

184 4834 208 4867 ι
253 4810 539 4877 Ἐξέλιπεν
563 4811 628 4864 ὲκ
661 4808 763 4879 τῆς
807 4804 1130 4876 συγγενείας
1172 4819 1293 4874 μου·
1326 4799 1615 4855 κατέλιπον
1642 4800 1704 4855 τὸ

105 4904 388 4958 ἰπίλοιπον
435 4902 537 4974 τῆς
580 4898 725 4971 ζωῆς
758 4915 880 4970 μου.
921 4894 1143 4967 Ἐξῆλθε
1190 4893 1285 4947 καὶ
1320 4890 1561 4963 ἀπῆλθεν
1605 4891 1702 4944 ἀπ’

105 4998 263 5070 ἐμοῦ,
298 4996 492 5069 ὥσπερ
517 4996 546 5048 ὁ
572 4993 779 5065 σκηνὴν
799 4988 1084 5045 καταλύων
1112 4985 1310 5056 πήξας.
1357 4984 1445 5046 Ὧς
1474 4983 1619 5046 ἱστὸς
1640 4983 1701 5036 τὸ

103 5090 326 5162 πνεῦμά
352 5106 454 5161 μου
488 5087 619 5160 παρ’
646 5087 770 5157 ἐμοὶ
791 5085 1027 5153 ἐγένετο,
1053 5079 1237 5154 ὲρίθου
1270 5073 1597 5147 ἐγγιζούσης
1617 5077 1702 5129 ὲκ-

101 5187 306 5255 τεμεῖν.
349 5201 369 5234 ι
401 5180 616 5252 Σκηνὴν
645 5178 801 5233 καλεῖ
832 5176 893 5230 τὸ
928 5174 1110 5245 σῶμα,
1144 5172 1353 5226 ἔνοικον
1384 5169 1442 5222 δὲ
1472 5168 1572 5243 τὴν
1594 5168 1698 5239 ψυ-

99 5278 222 5350 χήν·
269 5273 340 5349 ἧς
376 5271 788 5345 ἀναχωρούσης,
822 5269 965 5323 ἔοικε
996 5268 1060 5322 τὸ
1107 5268 1268 5339 σῶμα
1313 5262 1693 5334 καταλυομένη

102 5372 296 5442 σκηνῇ·
331 5368 540 5439 σκηνὴν
572 5367 672 5436 μὲν
700 5364 874 5431 λέγων
902 5361 963 5415 τὸ
990 5361 1172 5432 σῶμα,
1198 5360 1320 5412 ἐπεὶ
1352 5360 1381 5411 ὁ
1409 5355 1694 5442 θεσπέσιος

111 5440 437 5515 Ἀπόστολος
462 5449 669 5521 σκηνὴν
689 5448 822 5503 αὐτὸ
865 5446 1173 5518 ὠνόμασεν.
1200 5443 1363 5496 Ἀλλά
1386 5442 1482 5497 καὶ¹
1505 5440 1695 5511 ὥσπερ

100 5549 242 5602 ἱστὸν
277 5544 462 5617 ἑρίθου
504 5543 567 5596 τὸ
604 5541 833 5612 ὕφασμα
864 5538 1059 5617 ,λοιπὸν
1089 5535 1523 5607 ἀποτεμνούσης,
1549 5531 1694 5585 οὕτω

100 5635 268 5688 καὶτᾶ
282 5635 384 5705 τῆς
410 5631 554 5704 ὲμῆς
572 5630 738 5701 ζωῆς,
752 5629 848 5683 καὶ
870 5627 966 5682 τοῦ
1003 5627 1119 5698 βίου
1152 5625 1353 5689 παντὸς
1374 5625 1435 5679 τὸ
1464 5623 1692 5693 ὕφασμα

100 5729 223 5796 περὶ
250 5726 405 5788 τέλος
428 5725 659 5798 ἤλαυνεν
688 5720 1146 5791 ἀποτεμνόμενον.
1168 5719 1435 5781 Ἕκαστος
1465 5711 1558 5770 οὖν
1585 5715 1692 5768 τῶν

1733 4485 1783 4545 D

1806 4538 1994 4604 cturus
2019 4537 2139 4581 erat
2160 4567 2176 4591 ,
2202 4544 2269 4582 ex
2300 4542 2408 4596 quo
2440 4527 2680 4581 salutare
2714 4527 2811 4582 Dei
2847 4526 3163 4581 hominibus
3188 4534 3393 4579 ventu-

1807 4606 1926 4673 rum
1950 4628 2382 4689 exspectaretur,
2411 4618 2604 4673 merito
2634 4616 2841 4673 Christi
2872 4632 2936 4673 ex
2965 4617 3176 4672 semine
3217 4615 3395 4671 David

1803 4720 1926 4764 ortn
1964 4713 2231 4780 privatus,
2262 4710 2683 4765 lamentabatur.

1874 4802 2037 4857 Vens.
2079 4803 2170 4857 12.
2206 4821 2225 4854 σ
2267 4801 2477 4857 Deiecit
2518 4816 2548 4854 a
2593 4799 2918 4872 cognatione
2958 4815 3075 4855 mea
3119 4817 3135 4854 :
3189 4798 3389 4856 deiecit

1804 4892 1947 4961 quod
1974 4891 2239 4962 reliquum
2264 4901 2349 4946 est
2372 4890 2497 4945 vitae
2523 4905 2678 4944 meae.
2704 4889 2852 4944 Abiit
2879 4900 2935 4944 et
2960 4889 3187 4945 recessit
3220 4906 3249 4943 a
3276 4904 3382 4955 me.

1806 4983 1948 5037 sicut
1973 4983 2131 5037 solvit
2156 4982 2700 5050 tabernaculum,qui
2726 4982 3054 5036 construxit.
3089 4981 3246 5038 Sicut
3278 4983 3385 5037 tela

1805 5076 2027 5143 spiritus
2070 5088 2221 5129 meus
2256 5073 2431 5129 iactus
2455 5082 2541 5127 est
2580 5073 2721 5141 apud
2758 5087 2846 5127 me
2869 5112 2884 5135 ,
2917 5086 3043 5127 mox
3091 5089 3122 5126 a
3170 5082 3385 5128 texente

1804 5166 2151 5221 succidenda.
2186 5183 2206 5217 ι
2241 5161 2675 5220 Tabernaculum
2702 5172 2862 5216 vocat
2897 5177 3096 5232 corpus
3119 5201 3136 5228 ,
3166 5162 3382 5217 inhabi-

1802 5268 2002 5312 tantem
2030 5258 2163 5312 dicit
2196 5257 2433 5312 animam
2461 5275 2475 5311 :
2503 5270 2609 5325 qua
2638 5256 2953 5320 recedente,
2975 5269 3174 5322 corpus
3201 5255 3382 5310 soluto

1802 5345 2154 5401 tabernaculo
2182 5344 2360 5400 simile
2387 5355 2494 5401 eet.
2541 5342 2977 5398 Tabernaculum
3004 5358 3134 5398 vero
3181 5357 3383 5413 corpus

1795 5437 2045 5507 appellat,
2076 5436 2203 5505 quia
2232 5435 2450 5489 divinus
2484 5434 2613 5489 item
2639 5433 2934 5501 Apostolus
2973 5432 3383 5491 tabernaculum

1792 5528 1970 5599 ipsum
2019 5527 2253 5582 vocavit.
2291 5527 2492 5581 Vernm
2536 5525 2699 5579 etiam
2736 5525 2881 5581 sicut
2926 5524 3029 5579 tela
3083 5540 3204 5594 qua:
3230 5539 3260 5579 a
3297 5534 3369 5579 te-

1799 5632 1964 5677 xente
1989 5619 2312 5684 succiditur,
2342 5618 2421 5673 sic
2450 5627 2506 5672 et
2543 5617 2669 5671 vitae
2698 5632 2831 5673 mea:
2862 5626 3076 5672 textura
3112 5617 3180 5670 ad
3214 5617 3375 5671 linem

1801 5715 1999 5784 vergit,
2024 5728 2147 5768 mox
2184 5711 2530 5769 succidenda.
2568 5709 2777 5782 Singuli
2815 5711 2979 5781 igitur
3009 5710 3255 5766 homines
3283 5721 3379 5778 per
