3880 6216
380 290 395 300 ⁵
476 335 583 390 359

1184 327 1454 386 EUSEBII
1490 329 1963 387 CASSARIENSIS
1999 330 2149 387 OPP.
2192 331 2374 388 PARS
2412 334 2503 392 Ill.
2543 366 2613 375 --
2652 333 3065 391 EXEGETICA.

3636 345 3736 400 5ίο

477 456 625 519 gesta
662 456 715 501 et
740 459 904 515 opera
933 456 1033 498 sua
1071 453 1279 499 vestem
1312 446 1415 501 sibi
1463 456 1681 515 texunt,
1714 456 1770 505 et
1801 458 2044 503 ornatum

2161 450 2461 521 ἀνθρώπων
2516 451 2706 524 στολὴν
2745 453 3006 521 ὑφαίνων,
3058 452 3152 505 καὶ
3211 454 3416 525 κόσμον
3450 457 3515 526 τῇ
3551 455 3737 512 ἑαυτοῦ

475 540 669 595 animae
696 553 809 592 sua:
838 537 1272 606 circumponunt.

548 630 714 685 Vsus.
746 628 833 683 15.
878 646 898 679 ι
937 627 992 683 In
1029 626 1116 681 die
1144 626 1234 681 illa
1266 629 1501 683 traditus
1538 644 1657 684 sum
1690 643 1861 699 usque
1894 644 2052 685 mane

476 722 645 777 veluti
688 720 852 786 leoni,
893 721 974 776 sic
1024 721 1282 775 contrivit
1315 721 1497 775 omnia
1546 735 1670 776 ossa
1712 736 1851 775 mea.
1882 722 1927 776 A
1963 722 2051 777 die

470 817 614 870 enim
649 828 819 883 usque
842 814 909 867 ad
938 826 1149 869 noctem
1180 813 1409 867 traditus
1430 828 1570 867 sum.
1602 831 1619 863 ι
1649 810 1905 869 Traditus
1928 829 2049 869 sum

469 924 567 961 ceu
601 905 739 961 leoni
766 906 981 960 cuidam
1014 905 1262 960 homines
1288 903 1569 958 devoranti
1590 945 1606 969 ,
1639 905 1729 975 qui
1764 906 1917 975 quasi
1955 921 2051 975 per

469 1000 674 1054 illatam
708 999 836 1053 mihi
873 997 1281 1059 inﬁrmitatem,
1316 1004 1429 1049 tota
1460 996 1547 1051 die
1576 1004 1630 1050 et
1663 1006 1820 1051 nocte
1845 998 2052 1053 contri-

467 1092 546 1144 vit
574 1091 753 1145 omnia
791 1105 911 1144 ossa
940 1104 1057 1142 mea
1087 1105 1102 1154 ;
1136 1102 1435 1158 parumque
1464 1087 1660 1152 abfuit,
1690 1088 1819 1158 quin
1850 1103 1937 1143 me
1970 1099 2049 1144 to—

471 1192 582 1234 tum
609 1185 913 1243 devoraret.

542 1272 709 1327 Vsus.
744 1271 832 1326 M.
871 1290 889 1323 ι
924 1271 1077 1325 Sicut
1123 1270 1377 1335 hirundo,
1425 1272 1503 1325 sic
1529 1272 1794 1334 clamabo,
1824 1281 1879 1326 et
1906 1272 2050 1327 sicut

470 1366 736 1427 columba,
761 1365 841 1419 sic
866 1362 1184 1418 meditabor.
1220 1361 1546 1418 Defecerunt
1572 1365 1718 1418 enim
1743 1364 1884 1419 oculi
1919 1365 2045 1428 mei,

470 1466 530 1510 ut
557 1472 623 1511 ne
650 1457 949 1524 aspicerem
996 1454 1370 1509 celsitudinem
1405 1453 1530 1508 caeli
1565 1454 1631 1508 ad
1682 1454 1989 1509 Dominum.
2023 1472 2042 1505 ι

467 1551 719 1603 Attamen
754 1548 807 1601 in
854 1548 958 1601 hac
996 1562 1175 1600 rerum
1209 1546 1553 1610 conditione,
1584 1562 1690 1601 non
1741 1545 2048 1601 inﬁrmatus

468 1656 587 1696 sum
611 1681 627 1705 ,
658 1654 760 1694 nec
784 1655 815 1692 a
850 1638 957 1691 Deo
983 1652 1101 1691 meo
1135 1638 1375 1701 recessi,
1403 1638 1498 1692 sed
1532 1637 1636 1692 ﬁde
1668 1653 1871 1709 speque
1906 1639 2047 1694 bona

470 1734 733 1801 meipsutn
764 1730 1096 1784 conlirmans
1116 1768 1130 1794 ,
1162 1727 1378 1783 ﬂetibus
1421 1736 1477 1782 et
1504 1730 1740 1784 orationi
1774 1746 1859 1785 me
1882 1731 2000 1786 dedi
2028 1746 2043 1795 ;

466 1840 556 1879 me
584 1838 712 1878 vero
743 1824 961 1876 assidue
988 1830 1199 1889 orante,
1229 1830 1392 1889 atque
1416 1820 1669 1889 precibus
1696 1823 1836 1890 apud
1876 1824 2041 1878 Deum
2077 1818 2121 1877 Β

467 1917 780 1981 insistente,
807 1916 922 1983 ipse
956 1933 976 1965 ε
1008 1915 1155 1968 eruit
1183 1929 1291 1981 me,
1316 1923 1369 1968 et
1396 1914 1621 1969 abstulit
1648 1915 1890 1970 dolorem
1925 1918 2046 1971 ani-

467 2024 569 2062 ma:
596 2022 749 2062 meae.
788 2025 808 2059 ι
842 2006 955 2070 Ille,
986 2007 1232 2075 inquam,
1260 2004 1397 2060 nihil
1423 2014 1733 2077 cunctatus,
1756 2008 1902 2062 eruit
1938 2024 2046 2074 me,

466 2111 522 2156 et
564 2101 786 2156 sustulit
833 2099 1075 2155 dolorem
1124 2099 1326 2153 anima:
1365 2114 1501 2155 meae
1538 2120 1551 2156 :
1584 2116 1650 2156 ac
1703 2102 1748 2157 si
1799 2102 2049 2156 videlicet

468 2193 751 2262 promissis
804 2191 963 2246 ﬁdem
1013 2191 1242 2245 adderet
1305 2206 1429 2261 qua:
1491 2191 1699 2247 sanctis
1768 2194 1883 2249 suis
1954 2194 2048 2248 de—

466 2286 547 2337 dit
583 2284 670 2339 bis
709 2284 928 2339 verbis:
975 2300 996 2335 ι
1035 2284 1228 2339 Adhuc
1268 2292 1321 2338 te
1356 2283 1633 2355 loquente,
1659 2285 1835 2340 dicam
1865 2304 1877 2339 :
1909 2285 2049 2341 Ecce

468 2377 680 2432 adsum.
721 2394 742 2429 ι

536 2601 705 2657 Vsus.
744 2600 832 2657 16.
867 2621 886 2655 ‹
929 2601 1178 2667 Domine,
1201 2602 1269 2658 de
1304 2602 1417 2673 ipsa
1443 2603 1642 2673 quippe
1679 2604 2046 2659 renuntiatum

464 2698 551 2746 est
580 2692 676 2745 tibi
705 2707 719 2745 :
758 2701 815 2746 et
848 2691 1099 2745 excitasti
1133 2692 1380 2759 spiritum
1420 2706 1621 2757 meum,
1654 2702 1709 2746 et
1737 2690 2049 2745 consolatus

464 2784 573 2838 vixi
599 2782 735 2855 (55).
770 2801 789 2835 ι
822 2783 935 2836 Non
960 2785 1102 2852 quod
1127 2784 1193 2838 iis
1216 2784 1413 2853 dignus
1444 2797 1621 2837 essem
1649 2806 1663 2837 ;
1698 2799 1822 2836 nam
1857 2797 2049 2851 pecca‘

468 2874 534 2926 tis
564 2871 746 2926 multis
776 2869 964 2940 plenus
991 2885 1140 2925 eram
1164 2911 1180 2934 ,
1208 2873 1301 2925 sed
1335 2885 1405 2926 ex
1441 2871 1820 2925 misericordia
1856 2880 1913 2925 et
1943 2873 2048 2925 cle-

466 2962 666 3015 mentia
697 2970 785 3013 tua
817 2960 931 3013 hate
959 2957 1275 3014 adfuerunt.

540 3074 703 3129 Vsus.
738 3072 927 3127 17—19.
965 3088 987 3123 ε
1028 3070 1232 3128 Eruisti
1279 3074 1424 3128 enim
1462 3072 1699 3129 animam
1730 3089 1905 3129 meam
1929 3113 1945 3139 ,
1990 3082 2047 3128 ut

2160 543 2457 616 περιτιθεὶς
2484 545 2628 616 ψυχῇ
2663 545 2751 599 διὰ
2778 545 2887 600 τῶν
2918 545 3084 599 αὑτοῦ
3114 548 3385 617 πράξεων.

2236 653 2258 688 t
2298 637 2389 691 Ἐν
2420 639 2485 707 τῇ
2514 638 2698 710 ἡμέρᾳ
2743 637 2930 712 ἐκείνῃ
2982 639 3290 711 παρεδόθην
3328 641 3433 704 ἓως
3472 640 3618 713 πρωῒ
3666 642 3741 706 ὡς

2157 727 2352 795 λέοντι,
2403 730 2575 795 οὕτως
2618 732 2908 804 συνέτριψε
2955 732 3136 787 πάντα
3171 733 3240 787 τὰ
3266 734 3402 787 ὀστᾶ
3440 752 3567 802 μου.
3612 736 3741 789 Ἀπὸ

2157 819 2267 892 γάρ
2297 820 2397 890 τῆς
2422 820 2635 893 ἡμέρας
2669 821 2978 886 ἓωςνυκτδς
2993 823 3317 895 παρεδόθην.
3360 843 3377 875 ι
3399 824 3610 896 ’Ὥσπερ
3636 827 3743 895 τινὶ

2156 912 2561 986 ἀνθρωποϐὀρῳ
2593 914 2788 978 λέοντι,
2818 916 2878 979 ὃς
2913 933 2972 968 τε
2994 916 3071 980 ὡς
3104 916 3202 987 μὲν
3229 916 3315 970 διά
3347 918 3445 988 τῆς
3480 920 3743 972 ἐπιτεθεί-

2158 1022 2260 1076 σης
2309 1022 2400 1077 μοι
2443 1006 2757 1076 ἀρρωστίας
2794 1006 2883 1060 διά
2923 1007 3106 1079 πάσης
3147 1008 3342 1072 νυκτὸς
3396 1011 3490 1062 καὶ
3531 1012 3743 1083 ἡμέρας

2158 1098 2445 1169 συνέτριψε
2472 1098 2650 1152 πάντα
2665 1100 2735 1153 τὰ
2758 1101 2893 1154 ὀστᾶ
2920 1118 3044 1172 μου’
3074 1102 3272 1173 μικοοῦ
3306 1103 3362 1157 δὲ
3388 1103 3498 1157 δεῖν
3518 1105 3611 1158 καὶ
3626 1105 3745 1159 ὅλον

2155 1191 2317 1246 αὐτὸν
2350 1192 2640 1245 καταπιεῖν
2671 1208 2738 1262 με
2771 1191 3019 1263 ἔμελλεν.

2230 1303 2251 1337 «
2299 1283 2384 1347 Ὡς
2422 1284 2664 1356 χελιδὼν,
2696 1284 2840 1338 οὕτω
2881 1286 3136 1358 φωνήσω,
3172 1288 3266 1342 καὶ
3312 1288 3389 1352 ὡς
3424 1290 3742 1362 περιστερὰ,

2153 1375 2297 1430 οὕτω
2344 1377 2574 1447 μελετῶ.
2622 1377 2902 1441 Ἐξέλιπον
2954 1378 3064 1451 γάρ
3102 1395 3204 1448 μου
3245 1381 3293 1433 οἰ
3335 1381 3606 1453 ὀφθαλμοὶ
3649 1384 3745 1436 τοῦ

2156 1464 2379 1535 βλέπειν
2427 1468 2508 1530 είς
2546 1467 2607 1520 τὸ
2634 1466 2767 1536 ὕψος
2793 1466 2888 1520 τοῦ
2913 1466 3143 1537 ούρανοῦ
3171 1469 3309 1541 πρὸς
3338 1470 3429 1523 τὸν
3460 1470 3685 1543 Κύριον.
3720 1492 3741 1524 ι

2156 1560 2348 1628 Ὅμως
2391 1560 2435 1613 δ’
2459 1556 2552 1615 οὖν
2582 1563 2640 1615 ὲν
2665 1560 2875 1625 τούτοις
2903 1562 3214 1632 γενόμενος,
3258 1562 3357 1616 οὐκ
3388 1562 3744 1635 ἐξησθένησα,

2153 1649 2274 1703 οὐδὲ
2306 1649 2399 1703 τοῦ
2429 1650 2562 1704 Θεοῦ
2591 1669 2693 1722 μου
2725 1650 3075 1724 ἀνεχώρησα,
3101 1652 3387 1706 ἀναλαϐὼν
3419 1653 3476 1708 δὲ
3508 1656 3747 1725 ἐμαυτὸν

2153 1743 2337 1796 πίστει
2386 1743 2481 1799 καὶ
2528 1744 2708 1816 ἀγαθῇ
2760 1744 2958 1810 ἐλπίδι,
3010 1743 3275 1816 κλαυθμῷ
3332 1747 3426 1800 καὶ
3465 1752 3743 1820 προσευχῇ

2147 1837 2441 1909 παρέδωκα
2479 1838 2732 1909 ἐμαυτόν.
2758 1837 3067 1909 Εύχομένου
3095 1838 3152 1892 δέ
3185 1856 3309 1910 μου,
3334 1840 3517 1911 φησὶν,
3550 1841 3746 1912 ἐπιμό-

2147 1947 2272 1996 νως,
2303 1931 2402 1984 καὶ
2432 1931 2755 2002 ἐγκειμένου
2807 1931 2907 2001 τῆς
2938 1930 3076 2001 πρὸς
3124 1931 3215 1984 τὸν
3252 1932 3385 1986 Θεὸν
3438 1934 3744 2005 ἱκετηρίας,

2147 2023 2208 2086 ὃς
2252 2041 2271 2076 t
2312 2022 2553 2088 ἐξείλατό
2605 2040 2673 2093 με
2697 2062 2712 2087 ,
2766 2022 2863 2075 καὶ
2928 2022 3190 2092 ἀφείλατό
3244 2041 3344 2094 μου
3400 2023 3501 2096 τὴν
3548 2026 3745 2097 ὀδύνην

2146 2116 2244 2187 τῆς
2284 2114 2483 2186 ψυχῆς.
2523 2114 2623 2168 »Ὀ
2667 2114 2732 2185 δὴ
2766 2114 2840 2186 μὴ
2891 2115 3165 2186 μελλήσας
3225 2115 3459 2180 ἐξείλετό
3508 2134 3597 2187 με,
3648 2120 3747 2171 καὶ

2146 2206 2401 2277 ἀφείλετό
2457 2224 2559 2278 μου
2619 2208 2718 2278 τὴν
2752 2206 2942 2278 ὀδύνην
2973 2207 3074 2277 τῆς
3112 2207 3310 2279 ψυχῆςο
3339 2209 3620 2278 μονονουχὶ
3649 2208 3743 2262 τὸν

2146 2297 2312 2351 αὐτοῦ
2343 2297 2501 2367 λόγον
2527 2299 2962 2370 πιστωσάμενος,
2996 2299 3056 2353 ὃν
3082 2300 3417 2371 ἐπήγγελται
3437 2303 3551 2364 τοῖς
3568 2301 3745 2370 ἁγίοις

2145 2388 2312 2443 αὐτοῦ
2360 2390 2549 2449 εἰπών·
2592 2410 2613 2444 ι
2638 2392 2757 2446 Ἔτι
2782 2391 3068 2456 λαλοῦντός
3104 2409 3218 2460 σου,
3250 2393 3383 2465 ἐρᾶν
3430 2393 3559 2448 Ἰδοὺ
3595 2394 3743 2466 πάρ-

2146 2498 2287 2553 ειμι.
2334 2500 2352 2533 ι

2222 2592 2242 2626 ι
2278 2573 2473 2645 Κύριε,
2498 2575 2626 2647 περὶ
2649 2576 2855 2647 ταύτης
2869 2574 2977 2648 γάρ
2993 2575 3269 2646 ἀνηγγέλη
3294 2593 3396 2639 σοι,
3423 2576 3518 2630 καὶ
3539 2576 3748 2649 ἐξήγει-

2155 2666 2255 2737 ράς
2280 2684 2381 2738 μου
2403 2666 2503 2738 τὴν
2537 2667 2728 2738 πνοὴν,
2779 2668 2874 2721 καὶ
2910 2666 3284 2739 παρακληθεὶς
3322 2667 3511 2739 ἔζησα.
3569 2688 3588 2720 ι
3627 2668 3744 2739 ούλ

2150 2756 2234 2809 ὅτι
2258 2755 2464 2812 τούτων
2482 2756 2631 2822 ἄξιος
2658 2760 2692 2829 ἦ
2700 2776 2807 2830 μην
2836 2758 2965 2828 ἐγώο
2984 2759 3194 2813 πολλῶν
3213 2760 3321 2830 γάρ
3340 2760 3533 2831 μεστὸς
3559 2761 3744 2832 ἀμαρ-

2147 2848 2280 2902 τιῶν
2307 2850 2472 2913 αὐτὸς
2508 2851 2774 2921 ὑπῆρχονο
2799 2850 2936 2904 ἀλλά
2982 2850 3061 2923 τῷ
3086 2852 3164 2923 σῷ
3192 2851 3326 2922 ἐλέῳ
3347 2852 3442 2905 καὶ
3464 2855 3531 2924 τῇ
3556 2855 3623 2924 σῇ
3654 2871 3746 2925 φι-

2146 2939 2278 2996 λανθ
2287 2941 2469 3014 ρωπίᾳ
2499 2941 2671 2995 ταῦτα
2698 2943 2963 3015 παρέστη.

2223 3073 2242 3105 ι
2280 3056 2440 3109 Εἴλου
2464 3056 2573 3129 γάρ
2603 3074 2703 3127 μου
2734 3058 2834 3129 τὴν
2858 3056 3060 3129 ψυχὴν,
3090 3059 3178 3113 ἵνα
3216 3059 3291 3131 μὴ
3320 3060 3611 3132 ἀπόληται,
3645 3063 3745 3116 καὶ

465 3182 572 3220 non
602 3165 841 3235 periret,
873 3172 928 3218 et
976 3164 1251 3234 proiecisti
1298 3173 1449 3219 retro
1480 3178 1567 3219 me
1601 3165 1783 3219 omnia
1825 3173 2043 3234 peccata

2161 3146 2459 3220 ἀπέρριψας
2489 3148 2664 3201 ὀπίσω
2704 3166 2806 3219 μου
2855 3151 3036 3215 πάσας
3057 3152 3155 3214 τὰς
3187 3152 3477 3223 ἁμαρτίας.
3513 3154 3588 3207 Ού
3632 3155 3745 3226 γὰρ

464 3271 607 3313 mea.
642 3254 995 3324 Nequoenim
1025 3256 1117 3323 qui
1145 3256 1197 3309 in
1230 3254 1443 3310 inferno
1475 3265 1605 3311 sunt
1632 3256 1933 3312 laudabunt
1961 3266 2042 3323 te,

465 3361 642 3415 neque
668 3346 758 3416 qui
795 3346 994 3401 mortui
1028 3354 1174 3409 sunt,
1208 3345 1527 3399 benedicent
1554 3346 1683 3413 tibi,
1714 3362 1888 3416 neque
1918 3361 2043 3418 spe-

465 3439 663 3493 rabunt
687 3477 704 3503 ,
732 3437 823 3507 qui
864 3438 919 3492 in
952 3436 1166 3492 inferno
1195 3444 1325 3490 sunt
1348 3476 1365 3500 ,
1392 3437 1823 3493 misericordiam
1853 3448 1997 3493 tuam
2027 3459 2041 3496 :

462 3531 555 3602 qui
576 3531 762 3583 vivunt
787 3529 1110 3583 benedicent
1136 3527 1252 3592 tibi,
1273 3527 1417 3582 sicut
1439 3538 1494 3583 et
1514 3543 1633 3599 ego.
1661 3530 1745 3584 Ab
1774 3530 1877 3586 hoc
1897 3532 2042 3586 enim

463 3622 552 3674 die
582 3621 719 3675 ﬁlios
740 3621 920 3683 edam,
951 3618 1045 3689 qui
1076 3616 1482 3672 annuntiabunt
1502 3617 1772 3686 justitiam
1806 3630 1975 3676 tuam.
2018 3642 2037 3675 ι

461 3711 756 3782 [inpiorum
786 3710 1051 3779 siquidem
1084 3708 1238 3763 locus
1261 3718 1345 3763 est
1374 3708 1620 3766 infernus
1653 3727 1669 3764 :
1713 3725 2047 3783 quapropter

460 3820 587 3857 cum
624 3803 803 3858 anima
850 3817 969 3856 mea
1015 3801 1106 3857 illo
1139 3811 1326 3871 erepta
1358 3800 1464 3867 sit,
1498 3801 1608 3859 Deo
1638 3804 1796 3861 laetus
1840 3807 2048 3877 gratias

464 3896 659 3951 refero.
696 3895 865 3966 Regio
889 3904 1069 3949 autem
1108 3909 1296 3951 eormn
1323 3898 1413 3966 qui
1453 3899 1595 3969 apud
1641 3898 1809 3953 Deum
1836 3900 2044 3966 vivunt,

462 4002 559 4042 eos
598 3986 689 4055 qui
731 3986 907 4056 ipsum
958 3984 1183 4039 laudant
1234 3988 1470 4056 excipiet
1511 4007 1525 4043 :
1574 3989 1665 4042 ubi
1706 4003 1792 4042 me
1830 3990 2045 4044 demum

466 4078 708 4133 futurum
746 4092 868 4132 esse
916 4077 1172 4141 conﬁdo,
1213 4080 1387 4148 gratia
1440 4088 1530 4133 tua
1585 4080 1637 4134 id
1676 4081 1806 4135 mihi
1848 4095 2045 4137 conce-

467 4171 652 4224 dente.
1660 4219 1665 4227 .

539 4256 702 4312 Vsus.
741 4257 833 4311 20.
889 4275 909 4308 ι
954 4257 1095 4312 Deus
1140 4255 1331 4312 salutis
1378 4272 1543 4325 meae,
1588 4272 1763 4328 neque
1802 4258 2045 4314 desinam

466 4352 691 4407 laudare
736 4362 790 4407 te
826 4366 948 4405 cum
989 4351 1251 4422 psalterio
1284 4353 1500 4407 cunctis
1529 4352 1722 4407 diebus
1749 4353 1873 4407 vita:
1915 4366 2048 4408 mea:

465 4444 523 4499 in
576 4454 869 4514 conspectu
924 4447 1116 4499 domus
1163 4442 1277 4498 Dei.
1326 4462 1347 4493 ι
1390 4444 1509 4498 Tibi
1564 4458 1778 4513 semper
1838 4452 2042 4507 astans,

2149 3240 2198 3292 οἱ
2222 3240 2280 3294 ὲν
2309 3239 2437 3311 ᾅδου
2465 3242 2738 3294 αἰνέσουσί
2770 3259 2852 3307 σε,
2892 3244 3013 3297 οὐδὲ
3040 3245 3090 3297 οί
3121 3244 3485 3309 ἀποθανόντες
3516 3246 3745 3317 εὐλογή-

2151 3332 2303 3385 σουσί
2347 3349 2432 3397 σε,
2472 3334 2593 3387 οὐδὲ
2623 3334 2867 3388 έλπιοῦσι
2910 3336 2960 3388 οἱ
2989 3338 3046 3389 ὲν
3072 3335 3199 3407 ᾅδου
3244 3336 3340 3409 τὴν
3371 3337 3746 3409 ἐλεημοσύνην

2150 3442 2267 3477 σου·
2300 3425 2350 3478 οἱ
2378 3425 2580 3491 ζῶντες
2612 3427 2967 3496 εὐλογήσουσί
3004 3446 3064 3481 σε
3097 3428 3155 3481 ὃν
3180 3430 3380 3501 τρόπον
3402 3428 3577 3498 κάγώ.
3610 3432 3747 3484 Ἀπὸ

2148 3515 2257 3586 γὰρ
2276 3515 2378 3585 τῆς
2410 3518 2650 3589 σήμερον
2682 3519 2869 3572 παιδία
2921 3520 3153 3590 ποιήσω,
3179 3519 3214 3574 ἃ
3238 3520 3598 3589 ἀναγγελοῦσι
3642 3523 3748 3592 τὴν

2147 3609 2494 3681 δικαιοσύνην
2549 3629 2663 3666 σου.
2705 3630 2723 3663 ι
2757 3611 2971 3684 Χωρίον
3009 3613 3117 3684 γάρ
3144 3614 3291 3665 ἐστιν
3316 3613 3526 3665 ἀσεϐῶν
3560 3614 3743 3667 τοῦτο·

2146 3703 2227 3756 διὸ
2257 3702 2355 3776 τὴν
2376 3703 2553 3775 ψυχὴν
2585 3704 2973 3776 ἐλευθερωθεὶς
3004 3704 3063 3770 ἐξ
3103 3706 3289 3769 αὐτοῦ,
3324 3705 3527 3777 χαίρων
3554 3708 3748 3761 ἀποδί-

2146 3795 2285 3866 δωμι
2310 3795 2389 3867 τῷ
2410 3795 2529 3867 Θεῷ
2550 3797 2651 3869 τὴν
2680 3798 3053 3868 εὐχαριστίαν.
3103 3799 3165 3851 Ἡ
3191 3798 3246 3851 δὲ
3279 3798 3433 3869 χώρα.
3458 3800 3566 3853 τῶν
3588 3801 3749 3871 παρὰ

2146 3886 2267 3958 Θεῷ
2292 3886 2510 3953 ζώντων
2538 3891 2777 3953 καὶτοὺς
2808 3889 3095 3953 αἰνοῦντας
3117 3891 3454 3955 ὑποδέξεται·
3482 3892 3613 3945 ἔνθα
3646 3894 3747 3945 καὶ

2147 3978 2312 4044 αὐτὸς
2329 3979 2513 4034 λοιπὸν
2540 3980 2865 4052 γενήσεσθαι
2909 3982 3171 4045 πιστεύω,
3199 3981 3357 4034 τοῦτό
3390 4000 3478 4053 μοι
3506 3982 3604 4052 τῆς
3641 3983 3751 4054 σῆς

2146 4072 2545 4145 δωρησαμένης
2569 4072 2810 4145 χάριτος.

2222 4272 2242 4304 ‹
2272 4251 2374 4305 Θεὲ
2401 4254 2500 4325 τῆς
2517 4254 2791 4326 σωτηρίας
2822 4274 2944 4327 μου,
2973 4258 3067 4311 καὶ
3101 4257 3162 4310 οὐ
3197 4257 3475 4328 παύσομαι
3497 4257 3752 4327 εὐλογῶν

2149 4362 2209 4397 σε
2235 4345 2373 4416 μετὰ
2394 4345 2696 4419 ψαλτηρίου
2727 4348 2910 4413 πάσας
2942 4349 3039 4413 τὰς
3064 4350 3278 4422 ἡμέρας
3325 4350 3427 4421 τῆς
3456 4348 3603 4420 ζωῆς
3639 4369 3752 4420 μου

2146 4439 2435 4493 κατέναντι
2483 4441 2575 4493 τοῦ
2621 4440 2771 4494 οἴκου
2805 4442 2898 4496 τοῦ
2945 4443 3100 4497 Θεοῦ.
3144 4463 3162 4494 ι
3226 4444 3316 4496 Σοὶ
3358 4444 3753 4515 προσεδρεύων

462 4544 524 4589 et
559 4550 590 4588 a
625 4536 937 4591 sanctuario
968 4551 1244 4606 nunquam
1281 4535 1563 4601 recedens,
1592 4546 1643 4589 te
1675 4535 1895 4590 assidue
1925 4535 2044 4589 lau—

2161 4531 2459 4596 ῑιαπαντός,
2506 4534 2599 4586 καὶ
2642 4533 2944 4607 άχώριστος
2992 4536 3281 4606 γενόμενος
3311 4535 3405 4589 τοῦ
3443 4537 3537 4589 σοῦ
3580 4537 3756 4605 ἁγιά-

462 4630 627 4686 dabo.

537 4718 702 4775 V'sns.
730 4722 819 4775 2|.
861 4740 882 4772 ‹
917 4720 983 4775 Ει
1003 4721 1138 4775 dixit
1186 4719 1352 4776 Isaias
1395 4719 1643 4775 Ezechia:
1682 4737 1696 4773 :
1753 4719 1919 4775 Sume
1947 4718 2043 4774 tibi

466 4828 701 4868 massam
736 4812 960 4877 ﬁcuum,
982 4823 1039 4868 et
1063 4823 1197 4880 tere,
1218 4822 1272 4867 et
1293 4812 1645 4883 emplastrum
1678 4813 1895 4882 impone
1926 4812 2045 4866 vul-

465 4906 680 4971 neri,et
704 4920 869 4960 sanus
897 4906 1037 4972 eris;
1069 4923 1089 4956 ι
1124 4904 1326 4960 docens
1350 4920 1458 4959 non
1489 4919 1714 4973 prorsus
1742 4903 2044 4972 respuenda

464 5011 588 5052 esse
618 4996 705 5052 illa
727 5037 741 5060 ,
776 5011 898 5066 qua:
924 4996 993 5050 ab
1027 4994 1340 5050 hominibus
1371 4995 1438 5048 ad
1483 4993 1747 5049 medelam
1794 4992 2038 5062 corporis

463 5089 878 5158 excogitantur:
915 5086 1154 5156 itemque
1180 5085 1291 5141 illis
1317 5084 1577 5141 utendum
1607 5098 1729 5141 esse
1755 5125 1770 5148 ,
1796 5084 2040 5154 quando-

463 5181 685 5250 quidem
720 5178 983 5248 propheta
1026 5177 1078 5231 id
1106 5178 1371 5246 agendum
1401 5191 1526 5233 esse
1564 5175 1792 5230 monuit.
1821 5174 2038 5246 Reliqui

465 5289 596 5329 vero
624 5285 816 5327 onlnes
835 5311 850 5335 .
886 5272 1040 5323 ulcus
1071 5277 1370 5332 vocarunt,
1398 5267 1542 5336 quod
1568 5283 1597 5321 a
1629 5282 1808 5321 massa
1837 5266 2037 5321 ﬁcuum

462 5366 712 5414 curatum
743 5367 829 5411 εει
860 5372 875 5408 :
905 5364 961 5408 at
990 5370 1097 5408 non
1130 5354 1284 5409 ulcus
1315 5362 1432 5407 erat
1459 5354 1690 5422 primum
1710 5395 1727 5420 ,
1764 5355 1857 5409 sed
1885 5353 2038 5408 inﬁr-

462 5453 626 5506 mitas
652 5460 709 5505 et
740 5447 1008 5520 aegritudo
1037 5448 1104 5502 ad
1136 5459 1390 5503 mortem.
1417 5446 1599 5515 Quare
1650 5463 1751 5519 pro
1782 5448 1869 5502 illa
1915 5447 2043 5518 qui-

536 5655 862 5734 (55)_\'_nlg.,
897 5673 915 5706 ι
944 5654 1205 5734 _Domin_e,_
1221 5654 1267 5708 si
1298 5654 1379 5709 sic
1408 5654 1654 5734 vivitur,
1672 5652 1812 5734 etin
1836 5651 2035 5706 talibus

466 5730 573 5805 :ila
601 5723 981 5805 spitilttsltlei,
1010 5726 1279 5805 curripi’cs
1304 5734 1482 5805 meae}
1515 5723 1813 5805 viviﬁcahis
1863 5739 1967 5776 me.
2011 5743 2028 5775 ι

466 5793 795 5852 υσεδινετε.
827 5795 892 5851 15
919 5796 1055 5863 apud
1091 5793 1230 5850 LXX
1262 5793 1361 5851 lnt.
1397 5794 1493 5851 Ed.
1530 5793 1799 5864 Complut.
1832 5802 2033 5861 tamen,

2147 4641 2373 4695 σματος.
2398 4625 2689 4689 διαπαντὸς
2709 4627 2988 4697 εὐλογήσω
3014 4646 3094 4681 σε.

2222 4737 2238 4767 ι
2265 4717 2375 4770 Καὶ
2397 4713 2549 4771 εἶπεν
2578 4719 2804 4782 Ἡσαΐας
2824 4720 2958 4791 πρὸς
3008 4720 3273 4785 Ἐζεκίανο
3302 4721 3451 4774 Λάϐε
3486 4722 3756 4795 παλάθην

2147 4805 2213 4858 ἐκ
2268 4806 2469 4871 σύκων,
2504 4808 2600 4861 καὶ
2631 4807 2844 4878 τρίψον,
2878 4809 2972 4862 καὶ
3023 4810 3388 4876 κατάπλασαι,
3443 4814 3539 4865 καὶ
3580 4814 3757 4885 ὑγιὴς

2146 4895 2267 4969 ἔσῃ·
2307 4916 2326 4949 ι
2360 4897 2649 4963 διδάσκων,
2677 4900 2754 4964 ὡς
2794 4901 2855 4955 ού
2887 4900 3119 4972 πάμπαν
3142 4903 3424 4974 ἀπόϐλητα
3448 4906 3652 4973 γένοιτ’
3679 4910 3757 4962 ἄν

2146 5008 2277 5045 ποτε
2304 4992 2398 5046 καὶ
2423 4991 2493 5045 τά
2520 4992 2649 5064 παρ’
2665 4993 2971 5065 ἀνθρώποις
2998 4994 3133 5065 πρὸς
3169 4995 3467 5065 θεραπείαν
3504 4999 3601 5050 τοῦ
3639 5003 3759 5052 σώ-

2150 5102 2319 5156 ματος
2351 5086 2729 5156 ὲπινοούμενα·
2762 5086 2843 5139 ἔτι
2884 5087 2941 5140 δὲ
2973 5088 3055 5140 ὅτι
3077 5089 3343 5159 χρηστέον
3378 5090 3472 5143 καὶ
3502 5091 3754 5156 τούτοις,

2145 5181 2221 5244 ὡς
2248 5179 2467 5233 καὶτοῦ
2506 5180 2786 5251 προφήτου
2836 5180 2995 5234 τοῦτο
3032 5182 3237 5253 πρᾶξαι
3286 5185 3757 5255 παραινέσαντος.

2145 5271 2257 5324 Καὶ
2280 5270 2330 5324 οἱ
2366 5270 2541 5324 λοιποὶ
2558 5272 2757 5335 πάντες
2788 5270 2969 5338 ἕλκος
2985 5273 3277 5344 ὠνόμασαν
3298 5275 3359 5327 τὸ
3386 5275 3473 5330 διά
3502 5276 3607 5346 τῆς
3637 5296 3749 5332 πα-

2144 5358 2312 5426 λάθης
2339 5358 2691 5432 θεραπευθέν-
2725 5360 2839 5413 ἀλλ’
2871 5362 2969 5432 οὐχ
3001 5362 3156 5426 ἕλκος
3176 5359 3243 5433 ἦν
3267 5364 3328 5416 τὸ
3360 5366 3602 5436 πρῶτον,
3639 5370 3757 5439 dp-

2150 5452 2356 5524 ρωστία
2378 5452 2436 5506 δὲ
2458 5455 2551 5506 καὶ
2586 5452 2823 5523 μαλακία
2861 5455 2995 5526 πρὸς
3026 5454 3271 5509 θάνατον.
3295 5457 3386 5510 Διὸ
3412 5461 3498 5510 ἐπ’
3524 5461 3759 5531 ἐκείνης

2144 5652 2308 5729 Vnus.
2342 5653 2427 5729 Ιξί.
2460 5671 2477 5702 ι
2513 5653 2624 5705 Καὶ
2653 5652 2817 5717 αὐτὸς
2862 5653 3084 5724 εποίησε
3131 5654 3498 5727 καθοδήγησιν
3530 5658 3756 5729 πάντας

2144 5724 2421 5787 ἐνιαυτούς
2455 5742 2577 5795 μου.
2609 5743 2629 5775 θ
