3880 6216
479 324 587 379 563
1154 310 1422 367 EUSEBII
1459 302 1942 366 ειεεΑιιιΕΝειδ
1978 301 2128 358 OPP.
2173 299 2352 355 PARS
2389 297 2476 354 iii.
2517 327 2588 339 --
2625 293 3034 351 EXEGETICA.
3609 285 3719 341 SM

481 444 549 497 ad
580 433 756 494 fmdus
788 439 844 488 et
870 429 1168 487 amicitiam
1213 443 1336 482 cum
1370 424 1598 482 Ezechia
1630 421 1920 478 iucundam
1956 433 2043 475 re-

2160 415 2213 469 ιὰ
2230 413 2390 468 λοιπὰ
2414 413 2589 467 πάντα
2615 412 2684 465 τὰ
2710 410 2812 478 πρὸ
2837 409 2936 479 τῆς
2961 407 3115 462 νόσου
3141 403 3282 458 κατὰ
3303 404 3570 460 τὺναὺτδν
3598 425 3721 461 συν-

478 547 597 603 gem
626 525 1040 598 Babyloniorum
1077 520 1324 585 induxit,
1354 519 1426 572 ita
1479 525 1539 571 ut
1583 513 1682 586 ipsi
1717 521 1774 569 et
1819 526 2046 566 munera

2160 505 2402 577 ιτελέσθη
2455 505 2665 577 χρόνον.
2712 501 2877 573 Ὀμοῦ
2933 501 2996 572 δή
3028 493 3120 552 οὖν
3171 498 3373 551 τούτων
3408 499 3723 572 ἀπάντωνή

476 637 532 680 et
560 625 764 694 legatos
791 627 846 673 et
875 615 1136 687 epistolas
1165 613 1423 669 mitteret.

553 894 716 950 VERS.
744 891 862 948 5-8.
915 907 934 940 ι
960 888 1030 944 Et
1068 885 1215 940 venit
1243 883 1414 938 Isaias
1447 879 1710 950 propheta
1763 878 1831 932 ad
1866 889 2045 946 regem

479 985 794 1047 Ezechiam,
821 992 876 1037 et
905 979 1040 1036 dixit
1063 979 1110 1032 ei
1144 995 1158 1032 :
1191 975 1331 1044 Quid
1356 975 1544 1028 dicunt
1567 969 1816 1026 homines
1844 965 1972 1021 isti?
1993 973 2050 1019 et

481 1078 621 1132 unde
654 1081 916 1129 venerunt
941 1071 1009 1124 ad
1043 1067 1136 1122 te?
1167 1065 1234 1121 Et
1267 1065 1405 1120 dixit
1449 1061 1711 1117 Ezechias
1739 1078 1753 1113 :
1778 1057 1856 1112 Ex
1905 1064 2048 1110 terra

486 1166 774 1236 longinqua
832 1173 1099 1217 venerunt
1145 1157 1210 1211 ad
1268 1169 1377 1216 me,
1439 1152 1730 1222 Babylone.
1784 1147 1850 1202 Et
1916 1144 2053 1200 dixit

480 1259 642 1315 Isaias
662 1276 674 1313 :
691 1255 827 1323 Quid
845 1254 1089 1308 viderunt
1108 1249 1163 1306 in
1183 1248 1339 1304 domo
1365 1246 1493 1300 tua?
1518 1244 1584 1298 Et
1609 1242 1742 1297 dixit
1758 1238 2015 1294 Ezechias
2038 1253 2051 1290 :

485 1349 678 1406 Omnia
720 1361 844 1417 qua:
869 1351 994 1398 sunt
1020 1341 1075 1395 in
1106 1342 1266 1396 domo
1295 1352 1412 1392 mea
1458 1336 1729 1395 viderunt,
1761 1342 1938 1396 neque
1970 1334 2054 1382 est

483 1441 616 1498 mihi
641 1440 933 1510 quidquam
957 1434 1123 1498 domi,
1149 1431 1292 1502 quod
1324 1444 1429 1484 non
1458 1427 1728 1480 viderint:
1763 1423 1856 1478 sed
1885 1420 2048 1475 etiam

484 1550 607 1604 quae
640 1534 693 1588 in
729 1528 997 1585 thesauris
1020 1526 1160 1581 meis
1196 1531 1342 1578 sunt.
1405 1521 1472 1575 Et
1503 1518 1640 1574 dixit
1671 1515 1862 1582 lsaias,
1915 1511 2052 1566 Audi

480 1627 702 1683 verbum
731 1620 943 1678 Domini
977 1617 1219 1676 Sabaoth
1244 1629 1260 1669 :
1287 1613 1431 1668 Ecce
1456 1611 1572 1666 dies
1603 1609 1844 1673 veniunt,
1868 1613 1922 1660 et
1957 1617 2051 1660 su-

2148 599 2284 671 ἀκοὴ
2307 598 2396 652 τὸν
2416 597 2523 652 τῶν
2548 595 2901 649 Βαϐυλωνίων
2930 591 3152 663 βασιλέα
3175 591 3332 671 ἐνῆγε
3361 592 3495 662 πρὸς
3518 592 3615 663 τὴν
3631 593 3725 645 τοῦ

2160 692 2399 756 Ἐζεκίου
2434 690 2636 760 φιλίαν,
2664 687 2740 751 ὡς
2762 681 3073 740 ἀποστεῖλαι
3107 683 3257 754 αὑτῷ
3293 683 3440 755 δῶρα
3465 684 3559 736 καὶ
3593 682 3726 755 πρέ-

2150 786 2298 849 σϐεις
2325 786 2418 839 καὶ
2451 783 2761 843 ἐπιστολάς.

2225 895 2243 928 ι
2279 877 2387 930 Kal.
2421 871 2584 946 ἦλθεν
2622 874 2846 934 Ἡσαΐας
2885 873 2913 924 6
2949 870 3232 942 προφήτης
3267 870 3402 938 πρὸς
3437 868 3527 924 τὸν
3563 868 3725 940 βασι-

2147 969 2244 1023 λὲα
2281 969 2550 1034 Ἐζεκίαν,
2583 968 2675 1021 καὶ
2703 963 2825 1020 εἷπε
2861 963 2997 1035 πρὸς
3045 963 3235 1018 αὐτόν’
3281 961 3346 1015 Τί
3376 963 3620 1029 λέγουσιν
3675 961 3726 1014 οἱ

2149 1062 2421 1136 ἄνθρωποι
2457 1055 2601 1115 οὗτοι
2631 1077 2646 1124 ;
2686 1059 2797 1111 Ka‘t
2841 1056 3002 1110 πόθεν
3029 1057 3192 1126 ἥκασι
3219 1054 3354 1125 πρὸς
3388 1055 3446 1108 σέ
3471 1072 3485 1118 ;
3512 1055 3622 1108 Ka‘t
3652 1049 3720 1106 εἴ·

2150 1173 2248 1208 πεν
2280 1153 2526 1218 Ἐζεκίας
2550 1169 2562 1182 ·
2603 1153 2697 1204 Ἐκ
2723 1150 2827 1220 γῆς
2856 1148 3134 1220 πόρρωθεν
3167 1148 3334 1218 ἤκασι
3373 1146 3508 1218 πρὸς
3539 1145 3628 1216 μὲ,
3661 1147 3728 1198 ὲκ

2150 1247 2484 1310 Βαϐυλῶνος.
2521 1245 2630 1299 Καὶ
2661 1239 2812 1296 εἶπεν
2851 1242 3096 1304 Ἡσαΐας·
3135 1240 3199 1292 Τί
3225 1240 3432 1293 εἴδοσαν
3459 1241 3513 1292 ὲν
3540 1237 3616 1308 τῷ
3649 1236 3728 1291 oi-

2149 1359 2230 1412 κῳ
2260 1357 2386 1399 σου;
2427 1340 2536 1392 Καὶ
2569 1333 2720 1390 εἶπεν
2761 1335 3008 1399 Ἐζεκίας
3029 1352 3042 1365 ·
3079 1333 3263 1386 Πάντα
3293 1331 3361 1384 τὰ
3398 1332 3457 1383 ἐν
3483 1330 3558 1401 τῷ
3594 1330 3731 1400 οἴκῳ

2154 1450 2252 1504 μου
2283 1431 2514 1494 είδοσαν,
2543 1430 2634 1484 καὶ
2655 1428 2755 1480 οὐκ
2782 1426 2925 1479 ἔστιν
2949 1427 3006 1478 ὲν
3030 1424 3107 1496 τῷ
3130 1424 3263 1494 οἴκῳ
3283 1441 3383 1494 μου
3413 1422 3440 1474 ὂ
3473 1423 3572 1474 οὐκ
3592 1419 3734 1474 εῐδου

2154 1541 2251 1578 σαν
2306 1522 2442 1577 ἀλλὰ
2470 1521 2563 1576 καὶ
2593 1519 2663 1573 τὰ
2705 1521 2762 1573 ἐν
2796 1521 2907 1581 τοῖς
2945 1516 3237 1589 θησαυροῖς
3280 1533 3399 1586 μου.
3431 1513 3542 1566 Kal.
3575 1508 3736 1565 εἶπεν

2165 1615 2393 1678 Ἡσαΐας
2416 1630 2429 1643 °
2465 1613 2728 1665 ’Ἄκουσον
2760 1609 2849 1662 τὸν
2877 1607 3031 1677 λόγον
3057 1607 3261 1678 Κυρίου
3301 1603 3524 1657 Σαϐαὼθ
3545 1621 3559 1634 ’
3601 1601 3736 1655 Ἰδοὺ

483 1726 635 1773 ment
670 1713 851 1770 omnia
893 1726 1014 1781 qua;
1047 1709 1098 1762 in
1131 1707 1290 1760 domo
1321 1715 1409 1758 tua
1439 1711 1600 1764 sunt,
1627 1708 1682 1756 et
1717 1708 2052 1766 quaecunque

2160 1705 2354 1778 ἡμέραι
2383 1707 2647 1777 ἔρχονται,
2675 1701 2768 1754 καὶ
2803 1699 3060 1770 λήψονται
3091 1699 3266 1750 πάντα
3295 1696 3362 1747 τε
3407 1696 3464 1746 ἐν
3497 1693 3572 1764 τῷ
3595 1692 3739 1762 οἴκῳ

483 1813 949 1876 congregavcrunt
977 1811 1160 1871 patres
1195 1797 1270 1852 tui
1316 1797 1371 1851 in
1401 1796 1544 1850 hunc
1584 1805 1754 1859 usque
1783 1790 1921 1844 diem
1944 1831 1957 1852 ,
1994 1787 2046 1840 in

483 1899 810 1971 Babylonem
867 1894 1121 1955 venient,
1163 1903 1341 1958 neque
1399 1885 1674 1954 quidpiam
1723 1880 2046 1947 relinquent.

489 1993 633 2048 Dixit
661 1999 837 2044 autem
872 1988 1012 2042 Deus
1043 1983 1252 2040 :Etiam
1275 1997 1340 2037 ex
1371 1980 1495 2034 [iliis
1525 1977 1648 2042 tuis,
1674 1988 1808 2044 quos
1841 1973 2047 2041 gignes,

490 2083 779 2153 accipient,
823 2089 877 2135 et
921 2077 1120 2133 facient
1167 2089 1260 2130 eos
1307 2070 1570 2140 spadones
1612 2068 1665 2122 in
1707 2067 1864 2118 domo
1909 2061 2051 2131 regis
2091 2129 2096 2136 θ

486 2173 925 2244 Babyloniorum.
985 2167 1050 2222 Et
1076 2165 1211 2220 dixit
1235 2162 1492 2218 Ezechias
1542 2157 1724 2213 lsaim:
1758 2154 1935 2208 Bonus
1966 2158 2052 2205 est

486 2283 667 2324 sermo
698 2265 944 2327 Domini,
969 2276 1130 2332 quem
1163 2259 1372 2313 locutus
1401 2265 1525 2311 est:
1557 2252 1677 2308 Fiat
1703 2265 1833 2305 vero
1863 2264 1964 2318 pax
1997 2253 2052 2302 et

483 2360 684 2430 iustitia
719 2359 772 2413 in
807 2357 999 2411 diebus
1039 2353 1196 2408 meis.
1237 2370 1256 2404 ι
1301 2348 1508 2416 Quibus
1539 2344 1736 2398 auditis
1766 2340 2094 2401 Ezechias,.

486 2459 798 2506 reverenter
818 2447 1034 2518 quidem
1063 2455 1118 2499 et
1146 2443 1252 2512 pie,
1272 2441 1453 2496 omnia
1484 2449 1818 2508 quaecunque
1840 2433 2052 2487 locutus

487 2541 650 2596 fuerit
670 2540 830 2601 Deus,
859 2533 1208 2605 quantumvis
1236 2529 1408 2584 tristia
1429 2542 1549 2581 esse
1574 2522 1881 2578 hominibus
1906 2521 2048 2574 vide-

488 2643 666 2694 antur,
697 2632 838 2684 bona
870 2640 990 2683 esse
1030 2622 1330 2693 respondit.
1367 2620 1482 2687 Qua
1531 2619 1596 2671 de
1627 2631 1684 2669 re
1717 2615 1911 2668 iterum
1944 2610 2054 2665 He-

487 2727 684 2790 braeus,
741 2738 846 2778 non
907 2721 1015 2774 Deo
1067 2723 1345 2786 acceptum
1406 2708 1678 2774 Ezechim_
1713 2703 2050 2775 propositum

486 2818 656 2875 fuisse
680 2815 912 2870 dicebat.
934 2809 1068 2865 Nam
1094 2807 1236 2876 quod
1267 2819 1365 2874 pro
1390 2817 1448 2858 se
1480 2811 1689 2854 tantum
1711 2803 2050 2868 precaretur,

487 2911 671 2984 populi
706 2922 834 2962 vero
881 2905 1147 2960 rationem
1195 2899 1395 2954 nullam
1439 2896 1693 2958 haberet,
1723 2893 1774 2947 id
1809 2905 1941 2945 sane
1974 2889 2056 2944 vis

489 2983 606 3058 deri
649 3001 790 3070 apud
820 2998 986 3053 Deum
1016 3011 1120 3050 non
1149 2992 1303 3062 culpa
1335 3005 1566 3044 vacare:
1605 3001 1724 3056 quae
1783 2999 1946 3039 causa
1987 2983 2057 3038 sit

2155 1815 2269 1860 σου,
2303 1799 2396 1851 καὶ
2423 1799 2522 1850 ὃσα
2548 1793 2850 1862 συνήγαγον
2887 1793 2934 1845 οἱ
2962 1791 3195 1861 πατέρες
3219 1805 3311 1841 σου
3342 1789 3445 1850 ἕως
3470 1787 3567 1858 τῆς
3598 1785 3738 1856 ἡμέ-

2158 1905 2254 1960 ρας
2289 1887 2492 1956 ταύτης
2517 1886 2596 1948 είς
2639 1883 2932 1936 Βαϐυλῶνα
2959 1881 3101 1952 ἣξει.
3133 1879 3228 1932 καὶ
3255 1878 3403 1931 οὐδὲν
3428 1877 3487 1929 οὗ
3527 1877 3601 1946 μή
3629 1894 3737 1929 κα-

2153 1978 2496 2032 ταλείπωσιν.
2531 1973 2664 2028 Εἷπε
2684 1975 2742 2027 δὲ
2770 1974 2798 2024 6
2823 1972 2975 2034 Θεὸς,
3009 1971 3089 2023 ὅτι
3121 1969 3213 2021 καὶ
3246 1967 3350 2021 ἀπὸ
3387 1967 3494 2019 τῶν
3524 1967 3740 2019 τέκνων

2156 2087 2274 2133 σου,
2301 2063 2375 2122 ὧν
2401 2069 2700 2140 γεννήσεις,
2735 2065 3012 2137 λήψονται.
3051 2063 3144 2116 καὶ
3187 2061 3469 2131 ποιήσουσι
3505 2058 3739 2111 σπάδον-

2153 2180 2252 2226 τας
2291 2164 2346 2214 ὲν
2383 2160 2460 2230 τῷ
2484 2161 2617 2230 οἴκῳ
2650 2157 2743 2211 τοῦ
2785 2156 3046 2227 βασιλέως
3079 2153 3185 2205 τῶν
3215 2148 3592 2204 Βαϐυλωνίων.
3619 2147 3740 2200 Καὶ

2155 2250 2306 2308 εἶπεν
2355 2253 2604 2318 Ἐζεκίας
2652 2252 2880 2322 Ἡσαΐᾳ·
2933 2246 3156 2316 Ἀγαθός
3186 2247 3213 2298 6
3244 2244 3398 2312 λόγος
3421 2242 3645 2312 Κυρίου,
3675 2240 3742 2293 ὃν

2158 2347 2410 2418 ἐλάλησεο
2441 2344 2680 2416 γενέσθω
2712 2343 2777 2414 δὴ
2810 2341 3022 2411 εἰρήνη,
3058 2337 3150 2391 καὶ
3188 2333 3499 2403 δικαιοσύνη
3529 2335 3585 2385 ὲν
3614 2333 3739 2392 ταῖς

2157 2441 2391 2513 ήμέραις
2425 2457 2545 2510 μου.
2573 2457 2591 2489 ι
2627 2437 2807 2506 Ἀπερ
2833 2432 3069 2494 ἀκούσας
3103 2433 3130 2483 6
3168 2426 3443 2492 Ἐζεκίας,
3488 2421 3741 2484 εὐλαϐῶς

2157 2534 2272 2604 ἅμα
2297 2533 2390 2586 καὶ
2416 2529 2672 2594 εὐσεϐῶς,
2700 2529 2878 2582 πάντα
2902 2525 3057 2594 λόγον
3087 2520 3285 2591 ἀγαθὸν
3313 2514 3453 2572 εἶναι
3479 2517 3537 2570 δν
3562 2514 3737 2585 λαλή-

2157 2643 2301 2679 σειεν
2331 2627 2360 2678 6
2378 2623 2534 2689 Θεὸς,
2557 2622 2658 2676 κᾶν
2681 2619 2924 2691 λυπηρὸς
2950 2608 3085 2671 εἶναι
3109 2614 3384 2686 νομίζοιτο
3403 2607 3740 2682 ἀνθρώποις,

2157 2718 2506 2791 ἁπεκρίνατο.
2553 2715 2669 2785 Ἐφ’
2697 2711 2778 2776 οἷς
2805 2712 2965 2766 πάλιν
3002 2712 3031 2764 6
3072 2707 3320 2779 Ἐϐραῖος
3357 2703 3428 2774 μὴ
3471 2697 3740 2766 ἀποδέξα-

2159 2812 2284 2866 σθαι
2307 2789 2410 2866 τοῦ
2449 2809 2687 2874 Ἐζεκίου
2716 2809 2814 2876 τὴν
2851 2804 3166 2875 προαίρεσιν
3192 2799 3280 2850 τὸν
3307 2795 3436 2849 Θεὸν
3459 2792 3632 2859 ἔλεγε.
3662 2789 3742 2842 Τὸ

2158 2906 2266 2977 γὰρ
2311 2905 2452 2974 ὑπὲρ
2491 2902 2588 2973 μὲν
2637 2896 2830 2954 ἑαυτοῦ
2865 2894 3188 2967 ἠξιωκέναι,
3225 2889 3365 2960 ὑπὲρ
3397 2887 3452 2939 δὲ
3482 2883 3575 2937 τοῦ
3602 2879 3740 2934 λαοῦ

2162 2975 2363 3067 μηδένα
2382 2995 2534 3064 λόγον
2563 2990 2909 3062 πεποιῆσθαι,
2941 2985 3186 3058 μεμπτὸν
3213 2982 3290 3052 τῷ
3318 2979 3435 3050 Θεῷ
3463 2975 3696 3047 φανῆναι
3723 2990 3738 3002 ·

491 3103 549 3148 ut
579 3068 837 3162 propheta
868 3102 991 3142 mox
1017 3083 1327 3153 subjungat,
1360 3101 1378 3133 ι
1408 3077 1771 3136 Consolamini
1801 3073 2052 3146 populum

2160 3086 2233 3139 διὸ
2259 3087 2529 3155 ἐπιλέγειν
2559 3085 2686 3154 ἑξῆς
2716 3082 2806 3136 τὸν
2836 3081 3149 3152 προφήτηνο
3188 3095 3205 3125 ι
3242 3071 3614 3144 Παρακαλεῖτε.
3645 3068 3742 3121 τὸν

490 3199 668 3238 meum
691 3223 707 3247 ,
740 3180 868 3234 dicit
898 3179 1056 3233 Deus.
1093 3193 1112 3227 ι
1149 3173 1373 3228 Etiamsi
1403 3170 1548 3226 enim
1582 3169 1670 3223 hic
1710 3167 1930 3237 proprio
1957 3165 2055 3217 du-

489 3287 609 3331 ctus
639 3287 843 3335 amore,
873 3271 940 3325 de
981 3283 1040 3323 se
1077 3275 1284 3321 tantum
1320 3263 1587 3318 sollicitus
1628 3267 1898 3328 precetur,
1939 3253 2056 3310 nul-

2156 3177 2282 3232 λαόν
2305 3196 2426 3249 μου,
2455 3178 2602 3247 λέγει
2627 3177 2654 3229 6
2680 3175 2832 3238 Θεός.
2868 3193 2884 3224 ι
2919 3173 2980 3224 Ei
3009 3170 3119 3240 γὰρ
3142 3167 3234 3220 καὶ
3257 3161 3428 3227 οὗτος,
3449 3163 3601 3235 φησὶ,
3619 3163 3744 3231 φίλ-

2156 3289 2317 3336 αυτος
2352 3272 2456 3335 ὢν,
2515 3271 2654 3341 ὑπὲρ
2687 3267 2786 3339 μὲν
2822 3263 3016 3319 ἑαυτοῦ
3045 3260 3343 3334 φροντίσας
3375 3256 3605 3328 ἐδεήθη,
3641 3253 3741 3308 τοῦ

489 3368 708 3435 Iamque
739 3361 916 3430 pepuli
945 3358 1273 3414 mentionem
1307 3353 1512 3415 faciat;
1543 3361 1600 3405 at
1634 3351 1776 3404 Deus
1802 3363 1901 3403 suo
1924 3362 2054 3417 pro-

2160 3365 2212 3418 δὲ
2241 3364 2368 3418 λαοῦ
2415 3364 2632 3434 μνήμην
2663 3360 2722 3413 οὗ
2748 3375 2866 3412 τινα
2902 3357 3193 3426 ἐποιήσατο
3213 3369 3224 3380 ·
3261 3350 3372 3404 ἀλλ’
3457 3347 3608 3410 8.26;,
3641 3344 3742 3398 τοῦ

489 3418 972 3533 spiciens'populo,
1007 3444 1253 3517 praecipit
1284 3451 1341 3498 ut
1369 3441 1461 3512 qui
1495 3439 1621 3494 huic
1653 3437 1870 3508 negotio
1898 3450 2055 3491 nares

2161 3457 2289 3510 ἰδίου
2325 3456 2616 3527 κηδόμενος
2651 3451 2779 3505 λαοῦ
2800 3491 2815 3513 ,
2849 3447 3186 3518 παρακαλεῖν
3228 3441 3387 3496 αὑτὸν
3427 3442 3538 3504 τοῖς
3579 3436 3745 3491 τοῦτο

490 3549 622 3612 sint,
663 3543 915 3616 populum
953 3553 1111 3596 suum
1148 3533 1519 3592 consolentur.

2160 3553 2417 3622 πράττειν
2451 3550 2583 3611 οἵοις
2607 3563 2663 3599 τε
2691 3539 3143 3614 παρακελεύεται.

1086 3647 1313 3705 CAPUT
1346 3645 1463 3701 XL.

2687 3632 3082 3691 ΚΕΦΑΛΑΙΟΝ
3119 3627 3211 3684 Μ’.

561 3751 726 3805 Vens.
765 3747 815 3812 Ι,
847 3746 904 3800 2.
939 3763 958 3796 ι
994 3738 1383 3802 Consolamini,
1414 3733 1768 3793 consolamini
1805 3733 2055 3802 populum

2236 3752 2255 3786 ι
2291 3732 2684 3804 Παρακαλεῖτε,
2711 3725 3074 3796 παρακαλεῖτε
3099 3722 3189 3775 τὸν
3217 3719 3345 3773 λαόν
3378 3733 3500 3788 μου,
3531 3715 3682 3784 λέγει
3716 3717 3748 3770 6

391 3873 393 3875 ι
491 3860 670 3900 meum
693 3883 708 3902 .
741 3840 874 3893 dicit
910 3836 1049 3890 Dens
1071 3875 1086 3890 .
1130 3831 1487 3890 Sacerdotes.
1534 3825 1820 3896 loquimini
1871 3825 1936 3877 ad
1968 3837 2055 3876 cor

2160 3827 2311 3890 Θεός.
2350 3827 2556 3896 ’ῐερεῖς,
2576 3822 2842 3891 λαλήσατε
2866 3821 2946 3881 εἰς
2976 3815 3074 3886 τὴν
3104 3812 3330 3886 καρδίαν
3363 3807 3742 3881 Ἰερουσαλήμ·

490 3933 827 3989 Jerusalem:
855 3921 1208 3982 consolamini
1237 3936 1375 3976 eam.
1411 3939 1429 3972 ι
1463 3918 1694 3986 Quinam
1731 3916 1766 3970 ii
1801 3916 1934 3977 sint,
1965 3913 2055 3983 qui

2160 3919 2577 3991 παρακαλέσατε
2605 3914 2793 3984 αὑτήν.
2831 3929 2848 3963 ι
2880 3910 3036 3973 Τίνες
3061 3905 3117 3961 δέ
3142 3907 3277 3960 εἰσιν
3303 3897 3383 3966 οἷς
3409 3902 3437 3954 6
3460 3900 3617 3968 λόγος
3647 3915 3751 3952 πα-

494 4025 748 4094 popnlnm
795 4017 1064 4073 consolari
1120 4016 1382 4085 iubentur
1442 4016 1697 4064 accurate
1757 4007 2055 4074 disquirere

2164 4008 2416 4081 ρακαλεῖν
2445 4006 2534 4058 τὸν
2573 4003 2700 4056 λαὸν
2730 3999 3085 4073 προστάττει,
3124 3994 3270 4059 ἄξιον
3299 3991 3619 4058 ἐπιστῆσαι·
3657 3989 3750 4052 τίς

490 4130 669 4184 operae
704 4111 936 4183 pretium
982 4106 1179 4162 fuerit:
1215 4117 1418 4158 necnon
1463 4099 1592 4170 quid
1619 4099 1690 4153 sit
1715 4112 1810 4151 cor
1833 4095 2062 4150 Jerusa-

491 4207 621 4272 lem,
654 4214 708 4259 et
736 4215 979 4272 quaenam
1007 4198 1094 4252 illa
1124 4195 1422 4250 Jerusalem
1463 4193 1536 4246 sit
1566 4187 1904 4252 aestimanda,
1943 4200 2062 4255 qua!

491 4315 591 4355 ceu
625 4293 825 4351 animal
855 4291 1119 4362 quoddam
1154 4303 1249 4342 cor
1283 4287 1500 4340 habeat.
1531 4281 1662 4336 Nam
1711 4280 1798 4333 hic
1822 4279 2059 4332 animata

489 4401 545 4447 et
574 4385 1062 4445 rationabilis-esse
1091 4381 1399 4436 declaratur
1423 4416 1436 4440 ,
1471 4390 1596 4429 cum
1636 4372 1857 4436 dicitur,
1891 4388 1910 4422 ι
1950 4368 2057 4423 Lo-

2159 4080 2216 4153 δὲ
2241 4100 2273 4169 ή
2307 4097 2503 4168 καρδία
2533 4092 2907 4164 Ἰερουσαλὴμ,
2939 4089 3032 4142 καὶ
3061 4084 3308 4156 ποταπὴν
3336 4085 3441 4155 χρὴ
3471 4084 3613 4137 νοεῖν
3642 4080 3751 4152 τὴν

2173 4187 2558 4261 Ἰερουσαλήμ,
2592 4184 2778 4255 ὥσπερ
2811 4199 2864 4234 τι
2900 4179 3036 4245 ζῶον
3067 4177 3289 4248 καρδίαν
3314 4174 3558 4244 ἔχουσαν.
3604 4172 3754 4240 Ἐμ-

2161 4282 2330 4352 ψυχον
2373 4279 2479 4349 γὰρ
2517 4277 2610 4330 καὶ
2645 4275 2865 4344 λογικὴν
2910 4269 3094 4340 σαφῶς
3136 4267 3464 4339 παρίστησιν
3509 4263 3680 4334 αὐτὴν
3721 4265 3754 4316 6

2165 4379 2341 4445 φήσας
2370 4370 2525 4438 λόγος
2551 4385 2562 4398 ·
2602 4387 2620 4418 ‹
2657 4365 2940 4436 Λαλήσατε
2973 4363 3054 4426 είς
3083 4359 3180 4431 τὴν
3211 4357 3433 4430 καρδίαν
3467 4357 3750 4426 Ἰερουσα-

491 4481 718 4554 quimini
763 4478 830 4533 ad
876 4491 971 4531 cor
996 4472 1321 4528 Jerusalem.
1361 4487 1381 4520 ι
1413 4468 1492 4522 Ac
1522 4466 1625 4520 dici
1679 4463 1822 4517 forte
1850 4469 2055 4530 posset,

2162 4467 2227 4536 λή
2239 4484 2294 4537 μ.
2333 4483 2350 4516 ι
2381 4464 2490 4517 Καὶ
2517 4457 2584 4533 ἦν
2612 4460 2707 4531 μὲν
2738 4459 2910 4511 εἰπεῖν
2943 4450 3298 4524 Ἰερουσαλὴμ
3330 4449 3420 4500 τὸν
3449 4446 3574 4500 λαὸν
3605 4441 3753 4498 εἶναι

489 4573 792 4631 Jerusalem
840 4567 1091 4640 populum
1142 4565 1312 4633 ipsam
1363 4558 1688 4614 lncolentem
1728 4554 2057 4624 signiﬁcare,

490 4675 551 4719 ut
594 4664 910 4734 plerumque
950 4657 1080 4712 urbs
1124 4669 1221 4722 pro
1262 4649 1456 4720 populo
1486 4647 1686 4701 dicitur
1711 4662 1727 4712 ;
1755 4659 1939 4698 verum
1972 4641 2060 4696 hic

491 4759 602 4825 ipse
632 4767 846 4822 quoque
887 4748 1114 4819 populus
1155 4751 1483 4798 memoratur
1512 4741 1594 4794 his
1623 4737 1826 4803 verbis,
1864 4753 1882 4787 ο
1917 4735 2061 4790 Con-

491 4841 737 4900 solamiui
767 4837 1019 4909 populum
1052 4848 1268 4897 meum;
1306 4849 1324 4882 ι
1361 4844 1424 4883 ae
1451 4837 1636 4896 postea
1673 4823 1896 4879 seorsim
1937 4822 2060 4874 sub-

484 4933 702 5004 jungit,
735 4949 754 4983 ι
790 4926 1093 4998 Loquimini
1141 4923 1207 4977 ad
1257 4937 1352 4976 cor
1393 4916 1720 4973 Jerusalem.
1772 4932 1792 4965 ι
1829 4913 2059 4980 Quinam

490 5001 652 5092 porro
681 5023 791 5077 sint
816 5020 908 5090 qui
939 5013 1207 5073 consolari
1252 5011 1514 5081 jubentnr
1539 5047 1554 5071 ,
1600 5016 1657 5062 et
1682 5005 1806 5074 quis
1833 5001 2062 5073 pepulus

492 5117 602 5184 ille,
628 5129 787 5184 quem
811 5108 1176 5170 consolantur,
1196 5105 1331 5172 quid
1356 5104 1484 5156 item
1511 5101 1581 5154 sit
1606 5113 1701 5152 cor
1731 5093 2058 5158 Jerusalem,

488 5183 598 5277 iam
630 5183 1036 5276 expendendum
1081 5206 1185 5252 est.
1233 5191 1616 5250 Consolatores
1665 5200 1796 5242 sane
1831 5183 2058 5247 fuerint,

491 5275 584 5369 qui
627 5296 888 5366 Spiritum
935 5289 1332 5347 consolatorem
1381 5287 1751 5350 acceperunt,
1799 5275 2054 5330 nimirum

491 5367 741 5460 apostoli,
776 5383 1025 5452 discipuli
1050 5377 1355 5436 Salvatoris
1385 5373 1580 5436 nostri,
1601 5367 1970 5437 evangelista»,
2003 5371 2059 5417 et

491 5455 560 5539 iis
589 5481 825 5541 similes,
853 5475 1048 5546 quibus
1087 5472 1345 5528 Servator
1378 5466 1630 5520 dicebat:
1660 5480 1682 5512 ί
1721 5460 1833 5530 Ego
1864 5455 2061 5527 rogabo

495 5576 734 5640 Patrem,
761 5581 814 5626 et
843 5569 1006 5623 alium
1040 5561 1372 5620 Paracletum
1405 5557 1553 5613 dabit
1579 5553 1754 5618 vobis,
1786 5559 1845 5605 ut
1871 5551 1942 5605 sit
1970 5564 2062 5602 vo-

495 5667 699 5722 biscum
730 5665 783 5716 in
814 5671 1096 5722 aeternum,
1127 5653 1388 5721 Spiritum
1425 5645 1709 5709 veritatis;
1757 5661 1776 5694 ι
1823 5655 1889 5694 ac
1936 5654 2059 5692 rur-

497 5772 612 5811 sum
641 5774 654 5809 :
681 5774 697 5806 ι
727 5753 862 5809 Cum
880 5760 1060 5806 autem
1085 5746 1293 5802 venerit
1321 5738 1653 5803 Paracletus,
1681 5734 1916 5804 Spiritus
1938 5748 2062 5786 san-

2163 4559 2256 4612 :6v
2283 4559 2336 4610 ὲν
2361 4556 2498 4626 αὐτῇ
2523 4550 2896 4612 κατοικοῦντα,
2931 4547 3006 4610 ὡς
3036 4543 3291 4604 πολλάκις
3313 4541 3410 4611 τὴν
3441 4539 3592 4591 πόλιν
3625 4538 3756 4590 ἀντὶ

2164 4649 2272 4703 τῶν
2297 4647 2594 4718 οἰκητόρων
2620 4639 3052 4710 ὀνομαζομένην·
3085 4635 3201 4688 νυνὶ
3229 4633 3284 4684 δὲ
3324 4633 3352 4685 6
3389 4630 3540 4698 λόγος
3578 4627 3752 4682 αὐτοῦ

2165 4741 2257 4794 τοῦ
2277 4738 2406 4792 λαοῦ
2457 4737 2728 4808 μέμνηται
2775 4732 2982 4799 λέγων·
3037 4744 3056 4778 ι
3097 4723 3470 4795 Παρακαλεῖτε
3496 4722 3587 4774 τὸν
3618 4720 3754 4774 λαόν

2170 4842 2293 4896 μου·
2336 4843 2356 4876 ι
2389 4824 2485 4877 καὶ
2512 4821 2671 4876 πάλιν
2713 4820 2854 4881 ἰδίως
2886 4815 3134 4886 ἐπιφέρει
3166 4813 3257 4875 τὸ,
3293 4829 3311 4862 ‹
3351 4811 3636 4880 Λαλήσατε
3666 4814 3755 4873 εἰς

2167 4915 2265 4985 τὴν
2292 4913 2516 4986 καρδίαν
2555 4908 2931 4983 Ἰερουσαλήμ.
2973 4927 2992 4959 ι
3022 4907 3177 4969 Τίνες
3202 4901 3295 4957 οὖν
3323 4904 3460 4956 εἰσιν
3485 4905 3535 4955 οἱ
3573 4920 3757 4972 παρα-

2163 5007 2351 5057 καλεῖν
2393 5000 2882 5075 προσταττόμενοι,
2920 4996 3014 5049 καὶ
3058 4996 3140 5058 τίς
3190 4997 3218 5046 6
3263 4991 3754 5062 παρακαλούμενος

2163 5094 2312 5158 λαὸς,
2339 5094 2391 5148 τί
2424 5111 2484 5146 τε
2516 5095 2548 5159 ἡ
2573 5091 2768 5163 καρδία
2807 5086 3179 5159 Ἰερουσαλὴμ.
3206 5085 3322 5156 ὥρα
3348 5083 3746 5154 διευκρινῆσαι.

2165 5187 2232 5241 οἱ
2260 5188 2355 5256 μὲν
2386 5183 2478 5238 οὖν
2524 5181 2964 5254 παρακαλοῦντες
3011 5175 3120 5231 εἷεν
3157 5175 3222 5230 ἂν
3263 5177 3312 5228 οἱ
3347 5175 3396 5227 :6
3431 5174 3653 5244 Πνεῦμα
3683 5174 3750 5226 τὸ

2161 5277 2510 5349 παράκλητον
2534 5271 2968 5341 ὑποδεδεγμένοι,
2992 5267 3276 5321 ἀπόστολοι
3301 5264 3498 5336 δηλαδὴ
3531 5266 3620 5318 καὶ
3650 5282 3750 5334 μα-

2159 5367 2322 5438 θηταὶ
2349 5365 2442 5418 τοῦ
2475 5365 2724 5435 Σωτῆρος
2761 5361 2947 5432 ήμῶν,
2994 5361 3087 5412 xal.
3117 5355 3520 5426 εὐαγγελισταί,
3562 5355 3658 5409 καὶ
3693 5356 3750 5408 οε

2163 5457 2372 5520 τούτοις
2399 5459 2607 5527 ὅμοιοι,
2655 5454 2788 5526 πρὸς
2823 5452 2916 5514 οὒς
2961 5451 3144 5517 ἔλεγεν
3190 5451 3219 5501 6
3261 5450 3489 5519 Σωτήρ⁶
3529 5467 3545 5497 ι
3601 5445 3750 5514 Ἐγὼ

2166 5551 2423 5620 ἐρωτήσω
2460 5547 2551 5600 τὸν
2594 5546 2813 5617 Πατέρα
2857 5561 2994 5614 μου,
3046 5544 3139 5596 καὶ
3187 5541 3346 5595 ἄλλον
3382 5538 3750 5610 Παράκλητον

2163 5640 2322 5694 δώσει
2348 5642 2493 5710 ὑμῖν,
2520 5639 2606 5692 ἵνα
2625 5638 2710 5708 εἴη
2739 5635 2852 5706 μεθ’
2878 5636 3030 5705 ὑμῶν
3057 5635 3135 5696 είς
3160 5632 3249 5686 τδν
3273 5629 3462 5690 αἰῶνα,
3489 5631 3549 5682 τὸ
3570 5629 3748 5686 Πνεῦ-

2174 5750 2245 5801 μα
2289 5731 2388 5800 τῆς
2425 5730 2707 5796 ἀληθείας·
2755 5748 2772 5781 ι
2808 5727 2899 5781 καὶ
2950 5722 3103 5789 αὖθις
3127 5741 3141 5756 ο
3193 5743 3212 5776 r
3244 5724 3412 5776 Ὅταν
3445 5720 3499 5774 δὲ
3551 5719 3679 5780 Ξλθη
3719 5721 3750 5774 6
