3880 6216
181 412 188 420 ο
233 338 343 393 365

1230 339 1732 398 COMMENTABIA
1777 342 1841 398 IN
1886 343 2140 399 ISAIAM.
2184 378 2251 387 —
2289 345 2442 401 CAP.
2482 343 2604 402 XL.

3385 353 3488 412 τοι

228 463 608 536 Παράκλητος,
636 462 697 518 τὸ
729 464 949 535 Πνεῦμα
974 465 1033 521 τδ
1065 466 1239 536 άγιον,
1273 467 1302 519 δ
1323 468 1530 538 πέμψει
1556 469 1584 522 6
1623 467 1800 539 Πατήρ

1921 475 2058 530 ctus,
2089 482 2248 534 quem
2284 468 2461 520 mittet
2487 463 2649 520 Pater
2681 480 2852 534 meus,
2886 466 2974 522 ille
3004 481 3100 522 vos
3132 469 3346 524 docebit
3371 485 3488 524 0m-

230 573 356 626 μου,
376 557 581 621 ἐκεῖνος
599 556 742 628 ὑμᾶς
763 557 960 624 διδάξει
981 558 1176 622 πάντα,
1205 580 1223 612 ι
1245 560 1336 613 καὶ
1355 559 1422 613 τά
1437 560 1582 631 ἑξῆς.
1603 559 1813 622 Πάντες

223 649 517 720 τοιγαροῦν
557 650 608 704 οἱ
652 649 713 704 τὸ
765 651 1112 723 παράκλητον
1152 653 1378 723 Πνεῦμα.
1427 653 1813 724 ὑποδεξάμενοι

225 743 660 812 προστάττονται
687 745 1022 816 παρακαλεῖν
1043 746 1131 800 τὸν
1152 745 1277 799 λαὸν
1297 745 1390 800 τοῦ
1408 744 1562 799 Θεοῦ·
1603 746 1717 801 ἀλλ’
1750 748 1811 800 οὐ

223 831 318 884 τὸν
347 832 718 904 Ἱσραὴλ,οὑδὲ
743 833 835 887 τὸν
869 834 1081 899 Ἰακὼϐ,
1098 835 1218 889 ούδέ
1246 836 1334 889 τὸν
1364 833 1582 890 Ἰούδαν.
1602 836 1813 907 ’Ὠσπερ

222 921 281 976 δὲ
313 923 691 979 ἀποδέδεικται
712 965 726 989 ,
759 925 788 978 6
821 926 948 990 λαὸς
992 926 1086 980 τοῦ
1118 925 1252 980 Θεοῦ
1273 968 1289 990 ,
1331 925 1504 990 οὕτως
1535 928 1568 998 ή
1617 926 1812 998 καρδία

235 1015 547 1087 Ἷερουσαλὴ
554 1035 594 1087 μ
617 1017 960 1088 νοηθήσεται,
984 1017 1044 1072 τὸ
1070 1022 1311 1091 κρεῖττον
1331 1019 1518 1088 τάγμα
1543 1018 1632 1072 τοῦ
1656 1019 1808 1077 λαοῦ.

233 1105 326 1169 Ὠς
352 1104 463 1177 γάρ
500 1107 559 1158 ἐν
583 1105 793 1178 σώματι
829 1109 863 1180 ή
896 1108 1088 1180 καρδία
1110 1107 1170 1162 τὸ
1203 1107 1541 1181 κυριώτατόν
1568 1111 1683 1162 ἐστι
1714 1110 1809 1163 τοῦ

221 1198 450 1262 παντὸς,
485 1197 627 1252 οὕτω
668 1201 762 1254 καὶ
805 1200 861 1252 ἐν
903 1200 981 1272 τῷ
1005 1202 1102 1272 τῆς
1145 1201 1470 1274 Ἐκκλησίας
1518 1201 1729 1274 σώματι
1749 1204 1811 1257 τὸ

219 1288 558 1361 κυριώτατον
580 1291 764 1362 τάγμα
789 1291 1014 1357 εἰκότως
1035 1292 1100 1348 ἂν
1127 1293 1340 1366 λεχθείη
1366 1295 1427 1348 τὸ
1453 1296 1560 1349 τῶν
1584 1295 1810 1366 λογικω-

219 1380 420 1452 τέρων,
457 1382 718 1452 φρονήσει
756 1400 814 1436 τε
849 1384 942 1437 καὶ
975 1383 1182 1457 διανοίᾳ
1215 1387 1309 1438 καὶ
1349 1385 1592 1458 λογισμῷ
1622 1387 1808 1456 διαφε-

222 1475 446 1542 ρόντων,
497 1473 622 1527 Ἐάν
676 1475 854 1528 τοίνυν
893 1474 1152 1546 λέγηται,
1206 1495 1224 1528 ι
1261 1478 1546 1549 Λαλήσατε
1584 1480 1664 1543 είς
1708 1479 1806 1550 τὴν

220 1563 454 1634 καρδίαν
486 1565 862 1638 Ἰερουσαλὴμ,
896 1587 913 1618 ι
948 1565 1089 1622 οὕτω
1123 1568 1338 1622 δεκτέον
1360 1569 1450 1624 τὸν
1472 1569 1650 1640 λόγον,
1674 1571 1805 1624 ὡσεὶ

221 1657 558 1730 σαφέστερον
600 1657 753 1728 ἔλεγε
777 1675 790 1689 ο
827 1679 846 1710 ι
886 1659 1168 1732 Λαλήσατε
1207 1663 1318 1727 τοῖς
1352 1664 1410 1715 ἐν
1457 1663 1537 1735 τῷ
1564 1664 1678 1736 λαῷ
1710 1666 1803 1720 τοῦ

207 1747 359 1800 Θεοῦ
408 1749 635 1819 νοήμοσι
673 1749 767 1802 καὶ
803 1747 1201 1822 λογικωτὲροις.
1248 1772 1266 1804 ι
1324 1754 1548 1820 Τούτοις
1580 1755 1677 1826 μὲν
1708 1753 1802 1810 οὖν

1919 557 2007 611 nia
2046 557 2123 624 ‘°,
2160 575 2180 610 ι
2218 568 2270 612 et
2303 567 2519 612 uetera.
2551 557 2824 627 Quotquot
2867 559 3030 628 igitur
3061 559 3326 630 Spiritum
3362 576 3489 616 san-

1918 660 2062 703 etum
2093 659 2447 718 acceperunt,
2480 647 2732 718 populum
2760 650 2854 704 Dei
2879 649 3147 706 consolari
3185 651 3486 720 jubentur;

1915 740 2009 792 sed
2037 754 2141 792 non
2172 735 2447 803 Israclem,
2476 752 2581 790 non
2609 735 2890 804 Jacobum,
2918 753 3023 792 non
3047 737 3267 795 Judam.
3299 739 3366 796 Ut
3390 757 3489 796 au-

1917 842 2023 884 tem
2069 830 2323 900 populum
2364 829 2456 884 Dei
2498 829 2907 900 intelligendum
2940 846 3060 887 esse
3091 845 3487 889 commonstra-
3541 881 3550 886 .

1913 931 2026 974 tum
2055 931 2159 984 est,
2189 921 2261 974 ita
2294 929 2348 974 et
2394 935 2491 974 cor
2531 919 2832 977 Jerusalem
2875 923 3208 992 intelligatur
3247 935 3484 994 oportet,

1913 1028 2012 1081 pro
2058 1013 2238 1083 populi
2286 1012 2494 1067 scilicet
2533 1014 2724 1068 ordine
2765 1022 2822 1070 et
2880 1027 3036 1083 parte
3086 1021 3484 1084 praestantiore.

1912 1105 2374 1172 Quemadmodum
2431 1103 2576 1158 enim
2621 1105 2673 1158 in
2713 1119 2939 1176 corpore
2981 1122 3075 1162 cor
3104 1109 3488 1177 praestantissi-

1912 1213 2058 1250 mum
2080 1196 2322 1250 omnium
2350 1207 2433 1251 est
2460 1214 2474 1261 ;
2507 1199 2580 1251 ita
2608 1207 2663 1252 et
2694 1197 2747 1252 iu
2779 1198 3038 1253 Ecclesia:
3059 1215 3313 1268 corpore,
3341 1215 3484 1268 prte-

1909 1289 2244 1343 stantissima
2295 1291 2470 1358 portio
2518 1288 2641 1357 jure
2685 1290 2901 1345 dicatur
2950 1307 3072 1346 esse
3117 1307 3339 1359 eorum,
3373 1295 3481 1374 ‘qui

1911 1379 2143 1442 ratione,
2189 1381 2472 1448 prudentia
2495 1420 2510 1446 ,
2565 1392 2745 1436 mente
2777 1392 2839 1436 et
2882 1385 3154 1453 cogitandi
3187 1385 3236 1438 vi
3271 1387 3483 1442 caeteris

1908 1471 2254 1525 antecellunt.
2284 1472 2418 1527 Cum
2458 1487 2588 1542 ergo
2628 1473 2859 1538 dicitur,
2899 1492 2918 1525 ι
2953 1474 3258 1544 Loquimini
3290 1477 3357 1529 ad
3388 1492 3485 1532 cor

1905 1562 2236 1628 Jerusalem,
2286 1583 2304 1616 ι
2339 1565 2420 1620 sic
2447 1565 2648 1619 dictum
2692 1566 2952 1632 accipias,
2989 1582 3052 1620 ac
3093 1567 3136 1621 si
3165 1566 3367 1622 clarius
3411 1569 3487 1624 ita

1908 1651 2239 1720 loqueretur,
2275 1668 2295 1704 ι
2336 1652 2636 1724 Loquimini
2673 1652 2740 1708 iis
2759 1668 2788 1708 e
2806 1654 2998 1723 populo
3023 1654 3140 1719 Dei,
3165 1657 3258 1726 qui
3287 1657 3486 1717 intelli-

1909 1744 2090 1812 gentia
2136 1753 2190 1798 et
2229 1748 2435 1800 ratione
2487 1746 2893 1815 praestantiores
2917 1757 3064 1801 sunt.
3101 1765 3120 1800 ι
3154 1745 3264 1803 ﬂos
3302 1750 3487 1820 itaque

218 1838 402 1894 λαλεῖν
444 1840 870 1911 προστάττονται
904 1841 953 1893 οἱ
1000 1843 1191 1912 ἱερεῖς·
1217 1843 1310 1897 τὸν
1351 1844 1406 1898 δὲ
1452 1845 1638 1900 λοιπὸν
1677 1847 1804 1900 λαὸν
1835 1828 1880 1886 Β
1907 1835 2110 1906 θηοίίυῖ
2133 1836 2392 1906 Ῑηδθιιῑυΐ
2421 1840 2771 1904 εδοετάοίθδῖ
2815 1839 3088 1894 Vesulum“
3149 1855 3280 1895 νεΓο
3313 1859 3487 1913 μορυ-

218 1930 586 2002 παρακαλεῖν,
617 1929 693 1994 ὼς
718 1929 968 2001 δεόμενον
1005 1933 1402 2006 παρακλήσεως
1425 1936 1519 1991 καὶ
1547 1953 1806 2009 παραμυο

216 2021 248 2074 θ
259 2023 366 2086 ίας.

299 2133 320 2166 ε
376 2115 499 2166 Ὀτι
555 2112 800 2186 ἐπλήσθη
845 2117 877 2184 ή
930 2115 1258 2180 ταπείνωσις
1314 2116 1523 2188 αὐτῆς·
1590 2118 1805 2177 λέλυται

215 2205 394 2276 av'xt'ﬁc
474 2206 507 2277 ή
565 2206 852 2278 ἁμαρτία,
919 2207 1000 2260 ὅτι
1063 2208 1283 2275 ἐδέξατο
1332 2210 1395 2263 ἐκ
1454 2209 1634 2281 χειρὸς
1693 2213 1806 2264 Κυ-

220 2298 342 2368 ρίου
388 2298 552 2352 emta
593 2299 662 2353 τά
711 2300 1086 2372 ἁμαρτήματα
1133 2301 1323 2371 αύτῆς.
1369 2319 1388 2352 ι
1443 2303 1714 2374 Προσήκει
1745 2301 1805 2355 δέ

213 2387 410 2440 λοιπὸν
448 2390 844 2461 παρακλήσεως
886 2392 979 2443 καὶ
1015 2392 1367 2464 παραμυθίας
1397 2393 1565 2464 αὐτὴν
1603 2394 1806 2464 τυγχά-

212 2495 333 2531 νειν
355 2479 444 2532 διὰ
472 2481 570 2552 τὴν
597 2481 980 2552 ὲπιλάμψασαν
1008 2481 1086 2552 τῷ
1119 2481 1219 2554 βίῳ
1249 2483 1342 2536 τοῦ
1370 2483 1558 2538 καινοῦ
1589 2484 1804 2538 πάντων

213 2570 528 2644 ἀνθρώπων
583 2573 837 2644 Σωτῆρος
867 2573 1214 2641 ἐπιφάνειαν.
1245 2574 1449 2646 Διπλῆν
1488 2575 1545 2629 δέ
1583 2576 1804 2629 κόλασιν

213 2665 397 2728 είποις
424 2663 488 2718 ἂν
532 2665 918 2736 ἐπεληλυθέναι
942 2667 1008 2737 τῇ
1046 2666 1242 2739 καρδίᾳ
1281 2667 1654 2740 Ἰερουσαλήμ·
1682 2669 1804 2722 ἐπεὶ

214 2761 313 2812 καὶ
351 2759 494 2812 κατὰ
527 2759 628 2830 τὴν
667 2760 909 2829 ἱστορίαν
937 2761 1316 2832 συναπήλαυον
1345 2762 1458 2824 τοῖς
1490 2763 1681 2824 κακοῖς
1705 2761 1801 2816 τοῦ

211 2849 461 2920 πλήθους
493 2851 542 2902 oi
576 2849 913 2920 δηλούμενοι,
948 2852 1039 2904 ὑπ’
1075 2851 1394 2922 ἀλλοφύλοις
1415 2851 1590 2906 ἔθνεσι
1615 2871 1804 2908 ταπει-

212 2941 491 3011 νούμενοι,
534 2941 628 2994 καὶ
665 2929 808 2995 κατὰ
845 2941 1082 2996 διάνοιαν
1122 2943 1379 3008 ἐκόλαζον
1419 2944 1666 3008 ἑαυτοὺς,
1711 2944 1802 3004 διὰ

210 3031 316 3102 τὴν
333 3030 433 3084 τοῦ
475 3030 712 3103 πλήθους
741 3031 1007 3104 ἀναϐολὴν
1035 3033 1357 3098 πενθοῦντες
1384 3037 1480 3088 καὶ
1510 3035 1801 3090 ἀποκλαιό-

213 3142 374 3196 μενοι
411 3125 512 3218 τήν
562 3125 768 3218 πτῶσιν
823 3128 918 3181 καὶ
942 3127 1042 3218 τὴν
1093 3126 1374 3218 ἀπῴλειαν
1405 3127 1512 3182 τῶν
1557 3128 1794 3183 πολλῶν·
1825 3163 1868 3218 C

209 3214 354 3268 ἀλλὰ
384 3214 636 3283 δεύτερον
671 3215 1093 3287 πολιορκηθεῖσα
1127 3219 1161 3288 ή
1197 3217 1575 3290 Ἰερουσαλὴμ,
1609 3219 1687 3284 ὡς
1719 3222 1799 3284 εἰς

209 3304 412 3373 ἔδαφος
444 3302 834 3375 κατενεχθῆναι
866 3304 957 3358 τὸν
985 3306 1043 3357 ἐν
1071 3305 1208 3376 αὐτῇ
1233 3303 1390 3368 νεὼν,
1419 3305 1615 3374 διπλῆν
1637 3322 1804 3376 τιμω-

214 3395 343 3468 ρίαν
402 3394 510 3449 τῶν
553 3397 612 3449 ἐν
654 3397 792 3468 αὐτῇ
832 3395 1251 3468 τετολμημένων
1297 3397 1660 3469 ἀσεϐημάτων
1701 3397 1803 3450 ὑπ-

207 3487 420 3556 έμεινε.
1057 3532 1061 3537 .

289 3599 309 3630 ε
341 3578 500 3650 Φωνὴ
539 3578 772 3649 βοῶντος
830 3580 888 3633 ἐν
927 3582 995 3651 τῇ
1032 3579 1260 3651 ἐρήμῳο
1303 3579 1660 3651 Ἑτοιμάσατε
1700 3578 1799 3651 τήν

204 3674 329 3729 ὁδὸν
373 3674 604 3748 Κυρίου,
647 3672 864 3737 εὐθείας
899 3677 1102 3727 ποιεῖτε
1138 3673 1239 3737 τὰς
1263 3672 1484 3744 τρίϐους
1531 3674 1624 3728 τοῦ
1660 3673 1796 3727 Θεοῦ

205 3767 396 3838 ¹ήμῶν.
424 3786 443 3818 ι
467 3766 660 3834 Σαφῶς
688 3767 988 3838 παρίστησι
1025 3767 1099 3838 μὴ
1142 3766 1200 3820 ἐν
1235 3770 1303 3838 τῇ
1321 3766 1674 3838 Ἰερουσαλὴμ
1705 3784 1798 3835 γε·

205 3861 474 3932 γενῆσθαι
497 3861 564 3914 τά
587 3860 972 3931 θεσπιζόμενα,
1002 3859 1116 3913 ἀλλ’
1139 3859 1231 3912 ἐπὶ
1251 3859 1350 3930 τῆς
1390 3860 1598 3930 ἐρήμου
1619 3876 1632 3888 ·
1657 3859 1799 3928 λέγω

205 3955 273 4026 δὴ
312 3955 378 4008 τὸ
418 3953 748 4025 ὀφθήσεσθαι
793 3952 888 4024 τὴν
934 3951 1091 4016 δόξαν
1124 3951 1352 4022 Κυρίου,
1396 3950 1489 4004 καὶ
1538 3950 1600 4004 τὸ
1648 3950 1796 4021 πάσῃ

207 4050 380 4120 σαρκὶ
402 4046 812 4118 γνωσθήσεσθαι
831 4044 892 4098 τὸ
916 4045 1180 4116 σωτήριον
1201 4041 1296 4096 τοῦ
1317 4041 1474 4097 Θεοῦ.
1497 4043 1607 4096 Καὶ
1627 4041 1797 4096 ταῦτα

209 4138 312 4209 μὲν
349 4138 658 4207 ἐπληροῦτο
689 4136 826 4208 πρὸς
871 4136 1112 4206 ἱστορίαν
1144 4134 1238 4188 καὶ
1262 4133 1406 4200 λέξιν
1438 4135 1530 4186 ἐπὶ
1561 4132 1658 4187 τοῦ
1688 4133 1798 4185 Βα-

206 4226 442 4281 πτιστοῦ
487 4228 731 4281 Ἰωάννου
770 4225 1136 4298 κηρύσσοντος
1162 4225 1260 4297 τὴν
1295 4228 1563 4299 σωτήριον
1597 4230 1796 4299 ἐπιφά-

204 4338 362 4376 νειαν
388 4321 522 4374 Θεοῦ
557 4323 615 4372 ἐν
645 4323 712 4392 τῇ
740 4320 930 4392 ἐρήμῳ
963 4319 1056 4372 τοῦ
1099 4320 1384 4390 Ἰορδάνου,
1433 4323 1490 4374 ἐν
1611 4323 1704 4376 καὶ
1737 4323 1796 4376 τὸ

206 4414 483 4484 συηήριον
517 4410 671 4483 ῶφθη
705 4411 798 4464 τοῦ
828 4411 982 4464 Θεοῦ.
1020 4410 1195 4475 Αὐτὸς
1240 4413 1348 4484 γὰρ
1385 4415 1414 4467 6
1462 4414 1718 4485 Χριστὸς,
1757 4415 1790 4486 ἥ

203 4522 268 4560 τε
299 4506 430 4571 δόξα
457 4504 619 4558 αὐτοῦ
651 4506 762 4568 τοῖς
791 4505 954 4557 πᾶσιν
980 4503 1247 4575 ἐγνώσθη,
1281 4506 1371 4558 ὅτε
1405 4504 1792 4576 βαπτισθέντος
1827 4535 1872 4594 υ

206 4596 400 4661 αὐτοῦ,
453 4595 780 4666 ἠνοίχθησαν
823 4598 870 4649 οἱ
923 4596 1161 4668 οὐρανοὶ,
1211 4595 1305 4650 καὶ
1349 4597 1410 4650 τὸ
1453 4597 1677 4670 Πνεῦμα
1729 4599 1791 4653 τὸ

207 4691 368 4758 ἅγιον
394 4691 454 4742 ἐν
478 4688 607 4742 εῖδει
635 4689 962 4759 περιστερᾶς
987 4687 1229 4742 καταϐὰν
1261 4687 1471 4759 ἔμεινεν
1493 4691 1580 4742 ἐπ’
1601 4691 1786 4755 αὐτοῦ,

206 4781 364 4851 φωνή
390 4797 451 4832 τε
477 4779 676 4851 ἠνέχθη
709 4779 950 4852 πατρικὴ
975 4778 1054 4849 τῷ
1085 4779 1199 4851 Υἱῷ
1231 4781 1600 4852 μαρτυροῦσα·
1637 4801 1655 4833 ι
1693 4777 1791 4837 Οὗ-

204 4874 299 4937 τός
340 4874 491 4925 ἐστιν
521 4874 549 4925 6
581 4872 708 4935 Υἱός
744 4890 844 4944 μου
874 4874 904 4925 6
941 4873 1242 4945 ἀγαπητὸς,
1277 4872 1441 4928 αὑτοῦ
1472 4873 1718 4930 ἀκούετε.
1765 4895 1784 4928 ι

219 4966 308 5030 Ὦς
355 4964 466 5036 γάρ
507 4964 791 5035 μέλλοντος
819 4965 1102 5036 ἐπιδημεῖν
1127 4968 1193 5039 τῇ
1235 4969 1427 5039 ἐρήμῳ
1480 4969 1575 5022 καὶ
1614 4971 1680 5040 τῇ
1727 4969 1786 5036 ἐξ

208 5059 407 5122 αἰῶνος
440 5056 627 5128 ἀϐάτῳ
671 5057 763 5112 τοῦ
802 5057 959 5121 Θεοῦ,
1005 5057 1179 5111 ταῦτα
1211 5058 1447 5128 ἐλέγετο.
1486 5055 1595 5113 Ἦν
1633 5061 1690 5115 δὲ
1719 5061 1790 5116 τά

1907 1925 2017 1980 Ιιιιη
2050 1930 2316 1986 consolari
2351 1932 2755 2002 praecipiuntur,
2783 1940 2968 2001 utpote
2993 1931 3086 2003 qui
3111 1934 3486 1991 consolatione

1907 2033 2040 2086 opus
2079 2019 2298 2074 habeat.

1985 2131 2003 2165 ι
2035 2112 2173 2179 Quia
2204 2113 2403 2182 repleta
2439 2123 2523 2169 est
2573 2115 2878 2172 humiliatio
2926 2114 3042 2185 ejus
3077 2132 3090 2168 :
3124 2115 3357 2170 solutum
3399 2127 3484 2172 est

1907 2215 2190 2276 peccatum
2214 2205 2378 2270 illius,
2411 2206 2666 2273 quoniam
2689 2206 2928 2277 suscepit
2970 2209 3034 2262 de
3071 2223 3230 2261 manu
3271 2207 3483 2262 Domini

1907 2296 2137 2367 duplicia
2167 2308 2386 2366 peccata
2414 2314 2529 2352 sua.
2567 2317 2585 2350 ι
2633 2298 2739 2352 Par
2773 2309 2855 2354 est
2893 2309 2952 2354 ut
2985 2299 3200 2354 demum
3231 2299 3483 2354 consola-

1909 2389 2106 2443 tionem
2137 2389 2400 2452 obtineat,
2430 2388 2500 2442 ob
2533 2388 2934 2444 illucescentem
2981 2389 3077 2444 ιοιί
3121 2390 3355 2444 humano
3387 2405 3482 2460 ge-

1907 2477 2021 2533 neri
2053 2479 2173 2532 novi
2201 2475 2496 2532 Salvatoris
2530 2479 2839 2532 adventum.
2878 2478 3079 2548 Duplex
3111 2493 3242 2533 vero
3273 2479 3481 2548 δυρριί-

1905 2570 2047 2636 cium
2077 2569 2225 2623 cordi
2250 2567 2551 2623 Jerusalem
2585 2565 2843 2622 inﬂictum
2869 2568 3020 2624 dicas
3057 2589 3068 2624 :
3108 2577 3216 2628 tum
3247 2570 3372 2638 quia
3395 2583 3480 2624 se-

1904 2660 2140 2716 cundum
2167 2660 2450 2714 historiam
2478 2659 2759 2714 memorati
2788 2660 3034 2716 homines
3060 2661 3128 2715 ab
3163 2659 3480 2730 alienigenis

1903 2754 2158 2824 gentibus
2179 2753 2446 2824 oppressi,
2481 2753 2532 2806 in
2569 2763 2778 2822 partem
2814 2751 3141 2808 calamitatis
3171 2754 3350 2824 populi
3389 2768 3479 2808 ve-

1906 2847 2162 2912 niebant;
2215 2854 2327 2900 tum
2359 2849 2484 2916 quia
2521 2847 2818 2902 secundum
2867 2855 3102 2901 mentem
3135 2849 3201 2902 de
3233 2848 3479 2904 multitu-

1903 2939 2045 2994 dinis
2078 2939 2380 3011 abjectione
2423 2939 2615 2995 ﬂentes
2663 2954 2728 2994 ac
2760 2938 3048 2995 multorum
3105 2940 3395 3010 perniciem
3423 2950 3480 2996 et

1902 3033 2125 3087 exitium
2166 3032 2428 3103 lugentes,
2470 3047 2591 3088 sese
2615 3032 3004 3088 macerabant:
3039 3031 3168 3101 quin
3201 3021 3479 3088 etiamse-

1900 3125 2079 3181 cuudo
2110 3127 2333 3182 obsessa
2363 3125 2723 3198 Jerosolyma,
2755 3125 2827 3180 ita
2855 3134 2913 3180 ut
2939 3126 3196 3196 templum
3223 3129 3340 3196 ejus
3365 3126 3487 3183 solo

1905 3227 2232 3288 aequaretur,
2273 3219 2468 3294 duplex
2511 3219 2773 3274 scelerum
2825 3219 2892 3274 ab
2937 3233 2997 3274 se
3044 3228 3478 3289 perpetratorum

1903 3312 2224 3382 supplicium
2257 3312 2376 3367 luit.

1975 3575 2136 3632 Vsus.
2172 3575 2227 3631 5.
2254 3574 2369 3630 Vox
2408 3574 2694 3631 clamantis
2737 3575 2789 3630 in
2826 3575 3068 3639 deserto.
3102 3573 3301 3630 Parate
3333 3575 3476 3631 viam

1907 3670 2138 3735 Domini,
2176 3679 2351 3724 rectas
2390 3668 2554 3724 facite
2597 3669 2820 3725 semitas
2857 3670 2951 3724 Dei
2999 3671 3187 3725 nostri.
3223 3689 3245 3724 ι
3278 3672 3476 3739 Aperte

1902 3761 2142 3816 declarat
2184 3777 2268 3830 ea,
2300 3777 2420 3832 quae
2465 3762 2519 3817 in
2561 3762 2818 3818 vaticinia
2855 3761 3124 3828 feruntur,
3157 3777 3263 3817 non
3316 3759 3476 3817 Jers-

1901 3855 2142 3925 solymae,
2195 3855 2289 3909 sed
2316 3855 2369 3908 in
2397 3855 2613 3909 deserto
2643 3856 2879 3924 gerenda
2911 3870 3033 3910 esse
3059 3873 3072 3922 ;
3110 3870 3304 3925 nempe
3331 3855 3475 3926 quod

1901 3947 2140 4003 futurum
2171 3947 2264 4012 sit,
2293 3956 2350 4002 ut
2383 3947 2551 4018 gloria
2589 3948 2798 4002 Domini
2843 3957 3120 4017 appareat,
3149 3957 3204 4002 et
3237 3947 3476 4005 salutare

1903 4040 1995 4094 Dei
2029 4042 2078 4094 in
2104 4039 2282 4096 omnis
2309 4040 2490 4094 carnis
2515 4040 2759 4094 notitiam
2793 4043 2978 4095 veniat
3019 4041 3083 4094 Et
3112 4039 3228 4096 haec
3257 4043 3474 4111 quidem

1901 4134 2195 4188 secundum
2243 4133 2525 4188 historiam
2565 4140 2620 4187 et
2668 4133 2734 4186 ad
2778 4136 3024 4198 verbum,
3080 4145 3208 4191 tunc
3255 4136 3475 4207 impleta

1897 4234 2043 4289 sunt,
2069 4239 2192 4278 cum
2228 4223 2468 4280 Joannes
2505 4224 2745 4294 Baptista
2794 4227 3086 4282 salutarem
3133 4228 3225 4285 Dei
3273 4233 3475 4286 adven-

1900 4326 2010 4369 tum
2045 4315 2353 4384 pra'dicavit
2410 4316 2463 4370 in
2509 4318 2726 4373 deserto
2755 4316 3028 4385 Iordanis,
3091 4322 3177 4376 ubi
3239 4323 3474 4378 salutare

1899 4409 1993 4463 Dei
2035 4409 2209 4464 visum
2261 4408 2380 4464 fuit.
2429 4408 2561 4462 Nam
2603 4420 2730 4465 tunc
2784 4410 3029 4466 Christus
3056 4411 3275 4482 ejusque
3303 4414 3471 4484 gloria

1897 4503 2152 4557 omnibus
2201 4501 2452 4566 innotuit,
2484 4518 2628 4567 cum,
2659 4503 2774 4572 ipso
2801 4504 3098 4573 baptizato,
3125 4505 3295 4572 aperti
3345 4515 3474 4561 sunt

1898 4598 2044 4664 caeli,
2075 4605 2129 4651 et
2153 4595 2389 4666 Spiritus
2412 4605 2633 4650 sanctus
2663 4597 2712 4650 in
2745 4597 3011 4650 columbae
3034 4597 3213 4665 specie
3243 4597 3474 4651 descen-

1899 4689 2055 4754 dens,
2090 4701 2252 4756 super
2302 4700 2369 4741 eo
2399 4687 2618 4754 insedit,
2657 4697 2989 4757 pateruaque
3012 4704 3115 4743 vox
3153 4688 3330 4744 delata
3363 4701 3468 4754 est,

1898 4778 2036 4833 Filio
2065 4779 2429 4835 testimonium
2457 4779 2709 4844 reddens,
2744 4799 2762 4831 ι
2793 4780 2890 4836 llic
2918 4789 2998 4836 est
3025 4781 3194 4837 Filius
3216 4797 3368 4838 tuens
3391 4784 3470 4838 di-

1897 4871 2091 4935 lectus.
2149 4871 2319 4942 ipsum
2360 4873 2540 4927 audite
2569 4873 2633 4927 “.
2675 4891 2695 4926 ι
2744 4872 2870 4928 Haec
2903 4875 3098 4944 quippe
3130 4875 3471 4940 dicebantur,

1895 4963 2022 5035 quia
2051 4963 2192 5019 Deus
2217 4965 2270 5018 in
2303 4964 2598 5030 desertum,
2641 4979 2671 5018 a
2700 4964 2897 5019 saeculo
2938 4965 3257 5034 impervium
3285 4976 3338 5019 et
3387 4967 3474 5020 in-

1895 5072 2195 5120 accessum,
2251 5057 2584 5112 adventurus
2629 5068 2769 5114 erat.
2841 5058 3010 5112 Erant
3065 5074 3228 5128 porro
3284 5069 3476 5128 gentes

207 5151 337 5220 εθνη
373 5151 554 5204 πάντα
585 5150 765 5220 ἔρημα
795 5149 930 5203 Θεοῦ
978 5149 1250 5218 γνώσεως,
1294 5151 1388 5204 καὶ
1430 5151 1608 5206 ἄϐατα
1652 5155 1786 5207 πᾶσι

1907 5165 2078 5204 unues
2150 5148 2245 5203 Dei
2312 5150 2626 5221 cognitione
2702 5164 2906 5215 vacum,
2959 5165 2989 5203 a
3025 5164 3252 5218 quarum
3323 5149 3473 5202 aditu

203 5245 321 5305 τοῖς
363 5239 462 5294 τοῦ
510 5239 645 5294 Θεοῦ
692 5240 916 5304 δικαίοις
958 5258 1017 5293 τε
1061 5241 1154 5294 καὶ
1194 5243 1498 5312 προφήταις
1543 5243 1787 5314 ἀνδράσι.

1891 5258 2081 5299 omnes
2101 5243 2230 5312 justi
2257 5243 2353 5299 Dei
2372 5259 2434 5298 ac
2455 5245 2731 5314 propheta
2750 5245 3094 5298 arcebantur.
3111 5242 3474 5311 Quamobrem

208 5332 412 5401 Διόπερ
443 5331 477 5402 ἡ
511 5330 663 5402 φωνὴ
701 5330 1134 5402 παρακελεύεται
1176 5331 1290 5384 ὁδὸν
1331 5333 1673 5404 εὐτρεπίζειν
1710 5335 1790 5406 τῷ

1918 5338 2044 5390 ubet
2073 5350 2176 5390 vox
2213 5335 2325 5401 illa,
2373 5336 2514 5390 viam
2558 5351 2751 5407 parare
2795 5335 2891 5391 Dei
2935 5335 3138 5400 Verbo,
3167 5345 3223 5391 et
3270 5335 3474 5390 inviam

208 5424 299 5477 τοῦ
333 5422 475 5478 Θεοῦ
504 5422 679 5494 Λόγῳ,
702 5423 795 5477 καὶ
821 5423 919 5495 τήν
951 5423 1150 5479 ἄϐατον
1176 5424 1270 5478 καὶ
1298 5428 1557 5498 τραχεῖαν
1583 5428 1610 5480 6
1617 5427 1791 5498 μαλήν

213 5518 407 5582 ποιεῖν,
438 5515 506 5570 tv‘
541 5516 704 5587 ἐπιϐῇ
735 5516 1078 5589 ἐπιδημήσας
1105 5517 1136 5569 6
1167 5517 1300 5581 Θεὸς
1328 5516 1508 5590 ήμῶν.
1549 5537 1569 5571 ι
1617 5519 1788 5577 Ἑτοι-

217 5610 424 5680 μάσατε
460 5605 562 5679 τὴν
591 5607 708 5660 ὁδὸν
738 5607 962 5678 Κυρίου·
1006 5627 1024 5659 ι
1066 5607 1308 5660 τουτέστι
1342 5607 1404 5662 τὺ
1433 5609 1787 5679 εὐαγγελικὸν

283 5809 329 5842 ⁸³
352 5807 510 5865 Joan.
552 5824 665 5868 xlv.
700 5808 786 5865 16.
873 5811 914 5842 ⁹¹
946 5809 1136 5866 Matth.
1159 5825 1238 5873 ιιι,
1277 5809 1360 5866 17.

1897 5440 2256 5498 asperamque
2310 5427 2680 5498 complanare,
2736 5437 2792 5483 ut
2857 5445 2920 5484 eo
2978 5428 3270 5484 adveniens
3333 5427 3470 5482 Deus

1898 5533 2084 5578 noster
2130 5521 2380 5592 progredi
2417 5521 2612 5577 valeat.
2653 5539 2672 5573 ι
2715 5520 2910 5577 Parate
2951 5522 3092 5577 viam
3143 5520 3397 5582 Domini;
3449 5539 3466 5572 ι

1894 5630 1957 5670 ea
1985 5622 2070 5671 est
2115 5613 2422 5686 evangelica
2460 5613 2792 5686 pradieatio,
2848 5631 3094 5687 novaque
3147 5614 3470 5682 consolatio,
