3880 6216
447 317 553 373 567

1123 307 1396 367 ευεειιιι
1431 306 1910 367 CESARJENSIS
1946 305 2097 365 OPP.
2136 306 2315 365 PARS
2354 306 2441 365 lii.
2481 339 2555 350 —
2589 306 3002 365 EXEGETICA.
3050 303 3057 311 ’

3597 304 3704 362 368

448 444 568 501 qua:
589 429 823 484 salutare
850 428 941 483 Dei
979 427 1034 481 in
1078 426 1319 481 omnium
1346 424 1627 482 hominum
1655 424 1898 482 notitiam
1932 440 2009 483 vet

2127 427 2411 499 κήρυγμα,
2439 427 2474 498 ἠ
2506 426 2667 498 καινὴ
2698 425 3043 497 παράκλησις
3071 419 3229 493 αῦτη,
3258 422 3292 493 ἠ
3318 421 3484 477 πᾶσιν
3504 419 3705 492 ἀνθρώ-

444 523 561 576 nire
584 526 828 589 exaptat.

512 696 716 754 Deinde
748 712 898 760 vero,
933 693 988 751 in
1020 689 1287 764 profundo
1317 694 1538 749 malitia:
1588 695 1872 760 depressas
1901 697 2020 749 ani-

441 806 556 843 mas
587 790 812 853 excitat,
844 790 928 845 his
971 787 1170 842 additis
1200 787 1414 841 verbis:

514 880 679 937 Vens.
711 881 766 935 4.
825 899 843 931 ‹
875 881 1064 936 Omnis
1097 880 1253 936 vallis
1294 882 1622 949 implebitur.
1681 900 1700 935 ι
1761 881 2020 951 Superbia

440 989 569 1029 vero
617 973 724 1028 illis
757 973 1067 1038 animabus,
1115 988 1236 1041 qua:
1276 982 1466 1032 contra
1520 973 1612 1026 Dei
1655 974 2016 1039 cognitionem

441 1082 563 1123 sese
608 1068 914 1137 erigebant,
964 1068 1296 1123 contrarium
1352 1077 1672 1121 eventurum
1709 1083 1830 1122 esse
1863 1069 2052 1123 docet.

440 1159 526 1213 his
548 1159 759 1215 verbis:
788 1177 805 1209 ι
828 1159 894 1212 Ει
920 1159 1101 1213 omnis
1130 1173 1285 1213 mons
1307 1168 1360 1214 et
1382 1159 1537 1214 collis
1567 1160 1969 1225 humiliabitur;
1992 1179 2011 1212 ι

441 1249 533 1303 sed
561 1251 744 1315 etiam,
771 1250 1144 1320 inquit,ernnt
1172 1269 1191 1303 ι
1222 1251 1403 1305 omnia
1429 1262 1669 1306 tortuosa
1702 1252 1755 1305 in
1788 1260 2014 1317 rectam,

440 1352 495 1397 ct
532 1357 720 1412 aspera
754 1344 804 1395 in
848 1343 1120 1412 planities.
1146 1362 1176 1394 ον
1217 1342 1316 1398 llic
1357 1357 1602 1413 asperam
1632 1343 1867 1397 animam
1903 1342 2012 1412 pla-

441 1451 562 1488 nam
592 1430 729 1488 elﬁci
771 1432 951 1502 jubet,
987 1443 1046 1486 ut
1074 1433 1359 1489 adventum
1399 1433 1497 1488 Dei
1526 1434 1779 1502 excipere
1821 1432 2013 1488 valeat.

511 1610 674 1667 Vsus.
797 1631 816 1664 ι
852 1610 920 1666 Et
952 1612 1220 1666 videbitur
1248 1612 1415 1681 gloria
1446 1613 1678 1676 Domini,
1727 1621 1783 1669 et
1814 1612 2014 1668 videbit

2124 536 2249 583 ποις
2296 518 2710 590 γνωσθήσεσθαι
2749 517 2811 570 τὸ
2860 516 3128 587 σωτήριον
3177 513 3272 567 τοῦ
3322 512 3459 567 Θεοῦ
3508 511 3707 583 ἐπιζη-

2127 622 2305 662 τουσα.

2193 695 2326 753 Εἶτα
2350 698 2608 771 διεγείρει
2632 697 2732 762 τὰς
2753 698 2813 750 ἐν
2837 695 2988 770 βάθει
3008 695 3205 760 κακίας
3226 694 3705 767 τεταπεινωμένας

2122 791 2321 863 ψυχάς,
2356 789 2623 858 ἐπιλέγων
2639 805 2653 818 ’
3370 791 3379 795 ’

2195 902 2215 935 ι
2252 884 2409 937 Πᾶσα
2438 881 2654 954 φάραγξ
2685 878 3120 953 πληρωθήσεται.
3158 898 3182 929 ν
3221 877 3334 931 Καὶ
3372 876 3473 941 τάς
3527 877 3699 949 ὑπερς

2119 975 2356 1048 ηφάνους
2378 991 2438 1027 τε
2464 974 2557 1027 καὶ
2575 971 3007 1045 ὑπεραιρομένας
3037 969 3177 1024 κατὰ
3205 970 3305 1040 τῆς
3324 967 3577 1037 γνώσεως
3602 966 3698 1021 τοῦ

2119 1068 2255 1122 Θεοῦ
2284 1067 2345 1122 τὸ
2377 1066 2618 1120 ἐναντίον
2665 1063 2949 1118 πείσεσθαι
2997 1063 3235 1117 διδάσκει
3285 1062 3489 1130 λέγων·
3526 1080 3546 1112 ι
3585 1060 3699 1115 Καὶ

2120 1162 2227 1215 πᾶν
2248 1160 2372 1231 ὅρος
2398 1160 2492 1213 καὶ
2506 1159 2691 1231 βουνὸς
2710 1154 3175 1226 ταπεινωθήσεται
3198 1175 3214 1204 ι
3243 1153 3377 1207 ἀλλὰ
3406 1153 3499 1206 καὶ
3519 1152 3698 1219 ἔσται,

2123 1273 2142 1307 t
2182 1254 2366 1307 Πάντα
2395 1253 2463 1306 τά
2497 1251 2705 1316 σκολιά,
2744 1271 2762 1304 ι
2794 1251 2980 1320 φησιν,
3021 1268 3039 1300 ε
3079 1251 3161 1312 είς
3219 1246 3450 1311 εὐθεῖαν,
3511 1246 3608 1300 καὶ
3658 1245 3697 1319 ἠ

2116 1351 2343 1421 τραχεῖα
2365 1349 2445 1409 είς
2477 1346 2652 1401 πεδία.
2687 1365 2703 1396 ι
2740 1346 2850 1398 Καὶ
2871 1342 2966 1415 τὴν
2990 1344 3248 1414 τραχεῖαν
3274 1340 3332 1394 δὲ
3356 1338 3539 1410 ψυχὴν
3559 1341 3697 1409 όμαρ-

2116 1440 2212 1512 λὴν
2252 1437 2497 1509 γίνεσθαι
2530 1436 2878 1508 προστάττει,
2915 1434 2990 1497 ὡς
3020 1432 3086 1486 ἂν
3108 1431 3329 1500 δεκτικὴ
3360 1428 3569 1497 γένοιτο
3594 1425 3696 1498 τῆς

2115 1533 2421 1595 ὲπιόάσεως
2444 1529 2539 1584 τοῦ
2570 1528 2727 1583 Θεοῦ.

2192 1644 2210 1675 ε
2251 1625 2359 1677 Kal
2390 1623 2685 1693 ὀφθήσεται
2724 1622 2758 1692 ἡ
2791 1617 2918 1685 δόξα
2945 1616 3171 1688 Κυρίου,
3202 1616 3294 1670 καὶ
3324 1615 3510 1685 ὄψεται
3540 1615 3694 1668 πᾶσα

441 1703 614 1757 omnis
636 1718 761 1757 caro
785 1702 1020 1757 salutare
1051 1701 1166 1766 Dei,
1201 1716 1324 1771 quia
1349 1703 1605 1759 Dominus
1625 1703 1835 1758 locutus
1859 1711 1961 1757 est.
1988 1720 2009 1755 ι

2122 1711 2253 1785 σὰρξ
2284 1712 2344 1765 τὺ
2394 1712 2659 1782 σωτήριον
2699 1709 2793 1762 τοῦ
2825 1706 2980 1770 Θεοῦ,
3024 1706 3105 1759 ὅτι
3148 1705 3350 1777 Κύριος
3381 1703 3632 1774 ὲλᾶλησε.
3667 1722 3688 1754 ι

427 1793 580 1849 Εετο
607 1801 787 1848 autem
818 1802 975 1847 erant
1010 1793 1258 1849 homines
1298 1808 1509 1857 omnes,
1554 1795 1645 1863 qui
1680 1795 2009 1849 solummodo

2122 1804 2262 1877 Σάρξ
2305 1804 2362 1857 δὲ
2386 1798 2527 1874 ἦσαν
2557 1804 2604 1854 οἰ
2633 1801 2786 1855 αὐτοὶ
2822 1798 2980 1870 μόνον
3013 1798 3278 1870 σάρκινοι,
3315 1796 3409 1849 καὶ
3436 1793 3692 1865 οὐδαμῶς

440 1883 644 1951 carnei,
666 1883 907 1954 Spiritus
957 1884 1131 1939 sancti
1176 1885 1468 1956 participes
1496 1885 1803 1940 nullatenus
1835 1896 2009 1941 erant.

444 1996 464 2031 ι
499 1977 633 2045 Quia
661 1976 917 2031 Dominus
963 1977 1172 2031 locutus
1201 1986 1317 2031 est:
1356 1995 1376 2028 ι
1409 1977 1628 2030 ntcntirl
1648 1977 1799 2031 enim
1827 1977 2015 2048 nequit

440 2066 506 2129 is,
542 2065 633 2134 qui
663 2064 927 2134 promisit.

513 2154 673 2211 Vens.
700 2155 818 2211 6-8.
848 2173 867 2208 ι
896 2154 1296 2219 γοισόίεεηιίε,
1344 2153 1556 2210 Clama.
1601 2155 1669 2211 Et
1701 2146 1835 2226 dixi,
1873 2158 2012 2225 Quid

437 2247 723 2303 clamabo?
745 2246 930 2303 Omnis
952 2248 1083 2302 caro
1100 2246 1312 2311 ’l‘entun,
1336 2248 1585 2303 etomnis
1625 2250 1795 2319 gloria
1832 2251 2010 2306 homi-

437 2342 543 2407 nis,
584 2340 723 2396 sicut
759 2337 856 2395 ﬂos
887 2339 1014 2393 l‘eni.
1054 2338 1280 2393 Exaruit
1318 2338 1522 2406 fenum,
1552 2351 1608 2395 et
1640 2341 1740 2397 ﬂos
1775 2344 2008 2399 decidit:

437 2430 660 2484 verbum
691 2436 871 2482 autem
909 2427 1001 2482 Dei
1037 2428 1207 2482 nostri
1248 2439 1430 2482 manet
1453 2429 1506 2483 in
1535 2440 1820 2490 internum.
1843 2433 2011 2492 tch

435 2518 634 2590 quippe
663 2518 926 2573 universae
952 2517 1133 2574 carnis
1166 2530 1360 2573 natura
1388 2530 1494 2587 est,
1535 2536 1746 2578 necnon
1774 2524 2011 2583 hominis

438 2609 725 2680 imaginem
758 2609 956 2663 terreni
985 2607 1231 2676 ferentis,
1258 2611 1505 2668 videlicet
1534 2629 1730 2684 corpus
1753 2617 2007 2682 amantis,

435 2709 491 2754 et
527 2698 821 2755 secundum
855 2714 1076 2755 carnem
1105 2702 1337 2758 viventis
1371 2719 1386 2756 :
1417 2721 1540 2760 nam
1593 2708 1817 2776 perinde
1847 2720 2010 2780 atque

435 2789 618 2845 fenum
671 2799 831 2844 terra:
883 2806 947 2846 ac
991 2793 1219 2861 speciosi
1254 2793 1437 2861 ﬂores,
1482 2798 1551 2851 ad
1598 2798 1760 2854 breve
1797 2810 2008 2870 tempus

428 2881 612 2948 ﬂoret,
634 2892 689 2938 et
721 2884 917 2939 decore
953 2885 1199 2952 nitescit;
1247 2904 1348 2943 nec
1379 2890 1467 2945 diu
1507 2902 1714 2961 postea,
1747 2896 1817 2949 ob
1856 2896 2011 2949 intlr-

428 2990 580 3028 mam
618 2983 674 3029 et
719 2972 917 3029 ﬂuxam
963 2987 1211 3031 naturam
1251 2983 1537 3036 marcescit
1565 3000 1578 3036 :
1603 2985 1743 3053 quod
1775 2984 1859 3040 his
1889 3000 2009 3040 ver-

2115 1894 2431 1966 Πνεύματος
2486 1893 2644 1961 ἁγίου
2692 1891 2906 1963 μέτοχοι
2941 1891 3140 1952 πάντες
3170 1886 3467 1959 ἄνθρωποι.
3505 1905 3525 1936 ε
3567 1886 3695 1940 Ὀτι
3726 1916 3729 1921 π

2112 1989 2314 2061 Κύριος
2342 1986 2621 2056 ἐλάλησεν·
2651 2003 2669 2037 ι
2703 1982 2938 2054 ἀψευδὴς
2964 1983 3071 2051 γάρ
3090 1982 3118 2033 6
3142 1977 3633 2048 ἐπαγγειλάμενος.

2188 2186 2207 2219 ι
2241 2167 2395 2238 Φωνὴ
2442 2163 2710 2232 λέγοντος,
2762 2160 2986 2231 Βόησον.
3034 2158 3145 2212 Καὶ
3185 2152 3336 2220 εἶπα,
3369 2157 3433 2210 Τί
3476 2155 3689 2228 βοήσως

2112 2259 2268 2313 Πᾶσα
2295 2255 2431 2326 σὰρξ
2452 2256 2661 2328 χόρτος,
2685 2253 2779 2308 καὶ
2801 2254 2949 2306 πᾶσα
2968 2249 3091 2316 δόξα
3108 2248 3395 2320 ἀνθρώπου
3428 2249 3502 2312 ὡς
3527 2246 3694 2311 ἄνθος

2110 2351 2326 2422 χόρτου.
2373 2346 2673 2418 Ἑξηράνθη
2712 2348 2741 2399 6
2765 2345 2978 2416 χόρτος,
3014 2343 3108 2395 καὶ
3152 2340 3213 2393 τὸ
3245 2339 3405 2402 ἄνθος
3429 2338 3686 2405 ἐξέπτεσε⁸

2109 2443 2171 2496 τὸ
2210 2441 2268 2496 δὲ
2308 2443 2459 2513 ῥῆμα
2500 2439 2594 2492 τοῦ
2635 2437 2769 2494 Θεοῦ
2805 2435 2959 2508 ἡμῶν
3007 2434 3155 2506 μένει
3183 2435 3264 2497 είς
3301 2433 3394 2486 τὸν
3426 2433 3617 2486 αίῶνα.
3663 2451 3685 2484 ι

2100 2535 2259 2606 Αὕτη
2301 2533 2430 2604 γοῦν
2474 2533 2592 2586 ἐστι
2642 2530 2823 2601 πάσης
2866 2527 3068 2598 σαρκὸς
3114 2525 3272 2596 φύσις
3321 2524 3415 2578 καὶ
3454 2522 3547 2577 τοῦ
3585 2523 3692 2594 τὴν

2109 2627 2294 2681 εἰκόνα
2323 2625 2416 2679 τοῦ
2442 2622 2627 2695 χοϊκοῦ
2658 2623 2913 2693 φέροντος
2959 2617 3269 2689 ἀνθρώπου,
3304 2615 3449 2685 λέγω
3486 2614 3551 2686 δὴ
3588 2611 3690 2668 τοῦ

2111 2717 2492 2789 φιλοσωμάτω
2546 2716 2638 2769 καὶ
2681 2713 2774 2767 τοῦ
2818 2710 2958 2766 κατὰ
3008 2711 3184 2781 σάρκα
3226 2706 3446 2773 ζῶντος·
3485 2705 3692 2776 ὁμοίως

2109 2810 2241 2880 γοῦν
2285 2808 2363 2880 τῷ
2406 2807 2584 2879 χόρτῳ
2627 2804 2725 2876 τῆς
2768 2805 2890 2875 γῆς,
2942 2801 3036 2855 καὶ
3078 2803 3190 2863 τοῖς
3226 2798 3450 2871 ὡραίοις
3500 2796 3693 2852 ἄνθεσι

2111 2896 2248 2969 πρὸς
2281 2894 2452 2966 βραχὺ
2486 2892 2668 2947 θάλλει
2699 2891 2794 2944 καὶ
2830 2888 3145 2961 ὡραΐζεται,
3190 2882 3288 2939 εἶτ’
3326 2887 3425 2939 οὐκ
3463 2886 3544 2949 είς
3578 2902 3691 2956 μα-

2110 2989 2249 3061 κράν
2280 2987 2384 3039 ὑπὸ
2417 2984 2515 3056 τῆς
2548 2983 2781 3038 ἀστάτου
2827 2980 2921 3034 καὶ
2956 2979 3187 3051 ῥευστῆς
3220 2976 3433 3046 φύσεως
3470 2977 3693 3047 ἀπομα-

438 3067 520 3120 bis
562 3066 842 3137 Scriptura
871 3068 1056 3134 docet,
1093 3087 1112 3119 ι
1144 3068 1367 3125 Exaruit
1403 3070 1609 3140 fenum,
1643 3085 1699 3129 et
1739 3073 1838 3132 ﬂos
1867 3078 2009 3133 deci-

2122 3080 2384 3153 ραίνεται·
2413 3079 2549 3146 ὅπερ
2578 3075 2813 3128 διδάσκει
2868 3075 2901 3145 ἡ
2952 3072 3138 3145 Γραφὴ
3179 3072 3446 3140 λέγουσα·
3499 3087 3520 3120 ι
3565 3067 3691 3134 Ἐξ-

432 3159 534 3212 dit.
556 3176 586 3211 ν»
1462 3182 1498 3211 σε

511 3250 674 3305 Vsus.
698 3249 753 3306 9.
782 3267 802 3301 ι
841 3249 1019 3319 Super
1057 3262 1294 3308 montem
1322 3254 1598 3311 excelsum
1630 3259 1882 3325 ascende,
1914 3260 2007 3330 qui

434 3340 780 3412 cvangelizas
804 3340 961 3401 Sion.
989 3343 1175 3398 Exalta
1200 3345 1252 3398 in
1280 3344 1595 3404 fortitudine
1616 3364 1802 3404 vocem
1836 3361 2004 3415 tuam,

433 3435 528 3506 qui
573 3438 910 3509 evangelizas
965 3438 1286 3495 Jerusalem.
1345 3459 1366 3493 ι
1427 3440 1553 3495 llaec
1606 3442 2005 3510 prmissoruut

435 3529 719 3584 sententia:
783 3529 1028 3600 apprime
1073 3532 1434 3598 conveniunt,
1490 3543 1655 3603 atque
1708 3545 2020 3601 opportune.

430 3620 886 3690 evangelistarum
916 3624 1245 3679 mentionem
1273 3622 1500 3688 faciunt,
1523 3633 1577 3679 et
1593 3624 1881 3679 adventum
1913 3623 2006 3680 Dei

433 3710 502 3763 ad
533 3710 1151 3777 hominesannuntiant,
1213 3724 1496 3782 postquam
1539 3713 1606 3767 de
1643 3727 1773 3769 voce
1815 3713 1868 3768 in
1913 3713 2009 3768 de-

434 3810 580 3856 serto
607 3802 874 3858 clamante
912 3818 1092 3858 sermo
1123 3804 1340 3858 habitus
1392 3811 1494 3858 est.
1526 3803 1743 3859 Atenim
1773 3807 2007 3875 prophe-

434 3895 563 3948 tiam
607 3895 675 3950 de
726 3894 933 3951 Joanne
976 3894 1241 3966 Baptista,
1299 3897 1750 3968 evangelistarutn
1803 3900 2004 3955 mentio

432 3998 801 4057 congruenter
827 3988 1176 4058 sequebatur.
1228 3988 1489 4055 Quaenam
1530 3989 1690 4060 igitur
1729 3992 1842 4045 haec
1871 3989 2001 4047 Sion

431 4090 548 4147 est,
591 4083 695 4137 nisi
735 4097 857 4152 qua:
892 4094 1047 4138 antea
1077 4081 1377 4138 Jerusalem
1400 4084 1733 4138 vocabatur?
1782 4083 1916 4140 Nam
1946 4095 2003 4142 et

429 4171 544 4241 ipsa
573 4187 729 4229 mons
773 4185 913 4238 crat,
958 4177 1100 4245 quod
1141 4175 1382 4229 declarat
1443 4176 1723 4245 Scriptura
1757 4176 1846 4231 illa
1878 4192 2001 4247 quae

429 4265 604 4319 dicit:
636 4282 655 4316 ι
684 4264 836 4321 Mons
885 4264 1015 4320 Sion
1076 4266 1185 4331 hic,
1243 4268 1293 4320 in
1330 4282 1436 4337 quo
1493 4269 1747 4323 habitasti
1775 4270 1846 4337 ";
1890 4288 1908 4321 ι
1945 4280 2002 4327 ει

2111 3169 2324 3243 ηράνθη
2353 3170 2380 3222 ό
2405 3168 2617 3239 χόρτος,
2645 3167 2740 3220 καὶ
2765 3165 2826 3219 τὸ
2852 3164 3011 3228 ἄνθος
3041 3163 3310 3229 ἐξέπεσεν.
3357 3181 3377 3213 ι

2187 3279 2207 3313 ι
2274 3260 2388 3313 Ἐπ’
2423 3259 2547 3330 ὄρος
2591 3257 2791 3329 ὑψηλὸν
2834 3255 3063 3327 ἀνάϐηθι
3115 3255 3144 3307 6
3198 3251 3687 3323 εὐαγγελιζόμενος

2102 3352 2268 3406 Σιών.
2307 3351 2560 3421 ’Υψωσον
2588 3352 2654 3421 τῇ
2690 3348 2833 3420 ἰσχύϊ
2860 3346 2956 3419 τὴν
2993 3348 3174 3418 φωνήν
3202 3363 3315 3408 σου,
3342 3347 3372 3398 6
3397 3340 3690 3414 εὐαγγελι-

2109 3441 2334 3515 ζόμενος
2377 3440 2749 3514 Ἰερουσαλήμ.
2807 3460 2825 3492 ι
2868 3440 3080 3509 Σφόδρα
3122 3438 3217 3491 καὶ
3255 3435 3427 3489 ταῦτα
3466 3437 3532 3504 τῇ
3574 3434 3691 3489 τῶν

2107 3532 2513 3604 προλεχθεντων
2535 3530 2724 3583 ἕπεται
2742 3528 2969 3599 διανοίᾳ,
2992 3526 3262 3597 εὐκαίρως
3281 3527 3375 3579 καὶ
3397 3524 3505 3577 τῶν
3526 3524 3690 3591 εὐαγ-

2105 3624 2368 3695 γελιστῶν
2418 3623 2635 3695 μνήμην
2687 3620 3003 3691 ποιούμενα,
3054 3618 3148 3671 καὶ
3198 3617 3498 3689 παρουσίαν
3542 3615 3687 3669 Θεοῦ

2105 3717 2409 3790 ἀνθρώποις
2444 3713 2925 3785 εὐαγγελιζόμενοι,
2965 3710 3102 3783 μετὰ
3138 3710 3206 3764 τὰ
3247 3708 3499 3781 περὶτῆς
3523 3711 3581 3762 ὲν
3613 3710 3688 3780 τῇ

2104 3810 2297 3881 ἐρήμῳ
2327 3805 2535 3878 βοώσης
2568 3805 2770 3877 φωνῆς.
2798 3804 2996 3859 Εἵπετο
3026 3802 3135 3874 γάρ
3162 3803 3227 3872 τῇ
3270 3801 3399 3872 περὶ
3434 3798 3686 3853 Ἰωάννου

2102 3901 2196 3955 τοῦ
2241 3898 2543 3954 Βαπτιστοῦ
2577 3896 2882 3968 προφητείᾳ
2911 3898 2940 3949 6
2978 3894 3104 3966 περὶ
3145 3892 3254 3946 τῶν
3279 3889 3686 3961 εὐαγγελιπῶ

2101 3991 2196 4046 τοῦ
2242 3992 2492 4063 Σωτῆρος
2529 3989 2704 4059 λόγος.
2746 3988 2843 4052 Τίς
2890 3984 2984 4041 οὖν
3018 3987 3166 4039 ἐστιν
3191 3983 3330 4055 αῦτη
3376 3981 3601 4055 ήΣιὼν,
3643 3982 3685 4055 ἢ

2102 4083 2319 4145 πάντως
2350 4098 2451 4134 που
2479 4082 2513 4150 ή
2551 4078 2642 4133 διὰ
2667 4076 2778 4132 τῶν
2804 4075 3112 4149 ἔμπροσθεν
3165 4072 3514 4147 Ἰερουσαλὴμ
3544 4073 3687 4127 ὤνο-

2104 4173 2386 4245 μασμένη;
2418 4173 2526 4225 Καὶ
2551 4170 2687 4242 αὕτη
2712 4170 2820 4241 γὰρ
2847 4169 2969 4239 ὅρος
2993 4163 3083 4240 ἦν,
3109 4167 3138 4220 ὃ
3159 4165 3309 4236 δηλοῖ
3332 4167 3364 4235 ἡ
3394 4165 3689 4234 φάσκουσα

2101 4266 2306 4338 Γραφήο
2326 4284 2343 4313 ι
2359 4266 2522 4335 Ὅρος
2550 4262 2686 4317 Σιὼν
2704 4262 2860 4316 τοῦτο
2878 4262 2906 4315 ὃ
2933 4263 3351 4333 κατεσκήνωσας
3379 4260 3435 4312 ὲν
3454 4256 3625 4331 αὐτῷ’
3657 4279 3681 4313 ι

424 4356 753 4426 Apostolus:
778 4376 797 4410 ι
836 4358 1155 4414 Accessistis
1178 4358 1243 4412 ad
1271 4358 1402 4413 Sion
1433 4370 1669 4415 montem
1697 4362 1763 4418 “.
1802 4382 1820 4415 ι
1860 4362 1996 4418 Νιιιιι

2122 4360 2261 4413 ιαὶὸ
2317 4357 2673 4420 Ἀπόστολος·
2732 4372 2753 4407 ‹
2802 4352 3246 4427 Προσεληλύθατε
3291 4351 3428 4405 Σιὼν
3470 4351 3612 4422 ὄρει.
3655 4370 3679 4402 ι

427 4450 567 4506 forte
595 4450 797 4507 chorus
817 4452 1145 4523 apostolicus
1162 4467 1228 4508 ex
1258 4453 1434 4523 prisco
1458 4454 1653 4522 populo
1675 4470 1740 4508 ex
1769 4455 2002 4511 circum-

2122 4452 2213 4505 (αἱ
2239 4454 2445 4522 μήποτε
2471 4449 2566 4503 νῦν
2591 4451 2620 4502 6
2648 4449 2805 4521 χορὸς
2828 4423 3255 4510 όνάποστολικὸς,
3280 4447 3309 4499 6
3339 4447 3402 4498 ὲκ
3423 4443 3516 4498 τοῦ
3540 4461 3688 4516 προ-

425 4545 632 4599 uisione
687 4544 969 4608 delectus.
1028 4544 1131 4599 hac
1190 4548 1403 4599 ratione
1450 4546 1824 4617 signiﬁcatur?
1882 4546 2006 4603 llazc

2122 4545 2259 4618 τέρου
2304 4543 2454 4608 λαοῦ,
2494 4544 2523 4595 6
2577 4542 2641 4596 ὲκ
2692 4539 2993 4613 περιτομῆς
3045 4537 3436 4608 ὲξειλεγμένος,
3486 4535 3685 4590 τοῦτον

424 4636 568 4690 enim
600 4636 730 4692 Sion
766 4648 821 4691 et
859 4637 1157 4692 Jerusalem
1206 4647 1309 4701 est,
1336 4653 1455 4708 quae
1496 4637 1733 4693 salutare
1776 4638 1870 4693 Dei
1914 4654 2005 4693 ac-

2122 4636 2422 4708 πημαίνεται
2444 4637 2536 4689 τὸν
2557 4634 2787 4706 τρόπον;
2826 4630 2970 4702 Αὕτη
3012 4630 3120 4702 γάρ
3139 4632 3257 4682 ἐστι
3289 4626 3425 4680 Σιὼν
3451 4627 3547 4681 καὶ
3587 4627 3687 4681 Ἱε-

423 4728 587 4795 cepit,
618 4742 739 4798 quae
795 4741 850 4783 et
906 4729 1017 4799 ipsa
1061 4730 1229 4784 monti
1292 4728 1409 4795 Dei,
1453 4728 1699 4783 videlicet
1728 4729 2003 4799 unigenito

2122 4725 2406 4796 >ουσαλὴμ,
2450 4727 2482 4795 ἡ
2527 4724 2588 4776 τὸ
2616 4723 2879 4795 σωτήριον
2907 4719 3001 4773 τοῦ
3039 4718 3175 4773 Θεοῦ
3206 4716 3681 4790 παραδεδεγμένη,

424 4816 603 4874 Verbo
636 4817 775 4888 ejus,
807 4819 1057 4875 sublimis
1096 4819 1391 4889 imponitur
1419 4837 1433 4875 ;
1464 4835 1624 4889 quam
1654 4819 1828 4890 jubet,
1871 4836 2001 4875 cnn-

2122 4817 2458 4890 ιπηρτημένη
2497 4833 2581 4879 τις
2613 4810 2749 4869 οὖσα
2776 4814 2870 4868 καὶ
2895 4811 3033 4883 αῦτη
3057 4811 3135 4883 τῷ
3163 4810 3279 4883 όρει
3306 4807 3400 4862 τοῦ
3434 4808 3572 4861 Θεοῦ
3596 4810 3684 4881 τῷ

421 4926 615 4967 sec-uso
643 4921 827 4967 monte
857 4912 1098 4977 sublimi,
1136 4913 1371 4967 salutare
1410 4914 1628 4967 verbum
1656 4913 1994 4970 annuntiare.

2122 4911 2382 4978 ιονογενεῖ
2402 4906 2567 4961 αὐτοῦ
2591 4908 2776 4977 Λόγῳ·
2885 4903 3207 4977 προστάττει
3231 4902 3683 4972 εὐαγγελίζεσθαι

422 5004 552 5070 Quis
580 5012 765 5059 autem
794 5004 883 5060 ille
908 5006 1118 5076 est,qui
1144 5007 1620 5076 evangelizat,nisi
1657 5008 2000 5077 evangelicus

2122 5001 2396 5072 ινελθούσῃ
2447 5001 2532 5054 ἐπ’
2584 5000 2708 5072 ὅρος
2767 4999 2989 5070 ὑψηλὸν,
3052 4997 3216 5052 αὐτὸν
3258 4997 3351 5050 τὸν
3410 4997 3682 5067 σωτήριον

421 5098 622 5152 chorus
649 5096 674 5150 ?
704 5094 843 5164 Quid
875 5105 959 5151 est
1002 5096 1413 5168 evangelizare?
1466 5098 1731 5153 universis
1764 5099 1993 5153 homini-

2122 5095 2272 5162 .όγον.
2323 5094 2419 5156 Τίς
2454 5091 2513 5146 δὲ
2561 5093 2589 5144 ό
2628 5090 3130 5161 εὐαγγελιζόμενος,
3183 5088 3213 5159 ἦ
3253 5089 3282 5141 ό
3320 5086 3683 5156 εὐαγγελικδς

421 5189 542 5253 bus,
604 5197 660 5242 et
710 5196 840 5243 ante
878 5203 1087 5254 omnes,
1132 5190 1441 5244 civitatibus
1480 5186 1640 5257 Juda,
1697 5188 1897 5244 Christi
1937 5190 1990 5244 in

2122 5187 2288 5259 [ορός;
2330 5185 2395 5236 Τί
2440 5184 2498 5237 δὲ
2534 5181 3013 5250 εὐαγγελίζεσθαι;
3048 5179 3338 5253 κηρύττειν
3381 5180 3546 5232 πᾶσιν
3582 5178 3681 5231 άν-

422 5289 622 5336 terram
657 5281 945 5335 adventum
972 5282 1201 5351 prmtlica
1212 5295 1288 5334 re.
1481 5339 1484 5343 ,

2122 5277 2336 5351 ίρὼποις
2369 5275 2462 5329 τοῦ
2502 5272 2739 5346 Χριστοῦ
2788 5274 2883 5345 τὴν
2925 5274 3017 5327 ἐπὶ
3056 5275 3158 5345 γῆς
3198 5270 3526 5344 παρουσίαν,
3577 5268 3679 5321 καὶ

2098 5368 2204 5442 πρδ
2231 5368 2445 5422 πάντων
2483 5368 2599 5430 ταῖς
2624 5365 2839 5419 πόλεσιν
2885 5364 3074 5417 Ἰούδα.

494 5457 656 5517 Vsus.
676 5462 764 5517 10.
780 5481 810 5514 1
832 5461 1098 5526 Attollite,
1121 5461 1292 5517 nolite
1323 5461 1532 5515 timere.
1554 5459 1651 5515 πίε
1682 5459 1990 5517 civitatibus

2173 5481 2190 5514 ι
2244 5447 2546 5530 ’Υψὼσατεξ
2597 5457 2670 5530 μὴ
2717 5455 2983 5528 φοϐεῖσθε.
3039 5450 3205 5510 Εἶπον
3269 5454 3393 5517 ταῖς
3448 5450 3677 5506 πόλεσιν

498 5682 978 5751 ⁸³Ρετι1.ι.ιιιιι,ε.
1076 5684 1266 5743 ευριπ
1312 5697 1413 5750 ιε’,
1443 5682 1566 5754 εε,
