3880 6216
263 277 379 335 369

1234 288 1750 346 ‘CDMMENTARIA
1784 288 1854 345 ta
1890 256 2145 345 istum.
2185 319 2254 330 —
2289 288 2441 347 car.
2483 286 2596 343 xc.

3411 279 3519 338 570

274 393 479 448 Ἰούδαο
521 394 655 452 Ἰδοὺ
698 399 728 452 6
748 397 887 464 θεὸς
920 399 1097 473 ἡμῶν*
1127 421 1157 455 ἰ
1209 404 1353 474 λέγω
1381 405 1444 481 δὴ
1474 410 1594 472 ταῖς
1635 407 1842 463 Ἰουδαῖ-

1950 406 2111 474 Juda,
2145 409 2285 464 Ecce
2322 410 2462 464 Deus
2502 415 2687 463 noster
2711 446 2725 471 ,
2762 424 2782 457 ο
2819 401 3058 463 Judaieis
3078 398 3329 458 videlicet
3352 414 3515 471 syna-

260 488 389 551 καίς
416 493 783 558 συναγωγαῖς,
810 491 885 555 ὡς
919 493 1026 565 ἄρα
1053 493 1135 568 εἴη
1165 496 1436 568 ἐληλυθὼς
1453 502 1482 553 6
1509 501 1676 555 πάλαι
1700 501 1850 573 ἥξειν

258 578 357 629 καὶ
395 578 759 652 ἐπιδημήσειν
798 583 1111 655 ἀνθρώποις
1137 587 1225 641 διὰ
1269 588 1377 643 τῶν
1422 593 1715 663 προφητῶν
1750 611 1852 666 κη-

262 668 597 740 ρυττόμενος
643 671 797 738 Θεὸς,
838 676 935 729 καὶ
980 677 1144 742 αὐτὸς
1179 679 1405 750 Κύριος,
1454 685 1482 737 6
1523 686 1587 738 ὲκ
1636 684 1848 757 μακροῦ

258 759 710 832 προσδοκώμενος
750 765 952 830 αὐτοῖς.
1144 782 1149 787 ·

338 869 358 902 ι
408 851 540 907 Ἰδοὺ
576 854 800 929 Κύριος,
832 858 1038 931 Κύριος
1074 862 1214 933 μετὰ
1254 864 1438 937 ἰσχύος
1478 866 1718 938 ἔρχεται,
1754 870 1848 924 καὶ

254 941 297 1034 δ
365 941 610 1015 βραχίων
684 948 823 1018 μετὰ
889 952 1083 1022 κυρίας
1113 971 1127 984 ·
1183 974 1203 1008 ι
1260 958 1336 1021 ὡς
1394 962 1443 1012 εἰ
1516 950 1847 1034 σαφέστερον

254 1031 484 1102 ἔλεγεν,
538 1038 679 1108 μετὰ
738 1039 1064 1115 δεσποτικῆς
1123 1048 1318 1119 κυρίας
1376 1052 1470 1105 καὶ
1538 1031 1845 1120 αύθεντίας.

261 1141 284 1175 ι
333 1126 469 1181 Ἰδοὺ
505 1129 536 1181 6
583 1130 775 1199 μισθὸς
840 1134 1007 1189 αὐτοῦ
1068 1138 1187 1209 μετ’
1219 1140 1409 1205 αὐτοῦ,
1454 1144 1548 1197 καὶ
1596 1145 1655 1198 τὺ
1685 1145 1845 1215 ἔργον

255 1219 503 1274 ἐναντίον
533 1223 722 1279 αὑτοῦ.
755 1245 774 1277 ι
810 1226 995 1282 Ταῦτα
1027 1231 1129 1302 μὲν
1155 1231 1284 1305 περὶ
1320 1235 1418 1305 τῆς
1461 1236 1720 1310 δευτέρας
1752 1239 1844 1293 τοῦ

256 1311 503 1383 Χριστοῦ
535 1319 860 1389 παρουσίας,
899 1322 1023 1376 καθ’
1049 1324 1116 1396 ἥν
1155 1325 1276 1397 ἣξει
1310 1328 1367 1382 ἐν
1392 1329 1519 1403 δόξῃ
1549 1331 1844 1388 ἀποδώσων

257 1403 479 1477 ἑκάστῳ
521 1408 666 1462 κατὰ
702 1410 770 1464 τὰ
801 1410 938 1483 ἔργα
977 1413 1162 1469 αὐτοῦ.
1205 1416 1375 1471 Τοῦτο
1412 1420 1509 1490 μὲν
1536 1416 1628 1475 οὖν
1658 1422 1734 1487 ὡς
1761 1423 1846 1477 δε-

259 1495 472 1568 σπότης
499 1498 594 1551 καὶ
617 1499 824 1573 Κύριος
848 1505 1064 1575 ποιήσει
1090 1505 1230 1577 μετὰ
1260 1508 1444 1579 ἰσχύος
1468 1510 1563 1564 καὶ
1587 1512 1724 1583 μετὰ
1748 1510 1842 1566 τοῦ

256 1587 595 1659 καλουμένου
630 1591 914 1665 βραχίονος
945 1596 1132 1653 αὑτοῦ.

335 1698 356 1730 ι
407 1679 496 1745 Ὠς
526 1683 730 1755 ποιμὴν
762 1690 1020 1756 ποιμανεῖ
1045 1688 1107 1742 τὸ
1138 1689 1387 1762 ποίμνιον
1411 1692 1599 1748 αὐτοῦ.
1631 1712 1649 1745 ι
1682 1695 1840 1749 Κατὰ

1951 499 2125 568 gogis,
2160 498 2444 553 advenisse
2483 512 2632 564 eum,
2675 511 2835 566 quem
2888 494 3015 548 olim
3056 492 3331 562 prophette
3379 489 3517 560 apud

1952 589 2198 644 homines
2268 590 2740 658 peregrinaturum
2812 585 3243 650 annuntiabant,
3310 583 3517 644 Deum,

1949 681 2232 752 ipsumque
2262 681 2569 748 Dominum,
2596 681 2688 751 qui
2730 679 2935 750 jamdiu
2967 677 3035 732 ab
3095 676 3200 731 illis
3230 683 3518 743 exspecta—

1949 772 2128 828 batur.

2023 882 2043 915 ι
2073 863 2212 918 Ecce
2253 861 2534 927 Dominus,
2574 860 2835 916 Dominus
2891 872 3015 913 cum
3072 854 3381 911 fortitudine
3422 867 3519 905 ve-

1946 953 2047 1019 nit,
2075 963 2132 1009 et
2177 952 2458 1008 brachium
2503 952 2620 1022 ejus
2663 966 2783 1005 cum
2837 947 3231 1009 dominatione;
3279 964 3298 996 ι
3347 958 3411 996 ac
3472 941 3519 995 si

1946 1046 2188 1115 apertius
2205 1046 2432 1109 diceret,
2455 1060 2579 1098 cum
2604 1044 2830 1112 imperio
2854 1050 2909 1095 et
2946 1040 3294 1094 auctoritate.
3326 1053 3345 1087 ι
3380 1035 3520 1089 Ecce

1947 1154 2156 1194 merces
2183 1139 2301 1209 ejus
2329 1153 2452 1194 cum
2491 1153 2577 1202 eo,
2611 1147 2663 1189 et
2701 1153 2836 1204 Opus
2885 1137 2938 1189 in
2969 1143 3263 1202 conspectu
3299 1129 3461 1184 illius.
3496 1145 3516 1180 ι

1946 1228 2072 1287 Hac
2109 1230 2334 1300 quidem
2367 1231 2432 1283 de
2471 1228 2712 1284 secundo
2738 1225 2942 1281 Christi
2973 1227 3229 1288 adventu,
3265 1237 3372 1292 quo
3398 1235 3520 1276 cum

1947 1321 2118 1390 gloria
2147 1330 2407 1377 venturus
2430 1331 2537 1384 est,
2576 1320 2884 1374 redditurus
2912 1319 3203 1386 unicuique
3229 1313 3521 1370 secundum

1943 1429 2106 1485 opera
2144 1428 2262 1481 sua.
2307 1413 2363 1468 ld
2406 1411 2584 1483 igitur,
2618 1419 2800 1480 utpote
2828 1411 3134 1465 dominator
3186 1418 3237 1460 et
3268 1407 3522 1461 Dominus

1944 1520 2067 1560 cum
2101 1505 2416 1561 fortitudine
2447 1514 2503 1560 et
2529 1518 2651 1559 cum
2678 1513 2980 1557 memorato
3014 1500 3239 1555 brachio
3260 1512 3358 1553 suo
3387 1512 3520 1566 pra:-

1943 1597 2129 1654 stabit.

2017 1690 2180 1745 Veas.
2204 1689 2293 1744 ll.
2329 1707 2350 1742 ι
2387 1686 2541 1744 Sicut
2590 1698 2777 1758 pastor
2811 1694 2995 1756 pascet
3028 1685 3167 1740 ovile
3194 1698 3372 1738 suum.
3415 1702 3434 1734 ι
3468 1681 3522 1735 id

252 1769 361 1842 τὴν
392 1772 617 1844 πρώτην
655 1775 821 1829 αὑτοῦ
855 1778 1090 1850 πάροδον
1136 1781 1463 1854 ἐπληροῦτο,
1500 1787 1559 1840 ὲν
1590 1781 1646 1862 ᾖ,
1697 1807 1716 1839 ι
1754 1806 1842 1842 κε-

1950 1783 2000 1840 in
2026 1784 2203 1855 primo
2228 1782 2348 1853 ejus
2377 1782 2610 1839 adventu
2655 1780 2930 1850 impletum
2960 1789 3063 1843 est,
3118 1777 3337 1848 quando
3367 1793 3386 1827 ι
3426 1775 3521 1827 hu-

248 1862 440 1929 νώσας
461 1864 674 1928 ἑαυτὸν,
702 1870 798 1922 καὶ
827 1871 1040 1942 μορφὴν
1061 1872 1248 1928 δούλου
1269 1874 1471 1943 λαϐὼν,
1507 1897 1525 1928 ι
1558 1879 1843 1952 ἐποίμαινε

246 1956 321 2010 ’τδ
350 1957 604 2029 ποίμνιον
628 1959 793 2013 αὑτοῦ
810 1978 825 1992 ο
853 1961 887 2033 ἢ
911 1962 1053 2017 κατὰ
1072 1965 1164 2018 τὸν
1193 1965 1509 2039 Σύμμαχον,
1540 1989 1559 2022 t
1593 1972 1691 2044 τὴν
1718 1974 1848 2043 ἀγέ-

249 2046 360 2118 λην
394 2047 557 2102 αὐτοῦ
590 2050 834 2107 ἔϐοσκεν.
870 2073 889 2105 ›
920 2055 993 2108 Οὐ
1017 2057 1127 2129 γὰρ
1155 2057 1230 2122 ὡς
1250 2059 1455 2131 Κύριος
1478 2063 1618 2132 μετὰ
1640 2064 1843 2136 ἰσχύος,

246 2140 370 2193 οὐδ’
416 2140 492 2205 ὡς
532 2140 772 2215 βραχίων
815 2147 957 2216 μετὰ
1000 2149 1101 2219 τῆς
1145 2149 1352 2215 οἰκείας
1391 2154 1590 2225 κυρίας
1630 2157 1724 2210 καί
1756 2156 1843 2210 δε-

256 2235 553 2299 σποτείας*
592 2236 709 2291 ἀλλ’
746 2239 823 2303 ὡς
870 2242 1096 2313 ποιμὴν,
1128 2244 1282 2313 φησὶ,
1318 2250 1577 2316 ποιμανεί
1619 2249 1681 2302 τὸ
1726 2251 1847 2303 ποί-

257 2340 418 2393 μνιον
458 2326 643 2381 αὐτοῦ.
686 2331 752 2384 Ὃ
796 2331 859 2404 δὴ
905 2334 996 2386 καί
1033 2334 1333 2407 ἐμαρτύρει
1375 2335 1552 2406 λέγων
1595 2340 1759 2405 αὐτὸς
1787 2344 1845 2397 ὲν

255 2415 645 2485 Εὐαγγελίοιςο
687 2440 705 2473 ι
757 2422 898 2492 Ἐγώ
926 2427 1042 2494 εἰμι
1069 2428 1098 2480 6
1128 2427 1331 2499 ποιμὴν
1367 2431 1396 2482 6
1426 2429 1608 2495 καλὸς,
1636 2432 1730 2485 καὶ
1759 2450 1847 2502 γι-

251 2504 456 2560 νώσκω
491 2508 561 2562 τὰ
596 2510 725 2581 ἐμὲ,
757 2514 850 2567 καὶ
881 2513 1210 2582 γινώσκουσί
1239 2534 1307 2588 με
1339 2519 1409 2572 τὰ
1439 2518 1579 2591 ἐμά’
1615 2522 1708 2576 καὶ
1745 2523 1843 2594 τὴν

248 2594 436 2668 ψυχήν
473 2614 574 2668 μου
602 2598 793 2672 τίθημι
825 2601 967 2672 ὑπὲρ
1001 2602 1109 2656 τῶν
1139 2603 1450 2675 προϐάτων.
1491 2625 1512 2659 ι

332 2793 354 2826 ι
396 2776 506 2829 Καὶ
545 2775 623 2848 τῷ
666 2776 910 2850 βραχίονι
955 2779 1119 2834 αὑτοῦ
1155 2782 1372 2849 συνάξει
1419 2785 1610 2859 ἄρνας,
1657 2788 1754 2843 καὶ
1785 2789 1867 2844 ἐν’

252 2868 465 2939 γαστρὶ
497 2869 727 2940 ἐχούσας
756 2872 1148 2949 παρακαλέσει,
1175 2895 1195 2927 ι
1218 2876 1424 2949 Ἀρνας
1447 2878 1503 2931 δὲ
1531 2881 1659 2945 τοὺς
1689 2883 1845 2952 ἀρτι-

254 2962 441 3027 γενεῖς
466 2962 559 3014 καὶ
582 2962 639 3013 ἐν
669 2963 892 3035 Χριστῷ
919 2967 1396 3039 ἀναγεννωμένους
1415 2970 1567 3042 δηλοί
1584 2973 1714 3047 (57).
1734 2976 1843 3028 Καὶ

253 3050 435 3118 ἄλλως
459 3052 515 3106 δὲ
538 3054 648 3108 τῶν
672 3055 990 3111 ἀποστόλων
1015 3059 1179 3113 αὐτοῦ
1205 3062 1262 3113 αἰ
1291 3061 1463 3132 ψυχαὶ
1485 3063 1714 3118 κύουσαι
1746 3066 1841 3121 καὶ

1947 1878 2167 1933 milians
2206 1878 2578 1945 semetipsum,
2610 1887 2663 1931 et
2693 1878 2927 1933 formam
2977 1873 3120 1929 servi
3159 1870 3454 1940 accipiens,
3500 1885 3519 1919 ι

1947 1971 2203 2040 pascebat
2225 1969 2367 2026 ovile
2401 1986 2579 2035 suum,
2612 1972 2749 2037 sive,
2780 1967 3079 2025 secundum
3110 1961 3522 2033 Symmachum,

1953 2081 1972 2113 ι
2007 2066 2225 2132 gregem
2270 2076 2425 2116 suum
2467 2062 2741 2131 pascebat.
2769 2079 2788 2112 ι
2823 2058 2937 2115 Non
2967 2057 3110 2114 enim
3141 2066 3398 2125 tanquam
3423 2051 3525 2108 Do-

1948 2155 2127 2209 minus
2170 2169 2297 2210 cum
2330 2152 2669 2216 fortitudine.
2701 2169 2878 2223 neque
2938 2164 3195 2218 tanquam
3242 2147 3524 2203 brachium

1944 2246 2168 2316 proprio
2211 2245 2491 2301 dominatu
2536 2256 2594 2301 et
2630 2244 2955 2300 auctoritate
3017 2242 3372 2303 instructum;
3429 2236 3523 2291 sed

1946 2338 2087 2394 sicut
2120 2346 2331 2406 pastor,
2359 2339 2460 2402 ait,
2491 2347 2679 2407 pascet
2706 2353 2924 2409 gregem
2961 2350 3138 2392 suum.
3170 2331 3329 2401 Quod
3358 2332 3522 2387 etiam

1946 2429 2062 2499 ipse
2112 2429 2513 2485 testiﬁcahatur
2575 2430 2628 2484 in
2683 2427 3028 2499 Evangeliis,
3103 2426 3219 2481 haac
3287 2424 3520 2480 dicens:

1949 2538 1970 2573 ι
2014 2520 2128 2590 Ego
2157 2536 2276 2576 sum
2309 2528 2497 2591 pastor
2525 2522 2722 2589 bonus,
2777 2529 2835 2576 et
2857 2532 3125 2590 cognosco
3149 2531 3316 2581 meas,
3344 2525 3400 2571 et
3431 2528 3524 2570 coc

1944 2622 2214 2686 gnoscunt
2271 2627 2360 2668 me
2406 2627 2557 2677 ntere,
2614 2621 2671 2668 et
2723 2613 2964 2668 animam
3010 2624 3188 2666 meam
3245 2622 3391 2681 pono
3427 2622 3524 2677 pro

1943 2707 2140 2763 Ovibus
2168 2706 2235 2763 “.
2273 2724 2293 2758 ι

2019 2818 2039 2851 ι
2076 2799 2140 2853 Ει
2184 2798 2411 2854 brachio
2463 2812 2564 2853 suo
2618 2794 2975 2868 congregabit
3017 2808 3221 2866 agnos,
3272 2799 3332 2849 et
3381 2806 3524 2862 pra-

1943 2900 2173 2961 gnantes
2194 2888 2586 2944 consolabitur.
2618 2904 2637 2938 ι
2687 2888 2889 2955 Agnos,
2924 2896 3128 2951 ,recens
3174 2887 3350 2946 natos,
3379 2888 3435 2933 et
3469 2877 3522 2932 in

1943 2984 2161 3039 Christo
2210 2989 2562 3052 regeneratos
2614 2976 2872 3047 appellat.
2934 2973 3058 3030 Alio
3097 2980 3280 3027 autem
3339 2969 3524 3035 modo,

1945 3075 2313 3146 apostolorum
2361 3073 2534 3140 ipsius
2603 3070 2797 3125 animae
2841 3072 3186 3154 praegnantes
3223 3073 3281 3119 et
3340 3072 3526 3134 partu-

253 3142 559 3197 ὠδίνουσαι
569 3145 695 3209 τοὺς
719 3145 785 3199 δι’
803 3147 983 3200 αὐτῶν
1012 3150 1070 3202 ὲν
1094 3150 1316 3222 Χριστῷ
1338 3151 1837 3225 ἀναγεννωμένους,

1950 3169 2145 3223 rienles
2173 3181 2289 3229 eos,
2340 3165 2433 3234 qui
2475 3164 2716 3233 ipsorum
2757 3178 2927 3232 opera
2956 3141 3016 3216 in.
3041 3160 3258 3215 Christo
3295 3169 3525 3224 regene-

251 3235 609 3308 παράκλητον
654 3237 815 3292 αὐτὸν
849 3236 1025 3310 εἰχον·
1072 3243 1212 3314 ὅπερ
1245 3245 1459 3315 νοήσεις
1491 3243 1551 3310 ἐξ
1585 3246 1708 3311 ἐνὸς
1744 3246 1837 3300 τοῦ

250 3327 530 3397 λέγοντοςσ
568 3348 587 3380 ι
623 3329 825 3384 Τεκνία
855 3349 979 3402 μου,
1019 3332 1114 3396 οὓς
1152 3334 1315 3388 πάλιν
1346 3335 1542 3399 ὠδίνω,
1576 3336 1737 3408 ἄχρις
1778 3331 1839 3391 οῦ

254 3419 524 3491 μορφωθῇ
565 3419 799 3491 Χριστὸς
850 3425 908 3476 ὲν
949 3424 1103 3495 ὑμῖν.
1152 3445 1171 3477 ι
1218 3426 1380 3498 Ὁρᾷς
1406 3426 1523 3490 πῶς
1559 3427 1588 3478 6
1628 3427 1841 3494 Παῦλος

252 3511 398 3584 ὑπὲρ
431 3512 538 3565 τῶν
573 3512 1027 3585 μαθητευομένων
1054 3516 1204 3588 αὐτῷ
1232 3513 1378 3589 εἶχεν
1402 3517 1599 3584 ὠδῖνας
1618 3536 1632 3550 ’
1668 3519 1841 3586 οὕτως

248 3596 346 3655 οὖν
378 3601 476 3655 καὶ
521 3604 569 3656 οἱ
605 3601 784 3657 λοιποὶ
820 3605 1128 3658 ἀπόστολοι.
1169 3606 1378 3677 Ὠσπερ
1407 3606 1516 3678 γὰρ
1545 3609 1604 3662 ὲν
1640 3613 1840 3682 γαστρί

249 3693 448 3747 κύουσι
481 3694 737 3767 μητέρες,
762 3698 890 3761 τοὺς
925 3696 992 3749 δι’
1022 3696 1202 3750 αὐτῶν
1228 3696 1288 3748 ὲν
1316 3697 1539 3769 Χριστῷ
1563 3701 1841 3772 γεννωμέ-

248 3802 380 3848 νους
425 3782 633 3850 ῶδινον,
682 3786 1165 3859 ύπεραγωνιῶντες
1220 3789 1404 3859 μήπου
1451 3805 1536 3854 τις
1577 3792 1840 3861 ἐκτρωμα

247 3877 480 3948 γένηται
502 3877 871 3949 ἀπολισθήσας
896 3878 990 3931 καὶ
1010 3877 1378 3949 ὲξαμὸλωθεὶς
1406 3881 1506 3952 τῆς
1534 3884 1592 3935 ὲν
1618 3881 1839 3954 Χριστῷ

250 3969 593 4043 μορφώσεὼς
617 3988 676 4025 τε
705 3971 798 4025 καὶ
831 3971 1180 4036 τελειώσεως.
1218 3973 1419 4046 Διόπερ
1448 3974 1611 4039 αὐτὸς
1642 3978 1671 4029 ὁ
1702 3993 1839 4046 προ-

245 4064 465 4136 λεχθεὶς
498 4064 700 4137 ποιμὴν
732 4064 1137 4139 παρακαλέσειν
1169 4065 1367 4129 αὐτοὺς
1400 4066 1636 4139 εἴρηται.

327 4270 349 4303 ι
385 4249 483 4314 Τίς
517 4248 791 4325 ὲμὲτρησε
824 4252 889 4321 τῇ
934 4250 1080 4322 χειρί
1123 4249 1184 4303 τὸ
1219 4249 1385 4320 ὕδωρ,
1427 4251 1520 4304 καὶ
1552 4251 1643 4305 τὸν
1676 4252 1839 4324 ούρα-

245 4359 340 4400 νον
370 4343 645 4415 σπιθαμῇ,
678 4345 773 4399 καὶ
814 4344 995 4397 πᾶσαν
1021 4344 1122 4414 τὴν
1149 4342 1254 4412 γῆν
1282 4341 1479 4414 δρακί;
1515 4343 1611 4408 Τίς
1644 4344 1838 4416 ἔστησε

1944 3262 2228 3324 rabantur,
2281 3254 2457 3327 ipsoim
2494 3256 2893 3313 consolatorem
2929 3254 3203 3310 habebant
3231 3267 3246 3305 :
3279 3251 3422 3320 quod
3452 3263 3524 3303 ex

1944 3350 2107 3404 unius
2142 3347 2453 3404 testimonio
2485 3346 2775 3414 intelligas,
2812 3345 2892 3399 sic
2927 3342 3220 3411 loquentis,
3281 3358 3301 3391 ι
3345 3337 3524 3394 Filioli

1944 3443 2074 3507 mei,
2099 3456 2236 3511 quos
2260 3440 2458 3501 iterum
2484 3439 2748 3508 parturio,
2777 3436 2949 3491 donec
2975 3434 3240 3487 formetur
3268 3430 3525 3486 Christus

1904 3578 1907 3585 .
1944 3534 2179 3589 invobis
2200 3532 2267 3587 ⁸³.
2301 3550 2321 3585 ι
2350 3528 2537 3585 Viden‘
2563 3526 2836 3598 quomodo
2865 3524 3062 3579 Paulus
3101 3538 3198 3594 pro
3245 3522 3527 3591 discipulis

1944 3627 2059 3680 suis
2087 3624 2300 3680 dolores
2336 3632 2524 3692 partus
2549 3620 2774 3676 subierit
2807 3636 2822 3685 ;
2866 3610 2948 3673 sic
2970 3627 3026 3672 et
3053 3615 3240 3684 reliqui
3271 3614 3521 3682 apostoli.

1944 3716 2408 3784 Quemadmodum
2453 3715 2597 3769 enim
2635 3722 2839 3767 matres
2884 3710 2938 3765 in
2984 3720 3141 3766 utero
3162 3715 3396 3779 gestant,
3444 3707 3525 3759 sic

1943 3808 2018 3862 illi
2060 3822 2176 3872 eos,
2203 3809 2291 3877 qui
2321 3810 2561 3873 ipsorum
2584 3817 2748 3873 opera
2779 3802 2832 3856 in
2878 3799 3095 3856 Christo
3135 3799 3521 3857 nascebantur,

1943 3896 2338 3969 parturiebant,
2378 3895 2526 3950 anxii
2570 3910 2638 3949 ne
2668 3894 2793 3964 quis
2844 3892 3122 3948 abortivus
3166 3900 3334 3952 essm,
3361 3897 3524 3955 atque

1942 4005 2007 4045 ex
2046 3990 2340 4044 immaturo
2375 3999 2531 4055 partu
2580 3987 2857 4042 excideret
2905 4000 2933 4038 a
2978 3983 3181 4039 Christi
3213 3982 3523 4038 conforma-

1944 4061 2535 4150 tione.etpcrlectione.
2555 4080 2895 4148 Quapropter
2925 4076 3181 4147 praefatus
3220 4077 3308 4130 ille
3338 4085 3535 4146 pastor.

1942 4173 2089 4244 ipsos
2119 4171 2497 4227 consolaturus
2527 4169 2748 4224 dicitur.
3321 4216 3324 4219 .

2014 4265 2271 4321 Venslﬁ.
2298 4264 2472 4330 «Quis
2494 4277 2715 4318 mensus
2735 4270 2820 4318 est
2839 4277 2997 4317 manu
3026 4276 3239 4330 aquam,
3257 4256 3541 4313 eternium-

1940 4353 2144 4424 palmo,
2199 4362 2255 4407 et
2287 4366 2506 4406 omnem
2569 4360 2771 4405 terram
2827 4349 3065 4421 pugillo?
3100 4347 3250 4414 Quis
3307 4347 3537 4401 libravit.

245 4435 319 4493 τὰ
358 4435 463 4508 ὅρη
492 4434 737 4507 σταθμῷ,
785 4435 879 4490 καὶ
917 4435 1016 4498 τὰς
1059 4434 1238 4497 νάπας
1268 4433 1452 4505 (ta-(if);
1496 4453 1515 4487 ι
1564 4435 1686 4491 Τῶν
1725 4437 1834 4511 γὰρ

1950 4446 2179 4517 pondere
2208 4455 2442 4510 montes,
2472 4453 2528 4498 et
2557 4443 2725 4498 valles
2757 4440 3002 4497 statera?
3032 4459 3051 4492 ι
3110 4438 3243 4493 Nam
3273 4453 3397 4493 cum
3434 4455 3535 4493 εει--

244 4527 439 4598 ςοφῶν
468 4526 566 4579 τοῦ
597 4525 793 4590 αἰῶνος
815 4527 1007 4579 τούτου
1035 4526 1096 4579 τὸ
1121 4527 1229 4578 πᾶν
1252 4524 1559 4582 ἀναθέντων
1597 4529 1837 4600 αὐτομα-

243 4619 432 4690 τισμῷ
458 4618 557 4673 καί
574 4635 679 4671 τινι
700 4618 960 4690 συντυχίᾳ
977 4620 1180 4689 φυσικῇ
1220 4617 1584 4690 εἱμαρμένης,
1621 4622 1836 4696 ἀνάγκῃ

244 4713 277 4765 6
322 4710 519 4783 παρὼν
569 4710 725 4780 λόγος
775 4711 939 4782 μηδὲν
987 4710 1063 4774 ὡς
1088 4711 1246 4783 ἔτυχε
1294 4713 1403 4768 τῶν
1447 4714 1618 4767 ὄντων
1670 4694 1859 4779 εἷναιξ

244 4805 431 4861 πάντα
457 4804 515 4858 δὲ
557 4802 742 4875 μέτρῳ
779 4804 871 4857 καὶ
904 4803 1124 4875 ἀριθμῷ
1147 4805 1253 4858 ὑπὸ
1283 4806 1376 4859 τοῦ
1413 4805 1832 4877 θεολογουμένου

244 4897 458 4969 Κυρίου
484 4896 804 4949 συνεστάναι
834 4897 1154 4967 παρίστησι.
1182 4897 1473 4970 Τροπικῶς
1496 4898 1555 4954 δὲ
1568 4901 1689 4974 ,τοῖς
1706 4900 1834 4969 παρ’
1876 4906 1883 4909 “

246 4989 411 5063 ἡμῶν
441 4988 694 5060 συνήθεσι
719 4988 938 5060 μέτροις
966 4988 1250 5061 κέχρηται,
1281 4988 1359 5055 ιδς
1389 4990 1456 5046 ἂν
1481 4991 1679 5048 ἐκτῶν
1703 4993 1837 5063 ἡμῖν¹

245 5081 545 5152 γνωρίμων
572 5081 667 5134 καὶ
701 5080 945 5151 συνήθων
974 5081 1256 5150 ὀνομάτων
1281 5084 1362 5147 εἰς
1390 5082 1598 5142 ἔννοιαν
1626 5082 1837 5152 ἀφικοί-

249 5172 392 5244 μεθα
437 5171 541 5241 τῆς
576 5171 684 5223 τῶν
723 5171 1066 5243 δηλουμένων
1110 5174 1480 5243 διδασκαλίας.
1530 5171 1649 5234 Εἶτ’,
1677 5176 1829 5227 ἐπει-

242 5263 423 5339 δήπερ
466 5265 530 5315 ὲκ
570 5262 832 5333 μεγέθους
862 5265 956 5317 καί
988 5264 1256 5335 καλλονῆς
1289 5267 1606 5339 κτισμάτων
1628 5266 1829 5327 ,ἀναλόρ

243 5371 359 5425 γως
377 5358 407 5408 6
431 5355 812 5425 γενεσιουργὸς
834 5353 1142 5427 θεωρεῖται,
1169 5357 1396 5421 εἰκότως
1417 5356 1485 5411 τὰ
1508 5360 1639 5433 ημῖν
1663 5358 1832 5429 ὑπερ-

314 5472 363 5504 ⁸⁸
393 5469 555 5526 Joan.
584 5487 617 5526 ι
646 5513 662 5540 ,
690 5471 779 5527 14.
859 5476 903 5509 ⁸⁸
933 5474 1110 5533 Galat.
1138 5494 1213 5545 tv,
1244 5476 1332 5532 19.

1940 4538 2151 4609 pientes
2172 4535 2329 4603 hujus
2358 4535 2536 4590 saeculi
2569 4536 2749 4590 omnia
2780 4544 3077 4604 spontaneo
3096 4531 3310 4587 cuidam
3340 4543 3521 4584 rerum
3578 4589 3582 4595 ι

1941 4629 2106 4684 motui
2138 4643 2201 4682 ac
2231 4627 2455 4683 fortuito
2484 4625 2719 4680 naturali
2749 4626 2921 4689 casui,
2968 4633 3024 4680 et
3066 4622 3178 4678 fato
3209 4622 3537 4682 ascrihant..

1940 4718 2251 4775 necessario
2292 4732 2532 4788 praesens
2574 4731 2752 4771 sermo
2807 4716 3011 4770 nullam
3054 4729 3241 4770 rerum
3295 4712 3519 4767 fortuito

1939 4827 2068 4868 casu
2115 4811 2403 4872 exsistere,
2429 4808 2523 4864 sed
2555 4808 2735 4862 omnia
2764 4823 2886 4862 cum
2919 4823 3172 4863 mensura
3203 4814 3260 4860 et
3293 4820 3542 4860 numero.

1939 4917 1969 4956 a
2036 4900 2287 4960 Domino.
2320 4900 2410 4969 qni
2458 4900 2601 4953 Deus
2637 4897 2984 4968 praedicatur,
3027 4896 3322 4952 constituta
3354 4895 3521 4950 fuisse

1937 4992 2202 5047 declarat.
2235 4990 2464 5060 Tropice
2495 5003 2646 5054 vero,
2689 4987 2994 5055 vulgarium
3038 4986 3179 5056 apud
3228 4998 3326 5039 nos
3358 4998 3521 5038 men-
3582 5022 3585 5029 .

1935 5093 2184 5134 surarum
2208 5076 2452 5148 exemplo
2476 5086 2556 5131 est
2576 5091 2732 5141 usus;
2753 5088 2886 5131 utex
2909 5076 3068 5131 rebus
3091 5074 3245 5128 nobis
3266 5072 3534 5144 cognitisL

1933 5182 1983 5225 et
2013 5187 2077 5226 ex
2105 5172 2351 5227 ,assuetis
2400 5169 2699 5236 vocabulis,
2752 5169 2818 5222 ad
2860 5168 2934 5222 rei
2968 5167 3175 5221 tradita;
3212 5165 3517 5220 doctrinam

1935 5264 2281 5317 accedamus.
2344 5261 2544 5315 Deinde
2594 5262 2849 5331 quoniam
2900 5273 2967 5311 ex
3028 5255 3421 5326 magnitudine.
3462 5265 3521 5310 et

1939 5354 2347 5427 pulchritudine
2414 5362 2815 5417 creaturarum,
2870 5348 3219 5421 proportione
3278 5347 3515 5418 quadam

311 5585 441 5664 (5η
462 5585 587 5643 Haec
628 5588 705 5643 ita
734 5591 994 5664 esprimit
1029 5591 1388 5664 Hieronymus
1424 5611 1440 5650 :
1475 5614 1493 5646 ι
1528 5593 1821 5649 Possumus
1928 5591 2315 5664 plurimorum,
2346 5600 2399 5645 et
2446 5590 2632 5664 dicunt
2674 5605 2795 5641 cum
2832 5586 3086 5664 Apostolo
3113 5604 3126 5641 ε
3156 5586 3345 5664 ilioli
3391 5583 3513 5664 mc},

246 5654 377 5739 9,“?
410 5654 569 5739 ἶβιεε,
593 5654 1285 5739 alNlilolt—tsetapostolicos
1317 5668 1493 5739 viros,
1522 5679 1821 5739 omnesque
1925 5654 2056 5739 quos
2094 5663 2283 5718 iterum
2328 5663 2590 5733 portorio,
2658 5663 2817 5716 donec
2878 5659 3122 5715 Christus
3169 5658 3429 5731 [armetur
3455 5654 3531 5711 in.

244 5726 502 5784 Ecclesia:
538 5726 787 5789 doctores
829 5726 1045 5803 dicere,
1101 5736 1201 5803 qui
1248 5726 1827 5811 salutentparturidnt
1928 5726 2148 5795 ινσὺίε.)
