3880 6216
215 278 324 334 373

1162 275 1667 336 COMMENTARlA
1710 274 1775 330 IN
1812 271 2070 330 ISAIAM.
2107 298 2178 314 —
2212 273 2364 330 CAP.
2407 271 2525 327 XL.

3363 272 3487 330 5η-

217 392 627 464 συστησάμινον
649 395 740 448 τὸν
775 396 1004 467 οὐρανὸν
1046 396 1294 468 ἐννοῆσαι
1334 395 1540 466 ὁπόσης
1568 395 1685 446 ἐστὶ
1717 391 1804 445 δυ-

1911 392 2373 462 Ιιειηίειιιιαξτίυιιι,
2411 404 2643 446 camerae
2673 389 2850 446 instar
2880 389 3084 448 elatum
3115 391 3474 463 omnibusque

213 487 457 554 νάμεως,
503 488 784 558 παρορμᾷ,
839 486 1154 556 λογίσασθαί
1211 504 1292 551 τε,
1337 486 1411 550 ὡς
1461 487 1560 538 οὐκ
1615 482 1800 556 ἀργῶς

214 575 381 630 αὑτὸν
421 575 767 648 ὑπεστήσατο
818 578 1026 648 σκηνῆς
1062 579 1237 649 δίκην,
1278 577 1482 632 ἀνωθεν
1532 576 1630 647 μὲν
1668 577 1802 645 ἐφη-

215 665 502 736 πλωμένον
555 668 696 720 κατά
723 666 829 721 τῶν
868 668 998 722 εἴσω
1039 669 1270 740 ούρανοῦ
1312 670 1549 732 πάντων,
1593 668 1705 728 τοῖς
1741 665 1800 718 δὲ

215 756 477 809 ἐπέκεινα
513 757 742 829 οὐρανοῦ
785 760 1167 831 ὑπεστρῶσθαι
1213 760 1562 829 ὲκδιαίτημα,
1612 757 1801 827 ὥσπερ

212 845 270 898 δὲ
313 847 416 916 τῆς
455 847 658 919 σκηνῆς
694 852 1045 922 προυνόησεν,
1085 851 1230 905 οὓτω
1267 853 1362 905 καὶ
1401 850 1512 904 τῶν
1549 849 1679 902 εἷσω
1699 847 1802 918 τῆς

215 939 429 1009 σκηνῆς
472 939 779 996 οἰκούντων.
835 944 1035 1014 Διόπερ
1089 943 1230 997 κατά
1276 943 1500 1014 χρόνους
1554 940 1648 994 καὶ
1691 956 1802 992 και-

213 1030 347 1099 ροὺς
383 1033 496 1094 τοίς
519 1032 573 1084 ὲν
614 1035 679 1103 τῇ
720 1035 790 1103 γῇ
830 1032 1034 1102 βιοῦσιν
1057 1032 1364 1106 ἀνθρώποις
1399 1032 1664 1104 ἄρχοντας
1694 1031 1803 1098 ἐφί-

213 1137 401 1190 στησι,
437 1124 876 1193 προνοησάμενος
897 1125 1170 1196 ἀρχόντων
1192 1128 1306 1189 τοῖς
1334 1124 1657 1197 ἀρχομένοις
1675 1140 1800 1176 κατ-

211 1211 485 1284 αλλήλων.
540 1215 630 1270 Διὸ
683 1215 950 1286 ἐπιλέγει·
1032 1235 1052 1270 ι
1118 1218 1304 1281 Διδοὺς
1370 1219 1636 1289 ἄρχοντας
1721 1216 1800 1278 εἰς

210 1303 374 1357 οῦδὲν
412 1305 621 1377 ἄρχειν.
655 1325 674 1358 ι
715 1307 891 1362 Οὐδὲν
919 1308 977 1362 δὲ
1014 1308 1268 1379 ὀνομάζει
1307 1309 1399 1362 τὸν
1440 1307 1632 1380 θνητὸν
1663 1305 1796 1377 βίον,

213 1396 247 1467 ἢ
274 1398 374 1452 καὶ
391 1398 491 1463 τὴν
504 1400 606 1471 γῆν
628 1400 816 1472 αὑτήνο
836 1401 1026 1472 ὥσπερ
1044 1398 1136 1455 οὖν
1157 1403 1396 1456 διδάσκει
1411 1401 1633 1470 φάσκων
1651 1399 1794 1470 ἑξῆς·

219 1505 239 1533 α
293 1489 402 1560 Τὴν
462 1489 518 1543 δὲ
569 1491 672 1562 γῆν
711 1493 791 1555 είς
825 1493 977 1546 οὐδὲν
1029 1493 1274 1564 ἐποίησε.
1321 1513 1339 1546 ι
1387 1493 1574 1546 Ταῦτα
1624 1491 1800 1545 πάντα

213 1581 348 1651 περὶ
387 1581 497 1634 τῶν
539 1584 680 1636 κατὰ
721 1586 948 1656 καιροὺς
975 1585 1256 1658 ἀρξάντων
1295 1587 1389 1640 καὶ
1429 1583 1800 1656 τυραννησάν-
1832 1618 1833 1621 η

1901 485 2209 548 imminens,
2233 481 2630 547 admirandum,
2663 491 2716 538 et
2743 485 2810 538 ad
2839 499 2965 540 eum
2989 484 3086 556 qui
3112 484 3308 542 coelum
3336 501 3474 541 con-

1899 577 2035 632 didit
2065 576 2302 648 (quanta:
2327 591 2520 645 nempe
2571 577 2640 632 sit
2685 579 2947 648 virtutis),
2995 580 3472 650 contemplandum

1901 669 2115 735 invitat,
2152 678 2206 722 et
2237 670 2304 723 ad
2333 669 2811 736 considerandum,
2863 686 2969 726 non
3011 673 3132 727 sine
3174 687 3338 728 causa
3365 688 3474 730 ece-

1901 761 2008 815 lum
2055 762 2125 817 ab
2178 777 2243 816 eo
2293 761 2625 817 tabernaculi
2673 761 2850 818 instar
2899 765 3254 819 constitutum
3280 764 3470 831 fuisse,

1899 868 2131 924 superne
2164 854 2381 924 quidem
2423 868 2750 924 expansum,
2798 869 2964 926 super
2993 855 3199 922 omnia,
3227 871 3346 927 quae
3383 857 3472 911 in-

1905 957 1989 1002 tra
2023 946 2217 1002 coelum
2250 947 2624 1012 continentur;
2665 947 2732 1002 iis
2771 961 2903 1002 vero
2930 947 3022 1016 qui
3057 961 3222 1018 supra
3268 947 3468 1004 caelum

1906 1048 2033 1095 sunt
2091 1040 2427 1095 substratum
2482 1040 2550 1094 ad
2595 1038 2952 1094 domicilium.
3008 1037 3470 1106 Quemadmodum

1905 1143 2085 1187 autem
2123 1131 2492 1198 tabernaculo,
2523 1131 2596 1185 ita
2627 1142 2683 1186 et
2713 1131 2802 1198 iis,
2834 1131 2925 1201 qui
2969 1131 3114 1185 intra
3146 1129 3472 1185 tabernacu-

1900 1222 2011 1276 lum
2038 1232 2183 1289 sunt,
2231 1222 2488 1293 providit.
2533 1224 2874 1294 Quapmpter
2916 1222 3085 1278 variis
3136 1221 3473 1291 temporibus

1903 1318 2212 1373 hominibus
2249 1318 2300 1371 in
2329 1325 2474 1372 terra
2504 1317 2813 1373 viventibus
2845 1317 3124 1388 principes
3167 1315 3471 1381 constituit,

1903 1419 2261 1482 congruentes
2285 1409 2514 1466 subditis
2545 1410 2918 1466 moderatores
2941 1425 3264 1480 procurans.
3292 1409 3475 1478 Quare

1902 1504 2106 1572 subdit,
2141 1504 2334 1560 «Dans
2362 1503 2636 1574 principes
2687 1504 2741 1559 iu
2799 1503 3027 1560 nihilum
3076 1503 3146 1558 ad
3195 1503 3476 1572 imperan-

1904 1595 2054 1650 dum.
2086 1614 2105 1649 ι
2145 1595 2386 1651 Nihilum
2429 1611 2592 1667 porro
2630 1595 2770 1651 dixit
2808 1595 3095 1652 mortalem
3133 1596 3322 1659 vitam,
3357 1593 3474 1650 sive

213 1689 326 1726 των
364 1674 459 1728 ἐπὶ
504 1678 603 1745 τῆς
641 1675 746 1747 γῆς
785 1676 1024 1748 εἴρηται,
1063 1677 1140 1741 ὼς
1174 1679 1256 1742 είς
1297 1677 1507 1731 τοιοῦτο
1548 1693 1804 1750 περιστη-

1909 1687 2077 1757 ipsam
2114 1699 2314 1745 terram
2343 1731 2358 1754 ,
2396 1699 2457 1744 ut
2484 1689 2650 1744 etiam
2696 1689 2858 1744 docet
2903 1687 3134 1744 inferius
3156 1687 3244 1743 his
3268 1686 3471 1750 verbis,

215 1766 475 1840 σαμένων
507 1768 684 1833 τέλος.

1830 1764 1872 1822 Β
1906 1798 1928 1833 ι
1956 1779 2180 1836 Terram
2211 1792 2392 1836 autem
2422 1782 2476 1836 in
2510 1781 2737 1836 nihilum
2769 1780 2919 1836 fecit.
2943 1799 2964 1835 ι
2998 1781 3126 1837 Haec
3163 1779 3346 1836 omnia
3385 1778 3467 1833 ait

209 1872 284 1928 de
318 1873 408 1940 iis,
441 1875 536 1944 qui
571 1875 746 1932 variis
803 1873 1140 1942 temporibus
1184 1875 1549 1946 ἰηιρεινςιγιιιιι,
1584 1881 1639 1927 et
1681 1872 2020 1944 tyrannidem
2079 1872 2452 1940 obtinuerunt,
2482 1882 2665 1945 utpote
2701 1873 2792 1944 qui
2855 1872 3017 1928 talem
3055 1871 3216 1928 linem
3263 1881 3321 1928 et
3359 1871 3478 1927 exi-

214 1977 331 2021 tum
366 1966 676 2025 habuerint.

289 2078 309 2110 ι
347 2060 426 2114 Οὔ
482 2061 592 2133 γὰρ
639 2061 717 2134 μὴ
771 2061 1140 2132 φυτεύσωσιν,
1191 2060 1309 2114 οὐδὲ
1352 2061 1430 2132 μὴ
1483 2058 1802 2130 σπείρωσιν,

212 2151 337 2204 οὐδὲ
362 2152 438 2223 μὴ
465 2153 666 2225 ῥιζωθῇ
698 2155 778 2218 είς
800 2155 898 2225 τὴν
923 2153 1028 2224 γῆν
1055 2156 1088 2224 ἡ
1122 2152 1246 2224 ῥίζα
1276 2152 1474 2206 αὐτῶν.
1505 2152 1806 2205 Ἐπνευσεν

212 2244 303 2297 ἐπ’
328 2244 547 2310 αὐτοὺς,
564 2249 656 2300 καὶ
676 2245 943 2316 ἐξηράνθη
953 2263 1070 2306 σαν,
1092 2246 1185 2298 καὶ
1199 2243 1447 2312 καταιγὶς
1463 2244 1538 2307 ὼς
1555 2241 1804 2315 φρύγανα

213 2334 448 2404 λήψεται
501 2334 718 2398 αὐτούς.
773 2336 888 2388 Νῦν
937 2331 1026 2389 οὖν
1055 2337 1161 2388 τίνι
1211 2353 1279 2408 με
1316 2335 1658 2406 ὡμοιὼσατε,
1713 2335 1806 2388 καὶ

212 2422 614 2495 ὑψωθήσομαις
662 2420 812 2477 εἶπεν
860 2427 889 2478 ὁ
931 2427 1104 2494 ἅγιος.
1153 2425 1512 2495 ’Λναϐλέψατε
1554 2428 1634 2489 είς
1669 2424 1804 2495 ὕψος

213 2514 344 2577 τοὺς
372 2513 684 2586 ὀφθαλμοὺς
709 2516 882 2586 ὑμῶν,
911 2518 1005 2570 καὶ
1033 2517 1192 2580 ἴδετε,
1222 2517 1303 2580 τίς
1329 2516 1601 2583 κατέδειξε
1631 2515 1803 2570 ταῦτα

214 2605 435 2672 mina;
481 2607 540 2662 ’θ
571 2608 818 2679 ἐκφέρων
851 2608 971 2662 κατ’
1001 2607 1232 2680 ἀριθμὸν
1264 2607 1357 2661 τὸν
1391 2609 1595 2678 κόσμον
1637 2606 1802 2662 αὐτοῦ

214 2697 430 2762 πάντας
457 2701 545 2753 ἐπ’
582 2699 806 2770 ὀνόματι
852 2700 1072 2754 καλέσει
1103 2699 1210 2754 ἀπὸ
1243 2699 1443 2771 πολλῆς
1481 2699 1660 2768 δόξης,
1709 2700 1805 2753 καὶ

214 2790 277 2844 ιν
303 2791 496 2863 κράτει
539 2793 719 2863 ἰσχύος
751 2792 916 2847 αὐτοῦ
937 2811 950 2824 ·
981 2793 1132 2846 οὐδέν
1167 2809 1225 2844 σε
1258 2791 1436 2845 ἔλαθε.
1479 2812 1497 2843 ›
1546 2791 1639 2844 Διὸ
1669 2790 1804 2860 πρὸς

215 2882 417 2946 αὐτοὺς
469 2884 810 2938 ἀποτείνεται
858 2885 1065 2955 λέγων·
1133 2883 1232 2938 Διά
1291 2884 1342 2937 τί
1387 2884 1537 2955 παρά
1589 2882 1804 2954 σεαυτῷ

214 2972 392 3026 ταῦτα
430 2973 644 3047 λογίζῃ,
683 2977 778 3030 καὶ
809 2975 987 3046 λέγειν
1016 2974 1239 3046 τολμᾷς,
1274 2974 1350 3037 ὡς
1381 2973 1473 3027 τὸν
1501 2973 1632 3028 Θεὸν
1666 2975 1700 3045 ὴ
1735 2974 1802 3046 σὴ

214 3063 337 3127 ὁδὸς
373 3063 534 3117 ἔλαθε
554 3105 567 3127 ,
598 3066 693 3120 καὶ
718 3068 817 3137 οὺχ
844 3067 1132 3122 ὑπόκεισαι
1159 3064 1361 3138 κρίσει,
1386 3065 1472 3119 διὰ
1501 3065 1562 3118 τὸ
1590 3067 1806 3136 ἀγνοεῖν

215 3150 384 3204 αὐτὸν
415 3151 483 3204 τά
514 3152 621 3206 ὑπὸ
655 3154 749 3207 σοῦ
781 3155 1065 3227 δρώμενα;

292 3262 312 3295 ‹
351 3243 446 3316 Μὴ
469 3245 576 3318 γὰρ
597 3246 777 3318 εἴπῃς,
814 3245 1030 3313 Ἰακὼϐ,
1061 3248 1154 3302 καὶ
1179 3248 1230 3303 τί
1260 3247 1801 3322 ὲλάλησας,’ῐσραήλ;

228 3337 545 3410 Ἀπεκρύϐη
579 3339 613 3409 ὴ
645 3339 764 3403 ὁδός
792 3357 891 3410 μου
921 3340 1029 3394 ἀπὸ
1061 3340 1152 3394 τοῦ
1179 3339 1336 3405 Θεοῦ,
1365 3341 1460 3394 καὶ
1485 3341 1514 3392 ὁ
1537 3339 1670 3404 Θεός
1697 3357 1799 3411 μου
1829 3326 1871 3384 c

215 3427 315 3500 τὴν
350 3429 532 3500 κρίσιν
563 3430 768 3499 ἀφεῖλε,
806 3431 901 3485 καὶ
933 3431 1164 3503 ἀπέστη.
1202 3433 1314 3487 Καὶ
1346 3432 1442 3486 νῦν
1471 3432 1570 3485 οὐκ
1598 3431 1800 3501 εγνωςς

215 3521 267 3574 εί
299 3521 376 3594 μὴ
412 3522 683 3592 ῆκουσας;
723 3523 856 3587 Θεὸς
887 3523 1124 3588 αἰώνιος,
1168 3526 1196 3577 ὁ
1240 3524 1371 3588 Θεὸς
1403 3527 1431 3579 ὁ
1462 3525 1804 3578 κατασκευά-

214 3628 317 3676 σας
357 3612 427 3667 τὰ
471 3611 616 3685 ἄκρα
657 3617 755 3684 τῆς
780 3614 902 3685 γῆς,
952 3615 1014 3667 οὐ
1055 3612 1334 3678 πεινάσεί,
1369 3615 1490 3668 οὐδὲ
1521 3615 1800 3681 κοπιάσει,

215 3705 341 3759 οὐδέ
390 3710 539 3758 ἐστιν
581 3704 859 3776 ὲξεύρεσις
897 3707 996 3778 τῆς
1046 3709 1360 3780 φρονήσεως
1398 3707 1596 3761 αὐτοῦ’
1631 3708 1804 3774 διδοὺς

215 3798 332 3860 τοῖς
369 3796 629 3850 πεινῶσιν
662 3798 836 3867 ἰσχὺν,
861 3799 1088 3862 καὶτοῖς
1121 3799 1194 3869 μὴ
1225 3798 1580 3869 ὀδυνωμένοις
1605 3798 1800 3872 λύπην.

217 3885 548 3940 Πεινάσουσι
580 3886 689 3958 γὰρ
717 3885 988 3958 νεώτεροι,
1017 3889 1110 3941 καὶ
1143 3889 1464 3943 κοπιάσουσι
1495 3889 1766 3943 νεανίσκοι
1786 3931 1802 3953 ,

217 3971 314 4023 καὶ
359 3970 605 4024 ἐκλεκτοὶ
647 3973 899 4042 ἀνίσχυες
935 3974 1167 4028 ἔσονται.
1214 3995 1232 4025 ι
1293 3977 1701 4048 Ἀκατάληπτος
1749 3978 1806 4030 δὲ

217 4076 316 4113 και
352 4060 644 4128 ἀνέφικτος
684 4063 716 4132 ἡ
767 4063 894 4134 παρ’
936 4063 1084 4135 αὐτῷ
1118 4066 1374 4136 τυγχάνει
1412 4068 1606 4136 σοφία,
1639 4068 1706 4121 δι’
1739 4064 1806 4139 ἦς

219 4146 292 4201 τὰ
336 4148 635 4219 σύμπαντα
661 4150 886 4203 διοικεῖ·
925 4151 1067 4205 οὕτω
1103 4153 1146 4206 δ’
1193 4149 1285 4207 οὖν
1316 4153 1466 4225 αὐτῷ
1521 4155 1668 4226 μέλει
1711 4156 1806 4208 καὶ

219 4238 332 4292 τῶν
370 4239 494 4292 καθ’
529 4239 760 4294 ’ἑκαστον
795 4242 886 4294 καὶ
919 4245 1061 4296 κατά
1095 4244 1280 4314 μέρος,
1320 4244 1415 4311 ὡς,
1461 4244 1549 4299 διὰ
1591 4244 1653 4299 τὸ
1684 4249 1807 4316 ἐφο-

223 4331 326 4401 ρᾷν
359 4329 525 4384 αὑτὸν
556 4333 650 4385 καὶ
679 4331 824 4404 λόγῳ
852 4332 979 4404 θείῳ
1015 4335 1311 4405 διακρίνειν
1345 4335 1416 4390 τὰ
1445 4339 1566 4391 κατ’
1599 4336 1809 4410 ἀνθρώ-

218 4439 360 4488 παυς
393 4424 714 4497 πράγματα,
760 4427 984 4491 ίδιάζειν
1019 4430 1233 4500 ἑκάστῳ
1281 4432 1680 4503 μεμερισμένον
1718 4433 1808 4486 τὸν

219 4515 368 4586 βίον·
405 4516 484 4580 ὡς
511 4518 624 4581 τοῖς
663 4519 760 4588 μὲν
789 4519 856 4573 δι’
887 4519 1096 4574 ἔνδειαν
1126 4522 1333 4593 τροφῆς
1364 4522 1619 4576 πεινῶσιν
1657 4523 1808 4594 ίσχὺν

218 4611 476 4680 παρεῖναι
531 4608 788 4675 πολλάκις
843 4613 935 4665 καὶ
986 4614 1176 4684 ῥώμην
1239 4612 1486 4684 σώματος
1544 4615 1804 4686 φυσικὴν,

1976 2057 2145 2112 Vens.
2180 2055 2373 2112 2t-26.
2415 2055 2732 2126 «Siquidem
2765 2068 2872 2109 non
2911 2051 3252 2122 plantabunt,
3298 2063 3480 2121 neque

1908 2148 2279 2216 seminabunt,
2311 2163 2488 2219 neque
2522 2149 2737 2204 radices
2763 2158 2888 2214 aget
2916 2146 2970 2200 in
3003 2156 3150 2200 terra
3185 2144 3342 2199 radix
3379 2158 3477 2197 eo-

1904 2257 2048 2298 rum.
2083 2241 2122 2296 F
2129 2242 2260 2296 lavit
2308 2255 2472 2311 super
2503 2254 2620 2304 eos,
2664 2247 2720 2294 et
2763 2245 3116 2300 exaruerunt,
3140 2245 3194 2290 et
3236 2233 3475 2305 procella

1905 2343 2163 2406 tanquam
2198 2334 2426 2404 stipulas
2460 2331 2829 2404 apprehendet
2859 2343 2976 2384 eos.
3009 2326 3161 2382 Nunc
3193 2325 3358 2396 igitur
3385 2323 3473 2380 cui

1905 2445 1992 2486 me
2017 2428 2384 2492 assimilastis,
2409 2434 2466 2481 et
2501 2422 2818 2480 exaltabor?
2851 2421 2985 2476 dicit
3031 2425 3272 2474 sanctus.
3299 2414 3476 2469 Attol—

1905 2523 1998 2577 lite
2027 2537 2240 2577 sursum
2267 2519 2452 2575 oculos
2486 2525 2726 2580 vestros,
2757 2523 2814 2569 et
2834 2512 3038 2577 videte,
3071 2509 3197 2580 quis
3238 2507 3477 2563 ostendit

1903 2616 2022 2671 ltzec
2045 2613 2266 2668 omnia?
2293 2611 2394 2678 Qui
2421 2608 2581 2665 eﬂert
2629 2608 2684 2661 in
2726 2618 2952 2660 numero
2985 2610 3238 2656 ornatum
3276 2611 3471 2662 suum:

1903 2725 2096 2765 omnes
2137 2707 2358 2763 nomine
2390 2702 2606 2760 vocabit
2634 2716 2664 2756 a
2692 2699 2861 2755 multa
2899 2696 3070 2765 gloria
3101 2704 3158 2748 et
3188 2693 3242 2747 in
3278 2691 3478 2746 robore

1902 2801 2242 2858 fortitudinis
2279 2813 2420 2861 suae;
2449 2795 2582 2852 nihil
2611 2793 2711 2849 tibi
2743 2792 2896 2846 latet.
2929 2807 2949 2843 ι
2977 2784 3346 2855 Quamobrem
3378 2795 3477 2839 eos

1904 2896 1984 2951 sic
2011 2893 2308 2964 alloquitur
2345 2909 2360 2947 :
2389 2891 2498 2946 Cur
2528 2887 2670 2958 apud
2709 2895 2760 2940 te
2806 2882 2930 2937 talia
2955 2880 3183 2950 cogitas,
3209 2884 3264 2932 et
3293 2875 3477 2930 dicere

1904 2991 2114 3056 audes;
2147 2986 2295 3058 quod
2323 2985 2534 3042 scilicet
2569 2984 2676 3037 Deo
2722 2979 2896 3034 lateat
2941 2975 3031 3029 via
3070 2983 3184 3038 tua,
3235 2979 3291 3026 et
3330 2969 3474 3038 quod

1905 3092 1962 3137 tu
1987 3082 2254 3151 judicium
2287 3095 2396 3136 non
2427 3077 2706 3132 subiturus
2738 3072 2838 3140 sis,
2885 3069 3010 3140 quia
3051 3067 3170 3136 ipse
3200 3071 3353 3134 gesta
3386 3070 3476 3116 tua

1905 3175 2118 3247 ignorat
2138 3175 2162 3230 l

1973 3287 2140 3343 Vens.
2165 3285 2346 3340 27-50.
2392 3301 2411 3334 ι
2451 3281 2530 3336 Ne
2567 3279 2770 3334 dixeris
2796 3277 2962 3340 enim,
3010 3272 3202 3334 Iacob,
3255 3276 3310 3324 et
3348 3265 3478 3336 quid

1905 3379 2120 3435 locutus
2153 3393 2234 3445 es,
2265 3375 2479 3432 Israel?
2509 3372 2832 3427 Abscontlita
2876 3378 2962 3423 est
2997 3368 3084 3419 via
3134 3377 3253 3417 mea
3283 3376 3311 3414 a
3344 3360 3476 3422 Deu,

1903 3485 1959 3528 et
1994 3475 2136 3528 Deus
2161 3485 2315 3526 meus
2341 3467 2604 3537 judicium
2632 3463 2853 3518 abstulit
2881 3469 2937 3514 et
2967 3456 3218 3514 recessit.
3237 3451 3305 3507 Et
3331 3465 3477 3505 nunc

1906 3582 1974 3619 an
2000 3565 2180 3619 nescis
2218 3562 2243 3617 τ
2284 3563 2478 3616 Annon
2522 3555 2816 3611 audivisti?
2858 3554 2999 3608 Deus
3048 3559 3302 3612 alternus,
3337 3544 3481 3599 Deus

1905 3658 1995 3728 qui
2031 3657 2326 3710 fabriCatus
2357 3663 2442 3707 est
2477 3649 2741 3705 terminos
2771 3657 2951 3710 terra,
2981 3650 3090 3696 non
3117 3639 3476 3728 éSlll'lelpHOﬂ

1905 3726 2195 3815 laborabit,
2253 3760 2427 3814 neque
2473 3754 2555 3798 est
2607 3740 2954 3810 investigatio
2989 3731 3276 3804 sapientia
3317 3726 3474 3796 ejus:

1906 3849 1997 3917 qui
2049 3848 2144 3900 dat
2176 3841 2543 3900 esurientibus
2588 3837 2871 3900 virtutem,
2919 3841 2977 3886 et
3021 3843 3125 3884 non
3174 3822 3479 3917 dolentibus

1907 3916 2169 3996 dolorem.
2221 3937 2477 3992 Esurient
2525 3933 2672 3987 enim
2730 3930 3011 3999 juvenes,-
3043 3931 3100 3978 et
3151 3916 3480 3974 laborabunt

1909 4034 2300 4093 adolescentes.
2347 4038 2403 4084 et
2445 4026 2602 4082 electi
2643 4023 2844 4078 infirmi
2890 4027 3082 4075 erunt.
3111 4033 3130 4068 ι
3164 4011 3483 4078 lncompre-

1907 4127 2190 4183 hensibilis
2206 4125 2407 4196 quippe
2428 4132 2510 4177 est
2542 4120 2660 4188 eius
2691 4117 2980 4187 sapientia,
3010 4126 3114 4183 qua
3150 4107 3332 4165 omnia
3364 4120 3481 4158 mu-

1908 4222 2167 4276 deratur:
2202 4229 2366 4288 atque
2395 4218 2469 4272 ita
2497 4213 2809 4284 singulatim
2848 4207 3270 4273 minutatimque
3298 4200 3484 4255 omnia

1909 4321 2088 4377 curat,
2123 4320 2182 4365 ut
2212 4310 2302 4364 illo
2332 4308 2674 4378 tlispicicnte,
2707 4316 2764 4359 et
2791 4303 2998 4357 ratione
3030 4299 3259 4368 quadam
3299 4293 3484 4349 divina

1910 4418 1999 4459 res
2029 4404 2308 4458 hominum
2334 4403 2697 4461 discernente,
2723 4395 2954 4466 singulis
2978 4408 3098 4463 quae
3131 4389 3233 4446 sibi
3266 4387 3486 4460 propria

1910 4499 1976 4553 ad
2008 4501 2174 4552 vitam
2211 4504 2338 4552 sunt
2364 4495 2794 4557 distribuantur;
2829 4492 2902 4546 ita
2959 4499 3018 4543 ut
3050 4488 3117 4543 iis
3153 4485 3246 4556 qui
3271 4499 3336 4539 ex
3373 4480 3484 4536 cibi

1910 4590 2137 4660 penuria
2173 4590 2315 4644 fame
2337 4589 2611 4655 laborant,
2649 4589 2816 4642 robur
2849 4601 2909 4642 ac
2935 4581 3200 4640 naturalis
3240 4579 3485 4650 corporis

217 4673 333 4764 τοῖς
361 4700 419 4754 δὲ
451 4701 525 4770 μὴ
551 4673 796 4765 πεινῶσι,
829 4673 1042 4774 πλούτῳ
1063 4673 1618 4777 ὲέπψφξδωμένοὶς,
1646 4673 1804 4778 φρονἑ

1916 4683 2168 4740 valetudo
2219 4685 2538 4754 plerumque
2576 4682 2721 4736 adsit
2766 4697 2780 4747 ;
2829 4679 2895 4734 iis
2922 4691 3054 4732 vero
3083 4673 3174 4745 qui
3215 4685 3321 4728 non
3361 4685 3486 4725 esu.

219 4794 375 4856 τίδας
408 4791 675 4865 ὑπάρχειν
724 4795 818 4847 καὶ
863 4795 1071 4860 λύπας,
1103 4795 1200 4860 τὰς
1238 4797 1337 4868 τὴν
1379 4798 1589 4870 τρυφὴν
1626 4798 1804 4853 αὐτῶν

220 4882 582 4948 κολαζούσας.
613 4884 771 4938 Κατά
795 4885 884 4938 τὸν
911 4887 1072 4940 αὑτὸν
1099 4887 1156 4940 δὲ
1192 4887 1368 4957 λόγον,
1396 4889 1550 4952 νέους
1587 4889 1686 4960 μὲν
1713 4889 1808 4943 καὶ

219 4975 574 5038 νεανίσκους,
610 4975 703 5040 οὓς
734 4977 816 5039 είς
843 4976 902 5030 τὸ
931 4975 1276 5049 ἀνδρίζεσθαι
1309 4980 1609 5051 προσήκει,
1645 4979 1805 5032 ἀσθε-

219 5067 332 5127 vel;
358 5063 762 5134 ἀπεργάζεται,
796 5065 990 5119 πάθεσι
1021 5067 1113 5119 καὶ
1145 5068 1412 5138 νοσήμασι
1445 5068 1803 5138 περιϐάλλων.

222 5155 467 5227 Μυρίους
494 5155 774 5228 δὲνεότητι
800 5156 1145 5229 σφριγῶντας
1172 5157 1363 5212 θᾶττον
1379 5159 1647 5231 ἀποϐῆναι
1670 5177 1812 5232 παρ-

225 5245 493 5298 εσκεύασε
526 5245 620 5299 τοῦ
654 5245 790 5318 βίου.
834 5247 1128 5302 Ἀνάπαλιν
1155 5247 1210 5300 δὲ
1239 5248 1451 5312 τούτοις
1490 5250 1539 5301 οἱ
1568 5249 1626 5301 ὲν
1686 5249 1813 5302 διω-

228 5337 385 5408 γμῶν
411 5341 624 5408 καιροῖς
657 5339 748 5392 τὸν
779 5338 912 5392 Θεὸν
945 5339 1332 5411 ὑπομένοντες,
1380 5338 1626 5404 ἀσθενεῖς
1657 5341 1810 5405 ὄντες

229 5428 322 5482 καὶ
369 5430 584 5500 οίκτροὶ
633 5430 775 5483 κατά
821 5430 918 5503 τὴν
975 5432 1254 5504 παροῦσαν
1291 5430 1469 5506 ζωὴν,
1507 5433 1810 5505 μεταϐολῆς

232 5520 379 5584 θείας
405 5519 740 5592 ἠξιώθησαν.
783 5522 859 5586 ὡς
895 5523 969 5596 μὴ
1007 5525 1165 5596 μόνον
1199 5524 1436 5588 ἀνέσεως
1475 5525 1568 5577 καὶ
1603 5523 1810 5577 ἐλευθε-

238 5615 353 5682 ρίας
395 5615 602 5684 τυχεῖν,
651 5614 786 5668 ἀλλά
838 5616 933 5671 καὶ
990 5617 1144 5688 δίκην
1178 5616 1351 5670 ἀετῶν
1397 5617 1767 5690 πτεροφυῆσαι
1794 5635 1806 5647 ·

232 5704 368 5758 ὥστε
411 5704 677 5776 ἀναϐῆναι
733 5708 824 5761 καὶ
855 5706 1134 5779 ὑςιωθῆναι
1180 5708 1272 5763 καὶ
1309 5707 1812 5780 μετεωροττορῆσαι,

1911 4778 2082 4843 riunt,
2115 4777 2210 4833 sed
2253 4777 2463 4832 divitiis
2490 4775 2792 4838 abundant,
2838 4768 3233 4827 sollicitudines
3255 4773 3309 4821 et
3339 4763 3490 4817 dolo-

1909 4883 2000 4924 res
2028 4869 2230 4936 adsint,
2269 4869 2426 4938 queis
2474 4883 2664 4924 eorum
2713 4866 2964 4936 voluptas
3007 4862 3332 4932 castigetur.
3384 4857 3487 4911 Eu-

1908 4962 2142 5034 demque
2172 4960 2628 5030 ralionejuvenes
2664 4969 2720 5014 et
2763 4959 3162 5020 adolescentes,
3215 4968 3352 5024 quos
3399 4967 3490 5003 ve-

1905 5067 2058 5128 getos
2091 5065 2146 5111 et
2177 5055 2344 5111 fortes
2373 5067 2494 5110 esse
2523 5053 2796 5117 convenit,
2822 5052 3066 5106 inﬁrmos
3093 5047 3296 5109 reddit,
3332 5046 3491 5110 aegri--

1915 5150 2194 5204 tudinibus
2243 5156 2300 5202 et
2353 5147 2559 5202 morbis
2588 5144 2908 5214 subiiciens.
2960 5143 3278 5197 Innumeros
3307 5141 3491 5189 autem

1908 5239 2192 5308 juventute
2218 5238 2496 5306 ﬂorentes,
2522 5251 2681 5308 quam
2713 5237 2998 5294 celerrime
3027 5249 3059 5290 e
3081 5234 3190 5287 vita
3226 5229 3492 5286 decedere

1916 5331 2065 5388 fecit.
2123 5332 2248 5387 Vtce
2293 5347 2450 5386 versa
2505 5341 2710 5395 autem,
2743 5331 2835 5400 qui
2870 5327 3306 5398 persecutionum
3357 5332 3492 5376 tem-

1915 5439 2050 5494 pore
2079 5421 2246 5478 Deum
2274 5432 2680 5492 exspectantes,
2717 5420 2914 5475 inﬁrmi
2949 5417 3396 5487 miserabilesque
3437 5415 3492 5468 in

1917 5517 2170 5588 praesenti
2197 5517 2308 5571 vita
2339 5523 2516 5578 erant,
2547 5513 2727 5569 divina
2766 5513 3068 5569 mutatione
3102 5511 3305 5583 dignati
3341 5517 3489 5574 sunt,

1919 5619 1978 5666 ut
2027 5627 2132 5666 non
2165 5609 2324 5664 modo
2357 5607 2729 5662 dimissionem
2779 5623 2842 5662 ac
2884 5607 3190 5664 libertatem
3241 5617 3491 5674 assequa-

1921 5713 2132 5772 rentur,
2180 5702 2273 5760 sed
2298 5701 2461 5760 etiam
2495 5701 2664 5758 instar
2692 5699 2994 5772 aquilarum
3037 5713 3136 5759 ceu
3169 5697 3376 5771 pennis
3401 5709 3492 5752 su-
