3880 6216
318 248 427 305 575

992 251 1080 310 EU
1089 250 1282 308 SEBII‘
1302 248 1784 310 οᾹεΑιιιΕΝειδ
1822 246 1887 305 01

2013 246 2195 304 PARS
2230 245 2320 304 Ill.
2358 279 2429 290 —
2468 247 2887 313 EXEGETICA.

3468 246 3585 297 573

252 431 258 435 _
319 365 512 424 bllmes
554 367 832 437 volarent;
864 369 937 425 ita
972 378 1031 426 ut
1061 373 1445 438 ascenderent,
1490 371 1881 434 exaltarentur,

2002 369 2087 423 ιαὶ
2150 368 2304 433 τέλος
2364 369 2465 441 τὴν
2510 369 2597 446 είς
2650 367 2912 441 οὐρανοὺς
2962 364 3185 420 ποοείαν
3241 362 3581 419 στείλασθαι.

318 475 384 518 ac
415 461 629 516 demum
661 463 716 517 in
748 463 916 519 caelos
947 479 1166 520 cursum
1198 466 1514 538 dirigerent.
1550 464 1677 521 Haec
1698 465 1893 537 quippe

318 553 625 623 aquilarum
657 565 847 609 natura
878 564 983 611 est.
1430 558 1438 567 κ

387 641 554 698 Vens.
581 643 672 699 3i.
708 662 728 697 ι
758 645 862 713 Qui
909 658 1090 703 autem
1124 659 1443 720 exspectant
1488 649 1681 713 Deum,
1716 658 1893 703 muta-

318 734 450 790 bunt
479 734 877 804 fortitudinem,
896 751 1174 795 assument
1199 757 1404 810 pennas
1429 752 1486 796 nt
1511 742 1740 811 aquilae;
1767 756 1893 797 cur-

318 833 458 890 rent,
488 835 543 881 et
576 842 682 883 non
711 828 1032 886 laborabunt
1064 849 1078 895 ;
1111 833 1501 901 ambulabunt,
1541 846 1596 888 et
1636 849 1742 888 non
1770 851 1893 889 esu-

320 917 478 971 rient.
511 936 530 971 ι
570 918 882 987 Ingentibus
907 923 1171 990 perfuncti
1200 926 1514 989 doloribus,
1561 928 1780 981 demum
1814 928 1894 981 vi-

319 1008 577 1065 sitatione
608 1011 702 1067 Dei
730 1014 959 1082 dignati,
992 1016 1045 1070 in
1077 1031 1213 1086 pace
1238 1018 1402 1071 vitam
1446 1029 1697 1088 egerunt,
1739 1021 1889 1089 aqui-

320 1099 494 1155 larum
528 1102 704 1159 instar
729 1107 921 1175 pennis
959 1110 1233 1172 instructi,
1284 1125 1349 1164 ac
1382 1109 1435 1164 in
1466 1110 1696 1166 sublime
1741 1111 1887 1166 elati.

319 1191 475 1258 Quod
513 1194 560 1248 si
615 1197 906 1269 contigerit
954 1215 1065 1265 eos,
1128 1202 1218 1270 qui
1253 1217 1352 1272 pro
1383 1203 1581 1272 pietate
1606 1215 1890 1257 concerta-

320 1293 449 1339 runt
492 1295 549 1341 et
596 1289 871 1355 vicerunt.
936 1293 1202 1364 martyrio
1271 1302 1680 1349 consummatos
1725 1310 1886 1361 esse;

320 1376 491 1433 multo
521 1381 692 1449 magis
725 1381 836 1438 illis
865 1396 1164 1440 memorata
1202 1384 1492 1453 promissio
1520 1397 1816 1458 competat.

907 1476 1135 1532 CAPUT
1176 1476 1309 1531 XLI.

385 1559 553 1620 Vens.
595 1566 647 1621 l.
685 1584 706 1619 ι
735 1566 1068 1624 lnnovamini
1101 1569 1168 1625 ad
1216 1584 1323 1631 me,
1373 1569 1581 1638 insulae,
1615 1573 1890 1643 princian

1993 460 2230 532 Τοιαύτη
2254 462 2364 533 γὰρ
2399 464 2433 533 ή
2463 460 2639 516 ἀετῶν
2671 460 2848 531 φύσις.

2068 685 2087 717 ι
2128 668 2190 721 Ol
2225 667 2281 721 δὲ
2328 665 2690 738 ὑπομένοντες
2720 664 2813 718 τὸν
2857 662 2988 717 Θεὸν
3036 660 3353 727 ἀλλάξουσιν
3393 659 3577 729 ἰσχὺν,

1994 759 2464 828 πτεροφυήσουσιν
2513 757 2589 820 ὡς
2622 756 2802 809 ἀετοίο
2846 753 3198 829 δραμοῦνται,
3234 753 3327 806 καὶ
3365 751 3426 805 ού
3478 768 3592 803 κο-

1992 849 2269 902 πιάσουσι·
2311 846 2639 919 βαδιοῦνται,
2690 845 2875 899 καὶού
2929 843 3296 899 πεινάσουσιν.
3350 861 3369 894 ι
3415 840 3590 894 Μετὰ

1990 932 2083 990 οὖν
2115 938 2213 1000 τὰς
2230 937 2674 1010 ὑπερϐαλλούσας
2692 937 2917 1008 θλίψεις,
2948 934 3251 1005 ἐπισκοπῆς
3274 930 3409 986 Θεοῦ
3438 946 3580 983 κατ-

1991 1028 2347 1095 αξιωθέντες,
2392 1030 2448 1082 ἐν
2482 1031 2675 1103 εἰρήνῃ
2717 1027 3018 1082 διετέλεσαν
3054 1026 3143 1079 τὸν
3190 1024 3331 1095 βίον,
3393 1020 3586 1077 ἀετῶν

1991 1119 2146 1190 δίκην
2181 1121 2672 1192 πτεροφυήσαντες,
2703 1118 2799 1173 καὶ⁵
2831 1118 2912 1180 είς
2944 1115 3075 1186 ὕψος
3107 1114 3380 1185 ἀρθέντες.
3416 1112 3479 1164 El
3508 1110 3593 1163 δὲ’

1991 1209 2086 1263 καλ⁵
2146 1210 2429 1282 μαρτυρίῳ
2475 1209 2828 1279 τελειωθῆναι
2884 1206 3198 1277 συμϐέϐηκε
3252 1205 3377 1268 τοὺς
3426 1201 3579 1273 ὑπὲρ

1992 1301 2274 1365 εὐσεϐείας
2295 1302 2700 1372 ἠγωνισμένους
2733 1300 2827 1355 καὶ¹
2859 1299 3234 1370 νενικηκότας.
3266 1295 3401 1350 πολὺ
3429 1293 3575 1365 μᾶλ-

1990 1392 2079 1446 λον
2104 1393 2313 1456 τούτοις
2348 1393 2637 1464 άρμόσειεν
2666 1394 2700 1464 ἡ
2739 1389 3000 1463 εἰρημένη
3030 1386 3350 1457 ἐπαγγελία.

2505 1483 2898 1536 ΚΕΦΑΛΑΙΟΝ
2926 1481 3059 1534 MA'.

2074 1573 2476 1642 Ἐγκαινίζεσθε
2526 1574 2668 1645 πρὸς
2713 1572 2802 1645 μὲ,
2852 1574 3035 1644 νῆσοιο
3071 1569 3266 1642 οίπγὰρ
3312 1570 3577 1641 ἄρχοντες

318 1657 465 1711 enim
497 1660 782 1714 mutabunt
823 1663 1155 1731 potentiam:
1189 1663 1451 1718 accedant
1489 1674 1543 1719 et
1601 1665 1887 1735 loquantur

2002 1663 2314 1730 άλλάξουσιν
2361 1664 2544 1736 ἰσχύν*
2607 1664 2986 1733 ἐγγισάτωσαν
3036 1664 3145 1717 καὶ,
3182 1661 3591 1732 λαλησάτωσαψ

319 1746 477 1801 simul
507 1764 523 1814 ;
556 1730 964 1820 tuncjudicium
994 1754 1339 1808 annuntivnt.
1374 1774 1394 1807 ι
1423 1754 1584 1811 Iubet
1629 1730 1883 1812 nimirum

2002 1751 2144 1823 ἂμα’
2179 1753 2300 1806 τότε
2335 1730 2516 1826 κρίσιν
2548 1730 3040 1822 ἀναγγειλάτωσαν.
3072 1773 3096 1805 ι
3131 1730 3574 1823 Παρακελεύεται

319 1838 539 1906 insulas,
572 1860 591 1893 ι
619 1843 991 1900 obmutescere
1015 1855 1069 1899 et
1095 1856 1298 1910 tacere,
1333 1864 1353 1899 ι
1390 1848 1683 1903 secundum
1714 1847 1890 1902 Tlieo-

318 1932 613 1998 dotionem,
673 1944 734 1989 ut
789 1937 1032 1991 divinum
1104 1952 1412 1992 sermonem
1482 1947 1537 1992 et
1593 1938 1888 1994 salutarem

318 2025 755 2094 praedicationem
788 2028 974 2084 audire
997 2028 1235 2084 valeant.
1260 2029 1469 2085 Insulas
1484 2045 1612 2084 vero
1634 2028 1888 2100 frequen-

318 2126 400 2172 ter
427 2129 583 2174 vocat
602 2119 873 2177 Ecclesias
897 2122 1151 2177 omnibus
1173 2137 1239 2178 ex
1267 2123 1518 2191 gentibus
1543 2124 1888 2187 constitutas,

318 2211 441 2280 quia
493 2211 612 2268 illas
652 2213 906 2283 nequitiae
935 2213 1152 2285 salsugo
1199 2229 1297 2270 ceu
1346 2229 1499 2269 mare
1540 2212 1886 2269 circumﬂuit.

320 2322 340 2354 ι
372 2301 653 2375 Principes
681 2306 828 2360 enim
872 2307 1158 2362 mutabunt
1201 2309 1535 2378 potentiam;
1567 2326 1588 2359 ι
1617 2315 1675 2360 ιιι
1714 2322 1889 2362 mores

317 2404 549 2463 mutent,
601 2404 659 2453 et
701 2412 730 2451 a
781 2397 1059 2468 peioribus
1113 2400 1179 2452 ad
1224 2396 1448 2453 meliora
1474 2406 1886 2453 convertantur.

320 2507 340 2539 ι
371 2489 644 2544 Accedant
673 2499 727 2545 et
756 2490 1050 2560 loquantur
1074 2489 1277 2556 simul;
1314 2509 1335 2544 ι
1387 2488 1642 2544 nimirum
1675 2499 1885 2560 gentes,

317 2580 512 2653 inquit,
543 2584 612 2637 ad
640 2598 728 2639 me
772 2584 939 2639 Deum
977 2598 1133 2638 suum
1162 2583 1446 2645 accedant,
1479 2590 1533 2637 et
1567 2582 1730 2637 verba
1766 2597 1885 2637 mea

316 2670 627 2742 loquantur,
663 2692 784 2746 quae
816 2675 977 2730 simul
1008 2685 1066 2730 et
1095 2675 1147 2730 in
1181 2688 1325 2731 coetu
1373 2676 1777 2742 recitabantur,
1817 2663 1891 2729 vi-

316 2765 513 2823 delicet
543 2768 597 2822 in
621 2767 865 2825 Ecclesia
897 2770 1039 2823 mea.

391 2936 553 2994 Vens.
586 2940 644 2995 2.
687 2957 707 2992 t
737 2938 890 2995 Tunc
940 2937 1203 3006 judicium
1259 2941 1601 2996 annnntient.
1627 2939 1762 3008 Quis
1790 2954 1886 2995 ex-

317 3031 506 3084 citavit
532 3032 605 3086 ab
639 3033 853 3086 oriente
881 3030 1148 3100 justitiam
1171 3032 1200 3086 ἲ
1229 3033 1441 3088 vocavit
1471 3047 1592 3087 eam
1623 3035 1691 3087 ad
1725 3034 1886 3103 pedes

317 3137 446 3177 suos
470 3129 523 3178 et
553 3123 752 3178 vadet?
773 3142 793 3175 ι
829 3097 1082 3194 Peroptat
1110 3125 1253 3181 enim
1288 3135 1346 3179 ut
1376 3135 1584 3196 gentes,
1614 3097 1775 3198 quem
1802 3127 1888 3180 di-
1915 3097 1957 3154 θ

316 3213 566 3269 dicerunt
617 3214 709 3270 Dei
764 3230 1069 3271 sermonem
1102 3217 1224 3274 aliis
1265 3220 1611 3275 annuntient.
1657 3218 1888 3274 Justitiae

315 3320 550 3376 namque
599 3323 735 3377 opus
765 3316 905 3374 erat,
959 3318 1018 3364 ut
1063 3325 1170 3364 non
1216 3310 1499 3365 domestici
1531 3319 1761 3373 tantum,
1792 3311 1888 3365 sed

315 3399 477 3454 etiam
511 3400 732 3471 reliqua:
757 3412 947 3473 gentes
980 3403 1047 3458 ad
1078 3402 1173 3457 Dei
1211 3402 1461 3458 nctitiam
1503 3411 1884 3457 evocarentur.

391 3517 411 3550 ι
440 3494 595 3551 Dabit
622 3496 675 3549 in
706 3501 995 3563 conspectu
1033 3495 1299 3564 gentium,
1343 3503 1400 3550 et
1448 3509 1604 3564 reges
1631 3493 1891 3562 obstupe-

318 3590 525 3646 faciet:
556 3597 611 3644 et
637 3587 786 3643 dabit
833 3586 886 3641 in
918 3595 1121 3640 terram
1170 3585 1380 3657 gladios
1420 3600 1638 3651 eorum,
1667 3593 1721 3640 et
1748 3584 1890 3639 sicut

316 3682 544 3753 stipulas
572 3680 825 3749 expulsas
849 3695 1011 3734 arcus
1041 3694 1255 3734 eorum.
1280 3697 1301 3732 ι
1343 3677 1597 3733 Sulnlidit
1632 3678 1707 3732 illi
1758 3678 1890 3732 mul-

315 3782 424 3844 tos,
461 3786 517 3829 ut
548 3772 898 3844 Babylonem.
927 3773 1072 3841 quod
1118 3771 1208 3842 jus
1254 3772 1579 3842 postulabat,
1626 3771 1885 3827 dirueret.

314 3865 436 3939 Ipse
464 3878 697 3934 namque
726 3873 864 3923 erat.
895 3864 987 3933 qui
1021 3864 1300 3933 etpriscis
1335 3862 1439 3919 illis
1462 3863 1592 3918 olim
1623 3865 1892 3933 religiosis

314 3958 630 4015 hominibus
663 3966 825 4011 notus
852 3954 974 4022 fuit,
1001 3964 1056 4009 et
1083 3956 1176 4026 qui
1202 3965 1324 4025 post
1351 3958 1589 4026 priscum
1618 3956 1762 4010 illum
1801 3972 1892 4026 po-

316 4049 501 4122 pulnm
530 4047 828 4103 Ecclesiam
853 4049 1098 4117 gentium
1132 4048 1237 4104 sibi
1272 4049 1644 4104 concreditatn
1675 4049 1885 4104 habuit.

390 4140 554 4195 Vns.
588 4138 644 4203 3,
685 4138 742 4194 4.
787 4156 808 4190 ι
853 4139 918 4194 Et
958 4152 1314 4210 persequetur
1347 4155 1444 4196 eos
1481 4158 1495 4196 :
1537 4142 1792 4198 transibit
1835 4143 1888 4197 in

314 4246 450 4302 pace
477 4233 560 4285 via
589 4231 782 4301 pedum
800 4229 937 4300 ejus.
960 4231 1093 4299 Quis
1114 4242 1375 4303 operatus
1391 4243 1477 4289 est
1501 4243 1557 4289 et
1582 4235 1708 4290 fecit
1737 4236 1891 4292 haec?

316 4325 543 4381 Vocavit
575 4339 718 4387 eam.
742 4324 835 4393 qui
885 4334 1040 4380 vocat
1067 4338 1188 4379 eam
1227 4339 1256 4378 a
1288 4328 1699 4396 generationum
1733 4328 1887 4398 prin-

1991 1846 2129 1916 δῆτα
2159 1847 2281 1908 ταῖς
2312 1846 2517 1916 νήσοις,
2554 1844 2693 1898 κατὰ
2724 1844 3076 1906 Θεοδοτίωνα,
3120 1860 3138 1893 ι
3178 1840 3443 1910 κωφεύειν
3476 1840 3595 1894 καὶ

1995 1940 2174 2011 σιγᾷν,
2214 1957 2233 1990 ι
2261 1938 2338 2002 ὠς
2369 1938 2434 1992 ἂν
2465 1939 2689 2010 ἐπήκοοι
2722 1938 2961 2006 γένοιντο
2985 1935 3171 2005 θεῖκῆς
3195 1933 3429 2006 ὁμιλίας,
3466 1950 3575 1986 σω-

1991 2032 2180 2104 τηρίου
2206 2046 2263 2084 τε
2298 2029 2672 2102 κηρύγματος.
2700 2031 2916 2100 Νήσους
2948 2028 3003 2081 δέ
3032 2024 3285 2098 ὀνομάζει
3329 2012 3592 2095 συνεχῶς.

1989 2124 2090 2187 τὰς
2116 2123 2175 2188 ἐξ
2198 2124 2453 2176 ἁπάντων
2490 2122 2596 2175 τῶν
2622 2120 2788 2175 ἐθνῶν
2804 2120 3148 2191 Ἐκκλησίας,
3175 2117 3263 2172 διὰ
3294 2118 3356 2171 τδ
3379 2116 3574 2188 ῶσπερ

1991 2211 2098 2267 ὑπὸ
2139 2211 2416 2282 θαλάσσης
2466 2210 2851 2283 περιρρέεσθαι
2901 2209 3008 2263 ὑπὸ
3052 2210 3154 2279 τῆς
3196 2209 3441 2281 ἁλμυρᾶς
3471 2208 3571 2261 τοῦ

1993 2303 2107 2374 βίου
2141 2301 2357 2366 κακίας.
2397 2320 2415 2353 ι
2456 2305 2518 2356 Οἱ
2543 2303 2649 2374 γὰρ
2677 2303 2935 2374 ἄρχοντες
2965 2301 3277 2368 ἁλλάξουσιν
3313 2302 3461 2372 ἰσχύν
3481 2318 3499 2332 ι
3541 2320 3579 2353 ι.

1991 2398 2067 2463 ὡς
2106 2396 2172 2452 ἂν
2205 2396 2559 2467 μεταϐάλοιεν
2595 2396 2682 2449 τὸν
2714 2394 2922 2448 ἑαυτῶν
2950 2396 3171 2467 τρόπον,
3203 2397 3296 2449 καὶ
3328 2394 3592 2465 ἀλλαγὴνι

1990 2491 2090 2562 τὴν
2132 2490 2239 2544 ἀπὸ
2268 2488 2380 2543 τῶν
2416 2489 2671 2561 χειρόνων
2718 2489 2809 2540 ἐπὶ
2858 2489 2927 2542 τὰ
2976 2490 3206 2561 κρείττω
3238 2491 3584 2559 ποιήσοιντο..

1996 2601 2015 2634 ι
2075 2584 2480 2651 Ἐγγισάτωσαν
2519 2580 2611 2633 καὶ
2651 2579 3038 2648 λαλησάτωσαν
3084 2581 3232 2650 ἆμαο
3276 2599 3294 2631 ι
3328 2579 3571 2651 δηλονότι

1990 2675 2057 2728 τὰ
2081 2673 2206 2746 ἔθνη
2229 2674 2366 2747 πρὸς
2397 2673 2486 2744 μὲ.
2507 2673 2659 2744 φησι,
2682 2674 2773 2725 τὸν
2793 2672 2924 2726 Θεὸν
2957 2674 3355 2742 ἐγγισάτωσαν,
3378 2672 3473 2727 καὶ
3498 2671 3572 2726 τὰ

1990 2764 2015 2816 ἐ
2025 2763 2101 2834 μὰ
2126 2767 2344 2835 ῥήματα
2372 2762 2784 2834 λαλησάτωσαν,
2812 2762 2947 2833 ὁμοῦ
2993 2763 3134 2816 κατὰ
3162 2764 3223 2817 τὸ
3251 2763 3383 2817 αὐτὸ
3418 2764 3574 2832 γενό-

1994 2873 2152 2927 μενα,
2195 2858 2253 2909 ἐν
2290 2858 2357 2928 τῇ
2397 2858 2505 2928 ἐμῇ
2526 2854 2727 2926 δηλαδὴ
2768 2854 3083 2926 Ἐκκλησία.

2067 2968 2085 3000 ι
2119 2949 2251 3003 Τότε
2283 2949 2462 3023 κρίσιν
2492 2946 2987 3017 ἀναγγειλάτωσαν.
3013 2947 3109 3011 Τίς
3152 2948 3434 3020 ἐξήγειρεν
3460 2947 3574 3002 ἀπὸ

1993 3040 2267 3095 ἀνατολῶν
2313 3039 2695 3111 δικαιοσύνην;
2735 3041 2990 3096 ἐκάλεσεν
3022 3041 3190 3111 αὐτὴν
3232 3040 3372 3095 κατὰ
3402 3039 3574 3102 πόδας

1992 3133 2179 3198 αὐτοῦ,
2200 3135 2293 3188 καὶ
2310 3134 2635 3205 πορεύσεται
2653 3150 2668 3199 ;
2697 3152 2715 3183 ι
2732 3132 2834 3186 Τὸν
2849 3132 2955 3205 γάρ
2979 3134 3108 3204 περὶ
3122 3133 3218 3203 τῆς
3236 3131 3469 3204 κρίσεως
3483 3131 3575 3185 λό-

1991 3243 2085 3296 γον
2108 3224 2355 3295 βούλεται
2375 3224 2610 3296 μαθόντα
2630 3224 2699 3277 τά
2714 3224 2839 3296 έθνη
2858 3224 2951 3278 καὶ
2967 3223 3171 3291 ἑτέροις
3183 3220 3491 3291 άπαγγέλλε
3500 3239 3572 3275 ιν.

1990 3316 2345 3388 Δικαιοσύνης
2370 3318 2480 3389 γὰρ
2523 3316 2682 3388 ἔργον
2723 3312 2791 3389 ἦν
2820 3317 2881 3369 τὸ
2917 3315 2997 3387 μὴ.
3021 3316 3184 3379 ίδίους
3220 3316 3399 3385 μόνον,
3434 3314 3576 3368 ἀλλὰ

1991 3412 2085 3465 καὶ
2108 3409 2176 3463 τὰ
2196 3410 2359 3464 λοιπὰ
2382 3409 2507 3480 ἔθνη
2534 3409 2815 3463 καλεῖσθαι
2837 3408 2929 3461 ἐπὶ⁵
2950 3407 3047 3479 τὴν
3070 3407 3164 3461 τοῦ
3189 3406 3323 3461 Θεοῦ
3346 3407 3569 3476 γνῶσιν.

2068 3521 2086 3553 ι
2127 3500 2299 3554 Δὼσει
2331 3499 2575 3554 ἐναντίον
2630 3499 2821 3559 ἐθνῶν,
2881 3499 2976 3551 καὶ
3010 3498 3245 3569 βασιλεῖς
3278 3499 3528 3570 ἐκστήσει
3554 3515 3568 3528 ·

1992 3594 2085 3648 καὶ
2117 3592 2279 3647 δώσει
2308 3593 2389 3656 είς
2418 3592 2519 3662 γῆν
2546 3589 2645 3654 τὰς
2681 3590 2954 3662 μαχαίρας
2980 3591 3181 3655 αὐτῶν,
3210 3591 3303 3644 καὶ
3331 3591 3408 3653 ὡς
3434 3589 3574 3659 φρύ-

1991 3701 2134 3753 γανα
2175 3684 2458 3754 ἐξωσμένα
2502 3681 2569 3735 τὰ
2606 3682 2734 3748 τόξα
2775 3682 2975 3735 αὐτῶν.
3014 3702 3032 3734 ι
3081 3683 3377 3747 ’Υπέταξεν
3424 3681 3576 3753 αὺτῷ

1993 3775 2244 3840 πολλοὺς,
2274 3775 2360 3828 ἴνα
2390 3771 2597 3847 καθέλῃ
2640 3771 2933 3827 Βαϐυλῶνα
2959 3771 3199 3833 δικαίως.
3247 3772 3417 3835 Αὐτὸς
3455 3771 3569 3843 γὰρ

1991 3863 2062 3939 ἦν
2086 3869 2114 3920 ὁ
2146 3867 2241 3920 καὶ
2263 3869 2377 3929 τοῖς
2404 3864 2642 3938 πρώτοις
2671 3863 2945 3936 πρόπαλαι
2979 3867 3071 3918 καὶ
3100 3863 3159 3929 ἐξ
3189 3865 3362 3935 ἀρχῆς
3392 3863 3577 3935 θεοφι-

1990 3960 2106 4013 λέσι
2146 3958 2458 4029 γενομένοις
2496 3958 2779 4028 γνωσθεὶς,
2811 3960 2904 4013 καὶ
2947 3960 2976 4012 ό
3018 3956 3153 4029 μετὰ
3185 3958 3276 4009 τὸν
3306 3956 3574 4029 πρότερον

1991 4049 2116 4105 λαὸν
2154 4050 2261 4103 τῶν
2294 4048 2463 4103 ἐθνῶν
2503 4048 2828 4119 Ἐκκλησίαν
2868 4048 3321 4118 πεπιστευμένος.

2069 4161 2088 4193 ι
2134 4142 2244 4194 Καὶ¹
2283 4140 2528 4206 διώξεται
2578 4140 2792 4204 αὐτούς’
2837 4140 3167 4193 διελεύσεται
3210 4141 3269 4192 ἐν
3301 4140 3493 4212 εἰρήνῃ
3535 4139 3571 4209 ἠ

1990 4232 2108 4296 ὁδὸς
2146 4231 2254 4285 τῶν
2295 4230 2468 4283 ποδῶν
2517 4229 2703 4286 αὑτοῦ.
2759 4230 2854 4294 Τίς
2902 4231 3169 4300 ἐνήργησε
3217 4228 3308 4282 καὶ
3349 4228 3574 4299 ἐποίησε

1992 4323 2198 4388 ταῦτα;
2250 4321 2539 4376 Ἐκάλεσεν
2571 4322 2740 4392 αὐτὴν
2771 4322 2803 4374 ὁ
2827 4320 3005 4375 καλῶν
3034 4320 3202 4391 αὐτὴν
3237 4320 3345 4374 ἀπὸ
3369 4320 3574 4389 γενεῶν

315 4417 479 4486 ripio.
513 4436 533 4470 ι
566 4416 916 4475 Testilicatur
949 4432 1055 4472 non
1083 4417 1357 4489 vulgarem
1390 4418 1679 4474 utilitatem
1709 4422 1887 4492 genti-

2002 4416 2180 4488 ipxﬁg.
2231 4434 2249 4466 ι
2288 4413 2659 4485 Μαρτυρεῖδέ
2684 4416 2712 4467 ό
2746 4413 2902 4482 λόγος
2939 4413 3203 4481 ὠφέλειαν
3248 4413 3309 4465 οὐ
3338 4411 3435 4482 τὴν
3478 4430 3573 4465 τυ-

313 4510 417 4566 bus
443 4511 825 4574 obventuram,
864 4510 911 4564 si
960 4525 988 4563 a
1015 4510 1243 4580 pristina
1273 4511 1518 4567 caacitate
1567 4522 1625 4567 et
1664 4512 1888 4568 deorum

315 4603 661 4659 multitudine
693 4602 992 4667 translata,
1025 4602 1242 4657 videant
1267 4618 1390 4659 eum
1420 4604 1514 4674 qui
1546 4605 1701 4673 dixit,
1735 4623 1754 4658 ι
1779 4604 1893 4675 Ego

314 4693 460 4751 Deus
499 4696 727 4765 primus,
766 4705 822 4749 et
873 4695 924 4749 in
954 4703 1182 4750 ventura
1241 4705 1482 4765 tempora
1535 4711 1637 4765 ego
1691 4714 1834 4752 sum.
1866 4717 1884 4750 ι

313 4788 485 4854 Quem
533 4803 659 4843 cum
692 4787 942 4843 viderent
983 4789 1372 4852 cxtimuerunt,
1428 4790 1496 4843 ad
1543 4789 1757 4843 initium
1805 4804 1895 4843 sa—

311 4881 531 4950 pientiae
569 4878 869 4949 profectae;
910 4895 1036 4934 nam
1089 4898 1108 4934 ι
1149 4880 1372 4937 Initium
1405 4881 1693 4952 sapientiae
1728 4882 1894 4937 timor

315 4971 531 5026 Domini
567 4971 682 5025 “.1

388 5066 548 5119 Vens.
582 5065 700 5123 5-7.
758 5084 776 5114 ι
813 5065 1058 5120 Termini
1094 5076 1254 5120 terra:
1284 5077 1654 5131 accesserunt,
1699 5076 1754 5120 ct
1801 5083 1891 5116 vc-

314 5166 514 5211 nerunt
565 5157 749 5221 simul.
788 5159 1043 5229 judicans
1077 5161 1450 5227 unusquisque
1494 5162 1741 5226 proximo
1769 5176 1888 5221 suo,

313 5258 370 5300 ct
422 5251 578 5303 i‘rntri
625 5251 897 5308 auxiliari.
956 5250 1020 5306 Et
1047 5252 1213 5318 dicet,
1242 5250 1533 5306 Prmvalttit
1557 5253 1639 5305 vir
1669 5251 1887 5312 artifex,

314 5352 370 5392 et
417 5342 646 5396 avrarins
675 5344 993 5412 percutiens
1034 5342 1263 5398 malleo:
1314 5344 1475 5398 simul
1530 5345 1754 5410 cudens,
1801 5345 1894 5397 ali-

313 5432 536 5501 quando
562 5433 779 5501 quidem
810 5422 979 5502 dicet,
1005 5434 1271 5490 Solidatio
1318 5435 1457 5490 bona
1489 5445 1593 5491 est.
1622 5436 1889 5492 Corrnbo-

320 5533 518 5578 urunt
547 5537 610 5577 ea
642 5525 832 5588 clavis,
866 5534 1066 5596 ponent
1099 5542 1184 5596 ea,
1213 5535 1269 5583 et
1306 5541 1411 5584 non
1453 5527 1834 5584 movebuntur.
1869 5544 1889 5578 ι

386 5677 436 5713 ⁸⁸
466 5678 610 5737 Psal.
639 5695 727 5740 et.
756 5680 822 5739 10

1991 4506 2192 4578 χοῦσαν
2220 4508 2331 4568 τοῖς
2367 4504 2596 4565 ἔθνεσιν,
2632 4503 2775 4572 εἴγε
2811 4502 3211 4574 μεταϐάλλοντα
3246 4502 3346 4571 τῆς
3378 4503 3574 4573 προτέ-

1992 4615 2093 4669 ρας
2146 4596 2406 4665 άϐλεψίας
2455 4596 2550 4649 καὶ
2580 4593 2887 4658 πολυθεῖας,
2930 4593 3111 4647 ίδοσαν
3143 4593 3232 4647 τὸν
3272 4593 3531 4663 εἰρηκότα
3555 4608 3568 4621 ·

1996 4708 2014 4738 ι
2069 4688 2208 4757 Ἐγὼ
2251 4687 2383 4751 Θεὸς
2434 4686 2668 4757 πρῶτος,
2717 4687 2813 4740 καὶ
2845 4690 2924 4750 εἰς
2970 4691 3039 4740 τὰ
3084 4686 3425 4757 ἐπερχόμενα
3464 4684 3574 4752 ἐγὼ

1991 4782 2129 4850 εἰμι.
2172 4800 2190 4829 ι
2243 4779 2351 4832 Καὶ
2399 4779 2578 4831 ἰδόντα
2626 4777 3000 4848 ἐφοϐήθησαν,
3034 4780 3092 4830 ἐν
3123 4778 3265 4847 ἀρχῇ
3308 4777 3574 4846 γενόμενα

1992 4870 2217 4939 σοεξας·
2268 4889 2286 4920 ι
2339 4868 2505 4940 Ἀρχὴ
2538 4870 2647 4940 γὰρ
2682 4869 2874 4938 σοφίας
2908 4867 3071 4936 φόϐος
3104 4868 3331 4940 Κυρίου.
3374 4888 3392 4920 ι

2069 5067 2087 5097 t
2128 5048 2206 5102 Τὰ
2236 5050 2380 5120 ἄκρα
2407 5050 2507 5120 τῆς
2536 5050 2639 5119 γῆς
2673 5050 2926 5120 ἤγγισαν,
2959 5049 3052 5103 καὶ
3083 5044 3247 5119 ἦλθον
3279 5047 3414 5117 ἅμα,
3455 5044 3577 5117 κρί-

1990 5157 2096 5193 νων
2125 5140 2356 5202 ἐκαστος
2381 5139 2459 5211 τῷ
2504 5141 2753 5213 πλησίον,
2788 5141 2883 5194 καὶ
2931 5139 3010 5211 τῷ
3040 5139 3254 5210 ἀδελφῷ
3289 5138 3572 5209 βοηθῆσαι.

1998 5234 2108 5286 Καὶ
2140 5234 2282 5303 ἐρεῖ·
2325 5235 2571 5303 Ἴσχυσεν
2605 5232 2743 5305 ἀνὴρ
2774 5233 3000 5299 τέκτων,
3032 5233 3125 5287 καὶ
3157 5232 3390 5303 χαλκεὺς
3415 5231 3442 5282 ό
3479 5229 3576 5282 τύ-

2000 5340 2147 5374 πτων
2175 5322 2375 5395 σφύρᾳ,
2410 5325 2526 5395 ἅμα
2549 5324 2805 5389 ἐλαύνων,
2826 5324 2955 5377 ποτέ
2984 5325 3080 5395 μέν
3109 5325 3243 5397 ἐρεῖ,
3276 5321 3577 5392 Σύμϐλημα

2001 5414 2164 5468 καλόν
2213 5416 2383 5471 ἐστιν.
2438 5418 2764 5488 Ἰσχύρωσαν
2819 5417 2957 5473 αὐτὰ
3008 5420 3064 5470 ἐν
3116 5417 3286 5487 ἣλοις,
3322 5417 3578 5486 θήσουσιν

2001 5507 2158 5573 αὐτὰ,
2190 5510 2282 5563 καὶ
2314 5509 2374 5564 οὐ
2410 5511 2811 5583 κινηθήσονται.
2853 5533 2871 5565 ι
2910 5514 2981 5565 Τὸ
3009 5513 3116 5585 γὰρ
3148 5512 3581 5583 παραδοξότατον
