3880 6216
194 324 301 380 377

1116 290 1615 372 conuentum
1654 308 1718 364 IN
1765 303 2014 363 lSAlAM.
2064 332 2124 343 —
2165 299 2319 357 CAP.
2357 295 2492 353 xu.

3334 279 3439 344 318

192 437 356 493 τοῦτό
389 437 557 515 ἔστιν,
588 437 671 491 ὅτι
699 435 794 489 καὶ
823 434 893 489 τὰ
924 433 1176 507 βάρϐαρα
1217 432 1359 504 φύλα
1401 433 1495 486 καὶ
1523 430 1594 485 τὰ
1635 430 1754 501 πορ-

1868 425 2001 482 Nam
2016 423 2157 494 quod
2186 436 2283 491 per
2305 418 2525 489 quidem
2544 413 2740 471 mirum
2770 419 2874 478 est,
2902 409 3148 468 barbara:
3171 407 3440 470 nationes,

193 529 424 603 ρωτάτω
455 527 818 598 ἀπῳκισμένα
862 525 1158 597 Ἰουδαϊκῆς
1191 524 1393 596 χώρας,
1419 522 1539 577 καθ’
1573 523 1639 594 ἢν
1676 522 1770 593 μό-

191 638 291 694 νην
314 620 678 691 γνωρίζεσθαι
698 619 975 690 ἐνομίζετο
996 619 1059 673 τὺ
1084 619 1310 672 παλαιὸν
1336 619 1365 670 6
1390 616 1541 681 Θεὸς,
1568 615 1768 685 γνῶσιν

189 711 455 783 ἀνείληφε
495 711 595 782 τῆς
625 710 904 775 εὐσεϐείας
940 711 1033 765 καὶ
1063 712 1162 783 τῆς
1191 709 1530 774 θεοσεϐείαςο
1567 708 1640 771 ὼς
1673 707 1767 759 ἐκο

190 802 468 873 πλαγῆναι
491 803 589 871 τῆς
618 801 709 855 τοῦ
737 801 872 856 Θεοῦ
898 801 1237 873 δικαιοσύνης
1267 802 1364 873 τὴν
1389 801 1569 873 χάριν,
1604 798 1769 853 σπεῦ-

190 894 281 946 σαί
307 911 371 946 τε
403 891 498 947 καὶ
522 893 693 947 ἐλθεῖν
720 893 1131 966 άκολούθωςτῷ
1165 895 1396 964 φήσαντι
1427 892 1764 965 κηρύγματι·

191 1004 213 1037 ¢
281 986 715 1054 Ἐγγισάτωσαν,
762 987 856 1040 καὶ
882 985 1267 1057 λαλησάτωσαν
1299 984 1435 1056 ἅμα.
1483 1004 1501 1035 ι
1539 985 1614 1037 Οὐ
1656 982 1767 1055 γὰρ

190 1074 353 1145 μόνον
393 1076 621 1138 ἑαυτοὺς
654 1074 847 1139 σώζειν
873 1078 923 1130 oi
957 1076 1310 1147 κεκλημένοι,
1346 1075 1481 1129 ἀλλὰ
1516 1075 1608 1128 καὶ
1640 1076 1767 1138 τοὺς

184 1163 418 1235 πλησίον
466 1164 606 1219 κατὰ
651 1165 775 1228 τοὺς
806 1165 903 1236 τῆς
948 1164 1352 1236 φιλανθρωπίας
1392 1164 1608 1235 νόμους.
1656 1159 1765 1216 Ἦν

183 1269 321 1307 ποτε
353 1253 546 1324 χρόνος
576 1253 667 1306 ὅτε
701 1253 793 1306 καὶ
840 1255 871 1324 ἡ
882 1254 997 1323 μῶν
1042 1255 1219 1308 αὐτῶν
1265 1252 1592 1323 κατίσχυσεν
1625 1253 1765 1325 ἀνὴρ

183 1345 395 1399 τέκτων
436 1345 466 1398 6
504 1345 602 1415 τὴν
637 1344 1074 1417 εἰδωλολατρείαν
1118 1345 1613 1416 κατεργασάμενος,
1669 1344 1764 1397 καὶ

182 1436 422 1507 χαλκεὺς
445 1435 662 1489 τύπτων
703 1437 881 1508 σφύρᾳ
906 1436 1032 1500 τοὺς
1059 1435 1250 1490 ἑαυτοῦ
1291 1435 1445 1499 θεούς
1462 1452 1476 1466 ’
1508 1435 1643 1489 ἀλλὰ
1668 1435 1764 1491 νῦν

182 1528 435 1598 ἔγνωμεν
468 1526 526 1579 τὸ
563 1528 732 1599 μηθὲν
764 1528 923 1591 ὄντας
947 1529 1205 1593 ἐκείνους,
1239 1529 1333 1583 καὶ
1359 1528 1460 1598 τῆς
1492 1528 1764 1601 πατρικῆς

181 1621 540 1691 κατέγνωμεν
569 1620 796 1690 πλάνης,
821 1619 849 1673 δ
876 1621 938 1693 δὴ
970 1620 1063 1674 καὶ
1093 1621 1238 1691 ὑμᾶς
1266 1621 1532 1694 προσήκει
1562 1619 1766 1691 μανθά-

180 1728 376 1775 νοντας
406 1711 751 1779 ὠφελεῖσθαι.
778 1714 983 1781 Δεῖγμα
1004 1710 1059 1764 δὲ
1091 1712 1189 1783 τῆς
1217 1710 1506 1783 άδρανείας
1527 1709 1636 1764 τῶν
1661 1711 1765 1764 πά-

1870 528 1925 574 et
1966 515 2283 585 longissime
2326 518 2547 565 remota:
2591 522 2621 561 a
2660 505 2883 561 Iudaica
2942 504 3181 573 regione,
3234 501 3289 555 in
3331 515 3441 566 qua

1869 609 1984 666 sola
2014 608 2156 663 Deus
2179 605 2311 658 olim
2347 596 2507 658 notus
2540 613 2662 654 esse
2692 596 3008 666 putabatur,
3038 594 3104 649 ad
3133 593 3348 663 pietatis
3378 601 3434 644 et

1869 699 2151 771 religionis
2202 696 2447 752 notitiam
2496 699 2892 754 accesserunt,
2934 689 3008 743 ita
3051 698 3111 741 ut
3146 687 3214 741 de
3259 684 3437 755 gratia

1871 794 2068 850 divina:
2104 790 2328 861 iustitiae
2358 786 3002 855 obstupescerent,atque
3020 787 3350 835 maturarent
3383 786 3440 830 ιιι

1865 873 2140 947 venirent,
2166 878 2540 952 praedicationi
2569 876 2956 945 obsequentes,
2996 888 3117 943 quze
3148 872 3250 933 ait,
3296 890 3316 921 ι
3340 871 3440 924 Ac-

1866 977 2063 1033 cedant
2105 983 2162 1030 et
2200 974 2492 1041 loquantur
2542 969 2725 1023 simul.
2750 986 2770 1020 ι
2824 966 2949 1021 Vult
2991 967 3136 1021 enim
3164 974 3224 1018 ut
3250 978 3440 1018 secun-

1866 1069 1993 1124 dum
2040 1065 2399 1124 humanitatis
2447 1062 2616 1130 leges,
2667 1060 2760 1129 qui
2796 1058 2967 1113 vocati
3021 1064 3168 1118 sunt,
3194 1069 3298 1109 nou
3327 1067 3440 1106 suae

1868 1172 2101 1225 tantum,
2149 1160 2244 1214 sed
2279 1155 2511 1226 proximi
2548 1154 2710 1207 etiam
2761 1151 2922 1205 saluti
2957 1148 3269 1205 consulant.
3313 1143 3447 1201 Fuit'

1864 1253 1989 1309 olim
2022 1262 2259 1321 tempus,
2295 1264 2402 1318 quo
2424 1247 2579 1301 faber
2627 1244 2892 1299 idolorum
2946 1241 3143 1310 opifer,
3193 1249 3247 1294 et
3305 1254 3439 1296 arra-

1863 1347 1979 1400 rius
2001 1344 2195 1399 malleo
2220 1342 2429 1398 cudens
2454 1340 2582 1393 deos
2613 1351 2763 1402 suos,
2809 1335 2864 1389 in
2916 1351 3013 1389 nos
3040 1332 3390 1405 praevalerent
3418 1347 3443 1384 :-

1865 1447 1922 1492 at
1947 1437 2059 1507 jam
2084 1435 2337 1490 novimus
2364 1447 2460 1487 eos
2483 1428 2615 1491 nihil
2643 1443 2786 1495 esse,
2811 1437 2864 1483 et
2887 1434 3167 1497 paternum
3193 1438 3435 1478 errorem

1865 1528 2209 1588 damnamus,
2240 1527 2386 1591 quod
2410 1535 2503 1573 vos
2526 1519 2593 1573 ad
2620 1519 2910 1573 utilitatem
2929 1526 3168 1573 vestram
3192 1514 3438 1567 ediscere

1863 1630 2004 1685 opus
2053 1620 2156 1669 est.
2190 1609 2584 1667 lmbecillitatis
2631 1617 2810 1663 autem
2845 1621 3032 1662 eorum
3084 1604 3173 1674 qui
3217 1617 3246 1657 a
3277 1602 3446 1658 nobis

1864 1708 1992 1765 olim
2026 1723 2125 1778 pro
2157 1706 2262 1761 diis
2309 1703 2668 1767 habebantur,
2721 1708 3096 1770 argumentum
3141 1705 3244 1761 est,
3293 1695 3438 1764 quod

178 1799 270 1852 λαι
298 1768 671 1870 νομισθέντων
700 1803 831 1871 ἡμῖν
861 1768 998 1854 iisch
1026 1799 1087 1853 τὸ
1226 1768 1447 1854 ἑστάναι
1480 1768 1754 1867 δύνασθαι,

1867 1813 1935 1853 ne
1978 1768 2122 1853 stare
2167 1796 2382 1868 quidem
2429 1793 2659 1862 possint,
2707 1768 2810 1845 nisi
2857 1787 2993 1859 palis
3023 1800 3080 1843 et
3105 1787 3274 1843 clavis
3297 1785 3435 1839 deti-

176 1896 229 1946 εἰ
266 1894 344 1964 μὴ
380 1894 614 1965 γόμφοις
643 1895 753 1947 τισὶ
787 1895 879 1948 καὶ
912 1894 1061 1965 ἥλοις
1092 1896 1409 1966 ὲμπαρεῖεν.

254 2001 275 2034 ι
322 1984 398 2036 Σὺ
426 1983 503 2047 δὲ,
545 1983 763 2055 Ἰσραὴλ
792 1986 918 2048 παῖς
950 2001 1072 2054 μου,
1115 1983 1330 2048 Ἰακὼϐ,
1365 1985 1461 2038 καὶ
1490 1984 1549 2038 ὃν
1587 1984 1764 2050 ἐξελε-

176 2074 385 2144 ξάμην,
412 2074 634 2147 σπέρμα
673 2073 940 2146 Ἀϐραὰμ,
966 2076 1024 2128 ὃν
1045 2075 1325 2145 ἠγάπησα.
1368 2094 1385 2126 ι
1416 2075 1586 2128 Παῖδα
1616 2073 1766 2146 πρῶ-

174 2181 272 2217 τον
304 2164 585 2234 ὀνομάζει,
625 2164 815 2218 ἔπειτα
844 2166 1120 2230 ἐκλεκτὸν,
1154 2162 1273 2220 εἶτα
1323 2165 1621 2237 ἀγαπητόν.
1660 2150 1763 2220 Τὸν

178 2256 282 2326 μὲν
304 2255 385 2318 ὡς
419 2259 477 2309 ὲν
509 2256 703 2327 ἀρχαῖς
727 2256 854 2311 ὄντα
882 2258 977 2312 καὶ
1011 2258 1160 2330 φόϐῳ
1200 2257 1445 2322 δουλείας
1485 2258 1763 2326 παιδαγω-

174 2348 470 2419 γούμενον.
502 2344 612 2413 οἷος
647 2345 715 2419 ἦν
744 2350 772 2402 6
810 2347 1167 2412 άποστολικὸς
1209 2348 1388 2419 χορὸς,
1427 2347 1516 2401 τὸν
1547 2349 1764 2418 πρῶτον

176 2441 297 2510 βίον
334 2440 443 2492 ὑπὸ
466 2439 557 2492 τὸν
585 2438 931 2509 παιδαγωγὸν
964 2439 1121 2510 νόμον
1162 2435 1401 2507 γεγονώς
1420 2455 1434 2469 ο
1461 2437 1554 2490 τὸν
1580 2438 1636 2491 δὲ
1669 2438 1764 2491 αύ-

172 2533 269 2586 τὸν
311 2532 571 2586 ἐκλεκτὸν
610 2516 866 2603 ὀνομάζει
886 2571 901 2594 ,
931 2531 1007 2595 ὡς
1040 2530 1106 2584 ἂν
1136 2531 1488 2603 προκόψαντα
1521 2532 1617 2584 καὶ
1664 2531 1761 2602 τῆς

172 2620 449 2691 σωτηρίου
473 2621 715 2691 κλήσεως
735 2622 825 2675 καὶ
845 2619 1071 2690 ἐκλογῆς
1091 2619 1514 2691 κατηξιωμένον.
1533 2620 1762 2692 Σπέρμα

169 2709 232 2764 δὲ
290 2709 546 2782 Ἀϐραὰμ
581 2710 766 2781 ἕτερον
810 2710 994 2780 τάγμα
1026 2710 1294 2780 τυγχάνον
1341 2710 1492 2782 παρὰ
1538 2710 1598 2763 τὸ
1650 2708 1759 2765 τῶν

169 2800 484 2865 ἐκλεκτῶν,
519 2803 701 2855 ὁποῖον
748 2801 813 2855 ἂν
845 2803 930 2871 εἴη
963 2801 1026 2854 τὸ
1079 2799 1278 2871 πλῆθος
1318 2800 1425 2854 τῶν
1469 2801 1756 2865 Ἰουδαίων,

168 2897 314 2964 πρὸς
340 2893 437 2957 οὓς
481 2893 862 2963 διαλεγόμενος
893 2895 922 2945 ὁ
967 2890 1156 2964 Σωτὴρ
1184 2891 1400 2960 ἔλεγεν·
1436 2909 1454 2943 ι
1492 2887 1641 2956 Οἶδα,
1677 2892 1758 2945 ὅτι

1901 1899 2077 1944 antur.

1864 1906 2077 1961 gantur.

1934 1978 2098 2035 νειμ.
2130 1978 2183 2034 8.
2250 1978 2373 2032 «Tu
2405 1985 2588 2029 autem
2632 1974 2799 2028 Israel
2848 1987 2980 2042 puer
3023 1984 3196 2035 meus,
3242 1967 3433 2031 Jacoh,

1864 2088 2025 2143 quem
2053 2071 2213 2142 elegi,
2252 2084 2437 2125 semen
2472 2068 2779 2132 Abraham,
2806 2080 2966 2135 quem
3016 2063 3204 2118 dilexi.
3236 2080 3255 2114 ι
3292 2059 3432 2114 Pue-

1867 2180 1983 2218 rum
2013 2164 2188 2233 primo
2218 2170 2399 2224 vocat,
2436 2161 2561 2214 hinc
2598 2159 2853 2218 electum,
2910 2166 3093 2223 postea
3147 2154 3438 2209 dilectum.

1866 2255 2100 2310 Puerum
2124 2253 2368 2324 quidem,
2397 2253 2548 2322 quasi
2613 2252 2664 2306 in
2734 2252 2921 2321 primis
2976 2247 3145 2303 initiis
3193 2247 3435 2315 degeret,

1863 2362 1927 2401 ac
1953 2354 2098 2400 metu
2139 2343 2416 2399 servitutis
2468 2332 2876 2409 institueretur;
2905 2340 3081 2411 qualis
3119 2346 3237 2393 erat
3298 2352 3433 2405 apo-

1863 2437 2090 2492 stnlicus
2137 2436 2358 2499 chorus,
2393 2435 2484 2503 qui
2537 2436 2711 2503 primo
2755 2436 2878 2487 vita:
2913 2447 3027 2488 sua:
3068 2441 3308 2500 tempore
3331 2428 3435 2483 sub

1865 2531 1984 2600 lege
2016 2529 2171 2599 quasi
2206 2529 2307 2584 sub
2340 2530 2635 2599 paedagogo
2663 2528 2763 2582 fuit
2790 2541 2805 2580 :
2849 2527 3096 2580 eumdem
3128 2536 3290 2592 porro
3323 2522 3433 2574 ele-

1862 2629 2008 2675 ctum
2043 2630 2341 2688 nuncupat,
2370 2628 2554 2687 utpote
2586 2619 2677 2687 qui
2702 2615 2949 2687 profectu
2978 2624 3169 2667 auctus
3205 2610 3432 2665 salutari

1862 2712 2151 2767 vocatione
2183 2720 2238 2764 et
2267 2710 2531 2765 electione
2575 2709 2830 2778 dignatus
2882 2706 2972 2761 sit.
3007 2704 3203 2759 Semen
3250 2712 3432 2759 autent

1861 2804 2139 2858 Abraham
2189 2802 2332 2855 alius
2364 2812 2415 2855 et
2450 2801 2744 2855 distinctus
2782 2800 2918 2854 ordo
2962 2806 3046 2851 est
3092 2797 3162 2851 ab
3212 2794 3431 2857 electis,

1860 2894 2038 2965 qualis
2072 2902 2191 2949 erat
2227 2892 2521 2947 multitudo
2571 2891 2906 2955 Judzeoruut,
2951 2902 3091 2959 quos
3145 2887 3430 2956 alloquens

171 2985 403 3056 σπέρμα
439 2984 690 3057 Ἀϐραάμ
734 2987 877 3037 ἐστε.
908 3003 926 3035 ι
958 2984 1175 3055 Ἔτεροι
1201 2983 1258 3037 δὲ
1276 2979 1416 3054 ἦσαν
1438 2975 1584 3037 οὗτοι
1609 2983 1754 3056 παρὰ

1867 2984 2123 3041 Salvator
2174 2982 2427 3050 dicebat,
2472 3000 2493 3035 ι
2549 2981 2677 3037 Scio
2751 2983 2879 3051 quia
2956 2994 3139 3035 semer
3210 2977 3434 3035 Alu'ahze

165 3077 243 3130 τὰ
277 3077 450 3131 τέκνα
487 3076 583 3130 τοῦ
635 3076 906 3148 Ἀϐραὰμ,
957 3076 1086 3148 περὶ
1127 3069 1202 3129 ὧν
1252 3075 1497 3129 ἐδίδασκε
1550 3075 1752 3145 λέγων’

1863 3077 1996 3132 estis
2026 3076 2095 3132 ⁸⁷.
2125 3094 2145 3128 ι
2183 3074 2254 3129 At
2284 3075 2360 3129 illi
2407 3073 2605 3129 diversi
2657 3081 2862 3127 eranta
2888 3071 3017 3125 liliis
3064 3068 3320 3134 Abrahae,
3364 3068 3433 3123 de

173 3185 195 3218 ι
240 3167 306 3219 El
330 3166 504 3221 τέκνα
529 3165 623 3220 τοῦ
660 3167 909 3238 Ἀϐραὰμ
939 3163 1058 3239 ἦτε,
1088 3165 1158 3220 τά
1186 3164 1323 3238 ἔργα
1365 3166 1460 3220 τοῦ
1502 3165 1754 3238 Ἀϐραὰμ

1863 3167 2058 3237 quibus
2108 3167 2224 3221 haec
2274 3166 2557 3228 edocebat,
2618 3181 2637 3213 ι
2693 3162 2751 3218 Si
2791 3161 3024 3216 Abrahae
3068 3157 3166 3213 lilii
3218 3157 3433 3222 essetis,

162 3261 430 3314 ἐποιεῖτε.
469 3278 489 3311 ι
542 3258 790 3331 Ἀϐραὰμ
827 3260 924 3330 μὲν
956 3255 1049 3313 οὖν
1081 3258 1366 3332 ἀγαπητὸς
1390 3255 1458 3331 ἦν
1488 3258 1582 3312 τοῦ
1615 3257 1751 3313 Θεοῦ

166 3351 272 3406 καὶ
319 3350 518 3419 φίλης’
555 3349 636 3403 διὸ
680 3341 968 3405 λέλεκται·
1021 3368 1039 3401 ι
1087 3351 1316 3422 Σπέρμα
1361 3349 1642 3422 Ἀϐραάμ,
1692 3348 1752 3403 ὃν

163 3442 473 3513 ἠγάπησα·
519 3460 541 3493 ι
577 3441 609 3511 ἢ
646 3441 782 3496 κατὰ
821 3443 914 3495 τὸν
973 3443 1290 3513 Σύμμαχον,
1332 3459 1351 3493 ι
1394 3441 1623 3512 Σπέρμα
1662 3441 1751 3494 'A-

160 3537 361 3611 ϐραάμ
415 3533 514 3589 τοῦ
560 3535 713 3606 φίλου
780 3552 912 3607 μου·
965 3555 985 3588 ι
1034 3535 1178 3590 κατὰ
1233 3535 1290 3590 δὲ
1348 3537 1440 3590 τὸν
1494 3536 1748 3600 Ἀκύλαν,

168 3647 189 3679 ι
226 3629 466 3699 Σπέρμα
502 3627 787 3698 ἀγαπητόν
817 3645 940 3700 μου.
985 3647 1005 3682 ι
1046 3628 1120 3682 Τό
1146 3646 1210 3699 γε
1244 3629 1349 3701 μὴν
1393 3628 1613 3700 σπέρμα
1655 3630 1748 3684 αὑ-

160 3722 259 3776 τοῦ
293 3723 484 3776 οὐκέτι
519 3720 838 3792 ὴγαπῆσθαι
863 3721 1064 3792 ὁμοίως
1092 3720 1172 3793 τῷ
1210 3720 1463 3793 Ἀϐραάμ
1495 3721 1712 3790 λέγεται
1732 3739 1746 3753 ο

163 3814 305 3886 πλὴν
332 3813 473 3867 ἀλλὰ
501 3813 596 3866 καὶ
625 3813 686 3866 τὸ
725 3812 947 3883 σπέρμα
971 3811 1136 3867 αὐτοῦ
1168 3812 1325 3868 καλεῖ
1349 3812 1438 3867 διὰ
1460 3813 1566 3867 τῶν
1593 3814 1747 3868 ἐκλε-

164 3905 312 3960 κτῶν
355 3904 548 3969 αὑτοῦ,
584 3902 753 3958 είπὼν
802 3906 1018 3968 αὐτοῖς’
1076 3923 1095 3956 ι
1144 3904 1448 3977 Πορεύεσθε
1494 3905 1630 3978 πρὸς
1681 3906 1750 3961 τά

163 3996 419 4068 πρόϐατα
460 3993 775 4048 ἀπολωλότα
815 3992 966 4047 οἴκου
1008 3993 1244 4065 Ἰσραήλ.
1289 4013 1308 4045 ι

240 4108 261 4139 ι
296 4083 376 4143 OB
412 4086 787 4158 άντελαϐὁμην
816 4088 911 4140 ἀπ’
938 4086 1122 4160 άκρων
1152 4089 1251 4159 τῆς
1278 4088 1401 4161 γῆς,
1432 4089 1526 4143 καί
1553 4091 1616 4144 ἐκ
1640 4089 1749 4144 τῶν

164 4179 415 4233 σκοπιῶν
445 4178 617 4250 αὐτῆς
646 4177 885 4233 ὲκάλεσά
917 4196 997 4242 σε,
1036 4180 1130 4234 καὶ
1160 4175 1292 4235 εἶπά
1322 4197 1438 4236 σοι·
1475 4184 1612 4248 Παῖς
1647 4202 1747 4256 μου

163 4269 232 4325 εἴ·
251 4271 595 4343 ἐξελεξάμην
622 4288 702 4335 σε,
723 4272 814 4325 καὶ
835 4272 933 4326 ούκ
952 4272 1309 4342 ἐγκατέλιπόν
1333 4290 1412 4326 σε.
1445 4293 1464 4325 ι
1485 4275 1558 4346 Ση
1568 4276 1748 4345 μαίνει

160 4364 219 4418 δὲ
248 4364 341 4418 διὰ
361 4363 568 4417 τούτων
584 4365 711 4427 τοὺς
736 4365 794 4416 ὲν
817 4367 882 4435 τῇ
900 4364 1168 4435 διασπορᾷ
1187 4362 1279 4418 τού
1312 4364 1576 4419 Ἰουδαίων
1596 4365 1748 4430 λαοῦ,

1860 3272 2025 3327 opera
2056 3256 2290 3312 Abralue
2317 3254 2572 3310 faceretis
2600 3254 2665 3310 ⁸⁸.
2694 3272 2714 3306 ι
2741 3252 3015 3308 Abraham
3041 3265 3171 3322 ergo
3198 3250 3435 3306 dilectus

1859 3358 1916 3406 et
1956 3349 2162 3404 amicus
2217 3348 2307 3403 Dei
2353 3357 2513 3402 erat:
2561 3338 2731 3415 quare
2788 3345 2992 3399 dictum
3030 3353 3136 3408 est,
3191 3361 3210 3394 ι
3246 3357 3431 3398 semen

1857 3439 2160 3504 Abraham,
2193 3455 2352 3507 quem
2378 3438 2581 3505 dilexi;
2624 3456 2641 3491 ι
2677 3437 2814 3501 sive,
2849 3435 3145 3491 secundum
3183 3435 3430 3504 Symma-

1859 3532 2043 3594 chum,
2076 3548 2097 3584 ι
2125 3546 2310 3586 semen
2356 3530 2633 3584 Abraham
2689 3528 2848 3582 amici
2887 3529 3025 3592 mei;
3061 3546 3081 3580 ι
3127 3528 3429 3582 secundum

1857 3621 2110 3693 Aquilam
2144 3636 2295 3689 vero,
2332 3641 2351 3674 ι
2383 3604 2568 3677 semen
2606 3620 2868 3674 dilectum
2915 3634 3118 3674 meum.
3143 3638 3162 3672 ι
3206 3619 3274 3672 Ει
3300 3633 3430 3674 vero

1857 3730 2042 3771 setuen
2095 3713 2213 3783 eius
2242 3729 2344 3769 non
2376 3712 2595 3781 perinde
2628 3724 2790 3781 atque
2821 3711 3096 3766 Abraham
3140 3710 3312 3765 amari
3346 3712 3431 3765 ιιί·

1857 3809 2020 3862 citur.
2042 3806 2295 3860 Altamen
2327 3820 2425 3878 per
2462 3804 2669 3858 electos
2695 3818 2824 3857 suos
2861 3818 3043 3858 semen
3079 3803 3198 3870 ejus
3226 3814 3423 3867 vocat;

1858 3916 1982 3954 nam
2016 3900 2093 3953 ait
2123 3899 2252 3966 illis,
2292 3915 2312 3951 ι
2344 3898 2421 3953 lte
2462 3901 2531 3954 ad
2566 3913 2697 3954 oves
2732 3912 2852 3968 quae
2887 3897 3189 3967 perierunt,
3235 3896 3431 3952 domus

1855 3992 2023 4049 Israel
2051 3992 2117 4049 “.
2140 4010 2161 4044 ι

1927 4084 2094 4140 Vens.
2126 4081 2180 4137 9.
2209 4099 2228 4134 ι
2263 4081 2433 4149 Quem
2463 4081 2731 4152 assumpsi
2766 4081 2833 4135 ab
2858 4081 3116 4137 extremis
3161 4092 3340 4149 terrae,
3375 4088 3430 4135 et

1857 4198 1888 4232 δ
1924 4176 2160 4246 speculis
2187 4176 2304 4245 ejus
2342 4176 2532 4231 vocavi
2575 4183 2649 4237 te.
2694 4184 2747 4229 et
2784 4176 2892 4230 dixi
2936 4176 3056 4241 tibi,
3095 4173 3238 4230 Puer
3280 4191 3431 4230 nteus

1858 4284 1957 4324 es:
1987 4268 2127 4341 elegi
2187 4280 2260 4333 te,
2311 4276 2367 4322 et
2421 4282 2524 4320 non
2558 4266 2823 4335 dereliqui
2854 4278 2927 4320 te.
2959 4285 2979 4319 ι
3032 4266 3126 4322 llis
3158 4283 3319 4337 porro
3355 4269 3429 4320 si-

1860 4362 2086 4432 gniﬁcat
2113 4376 2208 4416 eos
2240 4362 2293 4415 in
2326 4361 2666 4431 dispersione
2702 4357 2908 4412 Judaici
2939 4358 3140 4427 populi,
3162 4374 3296 4428 quos
3319 4358 3429 4426 pri-

162 4456 257 4521 οὓς
274 4454 532 4526 πρώτους
558 4456 816 4527 κατηξίου
834 4455 932 4526 τῆς
961 4455 1126 4509 αὐτοῦ
1147 4455 1412 4527 κλήσεως.
1436 4456 1628 4511 Πολλοὶ
1642 4459 1750 4532 γὰρ

1863 4465 1977 4507 mos
2018 4452 2300 4506 vocatione
2324 4466 2418 4504 sua
2455 4450 2704 4520 dignatus
2730 4457 2834 4501 est.
2863 4447 3190 4515 Apostolicis
3229 4450 3428 4515 quippe

164 4548 310 4603 κατὰ
333 4550 463 4611 τοὺς
487 4548 878 4613 άποστολικοὺς
895 4548 1122 4620 χρόνους
1152 4550 1201 4601 οἱ
1231 4549 1339 4603 ἀπὸ
1370 4549 1635 4604 Ἰουδαίων
1660 4552 1752 4606 τὸν

164 4640 407 4712 Χριστοῦ
460 4640 618 4708 λόγον
662 4640 1124 4713 παραδεδεγμένοι
1144 4680 1160 4705 ,
1211 4640 1272 4694 ού
1309 4642 1465 4712 μόνον
1509 4643 1617 4696 ἀπὸ
1654 4645 1751 4715 τῆς

175 4728 441 4791 Ἰουδαίας
472 4729 575 4799 γῆς
595 4773 608 4795 ,
636 4728 770 4782 ἀλλὰ
799 4728 895 4783 καὶ
939 4731 997 4782 ὲν
1032 4732 1146 4794 τοῖς
1177 4729 1385 4795 λοιποῖς
1416 4730 1641 4787 ἔθνεσιν.

236 4931 257 4963 σ
306 4912 401 4983 Μὴ
438 4911 639 4982 φοϐοῧθ
690 4912 831 4983 μετὰ
865 4910 960 4966 σοῦ
1001 4914 1112 4985 γάρ
1156 4916 1305 4987 εἰμι’
1345 4915 1418 4988 μὴ
1462 4915 1666 4972 πλανῶ.
1723 4938 1743 4971 ι

172 4999 559 5071 Ἐπιθαρσύνει
593 5001 691 5072 τὴν
722 5002 950 5073 ἐκλογὴν
990 5003 1214 5075 ταύτην,
1254 5005 1335 5068 είς
1365 5005 1425 5058 τὸ
1450 5006 1624 5070 ἀδεῶς
1666 5009 1747 5072 είς

164 5095 345 5149 πάντα
382 5095 452 5147 τὰ
486 5094 614 5164 έθνη
644 5095 877 5167 κηρύξαι
910 5097 971 5149 τὸ
1000 5098 1359 5166 Εὑαγγέλιον·
1391 5098 1419 5152 ὃ
1442 5099 1506 5171 δὴ
1531 5101 1624 5155 καὶ
1647 5102 1747 5155 αύ-

166 5187 254 5249 τὸς
286 5187 476 5257 ἐδήλου
508 5188 567 5240 ὲν
599 5188 952 5258 Εὑαγγελίοις
977 5190 1005 5242 6
1032 5190 1222 5261 Σωτὴρ
1251 5190 1476 5260 φάσκων
1496 5208 1509 5222 ο
1546 5210 1564 5242 ‹
1613 5191 1744 5246 Ἰδοὺ

168 5279 275 5345 ἐγὼ
307 5280 429 5348 μεθ’
456 5281 609 5350 ὑμῶν
632 5283 747 5353 είμι
784 5283 960 5346 πάσας
989 5284 1087 5347 τὰς
1118 5284 1329 5357 ἡμέρας
1361 5284 1464 5348 ἕως
1496 5285 1592 5355 τῆς
1620 5303 1746 5338 συν-

170 5368 375 5433 τελείας
417 5368 512 5423 τοῦ
556 5372 771 5435 αἰῶνος.
833 5373 974 5441 Ἐγὼ
1011 5376 1120 5446 γάρ
1159 5377 1273 5446 εἰμι
1314 5377 1344 5429 6
1380 5375 1512 5440 Θεός
1554 5393 1669 5440 σου,
1718 5378 1746 5429 6

171 5459 451 5531 ἐνισχύσας
476 5479 557 5529 σε,
588 5465 683 5517 καὶ
707 5464 980 5537 acamas
1007 5484 1108 5521 σοι.

1853 4545 2193 4616 temporibus
2222 4560 2288 4600 ex
2317 4543 2521 4600 Judmis
2552 4543 2701 4598 multi
2753 4544 2975 4597 vet-bum
3019 4541 3220 4596 Christi
3250 4554 3428 4592 susce-

1850 4646 2071 4709 perunt,
2116 4652 2224 4692 non
2275 4637 2437 4691 modo
2487 4651 2552 4690 ex
2600 4637 2666 4691 iis
2697 4636 2788 4705 qui
2827 4632 3065 4688 Judacaut
3096 4632 3427 4694 incolebant,

1854 4745 2043 4785 verum
2074 4730 2240 4784 etiam
2272 4745 2340 4784 ex
2370 4730 2459 4796 iis,
2495 4729 2590 4799 qui
2631 4741 2801 4798 penes
2833 4726 3072 4795 reliquas
3101 4733 3289 4795 gentes
3326 4724 3426 4778 ha-

1849 4824 2117 4881 bitabant.
2500 4870 2505 4875 .

1921 4913 2089 4969 Vnus.
2124 4913 2211 4971 10.
2259 4933 2278 4967 ι
2313 4912 2431 4970 Noli
2480 4913 2694 4976 timere,
2728 4921 2904 4967 tecum
2936 4910 3079 4964 enim
3115 4923 3234 4963 sum
3287 4925 3303 4962 :
3361 4921 3428 4960 ne

1850 5020 2027 5062 erres.
2055 5025 2075 5060 ι
2112 5007 2209 5062 His
2242 5007 2310 5062 ab
2339 5021 2398 5061 se
2425 5005 2613 5060 electis
2651 5004 2903 5058 ﬁduciam
2935 5002 3105 5066 addit,
3142 5009 3201 5054 ut
3249 4999 3426 5052 Evan-

1850 5101 2048 5172 gelium
2085 5102 2139 5156 in
2171 5100 2425 5155 omnibus
2449 5100 2703 5168 gentibus
2751 5098 2870 5152 sine
2916 5095 3203 5150 l'nrtnidine
3231 5091 3427 5163 pracdi-

1847 5199 2012 5256 cent;
2045 5190 2187 5258 quod
2224 5189 2398 5258 ipsum
2439 5187 2754 5243 declarabat
2785 5187 2837 5239 itt
2865 5184 3177 5256 Evangeliis
3227 5182 3426 5236 Serva-

1854 5294 1940 5339 tor
1965 5283 2053 5339 his
2083 5281 2288 5348 verbis,
2330 5301 2348 5333 ι
2385 5282 2523 5337 Ecce
2563 5295 2665 5350 ego
2707 5279 2984 5332 vobiscum
3017 5291 3135 5331 sunt
3167 5273 3424 5329 omnibus

1852 5378 2063 5442 diebus,
2102 5392 2275 5444 usque
2310 5376 2378 5429 ad
2407 5372 2929 5429 consummationem
2983 5368 3164 5425 satculi
3204 5366 3271 5421 ⁷⁸.
3308 5366 3421 5434 Ego

1842 5466 1997 5521 'enim
2026 5481 2145 5520 sum
2176 5464 2318 5520 Deus
2351 5477 2497 5532 tuus,
2536 5465 2629 5535 qui
2655 5461 2966 5522 confortavi
2997 5470 3070 5528 te,
3098 5468 3150 5514 et
3189 5457 3424 5515 auxilia-

1854 5568 1942 5614 tus
1972 5573 2088 5613 smn
2125 5557 2241 5611 tibi.
2276 5576 2294 5608 ι

245 5749 287 5782 "
311 5750 468 5810 Juatt.
512 5771 628 5823 \ttt,
660 5757 748 5812 57.
826 5760 869 5793 "
903 5761 1029 5817 ibid.
1068 5762 1156 5820 39.
1233 5764 1276 5796 "
1301 5761 1487 5818 Matth.
1523 5777 1575 5829 κ,
1611 5759 1664 5821 6.
1741 5763 1754 5796 ⁷

1870 5763 1998 5818 ιιιιιι.
2038 5778 2227 5832 ιινιιν⁸
2257 5759 2351 5818 20.
