3880 6216
427 255 535 314 379

1095 256 1369 316 EUSEBII
1407 260 1892 323 CESARIENSIS
1927 266 2079 324 OPP.
2120 267 2302 324 PARS
2337 268 2428 326 111³.
2468 301 2539 316 -
2577 269 2985 330 EXEGETICA.

3577 276 3689 333 τεο

507 378 666 434 Vsus.
701 377 788 432 11.
822 395 840 430 ι
872 375 1213 433 Eruntenim
1245 381 1400 450 quasi
1427 398 1530 436 non
1586 385 1722 449 sint,
1773 397 1833 440 et
1861 387 1985 455 peri

2184 407 2202 440 ι
2237 389 2490 443 Ἔσονται
2518 390 2626 459 γὰρ
2652 391 2727 454 ὼς
2752 391 2852 444 οὐκ
2880 391 3052 456 ὅντες,
3085 391 3177 447 καὶ
3203 391 3525 446 ἀπολοῦνται
3551 395 3690 448 πάν-

428 472 559 526 bnnt
591 485 780 524 omnes
806 470 1106 523 adversarii
1134 471 1232 525 tui.
1259 491 1278 523 ι
1318 474 1481 540 Cave,
1511 477 1706 544 inquit,
1749 487 1906 544 putes
1952 489 2004 534 te

427 570 516 614 tua
573 563 774 615 vit'tttle
818 577 975 632 posse
1025 573 1186 618 tanta;
1249 567 1616 634 prmtlicationi
1669 569 1999 624 ministrare.

432 655 465 702 .‘x’
497 656 564 705 lnl
597 653 795 722 quippe
823 669 967 718 eras,
1003 671 1102 711 nec
1154 659 1450 728 quidquam
1499 675 1662 730 agere
1713 661 2002 729 potuissns,

431 764 525 793 usi
565 764 663 808 ego
693 760 867 798 tecum
900 749 1172 802 exsistens
1207 759 1492 820 tecumque
1525 752 1829 816 aliibulans,
1861 756 2001 824 apud

426 852 613 884 «ιιιιιιυ,
650 845 836 903 gentes
893 848 945 890 te
995 839 1457 904 corroborassem,
1512 852 1672 910 teque
1716 846 2003 913 patientia,

427 929 829 991 νυιευνυι-αιιιίςι
868 939 922 981 et
959 931 1158 985 virtute
1191 935 1553 998 muniissem;
1593 945 1650 989 ιιι
1681 937 1774 989 tibi
1821 937 2001 992 Evan-

427 1017 625 1084 gelnnu
653 1020 908 1075 omnibus
939 1024 1256 1091 praedicanti
1310 1026 1760 1094 impedimentum
1794 1032 1999 1088 nullum

425 1120 760 1166 occurreret.

497 1202 660 1257 Vens.
710 1204 796 1259 12.
844 1225 863 1258 ι
893 1205 1116 1273 Quaeres
1160 1225 1280 1274 eos,
1313 1221 1368 1266 et
1398 1228 1503 1266 non
1546 1213 1790 1270 invenies
1821 1216 2000 1271 homi-

425 1311 544 1361 nes,
576 1298 665 1367 qui
695 1299 1104 1356 debacchentur
1138 1303 1190 1358 in
1219 1313 1288 1358 te.
1323 1303 1495 1358 Erunt
1517 1307 1662 1360 enim
1707 1308 1859 1378 quasi
1891 1324 1997 1362 non

423 1392 556 1456 sint,
589 1400 644 1445 et
673 1407 778 1446 non
824 1404 982 1447 erunt
1013 1397 1314 1451 adversarii
1366 1399 1464 1452 tui.
1505 1416 1524 1450 ι
1579 1397 1803 1453 Etiamsi
1854 1400 1997 1454 enim

423 1499 533 1554 quo
570 1493 808 1554 tempore
841 1494 894 1540 te
933 1487 1324 1557 impugnabant
1355 1499 1410 1544 et
1451 1490 1800 1557 divexabant,
1831 1491 1997 1561 aliqui

419 1576 489 1630 ad
519 1575 688 1630 breve
739 1578 1002 1646 temporis
1041 1581 1276 1649 spatium
1317 1581 1635 1638 viderentur
1665 1600 1828 1652 esse;
1857 1594 1913 1638 at
1941 1595 1997 1640 tu

421 1668 639 1738 quidem
679 1669 946 1725 subsistes
977 1687 1041 1726 ac
1066 1674 1436 1741 permanebis,
1473 1689 1774 1745 eorumque
1809 1677 1995 1745 perni-

2102 497 2194 544 τες
2227 481 2276 534 οί
2307 483 2566 536 ἀντίδικοί
2591 499 2704 537 σου.
2750 502 2768 534 ι
2804 485 2944 555 Ὅρα
2967 485 3094 556 γὰρ,
3128 486 3280 556 φησὶ,
3313 488 3519 556 μήποτε
3554 507 3651 560 νοη
3673 521 3688 530 -

2103 567 2222 640 θῇς,
2270 571 2346 634 ὼς
2379 574 2444 643 τῇ
2495 572 2656 626 αὑτοῦ
2715 570 2856 641 ίσχύῖ
2899 571 3182 645 δεδύνησαι
3226 574 3464 643 τοσούτῳ
3505 578 3686 648 κηρύ-

2101 677 2274 732 γματι
2307 663 2746 736 διακονήσασθαι.
2783 667 2969 731 Οὐδεὶς
3000 665 3108 738 γὰρ
3149 666 3214 720 ἂν
3254 663 3428 738 ἦσθα,
3471 669 3579 722 οὐδ’
3617 670 3685 724 ἂν

2101 755 2373 827 ἠδυνήθης
2397 774 2470 819 τι,
2500 759 2547 810 εί
2581 757 2654 829 μὴ
2685 757 2796 828 ἐγὼ
2827 758 2965 830 μετὰ
2987 759 3078 812 σοῦ
3108 758 3204 822 ὢν,
3228 760 3322 813 καὶ
3350 761 3445 814 σὺν
3474 762 3557 815 σοὶ
3583 779 3686 816 πο-

2105 845 2412 916 ρευόμενος,
2442 849 2521 912 είς
2550 849 2726 902 πάντα
2756 849 2828 903 τὰ-
2849 850 2976 921 ἔθνη
3004 851 3262 922 ἐνίσχυσά
3288 868 3366 915 σε,
3401 852 3700 923 ὑπομονὴν-

2101 938 2196 990 καὶ
2243 939 2534 1011 καρτερίαν
2584 940 2678 994 καὶ
2739 941 2966 1013 δύναμίν
3017 960 3099 996 σοι
3141 943 3551 1016 δωρησάμενος⁶
3603 944 3684 1008 ὡς

2104 1029 2270 1100 μηδὲν
2299 1031 2548 1101 ἐμποδών
2582 1049 2664 1084 σοι
2701 1033 2950 1102 γενέσθαι
2985 1033 3224 1110 κώλυμα.
3254 1034 3572 1105 κηρύττοντι
3617 1036 3683 1088 τὸ

2101 1121 2431 1191 Εὑαγγέλιον
2461 1125 2538 1188 είς
2571 1126 2798 1188 πάντας.

2177 1232 2195 1264 ι
2238 1215 2502 1286 Ζητήσεις
2529 1217 2753 1280 αὐτοὺς,
2783 1217 2876 1270 καὶ
2905 1217 2965 1269 ού
3014 1216 3087 1288 μὴ
3121 1216 3286 1289 εὕρῃς
3319 1218 3444 1281 τοὺς
3467 1218 3684 1290 ἀνθρώ-

2101 1319 2237 1367 πους
2266 1303 2314 1357 οἳ
2349 1308 2766 1378 παροινήσουσιν
2801 1309 2881 1371 είς
2919 1306 2999 1359 σέ.
3039 1308 3290 1360 Ἔσονται
3326 1308 3434 1379 γὰρ
3471 1309 3546 1372 ὡς
3577 1309 3684 1363 οὐκ

2099 1395 2274 1461 ὅντες,
2311 1399 2406 1450 καὶ
2439 1399 2538 1451 οὐκ
2575 1398 2788 1452 ἔσονται
2815 1401 2864 1452 οἱ
2899 1398 3378 1468 ἀντιπολεμοῦντές
3426 1417 3506 1454 σε.
3561 1420 3578 1451 ι
3614 1401 3682 1454 Et

2098 1485 2208 1556 γὰρ
2245 1486 2340 1539 καὶ
2366 1487 2501 1558 πρὸς
2529 1487 2706 1556 ὀλίγον
2735 1488 2922 1553 ἐδοξαν
2953 1481 3091 1540 εἷναί
3125 1505 3288 1551 τινες,
3324 1487 3445 1542 καθ’
3481 1488 3537 1541 6v
3564 1505 3683 1541 και-

2101 1578 2193 1650 ρὸν
2217 1578 2513 1650 ἐπολέμουν
2543 1581 2636 1634 καὶ
2667 1581 2887 1634 ἐδίωκόν
2930 1598 3020 1635 σε·
3052 1580 3188 1634 ἀλλὰ
3218 1581 3281 1633 σὺ
3316 1580 3414 1652 μὲν
3453 1579 3548 1652 ἔσῃ
3584 1581 3682 1634 καὶ

2096 1671 2390 1742 διαμενεῖς,
2423 1671 2516 1726 καὶ
2555 1672 2675 1742 ὄψει
2707 1672 2885 1727 αὐτῶν
2920 1674 3019 1745 τὴν
3064 1671 3368 1727 ἀπώλειανο
3400 1674 3448 1725 οἱ
3490 1673 3549 1726 δέ
3577 1674 3695 1726 οὐκ·

420 1763 562 1816 ciem
596 1762 844 1830 videbis;
871 1763 944 1816 illi
974 1780 1103 1818 vero
1132 1767 1532 1834 quamprimum
1561 1783 1684 1823 esse
1720 1769 1985 1836 desinent,

2097 1764 2327 1828 ἔσονται,
2433 1765 2596 1835 τάχος
2627 1765 3009 1836 ἀφανιζόμενοι
3048 1766 3142 1819 τοῦ
3185 1763 3320 1836 βίου.
3361 1765 3452 1818 Διὸ
3482 1783 3684 1837 καρτε-

419 1868 487 1907 ex
517 1853 620 1908 hac
651 1853 756 1906 vita
781 1854 964 1909 deleti.
987 1857 1350 1923 Quamobrem
1379 1874 1731 1928 perseverare
1754 1871 1804 1916 te
1828 1877 1992 1932 opor-

419 1953 518 2006 tet.
559 1943 708 1999 etab
735 1945 799 1999 iis
827 1945 1005 2002 illatas
1034 1965 1304 2004 aerumnas
1346 1953 1635 2008 sustinere.

493 2037 660 2092 Vens.
703 2037 793 2102 15,
820 2038 908 2096 14.
932 2059 950 2092 ι
983 2041 1246 2107 Quoniam
1275 2058 1377 2113 ego
1400 2043 1540 2101 Deus
1569 2049 1817 2118 tuus,qui
1839 2058 1996 2104 teneo

419 2129 696 2183 dexteram
745 2138 916 2195 tuam,
959 2135 1050 2202 qui
1099 2135 1220 2191 dico
1278 2138 1396 2204 tibi,
1437 2137 1514 2194 Ne
1560 2141 1752 2196 timeas
1797 2141 1992 2208 Iacob,

419 2222 707 2292 perexigue
742 2221 928 2279 Israel.
970 2245 988 2278 ι
1039 2227 1173 2282 Nam
1228 2231 1541 2298 paucissimi
1581 2248 1712 2288 sane
1763 2250 1992 2290 numero

416 2323 575 2368 erant
603 2315 849 2385 discipuli
884 2317 1186 2375 Salvatoris
1221 2324 1432 2388 nostri;
1473 2324 1733 2380 nimirum
1779 2328 1988 2384 duode-

418 2407 524 2462 cim
560 2409 814 2476 apostoli,
847 2419 902 2463 et
927 2422 1050 2480 post
1077 2413 1200 2468 illos
1227 2417 1568 2486 septuaginta
1595 2417 1708 2471 alii.

495 2500 656 2556 Vsus.
693 2501 780 2555 15.
813 2521 832 2553 ι
871 2503 1010 2558 Ecce
1043 2503 1144 2559 feci
1178 2517 1229 2560 te
1258 2508 1413 2575 quasi
1446 2509 1674 2577 plaustri
1708 2519 1858 2564 rotas
1896 2510 1995 2565 tri-

419 2603 686 2657 turantes,
753 2607 1022 2662 recentes,
1081 2598 1134 2652 in
1191 2612 1466 2652 serrarum
1521 2601 1762 2657 modum.
1818 2619 1838 2654 ι
1899 2602 1992 2657 Sic

417 2687 560 2738 enim
595 2686 770 2742 virtus
809 2690 1219 2745 corroborantis
1267 2706 1359 2746 eos
1406 2693 1818 2757 ostendebatur,
1856 2694 1984 2748 dum

417 2777 518 2845 ipsi
549 2778 684 2833 nihil
713 2794 742 2833 a
778 2795 964 2836 verme
991 2780 1292 2850 diﬂ‘errent,
1323 2785 1418 2837 sed
1459 2785 1625 2839 etiam
1676 2787 1988 2856 paucissimi

415 2881 622 2935 essent,
653 2886 718 2925 ac
746 2875 950 2926 mortui
983 2874 1359 2944 cadaveraque
1392 2874 1609 2933 lsraelis
1651 2879 1987 2934 viderentur.

418 2961 732 3027 Huiusmodi
761 2975 938 3019 tamen
989 2980 1113 3018 eum
1155 2975 1358 3030 essent,
1408 2978 1650 3022 rotarum
1689 2977 1744 3022 et
1795 2985 1990 3024 currus

423 3053 624 3119 instar,
663 3069 765 3111 ceu
820 3057 1108 3126 quamdam
1137 3058 1348 3126 paleam
1379 3058 1753 3126 dilIindebant,
1809 3062 1990 3116 diabo-

415 3145 577 3200 lieum
631 3148 916 3217 impiarum
967 3151 1207 3220 gentium
1251 3151 1454 3204 cultum
1521 3160 1576 3206 et
1625 3149 1985 3207 iaololatriam

417 3238 738 3295 triturantes
775 3251 830 3295 et
859 3251 1134 3296 secantes.
1181 3260 1199 3293 ι
1232 3242 1297 3296 Et
1330 3242 1612 3298 triturabis
1663 3251 1892 3308 montes,
1931 3253 1987 3299 et

414 3332 752 3388 comminues
790 3335 976 3399 colles,
1006 3343 1061 3388 et
1095 3344 1354 3405 tauquam
1389 3335 1663 3404 pulverem
1702 3350 1891 3406 pones.
1927 3355 1946 3388 ι

487 3425 650 3481 Vens.
679 3426 767 3481 16.
809 3446 828 3480 ι
859 3427 924 3482 Ει
955 3428 1258 3491 ventilabis,
1288 3437 1342 3482 et
1377 3437 1571 3484 ventus
1600 3427 1816 3483 auferet
1865 3443 1984 3494 eos,

413 3524 471 3570 et
523 3518 682 3573 turbo
746 3519 1021 3589 disperget
1069 3535 1187 3575 eos.
1233 3521 1313 3575 Tu
1364 3529 1550 3575 autem
1607 3520 1880 3577 laetaberis
1933 3524 1986 3576 in

415 3611 616 3665 sanctis
661 3610 846 3667 Israel.
872 3630 890 3664 ι
944 3611 1048 3668 Per
1078 3622 1290 3667 montes
1335 3623 1392 3669 et
1429 3613 1598 3670 colles
1642 3614 1987 3669 adversarius

414 3710 748 3771 potestates,
817 3703 946 3758 olim
985 3714 1175 3758 contra
1234 3703 1328 3758 Dei
1387 3705 1754 3774 cognitionem
1807 3706 1987 3760 insur-

411 3803 602 3860 gentes
651 3794 1037 3860 subindicans;
1085 3793 1156 3846 ita
1215 3801 1272 3846 ut
1321 3807 1478 3848 error
1523 3794 1616 3849 ille
1685 3795 1986 3850 diabolicus

412 3885 554 3950 apud
602 3893 790 3954 gentes
835 3900 941 3940 non
989 3885 1130 3938 ultra
1161 3881 1443 3938 subsistat.
1479 3881 1578 3939 His
1621 3899 1785 3954 porro
1829 3901 1986 3940 mon-

415 3974 557 4029 tibus
595 3985 647 4030 et
690 3976 920 4031 collibus
955 3977 1020 4031 de
1064 3973 1244 4029 medio
1283 3973 1512 4030 sublatis
1556 3992 1620 4031 ac
1664 3977 1876 4041 deletis,
1929 3987 1984 4032 tu

413 4067 529 4134 ipse
578 4082 768 4123 servus
815 4085 964 4123 meus
1008 4070 1234 4135 electus,
1274 4084 1372 4138 per
1413 4083 1575 4138 quem
1622 4070 1738 4124 haec
1783 4085 1978 4140 perpe-

415 4159 607 4213 tranda
657 4170 816 4225 sunt,
861 4160 1132 4218 laetaberis
1177 4165 1231 4217 in
1289 4161 1552 4227 Domino,
1595 4171 1650 4215 et
1691 4162 1744 4216 iu
1793 4172 1983 4217 sancto

412 4249 577 4305 Israel
607 4250 935 4309 laudaberis.

2099 1860 2209 1927 ρεῖν
2244 1874 2303 1909 σε
2330 1859 2619 1928 προσήκει,
2649 1857 2743 1910 καὶ
2779 1857 3067 1926 ὑπομένειν
3105 1857 3205 1921 τὰς
3269 1855 3330 1920 ἐξ
3361 1855 3540 1910 αὐτῶν
3579 1860 3682 1911 ἐπ-

2101 1950 2366 2022 αγομένας
2398 1949 2621 2018 θλίψεις.
3562 2006 3571 2013 ,

2171 2058 2189 2090 r
2227 2039 2348 2091 Ὅτι
2377 2037 2488 2107 ἐγὼ
2523 2040 2550 2090 6
2580 2037 2710 2102 Θεός
2744 2056 2858 2101 σου,
2898 2041 2926 2092 6
2959 2039 3178 2109 κρατῶν
3217 2039 3313 2109 τῆς
3343 2036 3524 2101 δεξιᾶς
3557 2052 3678 2102 σου,

2093 2131 2123 2183 6
2142 2129 2314 2198 λέγων
2341 2147 2451 2185 σοι·
2481 2130 2572 2201 Μὴ
2597 2130 2783 2200 φοϐοῦ,
2821 2129 3033 2195 Ἰακὼϐ,
3059 2131 3334 2200 ὀλιγοστὸς
3373 2130 3606 2203 Ἰσραήλ.
3651 2148 3673 2184 ι

2107 2223 2307 2292 Ὀλίγοι
2341 2223 2450 2295 γὰρ
2482 2222 2574 2276 τὸν
2615 2222 2846 2294 ἀριθμὸν
2888 2221 3180 2292 ἐτύγχανον
3221 2225 3270 2276 ot
3300 2224 3390 2276 τοῦ
3425 2225 3680 2292 Σωτῆρος

2093 2315 2249 2386 ἡμῶν
2285 2315 2555 2386 μαθηταὶ,
2592 2313 2802 2367 δώδεκα
2839 2315 2936 2384 μέν
2968 2315 3120 2378 ὅντες
3164 2315 3482 2368 ἀπόστολοι·
3526 2314 3679 2368 ἐϐδο-

2097 2409 2340 2479 μήκοντα
2366 2406 2422 2460 δὲ
2455 2407 2505 2458 οἱ
2537 2405 2650 2476 μετ’
2679 2405 2896 2468 αὐτούς.

2169 2517 2187 2550 ι
2231 2497 2363 2551 Ἰδοὺ
2398 2496 2629 2567 ἐποίησά
2664 2513 2723 2548 σε
2763 2497 2838 2560 ὼς
2867 2495 3095 2567 τροχοὺς
3122 2496 3341 2568 ἁμάξης
3379 2495 3673 2560 ἀλοῶντας.

2093 2592 2334 2653 καινοὺς,
2377 2588 2824 2660 πριστηροειδείς.
2881 2607 2898 2639 ι
2930 2588 3087 2642 Οῦτω
3116 2587 3224 2659 γὰρ
3255 2590 3287 2659 ὴ
3321 2587 3547 2658 δύναμις
3576 2587 3676 2641 τοῦ

2093 2685 2436 2757 ἐνισχύοντος
2479 2685 2674 2747 αὐτοὺς
2713 2682 3036 2745 ἐδεικνύετο,
3087 2683 3175 2736 ὅτε
3209 2683 3363 2736 αὐτοὶ
3383 2682 3676 2752 σκώληκος

2091 2775 2242 2828 οὐδὲν
2275 2773 2519 2844 διέφερον
2538 2812 2552 2834 ,
2581 2773 2714 2825 ἀλλὰ
2743 2774 2836 2826 καὶ
2865 2773 3132 2841 ὀλιγοστοὶ
3161 2767 3323 2843 ἦσαν,
3365 2773 3459 2825 καὶ
3484 2772 3682 2844 νεκροὶ·

2092 2865 2186 2919 καὶ
2214 2863 2507 2928 τεθνεῶτες
2537 2863 2630 2917 τοῦ
2675 2862 2890 2934 Ἰσραὴλ
2919 2861 3231 2932 ἐτύγχανον.
3276 2863 3464 2933 Ὅμως
3497 2861 3676 2916 τοιοῦ-

2090 2969 2172 3006 τοι
2219 2953 2390 3016 ὄντες,
2438 2952 2627 3023 ὥσπερ
2675 2952 2798 3004 τινὰ
2848 2952 3101 3022 καλάμην
3147 2951 3424 3023 διέτεμνον
3460 2951 3673 3024 τροχῶν

2093 3044 2186 3096 καὶ
2216 3043 2430 3116 ἀμάξης
2457 3045 2676 3114 τρόπον,
2705 3043 2966 3108 ἀλοῶντες
2995 3045 3087 3097 καὶ
3113 3045 3538 3116 καταπρίξοντες
3558 3043 3672 3097 τῶν

2015 3111 2060 3169 C
2090 3111 2400 3204 ἀλλοφύλων
2423 3111 2512 3188 καῖ
2527 3135 2700 3188 ἀθέων
2727 3135 2895 3188 ἐθνῶν
2917 3135 3012 3206 τὴν
3033 3111 3349 3207 δαιμονικίᾖ
3372 3135 3667 3189 θεοποιίαν.

2096 3244 2114 3275 ι
2159 3226 2267 3278 Καὶ
2305 3225 2553 3295 ἀλοήσεις
2600 3224 2748 3296 δρη,-
2775 3226 2870 3277 καὶ
2931 3224 3210 3289 λεπτυνεῖς
3272 3223 3529 3294 βουνοὺς,
3573 3226 3672 3278 καὶ

2089 3320 2165 3384 ὡς
2198 3319 2356 3390 χνοῦν
2383 3320 2590 3392 θήσεις.
2629 3340 2646 3372 ι

2167 3453 2184 3485 ι
2225 3437 2332 3488 Καὶ
2396 3435 2682 3507 λικμήσεις
2707 3474 2722 3500 ,
2781 3437 2871 3489 καὶ
2912 3437 3110 3506 ἄνεμος
3171 3436 3398 3507 λήψεται
3445 3437 3667 3502 αὐτοὺς,

2089 3527 2182 3579 καὶ
2239 3527 2490 3595 καταιγὶς
2548 3527 2833 3599 διασπερεῖ
2897 3527 3112 3591 αύτούς.
3175 3529 3247 3582 Σὺ
3305 3527 3364 3581 δὲ
3429 3529 3669 3600 εὐφραν-

2089 3618 2228 3693 θήσῃ
2259 3621 2316 3674 ἐν
2347 3624 2460 3685 τοῖς
2486 3623 2664 3690 ἁγίοις
2702 3621 2936 3693 Ἰσραήλ.
2975 3641 2994 3674 ι
3026 3623 3162 3693 ¹Ὀρη
3194 3624 3282 3674 καὶ
3320 3622 3542 3693 βουνοὺς
3566 3623 3670 3686 τὰς

2087 3711 2468 3782 ἀντικειμένας
2492 3713 2770 3784 δυνάμεις,
2807 3713 2973 3767 πάλαι
3007 3713 3147 3766 κατὰ
3173 3713 3271 3784 τῆς
3292 3712 3545 3782 γνώσεως
3568 3713 3666 3766 τοῦ

2085 3802 2219 3854 Θεοῦ
2247 3805 2633 3873 ἐπαιρομένας,
2665 3803 3031 3874 αἰνιττόμενος
3050 3821 3062 3835 ο
3097 3803 3172 3868 ὡς
3199 3805 3396 3876 μηκέτι
3425 3805 3666 3873 ὑφεστά-

2085 3911 2171 3946 ναι
2196 3893 2348 3966 παρὲι
2373 3898 2486 3958 τοῖς
2523 3894 2696 3948 ἔθνεσι
2744 3895 2834 3967 τὴν
2860 3895 3175 3967 δαιμονικὴν
3205 3896 3431 3967 πλάνην.
3463 3897 3582 3949 Τῶν
3608 3896 3668 3950 δὲ

2085 3984 2455 4039 ἀποδοθέντων
2483 3985 2623 4057 ὀρῶν
2667 3987 2759 4040 καὶ
2785 3985 2893 4038 τῶν
2923 3985 3266 4057 δηλωθέντων
3293 3985 3497 4056 βουνῶν
3523 3986 3670 4054 ἀφα-

2083 4075 2189 4128 νῶν
2225 4076 2552 4146 γενομένων,
2593 4077 2656 4129 σὺ
2699 4076 2859 4138 αὐτὸς
2898 4076 2926 4127 6
2964 4075 3148 4138 δοῦλός
3189 4092 3290 4146 μου
3321 4078 3350 4128 6
3383 4075 3664 4138 ἐκλεκτὸς,

2082 4163 2148 4216 δι’
2174 4158 2232 4216 οῦ
2257 4163 2425 4216 ταῦτα
2447 4162 2820 4236 κατώρθωται,
2853 4163 3198 4237 εύφρανθήσῃ
3230 4165 3288 4218 ἐν
3329 4165 3538 4236 Κυρίῳ,
3567 4167 3668 4219 καὶ

2083 4255 2142 4307 ἐν
2171 4253 2246 4325 τῷ
2277 4254 2420 4324 ἁγίῳ
2459 4255 2669 4326 Ἰσραὴλ
2700 4255 3054 4329 ἐπαινεθήση.

487 4431 648 4489 Vens.
678 4435 764 4490 17.
807 4453 826 4488 ι
855 4436 923 4492 Et
954 4439 1302 4496 exsultabant
1346 4454 1612 4512 pauperes
1652 4452 1710 4498 et
1761 4441 1970 4512 inopes.

2155 4456 2174 4488 ι
2202 4438 2311 4490 Καὶ
2344 4438 2754 4506 ἀγαλλιάσονται
2785 4442 2833 4493 οἱ
2866 4442 3067 4511 πτωχοὶ
3101 4443 3194 4495 καὶ
3230 4441 3446 4504 ἐνδεεῖς.
3490 4441 3670 4514 Ζητή-

407 4523 662 4591 Quarent
709 4529 852 4582 enim
885 4545 1128 4600 aquam...
1147 4542 1204 4587 et
1234 4547 1338 4587 non
1369 4535 1516 4588 erit:
1547 4533 1726 4603 lingua
1784 4548 1970 4589 eorum

407 4633 518 4687 prae
550 4619 640 4674 siti
685 4622 918 4676 exaruit.
961 4622 1073 4694 Ego
1117 4623 1376 4680 Dominus
1428 4623 1609 4680 Deus:
1661 4639 1761 4693 ego
1809 4640 1977 4679 exau-

407 4709 551 4765 diam
603 4710 742 4767 Deus
789 4713 952 4770 Israel
975 4755 991 4779 ,
1033 4723 1088 4769 et
1122 4731 1226 4768 non
1260 4715 1632 4786 derelinquam
1665 4732 1778 4772 eos.
1815 4735 1834 4768 ι
1868 4718 1970 4784 Qui

406 4813 588 4857 autem
623 4803 806 4859 isthme
850 4807 916 4859 ad
949 4807 1106 4861 tinem
1139 4808 1363 4864 deducta
1413 4809 1546 4873 sint,
1584 4817 1639 4862 et
1674 4810 1971 4863 etiamnum

406 4903 733 4965 peragantur
762 4897 813 4950 in
832 4897 1075 4953 ecclesiis
1090 4899 1202 4964 Dei,
1225 4915 1345 4971 qua;
1362 4914 1455 4969 per
1473 4899 1765 4970 discipulos
1790 4901 1975 4956 Salva-

408 4985 543 5040 toris
578 4988 747 5040 nostri
777 4989 1026 5044 omnibus
1054 4989 1107 5042 in
1144 4990 1275 5046 locis
1319 4991 1553 5046 fundatae
1594 5003 1742 5056 sunt,
1773 4993 1973 5046 intelli-

403 5092 517 5148 ges,
545 5078 590 5134 si
619 5079 858 5133 animum
905 5082 1234 5137 adhibueris.
1262 5083 1468 5137 Animae
1495 5083 1658 5150 igitur
1691 5099 1814 5154 quae
1842 5084 1969 5138 olim

406 5169 459 5222 in
489 5171 737 5240 gentibus
765 5172 953 5240 inopes
978 5188 1042 5227 ac
1074 5173 1165 5227 Dei
1198 5174 1506 5243 cognitione
1535 5185 1759 5242 egentes
1791 5184 1970 5237 erant,

405 5275 506 5315 nec
554 5259 640 5316 vel
687 5261 882 5317 stillam
949 5263 1139 5318 viviﬁci
1203 5278 1361 5334 potus
1416 5265 1726 5328 habebant,
1786 5265 1857 5318 ita
1915 5273 1975 5318 ut

405 5348 583 5420 lingua
621 5368 832 5421 earum,
879 5364 935 5409 et
975 5370 1155 5410 sermo
1189 5371 1253 5412 ea
1305 5357 1556 5428 prolatus
1592 5366 1970 5424 exaresceret,

406 5445 549 5510 quod
582 5460 649 5500 ne
697 5456 862 5512 gutta:
911 5449 1129 5516 quidem
1179 5447 1436 5504 salutaris
1481 5449 1633 5504 verbi
1678 5449 1975 5518 participes

403 5549 617 5606 essent;
654 5541 856 5595 eaedem
910 5541 1040 5610 ipsae
1073 5551 1170 5608 per
1215 5539 1494 5596 cmlestem
1534 5537 1765 5610 gratiam
1821 5540 1977 5595 inex-

405 5639 701 5696 spectatum
743 5632 1062 5688 benelicium
1109 5639 1463 5700 acceperunt,
1511 5631 1772 5699 fontibus,
1803 5631 1978 5687 ﬂumi-

407 5719 562 5777 nibus
591 5729 644 5778 τι
672 5723 994 5782 omnimodis
1038 5724 1194 5794 aquis
1227 5723 1454 5783 viviﬁcis
1492 5724 1744 5798 replete;
1792 5734 1976 5796 utpote

2083 4546 2233 4582 σουσι
2263 4529 2371 4600 γὰρ
2392 4529 2556 4602 ὓδωρ.
2588 4533 2681 4584 καὶ
2705 4532 2804 4584 οὐκ
2835 4533 3007 4585 ἔσται·
3037 4535 3069 4604 ἡ
3100 4533 3323 4602 γλῶσσα
3353 4532 3529 4586 αὐτῶν
3553 4534 3670 4586 ἀπὸ

2081 4621 2181 4692 τῆς
2213 4621 2371 4691 δίψης
2411 4620 2703 4694 ἐξηράνθη.
2758 4622 2896 4691 Ἐγὼ
2925 4624 3128 4695 Κύριος
3154 4626 3181 4676 6
3211 4625 3362 4687 Θεὸς
3427 4623 3538 4693 ἐγὼ
3567 4625 3673 4677 ἐπ-

2080 4711 2382 4782 ακούτομαι
2424 4713 2452 4766 6
2484 4713 2862 4784 ΘεὸςΊσραὴλ,
2903 4715 2998 4767 καὶ
3026 4715 3126 4766 οὐκ
3163 4715 3538 4785 ἐγκαταλείψω
3565 4717 3673 4768 αύ-

2079 4807 2224 4868 τούς.
2266 4824 2283 4856 ι
2331 4807 2516 4869 Ὅπως
2541 4805 2597 4858 δὲ
2625 4807 2794 4859 ταῦτα
2827 4807 3013 4870 τέλους
3045 4807 3223 4877 ἔτυχε,
3257 4810 3350 4861 καὶ
3371 4809 3539 4862 εἰσέτι
3569 4809 3670 4864 νῦν

2080 4897 2382 4966 ἐνεργεῖται
2429 4897 2486 4948 ἐν
2532 4899 2651 4959 ταῖς
2697 4896 2786 4950 διὰ
2817 4897 2926 4950 τῶν
2977 4897 3229 4969 μαθητῶν
3271 4898 3365 4951 τοῦ
3414 4899 3671 4972 Σωτῆρος

2079 4984 2236 5055 ἡμῶν
2283 4984 2422 5038 κατὰ
2453 4985 2626 5038 πάντα
2654 4987 2816 5040 τόπον
2852 4987 3178 5058 ἱδρυθείσαις
3217 4989 3534 5058 ἐκκλησίαις
3570 4988 3670 5043 τοῦ

2078 5075 2234 5136 Θεοῦ,
2270 5076 2368 5146 τὴν
2399 5075 2635 5129 διάνοιαν
2671 5077 2972 5148 ἐπιστήσας
3002 5079 3145 5149 εἴσῃ.
3194 5079 3258 5132 Αἰ
3291 5079 3421 5147 γοῦν
3465 5081 3526 5132 τὸ
3559 5097 3672 5133 πα-

2081 5166 2230 5219 λαιὸν
2265 5167 2634 5236 πτωχιύουσαι
2673 5168 2730 5219 ἐν
2764 5171 2874 5231 τοῖς
2908 5168 3083 5221 ἔθνεσι
3111 5169 3281 5238 ψυχαὶ
3315 5170 3410 5222 καὶ
3443 5170 3538 5240 τῆς
3571 5172 3671 5222 τοῦ

2081 5256 2216 5310 Θεοῦ
2246 5257 2496 5326 γνώσεως
2521 5257 2718 5322 ἐνδεεῖς
2745 5257 2923 5324 οὖσαι,
2942 5261 3037 5314 καὶ
3054 5261 3189 5332 μηδὲ
3216 5261 3409 5332 ῥανίδα
3431 5260 3669 5325 ζωτικοῦ

2084 5349 2329 5419 πόματος
2354 5351 2706 5420 κεκτημέναι,
2737 5351 2813 5415 ὡς
2834 5352 2934 5423 τὴν
2969 5352 3220 5420 γλῶσσαν
3245 5354 3422 5408 αὐτῶν
3448 5357 3542 5408 καὶ
3571 5354 3670 5408 τὸν

2081 5441 2147 5494 δι’
2203 5441 2372 5512 αὐτῆς
2420 5443 2858 5513 προσφερόμενον
2899 5443 3056 5513 λόγον
3107 5443 3421 5516 ἐξηράνθαι,
3461 5444 3548 5497 διὰ
3606 5444 3669 5496 τὸ

2085 5534 2353 5606 μηδεμιᾶς
2410 5535 2611 5598 νοτίδος
2655 5535 2814 5602 λόγου
2867 5537 3136 5607 σωτηρίου
3189 5536 3457 5607 μετέχειν’
3500 5527 3667 5588 αὗται

2083 5628 2384 5701 παραδόξου
2430 5631 2788 5701 τετυχήκασιν
2818 5631 3135 5700 εὐεργεσίας
3167 5633 3254 5685 διὰ
3277 5632 3376 5703 τῆς
3406 5629 3664 5702 οὐρανίου

2082 5722 2301 5794 χάριτος
2356 5721 2723 5792 πληρωθεῖσαί
2769 5741 2827 5779 τε
2873 5723 3084 5790 πηγῶν,
3141 5725 3232 5778 καὶ
3269 5723 3526 5780 ποταμῶν
3573 5721 3665 5774 καὶ
