3880 6216
1082 305 1588 364 ΕΟΜΜΕΝΤΑΠΙΛ
1629 309 1695 364 ΙΝ
1733 304 1994 365 ISAIAM.
2035 336 2108 353 --
2139 303 2291 361 CAP.
2334 301 2469 360 XLI.

3313 302 3420 358 582

163 429 434 485 παντοίων
466 427 718 493 ζωτικῶν
760 429 988 493 ὑδάτων,
1019 429 1095 494 ὡς
1121 431 1490 486 ἀπολαύουσαι
1537 431 1728 496 ὓδατος

1852 446 1972 500 quae
2018 445 2081 485 ea
2131 429 2245 500 ipsa
2281 427 2592 481 fruerentur
2639 441 2804 494 aqua,
2851 425 2918 480 de
2962 439 3065 494 qua
3102 424 3348 493 superius
3372 426 3417 457 ’ί

160 521 290 593 περὶ
315 515 380 575 οὗ
401 520 660 590 ἀνωτέρω
686 520 918 590 ἐλέγετο·
958 539 976 571 ι
1000 522 1110 575 Καὶ
1137 522 1350 576 πίονται
1385 523 1528 596 ὕδωρ
1553 526 1618 576 ἐκ
1638 521 1746 576 τῶν

160 615 354 686 πηγῶν
377 613 472 667 τοῦ
506 612 794 685 σωτηρίουο
829 632 848 665 ι
885 611 996 666 εἴτε
1021 614 1130 667 ἀπὸ
1154 615 1348 686 πηγῶν
1372 615 1466 668 τοῦ
1508 615 1745 685 Ἰσραὴλ,

157 701 232 760 ὧν
283 705 691 776 ἐμνημόνευσεν
735 707 762 758 ό
814 705 990 776 φήσας
1018 704 1194 774 λόγος,
1245 726 1263 758 ι
1310 707 1398 759 Ἐν
1431 707 1747 777 ἐκκλησίαις

156 796 426 863 εὐλογεῖτε
451 795 543 849 τὸν
574 795 707 848 Θεὸν
734 795 936 866 Κύριον
965 796 1030 848 ὲκ
1057 797 1249 868 πηγῶν
1285 797 1522 869 Ἰσραήλ.
1549 816 1568 848 ι
1607 797 1746 850 Τοῦ-

153 903 216 940 το
253 886 299 939 δ’
332 887 403 940 ἂν
435 887 520 956 εἴη
548 886 610 939 τὸ
641 886 866 956 Πνεῦμα
911 885 970 938 τὸ
1012 886 1166 955 ἅγιον
1209 887 1270 940 τὸ
1314 887 1560 956 πηγάζον
1592 890 1648 941 ἐν
1676 890 1742 960 τῇ

166 977 466 1048 Ἐκκλησία
506 977 602 1030 τοῦ
637 977 792 1040 Θεοῦ,
834 979 929 1031 καὶ
974 978 1283 1050 ἀνομϐροῦν
1323 978 1492 1032 ὕδατα
1543 979 1741 1045 ζῶντα,

151 1069 273 1122 τοτέ
309 1070 411 1139 μὲν
438 1069 547 1122 ἀπὺ
576 1069 675 1139 τῆς
698 1069 938 1134 Παλαιᾶς
965 1069 1268 1141 Διαθήκης,
1294 1071 1417 1124 τοτὲ
1432 1070 1490 1124 δὲ
1516 1070 1622 1124 ἀπὸ
1646 1071 1744 1140 τῆς

151 1161 347 1230 καινῆς
378 1161 474 1214 καὶ
507 1161 868 1230 εὐαγγελικῆς
895 1160 1264 1224 διδασκαλίας.

229 1271 248 1303 ι
291 1253 455 1304 Ἀλλά
502 1251 702 1315 ἀνοίξω
745 1252 836 1305 ἐπὶ
871 1252 980 1305 τῶν
1023 1251 1194 1323 ὀρέων
1227 1253 1524 1322 ποταμοὺς,
1561 1253 1651 1306 καὶ
1683 1253 1741 1306 ἐν

154 1342 305 1414 μέσῳ
329 1343 531 1396 πεδίων
564 1343 767 1412 πηγάς.
788 1344 1006 1414 Ποιήσω
1034 1343 1130 1414 τὴν
1165 1343 1366 1415 ἔρημον
1392 1346 1472 1407 είς
1503 1343 1597 1414 ἓλη
1623 1344 1746 1397 ὑδά-

148 1451 283 1497 των,
319 1433 415 1488 καὶ
444 1435 542 1504 τὴν
579 1433 821 1504 διψῶσαν
853 1434 956 1505 γῆν
993 1436 1052 1487 ἐν
1083 1435 1440 1506 ὐδραγωγοῖς.
1471 1434 1632 1506 Θήσω
1662 1436 1742 1499 είς

146 1526 248 1598 τὴν
279 1526 512 1598 ἄνυδρον
542 1527 646 1597 γῆν
675 1526 864 1597 κέδρον
891 1528 986 1580 καὶ
1021 1525 1208 1590 πύξον,
1241 1528 1509 1597 μυρσίνην
1536 1526 1630 1578 καὶ
1652 1542 1744 1578 κυ-

148 1621 442 1690 πάρισσον,
471 1619 564 1672 καὶ
589 1618 807 1688 λεύκην.
845 1637 863 1670 ι
913 1618 1098 1672 Ταῦτα
1138 1617 1336 1682 πάντα,
1364 1619 1471 1672 οὐδ’
1503 1619 1675 1682 ἄλλως
1704 1616 1737 1690 ἦ

147 1709 208 1762 ἐν
231 1709 447 1762 ὑδάτων
476 1709 672 1778 πλήθει
702 1709 1007 1779 τρεφόμενα
1033 1712 1124 1763 καὶ
1145 1710 1505 1789 αὐξανόμενα,
1533 1711 1611 1773 είς
1642 1709 1740 1781 τὴν

1848 516 2150 578 dicebatur,
2185 532 2204 566 ι
2237 512 2305 568 Ει
2352 512 2537 566 bibent
2570 526 2765 580 aquam
2811 525 2876 565 ex
2922 509 3162 565 fontibus
3212 510 3419 563 salma—

1848 607 2001 672 τῖες»
2062 605 2177 659 sive
2222 619 2288 658 ex
2346 601 2588 655 fontibus
2642 601 2900 664 l'sraelis,
2951 616 3086 669 quos
3155 610 3422 655 memorat

1847 710 2029 751 sermo
2076 696 2163 749 ille
2207 694 2296 763 qui
2334 694 2442 758 ait,
2495 709 2514 742 ι
2543 692 2598 745 In
2659 693 2904 746 ecclesiis
2964 691 3264 747 benedicile
3313 693 3422 748 Deo

1847 787 2076 841 Domino
2118 787 2189 840 de
2233 785 2475 839 fontibus
2523 782 2783 837 Israel".
2815 802 2833 834 ι
2893 783 3018 837 Ηειιο
3067 798 3231 852 porro
3280 797 3417 853 aqua

1849 879 2014 933 fuerit
2044 879 2282 947 Spiritus
2323 883 2562 938 sanctus,
2592 875 2646 927 in
2685 873 2922 930 Ecclesia
2967 875 3061 928 Dei
3093 876 3418 939 scaturiens,

1846 980 1902 1026 et
1961 985 2130 1038 aquas
2198 968 2441 1022 viventes
2519 966 2824 1030 instillans,
2893 965 3053 1019 modo
3108 979 3172 1019 ex
3235 963 3420 1022 Veteri

1852 1062 2238 1128 Testamento,
2302 1061 2464 1116 modo
2518 1073 2582 1113 ex
2650 1072 2787 1112 nova
2834 1065 2890 1112 et
2955 1056 3266 1127 evangelica
3321 1058 3418 1112 do-

1845 1154 2040 1209 ctrina.

1916 1245 2082 1299 Vens.
2130 1245 2332 1308 l8,i9.
2391 1261 2410 1295 ι
2441 1243 2546 1297 Sed
2596 1242 2835 1312 aperiam
2884 1242 2938 1297 in
2991 1243 3264 1302 montibus
3315 1242 3418 1298 ﬁn-

1843 1339 2010 1403 mina,
2043 1347 2097 1393 et
2141 1339 2194 1392 in
2227 1338 2407 1392 medio
2439 1351 2754 1405 camporum
2807 1335 3005 1389 fontes.
3056 1334 3273 1390 Faciam
3324 1335 3421 1389 dn-

1843 1441 2044 1486 sertum
2076 1431 2127 1485 in
2161 1431 2382 1500 paludes
2422 1443 2710 1498 aquarum,
2739 1434 2794 1481 et
2821 1426 3090 1480 sitientem
3127 1434 3325 1479 terram
3361 1425 3417 1478 iu

1845 1525 2212 1594 aquaeductus.
2249 1522 2454 1576 Ponam
2489 1522 2539 1574 in
2588 1529 2729 1574 terra
2773 1519 3034 1588 inaquosa
3082 1518 3336 1582 cedrum,
3365 1527 3421 1571 et

1844 1615 2068 1678 inimum,
2116 1621 2171 1666 et
2217 1623 2475 1684 myrtum,
2521 1622 2577 1664 et
2619 1625 2954 1679 cupressum,
2999 1619 3053 1664 et
3089 1609 3364 1679 populum.
3392 1627 3414 1663 ο

1845 1704 1969 1760 Herc
2002 1705 2206 1769 omnia,
2235 1720 2352 1776 qua:
2383 1703 2593 1758 nonnisi
2633 1702 2686 1756 in
2723 1716 2986 1770 aquarum
3014 1701 3168 1772 c0pia
3199 1700 3421 1756 aluntur

146 1799 337 1852 εἰκόνα
367 1800 748 1870 περιείληπται
795 1799 904 1853 τῶν
937 1802 996 1852 ἐν
1027 1804 1094 1873 τῇ
1150 1801 1448 1872 Ἐκκλησία
1481 1801 1573 1854 τοῦ
1603 1801 1730 1855 Θεοῦ

1841 1807 1895 1850 et
1935 1805 2284 1861 accrescunt,
2315 1795 2378 1848 ad
2412 1794 2823 1860 similitudinem
2867 1793 3170 1849 animarum
3213 1793 3266 1847 in
3316 1791 3420 1847 Εει

146 1890 396 1944 εὐθαλῶν
426 1890 632 1961 ψυχῶν,
663 1892 769 1945 ἀπὸ
799 1891 1168 1965 πολυπληθίας
1190 1893 1349 1946 θείων
1380 1894 1472 1946 καὶ
1508 1893 1741 1962 λογικῶν

145 1982 360 2036 ὑδάτων
392 1985 474 2047 εἰς
507 1983 638 2053 ὑπ
667 1983 1012 2055 ἐπηρμένων.
1055 1985 1186 2038 Ὅτε
1216 1985 1313 2055 μὲν
1336 1980 1428 2038 οὖν
1461 1986 1588 2048 τοὺς
1615 2003 1743 2058 καρ-

144 2075 285 2136 ποὺς
323 2073 424 2144 τῆς
472 2073 796 2145 Ἐκκλησίας
833 2072 1079 2143 βούλεται
1115 2075 1466 2145 παραστῆσαι
1493 2076 1521 2127 ὀ
1563 2074 1737 2143 λόγος,

144 2163 317 2216 εἰκόνι
354 2163 554 2234 χρῆται
581 2163 786 2228 ἐλαίας,
820 2163 854 2235 ἢ
883 2163 1144 2233 φοίνικος,
1173 2164 1207 2236 ἢ
1242 2164 1507 2236 ἀμπέλου·
1556 2165 1643 2218 ὅτε
1684 2165 1741 2219 δὲ

143 2265 204 2307 ro
229 2254 460 2318 εὐθαλὲς
488 2255 580 2308 καὶ
607 2253 918 2326 διηρμένον,
946 2255 1139 2326 νεαρόν
1158 2273 1217 2308 τε
1239 2256 1334 2308 καὶ
1353 2257 1608 2327 ἀκμαῖον,
1631 2255 1742 2311 τῶν

143 2345 204 2397 ἐν
234 2346 302 2414 τῇ
366 2344 663 2416 Ἐκκλησία
696 2346 1114 2417 προκοπτόντων
1155 2347 1324 2417 δηλοῖ,
1367 2351 1432 2419 τῇ
1467 2347 1574 2401 τῶν
1607 2367 1741 2424 προ-

143 2436 447 2506 λεχθέντων
476 2436 659 2504 φυτῶν
693 2438 1060 2509 συνεχρήσατο
1084 2438 1274 2491 εἰκόνι·
1301 2438 1336 2493 ἀ
1367 2441 1466 2492 οὐκ
1497 2439 1672 2505 ἄλλως
1704 2441 1737 2512 ἢ

143 2525 204 2591 ἐξ
229 2526 447 2580 ὑδάτων
475 2527 713 2599 πλήθους
735 2528 829 2582 καὶ
858 2528 962 2599 γῆς
984 2529 1202 2600 ἑδραίας
1225 2531 1319 2584 καὶ
1353 2531 1581 2602 μονίμου
1611 2550 1738 2587 συν-

145 2618 400 2672 ἕστασθαι
430 2619 696 2689 πέφυκενο
735 2621 763 2673 ὅ
806 2619 869 2691 δὴ
914 2622 1008 2674 καὶ
1040 2622 1162 2675 ἀντὶ
1202 2623 1508 2695 παραδόξου
1542 2626 1738 2697 παρεί-

141 2712 334 2782 ληφεν,
363 2711 412 2763 εί
439 2711 501 2769 ἐν
521 2714 588 2782 τῇ
618 2711 830 2783 ἀνύδρῳ
859 2713 953 2765 καὶ
973 2712 1263 2786 καταξήρῳ
1301 2715 1396 2768 καὶ
1425 2715 1631 2788 δειλαίᾳ
1664 2719 1736 2789 γῇ

142 2801 414 2871 τοσαύτην
460 2802 667 2856 ὑδάτων
699 2802 962 2875 χορηγίαν
1012 2803 1230 2858 ἔσεσθαι
1263 2807 1618 2878 ἐπήγγελται,
1663 2807 1739 2872 ὡς

142 2892 372 2947 ⁴τοιαῦτα
403 2893 702 2965 βλαστῆσαι
728 2894 894 2963 φυτὰ,
923 2898 1084 2949 ὁποῖα
1116 2896 1478 2952 κατείλεκται.
1507 2898 1612 2951 Τὸν
1636 2899 1738 2952 αὐ-

141 2986 233 3041 τὺν
265 2986 325 3039 δὲ
345 2985 549 3056 τρόπον
577 2986 797 3041 ἔσεσθαι
824 2989 917 3042 καὶ
947 2989 1039 3042 ἐπὶ
1075 2990 1174 3062 τῆς
1210 2989 1377 3046 πάλαι
1410 2992 1616 3062 ἐρήμου
1643 2991 1739 3045 καὶ

139 3077 378 3150 ἀνύδρου
409 3078 515 3148 γῆς
546 3077 655 3131 τῶν
693 3079 858 3133 πάλαι
883 3079 1195 3151 ἀλλοφύλων
1219 3083 1313 3136 καὶ
1341 3082 1514 3136 ἀθέων
1547 3083 1734 3138 ἐθνῶνο

1842 1886 2004 1941 clesia
2051 1888 2142 1943 Dei
2182 1886 2524 1952 ﬂorentium,
2566 1901 2686 1954 quae
2725 1900 2791 1939 ex
2824 1886 3128 1940 divinarum
3158 1893 3214 1939 et
3248 1885 3416 1937 ratio-

1843 1980 2099 2034 nabilium
2153 1993 2416 2047 aquarum
2466 1977 2796 2032 abundantia
2844 1977 2897 2030 in
2935 1975 3102 2029 altum
3148 1989 3421 2030 excreve—

1842 2079 2000 2135 runt,
2044 2077 2397 2138 usurpantur.
2447 2067 2580 2122 Cum
2635 2067 2800 2137 igitur
2867 2065 3144 2135 Scriptura
3208 2065 3418 2120 fructus

1841 2160 2096 2216 Ecclesia:
2128 2168 2523 2229 reprasenlare
2549 2159 2720 2226 cupit,
2767 2158 2999 2224 imagine
3043 2159 3211 2212 utitur
3238 2157 3414 2220 olivze,

1840 2261 1935 2306 aut
1969 2251 2194 2320 palmae,
2235 2257 2330 2304 aut
2372 2250 2534 2315 vitis;
2580 2264 2702 2303 cum
2751 2263 2885 2304 vero
2917 2247 3231 2315 ﬂorentem,
3281 2247 3418 2302 sub-

1839 2342 2044 2411 limem,
2090 2351 2338 2412 vegetum
2381 2349 2437 2396 et
2479 2355 2796 2412 prosperum
2840 2353 3052 2408 eorum,
3079 2340 3170 2410 qui
3213 2341 3267 2395 in
3312 2339 3416 2395 Ec-

1838 2435 2006 2491 clesia
2045 2435 2374 2506 proﬁciunt,
2421 2443 2622 2490 statum
2684 2434 2988 2504 signiﬁcat,
3035 2435 3415 2503 praedictarum

1839 2529 2095 2583 arborum
2127 2525 2479 2582 similitudine
2521 2526 2710 2592 utitur,
2738 2540 2857 2595 quae
2887 2526 3109 2581 nonnisi
3148 2542 3214 2581 ex
3245 2541 3418 2595 aqua-

1838 2634 1956 2674 rum
2004 2619 2159 2689 copia
2211 2628 2374 2687 atque
2421 2617 2474 2671 in
2522 2626 2664 2672 terra
2707 2620 2862 2672 ﬁrma
2909 2618 3187 2687 solidaque
3233 2620 3417 2675 consi-

1840 2719 1986 2765 stere
2024 2709 2238 2764 solent:
2266 2710 2411 2779 quod
2449 2723 2583 2764 sane
2631 2725 2728 2778 pro
2766 2725 2827 2764 re
2863 2710 3126 2777 stupenda
3165 2719 3218 2764 et
3249 2710 3416 2765 mina

1838 2799 1930 2854 bili
1975 2798 2279 2870 usurpavit,
2318 2798 2463 2868 quod
2500 2798 2755 2852 videlicet
2805 2799 2858 2852 in
2909 2799 3192 2868 inaquosa,
3237 2799 3413 2868 arida,

1837 2902 1894 2948 et
1933 2893 2132 2948 misera
2172 2900 2354 2958 terra,
2399 2901 2604 2946 tantam
2645 2889 2764 2946 fore
2818 2905 3078 2960 aquarum
3129 2892 3412 2946 abundan-

1839 2985 1968 3039 tiam
2013 2984 2356 3056 polliceatur,
2385 2994 2443 3040 ut
2478 2985 2612 3040 tales
2662 2985 2918 3046 arbores,
2967 2982 3152 3054 quales
3183 2997 3410 3038 enume-

1839 3087 2052 3144 rantur,
2089 3077 2334 3147 proferre
2368 3078 2567 3134 valeat.
2606 3078 2806 3133 Eodem
2834 3086 3013 3131 autem
3054 3075 3217 3131 modo
3249 3091 3414 3132 even-

139 3169 418 3240 τοσαύτην
458 3169 568 3242 γὰρ
612 3172 938 3243 γενήσεσθαι
983 3173 1076 3227 καὶ
1115 3175 1202 3227 ἐπ’
1243 3175 1392 3246 αὐτῷ
1437 3176 1730 3249 μεταϐολὴν

1841 3178 2018 3225 turum
2048 3170 2180 3225 dicit
2224 3169 2278 3224 in
2331 3169 2420 3224 illa
2453 3169 2583 3222 olim
2629 3170 2841 3223 deserta
2881 3176 2937 3222 et
2979 3168 3237 3238 inaquosa
3283 3169 3413 3222 alie-

139 3260 481 3334 προφητεύει
502 3264 581 3326 εἰς
605 3262 828 3328 ἔνδειξιν
860 3265 958 3335 τῆς
993 3265 1262 3339 σωτηρίου
1290 3267 1624 3336 εὐεργεσίας.

213 3585 235 3620 ι
263 3568 385 3620 Ἷνα
406 3566 560 3621 ἴδωσι
585 3568 678 3621 καὶ
704 3566 893 3637 γνῶσι,
923 3568 1017 3621 καὶ
1036 3566 1329 3638 ἐννοήσωσι
1355 3566 1448 3620 καὶ
1474 3565 1736 3619 ἐπίστων-

136 3677 227 3715 ται
251 3660 394 3732 ἅμα,
427 3661 509 3715 ὅτι
542 3661 661 3732 χεὶρ
687 3660 891 3732 Κυρίου
921 3659 1141 3731 ἐποίησε
1165 3658 1357 3723 ταῦτα,
1391 3658 1485 3712 καὶ
1522 3660 1550 3712 ό
1581 3658 1733 3726 ἀγιος

137 3752 230 3806 τοῦ
279 3752 505 3826 Ἰσραὴλ
551 3751 880 3816 κατέδειξεν.
918 3770 937 3802 ι
984 3751 1047 3804 Εἰ
1097 3750 1206 3822 γὰρ
1256 3751 1329 3820 μὴ
1363 3749 1494 3812 Θεὸς
1532 3744 1600 3820 ἦν
1639 3749 1733 3802 καὶ

138 3843 257 3916 χεὶρ
290 3843 530 3916 Κυρίου,
563 3845 597 3913 ἡ
626 3842 714 3895 διὰ
738 3842 848 3895 τῶν
881 3841 1192 3896 ἀποστόλων
1221 3839 1386 3894 αὐτοῦ
1418 3840 1516 3912 τὴν
1541 3839 1734 3892 τοσαύ-

139 3951 236 4006 την
268 3934 576 4006 μεταϐολὴν
618 3937 675 3988 ἐν
709 3937 822 3998 τοῖς
855 3933 1062 3988 ἔθνεσιν
1095 3932 1432 4005 εἰργασμένη
1453 3973 1466 3993 ,
1506 3931 1624 3995 πῶς
1665 3931 1731 3985 ἂν

139 4025 480 4096 συνέστησαν
514 4026 572 4078 ἐν
598 4028 664 4096 τῇ
692 4025 926 4097 τοσαύτῃ
949 4024 1058 4077 τῶν
1089 4023 1258 4077 ἐθνῶν
1297 4022 1503 4094 ἐρημίᾳ
1536 4022 1732 4093 ἐκκλη-

139 4118 249 4171 σίαι
279 4116 444 4179 Θεοῦ,
469 4117 565 4170 καὶ
595 4117 663 4169 τὰ
696 4118 753 4169 ἐν
789 4117 925 4187 αὐτῇ
959 4114 1150 4183 λογικά
1189 4114 1354 4168 ὕδατα
1393 4113 1729 4183 πληθύνοντα

138 4205 416 4277 πανταχοῦ
444 4207 567 4278 γῆς,
593 4206 668 4270 ὡς
690 4206 1051 4278 γεωργεῖσθαι
1075 4205 1181 4258 τῶν
1214 4205 1475 4276 πρότερον
1509 4205 1730 4275 ἐρήμων

137 4297 225 4350 ml
248 4295 548 4367 ἀνημέρων
572 4295 739 4349 ἐθνῶν
758 4296 855 4360 τὰς
881 4295 1059 4366 ψυχὰς
1079 4295 1156 4366 τῷ
1183 4295 1281 4365 τῆς
1304 4294 1610 4356 θεοσεϐείας
1640 4294 1728 4345 λό-

137 4404 237 4458 γῳ,
285 4387 449 4457 φύειν
492 4405 552 4440 τε
586 4389 680 4441 καὶ
730 4387 911 4459 ὑψηλά
955 4389 1048 4441 καὶ
1075 4387 1322 4459 μετέωρα
1351 4385 1723 4457 βλαστήματαο

1836 3279 2026 3320 narum
2067 3275 2124 3318 et
2154 3263 2442 3334 impiarum
2489 3262 2730 3332 gentium
2777 3270 2922 3316 terra
2956 3279 2970 3315 :
3001 3275 3125 3314 nam
3175 3270 3232 3314 ut
3266 3259 3411 3314 salu-

1839 3365 1954 3410 tare
1991 3355 2310 3411 beneﬁcium
2356 3356 2642 3425 exprimat,
2686 3362 2890 3408 tantam
2931 3353 2983 3408 in
3021 3353 3110 3409 illa
3150 3353 3265 3409 fore
3292 3369 3410 3409 mu-

1837 3449 2092 3503 lationem
2127 3449 2473 3503 vaticinatur.

1906 3539 2070 3595 Vens.
2095 3539 2185 3595 20.
2225 3559 2244 3591 ι
2275 3541 2346 3595 Ut
2394 3540 2614 3593 videant
2658 3547 2714 3593 et
2763 3545 3129 3609 cognoscant,
3171 3547 3228 3592 et
3257 3538 3408 3604 cogi-

1833 3638 2025 3688 tentet
2056 3634 2228 3687 sciant
2253 3631 2446 3696 simul,
2487 3631 2741 3700 quoniam
2792 3645 2985 3684 manus
3017 3630 3225 3684 Domini
3279 3629 3407 3685 fecit

1833 3724 1969 3792 lucc,
2013 3733 2068 3780 et
2114 3734 2334 3780 sanctus
2369 3723 2530 3780 Israel
2560 3723 2819 3779 ostendit.
2845 3741 2866 3776 ι
2910 3720 3027 3776 Nisi
3072 3723 3214 3777 enim
3264 3722 3408 3778 Deus

1831 3826 1886 3873 et
1924 3832 2116 3872 manus
2166 3818 2378 3871 Domini
2427 3824 2593 3879 esset,
2635 3829 2754 3884 qua:
2808 3828 2903 3883 per
2951 3813 3226 3882 apostolos
3277 3828 3406 3868 suos

1830 3917 2034 3964 tantam
2081 3911 2134 3964 in
2175 3910 2426 3980 gentibus
2456 3908 2809 3962 mulationem
2860 3906 3091 3971 induxit,
3134 3909 3406 3975 quomodo

1832 4005 1884 4065 in
1919 4012 2070 4057 tanto
2116 4003 2353 4073 gentium
2401 4001 2617 4054 deserto
2669 3997 2924 4052 Ecclesia!
2971 3997 3068 4051 Dei
3117 3997 3404 4052 constitis-

1830 4102 1985 4154 sent,
2029 4105 2085 4148 et
2135 4092 2491 4147 rationabiles
2535 4089 2653 4159 ejus
2699 4105 2850 4159 aquae
2895 4087 3094 4160 ubique
3141 4097 3404 4142 terrarum

1831 4184 2055 4254 largiter
2105 4193 2446 4244 manassent,
2499 4183 2573 4236 ita
2623 4193 2681 4236 ut
2741 4182 2845 4236 illa:
2905 4181 3030 4236 olim
3079 4183 3308 4237 deserta:
3350 4189 3407 4236 et

1830 4274 2064 4330 immites
2093 4277 2328 4346 gentium
2380 4275 2587 4338 animae,
2630 4274 2732 4345 piae
2783 4274 3059 4345 religionis
3101 4273 3266 4329 verbo
3306 4289 3405 4328 cx-

1830 4365 1934 4420 coli
1973 4377 2218 4437 possent,
2263 4383 2326 4422 ac
2370 4367 2546 4421 celsas
2588 4367 2958 4434 sublimesque
2991 4365 3202 4436 plantas
3247 4365 3407 4419 emit-

137 4481 229 4532 καὶ
251 4480 325 4534 τὰ
357 4479 458 4550 μὲν
487 4479 580 4532 ἐπὶ
600 4480 706 4548 γῆς
734 4478 1101 4550 ἐρῤιζωμένα,
1132 4478 1274 4547 λέγω
1299 4478 1363 4549 δὴ
1399 4480 1457 4531 ἐν
1484 4479 1562 4548 τῷ
1595 4477 1724 4548 θνη-

1841 4466 1986 4515 lere:
2016 4475 2246 4530 quarum
2277 4461 2396 4514 aliae
2439 4461 2492 4514 in
2528 4469 2694 4526 terra,
2725 4460 2934 4515 scilicet
2976 4461 3028 4514 in
3064 4459 3276 4513 mortali
3315 4461 3408 4511 hu-

138 4573 214 4645 τῷ
241 4574 343 4627 καὶ
375 4571 706 4643 ἀνθρωπίνῳ
747 4571 866 4642 βίῳο
895 4571 962 4624 τὰ
996 4571 1054 4624 δέ
1081 4573 1161 4635 εἰς
1191 4570 1324 4640 ὕψος
1365 4570 1720 4640 ἐπαιρόμενα,

138 4662 210 4728 ὥς
235 4665 337 4719 καὶ
387 4663 551 4734 μέχρι
577 4663 675 4734 τῆς
733 4662 1008 4733 βασιλείας
1055 4661 1162 4714 τῶν
1203 4660 1446 4732 οὐρανῶν
1494 4662 1726 4714 ἐκτείνε-

139 4753 284 4818 σθαι,
319 4754 486 4807 κάκεῖ
508 4751 606 4815 τὰς
639 4752 843 4806 ἑαυτῶν
872 4753 1110 4824 ἀναρτᾷν
1135 4751 1386 4816 ἐλπίδας;
1418 4753 1508 4805 Διὸ
1541 4756 1725 4822 φυτοῖς

138 4846 363 4900 εὐώδεσι
389 4843 485 4897 καὶ
515 4845 596 4907 εἰς
637 4842 768 4913 ὕψος
799 4842 1130 4915 ἐπηρμένοις
1159 4843 1616 4914 παραϐέϐληνται.

209 5038 231 5071 ι
274 5017 520 5088 Ἑγγίζει
555 5020 588 5090 ὴ
631 5019 811 5090 κρίσις
843 5017 1028 5090 ὐμῶν,
1061 5016 1210 5086 λέγει
1252 5016 1456 5088 Κύριος
1501 5019 1530 5071 ό
1569 5018 1720 5083 Θεός·

142 5108 372 5178 ἤγγισαν
403 5112 461 5164 αἱ
493 5109 680 5180 βουλαὶ
715 5111 888 5181 ὑμῶν,
919 5110 1066 5179 λέγει
1098 5112 1127 5162 ὁ
1164 5109 1414 5179 βασιλεὺς
1454 5109 1668 5164 Ἰακώϐ.
1701 5128 1720 5160 ι

1833 4568 2098 4622 manaque
2121 4555 2256 4620 vita,
2295 4554 2504 4608 radices
2546 4567 2808 4622 posuere;
2853 4553 2973 4607 alia:
3011 4568 3140 4606 vero
3187 4567 3403 4605 sursum

1830 4657 2028 4700 ercetae
2073 4653 2242 4710 sunt,
2287 4647 2360 4699 ita
2411 4657 2468 4699 ut
2507 4647 2574 4699 ad
2635 4661 2807 4715 usque
2859 4659 3084 4714 regnum
3143 4643 3402 4698 ctelormn

1830 4741 2272 4804 extenderentur,
2319 4749 2482 4807 atque
2515 4739 2586 4793 ibi
2629 4753 2780 4808 spem
2827 4752 2981 4791 suam
3040 4733 3407 4803 reponerent?

1831 4832 2183 4897 quamobrem
2259 4830 2700 4886 suaveolentibus
2754 4846 2818 4885 ac
2868 4829 3181 4885 celsissimis
3243 4827 3403 4880 arbo-

1833 4924 1982 4977 ribus
2008 4934 2406 4992 comparantur.

1903 5013 2067 5070 Vsns.
2092 5015 2182 5069 21.
2221 5035 2239 5066 ι
2269 5015 2677 5086 Appropinquat
2697 5014 2958 5083 judicium
2986 5021 3247 5068 vestrum.
3271 5007 3403 5062 dicit

1825 5106 2080 5161 Dominus
2133 5108 2322 5161 Deus:
2370 5108 2871 5177 appropinquarunt
2919 5104 3142 5160 consilia
3195 5111 3399 5167 vestra,

154 5200 572 5272 ’Δναπολόγητοι
606 5202 716 5271 γάρ
765 5204 907 5263 ἐστε,
945 5201 1130 5272 φησιν,
1165 5193 1210 5252 ὧ
1245 5199 1644 5271 εἰδωλολάτραι,
1678 5200 1727 5253 οἱ

1841 5199 1954 5253 licit
1997 5213 2091 5253 rex
2129 5197 2313 5254 Jacob.
2342 5218 2361 5250 ι
2407 5199 2801 5254 lnexcusabiles
2831 5199 3030 5271 quippe
3061 5197 3211 5259 estis,
3238 5193 3334 5256 ait,
3365 5210 3398 5248 ο

149 5291 279 5358 μετά
317 5291 418 5362 τὴν
455 5293 726 5363 τοσαύτην
753 5293 908 5364 χάριν
940 5292 1038 5364 τὴν
1067 5291 1137 5345 τὰ
1178 5291 1414 5345 τοσαῦτα
1459 5309 1728 5364 κατεργα-

149 5383 406 5454 σαμένην,
439 5385 505 5454 τῇ
553 5383 798 5454 πολυθέῳ
828 5383 1281 5454 ἐναπομείναντες
1311 5382 1508 5454 πλάνῃ,
1539 5383 1612 5454 μὴ
1644 5385 1726 5437 ἐν-

149 5473 455 5542 νοήσαντες,
481 5474 557 5537 ὡς
579 5475 700 5545 χεὶρ
724 5470 790 5544 ἦν
802 5473 1016 5544 ἀληθῶς
1042 5473 1176 5526 Θεού
1203 5474 1236 5543 ή
1264 5473 1332 5527 τὰ
1350 5474 1580 5527 τοσαιῖτα
1605 5490 1730 5528 κατ-

151 5565 506 5638 εργαζομένη,
546 5569 643 5620 καὶ
687 5566 815 5637 πρὶν
874 5566 1124 5634 γενέσθαι
1159 5565 1547 5638 μαρτυραμένη
1575 5606 1588 5631 ,
1643 5567 1723 5620 ὅτι

151 5654 311 5708 ταῦτα
338 5657 512 5712 ἔσται.

219 5751 258 5782 "
296 5751 427 5816 Cap.
457 5769 556 5818 xu,
589 5729 841 5810 vers..i3.
917 5753 962 5786 "
1000 5749 1139 5808 Psal.
1170 5768 1337 5818 um,
1371 5751 1459 5809 ετ.

1823 5291 2162 5356 ἱιιοὶοιίιιιιεε,
2215 5293 2307 5361 qui
2367 5301 2487 5360 post
2538 5299 2743 5344 tantam
2794 5290 3032 5357 taliaque
3082 5293 3395 5354 operantem

1823 5384 2072 5454 gratiam,
2102 5384 2155 5438 in
2201 5384 2492 5439 multorum
2533 5383 2809 5437 numinum
2847 5396 3032 5436 errore
3075 5379 3396 5434 mansistis:

1829 5490 1936 5531 non
1978 5477 2310 5546 cogitantes,
2355 5490 2573 5530 manum
2614 5475 2708 5530 Dei
2756 5489 2878 5530 esse
2920 5488 3039 5543 qua:
3084 5483 3190 5527 tam
3231 5471 3396 5528 multa

1829 5568 2032 5634 edidit,
2077 5578 2130 5625 et
2179 5579 2464 5641 antequam
2515 5568 2739 5635 ﬁerent,
2784 5569 2898 5623 haec
2937 5567 3110 5621 futura
3157 5579 3380 5638 prauus

1833 5660 2002 5713 tiavit.
