3880 6216
185 307 293 366 $85

1106 304 1613 363 COMMENTABIA
1656 304 1722 360 ΙΝ
1764 304 2021 364 ISAIAM.
2062 335 2130 348 -
2169 303 2319 362 CAP.
2362 304 2521 363 XLII.

3331 317 3438 375 386

180 428 282 482 οὐκ
320 424 470 479 εστιν
514 426 545 479 ὁ
583 423 889 497 προλέγων,
944 423 1072 478 οὐδὲ
1123 427 1153 479 ὀ
1197 423 1413 479 ἀκούων
1460 422 1615 495 ὑμῶν
1641 425 1760 489 τοὺς

1874 424 2123 487 fuerunt,
2149 435 2205 481 et
2231 424 2475 481 dicamus
2497 426 2628 481 'vera
2673 429 2825 483 esse?
2861 445 2964 485 non
2993 441 3077 487 est
3105 432 3197 502 qui
3245 439 3440 505 prsidi-

182 517 395 586 λόγους.
468 537 489 570 ι
554 516 763 585 Διπλῆν
801 515 915 586 ἔχει
969 515 1233 581 διάνοιαν,
1268 515 1345 580 ὼς
1392 517 1529 587 μήτε
1585 515 1763 570 αὐτῶν

181 608 419 679 ἐχόντων
450 606 642 676 λόγον,
677 606 766 661 διὰ
791 606 855 660 τὸ
912 606 1078 678 μηδὲν
1121 606 1400 671 δύνασθαι,
1448 608 1583 679 μήτε
1631 606 1766 660 εἰδέ-

180 718 290 764 ναι,
342 701 485 771 μήτε
509 700 620 753 τῶν
659 698 829 753 πάλαι
876 699 1005 771 περὶ
1053 699 1192 755 αύτά
1224 699 1592 771 πλανωμένων
1640 701 1765 753 ἐπι-

186 791 460 861 μενόντων
487 793 555 862 τῇ
601 791 813 864 πλάνῃο
847 791 1214 861 ὠφελημένων
1265 791 1324 845 δὲ
1362 791 1469 844 ὑπὸ
1514 790 1610 845 τοῦ
1666 792 1766 862 τῆς

185 881 445 952 ἀληθείας
503 882 687 951 λόγου,
721 882 797 946 ὡς
856 882 1052 954 μηκέτι
1101 881 1331 946 ἐκείνοις
1365 883 1623 953 παρέχειν
1665 881 1765 947 τὰς

184 974 371 1037 ἀκοὰς,
390 973 479 1027 διά
500 973 562 1027 τὸ
579 973 976 1043 κατεγνωκέναι
988 972 1089 1044 τῆς
1121 972 1357 1037 παλαιᾶς
1388 974 1622 1045 ἀπάτης.

166 1130 173 1147 ³
255 1174 276 1207 ι
323 1152 526 1226 ’Δρχὴν
568 1151 708 1206 Σιὼν
734 1152 912 1216 δώσω,
972 1153 1068 1206 καὶ
1112 1154 1467 1226 Ἰερουσαλὴμ
1512 1173 1765 1226 παρακα-

178 1245 320 1300 λέσω
343 1248 426 1309 εἰς
451 1245 591 1299 ὁδόν.
627 1264 646 1296 ι
690 1246 754 1298 ’0
784 1245 934 1314 λέγει
961 1246 1203 1301 τοιοῦτόν
1245 1249 1394 1301 ἐστι·
1442 1248 1763 1317 Γινώσκετε,

179 1332 226 1391 ὦ
269 1337 572 1410 ἅνθρωποι,
600 1338 677 1403 ὡς
706 1339 772 1409 τῇ
825 1336 1120 1409 Ἐκκλησία
1141 1341 1209 1410 τῇ
1244 1340 1372 1410 ἐμῇ,
1423 1341 1489 1410 τῇ
1543 1340 1636 1393 καὶ
1676 1338 1766 1392 διὰ

175 1430 288 1484 τῶν
320 1429 631 1502 ἔμπροσθεν
666 1429 1031 1500 ὠνομασμένη
1074 1426 1212 1483 Σιὼν
1252 1431 1346 1483 καὶ
1387 1429 1762 1503 Ἰερουσαλὴμ,

176 1524 344 1588 αὐτὸς
371 1521 483 1593 ἐγὼ
498 1520 657 1575 δώσω
683 1520 785 1592 τὴν
837 1520 977 1574 κατά
1005 1521 1222 1575 πάντων
1263 1523 1459 1594 ἀρχὴν,
1521 1524 1615 1577 καὶ
1664 1523 1765 1594 τὴν

193 1616 523 1687 Ἐκκλησίαν
559 1632 660 1688 μου
703 1613 1088 1686 παρακαλέσω,
1131 1616 1227 1668 κα)⁵
1272 1616 1423 1687 θήσω
1463 1614 1633 1687 αὐτὴν
1683 1617 1765 1679 εἰς

170 1709 317 1763 ὀδόν.

1867 523 1975 580 cat,
2003 530 2179 586 neque
2221 517 2313 586 qui
2349 516 2534 571 audiat
2561 530 2841 574 sermones
2868 533 3095 578 vestros.
3119 541 3138 577 ι
3180 523 3305 580 llaec
3340 525 3442 581 du-

1866 607 1992 678 plici
2037 623 2190 663 more
2225 608 2456 678 intelligi
2503 621 2753 678 possunt;
2794 621 2852 666 ut
2895 629 3070 680 neque
3114 614 3188 669 illi
3233 632 3442 673 sermo-

1850 714 2010 762 nem,
2039 713 2199 770 quem
2230 699 2530 770 proferant,
2565 699 2824 765 habeam,
2851 705 2998 771 quod
3044 705 3177 760 nihil
3206 707 3440 784 valeant,

1865 788 2107 859 nihilque
2149 790 2365 856 sciant;
2417 804 2593 859 neque
2626 790 2724 856 illi,
2755 791 2882 846 olim
2924 794 3005 848 his
3048 795 3100 848 in
3150 796 3310 851 rebus
3348 810 3440 852 er-

1867 892 2071 945 rantes,
2100 880 2154 934 in
2186 895 2376 936 errore
2403 890 2692 948 maneant;
2723 883 2817 936 sed
2851 884 3017 938 verbo
3063 886 3309 940 veritatis
3347 884 3443 940 ad-

1861 971 1991 1043 juti,
2019 972 2335 1028 nullatenus
2358 972 2490 1040 ipsis
2513 986 2674 1027 aures
2704 976 2998 1043 praebeant,
3025 976 3169 1045 quod
3203 977 3441 1047 priscum

1865 1079 2107 1121 errorem
2133 1064 2584 1136 deprehenderint
2606 1073 2662 1119 et
2688 1067 3018 1124 damnarint.

1944 1156 2102 1211 Vens.
2127 1157 2217 1211 27.
2257 1174 2278 1209 ι
2308 1156 2677 1223 Principatum
2708 1155 2839 1211 Sion
2868 1157 3028 1225 dabo,
3057 1170 3114 1215 et
3137 1158 3439 1217 Jerusalem

1865 1249 2188 1303 consolabor
2216 1249 2269 1302 in
2300 1248 2407 1303 via.
2437 1267 2456 1301 ι
2479 1246 2605 1302 liter.
2631 1257 2713 1303 est
2748 1249 2875 1303 dicti
2911 1253 3218 1309 sententia:
3258 1253 3439 1312 Heus!

1867 1354 1962 1394 vos
2020 1341 2286 1407 homines,
2334 1338 2636 1408 agnoscite,
2690 1354 2775 1394 me
2809 1340 3064 1397 Ecclesia:
3106 1359 3272 1410 meae,
3324 1362 3443 1417 quat

1867 1433 2016 1501 prius
2053 1431 2186 1487 Sion
2223 1442 2279 1487 et
2318 1430 2619 1486 Jerusalem
2668 1442 2858 1486 vocata
2895 1432 3017 1498 fuit,
3072 1435 3438 1505 principatum

1869 1524 1922 1577 in
1958 1538 2147 1577 omnes
2193 1524 2442 1577 daturum
2474 1537 2611 1589 esse,
2659 1538 2722 1577 ac
2770 1523 3069 1579 Ecelesiam
3103 1542 3277 1581 meam
3312 1543 3441 1583 con-

1867 1615 2167 1671 solaturutn
2201 1616 2606 1687 positurumque
2635 1616 2688 1670 in
2722 1616 2826 1670 via.

214 1831 230 1845 ο
253 1820 272 1850 ι
308 1799 445 1851 Ἀπὸ
502 1798 610 1867 γὰρ
640 1798 750 1852 τῶν
786 1797 958 1853 ἐθνῶν
994 1798 1102 1851 ἰδοὺ
1130 1793 1333 1860 οὐδείς’
1378 1794 1474 1848 καὶ
1517 1793 1625 1848 ἀπὸ
1655 1793 1760 1847 τῶν

1942 1795 2103 1852 Vens.
2130 1797 2220 1861 28,
2254 1797 2345 1852 29.
2385 1815 2405 1849 ι
2431 1797 2470 1852 Α
2503 1796 2748 1867 gentibus
2779 1798 2925 1852 enim
2956 1814 3083 1853 ecce
3131 1800 3310 1856 nullus
3338 1808 3441 1865 est,

178 1890 416 1944 εἰδώλων
444 1889 624 1943 αὐτῶν
653 1891 752 1943 οὐκ
776 1885 845 1961 ἦν
870 1892 899 1944 ὁ
931 1887 1296 1957 ἀναγγέλλων.
1343 1887 1455 1939 Καὶ
1483 1885 1581 1939 ἐὰν
1623 1887 1763 1957 ἐρω-

166 1984 329 2053 ’τήσω
378 1982 595 2046 αὐτοὺς,
652 1981 823 2035 Πόθεν
867 1981 1022 2042 ἐστές
1066 1980 1126 2033 ού
1161 1979 1235 2050 μὴ
1268 1976 1606 2049 ἀποκριθῶσί
1649 1994 1759 2049 μοι.

175 2074 298 2128 Emi
329 2074 445 2145 γὰρ
467 2075 516 2126 οί
548 2072 825 2137 ποιοῦντες
851 2074 1016 2144 ὑμᾶς,
1036 2072 1131 2126 καὶ
1168 2071 1345 2142 μάτην
1374 2071 1424 2123 oi
1454 2067 1764 2133 πλανῶντες

175 2168 344 2236 ὑμᾶς.
388 2184 408 2216 ι
456 2164 828 2237 Ἦλέγχθησαν
852 2164 983 2235 γοῦν
1025 2165 1086 2218 τὸ
1115 2164 1281 2236 μηδὲν
1325 2162 1498 2225 ὄντες,
1530 2162 1626 2215 καὶ
1675 2160 1765 2214 διὰ

173 2258 337 2311 τοῦτο
367 2256 532 2328 μηδὲν
557 2256 842 2328 δυνάμενοι
862 2272 875 2287 ·
909 2256 990 2310 διὸ
1042 2257 1136 2310 καὶ
1168 2255 1263 2309 ἐὰν
1296 2254 1631 2326 ἐπερωτήσω
1668 2253 1765 2307 αύ-

172 2350 301 2411 τοὺς
331 2347 530 2401 ὁπόθεν
554 2343 684 2412 εἶεν,
715 2345 888 2409 οὐδεὶς
915 2344 1093 2398 αὐτῶν
1116 2344 1407 2415 ἀπόκρισιν
1430 2342 1609 2397 δώσει.

687 2438 1084 2491 ΚΕΦΑΛΑΙΟΝ
1122 2435 1253 2490 ΜΒ⁹.

251 2550 273 2583 ι
321 2527 527 2584 Ἰακὼϐ
559 2531 589 2583 ὁ
618 2531 748 2593 παῖς
772 2546 895 2600 μου,
930 2526 1289 2598 ἀντιλήψομαι
1315 2522 1482 2579 αὐτοῦ
1506 2539 1521 2553 ·
1549 2520 1764 2594 Ἰσραὴλ

162 2625 201 2675 vi
225 2621 483 2686 ἐκλεκτός
521 2638 645 2692 μου,
690 2620 1052 2693 προσεδέξατο
1076 2618 1238 2672 αὐτὸν
1271 2619 1305 2689 ὴ
1333 2617 1477 2687 ψυχή
1508 2632 1631 2687 μου.
1665 2614 1761 2666 Ἐ-

170 2714 324 2767 imm.
347 2711 410 2766 τὸ
434 2711 658 2783 11νεῦμά
692 2729 791 2783 μου
821 2712 907 2763 ἐπ’
938 2710 1121 2764 αὐτόν.
1163 2729 1181 2762 ι
1215 2708 1411 2781 Εὖροις
1436 2708 1480 2761 δ’
1504 2707 1572 2760 ἂν
1589 2704 1763 2758 ταῦτα

174 2804 391 2876 σ-δνῳδά
415 2807 529 2868 τοῖς
559 2804 647 2858 διὰ
691 2804 802 2857 τῶν
847 2801 1156 2875 ἔμπροσθεν
1184 2802 1310 2873 περὶ¹
1361 2799 1456 2854 τοῦ
1500 2801 1566 2853 ἐκ
1608 2798 1763 2869 ῥίζης

183 2898 389 2950 Ἰεσσαὶ
436 2894 897 2967 προελευσομένου
938 2893 1410 2964 τεθεσπισμένοις.
1477 2890 1763 2954 Ἐκλεκτὸς

160 2990 228 3044 δὲ
263 2987 446 3043 οὐκέθ’
478 2987 678 3059 ὁμοίως
701 2991 814 3049 τοῖς
838 2987 1155 3050 ἀποστόλοις
1173 3003 1187 3016 ο
1224 2984 1411 3056 ἐπειδὴ
1441 2984 1587 3055 μόνῳ
1612 2981 1759 3052 αὐτῷ

168 3076 422 3133 λέλεκται
444 3078 526 3142 τὸ,
560 3096 581 3128 ι
624 3078 719 3131 Ὃν
748 3076 998 3148 ῄρέτισεν
1026 3077 1059 3146 ή
1093 3074 1239 3145 ψυχή
1278 3091 1377 3145 μου
1401 3091 1414 3104 ·
1458 3092 1477 3125 ι
1507 3072 1643 3126 ἀλλὰ
1667 3073 1761 3126 καὶ
1786 3122 1829 3176 C

166 3173 232 3225 τὸ
255 3170 477 3240 πνεῦμα
497 3168 590 3223 τοῦ
615 3168 748 3221 Θεοῦ
779 3169 872 3221 ἐπὶ
906 3166 1066 3238 μόνον
1104 3165 1264 3220 αὑτὸν
1297 3164 1753 3219 ἐπαναπαύσατο·

166 3280 194 3313 1
243 3262 337 3314 Ἐν
373 3259 523 3331 αὐτῷ
554 3259 665 3330 γὰρ
710 3258 999 3329 κατῴκησε
1059 3256 1165 3310 πᾶν
1230 3254 1290 3309 τὸ
1336 3255 1613 3327 πλήρωμα
1654 3256 1757 3326 τῆς

169 3352 426 3423 θεότητος
453 3348 800 3422 σωματικῶς.
836 3368 855 3401 ι
887 3349 1085 3421 Διόπερ
1116 3347 1192 3412 ὡς
1228 3347 1387 3419 μόνος
1409 3348 1670 3420 χωρήσας
1693 3348 1756 3401 τὸ

170 3442 399 3514 Πνεῦμα
424 3442 486 3495 τὸ
510 3440 791 3514 πατρικὸν,
818 3439 887 3492 τὰ
916 3436 1041 3509 ἑξῆς
1073 3439 1248 3492 πάντα
1270 3438 1581 3510 ἐργάζεται,
1598 3437 1759 3507 ἐξαγ-

175 3534 379 3604 γέλλων
406 3534 475 3587 τὰ
505 3534 636 3606 περὶ
670 3534 768 3604 τῆς
800 3531 1094 3600 καθολικῆς
1122 3528 1354 3602 κρίσεως
1383 3533 1496 3593 τοῖς
1522 3529 1755 3591 ἔθνεσιν,

169 3629 247 3691 εἰς
281 3626 348 3680 τὸ
379 3621 898 3697 παρασκευάζεσθαι
939 3623 1064 3685 τοὺς
1100 3622 1308 3684 πάντας
1357 3622 1438 3684 είς
1482 3621 1582 3694 τὴν
1628 3621 1754 3692 μέλ-

169 3718 374 3772 λουσαν
400 3717 495 3771 τοῦ
528 3715 663 3770 Θεοῦ
689 3715 893 3788 κρίσιν.

244 3826 265 3859 ι
298 3808 377 3861 Οὐ
436 3806 785 3879 κεκράξεται,
814 3805 935 3860 οὐδέ
968 3805 1177 3876 ἀνήσει,
1203 3802 1323 3858 οὐδὲ
1359 3802 1753 3874 ἀκουσθήσεται

169 3901 275 3966 ἔξω
312 3902 351 3970 ή
389 3899 543 3970 φωνή
566 3898 730 3952 αὐτοῦ
753 3914 766 3928 ο
793 3897 1033 3969 κάλαμον
1060 3896 1422 3967 τεθλασμένον
1454 3896 1516 3949 οὐ
1543 3896 1757 3967 συντρί-

167 3993 391 4064 ψει,καὶ
424 3991 569 4044 λίνον
599 3991 992 4061 καπνιζόμενον
1024 3990 1085 4044 ού
1112 3990 1322 4044 σσέσει·
1350 3988 1485 4042 ἀλλά
1514 3990 1596 4052 είς
1626 3988 1758 4059 ἀλή-

166 4083 324 4138 θειαν
349 4080 549 4147 ἐξοίσει
596 4081 797 4154 κρίσιν.
843 4100 861 4132 ι
915 4079 1151 4152 Σύνηθες
1192 4084 1259 4153 τῇ
1307 4079 1427 4152 θείᾳ
1458 4080 1649 4152 Γραφῇ
1680 4079 1758 4151 τῷ

170 4175 264 4246 τῆς
291 4173 478 4244 ψυχῆς
515 4172 723 4243 ὄμματι
761 4171 1138 4243 καταχρᾶσθαι
1166 4173 1259 4225 ἐπὶ
1285 4172 1378 4226 τοῦ
1410 4169 1546 4225 Θεοῦ
1566 4188 1580 4201 ’
1635 4171 1758 4223 ἐπεὶ

164 4267 261 4320 καὶ
292 4265 485 4329 πόδας,
506 4266 601 4317 καὶ⁵
623 4267 833 4335 χεῖρας,
857 4264 952 4317 καὶ
977 4262 1291 4328 δακτύλους,
1318 4264 1412 4317 καὶ
1443 4261 1759 4333 ὀφθαλμοὺς

164 4356 306 4411 εσεοῦ
343 4354 538 4410 εἴωθεν
558 4352 1038 4426 ἀνθρωπινώτερον
1074 4354 1462 4426 προφέρεσθαι.
1500 4354 1637 4424 Περὶ
1661 4354 1757 4406 αύ-

1866 1892 2014 1946 etde
2061 1892 2220 1947 idolis
2257 1906 2442 1945 earqu
2496 1906 2606 1944 non
2632 1899 2751 1945 erat
2781 1893 2870 1959 qui
2903 1893 3265 1948 annuntiaret.
3299 1894 3364 1949 Et
3396 1896 3442 1950 si
3483 1928 3495 1940 -

1867 1982 2274 2047 interrogavero
2302 1996 2419 2046 eos,
2459 1980 2612 2037 Unde
2648 1982 2828 2038 estis?
2887 1999 2992 2039 non
3043 1985 3443 2054 respondebunt

1868 2072 2020 2126 mihi.
2051 2070 2190 2126 Sunt
2216 2074 2359 2125 enim
2385 2070 2474 2141 qui
2503 2068 2709 2126 faciunt
2735 2081 2789 2125 et
2819 2071 2911 2139 qui
2942 2070 3154 2126 .i'rustra
3178 2074 3442 2129 seducunt

1867 2175 1981 2216 vos.
2010 2181 2028 2212 ι
2070 2161 2215 2217 Nihil
2245 2177 2340 2217 eos
2382 2178 2528 2229 esse,
2554 2170 2610 2216 et
2642 2162 2762 2216 ideo
2798 2161 2929 2216 nihil
2964 2177 3149 2233 posse,
3196 2179 3443 2233 compro-

1863 2252 2046 2305 batum
2098 2260 2228 2306 est:
2273 2267 2445 2322 quare
2498 2254 2546 2307 si
2595 2253 3005 2322 interrogavero
3036 2267 3130 2307 eos
3174 2255 3442 2308 undenaut

1864 2342 1994 2407 sint,
2021 2357 2207 2397 eorum
2246 2344 2407 2398 neuio
2442 2344 2809 2413 respondebit.

2445 2434 2671 2491 CAPUT
2714 2434 2872 2490 XLll.

1940 2521 2102 2577 Vsus.
2134 2524 2188 2577 l.
2224 2540 2244 2575 ι
2271 2521 2445 2579 Jacob
2500 2538 2637 2593 puer
2690 2540 2880 2592 meus,
2933 2523 3225 2595 suscipiam
3271 2539 3439 2584 eum:

1865 2616 2029 2671 Israel
2057 2616 2264 2672 electus
2292 2630 2468 2681 meus,
2498 2616 2737 2686 suscepit
2764 2631 2887 2672 eum
2925 2618 3105 2673 anima
3138 2633 3277 2674 mea.
3309 2619 3441 2678 Dedi

1866 2706 2128 2778 Spiritum
2161 2721 2339 2762 meum
2379 2723 2543 2778 super
2576 2724 2721 2764 eum.
2750 2727 2769 2761 ι
2807 2709 2930 2764 Haec
2975 2726 3215 2767 consona
3252 2714 3441 2782 depre~

1865 2798 2068 2853 hendas
2100 2796 2188 2862 iis,
2217 2811 2335 2866 qua:
2359 2797 2610 2866 superius
2637 2798 2703 2852 de
2730 2813 2818 2863 eo,
2844 2799 2935 2866 qui
2965 2815 3029 2854 ex
3061 2802 3241 2857 radice
3268 2801 3441 2860 Jessai

1863 2889 2179 2958 proditurus
2218 2898 2377 2957 erat,
2432 2888 2887 2958 prmnuntiantur.
2942 2891 3165 2948 Electus
3211 2904 3391 2951 autem
3419 2937 3438 2965 ,

1865 2995 1971 3035 non
2020 2980 2164 3036 sicut
2206 2981 2468 3051 apostoli,
2514 2982 2950 3052 quandoquidem
2995 2986 3062 3038 de
3104 2984 3196 3039 illo
3230 2994 3439 3041 tantum

1864 3070 2083 3136 dicitur,
2133 3088 2152 3124 t
2184 3071 2357 3140 Elegit
2405 3087 2528 3127 eum
2581 3073 2758 3130 anima
2806 3089 2957 3141 mea;
2989 3093 3007 3127 ι
3044 3089 3231 3130 verum
3278 3077 3441 3131 etiam

1863 3161 2104 3230 Spiritus
2138 3161 2231 3217 Dei
2281 3165 2334 3217 in
2368 3164 2485 3234 ipso
2514 3164 2629 3219 solo
2662 3164 2926 3234 requievit
2955 3183 2970 3220 :
3006 3165 3060 3219 in
3106 3164 3203 3221 illo
3243 3166 3442 3237 quippe

1866 3252 2184 3307 «habitavit
2232 3254 2408 3308 omnis
2456 3253 2734 3324 plenitudo
2789 3255 3088 3310 divinitatis
3142 3257 3442 3326 corporali-

1861 3341 2055 3397 ter".i
2083 3343 2470 3411 Quamobrem,
2500 3356 2555 3399 ut
2577 3347 2670 3415 qui
2697 3347 2843 3401 solus
2872 3356 3154 3415 paternum
3180 3346 3443 3418 Spiritum

1859 3434 1914 3490 in
1964 3447 2026 3491 se
2058 3436 2343 3505 receperit.
2388 3437 2567 3491 omnia
2610 3439 2711 3493 sub
2767 3439 2880 3492 haec
2922 3447 3170 3492 enarrata
3215 3439 3442 3508 peragit,

1859 3528 2109 3598 gentibus
2155 3529 2486 3584 annuntians
2530 3543 2626 3594 ea,
2666 3545 2786 3598 quae
2827 3531 2895 3585 ad
2949 3531 3078 3585 illud
3132 3531 3439 3591 universale

1855 3620 2118 3690 judicium
2156 3621 2451 3690 pertinent,
2479 3630 2537 3675 ut
2562 3635 2755 3677 Omnes
2785 3623 2852 3676 ad
2884 3620 3127 3677 futurum
3160 3622 3256 3676 Dei
3291 3622 3441 3692 judi-

1860 3712 2004 3767 cium
2034 3720 2317 3782 praeparet.

1934 3801 2234 3870 Vaas.2,3.
2276 3823 2296 3856 ι
2333 3802 2447 3859 Non
2484 3803 2775 3867 clamabit,
2822 3818 2994 3874 neque
3033 3804 3301 3872 dimittet,
3349 3819 3440 3860 ne-

1860 3910 1969 3966 que
2009 3898 2262 3952 audietur
2294 3897 2427 3953 foris
2462 3912 2563 3951 vox
2601 3896 2762 3965 ejus:
2795 3899 3064 3952 calamum
3108 3911 3440 3966 conquassa-

1863 4001 1977 4046 tum
2020 4007 2127 4047 non
2165 4001 2430 4056 conteret,
2459 4001 2514 4046 et
2558 3992 2726 4046 linum
2762 3990 3035 4062 furnigans
3077 4005 3182 4045 non
3230 3992 3441 4045 exstin-

1863 4090 2024 4154 guet;
2055 4083 2150 4137 sed
2192 4082 2243 4135 in
2272 4083 2521 4137 veritate
2565 4080 2704 4136 feret
2729 4082 2990 4151 judicium
3036 4101 3058 4135 ι
3095 4080 3245 4136 Solet
3288 4082 3440 4135 Scri-

1863 4184 2021 4242 ptura
2054 4173 2233 4228 divina
2267 4174 2466 4228 mentis
2505 4172 2662 4226 oculo
2698 4173 2796 4239 uti,
2843 4186 2964 4226 cum
3012 4173 3079 4227 de
3114 4172 3223 4227 Deo
3258 4172 3431 4240 loqui-

1865 4273 1988 4318 tur:
2015 4264 2454 4333 quandoquidem
2493 4264 2678 4332 pedes,
2711 4278 2925 4330 manus,
2953 4264 3151 4334 digitos
3175 4273 3232 4318 et
3256 4263 3441 4317 oculos

1863 4353 1958 4408 Dei
1988 4354 2132 4410 solet
2160 4356 2397 4410 humano
2429 4370 2576 4409 more
2608 4354 2873 4423 proferre.
2908 4354 2984 4408 De
3012 4354 3228 4410 Christo
3255 4363 3438 4409 autem

172 4448 260 4501 τοῦ
284 4448 347 4501 δὲ
369 4443 467 4499 τοῦ
506 4444 742 4516 Χριστοῦ
776 4444 948 4499 ταῦτα
978 4444 1229 4512 λέγεται,
1278 4445 1576 4516 ἐπειδήπερ
1621 4443 1755 4515 ἡσύ-

1869 4445 1981 4501 Iuee
2012 4445 2133 4503 ideo
2159 4446 2433 4512 dicuntur,
2475 4447 2600 4516 quia
2642 4447 2729 4501 ille
2759 4446 2969 4517 placide
3003 4455 3060 4500 et
3101 4447 3286 4514 quiete
3333 4445 3440 4502 hn-

165 4558 278 4612 χως
311 4539 411 4593 καὶ
454 4540 643 4608 πράως
676 4538 769 4590 τὸν
816 4535 1153 4609 ἀνθρώπινον
1205 4534 1454 4589 διώδευσε
1504 4535 1638 4604 βίον,
1684 4534 1759 4599 ὡς

169 4632 313 4704 μηδὲ
333 4634 449 4693 τοῖς
472 4631 564 4699 ζῆτ’
597 4630 763 4683 αὐτοῦ
792 4628 1246 4701 θεραπευομένοις
1265 4628 1577 4698 ἐπιτρέπειν
1598 4627 1760 4680 αὑτὸν

166 4723 408 4796 ςανερὸν
440 4725 615 4775 ποιεῖν
635 4723 748 4784 τοῖς
781 4722 946 4773 πᾶσιν
972 4736 986 4750 ο
1014 4719 1159 4773 οὕτω
1186 4719 1316 4790 γὰρ,
1338 4719 1520 4789 φησὶν,
1553 4717 1762 4789 ἀψοφη-

167 4815 221 4867 τὶ
250 4816 349 4867 καὶ
371 4811 592 4883 ἡσύχως
613 4810 946 4863 διελεύσεται
973 4809 1067 4863 τὸν
1096 4812 1153 4862 ἐν
1181 4808 1485 4881 ἀνθρώποις
1524 4807 1656 4878 βίον,
1685 4808 1761 4872 ὡς

170 4905 312 4978 μηδὲ
339 4904 435 4957 τὸν
454 4903 688 4975 τυχόντα
711 4901 997 4975 ἄνθρωπον
1024 4900 1260 4971 λυπῆσαι
1295 4901 1387 4955 τὸν
1418 4901 1634 4955 πάντων
1662 4918 1760 4954 τα-

169 4995 531 5067 πεινώτερον,
564 4996 659 5048 καὶ
686 4993 1096 5065 ἀσθενέστερον,
1130 4991 1361 5063 καλάμῳ
1382 4992 1468 5044 διά
1503 4991 1564 5045 τὸ
1599 4990 1760 5045 ἀσθε-

170 5090 260 5151 νὲς
281 5087 713 5159 ἀπεικασμένον.
757 5085 914 5140 Λίνον
939 5086 997 5140 δὲ
1039 5086 1340 5156 τυφόμενον
1373 5086 1548 5146 εἴποις
1583 5084 1649 5138 ἂν
1677 5080 1757 5136 εἷ-

172 5198 263 5235 ναι
298 5180 391 5233 τὸν
419 5179 544 5249 εἰκῆ
579 5178 959 5248 φυσιούμενον,
989 5178 1096 5233 ὑπὸ
1118 5177 1212 5231 τοῦ
1244 5176 1362 5239 νοὸς
1394 5176 1495 5247 τῆς
1557 5176 1760 5248 σαρκὸς

176 5272 344 5327 αὐτοῦ
381 5272 692 5344 ἐπηρμένον
725 5272 819 5326 καὶ
840 5271 1242 5342 τετυφωμένον,
1270 5269 1330 5323 ὃν
1376 5269 1438 5323 οὐ
1470 5268 1753 5333 κωλύσειν,

175 5364 303 5419 οὐδὲ
335 5363 569 5418 παύσειν
627 5363 844 5432 ἐλέγετο
875 5363 971 5417 τοῦ
1003 5363 1325 5433 ἐπάρματος
1354 5364 1383 5415 ὁ
1414 5360 1753 5433 προφητευό-

180 5473 361 5526 μενος.
403 5456 470 5509 Ὃ
497 5455 561 5527 δὴ
595 5455 690 5509 καὶ
721 5455 867 5527 ἔργῳ
897 5454 1133 5526 ἐπλήρου
1163 5456 1192 5507 ὁ
1220 5452 1453 5526 Χριστὸς
1478 5450 1758 5523 ἐπιδημῶν

178 5548 256 5620 τῷ
311 5546 495 5620 θνητῷ
529 5547 628 5619 βίῳ
710 5547 836 5601 οὔτε
864 5542 958 5601 οὖν
989 5545 1242 5600 ταπεινόν
1270 5562 1390 5599 τινα
1424 5544 1512 5598 καὶ
1556 5544 1755 5615 ἀσθενῆ

286 5746 335 5778 ’⁸
360 5744 550 5809 Col.u,
578 5744 631 5800 9.

1867 4552 2084 4592 manant
2115 4551 2372 4594 emensus
2404 4548 2490 4592 est
2518 4537 2715 4606 vitam,
2751 4538 2823 4592 ita
2857 4546 2915 4592 ut
2945 4551 3013 4592 ne
3056 4536 3162 4592 illis
3193 4537 3436 4606 quidem,

1866 4630 2021 4700 queis
2097 4631 2363 4686 medelam
2450 4633 2666 4695 attulit,
2732 4631 3071 4700 permitteret
3134 4639 3193 4684 ιιι
3262 4630 3436 4699 ipsum

1865 4724 2119 4781 omnibus
2145 4724 2322 4794 palam
2353 4724 2616 4780 facerent.
2661 4723 2845 4794 Usque
2871 4723 3028 4786 adeo,
3072 4723 3274 4795 inquit,
3319 4724 3438 4779 sine

1867 4819 2095 4886 strepitu
2152 4834 2214 4875 ac
2263 4818 2447 4888 quiete
2499 4818 2793 4871 humanam
2852 4817 3116 4885 trausiget
3160 4818 3349 4881 vitam,
3378 4825 3440 4870 ut

1868 4922 1939 4964 ne
1973 4908 2059 4963 vel
2095 4909 2318 4965 minimo
2361 4923 2427 4963 ex
2478 4909 2788 4964 boniinibus
2856 4908 3161 4964 molestiam
3227 4909 3433 4978 pariat,

1864 4999 2075 5055 etiamsi
2107 5000 2198 5055 ille
2227 5001 2562 5056 hmnillimus
2585 5009 2642 5055 et
2678 5000 3041 5055 debilissimus
3065 4999 3305 5055 omnium
3332 4998 3435 5064 sit,

1865 5104 1929 5143 ac
1962 5088 2348 5146 imbecillitatis
2384 5107 2547 5147 causa
2590 5092 2801 5147 calamo
2843 5103 3208 5163 comparetur.
3240 5092 3435 5147 Linum

1867 5196 1994 5236 vero
2035 5182 2305 5253 ftunigans
2342 5184 2548 5238 dixeris
2571 5200 2694 5238 eum
2723 5198 2866 5251 esse,
2912 5185 3003 5253 qui
3042 5194 3223 5239 mente
3253 5184 3437 5239 carnis

1865 5288 1977 5328 suae
2015 5272 2209 5335 elatus,
2245 5282 2447 5329 temere
2476 5274 2716 5340 inﬂalur,
2742 5290 2905 5346 quem
2951 5291 3057 5331 non
3091 5278 3159 5331 ah
3202 5275 3438 5330 elatione

1865 5365 2201 5419 cohibiturus
2225 5381 2346 5421 esse
2386 5366 2584 5421 dicitur
2613 5370 2679 5433 is,
2720 5367 2811 5437 qui
2854 5367 2907 5422 in
2937 5369 3223 5438 pr0phetia
3264 5382 3435 5422 enun-

1867 5457 2051 5510 tiatur.
2093 5453 2259 5524 ldque
2301 5470 2431 5510 sane
2473 5455 2743 5519 Christus.
2773 5458 2827 5512 in
2876 5457 3090 5512 mortali
3133 5460 3240 5511 vita
3283 5470 3438 5526 pere-

1864 5546 2130 5615 grinatus,
2171 5559 2333 5615 opere
2386 5546 2673 5616 complevit
2713 5563 2934 5620 :neque
2979 5550 3124 5604 enim
3175 5548 3434 5603 humilem
