  <div class='ocr_page' id='page_1' title='image "/cluster/home/n/w/nwhite01/storage/ocr_20150623/24/nnc1.0046978259/211.png"; bbox 0 0 3880 6216; ppageno 0'>
   <div class='ocr_carea' id='block_1_1' title="bbox 483 264 3734 356">
    <p class='ocr_par' dir='ltr' id='par_1_1' title="bbox 483 264 3734 356">
     <span class='ocr_line' id='line_1_1' title="bbox 483 264 3734 356; baseline 0.012 -38"><span class='ocrx_word' id='word_1_1' title='bbox 483 264 586 320; x_wconf 76' lang='grc'><strong>58³1</strong></span> <span class='ocrx_word' id='word_1_2' title='bbox 1186 271 1455 329; x_wconf 81' lang='lat' dir='ltr'><strong>EUSEBII</strong></span> <span class='ocrx_word' id='word_1_3' title='bbox 1493 274 1960 336; x_wconf 63' lang='lat' dir='ltr'><strong>CESARIENSIS</strong></span> <span class='ocrx_word' id='word_1_4' title='bbox 1997 279 2146 340; x_wconf 86' lang='lat' dir='ltr'><strong>OPP.</strong></span> <span class='ocrx_word' id='word_1_5' title='bbox 2189 282 2366 342; x_wconf 76' lang='lat' dir='ltr'><strong>PARS</strong></span> <span class='ocrx_word' id='word_1_6' title='bbox 2403 286 2490 344; x_wconf 83' lang='lat' dir='ltr'><strong>Ill.</strong></span> <span class='ocrx_word' id='word_1_7' title='bbox 2531 319 2600 334; x_wconf 89' lang='lat'><strong>—</strong></span> <span class='ocrx_word' id='word_1_8' title='bbox 2636 289 3049 348; x_wconf 66' lang='lat' dir='ltr'><strong>EXEGETICA.</strong></span> <span class='ocrx_word' id='word_1_9' title='bbox 3627 299 3734 356; x_wconf 70' lang='grc' dir='ltr'><strong>ὅδε</strong></span> 
     </span>
    </p>
   </div>
   <div class='ocr_carea' id='block_1_2' title="bbox 480 390 2015 488">
    <p class='ocr_par' dir='ltr' id='par_1_2' title="bbox 480 390 2015 464">
     <span class='ocr_line' id='line_1_2' title="bbox 480 390 2015 464; baseline 0.015 -23"><span class='ocrx_word' id='word_1_10' title='bbox 480 390 788 462; x_wconf 78' lang='lat' dir='ltr'><strong>quempiam</strong></span> <span class='ocrx_word' id='word_1_11' title='bbox 831 402 885 444; x_wconf 77' lang='lat' dir='ltr'><strong>et</strong></span> <span class='ocrx_word' id='word_1_12' title='bbox 924 395 1062 463; x_wconf 83' lang='lat' dir='ltr'><strong>apud</strong></span> <span class='ocrx_word' id='word_1_13' title='bbox 1107 397 1353 454; x_wconf 80' lang='lat' dir='ltr'><strong>homines</strong></span> <span class='ocrx_word' id='word_1_14' title='bbox 1393 401 1664 458; x_wconf 88' lang='lat' dir='ltr'><strong>inﬁrmum</strong></span> <span class='ocrx_word' id='word_1_15' title='bbox 1711 407 2015 464; x_wconf 80' lang='lat' dir='ltr'><strong>contristavi</strong></span> 
     </span>
    </p>
   </div>
   <div class='ocr_carea' id='block_1_3' title="bbox 2126 390 3732 488">
    <p class='ocr_par' dir='ltr' id='par_1_3' title="bbox 2153 406 3732 488">
     <span class='ocr_line' id='line_1_3' title="bbox 2153 406 3732 488; baseline 0.009 -29"><span class='ocrx_word' id='word_1_16' title='bbox 2153 406 2209 458; x_wconf 87' lang='grc' dir='ltr'><strong>ἐν</strong></span> <span class='ocrx_word' id='word_1_17' title='bbox 2237 406 2542 478; x_wconf 82' lang='grc' dir='ltr'>ἀνθρώποις</span> <span class='ocrx_word' id='word_1_18' title='bbox 2601 410 2890 481; x_wconf 86' lang='grc' dir='ltr'>ἐλύπησεν,</span> <span class='ocrx_word' id='word_1_19' title='bbox 2918 410 3042 465; x_wconf 76' lang='grc' dir='ltr'>οὔτε</span> <span class='ocrx_word' id='word_1_20' title='bbox 3087 412 3207 467; x_wconf 83' lang='grc' dir='ltr'>τινὰ</span> <span class='ocrx_word' id='word_1_21' title='bbox 3245 413 3354 468; x_wconf 85' lang='grc' dir='ltr'><strong>τῶν</strong></span> <span class='ocrx_word' id='word_1_22' title='bbox 3408 415 3732 488; x_wconf 75' lang='grc' dir='ltr'><strong>ἐπηρμένων</strong></span> 
     </span>
    </p>
   </div>
   <div class='ocr_carea' id='block_1_4' title="bbox 480 489 2015 574">
    <p class='ocr_par' dir='ltr' id='par_1_4' title="bbox 480 489 2015 570">
     <span class='ocr_line' id='line_1_4' title="bbox 480 489 2015 570; baseline 0.012 -33"><span class='ocrx_word' id='word_1_23' title='bbox 480 499 740 555; x_wconf 86' lang='lat' dir='ltr'><strong>unquam,</strong></span> <span class='ocrx_word' id='word_1_24' title='bbox 783 501 957 557; x_wconf 88' lang='lat' dir='ltr'><strong>neque</strong></span> <span class='ocrx_word' id='word_1_25' title='bbox 1001 489 1254 547; x_wconf 77' lang='lat' dir='ltr'><strong>ullnmex</strong></span> <span class='ocrx_word' id='word_1_26' title='bbox 1293 495 1673 563; x_wconf 69' lang='lat' dir='ltr'><strong>arrogantibus</strong></span> <span class='ocrx_word' id='word_1_27' title='bbox 1701 507 1756 551; x_wconf 92' lang='lat' dir='ltr'><strong>et</strong></span> <span class='ocrx_word' id='word_1_28' title='bbox 1799 502 2015 570; x_wconf 83' lang='lat' dir='ltr'><strong>superbi</strong></span> 
     </span>
    </p>
   </div>
   <div class='ocr_carea' id='block_1_5' title="bbox 2126 489 3732 574">
    <p class='ocr_par' dir='ltr' id='par_1_5' title="bbox 2153 498 3732 574">
     <span class='ocr_line' id='line_1_5' title="bbox 2153 498 3732 574; baseline 0.009 -24"><span class='ocrx_word' id='word_1_29' title='bbox 2153 499 2246 550; x_wconf 72' lang='lat' dir='ltr'><strong>xui.</strong></span> <span class='ocrx_word' id='word_1_30' title='bbox 2273 498 2638 571; x_wconf 80' lang='grc' dir='ltr'><strong>ὑπερηφάνων</strong></span> <span class='ocrx_word' id='word_1_31' title='bbox 2668 502 2927 573; x_wconf 81' lang='grc' dir='ltr'>μετῆλθε’</span> <span class='ocrx_word' id='word_1_32' title='bbox 2960 503 3096 574; x_wconf 86' lang='grc' dir='ltr'>πρὸς</span> <span class='ocrx_word' id='word_1_33' title='bbox 3121 503 3366 569; x_wconf 75' lang='grc' dir='ltr'>ἅπαντας</span> <span class='ocrx_word' id='word_1_34' title='bbox 3391 507 3448 559; x_wconf 83' lang='grc' dir='ltr'>δὲ</span> <span class='ocrx_word' id='word_1_35' title='bbox 3480 510 3604 573; x_wconf 80' lang='grc' dir='ltr'>τοὺς</span> <span class='ocrx_word' id='word_1_36' title='bbox 3639 513 3732 565; x_wconf 86' lang='grc' dir='ltr'>ἀν-</span> 
     </span>
    </p>
   </div>
   <div class='ocr_carea' id='block_1_6' title="bbox 476 576 2015 669">
    <p class='ocr_par' dir='ltr' id='par_1_6' title="bbox 476 576 2015 656">
     <span class='ocr_line' id='line_1_6' title="bbox 476 576 2015 656; baseline 0.012 -26"><span class='ocrx_word' id='word_1_37' title='bbox 476 576 700 632; x_wconf 79' lang='lat' dir='ltr'><strong>adortus</strong></span> <span class='ocrx_word' id='word_1_38' title='bbox 731 588 808 634; x_wconf 90' lang='lat' dir='ltr'><strong>est</strong></span> <span class='ocrx_word' id='word_1_39' title='bbox 839 597 852 633; x_wconf 87' lang='lat'><strong>:</strong></span> <span class='ocrx_word' id='word_1_40' title='bbox 888 580 981 634; x_wconf 90' lang='lat' dir='ltr'><strong>sed</strong></span> <span class='ocrx_word' id='word_1_41' title='bbox 1034 597 1152 636; x_wconf 89' lang='lat' dir='ltr'><strong>sese</strong></span> <span class='ocrx_word' id='word_1_42' title='bbox 1179 587 1431 641; x_wconf 86' lang='lat' dir='ltr'><strong>omnibus</strong></span> <span class='ocrx_word' id='word_1_43' title='bbox 1463 603 1684 656; x_wconf 83' lang='lat' dir='ltr'><strong>prorsus</strong></span> <span class='ocrx_word' id='word_1_44' title='bbox 1739 591 2015 648; x_wconf 90' lang='lat' dir='ltr'><strong>hominibu</strong></span> 
     </span>
    </p>
   </div>
   <div class='ocr_carea' id='block_1_7' title="bbox 2126 576 3732 669">
    <p class='ocr_par' dir='ltr' id='par_1_7' title="bbox 2153 585 3732 669">
     <span class='ocr_line' id='line_1_7' title="bbox 2153 585 3732 669; baseline 0.009 -30"><span class='ocrx_word' id='word_1_45' title='bbox 2153 585 2406 657; x_wconf 87' lang='grc' dir='ltr'>θρώπους</span> <span class='ocrx_word' id='word_1_46' title='bbox 2461 590 2635 663; x_wconf 85' lang='grc' dir='ltr'>πρᾶός</span> <span class='ocrx_word' id='word_1_47' title='bbox 2667 608 2726 644; x_wconf 87' lang='grc' dir='ltr'><strong>τε</strong></span> <span class='ocrx_word' id='word_1_48' title='bbox 2758 587 2826 662; x_wconf 86' lang='grc' dir='ltr'>ἦν</span> <span class='ocrx_word' id='word_1_49' title='bbox 2855 592 2950 646; x_wconf 80' lang='grc' dir='ltr'>καὶ</span> <span class='ocrx_word' id='word_1_50' title='bbox 2980 593 3232 657; x_wconf 83' lang='grc' dir='ltr'>ταπεινὸς</span> <span class='ocrx_word' id='word_1_51' title='bbox 3267 597 3332 665; x_wconf 75' lang='grc' dir='ltr'>τῇ</span> <span class='ocrx_word' id='word_1_52' title='bbox 3368 597 3599 669; x_wconf 75' lang='grc' dir='ltr'>καρδίᾳο</span> <span class='ocrx_word' id='word_1_53' title='bbox 3633 600 3732 655; x_wconf 78' lang='grc' dir='ltr'><strong>σὺν</strong></span> 
     </span>
    </p>
   </div>
   <div class='ocr_carea' id='block_1_8' title="bbox 477 674 2049 740">
    <p class='ocr_par' dir='ltr' id='par_1_8' title="bbox 477 674 2049 740">
     <span class='ocr_line' id='line_1_8' title="bbox 477 674 2049 740; baseline 0.013 -20"><span class='ocrx_word' id='word_1_54' title='bbox 477 679 815 724; x_wconf 87' lang='lat' dir='ltr'><strong>mansuetum</strong></span> <span class='ocrx_word' id='word_1_55' title='bbox 856 683 905 726; x_wconf 89' lang='lat' dir='ltr'><strong>et</strong></span> <span class='ocrx_word' id='word_1_56' title='bbox 939 674 1192 730; x_wconf 88' lang='lat' dir='ltr'><strong>humilem</strong></span> <span class='ocrx_word' id='word_1_57' title='bbox 1229 679 1393 734; x_wconf 90' lang='lat' dir='ltr'><strong>corde</strong></span> <span class='ocrx_word' id='word_1_58' title='bbox 1427 680 1672 736; x_wconf 83' lang='lat' dir='ltr'><strong>exhibuit</strong></span> <span class='ocrx_word' id='word_1_59' title='bbox 1700 701 1714 736; x_wconf 90' lang='lat'><strong>:</strong></span> <span class='ocrx_word' id='word_1_60' title='bbox 1741 698 1862 738; x_wconf 89' lang='lat' dir='ltr'><strong>cum</strong></span> <span class='ocrx_word' id='word_1_61' title='bbox 1905 685 2049 740; x_wconf 88' lang='lat' dir='ltr'><strong>veri-</strong></span> 
     </span>
    </p>
   </div>
   <div class='ocr_carea' id='block_1_9' title="bbox 475 765 2046 845">
    <p class='ocr_par' dir='ltr' id='par_1_9' title="bbox 475 765 2046 845">
     <span class='ocr_line' id='line_1_9' title="bbox 475 765 2046 845; baseline 0.014 -33"><span class='ocrx_word' id='word_1_62' title='bbox 475 770 589 814; x_wconf 79' lang='lat' dir='ltr'><strong>tate</strong></span> <span class='ocrx_word' id='word_1_63' title='bbox 615 772 791 817; x_wconf 83' lang='lat' dir='ltr'><strong>autem</strong></span> <span class='ocrx_word' id='word_1_64' title='bbox 823 774 874 820; x_wconf 90' lang='lat' dir='ltr'><strong>et</strong></span> <span class='ocrx_word' id='word_1_65' title='bbox 918 765 1106 822; x_wconf 87' lang='lat' dir='ltr'><strong>ﬁducia</strong></span> <span class='ocrx_word' id='word_1_66' title='bbox 1139 772 1391 826; x_wconf 90' lang='lat' dir='ltr'><strong>omnibus</strong></span> <span class='ocrx_word' id='word_1_67' title='bbox 1421 774 1672 840; x_wconf 84' lang='lat' dir='ltr'><strong>aperiens</strong></span> <span class='ocrx_word' id='word_1_68' title='bbox 1709 789 1796 838; x_wconf 87' lang='lat' dir='ltr'><strong>ea,</strong></span> <span class='ocrx_word' id='word_1_69' title='bbox 1825 791 1946 845; x_wconf 64' lang='lat' dir='ltr'><strong>quae</strong></span> <span class='ocrx_word' id='word_1_70' title='bbox 1977 779 2046 834; x_wconf 91' lang='lat' dir='ltr'><strong>ad</strong></span> 
     </span>
    </p>
   </div>
   <div class='ocr_carea' id='block_1_10' title="bbox 475 851 2044 938">
    <p class='ocr_par' dir='ltr' id='par_1_10' title="bbox 475 851 2044 938">
     <span class='ocr_line' id='line_1_10' title="bbox 475 851 2044 938; baseline 0.011 -33"><span class='ocrx_word' id='word_1_71' title='bbox 475 851 570 906; x_wconf 85' lang='lat' dir='ltr'><strong>Dei</strong></span> <span class='ocrx_word' id='word_1_72' title='bbox 599 851 862 920; x_wconf 82' lang='lat' dir='ltr'><strong>judicium</strong></span> <span class='ocrx_word' id='word_1_73' title='bbox 901 859 1237 926; x_wconf 89' lang='lat' dir='ltr'><strong>spectabant,</strong></span> <span class='ocrx_word' id='word_1_74' title='bbox 1281 877 1386 915; x_wconf 89' lang='lat' dir='ltr'><strong>non</strong></span> <span class='ocrx_word' id='word_1_75' title='bbox 1422 863 1571 932; x_wconf 89' lang='lat' dir='ltr'><strong>prius</strong></span> <span class='ocrx_word' id='word_1_76' title='bbox 1605 867 1856 930; x_wconf 86' lang='lat' dir='ltr'><strong>cessavit,</strong></span> <span class='ocrx_word' id='word_1_77' title='bbox 1881 883 2044 938; x_wconf 88' lang='lat' dir='ltr'><strong>quam</strong></span> 
     </span>
    </p>
   </div>
   <div class='ocr_carea' id='block_1_11' title="bbox 471 941 2042 1021">
    <p class='ocr_par' dir='ltr' id='par_1_11' title="bbox 471 941 2042 1021">
     <span class='ocr_line' id='line_1_11' title="bbox 471 941 2042 1021; baseline 0.015 -28"><span class='ocrx_word' id='word_1_78' title='bbox 471 941 607 1000; x_wconf 84' lang='lat' dir='ltr'><strong>lucis</strong></span> <span class='ocrx_word' id='word_1_79' title='bbox 657 946 829 1000; x_wconf 85' lang='lat' dir='ltr'><strong>instar</strong></span> <span class='ocrx_word' id='word_1_80' title='bbox 876 949 1275 1018; x_wconf 90' lang='lat' dir='ltr'><strong>splendesceret</strong></span> <span class='ocrx_word' id='word_1_81' title='bbox 1318 967 1415 1021; x_wconf 89' lang='lat' dir='ltr'><strong>per</strong></span> <span class='ocrx_word' id='word_1_82' title='bbox 1476 960 1930 1016; x_wconf 76' lang='lat' dir='ltr'><strong>resurrectionem</strong></span> <span class='ocrx_word' id='word_1_83' title='bbox 1975 977 2042 1016; x_wconf 75' lang='lat' dir='ltr'><strong>ex</strong></span> 
     </span>
    </p>
   </div>
   <div class='ocr_carea' id='block_1_12' title="bbox 467 1037 2042 1112">
    <p class='ocr_par' dir='ltr' id='par_1_12' title="bbox 467 1037 2042 1112">
     <span class='ocr_line' id='line_1_12' title="bbox 467 1037 2042 1112; baseline 0.015 -25"><span class='ocrx_word' id='word_1_84' title='bbox 467 1037 718 1100; x_wconf 78' lang='lat' dir='ltr'><strong>mortuis,</strong></span> <span class='ocrx_word' id='word_1_85' title='bbox 760 1054 919 1108; x_wconf 87' lang='lat' dir='ltr'><strong>quam</strong></span> <span class='ocrx_word' id='word_1_86' title='bbox 953 1042 1299 1112; x_wconf 76' lang='lat' dir='ltr'><strong>propheticus</strong></span> <span class='ocrx_word' id='word_1_87' title='bbox 1338 1060 1518 1101; x_wconf 86' lang='lat' dir='ltr'><strong>sermo</strong></span> <span class='ocrx_word' id='word_1_88' title='bbox 1561 1047 1648 1103; x_wconf 90' lang='lat' dir='ltr'><strong>bis</strong></span> <span class='ocrx_word' id='word_1_89' title='bbox 1685 1051 1865 1106; x_wconf 85' lang='lat' dir='ltr'><strong>verbis</strong></span> <span class='ocrx_word' id='word_1_90' title='bbox 1909 1053 2042 1109; x_wconf 85' lang='lat' dir='ltr'><strong>sub-</strong></span> 
     </span>
    </p>
   </div>
   <div class='ocr_carea' id='block_1_13' title="bbox 463 1127 2040 1204">
    <p class='ocr_par' dir='ltr' id='par_1_13' title="bbox 463 1127 2040 1204">
     <span class='ocr_line' id='line_1_13' title="bbox 463 1127 2040 1204; baseline 0.012 -22"><span class='ocrx_word' id='word_1_91' title='bbox 463 1127 754 1192; x_wconf 74' lang='lat' dir='ltr'><strong>indicavit,</strong></span> <span class='ocrx_word' id='word_1_92' title='bbox 794 1149 814 1182; x_wconf 77' lang='grc' dir='ltr'><strong>ι</strong></span> <span class='ocrx_word' id='word_1_93' title='bbox 844 1132 1245 1204; x_wconf 78' lang='lat' dir='ltr'><strong>ReSplendebit,</strong></span> <span class='ocrx_word' id='word_1_94' title='bbox 1285 1146 1478 1193; x_wconf 87' lang='lat' dir='ltr'><strong>etnon</strong></span> <span class='ocrx_word' id='word_1_95' title='bbox 1517 1151 1849 1198; x_wconf 89' lang='lat' dir='ltr'><strong>conteretur.</strong></span> <span class='ocrx_word' id='word_1_96' title='bbox 1879 1163 1900 1198; x_wconf 71' lang='grc' dir='ltr'><strong>ι</strong></span> <span class='ocrx_word' id='word_1_97' title='bbox 1951 1145 2040 1200; x_wconf 83' lang='lat' dir='ltr'><strong>Si-</strong></span> 
     </span>
    </p>
   </div>
   <div class='ocr_carea' id='block_1_14' title="bbox 466 1221 2044 1302">
    <p class='ocr_par' dir='ltr' id='par_1_14' title="bbox 466 1221 2044 1302">
     <span class='ocr_line' id='line_1_14' title="bbox 466 1221 2044 1302; baseline 0.011 -29"><span class='ocrx_word' id='word_1_98' title='bbox 466 1221 683 1288; x_wconf 88' lang='lat' dir='ltr'><strong>quidem</strong></span> <span class='ocrx_word' id='word_1_99' title='bbox 729 1223 876 1278; x_wconf 90' lang='lat' dir='ltr'><strong>illum</strong></span> <span class='ocrx_word' id='word_1_100' title='bbox 931 1236 1214 1283; x_wconf 77' lang='lat' dir='ltr'><strong>conterere</strong></span> <span class='ocrx_word' id='word_1_101' title='bbox 1255 1238 1311 1284; x_wconf 89' lang='lat' dir='ltr'><strong>et</strong></span> <span class='ocrx_word' id='word_1_102' title='bbox 1357 1233 1703 1302; x_wconf 80' lang='lat' dir='ltr'><strong>exstinguere</strong></span> <span class='ocrx_word' id='word_1_103' title='bbox 1759 1235 2044 1292; x_wconf 85' lang='lat' dir='ltr'><strong>tentabant</strong></span> 
     </span>
    </p>
   </div>
   <div class='ocr_carea' id='block_1_15' title="bbox 466 1315 2037 1388">
    <p class='ocr_par' dir='ltr' id='par_1_15' title="bbox 466 1315 2037 1388">
     <span class='ocr_line' id='line_1_15' title="bbox 466 1315 2037 1388; baseline 0.012 -22"><span class='ocrx_word' id='word_1_104' title='bbox 466 1315 534 1378; x_wconf 92' lang='lat' dir='ltr'><strong>ii,</strong></span> <span class='ocrx_word' id='word_1_105' title='bbox 573 1315 662 1381; x_wconf 86' lang='lat' dir='ltr'><strong>qui</strong></span> <span class='ocrx_word' id='word_1_106' title='bbox 709 1331 897 1372; x_wconf 88' lang='lat' dir='ltr'><strong>necem</strong></span> <span class='ocrx_word' id='word_1_107' title='bbox 931 1319 1029 1388; x_wconf 87' lang='lat' dir='ltr'><strong>ipsi</strong></span> <span class='ocrx_word' id='word_1_108' title='bbox 1059 1321 1229 1376; x_wconf 90' lang='lat' dir='ltr'><strong>moliti</strong></span> <span class='ocrx_word' id='word_1_109' title='bbox 1258 1333 1424 1379; x_wconf 88' lang='lat' dir='ltr'><strong>sunt:</strong></span> <span class='ocrx_word' id='word_1_110' title='bbox 1456 1327 1654 1380; x_wconf 89' lang='lat' dir='ltr'><strong>etenim</strong></span> <span class='ocrx_word' id='word_1_111' title='bbox 1696 1327 1748 1382; x_wconf 92' lang='lat' dir='ltr'><strong>id</strong></span> <span class='ocrx_word' id='word_1_112' title='bbox 1781 1329 2037 1385; x_wconf 86' lang='lat' dir='ltr'><strong>universo</strong></span> 
     </span>
    </p>
   </div>
   <div class='ocr_carea' id='block_1_16' title="bbox 465 1405 2038 1486">
    <p class='ocr_par' dir='ltr' id='par_1_16' title="bbox 465 1405 2038 1486">
     <span class='ocr_line' id='line_1_16' title="bbox 465 1405 2038 1486; baseline 0.012 -28"><span class='ocrx_word' id='word_1_113' title='bbox 465 1405 744 1461; x_wconf 87' lang='lat' dir='ltr'><strong>hominum</strong></span> <span class='ocrx_word' id='word_1_114' title='bbox 791 1411 975 1478; x_wconf 86' lang='lat' dir='ltr'><strong>generi</strong></span> <span class='ocrx_word' id='word_1_115' title='bbox 1025 1423 1213 1467; x_wconf 86' lang='lat' dir='ltr'><strong>natura</strong></span> <span class='ocrx_word' id='word_1_116' title='bbox 1269 1417 1548 1486; x_wconf 90' lang='lat' dir='ltr'><strong>proprium</strong></span> <span class='ocrx_word' id='word_1_117' title='bbox 1598 1427 1714 1483; x_wconf 88' lang='lat' dir='ltr'><strong>est,</strong></span> <span class='ocrx_word' id='word_1_118' title='bbox 1765 1431 1826 1474; x_wconf 89' lang='lat' dir='ltr'><strong>ut</strong></span> <span class='ocrx_word' id='word_1_119' title='bbox 1864 1432 2038 1478; x_wconf 90' lang='lat' dir='ltr'><strong>morte</strong></span> 
     </span>
    </p>
   </div>
   <div class='ocr_carea' id='block_1_17' title="bbox 461 1497 2036 1574">
    <p class='ocr_par' dir='ltr' id='par_1_17' title="bbox 461 1497 2036 1574">
     <span class='ocr_line' id='line_1_17' title="bbox 461 1497 2036 1574; baseline 0.013 -26"><span class='ocrx_word' id='word_1_120' title='bbox 461 1505 801 1550; x_wconf 86' lang='lat' dir='ltr'><strong>conteratur.</strong></span> <span class='ocrx_word' id='word_1_121' title='bbox 824 1497 894 1553; x_wconf 85' lang='lat' dir='ltr'><strong>At</strong></span> <span class='ocrx_word' id='word_1_122' title='bbox 929 1515 1034 1553; x_wconf 88' lang='lat' dir='ltr'><strong>non</strong></span> <span class='ocrx_word' id='word_1_123' title='bbox 1079 1501 1225 1556; x_wconf 91' lang='lat' dir='ltr'><strong>illum</strong></span> <span class='ocrx_word' id='word_1_124' title='bbox 1263 1520 1412 1560; x_wconf 86' lang='lat' dir='ltr'><strong>mors</strong></span> <span class='ocrx_word' id='word_1_125' title='bbox 1446 1509 1736 1574; x_wconf 84' lang='lat' dir='ltr'><strong>contrivit,</strong></span> <span class='ocrx_word' id='word_1_126' title='bbox 1771 1511 1865 1565; x_wconf 87' lang='lat' dir='ltr'><strong>sed</strong></span> <span class='ocrx_word' id='word_1_127' title='bbox 1898 1529 2036 1568; x_wconf 91' lang='lat' dir='ltr'><strong>unus</strong></span> 
     </span>
    </p>
   </div>
   <div class='ocr_carea' id='block_1_18' title="bbox 456 1591 2035 1671">
    <p class='ocr_par' dir='ltr' id='par_1_18' title="bbox 456 1591 2035 1671">
     <span class='ocr_line' id='line_1_18' title="bbox 456 1591 2035 1671; baseline 0.015 -33"><span class='ocrx_word' id='word_1_128' title='bbox 456 1601 670 1654; x_wconf 70' lang='lat' dir='ltr'><strong>comm,</strong></span> <span class='ocrx_word' id='word_1_129' title='bbox 699 1591 788 1658; x_wconf 90' lang='lat' dir='ltr'><strong>qui</strong></span> <span class='ocrx_word' id='word_1_130' title='bbox 816 1607 844 1644; x_wconf 91' lang='lat' dir='ltr'><strong>a</strong></span> <span class='ocrx_word' id='word_1_131' title='bbox 875 1593 1071 1648; x_wconf 74' lang='lat' dir='ltr'><strong>saeculo</strong></span> <span class='ocrx_word' id='word_1_132' title='bbox 1101 1594 1272 1660; x_wconf 80' lang='lat' dir='ltr'><strong>fuere,</strong></span> <span class='ocrx_word' id='word_1_133' title='bbox 1307 1600 1464 1653; x_wconf 88' lang='lat' dir='ltr'><strong>morti</strong></span> <span class='ocrx_word' id='word_1_134' title='bbox 1504 1602 1752 1671; x_wconf 87' lang='lat' dir='ltr'><strong>superior</strong></span> <span class='ocrx_word' id='word_1_135' title='bbox 1793 1605 2035 1662; x_wconf 75' lang='lat' dir='ltr'><strong>evasisse</strong></span> 
     </span>
    </p>
   </div>
   <div class='ocr_carea' id='block_1_19' title="bbox 457 1678 1571 1757">
    <p class='ocr_par' dir='ltr' id='par_1_19' title="bbox 457 1678 1571 1757">
     <span class='ocr_line' id='line_1_19' title="bbox 457 1678 1571 1757; baseline 0.015 -26"><span class='ocrx_word' id='word_1_136' title='bbox 457 1678 579 1744; x_wconf 67' lang='lat' dir='ltr'><strong>iure</strong></span> <span class='ocrx_word' id='word_1_137' title='bbox 607 1682 909 1738; x_wconf 78' lang='lat' dir='ltr'><strong>declaratur</strong></span> <span class='ocrx_word' id='word_1_138' title='bbox 936 1702 964 1739; x_wconf 86' lang='lat' dir='ltr'><strong>a</strong></span> <span class='ocrx_word' id='word_1_139' title='bbox 995 1690 1276 1757; x_wconf 81' lang='lat' dir='ltr'><strong>prophetia</strong></span> <span class='ocrx_word' id='word_1_140' title='bbox 1304 1689 1516 1747; x_wconf 90' lang='lat' dir='ltr'><strong>dicente</strong></span> <span class='ocrx_word' id='word_1_141' title='bbox 1557 1710 1571 1748; x_wconf 88' lang='lat'><strong>:</strong></span> 
     </span>
    </p>
   </div>
   <div class='ocr_carea' id='block_1_20' title="bbox 538 1772 2034 1855">
    <p class='ocr_par' dir='ltr' id='par_1_20' title="bbox 538 1772 2034 1855">
     <span class='ocr_line' id='line_1_20' title="bbox 538 1772 2034 1855; baseline 0.014 -30"><span class='ocrx_word' id='word_1_142' title='bbox 538 1772 701 1828; x_wconf 77' lang='lat' dir='ltr'><strong>Vens.</strong></span> <span class='ocrx_word' id='word_1_143' title='bbox 731 1773 786 1829; x_wconf 75' lang='grc' dir='ltr'>ι.</span> <span class='ocrx_word' id='word_1_144' title='bbox 829 1795 849 1828; x_wconf 80' lang='grc' dir='ltr'><strong>ι</strong></span> <span class='ocrx_word' id='word_1_145' title='bbox 878 1776 1296 1849; x_wconf 78' lang='lat' dir='ltr'><strong>Respleudebit,</strong></span> <span class='ocrx_word' id='word_1_146' title='bbox 1335 1793 1392 1838; x_wconf 87' lang='lat' dir='ltr'><strong>et</strong></span> <span class='ocrx_word' id='word_1_147' title='bbox 1418 1801 1522 1840; x_wconf 91' lang='lat' dir='ltr'><strong>non</strong></span> <span class='ocrx_word' id='word_1_148' title='bbox 1559 1797 1892 1855; x_wconf 87' lang='lat' dir='ltr'><strong>conteretur,</strong></span> <span class='ocrx_word' id='word_1_149' title='bbox 1935 1792 2034 1845; x_wconf 85' lang='lat' dir='ltr'><strong>do-</strong></span> 
     </span>
    </p>
   </div>
   <div class='ocr_carea' id='block_1_21' title="bbox 457 1869 2033 1955">
    <p class='ocr_par' dir='ltr' id='par_1_21' title="bbox 457 1869 2033 1955">
     <span class='ocr_line' id='line_1_21' title="bbox 457 1869 2033 1955; baseline 0.015 -39"><span class='ocrx_word' id='word_1_150' title='bbox 457 1877 560 1918; x_wconf 84' lang='lat' dir='ltr'><strong>nec</strong></span> <span class='ocrx_word' id='word_1_151' title='bbox 597 1876 766 1933; x_wconf 91' lang='lat' dir='ltr'><strong>ponat</strong></span> <span class='ocrx_word' id='word_1_152' title='bbox 815 1869 870 1923; x_wconf 92' lang='lat' dir='ltr'><strong>in</strong></span> <span class='ocrx_word' id='word_1_153' title='bbox 911 1880 1054 1926; x_wconf 89' lang='lat' dir='ltr'><strong>terra</strong></span> <span class='ocrx_word' id='word_1_154' title='bbox 1112 1872 1412 1944; x_wconf 84' lang='lat' dir='ltr'><strong>judicium;</strong></span> <span class='ocrx_word' id='word_1_155' title='bbox 1453 1889 1508 1932; x_wconf 89' lang='lat' dir='ltr'><strong>et</strong></span> <span class='ocrx_word' id='word_1_156' title='bbox 1548 1879 1601 1933; x_wconf 91' lang='lat' dir='ltr'><strong>in</strong></span> <span class='ocrx_word' id='word_1_157' title='bbox 1656 1884 1876 1938; x_wconf 90' lang='lat' dir='ltr'><strong>nomine</strong></span> <span class='ocrx_word' id='word_1_158' title='bbox 1917 1883 2033 1955; x_wconf 83' lang='lat' dir='ltr'><strong>ejus</strong></span> 
     </span>
    </p>
   </div>
   <div class='ocr_carea' id='block_1_22' title="bbox 459 1963 2031 2039">
    <p class='ocr_par' dir='ltr' id='par_1_22' title="bbox 459 1963 2031 2039">
     <span class='ocr_line' id='line_1_22' title="bbox 459 1963 2031 2039; baseline 0.017 -32"><span class='ocrx_word' id='word_1_159' title='bbox 459 1965 644 2025; x_wconf 85' lang='lat' dir='ltr'><strong>gentes</strong></span> <span class='ocrx_word' id='word_1_160' title='bbox 686 1963 1000 2028; x_wconf 89' lang='lat' dir='ltr'><strong>sperabunt.</strong></span> <span class='ocrx_word' id='word_1_161' title='bbox 1048 1984 1065 2016; x_wconf 76' lang='grc' dir='ltr'><strong>ι</strong></span> <span class='ocrx_word' id='word_1_162' title='bbox 1099 1966 1366 2033; x_wconf 77' lang='lat' dir='ltr'><strong>Quocirca</strong></span> <span class='ocrx_word' id='word_1_163' title='bbox 1413 1981 1534 2039; x_wconf 88' lang='lat' dir='ltr'><strong>post</strong></span> <span class='ocrx_word' id='word_1_164' title='bbox 1581 1976 2031 2034; x_wconf 81' lang='lat' dir='ltr'><strong>resurrectionem</strong></span> 
     </span>
    </p>
   </div>
   <div class='ocr_carea' id='block_1_23' title="bbox 455 2053 2030 2137">
    <p class='ocr_par' dir='ltr' id='par_1_23' title="bbox 455 2053 2030 2137">
     <span class='ocr_line' id='line_1_23' title="bbox 455 2053 2030 2137; baseline 0.017 -37"><span class='ocrx_word' id='word_1_165' title='bbox 455 2061 524 2101; x_wconf 80' lang='lat' dir='ltr'><strong>ex</strong></span> <span class='ocrx_word' id='word_1_166' title='bbox 561 2053 786 2107; x_wconf 90' lang='lat' dir='ltr'><strong>mortuis</strong></span> <span class='ocrx_word' id='word_1_167' title='bbox 813 2094 828 2119; x_wconf 90' lang='lat'><strong>,</strong></span> <span class='ocrx_word' id='word_1_168' title='bbox 855 2055 992 2110; x_wconf 91' lang='lat' dir='ltr'><strong>lucis</strong></span> <span class='ocrx_word' id='word_1_169' title='bbox 1039 2058 1216 2116; x_wconf 90' lang='lat' dir='ltr'><strong>instar</strong></span> <span class='ocrx_word' id='word_1_170' title='bbox 1257 2063 1310 2116; x_wconf 87' lang='lat' dir='ltr'><strong>in</strong></span> <span class='ocrx_word' id='word_1_171' title='bbox 1348 2074 1462 2118; x_wconf 91' lang='lat' dir='ltr'><strong>toto</strong></span> <span class='ocrx_word' id='word_1_172' title='bbox 1490 2068 1623 2120; x_wconf 87' lang='lat' dir='ltr'><strong>orbe</strong></span> <span class='ocrx_word' id='word_1_173' title='bbox 1658 2068 2030 2137; x_wconf 85' lang='lat' dir='ltr'><strong>resplendeus,</strong></span> 
     </span>
    </p>
   </div>
   <div class='ocr_carea' id='block_1_24' title="bbox 451 2143 2030 2220">
    <p class='ocr_par' dir='ltr' id='par_1_24' title="bbox 451 2143 2030 2220">
     <span class='ocr_line' id='line_1_24' title="bbox 451 2143 2030 2220; baseline 0.016 -28"><span class='ocrx_word' id='word_1_174' title='bbox 451 2154 564 2194; x_wconf 81' lang='lat' dir='ltr'><strong>non</strong></span> <span class='ocrx_word' id='word_1_175' title='bbox 593 2143 744 2212; x_wconf 91' lang='lat' dir='ltr'><strong>prius</strong></span> <span class='ocrx_word' id='word_1_176' title='bbox 783 2149 1048 2214; x_wconf 82' lang='lat' dir='ltr'><strong>cessavit,</strong></span> <span class='ocrx_word' id='word_1_177' title='bbox 1079 2167 1237 2220; x_wconf 92' lang='lat' dir='ltr'><strong>quam</strong></span> <span class='ocrx_word' id='word_1_178' title='bbox 1289 2155 1341 2210; x_wconf 91' lang='lat' dir='ltr'><strong>in</strong></span> <span class='ocrx_word' id='word_1_179' title='bbox 1390 2167 1532 2211; x_wconf 90' lang='lat' dir='ltr'><strong>terra</strong></span> <span class='ocrx_word' id='word_1_180' title='bbox 1585 2169 1640 2214; x_wconf 88' lang='lat' dir='ltr'><strong>et</strong></span> <span class='ocrx_word' id='word_1_181' title='bbox 1685 2161 1736 2215; x_wconf 92' lang='lat' dir='ltr'><strong>in</strong></span> <span class='ocrx_word' id='word_1_182' title='bbox 1785 2161 2030 2219; x_wconf 87' lang='lat' dir='ltr'><strong>Ecclesia</strong></span> 
     </span>
    </p>
   </div>
   <div class='ocr_carea' id='block_1_25' title="bbox 453 2235 2022 2327">
    <p class='ocr_par' dir='ltr' id='par_1_25' title="bbox 453 2235 2022 2327">
     <span class='ocr_line' id='line_1_25' title="bbox 453 2235 2022 2327; baseline 0.018 -42"><span class='ocrx_word' id='word_1_183' title='bbox 453 2249 551 2288; x_wconf 84' lang='lat' dir='ltr'><strong>sua</strong></span> <span class='ocrx_word' id='word_1_184' title='bbox 602 2235 839 2304; x_wconf 78' lang='lat' dir='ltr'><strong>regimen</strong></span> <span class='ocrx_word' id='word_1_185' title='bbox 899 2255 963 2296; x_wconf 89' lang='lat' dir='ltr'><strong>ac</strong></span> <span class='ocrx_word' id='word_1_186' title='bbox 981 2242 1242 2312; x_wconf 81' lang='lat' dir='ltr'><strong>judicium</strong></span> <span class='ocrx_word' id='word_1_187' title='bbox 1303 2251 1607 2323; x_wconf 86' lang='lat' dir='ltr'><strong>ordinaret,</strong></span> <span class='ocrx_word' id='word_1_188' title='bbox 1663 2257 1808 2327; x_wconf 89' lang='lat' dir='ltr'><strong>quod</strong></span> <span class='ocrx_word' id='word_1_189' title='bbox 1861 2257 2022 2314; x_wconf 90' lang='lat' dir='ltr'><strong>etiam</strong></span> 
     </span>
    </p>
   </div>
   <div class='ocr_carea' id='block_1_26' title="bbox 455 2325 1140 2393">
    <p class='ocr_par' dir='ltr' id='par_1_26' title="bbox 455 2325 1140 2393">
     <span class='ocr_line' id='line_1_26' title="bbox 455 2325 1140 2393; baseline 0.023 -17"><span class='ocrx_word' id='word_1_190' title='bbox 455 2325 732 2393; x_wconf 81' lang='lat' dir='ltr'><strong>discipulis</strong></span> <span class='ocrx_word' id='word_1_191' title='bbox 757 2329 870 2385; x_wconf 86' lang='lat' dir='ltr'><strong>suis</strong></span> <span class='ocrx_word' id='word_1_192' title='bbox 897 2335 1140 2392; x_wconf 86' lang='lat' dir='ltr'><strong>tradidit.</strong></span> 
     </span>
    </p>
   </div>
   <div class='ocr_carea' id='block_1_27' title="bbox 527 2417 2026 2512">
    <p class='ocr_par' dir='ltr' id='par_1_27' title="bbox 527 2417 2026 2512">
     <span class='ocr_line' id='line_1_27' title="bbox 527 2417 2026 2512; baseline 0.024 -43"><span class='ocrx_word' id='word_1_193' title='bbox 527 2417 786 2512; x_wconf 18' lang='grc' dir='ltr'>νείκεσε,</span> <span class='ocrx_word' id='word_1_194' title='bbox 819 2439 839 2475; x_wconf 80' lang='grc' dir='ltr'><strong>ι</strong></span> <span class='ocrx_word' id='word_1_195' title='bbox 871 2423 962 2480; x_wconf 87' lang='lat' dir='ltr'><strong>Sic</strong></span> <span class='ocrx_word' id='word_1_196' title='bbox 987 2427 1119 2484; x_wconf 88' lang='lat' dir='ltr'><strong>dicit</strong></span> <span class='ocrx_word' id='word_1_197' title='bbox 1149 2430 1408 2493; x_wconf 86' lang='lat' dir='ltr'><strong>Dominus</strong></span> <span class='ocrx_word' id='word_1_198' title='bbox 1435 2437 1594 2508; x_wconf 88' lang='lat' dir='ltr'><strong>Deus,</strong></span> <span class='ocrx_word' id='word_1_199' title='bbox 1630 2445 1722 2512; x_wconf 88' lang='lat' dir='ltr'><strong>qni</strong></span> <span class='ocrx_word' id='word_1_200' title='bbox 1758 2443 1888 2502; x_wconf 81' lang='lat' dir='ltr'><strong>fecit</strong></span> <span class='ocrx_word' id='word_1_201' title='bbox 1915 2462 2026 2505; x_wconf 71' lang='lat' dir='ltr'><strong>cte-</strong></span> 
     </span>
    </p>
   </div>
   <div class='ocr_carea' id='block_1_28' title="bbox 451 2505 2023 2608">
    <p class='ocr_par' dir='ltr' id='par_1_28' title="bbox 451 2505 2023 2608">
     <span class='ocr_line' id='line_1_28' title="bbox 451 2505 2023 2608; baseline 0.022 -47"><span class='ocrx_word' id='word_1_202' title='bbox 451 2505 585 2574; x_wconf 84' lang='lat' dir='ltr'><strong>lum,</strong></span> <span class='ocrx_word' id='word_1_203' title='bbox 612 2519 667 2566; x_wconf 89' lang='lat' dir='ltr'><strong>et</strong></span> <span class='ocrx_word' id='word_1_204' title='bbox 701 2508 988 2585; x_wconf 83' lang='lat' dir='ltr'><strong>ﬁxitiilud,</strong></span> <span class='ocrx_word' id='word_1_205' title='bbox 1017 2522 1107 2589; x_wconf 93' lang='lat' dir='ltr'><strong>qui</strong></span> <span class='ocrx_word' id='word_1_206' title='bbox 1144 2523 1380 2581; x_wconf 88' lang='lat' dir='ltr'><strong>ﬁrmavit</strong></span> <span class='ocrx_word' id='word_1_207' title='bbox 1413 2505 1663 2600; x_wconf 67' lang='lat' dir='ltr'><strong>terram,</strong></span> <span class='ocrx_word' id='word_1_208' title='bbox 1706 2545 1761 2591; x_wconf 91' lang='lat' dir='ltr'><strong>et</strong></span> <span class='ocrx_word' id='word_1_209' title='bbox 1804 2553 1924 2608; x_wconf 73' lang='lat' dir='ltr'><strong>quae</strong></span> <span class='ocrx_word' id='word_1_210' title='bbox 1971 2542 2023 2596; x_wconf 92' lang='lat' dir='ltr'><strong>in</strong></span> 
     </span>
    </p>
   </div>
   <div class='ocr_carea' id='block_1_29' title="bbox 450 2599 2026 2701">
    <p class='ocr_par' dir='ltr' id='par_1_29' title="bbox 450 2599 2026 2701">
     <span class='ocr_line' id='line_1_29' title="bbox 450 2599 2026 2701; baseline 0.023 -48"><span class='ocrx_word' id='word_1_211' title='bbox 450 2599 564 2666; x_wconf 87' lang='lat' dir='ltr'><strong>ipsa</strong></span> <span class='ocrx_word' id='word_1_212' title='bbox 593 2613 738 2669; x_wconf 88' lang='lat' dir='ltr'><strong>sunt,</strong></span> <span class='ocrx_word' id='word_1_213' title='bbox 768 2609 860 2678; x_wconf 89' lang='lat' dir='ltr'><strong>qui</strong></span> <span class='ocrx_word' id='word_1_214' title='bbox 890 2610 980 2666; x_wconf 89' lang='lat' dir='ltr'><strong>dat</strong></span> <span class='ocrx_word' id='word_1_215' title='bbox 1015 2611 1199 2670; x_wconf 82' lang='lat' dir='ltr'><strong>ﬂatum</strong></span> <span class='ocrx_word' id='word_1_216' title='bbox 1225 2621 1426 2689; x_wconf 89' lang='lat' dir='ltr'><strong>populo</strong></span> <span class='ocrx_word' id='word_1_217' title='bbox 1460 2638 1560 2679; x_wconf 91' lang='lat' dir='ltr'><strong>suo</strong></span> <span class='ocrx_word' id='word_1_218' title='bbox 1591 2599 1754 2696; x_wconf 83' lang='lat' dir='ltr'><strong>inea,</strong></span> <span class='ocrx_word' id='word_1_219' title='bbox 1780 2599 1835 2684; x_wconf 64' lang='lat' dir='ltr'><strong>ei</strong></span> <span class='ocrx_word' id='word_1_220' title='bbox 1861 2632 2026 2701; x_wconf 87' lang='lat' dir='ltr'><strong>spiri-</strong></span> 
     </span>
    </p>
   </div>
   <div class='ocr_carea' id='block_1_30' title="bbox 450 2696 2022 2792">
    <p class='ocr_par' dir='ltr' id='par_1_30' title="bbox 450 2696 2022 2792">
     <span class='ocr_line' id='line_1_30' title="bbox 450 2696 2022 2792; baseline 0.025 -49"><span class='ocrx_word' id='word_1_221' title='bbox 450 2701 564 2748; x_wconf 89' lang='lat' dir='ltr'><strong>tum</strong></span> <span class='ocrx_word' id='word_1_222' title='bbox 598 2696 936 2758; x_wconf 87' lang='lat' dir='ltr'><strong>calcantibus</strong></span> <span class='ocrx_word' id='word_1_223' title='bbox 985 2719 1124 2761; x_wconf 90' lang='lat' dir='ltr'><strong>eam.</strong></span> <span class='ocrx_word' id='word_1_224' title='bbox 1161 2727 1181 2762; x_wconf 73' lang='grc' dir='ltr'><strong>ι</strong></span> <span class='ocrx_word' id='word_1_225' title='bbox 1229 2711 1528 2770; x_wconf 84' lang='lat' dir='ltr'><strong>Admodum</strong></span> <span class='ocrx_word' id='word_1_226' title='bbox 1578 2734 2022 2792; x_wconf 85' lang='lat' dir='ltr'><strong>consequenter:</strong></span> 
     </span>
    </p>
   </div>
   <div class='ocr_carea' id='block_1_31' title="bbox 449 2798 2021 2879">
    <p class='ocr_par' dir='ltr' id='par_1_31' title="bbox 449 2798 2021 2879">
     <span class='ocr_line' id='line_1_31' title="bbox 449 2798 2021 2879; baseline 0.022 -41"><span class='ocrx_word' id='word_1_227' title='bbox 449 2800 576 2840; x_wconf 87' lang='lat' dir='ltr'><strong>nam</strong></span> <span class='ocrx_word' id='word_1_228' title='bbox 604 2803 742 2859; x_wconf 90' lang='lat' dir='ltr'><strong>opus</strong></span> <span class='ocrx_word' id='word_1_229' title='bbox 768 2800 859 2864; x_wconf 30' lang='lat' dir='ltr'><strong>est.</strong></span> <span class='ocrx_word' id='word_1_230' title='bbox 883 2810 981 2848; x_wconf 89' lang='lat' dir='ltr'><strong>nos</strong></span> <span class='ocrx_word' id='word_1_231' title='bbox 1016 2798 1265 2857; x_wconf 89' lang='lat' dir='ltr'><strong>ediscere</strong></span> <span class='ocrx_word' id='word_1_232' title='bbox 1305 2819 1371 2859; x_wconf 83' lang='lat' dir='ltr'><strong>ex</strong></span> <span class='ocrx_word' id='word_1_233' title='bbox 1414 2808 1568 2878; x_wconf 91' lang='lat' dir='ltr'><strong>cujus</strong></span> <span class='ocrx_word' id='word_1_234' title='bbox 1611 2826 1840 2879; x_wconf 87' lang='lat' dir='ltr'><strong>persona</strong></span> <span class='ocrx_word' id='word_1_235' title='bbox 1877 2815 2021 2872; x_wconf 88' lang='lat' dir='ltr'><strong>dicta</strong></span> 
     </span>
    </p>
   </div>
   <div class='ocr_carea' id='block_1_32' title="bbox 448 2879 2018 2966">
    <p class='ocr_par' dir='ltr' id='par_1_32' title="bbox 448 2879 2018 2966">
     <span class='ocr_line' id='line_1_32' title="bbox 448 2879 2018 2966; baseline 0.023 -39"><span class='ocrx_word' id='word_1_236' title='bbox 448 2879 558 2932; x_wconf 81' lang='lat' dir='ltr'><strong>sint</strong></span> <span class='ocrx_word' id='word_1_237' title='bbox 597 2895 716 2948; x_wconf 73' lang='lat' dir='ltr'><strong>qua:</strong></span> <span class='ocrx_word' id='word_1_238' title='bbox 746 2882 814 2938; x_wconf 90' lang='lat' dir='ltr'><strong>de</strong></span> <span class='ocrx_word' id='word_1_239' title='bbox 850 2883 1068 2943; x_wconf 90' lang='lat' dir='ltr'><strong>Christo</strong></span> <span class='ocrx_word' id='word_1_240' title='bbox 1099 2894 1523 2960; x_wconf 70' lang='lat' dir='ltr'><strong>prmmittuntur.</strong></span> <span class='ocrx_word' id='word_1_241' title='bbox 1553 2900 1687 2966; x_wconf 83' lang='lat' dir='ltr'><strong>Quia</strong></span> <span class='ocrx_word' id='word_1_242' title='bbox 1716 2905 1858 2959; x_wconf 92' lang='lat' dir='ltr'><strong>enim</strong></span> <span class='ocrx_word' id='word_1_243' title='bbox 1885 2922 2018 2962; x_wconf 85' lang='lat' dir='ltr'><strong>con-</strong></span> 
     </span>
    </p>
   </div>
   <div class='ocr_carea' id='block_1_33' title="bbox 448 2967 2019 3059">
    <p class='ocr_par' dir='ltr' id='par_1_33' title="bbox 448 2967 2019 3059">
     <span class='ocr_line' id='line_1_33' title="bbox 448 2967 2019 3059; baseline 0.023 -41"><span class='ocrx_word' id='word_1_244' title='bbox 448 2967 629 3024; x_wconf 76' lang='lat' dir='ltr'><strong>fertim</strong></span> <span class='ocrx_word' id='word_1_245' title='bbox 680 2971 841 3029; x_wconf 90' lang='lat' dir='ltr'><strong>initio</strong></span> <span class='ocrx_word' id='word_1_246' title='bbox 882 2977 1098 3034; x_wconf 79' lang='lat' dir='ltr'><strong>dixerat</strong></span> <span class='ocrx_word' id='word_1_247' title='bbox 1151 2986 1498 3054; x_wconf 87' lang='lat' dir='ltr'><strong>propheticus</strong></span> <span class='ocrx_word' id='word_1_248' title='bbox 1543 3007 1744 3059; x_wconf 89' lang='lat' dir='ltr'><strong>sermo,</strong></span> <span class='ocrx_word' id='word_1_249' title='bbox 1793 3013 1812 3047; x_wconf 82' lang='grc' dir='ltr'><strong>ι</strong></span> <span class='ocrx_word' id='word_1_250' title='bbox 1846 2994 2019 3054; x_wconf 78' lang='lat' dir='ltr'><strong>Jacob</strong></span> 
     </span>
    </p>
   </div>
   <div class='ocr_carea' id='block_1_34' title="bbox 446 3071 2013 3157">
    <p class='ocr_par' dir='ltr' id='par_1_34' title="bbox 446 3071 2013 3157">
     <span class='ocr_line' id='line_1_34' title="bbox 446 3071 2013 3157; baseline 0.022 -46"><span class='ocrx_word' id='word_1_251' title='bbox 446 3075 583 3129; x_wconf 72' lang='lat' dir='ltr'><strong>puer</strong></span> <span class='ocrx_word' id='word_1_252' title='bbox 606 3076 780 3129; x_wconf 88' lang='lat' dir='ltr'><strong>meus,</strong></span> <span class='ocrx_word' id='word_1_253' title='bbox 830 3071 1122 3141; x_wconf 87' lang='lat' dir='ltr'><strong>suscipiam</strong></span> <span class='ocrx_word' id='word_1_254' title='bbox 1167 3090 1290 3130; x_wconf 91' lang='lat' dir='ltr'><strong>eum</strong></span> <span class='ocrx_word' id='word_1_255' title='bbox 1326 3094 1339 3130; x_wconf 90' lang='lat'><strong>:</strong></span> <span class='ocrx_word' id='word_1_256' title='bbox 1371 3078 1532 3136; x_wconf 89' lang='lat' dir='ltr'><strong>Israel</strong></span> <span class='ocrx_word' id='word_1_257' title='bbox 1581 3084 1786 3142; x_wconf 77' lang='lat' dir='ltr'><strong>electus</strong></span> <span class='ocrx_word' id='word_1_258' title='bbox 1839 3105 2013 3157; x_wconf 89' lang='lat' dir='ltr'><strong>meus,</strong></span> 
     </span>
    </p>
   </div>
   <div class='ocr_carea' id='block_1_35' title="bbox 446 3154 2016 3241">
    <p class='ocr_par' dir='ltr' id='par_1_35' title="bbox 446 3154 2016 3241">
     <span class='ocr_line' id='line_1_35' title="bbox 446 3154 2016 3241; baseline 0.021 -38"><span class='ocrx_word' id='word_1_259' title='bbox 446 3154 682 3223; x_wconf 84' lang='lat' dir='ltr'><strong>suscepit</strong></span> <span class='ocrx_word' id='word_1_260' title='bbox 713 3171 838 3211; x_wconf 88' lang='lat' dir='ltr'><strong>eum</strong></span> <span class='ocrx_word' id='word_1_261' title='bbox 875 3162 1055 3218; x_wconf 89' lang='lat' dir='ltr'><strong>anima</strong></span> <span class='ocrx_word' id='word_1_262' title='bbox 1084 3180 1202 3220; x_wconf 90' lang='lat' dir='ltr'><strong>mea</strong></span> <span class='ocrx_word' id='word_1_263' title='bbox 1234 3185 1247 3221; x_wconf 90' lang='lat'>:</span> <span class='ocrx_word' id='word_1_264' title='bbox 1276 3169 1395 3224; x_wconf 88' lang='lat' dir='ltr'><strong>dedi</strong></span> <span class='ocrx_word' id='word_1_265' title='bbox 1435 3174 1681 3241; x_wconf 88' lang='lat' dir='ltr'><strong>spiritum</strong></span> <span class='ocrx_word' id='word_1_266' title='bbox 1713 3193 1890 3235; x_wconf 90' lang='lat' dir='ltr'><strong>meum</strong></span> <span class='ocrx_word' id='word_1_267' title='bbox 1923 3197 2016 3236; x_wconf 85' lang='lat' dir='ltr'><strong>su-</strong></span> 
     </span>
    </p>
   </div>
   <div class='ocr_carea' id='block_1_36' title="bbox 446 3253 2012 3337">
    <p class='ocr_par' dir='ltr' id='par_1_36' title="bbox 446 3253 2012 3337">
     <span class='ocr_line' id='line_1_36' title="bbox 446 3253 2012 3337; baseline 0.022 -43"><span class='ocrx_word' id='word_1_268' title='bbox 446 3259 544 3309; x_wconf 78' lang='lat' dir='ltr'><strong>per</strong></span> <span class='ocrx_word' id='word_1_269' title='bbox 566 3259 724 3310; x_wconf 85' lang='lat' dir='ltr'><strong>eum;</strong></span> <span class='ocrx_word' id='word_1_270' title='bbox 763 3267 783 3300; x_wconf 73' lang='grc' dir='ltr'><strong>ι</strong></span> <span class='ocrx_word' id='word_1_271' title='bbox 817 3265 919 3305; x_wconf 89' lang='lat' dir='ltr'><strong>uec</strong></span> <span class='ocrx_word' id='word_1_272' title='bbox 943 3253 1273 3311; x_wconf 86' lang='lat' dir='ltr'><strong>indicaverat</strong></span> <span class='ocrx_word' id='word_1_273' title='bbox 1299 3261 1420 3329; x_wconf 89' lang='lat' dir='ltr'><strong>quis</strong></span> <span class='ocrx_word' id='word_1_274' title='bbox 1460 3263 1573 3319; x_wconf 75' lang='lat' dir='ltr'><strong>lucc</strong></span> <span class='ocrx_word' id='word_1_275' title='bbox 1595 3265 1858 3337; x_wconf 84' lang='lat' dir='ltr'><strong>dixisset,</strong></span> <span class='ocrx_word' id='word_1_276' title='bbox 1911 3271 2012 3326; x_wconf 75' lang='lat' dir='ltr'><strong>hu~</strong></span> 
     </span>
    </p>
   </div>
   <div class='ocr_carea' id='block_1_37' title="bbox 443 3333 2008 3415">
    <p class='ocr_par' dir='ltr' id='par_1_37' title="bbox 443 3333 2008 3415">
     <span class='ocr_line' id='line_1_37' title="bbox 443 3333 2008 3415; baseline 0.019 -30"><span class='ocrx_word' id='word_1_277' title='bbox 443 3333 528 3402; x_wconf 85' lang='lat' dir='ltr'><strong>jus</strong></span> <span class='ocrx_word' id='word_1_278' title='bbox 575 3337 812 3392; x_wconf 83' lang='lat' dir='ltr'><strong>vaticinii</strong></span> <span class='ocrx_word' id='word_1_279' title='bbox 870 3351 1148 3399; x_wconf 88' lang='lat' dir='ltr'><strong>auctorem</strong></span> <span class='ocrx_word' id='word_1_280' title='bbox 1195 3346 1306 3415; x_wconf 91' lang='lat' dir='ltr'><strong>jam</strong></span> <span class='ocrx_word' id='word_1_281' title='bbox 1369 3359 1676 3410; x_wconf 83' lang='lat' dir='ltr'><strong>necessario</strong></span> <span class='ocrx_word' id='word_1_282' title='bbox 1708 3361 2008 3414; x_wconf 88' lang='lat' dir='ltr'><strong>enuntiat:</strong></span> 
     </span>
    </p>
   </div>
   <div class='ocr_carea' id='block_1_38' title="bbox 443 3426 2008 3506">
    <p class='ocr_par' dir='ltr' id='par_1_38' title="bbox 443 3426 2008 3506">
     <span class='ocr_line' id='line_1_38' title="bbox 443 3426 2008 3506; baseline 0.02 -33"><span class='ocrx_word' id='word_1_283' title='bbox 443 3426 792 3490; x_wconf 78' lang='lat' dir='ltr'><strong>quamobrem</strong></span> <span class='ocrx_word' id='word_1_284' title='bbox 824 3432 1118 3504; x_wconf 86' lang='lat' dir='ltr'><strong>subjungit,</strong></span> <span class='ocrx_word' id='word_1_285' title='bbox 1154 3454 1176 3488; x_wconf 73' lang='grc' dir='ltr'><strong>ι</strong></span> <span class='ocrx_word' id='word_1_286' title='bbox 1209 3438 1300 3494; x_wconf 91' lang='lat' dir='ltr'><strong>Sic</strong></span> <span class='ocrx_word' id='word_1_287' title='bbox 1328 3440 1459 3495; x_wconf 88' lang='lat' dir='ltr'><strong>dicit</strong></span> <span class='ocrx_word' id='word_1_288' title='bbox 1481 3444 1737 3502; x_wconf 90' lang='lat' dir='ltr'><strong>Dominus</strong></span> <span class='ocrx_word' id='word_1_289' title='bbox 1769 3449 1909 3506; x_wconf 90' lang='lat' dir='ltr'><strong>Deus</strong></span> <span class='ocrx_word' id='word_1_290' title='bbox 1939 3470 1952 3506; x_wconf 92' lang='lat'><strong>:</strong></span> <span class='ocrx_word' id='word_1_291' title='bbox 1990 3471 2008 3504; x_wconf 76' lang='grc' dir='ltr'><strong>ι</strong></span> 
     </span>
    </p>
   </div>
   <div class='ocr_carea' id='block_1_39' title="bbox 441 3515 2011 3610">
    <p class='ocr_par' dir='ltr' id='par_1_39' title="bbox 441 3515 2011 3610">
     <span class='ocr_line' id='line_1_39' title="bbox 441 3515 2011 3610; baseline 0.019 -43"><span class='ocrx_word' id='word_1_292' title='bbox 441 3515 559 3584; x_wconf 88' lang='lat' dir='ltr'><strong>ipse</strong></span> <span class='ocrx_word' id='word_1_293' title='bbox 587 3519 785 3589; x_wconf 89' lang='lat' dir='ltr'><strong>quippe</strong></span> <span class='ocrx_word' id='word_1_294' title='bbox 809 3534 946 3587; x_wconf 86' lang='lat' dir='ltr'><strong>erat,</strong></span> <span class='ocrx_word' id='word_1_295' title='bbox 973 3526 1063 3594; x_wconf 90' lang='lat' dir='ltr'><strong>qui</strong></span> <span class='ocrx_word' id='word_1_296' title='bbox 1094 3530 1336 3598; x_wconf 88' lang='lat' dir='ltr'><strong>etprima</strong></span> <span class='ocrx_word' id='word_1_297' title='bbox 1363 3536 1603 3601; x_wconf 85' lang='lat' dir='ltr'><strong>protulit,</strong></span> <span class='ocrx_word' id='word_1_298' title='bbox 1643 3547 1696 3610; x_wconf 78' lang='lat' dir='ltr'><strong>et</strong></span> <span class='ocrx_word' id='word_1_299' title='bbox 1731 3543 2011 3610; x_wconf 88' lang='lat' dir='ltr'><strong>sequentia</strong></span> 
     </span>
    </p>
   </div>
   <div class='ocr_carea' id='block_1_40' title="bbox 440 3603 2014 3692">
    <p class='ocr_par' dir='ltr' id='par_1_40' title="bbox 440 3603 2014 3692">
     <span class='ocr_line' id='line_1_40' title="bbox 440 3603 2014 3692; baseline 0.018 -32"><span class='ocrx_word' id='word_1_300' title='bbox 440 3609 658 3676; x_wconf 82' lang='lat' dir='ltr'><strong>adiecit.</strong></span> <span class='ocrx_word' id='word_1_301' title='bbox 683 3611 939 3678; x_wconf 81' lang='lat' dir='ltr'><strong>Quamvis</strong></span> <span class='ocrx_word' id='word_1_302' title='bbox 966 3619 1109 3674; x_wconf 91' lang='lat' dir='ltr'><strong>enim</strong></span> <span class='ocrx_word' id='word_1_303' title='bbox 1139 3637 1234 3677; x_wconf 88' lang='lat' dir='ltr'><strong>vos</strong></span> <span class='ocrx_word' id='word_1_304' title='bbox 1260 3624 1524 3692; x_wconf 89' lang='lat' dir='ltr'><strong>homines,</strong></span> <span class='ocrx_word' id='word_1_305' title='bbox 1562 3603 1822 3686; x_wconf 69' lang='lat' dir='ltr'><strong>invisibili</strong></span> <span class='ocrx_word' id='word_1_306' title='bbox 1855 3643 1909 3687; x_wconf 91' lang='lat' dir='ltr'><strong>et</strong></span> <span class='ocrx_word' id='word_1_307' title='bbox 1934 3635 2014 3688; x_wconf 84' lang='lat' dir='ltr'><strong>in-</strong></span> 
     </span>
    </p>
   </div>
   <div class='ocr_carea' id='block_1_41' title="bbox 439 3707 2009 3790">
    <p class='ocr_par' dir='ltr' id='par_1_41' title="bbox 439 3707 2009 3790">
     <span class='ocr_line' id='line_1_41' title="bbox 439 3707 2009 3790; baseline 0.017 -37"><span class='ocrx_word' id='word_1_308' title='bbox 439 3715 712 3770; x_wconf 65' lang='lat' dir='ltr'><strong>corporea:</strong></span> <span class='ocrx_word' id='word_1_309' title='bbox 746 3707 835 3760; x_wconf 85' lang='lat' dir='ltr'><strong>Dei</strong></span> <span class='ocrx_word' id='word_1_310' title='bbox 868 3709 1183 3767; x_wconf 71' lang='lat' dir='ltr'><strong>substantia:</strong></span> <span class='ocrx_word' id='word_1_311' title='bbox 1206 3714 1450 3771; x_wconf 78' lang='lat' dir='ltr'><strong>videnda:</strong></span> <span class='ocrx_word' id='word_1_312' title='bbox 1495 3735 1655 3788; x_wconf 88' lang='lat' dir='ltr'><strong>pares</strong></span> <span class='ocrx_word' id='word_1_313' title='bbox 1691 3738 1792 3776; x_wconf 86' lang='lat' dir='ltr'><strong>non</strong></span> <span class='ocrx_word' id='word_1_314' title='bbox 1851 3724 2009 3790; x_wconf 88' lang='lat' dir='ltr'><strong>sitis;</strong></span> 
     </span>
    </p>
   </div>
   <div class='ocr_carea' id='block_1_42' title="bbox 438 3795 2010 3883">
    <p class='ocr_par' dir='ltr' id='par_1_42' title="bbox 438 3795 2010 3883">
     <span class='ocr_line' id='line_1_42' title="bbox 438 3795 2010 3883; baseline 0.017 -37"><span class='ocrx_word' id='word_1_315' title='bbox 438 3804 496 3846; x_wconf 84' lang='lat' dir='ltr'><strong>at</strong></span> <span class='ocrx_word' id='word_1_316' title='bbox 527 3795 683 3866; x_wconf 90' lang='lat' dir='ltr'><strong>hujus</strong></span> <span class='ocrx_word' id='word_1_317' title='bbox 710 3799 841 3853; x_wconf 87' lang='lat' dir='ltr'><strong>tanti</strong></span> <span class='ocrx_word' id='word_1_318' title='bbox 867 3801 988 3855; x_wconf 79' lang='lat' dir='ltr'><strong>cceli</strong></span> <span class='ocrx_word' id='word_1_319' title='bbox 1025 3804 1449 3874; x_wconf 74' lang='lat' dir='ltr'><strong>magnitudinem</strong></span> <span class='ocrx_word' id='word_1_320' title='bbox 1505 3813 1877 3883; x_wconf 86' lang='lat' dir='ltr'><strong>speculantes,</strong></span> <span class='ocrx_word' id='word_1_321' title='bbox 1911 3833 2010 3872; x_wconf 88' lang='lat' dir='ltr'><strong>vo-</strong></span> 
     </span>
    </p>
   </div>
   <div class='ocr_carea' id='block_1_43' title="bbox 436 3884 2008 3975">
    <p class='ocr_par' dir='ltr' id='par_1_43' title="bbox 436 3884 2008 3975">
     <span class='ocr_line' id='line_1_43' title="bbox 436 3884 2008 3975; baseline 0.017 -37"><span class='ocrx_word' id='word_1_322' title='bbox 436 3884 643 3941; x_wconf 85' lang='lat' dir='ltr'><strong>biscum</strong></span> <span class='ocrx_word' id='word_1_323' title='bbox 672 3900 917 3957; x_wconf 86' lang='lat' dir='ltr'><strong>reputate</strong></span> <span class='ocrx_word' id='word_1_324' title='bbox 948 3903 1182 3961; x_wconf 89' lang='lat' dir='ltr'><strong>quantus</strong></span> <span class='ocrx_word' id='word_1_325' title='bbox 1211 3899 1454 3966; x_wconf 87' lang='lat' dir='ltr'><strong>qualisve</strong></span> <span class='ocrx_word' id='word_1_326' title='bbox 1477 3904 1548 3956; x_wconf 90' lang='lat' dir='ltr'><strong>sit</strong></span> <span class='ocrx_word' id='word_1_327' title='bbox 1584 3905 1648 3965; x_wconf 89' lang='lat' dir='ltr'><strong>is,</strong></span> <span class='ocrx_word' id='word_1_328' title='bbox 1678 3909 1769 3975; x_wconf 94' lang='lat' dir='ltr'><strong>qui</strong></span> <span class='ocrx_word' id='word_1_329' title='bbox 1803 3917 2008 3964; x_wconf 91' lang='lat' dir='ltr'><strong>tantam</strong></span> 
     </span>
    </p>
   </div>
   <div class='ocr_carea' id='block_1_44' title="bbox 439 3976 2010 4067">
    <p class='ocr_par' dir='ltr' id='par_1_44' title="bbox 439 3976 2010 4067">
     <span class='ocr_line' id='line_1_44' title="bbox 439 3976 2010 4067; baseline 0.017 -37"><span class='ocrx_word' id='word_1_330' title='bbox 439 3976 557 4032; x_wconf 79' lang='lat' dir='ltr'><strong>ﬁxit</strong></span> <span class='ocrx_word' id='word_1_331' title='bbox 587 3980 816 4046; x_wconf 87' lang='lat' dir='ltr'><strong>molem,</strong></span> <span class='ocrx_word' id='word_1_332' title='bbox 866 3983 989 4039; x_wconf 87' lang='lat' dir='ltr'><strong>hinc</strong></span> <span class='ocrx_word' id='word_1_333' title='bbox 1025 3995 1223 4042; x_wconf 90' lang='lat' dir='ltr'><strong>terram</strong></span> <span class='ocrx_word' id='word_1_334' title='bbox 1272 3991 1442 4060; x_wconf 89' lang='lat' dir='ltr'><strong>ipsam</strong></span> <span class='ocrx_word' id='word_1_335' title='bbox 1498 3996 1889 4067; x_wconf 78' lang='lat' dir='ltr'><strong>reSpicientes,</strong></span> <span class='ocrx_word' id='word_1_336' title='bbox 1946 4017 2010 4057; x_wconf 89' lang='lat' dir='ltr'><strong>ac</strong></span> 
     </span>
    </p>
   </div>
   <div class='ocr_carea' id='block_1_45' title="bbox 435 4073 2008 4152">
    <p class='ocr_par' dir='ltr' id='par_1_45' title="bbox 435 4073 2008 4152">
     <span class='ocr_line' id='line_1_45' title="bbox 435 4073 2008 4152; baseline 0.015 -28"><span class='ocrx_word' id='word_1_337' title='bbox 435 4073 859 4141; x_wconf 85' lang='lat' dir='ltr'><strong>considerantes,</strong></span> <span class='ocrx_word' id='word_1_338' title='bbox 913 4088 1134 4147; x_wconf 88' lang='lat' dir='ltr'><strong>quanta,</strong></span> <span class='ocrx_word' id='word_1_339' title='bbox 1187 4097 1347 4152; x_wconf 89' lang='lat' dir='ltr'><strong>quam</strong></span> <span class='ocrx_word' id='word_1_340' title='bbox 1413 4086 1711 4144; x_wconf 89' lang='lat' dir='ltr'><strong>immobilis</strong></span> <span class='ocrx_word' id='word_1_341' title='bbox 1748 4108 1776 4145; x_wconf 91' lang='lat' dir='ltr'><strong>a</strong></span> <span class='ocrx_word' id='word_1_342' title='bbox 1811 4093 2008 4148; x_wconf 64' lang='lat' dir='ltr'><strong>sarculo</strong></span> 
     </span>
    </p>
   </div>
   <div class='ocr_carea' id='block_1_46' title="bbox 437 4164 2005 4245">
    <p class='ocr_par' dir='ltr' id='par_1_46' title="bbox 437 4164 2005 4245">
     <span class='ocr_line' id='line_1_46' title="bbox 437 4164 2005 4245; baseline 0.017 -30"><span class='ocrx_word' id='word_1_343' title='bbox 437 4164 658 4219; x_wconf 77' lang='lat' dir='ltr'><strong>fundata</strong></span> <span class='ocrx_word' id='word_1_344' title='bbox 697 4175 752 4220; x_wconf 90' lang='lat' dir='ltr'><strong>et</strong></span> <span class='ocrx_word' id='word_1_345' title='bbox 782 4183 877 4222; x_wconf 90' lang='lat' dir='ltr'><strong>ceu</strong></span> <span class='ocrx_word' id='word_1_346' title='bbox 927 4172 1196 4228; x_wconf 88' lang='lat' dir='ltr'><strong>radicibus</strong></span> <span class='ocrx_word' id='word_1_347' title='bbox 1236 4175 1447 4230; x_wconf 91' lang='lat' dir='ltr'><strong>ﬁrmata</strong></span> <span class='ocrx_word' id='word_1_348' title='bbox 1486 4183 1596 4245; x_wconf 90' lang='lat' dir='ltr'><strong>sit,</strong></span> <span class='ocrx_word' id='word_1_349' title='bbox 1633 4181 1705 4235; x_wconf 90' lang='lat' dir='ltr'><strong>ita</strong></span> <span class='ocrx_word' id='word_1_350' title='bbox 1737 4194 1890 4239; x_wconf 89' lang='lat' dir='ltr'><strong>utne</strong></span> <span class='ocrx_word' id='word_1_351' title='bbox 1923 4185 2005 4241; x_wconf 87' lang='lat' dir='ltr'><strong>vel</strong></span> 
     </span>
    </p>
   </div>
   <div class='ocr_carea' id='block_1_47' title="bbox 422 4253 2007 4338">
    <p class='ocr_par' dir='ltr' id='par_1_47' title="bbox 422 4253 2007 4338">
     <span class='ocr_line' id='line_1_47' title="bbox 422 4253 2007 4338; baseline 0.015 -32"><span class='ocrx_word' id='word_1_352' title='bbox 422 4253 704 4309; x_wconf 75' lang='lat' dir='ltr'><strong>tantillum</strong></span> <span class='ocrx_word' id='word_1_353' title='bbox 748 4269 1064 4327; x_wconf 89' lang='lat' dir='ltr'><strong>moveatur;</strong></span> <span class='ocrx_word' id='word_1_354' title='bbox 1123 4265 1355 4334; x_wconf 79' lang='lat' dir='ltr'><strong>cogitate</strong></span> <span class='ocrx_word' id='word_1_355' title='bbox 1416 4283 1579 4338; x_wconf 88' lang='lat' dir='ltr'><strong>quam</strong></span> <span class='ocrx_word' id='word_1_356' title='bbox 1626 4271 2007 4330; x_wconf 88' lang='lat' dir='ltr'><strong>inenarrabilis</strong></span> 
     </span>
    </p>
   </div>
   <div class='ocr_carea' id='block_1_48' title="bbox 434 4347 2002 4427">
    <p class='ocr_par' dir='ltr' id='par_1_48' title="bbox 434 4347 2002 4427">
     <span class='ocr_line' id='line_1_48' title="bbox 434 4347 2002 4427; baseline 0.017 -31"><span class='ocrx_word' id='word_1_357' title='bbox 434 4347 606 4402; x_wconf 81' lang='lat' dir='ltr'><strong>virtus</strong></span> <span class='ocrx_word' id='word_1_358' title='bbox 637 4349 705 4403; x_wconf 91' lang='lat' dir='ltr'><strong>sit</strong></span> <span class='ocrx_word' id='word_1_359' title='bbox 737 4351 872 4417; x_wconf 87' lang='lat' dir='ltr'><strong>ejus,</strong></span> <span class='ocrx_word' id='word_1_360' title='bbox 910 4354 998 4420; x_wconf 90' lang='lat' dir='ltr'><strong>qui</strong></span> <span class='ocrx_word' id='word_1_361' title='bbox 1034 4355 1270 4410; x_wconf 88' lang='lat' dir='ltr'><strong>ﬁrmavit</strong></span> <span class='ocrx_word' id='word_1_362' title='bbox 1306 4373 1423 4414; x_wconf 88' lang='lat' dir='ltr'><strong>eam</strong></span> <span class='ocrx_word' id='word_1_363' title='bbox 1447 4401 1462 4427; x_wconf 95' lang='lat'><strong>,</strong></span> <span class='ocrx_word' id='word_1_364' title='bbox 1508 4372 1564 4417; x_wconf 93' lang='lat' dir='ltr'><strong>et</strong></span> <span class='ocrx_word' id='word_1_365' title='bbox 1607 4365 1678 4418; x_wconf 89' lang='lat' dir='ltr'><strong>ita</strong></span> <span class='ocrx_word' id='word_1_366' title='bbox 1717 4366 2002 4423; x_wconf 82' lang='lat' dir='ltr'><strong>fecundam</strong></span> 
     </span>
    </p>
   </div>
   <div class='ocr_carea' id='block_1_49' title="bbox 429 4437 1996 4531">
    <p class='ocr_par' dir='ltr' id='par_1_49' title="bbox 429 4437 1996 4531">
     <span class='ocr_line' id='line_1_49' title="bbox 429 4437 1996 4531; baseline 0.016 -41"><span class='ocrx_word' id='word_1_367' title='bbox 429 4437 816 4510; x_wconf 79' lang='lat' dir='ltr'><strong>fructuumque</strong></span> <span class='ocrx_word' id='word_1_368' title='bbox 869 4441 1103 4500; x_wconf 81' lang='lat' dir='ltr'><strong>feracem</strong></span> <span class='ocrx_word' id='word_1_369' title='bbox 1156 4451 1431 4518; x_wconf 89' lang='lat' dir='ltr'><strong>condidit,</strong></span> <span class='ocrx_word' id='word_1_370' title='bbox 1493 4463 1552 4508; x_wconf 90' lang='lat' dir='ltr'><strong>ut</strong></span> <span class='ocrx_word' id='word_1_371' title='bbox 1592 4464 1672 4511; x_wconf 91' lang='lat' dir='ltr'><strong>tot</strong></span> <span class='ocrx_word' id='word_1_372' title='bbox 1715 4460 1996 4531; x_wconf 85' lang='lat' dir='ltr'><strong>animalia,</strong></span> 
     </span>
    </p>
   </div>
   <div class='ocr_carea' id='block_1_50' title="bbox 429 4531 2000 4616">
    <p class='ocr_par' dir='ltr' id='par_1_50' title="bbox 429 4531 2000 4616">
     <span class='ocr_line' id='line_1_50' title="bbox 429 4531 2000 4616; baseline 0.016 -35"><span class='ocrx_word' id='word_1_373' title='bbox 429 4538 510 4582; x_wconf 85' lang='lat' dir='ltr'><strong>tot</strong></span> <span class='ocrx_word' id='word_1_374' title='bbox 535 4531 746 4596; x_wconf 81' lang='lat' dir='ltr'><strong>plautas</strong></span> <span class='ocrx_word' id='word_1_375' title='bbox 781 4533 1040 4598; x_wconf 84' lang='lat' dir='ltr'><strong>proferat.</strong></span> <span class='ocrx_word' id='word_1_376' title='bbox 1083 4535 1128 4591; x_wconf 90' lang='lat' dir='ltr'><strong>Is</strong></span> <span class='ocrx_word' id='word_1_377' title='bbox 1149 4551 1298 4608; x_wconf 86' lang='lat' dir='ltr'><strong>ergo,</strong></span> <span class='ocrx_word' id='word_1_378' title='bbox 1328 4545 1419 4611; x_wconf 89' lang='lat' dir='ltr'><strong>qui</strong></span> <span class='ocrx_word' id='word_1_379' title='bbox 1456 4553 1659 4600; x_wconf 89' lang='lat' dir='ltr'><strong>tantam</strong></span> <span class='ocrx_word' id='word_1_380' title='bbox 1693 4549 2000 4616; x_wconf 82' lang='lat' dir='ltr'><strong>pulchritu-</strong></span> 
     </span>
    </p>
   </div>
   <div class='ocr_carea' id='block_1_51' title="bbox 429 4621 2001 4700">
    <p class='ocr_par' dir='ltr' id='par_1_51' title="bbox 429 4621 2001 4700">
     <span class='ocr_line' id='line_1_51' title="bbox 429 4621 2001 4700; baseline 0.018 -29"><span class='ocrx_word' id='word_1_381' title='bbox 429 4621 608 4674; x_wconf 86' lang='lat' dir='ltr'><strong>dinem</strong></span> <span class='ocrx_word' id='word_1_382' title='bbox 639 4635 695 4676; x_wconf 87' lang='lat' dir='ltr'><strong>et</strong></span> <span class='ocrx_word' id='word_1_383' title='bbox 727 4631 928 4677; x_wconf 86' lang='lat' dir='ltr'><strong>tantam</strong></span> <span class='ocrx_word' id='word_1_384' title='bbox 956 4628 1148 4680; x_wconf 87' lang='lat' dir='ltr'><strong>molem</strong></span> <span class='ocrx_word' id='word_1_385' title='bbox 1173 4633 1436 4695; x_wconf 91' lang='lat' dir='ltr'><strong>condidit,</strong></span> <span class='ocrx_word' id='word_1_386' title='bbox 1466 4637 1728 4694; x_wconf 89' lang='lat' dir='ltr'><strong>Dominus</strong></span> <span class='ocrx_word' id='word_1_387' title='bbox 1765 4654 1820 4696; x_wconf 90' lang='lat' dir='ltr'><strong>et</strong></span> <span class='ocrx_word' id='word_1_388' title='bbox 1859 4645 2001 4700; x_wconf 86' lang='lat' dir='ltr'><strong>Deus</strong></span> 
     </span>
    </p>
   </div>
   <div class='ocr_carea' id='block_1_52' title="bbox 429 4713 1999 4804">
    <p class='ocr_par' dir='ltr' id='par_1_52' title="bbox 429 4713 1999 4804">
     <span class='ocr_line' id='line_1_52' title="bbox 429 4713 1999 4804; baseline 0.022 -42"><span class='ocrx_word' id='word_1_389' title='bbox 429 4713 826 4777; x_wconf 76' lang='lat' dir='ltr'><strong>universorum,</strong></span> <span class='ocrx_word' id='word_1_390' title='bbox 859 4718 1018 4771; x_wconf 88' lang='lat' dir='ltr'><strong>etiam</strong></span> <span class='ocrx_word' id='word_1_391' title='bbox 1050 4735 1134 4786; x_wconf 88' lang='lat' dir='ltr'><strong>ea,</strong></span> <span class='ocrx_word' id='word_1_392' title='bbox 1170 4738 1288 4792; x_wconf 78' lang='lat' dir='ltr'><strong>qua:</strong></span> <span class='ocrx_word' id='word_1_393' title='bbox 1309 4729 1560 4797; x_wconf 84' lang='lat' dir='ltr'><strong>superius</strong></span> <span class='ocrx_word' id='word_1_394' title='bbox 1583 4733 1725 4787; x_wconf 88' lang='lat' dir='ltr'><strong>dicta</strong></span> <span class='ocrx_word' id='word_1_395' title='bbox 1755 4747 1901 4804; x_wconf 89' lang='lat' dir='ltr'><strong>sunt,</strong></span> <span class='ocrx_word' id='word_1_396' title='bbox 1932 4738 1999 4796; x_wconf 90' lang='lat' dir='ltr'><strong>de</strong></span> 
     </span>
    </p>
   </div>
   <div class='ocr_carea' id='block_1_53' title="bbox 429 4803 1084 4873">
    <p class='ocr_par' dir='ltr' id='par_1_53' title="bbox 429 4803 1084 4873">
     <span class='ocr_line' id='line_1_53' title="bbox 429 4803 1084 4873; baseline 0.014 -15"><span class='ocrx_word' id='word_1_397' title='bbox 429 4803 648 4858; x_wconf 90' lang='lat' dir='ltr'><strong>Christo</strong></span> <span class='ocrx_word' id='word_1_398' title='bbox 683 4812 1084 4873; x_wconf 65' lang='lat' dir='ltr'><strong>praenuntiavit.</strong></span> 
     </span>
    </p>
   </div>
   <div class='ocr_carea' id='block_1_54' title="bbox 497 4921 1999 5013">
    <p class='ocr_par' dir='ltr' id='par_1_54' title="bbox 497 4921 1999 5013">
     <span class='ocr_line' id='line_1_54' title="bbox 497 4921 1999 5013; baseline 0.018 -39"><span class='ocrx_word' id='word_1_399' title='bbox 497 4921 657 4978; x_wconf 72' lang='lat' dir='ltr'><strong>Vens.</strong></span> <span class='ocrx_word' id='word_1_400' title='bbox 689 4921 802 4980; x_wconf 85' lang='lat'><strong>6-7.</strong></span> <span class='ocrx_word' id='word_1_401' title='bbox 843 4944 862 4977; x_wconf 76' lang='grc' dir='ltr'><strong>ι</strong></span> <span class='ocrx_word' id='word_1_402' title='bbox 905 4927 1014 4999; x_wconf 86' lang='lat' dir='ltr'><strong>Ego</strong></span> <span class='ocrx_word' id='word_1_403' title='bbox 1051 4931 1306 4987; x_wconf 90' lang='lat' dir='ltr'><strong>Dominus</strong></span> <span class='ocrx_word' id='word_1_404' title='bbox 1337 4933 1476 4992; x_wconf 89' lang='lat' dir='ltr'><strong>Deus</strong></span> <span class='ocrx_word' id='word_1_405' title='bbox 1503 4944 1686 4994; x_wconf 86' lang='lat' dir='ltr'><strong>vocavi</strong></span> <span class='ocrx_word' id='word_1_406' title='bbox 1732 4951 1782 4997; x_wconf 77' lang='lat' dir='ltr'><strong>te</strong></span> <span class='ocrx_word' id='word_1_407' title='bbox 1830 4944 1881 4998; x_wconf 92' lang='lat' dir='ltr'><strong>in</strong></span> <span class='ocrx_word' id='word_1_408' title='bbox 1907 4944 1999 5013; x_wconf 78' lang='lat' dir='ltr'><strong>ju-</strong></span> 
     </span>
    </p>
   </div>
   <div class='ocr_carea' id='block_1_55' title="bbox 424 5015 1997 5096">
    <p class='ocr_par' dir='ltr' id='par_1_55' title="bbox 424 5015 1997 5096">
     <span class='ocr_line' id='line_1_55' title="bbox 424 5015 1997 5096; baseline 0.015 -28"><span class='ocrx_word' id='word_1_409' title='bbox 424 5015 570 5068; x_wconf 89' lang='lat' dir='ltr'><strong>stitia</strong></span> <span class='ocrx_word' id='word_1_410' title='bbox 607 5033 620 5068; x_wconf 92' lang='lat'><strong>:</strong></span> <span class='ocrx_word' id='word_1_411' title='bbox 655 5027 707 5071; x_wconf 89' lang='lat' dir='ltr'><strong>et</strong></span> <span class='ocrx_word' id='word_1_412' title='bbox 741 5023 1139 5088; x_wconf 88' lang='lat' dir='ltr'><strong>apprehendam</strong></span> <span class='ocrx_word' id='word_1_413' title='bbox 1171 5042 1383 5080; x_wconf 86' lang='lat' dir='ltr'><strong>manum</strong></span> <span class='ocrx_word' id='word_1_414' title='bbox 1411 5039 1552 5084; x_wconf 89' lang='lat' dir='ltr'><strong>tuam</strong></span> <span class='ocrx_word' id='word_1_415' title='bbox 1583 5073 1598 5096; x_wconf 93' lang='lat'><strong>,</strong></span> <span class='ocrx_word' id='word_1_416' title='bbox 1639 5044 1693 5087; x_wconf 90' lang='lat' dir='ltr'><strong>et</strong></span> <span class='ocrx_word' id='word_1_417' title='bbox 1730 5038 1997 5091; x_wconf 80' lang='lat' dir='ltr'><strong>corrobo-</strong></span> 
     </span>
    </p>
   </div>
   <div class='ocr_carea' id='block_1_56' title="bbox 425 5110 1990 5193">
    <p class='ocr_par' dir='ltr' id='par_1_56' title="bbox 425 5110 1990 5193">
     <span class='ocr_line' id='line_1_56' title="bbox 425 5110 1990 5193; baseline 0.015 -32"><span class='ocrx_word' id='word_1_418' title='bbox 425 5110 559 5161; x_wconf 81' lang='lat' dir='ltr'><strong>rabo</strong></span> <span class='ocrx_word' id='word_1_419' title='bbox 582 5116 659 5174; x_wconf 85' lang='lat' dir='ltr'><strong>te,</strong></span> <span class='ocrx_word' id='word_1_420' title='bbox 687 5121 739 5164; x_wconf 88' lang='lat' dir='ltr'><strong>et</strong></span> <span class='ocrx_word' id='word_1_421' title='bbox 767 5112 886 5165; x_wconf 90' lang='lat' dir='ltr'><strong>dedi</strong></span> <span class='ocrx_word' id='word_1_422' title='bbox 922 5125 972 5168; x_wconf 90' lang='lat' dir='ltr'><strong>te</strong></span> <span class='ocrx_word' id='word_1_423' title='bbox 1014 5115 1066 5167; x_wconf 94' lang='lat' dir='ltr'><strong>in</strong></span> <span class='ocrx_word' id='word_1_424' title='bbox 1097 5125 1477 5176; x_wconf 89' lang='lat' dir='ltr'><strong>testamentum</strong></span> <span class='ocrx_word' id='word_1_425' title='bbox 1522 5127 1739 5193; x_wconf 80' lang='lat' dir='ltr'><strong>generis</strong></span> <span class='ocrx_word' id='word_1_426' title='bbox 1763 5169 1776 5192; x_wconf 94' lang='lat'><strong>,</strong></span> <span class='ocrx_word' id='word_1_427' title='bbox 1813 5129 1862 5182; x_wconf 90' lang='lat' dir='ltr'><strong>in</strong></span> <span class='ocrx_word' id='word_1_428' title='bbox 1908 5130 1990 5185; x_wconf 89' lang='lat' dir='ltr'><strong>lu-</strong></span> 
     </span>
    </p>
   </div>
   <div class='ocr_carea' id='block_1_57' title="bbox 421 5205 1994 5283">
    <p class='ocr_par' dir='ltr' id='par_1_57' title="bbox 421 5205 1994 5283">
     <span class='ocr_line' id='line_1_57' title="bbox 421 5205 1994 5283; baseline 0.015 -30"><span class='ocrx_word' id='word_1_429' title='bbox 421 5215 538 5254; x_wconf 87' lang='lat' dir='ltr'><strong>cem</strong></span> <span class='ocrx_word' id='word_1_430' title='bbox 567 5205 827 5272; x_wconf 89' lang='lat' dir='ltr'><strong>gentium,</strong></span> <span class='ocrx_word' id='word_1_431' title='bbox 858 5215 914 5259; x_wconf 90' lang='lat' dir='ltr'><strong>ut</strong></span> <span class='ocrx_word' id='word_1_432' title='bbox 953 5207 1194 5276; x_wconf 73' lang='lat' dir='ltr'><strong>aperires</strong></span> <span class='ocrx_word' id='word_1_433' title='bbox 1222 5213 1407 5266; x_wconf 89' lang='lat' dir='ltr'><strong>oculos</strong></span> <span class='ocrx_word' id='word_1_434' title='bbox 1443 5229 1708 5270; x_wconf 67' lang='lat' dir='ltr'><strong>caecorum</strong></span> <span class='ocrx_word' id='word_1_435' title='bbox 1730 5257 1744 5283; x_wconf 93' lang='lat'><strong>,</strong></span> <span class='ocrx_word' id='word_1_436' title='bbox 1778 5232 1832 5273; x_wconf 86' lang='lat' dir='ltr'><strong>et</strong></span> <span class='ocrx_word' id='word_1_437' title='bbox 1861 5221 1994 5275; x_wconf 88' lang='lat' dir='ltr'><strong>edu-</strong></span> 
     </span>
    </p>
   </div>
   <div class='ocr_carea' id='block_1_58' title="bbox 421 5297 1995 5367">
    <p class='ocr_par' dir='ltr' id='par_1_58' title="bbox 421 5297 1995 5367">
     <span class='ocr_line' id='line_1_58' title="bbox 421 5297 1995 5367; baseline 0.014 -22"><span class='ocrx_word' id='word_1_438' title='bbox 421 5307 574 5348; x_wconf 84' lang='lat' dir='ltr'><strong>ceres</strong></span> <span class='ocrx_word' id='word_1_439' title='bbox 619 5297 826 5351; x_wconf 80' lang='lat' dir='ltr'><strong>vinctos</strong></span> <span class='ocrx_word' id='word_1_440' title='bbox 867 5313 935 5354; x_wconf 77' lang='lat' dir='ltr'><strong>ex</strong></span> <span class='ocrx_word' id='word_1_441' title='bbox 980 5299 1212 5354; x_wconf 88' lang='lat' dir='ltr'><strong>vinculis</strong></span> <span class='ocrx_word' id='word_1_442' title='bbox 1246 5312 1300 5357; x_wconf 89' lang='lat' dir='ltr'><strong>et</strong></span> <span class='ocrx_word' id='word_1_443' title='bbox 1350 5320 1414 5359; x_wconf 81' lang='lat' dir='ltr'><strong>ex</strong></span> <span class='ocrx_word' id='word_1_444' title='bbox 1447 5306 1607 5360; x_wconf 89' lang='lat' dir='ltr'><strong>domo</strong></span> <span class='ocrx_word' id='word_1_445' title='bbox 1635 5309 1892 5365; x_wconf 68' lang='lat' dir='ltr'><strong>custodia:</strong></span> <span class='ocrx_word' id='word_1_446' title='bbox 1943 5321 1995 5367; x_wconf 83' lang='lat' dir='ltr'><strong>et</strong></span> 
     </span>
    </p>
   </div>
   <div class='ocr_carea' id='block_1_59' title="bbox 420 5386 1990 5472">
    <p class='ocr_par' dir='ltr' id='par_1_59' title="bbox 420 5386 1990 5472">
     <span class='ocr_line' id='line_1_59' title="bbox 420 5386 1990 5472; baseline 0.012 -35"><span class='ocrx_word' id='word_1_447' title='bbox 420 5386 668 5442; x_wconf 88' lang='lat' dir='ltr'><strong>sedentes</strong></span> <span class='ocrx_word' id='word_1_448' title='bbox 698 5389 748 5442; x_wconf 89' lang='lat' dir='ltr'><strong>in</strong></span> <span class='ocrx_word' id='word_1_449' title='bbox 778 5393 1037 5446; x_wconf 89' lang='lat' dir='ltr'><strong>tenebris.</strong></span> <span class='ocrx_word' id='word_1_450' title='bbox 1079 5412 1097 5446; x_wconf 79' lang='grc' dir='ltr'><strong>ι</strong></span> <span class='ocrx_word' id='word_1_451' title='bbox 1140 5392 1234 5448; x_wconf 92' lang='lat' dir='ltr'><strong>llis</strong></span> <span class='ocrx_word' id='word_1_452' title='bbox 1275 5397 1563 5466; x_wconf 82' lang='lat' dir='ltr'><strong>compellat</strong></span> <span class='ocrx_word' id='word_1_453' title='bbox 1613 5414 1735 5454; x_wconf 89' lang='lat' dir='ltr'><strong>eum</strong></span> <span class='ocrx_word' id='word_1_454' title='bbox 1760 5440 1778 5468; x_wconf 89' lang='lat'><strong>,</strong></span> <span class='ocrx_word' id='word_1_455' title='bbox 1832 5417 1990 5472; x_wconf 90' lang='lat' dir='ltr'><strong>quem</strong></span> 
     </span>
    </p>
   </div>
   <div class='ocr_carea' id='block_1_60' title="bbox 421 5480 1989 5558">
    <p class='ocr_par' dir='ltr' id='par_1_60' title="bbox 421 5480 1989 5558">
     <span class='ocr_line' id='line_1_60' title="bbox 421 5480 1989 5558; baseline 0.011 -29"><span class='ocrx_word' id='word_1_456' title='bbox 421 5480 669 5545; x_wconf 83' lang='lat' dir='ltr'><strong>superius</strong></span> <span class='ocrx_word' id='word_1_457' title='bbox 713 5497 937 5550; x_wconf 90' lang='lat' dir='ltr'><strong>puerum</strong></span> <span class='ocrx_word' id='word_1_458' title='bbox 965 5501 1119 5538; x_wconf 89' lang='lat' dir='ltr'><strong>suum</strong></span> <span class='ocrx_word' id='word_1_459' title='bbox 1155 5486 1322 5554; x_wconf 81' lang='lat' dir='ltr'><strong>dixit,</strong></span> <span class='ocrx_word' id='word_1_460' title='bbox 1349 5488 1434 5541; x_wconf 92' lang='lat' dir='ltr'><strong>cui</strong></span> <span class='ocrx_word' id='word_1_461' title='bbox 1463 5505 1519 5543; x_wconf 90' lang='lat' dir='ltr'><strong>se</strong></span> <span class='ocrx_word' id='word_1_462' title='bbox 1547 5491 1797 5558; x_wconf 88' lang='lat' dir='ltr'><strong>spiritum</strong></span> <span class='ocrx_word' id='word_1_463' title='bbox 1831 5507 1989 5547; x_wconf 83' lang='lat' dir='ltr'><strong>suum</strong></span> 
     </span>
    </p>
   </div>
   <div class='ocr_carea' id='block_1_61' title="bbox 419 5569 1984 5654">
    <p class='ocr_par' dir='ltr' id='par_1_61' title="bbox 419 5569 1984 5654">
     <span class='ocr_line' id='line_1_61' title="bbox 419 5569 1984 5654; baseline 0.01 -32"><span class='ocrx_word' id='word_1_464' title='bbox 419 5569 668 5626; x_wconf 87' lang='lat' dir='ltr'><strong>daturum</strong></span> <span class='ocrx_word' id='word_1_465' title='bbox 692 5587 814 5630; x_wconf 79' lang='lat' dir='ltr'><strong>esse</strong></span> <span class='ocrx_word' id='word_1_466' title='bbox 839 5576 1073 5631; x_wconf 86' lang='lat' dir='ltr'><strong>dicebat.</strong></span> <span class='ocrx_word' id='word_1_467' title='bbox 1127 5575 1310 5634; x_wconf 84' lang='lat' dir='ltr'><strong>Primo</strong></span> <span class='ocrx_word' id='word_1_468' title='bbox 1353 5592 1532 5635; x_wconf 82' lang='lat' dir='ltr'><strong>autem</strong></span> <span class='ocrx_word' id='word_1_469' title='bbox 1574 5584 1748 5651; x_wconf 81' lang='lat' dir='ltr'><strong>ipsum</strong></span> <span class='ocrx_word' id='word_1_470' title='bbox 1796 5586 1847 5638; x_wconf 91' lang='lat' dir='ltr'><strong>in</strong></span> <span class='ocrx_word' id='word_1_471' title='bbox 1893 5586 1984 5654; x_wconf 91' lang='lat' dir='ltr'><strong>ju-</strong></span> 
     </span>
    </p>
   </div>
   <div class='ocr_carea' id='block_1_62' title="bbox 419 5662 1986 5744">
    <p class='ocr_par' dir='ltr' id='par_1_62' title="bbox 419 5662 1986 5744">
     <span class='ocr_line' id='line_1_62' title="bbox 419 5662 1986 5744; baseline 0.012 -31"><span class='ocrx_word' id='word_1_472' title='bbox 419 5662 561 5714; x_wconf 86' lang='lat' dir='ltr'><strong>stitia</strong></span> <span class='ocrx_word' id='word_1_473' title='bbox 599 5673 752 5718; x_wconf 83' lang='lat' dir='ltr'><strong>vocat</strong></span> <span class='ocrx_word' id='word_1_474' title='bbox 817 5669 1152 5724; x_wconf 77' lang='lat' dir='ltr'><strong>vocationem</strong></span> <span class='ocrx_word' id='word_1_475' title='bbox 1181 5671 1299 5740; x_wconf 82' lang='lat' dir='ltr'><strong>ejus</strong></span> <span class='ocrx_word' id='word_1_476' title='bbox 1331 5686 1429 5739; x_wconf 86' lang='lat' dir='ltr'><strong>pro</strong></span> <span class='ocrx_word' id='word_1_477' title='bbox 1467 5675 1728 5743; x_wconf 76' lang='lat' dir='ltr'><strong>dignitate</strong></span> <span class='ocrx_word' id='word_1_478' title='bbox 1754 5678 1986 5744; x_wconf 80' lang='lat' dir='ltr'><strong>etjnsti-</strong></span> 
     </span>
    </p>
   </div>
   <div class='ocr_carea' id='block_1_63' title="bbox 418 5755 1986 5837">
    <p class='ocr_par' dir='ltr' id='par_1_63' title="bbox 418 5755 1986 5837">
     <span class='ocr_line' id='line_1_63' title="bbox 418 5755 1986 5837; baseline 0.011 -29"><span class='ocrx_word' id='word_1_479' title='bbox 418 5755 487 5808; x_wconf 86' lang='lat' dir='ltr'><strong>tia</strong></span> <span class='ocrx_word' id='word_1_480' title='bbox 517 5771 781 5825; x_wconf 79' lang='lat' dir='ltr'><strong>peragens</strong></span> <span class='ocrx_word' id='word_1_481' title='bbox 814 5773 827 5811; x_wconf 92' lang='lat'>:</span> <span class='ocrx_word' id='word_1_482' title='bbox 863 5759 1054 5816; x_wconf 85' lang='lat' dir='ltr'><strong>deinde</strong></span> <span class='ocrx_word' id='word_1_483' title='bbox 1103 5775 1229 5819; x_wconf 79' lang='lat' dir='ltr'><strong>vero</strong></span> <span class='ocrx_word' id='word_1_484' title='bbox 1273 5779 1331 5820; x_wconf 89' lang='lat' dir='ltr'><strong>se</strong></span> <span class='ocrx_word' id='word_1_485' title='bbox 1371 5781 1590 5820; x_wconf 89' lang='lat' dir='ltr'><strong>manum</strong></span> <span class='ocrx_word' id='word_1_486' title='bbox 1634 5769 1754 5835; x_wconf 84' lang='lat' dir='ltr'><strong>cjus</strong></span> <span class='ocrx_word' id='word_1_487' title='bbox 1789 5785 1986 5837; x_wconf 79' lang='lat' dir='ltr'><strong>apprc-</strong></span> 
     </span>
    </p>
   </div>
   <div class='ocr_carea' id='block_1_64' title="bbox 2151 673 3732 752">
    <p class='ocr_par' dir='ltr' id='par_1_64' title="bbox 2151 673 3732 752">
     <span class='ocr_line' id='line_1_64' title="bbox 2151 673 3732 752; baseline 0.011 -26"><span class='ocrx_word' id='word_1_488' title='bbox 2151 673 2376 746; x_wconf 82' lang='grc' dir='ltr'>άληθείᾳ</span> <span class='ocrx_word' id='word_1_489' title='bbox 2414 676 2470 730; x_wconf 83' lang='grc' dir='ltr'>δὲ</span> <span class='ocrx_word' id='word_1_490' title='bbox 2517 679 2610 730; x_wconf 77' lang='grc' dir='ltr'><strong>καὶ</strong></span> <span class='ocrx_word' id='word_1_491' title='bbox 2664 681 2946 752; x_wconf 77' lang='grc' dir='ltr'>παρρησίᾳ</span> <span class='ocrx_word' id='word_1_492' title='bbox 2996 685 3108 746; x_wconf 75' lang='grc' dir='ltr'>τοῖς</span> <span class='ocrx_word' id='word_1_493' title='bbox 3141 685 3273 737; x_wconf 84' lang='grc' dir='ltr'>πᾶσι</span> <span class='ocrx_word' id='word_1_494' title='bbox 3315 684 3637 742; x_wconf 77' lang='grc' dir='ltr'><strong>διαστέλλων</strong></span> <span class='ocrx_word' id='word_1_495' title='bbox 3659 689 3732 745; x_wconf 83' lang='grc' dir='ltr'>τὰ</span> 
     </span>
    </p>
   </div>
   <div class='ocr_carea' id='block_1_65' title="bbox 2151 767 3732 849">
    <p class='ocr_par' dir='ltr' id='par_1_65' title="bbox 2151 767 3732 849">
     <span class='ocr_line' id='line_1_65' title="bbox 2151 767 3732 849; baseline 0.009 -30"><span class='ocrx_word' id='word_1_496' title='bbox 2151 767 2396 838; x_wconf 74' lang='grc' dir='ltr'>περὶτῆς</span> <span class='ocrx_word' id='word_1_497' title='bbox 2416 767 2510 821; x_wconf 89' lang='grc' dir='ltr'><strong>τοῦ</strong></span> <span class='ocrx_word' id='word_1_498' title='bbox 2539 768 2674 823; x_wconf 85' lang='grc' dir='ltr'><strong>Θεοῦ</strong></span> <span class='ocrx_word' id='word_1_499' title='bbox 2706 772 2958 842; x_wconf 86' lang='grc' dir='ltr'>κρίσεως,</span> <span class='ocrx_word' id='word_1_500' title='bbox 2977 775 3071 826; x_wconf 72' lang='grc' dir='ltr'>καὶ</span> <span class='ocrx_word' id='word_1_501' title='bbox 3084 775 3147 827; x_wconf 89' lang='grc' dir='ltr'><strong>οὑ</strong></span> <span class='ocrx_word' id='word_1_502' title='bbox 3177 777 3436 849; x_wconf 84' lang='grc' dir='ltr'>πρότερόν</span> <span class='ocrx_word' id='word_1_503' title='bbox 3468 796 3531 848; x_wconf 90' lang='grc' dir='ltr'><strong>γε</strong></span> <span class='ocrx_word' id='word_1_504' title='bbox 3558 780 3732 836; x_wconf 75' lang='grc' dir='ltr'>ἐπαὺσ</span> 
     </span>
    </p>
   </div>
   <div class='ocr_carea' id='block_1_66' title="bbox 2151 859 3732 945">
    <p class='ocr_par' dir='ltr' id='par_1_66' title="bbox 2151 859 3732 945">
     <span class='ocr_line' id='line_1_66' title="bbox 2151 859 3732 945; baseline 0.011 -34"><span class='ocrx_word' id='word_1_505' title='bbox 2151 875 2302 925; x_wconf 81' lang='grc' dir='ltr'>σατο,</span> <span class='ocrx_word' id='word_1_506' title='bbox 2340 859 2372 932; x_wconf 84' lang='grc' dir='ltr'>ἦ</span> <span class='ocrx_word' id='word_1_507' title='bbox 2409 861 2584 930; x_wconf 85' lang='grc' dir='ltr'>φωτὸς</span> <span class='ocrx_word' id='word_1_508' title='bbox 2613 862 2769 934; x_wconf 83' lang='grc' dir='ltr'>δίκην</span> <span class='ocrx_word' id='word_1_509' title='bbox 2809 864 3082 936; x_wconf 72' lang='grc' dir='ltr'><strong>ἐκλάμψαι</strong></span> <span class='ocrx_word' id='word_1_510' title='bbox 3115 867 3203 920; x_wconf 82' lang='grc' dir='ltr'>διὰ</span> <span class='ocrx_word' id='word_1_511' title='bbox 3254 869 3353 940; x_wconf 82' lang='grc' dir='ltr'>τῆς</span> <span class='ocrx_word' id='word_1_512' title='bbox 3399 873 3463 924; x_wconf 87' lang='grc' dir='ltr'><strong>ἐκ</strong></span> <span class='ocrx_word' id='word_1_513' title='bbox 3516 874 3732 945; x_wconf 83' lang='grc' dir='ltr'>νεκρῶν</span> 
     </span>
    </p>
   </div>
   <div class='ocr_carea' id='block_1_67' title="bbox 2147 949 3726 1031">
    <p class='ocr_par' dir='ltr' id='par_1_67' title="bbox 2147 949 3726 1031">
     <span class='ocr_line' id='line_1_67' title="bbox 2147 949 3726 1031; baseline 0.011 -30"><span class='ocrx_word' id='word_1_514' title='bbox 2147 949 2518 1018; x_wconf 80' lang='grc' dir='ltr'><strong>ἀναστάσεως,</strong></span> <span class='ocrx_word' id='word_1_515' title='bbox 2555 955 2621 1025; x_wconf 82' lang='grc' dir='ltr'>ἢν</span> <span class='ocrx_word' id='word_1_516' title='bbox 2649 957 2677 1009; x_wconf 99' lang='lat'><strong>6</strong></span> <span class='ocrx_word' id='word_1_517' title='bbox 2722 957 3056 1026; x_wconf 75' lang='grc' dir='ltr'>προφητικὸς</span> <span class='ocrx_word' id='word_1_518' title='bbox 3088 957 3242 1027; x_wconf 86' lang='grc' dir='ltr'>λόγος</span> <span class='ocrx_word' id='word_1_519' title='bbox 3272 960 3490 1031; x_wconf 72' lang='grc' dir='ltr'>ᾐνίξατο</span> <span class='ocrx_word' id='word_1_520' title='bbox 3531 964 3726 1029; x_wconf 76' lang='grc' dir='ltr'>εἰπὼν,</span> 
     </span>
    </p>
   </div>
   <div class='ocr_carea' id='block_1_68' title="bbox 2153 1043 3729 1126">
    <p class='ocr_par' dir='ltr' id='par_1_68' title="bbox 2153 1043 3729 1126">
     <span class='ocr_line' id='line_1_68' title="bbox 2153 1043 3729 1126; baseline 0.01 -32"><span class='ocrx_word' id='word_1_521' title='bbox 2153 1059 2172 1092; x_wconf 76' lang='grc' dir='ltr'><strong>ι</strong></span> <span class='ocrx_word' id='word_1_522' title='bbox 2212 1043 2542 1116; x_wconf 78' lang='grc' dir='ltr'>Ἀναλάμψει</span> <span class='ocrx_word' id='word_1_523' title='bbox 2577 1047 2670 1098; x_wconf 72' lang='grc' dir='ltr'><strong>καὶ</strong></span> <span class='ocrx_word' id='word_1_524' title='bbox 2701 1048 2762 1100; x_wconf 79' lang='grc' dir='ltr'><strong>οὐ</strong></span> <span class='ocrx_word' id='word_1_525' title='bbox 2806 1046 3224 1120; x_wconf 82' lang='grc' dir='ltr'>θραυσθήσεται.</span> <span class='ocrx_word' id='word_1_526' title='bbox 3265 1071 3284 1104; x_wconf 75' lang='grc' dir='ltr'><strong>ι</strong></span> <span class='ocrx_word' id='word_1_527' title='bbox 3345 1053 3585 1124; x_wconf 87' lang='grc' dir='ltr'>Θραῦσαι</span> <span class='ocrx_word' id='word_1_528' title='bbox 3624 1057 3729 1126; x_wconf 83' lang='grc' dir='ltr'><strong>μὲν</strong></span> 
     </span>
    </p>
   </div>
   <div class='ocr_carea' id='block_1_69' title="bbox 2145 1132 3725 1212">
    <p class='ocr_par' dir='ltr' id='par_1_69' title="bbox 2145 1132 3725 1212">
     <span class='ocr_line' id='line_1_69' title="bbox 2145 1132 3725 1212; baseline 0.01 -27"><span class='ocrx_word' id='word_1_529' title='bbox 2145 1132 2254 1204; x_wconf 81' lang='grc' dir='ltr'>γὰρ</span> <span class='ocrx_word' id='word_1_530' title='bbox 2286 1134 2465 1200; x_wconf 87' lang='grc' dir='ltr'>αὑτὸν,</span> <span class='ocrx_word' id='word_1_531' title='bbox 2495 1136 2589 1188; x_wconf 69' lang='grc' dir='ltr'><strong>καὶ</strong></span> <span class='ocrx_word' id='word_1_532' title='bbox 2615 1137 2916 1192; x_wconf 76' lang='grc' dir='ltr'>ἀποσϐέσαι</span> <span class='ocrx_word' id='word_1_533' title='bbox 2962 1140 3318 1212; x_wconf 70' lang='grc' dir='ltr'>πεπείρανται</span> <span class='ocrx_word' id='word_1_534' title='bbox 3348 1145 3395 1196; x_wconf 87' lang='grc' dir='ltr'><strong>οί</strong></span> <span class='ocrx_word' id='word_1_535' title='bbox 3428 1145 3522 1198; x_wconf 84' lang='grc' dir='ltr'><strong>τὸν</strong></span> <span class='ocrx_word' id='word_1_536' title='bbox 3563 1145 3725 1202; x_wconf 87' lang='grc' dir='ltr'>θάνα-</span> 
     </span>
    </p>
   </div>
   <div class='ocr_carea' id='block_1_70' title="bbox 2141 1225 3728 1309">
    <p class='ocr_par' dir='ltr' id='par_1_70' title="bbox 2141 1225 3728 1309">
     <span class='ocr_line' id='line_1_70' title="bbox 2141 1225 3728 1309; baseline 0.008 -31"><span class='ocrx_word' id='word_1_537' title='bbox 2141 1242 2233 1279; x_wconf 89' lang='grc' dir='ltr'><strong>τον</strong></span> <span class='ocrx_word' id='word_1_538' title='bbox 2267 1225 2416 1298; x_wconf 86' lang='grc' dir='ltr'>αὑτῷ</span> <span class='ocrx_word' id='word_1_539' title='bbox 2446 1229 2954 1295; x_wconf 80' lang='grc' dir='ltr'>κατασκευάσαντες</span> <span class='ocrx_word' id='word_1_540' title='bbox 2976 1247 2991 1261; x_wconf 77' lang='grc' dir='ltr'><strong>ο</strong></span> <span class='ocrx_word' id='word_1_541' title='bbox 3021 1232 3144 1286; x_wconf 79' lang='grc' dir='ltr'>ἐπεὶ</span> <span class='ocrx_word' id='word_1_542' title='bbox 3169 1235 3262 1288; x_wconf 80' lang='grc' dir='ltr'>καὶ</span> <span class='ocrx_word' id='word_1_543' title='bbox 3289 1237 3395 1289; x_wconf 79' lang='grc' dir='ltr'><strong>πᾶν</strong></span> <span class='ocrx_word' id='word_1_544' title='bbox 3421 1236 3482 1289; x_wconf 90' lang='grc' dir='ltr'><strong>τὸ</strong></span> <span class='ocrx_word' id='word_1_545' title='bbox 3530 1237 3728 1309; x_wconf 87' lang='grc' dir='ltr'>θνητὸν</span> 
     </span>
    </p>
   </div>
   <div class='ocr_carea' id='block_1_71' title="bbox 2141 1316 3729 1393">
    <p class='ocr_par' dir='ltr' id='par_1_71' title="bbox 2141 1316 3729 1393">
     <span class='ocr_line' id='line_1_71' title="bbox 2141 1316 3729 1393; baseline 0.009 -23"><span class='ocrx_word' id='word_1_546' title='bbox 2141 1316 2297 1384; x_wconf 85' lang='grc' dir='ltr'>γένος</span> <span class='ocrx_word' id='word_1_547' title='bbox 2349 1317 2562 1388; x_wconf 82' lang='grc' dir='ltr'>θανάτῳ</span> <span class='ocrx_word' id='word_1_548' title='bbox 2622 1319 2954 1391; x_wconf 83' lang='grc' dir='ltr'>θραύσεσθαι</span> <span class='ocrx_word' id='word_1_549' title='bbox 3010 1323 3274 1393; x_wconf 82' lang='grc' dir='ltr'>πέφυκεν.</span> <span class='ocrx_word' id='word_1_550' title='bbox 3325 1327 3462 1381; x_wconf 79' lang='grc' dir='ltr'>Ἀλλ’</span> <span class='ocrx_word' id='word_1_551' title='bbox 3512 1327 3574 1382; x_wconf 84' lang='grc' dir='ltr'>οὒ</span> <span class='ocrx_word' id='word_1_552' title='bbox 3628 1329 3729 1384; x_wconf 74' lang='grc' dir='ltr'><strong>καὶ</strong></span> 
     </span>
    </p>
   </div>
   <div class='ocr_carea' id='block_1_72' title="bbox 2141 1408 3729 1485">
    <p class='ocr_par' dir='ltr' id='par_1_72' title="bbox 2141 1408 3729 1485">
     <span class='ocr_line' id='line_1_72' title="bbox 2141 1408 3729 1485; baseline 0.008 -25"><span class='ocrx_word' id='word_1_553' title='bbox 2141 1408 2301 1460; x_wconf 87' lang='grc' dir='ltr'>αὑτὸν</span> <span class='ocrx_word' id='word_1_554' title='bbox 2349 1408 2640 1481; x_wconf 77' lang='grc' dir='ltr'>ἔθραυσεν·</span> <span class='ocrx_word' id='word_1_555' title='bbox 2681 1411 2839 1482; x_wconf 85' lang='grc' dir='ltr'><strong>μόνος</strong></span> <span class='ocrx_word' id='word_1_556' title='bbox 2876 1412 2932 1465; x_wconf 87' lang='grc' dir='ltr'>δὲ</span> <span class='ocrx_word' id='word_1_557' title='bbox 2973 1412 3081 1467; x_wconf 89' lang='grc' dir='ltr'><strong>τῶν</strong></span> <span class='ocrx_word' id='word_1_558' title='bbox 3109 1415 3168 1480; x_wconf 82' lang='grc' dir='ltr'><strong>ἐξ</strong></span> <span class='ocrx_word' id='word_1_559' title='bbox 3218 1416 3414 1482; x_wconf 84' lang='grc' dir='ltr'>αἰῶνος</span> <span class='ocrx_word' id='word_1_560' title='bbox 3442 1412 3523 1482; x_wconf 76' lang='grc' dir='ltr'><strong>εἷς</strong></span> <span class='ocrx_word' id='word_1_561' title='bbox 3565 1413 3729 1485; x_wconf 70' lang='grc' dir='ltr'>οὗτος</span> 
     </span>
    </p>
   </div>
   <div class='ocr_carea' id='block_1_73' title="bbox 2141 1497 3728 1582">
    <p class='ocr_par' dir='ltr' id='par_1_73' title="bbox 2141 1497 3728 1582">
     <span class='ocr_line' id='line_1_73' title="bbox 2141 1497 3728 1582; baseline 0.009 -31"><span class='ocrx_word' id='word_1_562' title='bbox 2141 1497 2368 1554; x_wconf 83' lang='grc' dir='ltr'>Θανάτου</span> <span class='ocrx_word' id='word_1_563' title='bbox 2392 1502 2651 1576; x_wconf 77' lang='grc' dir='ltr'>κρείττων</span> <span class='ocrx_word' id='word_1_564' title='bbox 2681 1503 3032 1572; x_wconf 68' lang='grc' dir='ltr'>ἀποφανθεὶς,</span> <span class='ocrx_word' id='word_1_565' title='bbox 3065 1507 3292 1572; x_wconf 81' lang='grc' dir='ltr'>εἰκότως</span> <span class='ocrx_word' id='word_1_566' title='bbox 3319 1509 3424 1563; x_wconf 83' lang='grc' dir='ltr'><strong>ὑπὸ</strong></span> <span class='ocrx_word' id='word_1_567' title='bbox 3443 1507 3544 1580; x_wconf 79' lang='grc' dir='ltr'>τῆς</span> <span class='ocrx_word' id='word_1_568' title='bbox 3581 1526 3728 1582; x_wconf 80' lang='grc' dir='ltr'>προ-</span> 
     </span>
    </p>
   </div>
   <div class='ocr_carea' id='block_1_74' title="bbox 2141 1591 3142 1669">
    <p class='ocr_par' dir='ltr' id='par_1_74' title="bbox 2141 1591 3142 1669">
     <span class='ocr_line' id='line_1_74' title="bbox 2141 1591 3142 1669; baseline 0.009 -27"><span class='ocrx_word' id='word_1_569' title='bbox 2141 1591 2365 1661; x_wconf 84' lang='grc' dir='ltr'>φητείας</span> <span class='ocrx_word' id='word_1_570' title='bbox 2405 1593 2827 1667; x_wconf 81' lang='grc' dir='ltr'>μεμαρτύρηται</span> <span class='ocrx_word' id='word_1_571' title='bbox 2856 1597 3108 1669; x_wconf 80' lang='grc' dir='ltr'>φησάσης</span> <span class='ocrx_word' id='word_1_572' title='bbox 3129 1615 3142 1628; x_wconf 94' lang='grc'><strong>·</strong></span> 
     </span>
    </p>
   </div>
   <div class='ocr_carea' id='block_1_75' title="bbox 2215 1767 3727 1852">
    <p class='ocr_par' dir='ltr' id='par_1_75' title="bbox 2215 1767 3727 1852">
     <span class='ocr_line' id='line_1_75' title="bbox 2215 1767 3727 1852; baseline 0.011 -33"><span class='ocrx_word' id='word_1_573' title='bbox 2215 1786 2232 1818; x_wconf 78' lang='grc' dir='ltr'><strong>ι</strong></span> <span class='ocrx_word' id='word_1_574' title='bbox 2291 1767 2616 1840; x_wconf 70' lang='grc' dir='ltr'>Ἀναλάμψει</span> <span class='ocrx_word' id='word_1_575' title='bbox 2639 1771 2730 1824; x_wconf 77' lang='grc' dir='ltr'><strong>καὶ</strong></span> <span class='ocrx_word' id='word_1_576' title='bbox 2767 1772 2827 1825; x_wconf 87' lang='grc' dir='ltr'><strong>οὑ</strong></span> <span class='ocrx_word' id='word_1_577' title='bbox 2853 1771 3269 1846; x_wconf 88' lang='grc' dir='ltr'>θραυσθήσεται,</span> <span class='ocrx_word' id='word_1_578' title='bbox 3292 1775 3397 1841; x_wconf 83' lang='grc' dir='ltr'><strong>ἐως</strong></span> <span class='ocrx_word' id='word_1_579' title='bbox 3423 1777 3490 1832; x_wconf 79' lang='grc' dir='ltr'><strong>ἂν</strong></span> <span class='ocrx_word' id='word_1_580' title='bbox 3528 1778 3592 1852; x_wconf 82' lang='grc' dir='ltr'>θῇ</span> <span class='ocrx_word' id='word_1_581' title='bbox 3625 1781 3727 1836; x_wconf 53' lang='grc' dir='ltr'>ἐπὶ</span> 
     </span>
    </p>
   </div>
   <div class='ocr_carea' id='block_1_76' title="bbox 2136 1858 3725 1942">
    <p class='ocr_par' dir='ltr' id='par_1_76' title="bbox 2136 1858 3725 1942">
     <span class='ocr_line' id='line_1_76' title="bbox 2136 1858 3725 1942; baseline 0.011 -32"><span class='ocrx_word' id='word_1_582' title='bbox 2136 1858 2234 1929; x_wconf 79' lang='grc' dir='ltr'><strong>τῆς</strong></span> <span class='ocrx_word' id='word_1_583' title='bbox 2271 1859 2376 1932; x_wconf 84' lang='grc' dir='ltr'>γῆς</span> <span class='ocrx_word' id='word_1_584' title='bbox 2416 1861 2618 1934; x_wconf 79' lang='grc' dir='ltr'>κρίσιν,</span> <span class='ocrx_word' id='word_1_585' title='bbox 2657 1865 2749 1917; x_wconf 69' lang='grc' dir='ltr'><strong>καὶ</strong></span> <span class='ocrx_word' id='word_1_586' title='bbox 2777 1865 2870 1918; x_wconf 73' lang='grc' dir='ltr'>ἐπὶ</span> <span class='ocrx_word' id='word_1_587' title='bbox 2892 1865 2970 1936; x_wconf 83' lang='grc' dir='ltr'><strong>τῷ</strong></span> <span class='ocrx_word' id='word_1_588' title='bbox 3003 1868 3225 1938; x_wconf 83' lang='grc' dir='ltr'>ὀνόματι</span> <span class='ocrx_word' id='word_1_589' title='bbox 3271 1870 3432 1923; x_wconf 87' lang='grc' dir='ltr'>αὑτοῦ</span> <span class='ocrx_word' id='word_1_590' title='bbox 3462 1871 3588 1942; x_wconf 75' lang='grc' dir='ltr'>ἔθνη</span> <span class='ocrx_word' id='word_1_591' title='bbox 3629 1874 3725 1928; x_wconf 81' lang='grc' dir='ltr'>ἐλ-</span> 
     </span>
    </p>
   </div>
   <div class='ocr_carea' id='block_1_77' title="bbox 2136 1951 3718 2032">
    <p class='ocr_par' dir='ltr' id='par_1_77' title="bbox 2136 1951 3718 2032">
     <span class='ocr_line' id='line_1_77' title="bbox 2136 1951 3718 2032; baseline 0.009 -30"><span class='ocrx_word' id='word_1_592' title='bbox 2136 1951 2336 2005; x_wconf 88' lang='grc' dir='ltr'>πιοῦσι.</span> <span class='ocrx_word' id='word_1_593' title='bbox 2370 1972 2388 2003; x_wconf 82' lang='grc'>›</span> <span class='ocrx_word' id='word_1_594' title='bbox 2419 1955 2508 2007; x_wconf 85' lang='grc' dir='ltr'>Διὸ</span> <span class='ocrx_word' id='word_1_595' title='bbox 2536 1955 2629 2008; x_wconf 59' lang='grc' dir='ltr'><strong>καλ¹</strong></span> <span class='ocrx_word' id='word_1_596' title='bbox 2681 1956 2818 2025; x_wconf 84' lang='grc' dir='ltr'>μετὰ</span> <span class='ocrx_word' id='word_1_597' title='bbox 2868 1957 2967 2030; x_wconf 77' lang='grc' dir='ltr'>τὴν</span> <span class='ocrx_word' id='word_1_598' title='bbox 3017 1960 3081 2012; x_wconf 86' lang='grc' dir='ltr'><strong>ἐκ</strong></span> <span class='ocrx_word' id='word_1_599' title='bbox 3129 1961 3335 2032; x_wconf 85' lang='grc' dir='ltr'>νεκρῶν</span> <span class='ocrx_word' id='word_1_600' title='bbox 3399 1963 3718 2027; x_wconf 84' lang='grc' dir='ltr'>ἀνάστασιν,</span> 
     </span>
    </p>
   </div>
   <div class='ocr_carea' id='block_1_78' title="bbox 2125 2042 3720 2125">
    <p class='ocr_par' dir='ltr' id='par_1_78' title="bbox 2125 2042 3720 2125">
     <span class='ocr_line' id='line_1_78' title="bbox 2125 2042 3720 2125; baseline 0.009 -32"><span class='ocrx_word' id='word_1_601' title='bbox 2125 2042 2309 2110; x_wconf 81' lang='grc' dir='ltr'>φωτὸς</span> <span class='ocrx_word' id='word_1_602' title='bbox 2337 2042 2492 2114; x_wconf 85' lang='grc' dir='ltr'>δίκην</span> <span class='ocrx_word' id='word_1_603' title='bbox 2512 2047 2592 2106; x_wconf 84' lang='grc' dir='ltr'><strong>είς</strong></span> <span class='ocrx_word' id='word_1_604' title='bbox 2627 2045 2803 2100; x_wconf 88' lang='grc' dir='ltr'>πάντα</span> <span class='ocrx_word' id='word_1_605' title='bbox 2828 2046 2918 2101; x_wconf 85' lang='grc' dir='ltr'><strong>τὸν</strong></span> <span class='ocrx_word' id='word_1_606' title='bbox 2937 2048 3139 2119; x_wconf 79' lang='grc' dir='ltr'>κόσμον</span> <span class='ocrx_word' id='word_1_607' title='bbox 3167 2049 3468 2121; x_wconf 72' lang='grc' dir='ltr'>ἐκλάμψας,</span> <span class='ocrx_word' id='word_1_608' title='bbox 3495 2054 3556 2106; x_wconf 88' lang='grc' dir='ltr'><strong>οὑ</strong></span> <span class='ocrx_word' id='word_1_609' title='bbox 3575 2055 3720 2125; x_wconf 62' lang='grc' dir='ltr'>πιή-</span> 
     </span>
    </p>
   </div>
   <div class='ocr_carea' id='block_1_79' title="bbox 2131 2134 3720 2213">
    <p class='ocr_par' dir='ltr' id='par_1_79' title="bbox 2131 2134 3720 2213">
     <span class='ocr_line' id='line_1_79' title="bbox 2131 2134 3720 2213; baseline 0.009 -31"><span class='ocrx_word' id='word_1_610' title='bbox 2131 2147 2287 2202; x_wconf 84' lang='grc' dir='ltr'>τερον</span> <span class='ocrx_word' id='word_1_611' title='bbox 2353 2134 2647 2195; x_wconf 85' lang='grc' dir='ltr'>ἐπαύσατο,</span> <span class='ocrx_word' id='word_1_612' title='bbox 2701 2134 2734 2206; x_wconf 82' lang='grc' dir='ltr'>ἢ</span> <span class='ocrx_word' id='word_1_613' title='bbox 2776 2135 3128 2202; x_wconf 79' lang='grc' dir='ltr'>διατάξασθαι</span> <span class='ocrx_word' id='word_1_614' title='bbox 3182 2139 3274 2192; x_wconf 58' lang='grc' dir='ltr'><strong>ἐπὶ⁸</strong></span> <span class='ocrx_word' id='word_1_615' title='bbox 3307 2141 3406 2213; x_wconf 83' lang='grc' dir='ltr'><strong>τῆς</strong></span> <span class='ocrx_word' id='word_1_616' title='bbox 3448 2142 3550 2212; x_wconf 78' lang='grc' dir='ltr'>γῆς</span> <span class='ocrx_word' id='word_1_617' title='bbox 3610 2144 3720 2213; x_wconf 76' lang='grc' dir='ltr'>τὴν</span> 
     </span>
    </p>
   </div>
   <div class='ocr_carea' id='block_1_80' title="bbox 2131 2215 3718 2307">
    <p class='ocr_par' dir='ltr' id='par_1_80' title="bbox 2131 2215 3718 2307">
     <span class='ocr_line' id='line_1_80' title="bbox 2131 2215 3718 2307; baseline 0.009 -33"><span class='ocrx_word' id='word_1_618' title='bbox 2131 2223 2259 2293; x_wconf 74' lang='grc' dir='ltr'>περὶ</span> <span class='ocrx_word' id='word_1_619' title='bbox 2287 2223 2386 2292; x_wconf 83' lang='grc' dir='ltr'><strong>τῆς</strong></span> <span class='ocrx_word' id='word_1_620' title='bbox 2402 2224 2598 2294; x_wconf 85' lang='grc' dir='ltr'>Ἐκκλη</span> <span class='ocrx_word' id='word_1_621' title='bbox 2609 2225 2728 2288; x_wconf 87' lang='grc' dir='ltr'>σίας</span> <span class='ocrx_word' id='word_1_622' title='bbox 2760 2227 2923 2280; x_wconf 88' lang='grc' dir='ltr'>αὑτοῦ</span> <span class='ocrx_word' id='word_1_623' title='bbox 2945 2228 3206 2301; x_wconf 79' lang='grc' dir='ltr'>διοίκησίν</span> <span class='ocrx_word' id='word_1_624' title='bbox 3225 2247 3283 2283; x_wconf 87' lang='grc' dir='ltr'><strong>τε</strong></span> <span class='ocrx_word' id='word_1_625' title='bbox 3305 2235 3397 2286; x_wconf 80' lang='grc' dir='ltr'><strong>καὶ</strong></span> <span class='ocrx_word' id='word_1_626' title='bbox 3423 2215 3718 2307; x_wconf 50' lang='grc' dir='ltr'>κρίσινίῆν</span> 
     </span>
    </p>
   </div>
   <div class='ocr_carea' id='block_1_81' title="bbox 2129 2313 3093 2390">
    <p class='ocr_par' dir='ltr' id='par_1_81' title="bbox 2129 2313 3093 2390">
     <span class='ocr_line' id='line_1_81' title="bbox 2129 2313 3093 2390; baseline 0.007 -24"><span class='ocrx_word' id='word_1_627' title='bbox 2129 2317 2241 2376; x_wconf 84' lang='grc' dir='ltr'>τοῖς</span> <span class='ocrx_word' id='word_1_628' title='bbox 2271 2313 2434 2368; x_wconf 82' lang='grc' dir='ltr'>αὐτοῦ</span> <span class='ocrx_word' id='word_1_629' title='bbox 2473 2316 2757 2388; x_wconf 84' lang='grc' dir='ltr'>παρέδωκε</span> <span class='ocrx_word' id='word_1_630' title='bbox 2805 2319 3093 2390; x_wconf 79' lang='grc' dir='ltr'>μαθηταῖς.</span> 
     </span>
    </p>
   </div>
   <div class='ocr_carea' id='block_1_82' title="bbox 2205 2403 3718 2490">
    <p class='ocr_par' dir='ltr' id='par_1_82' title="bbox 2205 2403 3718 2490">
     <span class='ocr_line' id='line_1_82' title="bbox 2205 2403 3718 2490; baseline 0.011 -34"><span class='ocrx_word' id='word_1_631' title='bbox 2205 2421 2223 2454; x_wconf 79' lang='grc' dir='ltr'><strong>ι</strong></span> <span class='ocrx_word' id='word_1_632' title='bbox 2262 2403 2419 2458; x_wconf 81' lang='grc' dir='ltr'>Οῦτω</span> <span class='ocrx_word' id='word_1_633' title='bbox 2467 2405 2614 2474; x_wconf 80' lang='grc' dir='ltr'>λέγει</span> <span class='ocrx_word' id='word_1_634' title='bbox 2642 2406 2843 2480; x_wconf 83' lang='grc' dir='ltr'>Κύριος</span> <span class='ocrx_word' id='word_1_635' title='bbox 2871 2411 2900 2463; x_wconf 83' lang='grc'>6</span> <span class='ocrx_word' id='word_1_636' title='bbox 2933 2410 3067 2475; x_wconf 88' lang='grc' dir='ltr'>Θεὸς</span> <span class='ocrx_word' id='word_1_637' title='bbox 3090 2413 3119 2465; x_wconf 93' lang='lat'><strong>6</strong></span> <span class='ocrx_word' id='word_1_638' title='bbox 3157 2415 3389 2485; x_wconf 77' lang='grc' dir='ltr'>ποιήσας</span> <span class='ocrx_word' id='word_1_639' title='bbox 3421 2415 3512 2470; x_wconf 87' lang='grc' dir='ltr'><strong>τὸν</strong></span> <span class='ocrx_word' id='word_1_640' title='bbox 3543 2419 3718 2490; x_wconf 75' lang='grc' dir='ltr'>οὐρα-</span> 
     </span>
    </p>
   </div>
   <div class='ocr_carea' id='block_1_83' title="bbox 2127 2494 3716 2578">
    <p class='ocr_par' dir='ltr' id='par_1_83' title="bbox 2127 2494 3716 2578">
     <span class='ocr_line' id='line_1_83' title="bbox 2127 2494 3716 2578; baseline 0.011 -31"><span class='ocrx_word' id='word_1_641' title='bbox 2127 2494 2236 2560; x_wconf 89' lang='grc' dir='ltr'>νὸν,</span> <span class='ocrx_word' id='word_1_642' title='bbox 2272 2497 2367 2549; x_wconf 77' lang='grc' dir='ltr'>καὶ</span> <span class='ocrx_word' id='word_1_643' title='bbox 2398 2496 2573 2568; x_wconf 83' lang='grc' dir='ltr'>πήξας</span> <span class='ocrx_word' id='word_1_644' title='bbox 2615 2498 2796 2566; x_wconf 83' lang='grc' dir='ltr'>αὑτὸν,</span> <span class='ocrx_word' id='word_1_645' title='bbox 2828 2502 2862 2553; x_wconf 83' lang='grc' dir='ltr'><strong>ὁ</strong></span> <span class='ocrx_word' id='word_1_646' title='bbox 2885 2501 3192 2573; x_wconf 85' lang='grc' dir='ltr'>στερεώσας</span> <span class='ocrx_word' id='word_1_647' title='bbox 3224 2507 3321 2576; x_wconf 87' lang='grc' dir='ltr'><strong>τὴν</strong></span> <span class='ocrx_word' id='word_1_648' title='bbox 3356 2509 3478 2578; x_wconf 81' lang='grc' dir='ltr'>γῆν,</span> <span class='ocrx_word' id='word_1_649' title='bbox 3503 2511 3598 2562; x_wconf 70' lang='grc' dir='ltr'><strong>καὶ</strong></span> <span class='ocrx_word' id='word_1_650' title='bbox 3639 2510 3716 2566; x_wconf 79' lang='grc' dir='ltr'>τὰ</span> 
     </span>
    </p>
   </div>
   <div class='ocr_carea' id='block_1_84' title="bbox 2127 2588 3714 2672">
    <p class='ocr_par' dir='ltr' id='par_1_84' title="bbox 2127 2588 3714 2672">
     <span class='ocr_line' id='line_1_84' title="bbox 2127 2588 3714 2672; baseline 0.011 -33"><span class='ocrx_word' id='word_1_651' title='bbox 2127 2588 2184 2640; x_wconf 86' lang='grc' dir='ltr'><strong>ἐν</strong></span> <span class='ocrx_word' id='word_1_652' title='bbox 2218 2589 2376 2660; x_wconf 81' lang='grc' dir='ltr'>αὐτῇ,</span> <span class='ocrx_word' id='word_1_653' title='bbox 2412 2591 2505 2643; x_wconf 74' lang='grc' dir='ltr'><strong>καὶ</strong></span> <span class='ocrx_word' id='word_1_654' title='bbox 2530 2590 2706 2655; x_wconf 83' lang='grc' dir='ltr'>διδοὺς</span> <span class='ocrx_word' id='word_1_655' title='bbox 2733 2591 2898 2664; x_wconf 83' lang='grc' dir='ltr'>πνοὴν</span> <span class='ocrx_word' id='word_1_656' title='bbox 2925 2594 3002 2665; x_wconf 85' lang='grc' dir='ltr'>τῷ</span> <span class='ocrx_word' id='word_1_657' title='bbox 3032 2595 3148 2668; x_wconf 82' lang='grc' dir='ltr'><strong>λαῷ</strong></span> <span class='ocrx_word' id='word_1_658' title='bbox 3173 2597 3249 2668; x_wconf 85' lang='grc' dir='ltr'><strong>τῷ</strong></span> <span class='ocrx_word' id='word_1_659' title='bbox 3278 2600 3363 2651; x_wconf 88' lang='grc' dir='ltr'>ἐπ’</span> <span class='ocrx_word' id='word_1_660' title='bbox 3390 2601 3574 2672; x_wconf 80' lang='grc' dir='ltr'>αὑτῆς,</span> <span class='ocrx_word' id='word_1_661' title='bbox 3612 2607 3714 2657; x_wconf 75' lang='grc' dir='ltr'>καὶ</span> 
     </span>
    </p>
   </div>
   <div class='ocr_carea' id='block_1_85' title="bbox 2126 2679 3714 2764">
    <p class='ocr_par' dir='ltr' id='par_1_85' title="bbox 2126 2679 3714 2764">
     <span class='ocr_line' id='line_1_85' title="bbox 2126 2679 3714 2764; baseline 0.011 -32"><span class='ocrx_word' id='word_1_662' title='bbox 2126 2679 2188 2733; x_wconf 84' lang='grc' dir='ltr'><strong>τὸ</strong></span> <span class='ocrx_word' id='word_1_663' title='bbox 2219 2682 2436 2752; x_wconf 85' lang='grc' dir='ltr'>πνεῦμα</span> <span class='ocrx_word' id='word_1_664' title='bbox 2469 2686 2582 2746; x_wconf 88' lang='grc' dir='ltr'>τοῖς</span> <span class='ocrx_word' id='word_1_665' title='bbox 2613 2684 2878 2738; x_wconf 79' lang='grc' dir='ltr'>πατοῦσιν</span> <span class='ocrx_word' id='word_1_666' title='bbox 2921 2685 3112 2758; x_wconf 79' lang='grc' dir='ltr'>αὑτήν.</span> <span class='ocrx_word' id='word_1_667' title='bbox 3149 2707 3169 2740; x_wconf 69' lang='grc' dir='ltr'><strong>ι</strong></span> <span class='ocrx_word' id='word_1_668' title='bbox 3217 2691 3429 2764; x_wconf 80' lang='grc' dir='ltr'>Σφόδρα</span> <span class='ocrx_word' id='word_1_669' title='bbox 3481 2695 3714 2748; x_wconf 74' lang='grc' dir='ltr'>ἀκολού-</span> 
     </span>
    </p>
   </div>
   <div class='ocr_carea' id='block_1_86' title="bbox 2123 2769 3714 2855">
    <p class='ocr_par' dir='ltr' id='par_1_86' title="bbox 2123 2769 3714 2855">
     <span class='ocr_line' id='line_1_86' title="bbox 2123 2769 3714 2855; baseline 0.012 -33"><span class='ocrx_word' id='word_1_670' title='bbox 2123 2769 2232 2834; x_wconf 89' lang='grc' dir='ltr'><strong>θως</strong></span> <span class='ocrx_word' id='word_1_671' title='bbox 2252 2787 2266 2800; x_wconf 87' lang='grc'><strong>·</strong></span> <span class='ocrx_word' id='word_1_672' title='bbox 2300 2771 2403 2841; x_wconf 82' lang='grc' dir='ltr'><strong>χρὴ</strong></span> <span class='ocrx_word' id='word_1_673' title='bbox 2433 2772 2541 2844; x_wconf 80' lang='grc' dir='ltr'><strong>γάρ</strong></span> <span class='ocrx_word' id='word_1_674' title='bbox 2569 2775 2718 2844; x_wconf 80' lang='grc' dir='ltr'>ἡμᾶς</span> <span class='ocrx_word' id='word_1_675' title='bbox 2744 2774 2935 2846; x_wconf 82' lang='grc' dir='ltr'>μαθεῖν</span> <span class='ocrx_word' id='word_1_676' title='bbox 2961 2779 3023 2829; x_wconf 91' lang='grc' dir='ltr'><strong>ἐκ</strong></span> <span class='ocrx_word' id='word_1_677' title='bbox 3052 2777 3197 2842; x_wconf 84' lang='grc' dir='ltr'>τίνος</span> <span class='ocrx_word' id='word_1_678' title='bbox 3225 2781 3516 2852; x_wconf 83' lang='grc' dir='ltr'>προσώπου</span> <span class='ocrx_word' id='word_1_679' title='bbox 3547 2781 3616 2855; x_wconf 81' lang='grc' dir='ltr'>ἦν</span> <span class='ocrx_word' id='word_1_680' title='bbox 3637 2787 3714 2840; x_wconf 72' lang='grc' dir='ltr'>τὰ</span> 
     </span>
    </p>
   </div>
   <div class='ocr_carea' id='block_1_87' title="bbox 2123 2863 3710 2947">
    <p class='ocr_par' dir='ltr' id='par_1_87' title="bbox 2123 2863 3710 2947">
     <span class='ocr_line' id='line_1_87' title="bbox 2123 2863 3710 2947; baseline 0.012 -34"><span class='ocrx_word' id='word_1_681' title='bbox 2123 2863 2250 2933; x_wconf 82' lang='grc' dir='ltr'>περὶ</span> <span class='ocrx_word' id='word_1_682' title='bbox 2273 2863 2509 2934; x_wconf 82' lang='grc' dir='ltr'>Χριστοῦ</span> <span class='ocrx_word' id='word_1_683' title='bbox 2543 2867 2935 2938; x_wconf 85' lang='grc' dir='ltr'>προλεχθέντα.</span> <span class='ocrx_word' id='word_1_684' title='bbox 2976 2870 3190 2942; x_wconf 76' lang='grc' dir='ltr'>Ἐπειδὴ</span> <span class='ocrx_word' id='word_1_685' title='bbox 3236 2873 3345 2944; x_wconf 83' lang='grc' dir='ltr'><strong>γὰρ</strong></span> <span class='ocrx_word' id='word_1_686' title='bbox 3374 2875 3584 2947; x_wconf 76' lang='grc' dir='ltr'>ἀθρόως</span> <span class='ocrx_word' id='word_1_687' title='bbox 3605 2880 3710 2931; x_wconf 83' lang='grc' dir='ltr'>ἐπ-</span> 
     </span>
    </p>
   </div>
   <div class='ocr_carea' id='block_1_88' title="bbox 2121 2952 3711 3034">
    <p class='ocr_par' dir='ltr' id='par_1_88' title="bbox 2121 2952 3711 3034">
     <span class='ocr_line' id='line_1_88' title="bbox 2121 2952 3711 3034; baseline 0.01 -28"><span class='ocrx_word' id='word_1_688' title='bbox 2121 2952 2310 3007; x_wconf 79' lang='grc' dir='ltr'>έϐαλεν</span> <span class='ocrx_word' id='word_1_689' title='bbox 2339 2957 2367 3008; x_wconf 92' lang='lat'><strong>6</strong></span> <span class='ocrx_word' id='word_1_690' title='bbox 2393 2957 2728 3028; x_wconf 82' lang='grc' dir='ltr'>προφητικὸς</span> <span class='ocrx_word' id='word_1_691' title='bbox 2754 2957 2909 3028; x_wconf 82' lang='grc' dir='ltr'>λόγος</span> <span class='ocrx_word' id='word_1_692' title='bbox 2930 2962 2987 3013; x_wconf 80' lang='grc' dir='ltr'><strong>ἐν</strong></span> <span class='ocrx_word' id='word_1_693' title='bbox 3019 2963 3159 3034; x_wconf 82' lang='grc' dir='ltr'>ἀρχῇ</span> <span class='ocrx_word' id='word_1_694' title='bbox 3202 2963 3369 3018; x_wconf 86' lang='grc' dir='ltr'>είπὼν</span> <span class='ocrx_word' id='word_1_695' title='bbox 3391 3006 3405 3029; x_wconf 92' lang='grc'><strong>,</strong></span> <span class='ocrx_word' id='word_1_696' title='bbox 3446 2984 3466 3018; x_wconf 82' lang='grc'><em>‹</em></span> <span class='ocrx_word' id='word_1_697' title='bbox 3511 2968 3711 3022; x_wconf 73' lang='grc' dir='ltr'>Ἰακὼϐ</span> 
     </span>
    </p>
   </div>
   <div class='ocr_carea' id='block_1_89' title="bbox 2051 3046 3710 3127">
    <p class='ocr_par' dir='ltr' id='par_1_89' title="bbox 2051 3046 3710 3127">
     <span class='ocr_line' id='line_1_89' title="bbox 2051 3046 3710 3127; baseline 0.009 -30"><span class='ocrx_word' id='word_1_698' title='bbox 2051 3051 2093 3108; x_wconf 84' lang='lat' dir='ltr'><strong>C</strong></span> <span class='ocrx_word' id='word_1_699' title='bbox 2123 3046 2154 3098; x_wconf 88' lang='lat'><strong>6</strong></span> <span class='ocrx_word' id='word_1_700' title='bbox 2185 3049 2311 3110; x_wconf 86' lang='grc' dir='ltr'>παῖς</span> <span class='ocrx_word' id='word_1_701' title='bbox 2345 3063 2468 3117; x_wconf 89' lang='grc' dir='ltr'>μου,</span> <span class='ocrx_word' id='word_1_702' title='bbox 2500 3049 2860 3120; x_wconf 64' lang='grc' dir='ltr'>ἀντιλήψομῖι</span> <span class='ocrx_word' id='word_1_703' title='bbox 2897 3052 3060 3105; x_wconf 78' lang='grc' dir='ltr'>αὑτοῦ</span> <span class='ocrx_word' id='word_1_704' title='bbox 3087 3070 3101 3082; x_wconf 90' lang='grc'>·</span> <span class='ocrx_word' id='word_1_705' title='bbox 3141 3052 3357 3127; x_wconf 81' lang='grc' dir='ltr'>Ἰσραὴλ</span> <span class='ocrx_word' id='word_1_706' title='bbox 3385 3059 3415 3112; x_wconf 77' lang='lat'><strong>6</strong></span> <span class='ocrx_word' id='word_1_707' title='bbox 3443 3058 3710 3124; x_wconf 78' lang='grc' dir='ltr'>ἐκλεκτός</span> 
     </span>
    </p>
   </div>
   <div class='ocr_carea' id='block_1_90' title="bbox 2125 3139 3710 3217">
    <p class='ocr_par' dir='ltr' id='par_1_90' title="bbox 2125 3139 3710 3217">
     <span class='ocr_line' id='line_1_90' title="bbox 2125 3139 3710 3217; baseline 0.01 -28"><span class='ocrx_word' id='word_1_708' title='bbox 2125 3155 2249 3208; x_wconf 85' lang='grc' dir='ltr'>μου,</span> <span class='ocrx_word' id='word_1_709' title='bbox 2319 3139 2670 3208; x_wconf 78' lang='grc' dir='ltr'>προσεδέξατο</span> <span class='ocrx_word' id='word_1_710' title='bbox 2716 3141 2878 3195; x_wconf 87' lang='grc' dir='ltr'>αὑτὸν</span> <span class='ocrx_word' id='word_1_711' title='bbox 2934 3146 2966 3215; x_wconf 75' lang='grc' dir='ltr'><strong>ἡ</strong></span> <span class='ocrx_word' id='word_1_712' title='bbox 3016 3145 3161 3217; x_wconf 72' lang='grc' dir='ltr'>ψυχή</span> <span class='ocrx_word' id='word_1_713' title='bbox 3219 3163 3360 3217; x_wconf 88' lang='grc' dir='ltr'>μου·</span> <span class='ocrx_word' id='word_1_714' title='bbox 3418 3149 3596 3204; x_wconf 79' lang='grc' dir='ltr'>ἔδωκα</span> <span class='ocrx_word' id='word_1_715' title='bbox 3643 3152 3710 3206; x_wconf 84' lang='grc' dir='ltr'><strong>τὸ</strong></span> 
     </span>
    </p>
   </div>
   <div class='ocr_carea' id='block_1_91' title="bbox 2121 3227 3709 3312">
    <p class='ocr_par' dir='ltr' id='par_1_91' title="bbox 2121 3227 3709 3312">
     <span class='ocr_line' id='line_1_91' title="bbox 2121 3227 3709 3312; baseline 0.012 -33"><span class='ocrx_word' id='word_1_716' title='bbox 2121 3227 2340 3300; x_wconf 79' lang='grc' dir='ltr'>πνεῦμά</span> <span class='ocrx_word' id='word_1_717' title='bbox 2369 3247 2469 3299; x_wconf 92' lang='grc' dir='ltr'><strong>μου</strong></span> <span class='ocrx_word' id='word_1_718' title='bbox 2494 3230 2580 3284; x_wconf 78' lang='grc' dir='ltr'>ἐπ’</span> <span class='ocrx_word' id='word_1_719' title='bbox 2614 3232 2775 3287; x_wconf 84' lang='grc' dir='ltr'>αὑτόν</span> <span class='ocrx_word' id='word_1_720' title='bbox 2797 3251 2809 3264; x_wconf 73' lang='grc' dir='ltr'><strong><em>ο</em></strong></span> <span class='ocrx_word' id='word_1_721' title='bbox 2848 3251 2864 3283; x_wconf 75' lang='grc' dir='ltr'><strong>ι</strong></span> <span class='ocrx_word' id='word_1_722' title='bbox 2887 3234 2970 3298; x_wconf 84' lang='grc' dir='ltr'><strong>τίς</strong></span> <span class='ocrx_word' id='word_1_723' title='bbox 2999 3235 3053 3288; x_wconf 82' lang='grc' dir='ltr'>δὲ</span> <span class='ocrx_word' id='word_1_724' title='bbox 3083 3231 3150 3307; x_wconf 80' lang='grc' dir='ltr'>ἦν</span> <span class='ocrx_word' id='word_1_725' title='bbox 3176 3238 3205 3290; x_wconf 90' lang='lat'><strong>6</strong></span> <span class='ocrx_word' id='word_1_726' title='bbox 3251 3236 3425 3294; x_wconf 90' lang='grc' dir='ltr'>ταῦτα</span> <span class='ocrx_word' id='word_1_727' title='bbox 3467 3241 3709 3312; x_wconf 82' lang='grc' dir='ltr'>εἰρηκὼς</span> 
     </span>
    </p>
   </div>
   <div class='ocr_carea' id='block_1_92' title="bbox 2119 3321 3708 3402">
    <p class='ocr_par' dir='ltr' id='par_1_92' title="bbox 2119 3321 3708 3402">
     <span class='ocr_line' id='line_1_92' title="bbox 2119 3321 3708 3402; baseline 0.009 -29"><span class='ocrx_word' id='word_1_728' title='bbox 2119 3321 2181 3374; x_wconf 86' lang='grc' dir='ltr'><strong>οὐ</strong></span> <span class='ocrx_word' id='word_1_729' title='bbox 2216 3322 2581 3394; x_wconf 78' lang='grc' dir='ltr'>προεδίδαξεν,</span> <span class='ocrx_word' id='word_1_730' title='bbox 2617 3325 2929 3393; x_wconf 80' lang='grc' dir='ltr'>ἀναγκαίως</span> <span class='ocrx_word' id='word_1_731' title='bbox 2955 3327 3049 3381; x_wconf 78' lang='grc' dir='ltr'><strong>ἐπὶ</strong></span> <span class='ocrx_word' id='word_1_732' title='bbox 3086 3328 3180 3382; x_wconf 85' lang='grc' dir='ltr'><strong>τοῦ</strong></span> <span class='ocrx_word' id='word_1_733' title='bbox 3215 3331 3480 3402; x_wconf 88' lang='grc' dir='ltr'>παρόντος</span> <span class='ocrx_word' id='word_1_734' title='bbox 3509 3334 3708 3389; x_wconf 82' lang='grc' dir='ltr'>διασα-</span> 
     </span>
    </p>
   </div>
   <div class='ocr_carea' id='block_1_93' title="bbox 2121 3413 3709 3494">
    <p class='ocr_par' dir='ltr' id='par_1_93' title="bbox 2121 3413 3709 3494">
     <span class='ocr_line' id='line_1_93' title="bbox 2121 3413 3709 3494; baseline 0.009 -30"><span class='ocrx_word' id='word_1_735' title='bbox 2121 3415 2211 3480; x_wconf 85' lang='grc' dir='ltr'><strong>φεῖ</strong></span> <span class='ocrx_word' id='word_1_736' title='bbox 2233 3413 2322 3466; x_wconf 89' lang='grc' dir='ltr'><strong>τὸν</strong></span> <span class='ocrx_word' id='word_1_737' title='bbox 2351 3413 2523 3466; x_wconf 89' lang='grc' dir='ltr'>ταῦτα</span> <span class='ocrx_word' id='word_1_738' title='bbox 2552 3414 2914 3470; x_wconf 85' lang='grc' dir='ltr'>τεθεσπικότα</span> <span class='ocrx_word' id='word_1_739' title='bbox 2934 3433 2946 3446; x_wconf 87' lang='grc'><strong>·</strong></span> <span class='ocrx_word' id='word_1_740' title='bbox 2981 3418 3060 3470; x_wconf 89' lang='grc' dir='ltr'><strong>διὸ</strong></span> <span class='ocrx_word' id='word_1_741' title='bbox 3115 3421 3364 3494; x_wconf 75' lang='grc' dir='ltr'>ἐπιφέρει</span> <span class='ocrx_word' id='word_1_742' title='bbox 3393 3423 3454 3476; x_wconf 84' lang='grc' dir='ltr'><strong>τὸ</strong></span> <span class='ocrx_word' id='word_1_743' title='bbox 3474 3463 3492 3486; x_wconf 92' lang='grc'><strong>,</strong></span> <span class='ocrx_word' id='word_1_744' title='bbox 3543 3443 3562 3475; x_wconf 75' lang='grc' dir='ltr'><strong>ι</strong></span> <span class='ocrx_word' id='word_1_745' title='bbox 3598 3424 3709 3480; x_wconf 77' lang='grc' dir='ltr'><strong>Οὖ-</strong></span> 
     </span>
    </p>
   </div>
   <div class='ocr_carea' id='block_1_94' title="bbox 2118 3500 3709 3586">
    <p class='ocr_par' dir='ltr' id='par_1_94' title="bbox 2118 3500 3709 3586">
     <span class='ocr_line' id='line_1_94' title="bbox 2118 3500 3709 3586; baseline 0.008 -31"><span class='ocrx_word' id='word_1_746' title='bbox 2118 3519 2226 3567; x_wconf 84' lang='grc' dir='ltr'><strong>τως</strong></span> <span class='ocrx_word' id='word_1_747' title='bbox 2257 3500 2378 3557; x_wconf 76' lang='grc' dir='ltr'>εἷπε</span> <span class='ocrx_word' id='word_1_748' title='bbox 2407 3505 2611 3578; x_wconf 80' lang='grc' dir='ltr'>Κύριος</span> <span class='ocrx_word' id='word_1_749' title='bbox 2645 3508 2673 3559; x_wconf 93' lang='lat'><strong>6</strong></span> <span class='ocrx_word' id='word_1_750' title='bbox 2699 3506 2830 3570; x_wconf 86' lang='grc' dir='ltr'>Θεός</span> <span class='ocrx_word' id='word_1_751' title='bbox 2849 3523 2863 3538; x_wconf 88' lang='grc'><strong>·</strong></span> <span class='ocrx_word' id='word_1_752' title='bbox 2911 3527 2930 3560; x_wconf 70' lang='grc' dir='ltr'><strong>ι</strong></span> <span class='ocrx_word' id='word_1_753' title='bbox 2983 3507 3145 3573; x_wconf 84' lang='grc' dir='ltr'>αὐτὸς</span> <span class='ocrx_word' id='word_1_754' title='bbox 3173 3512 3282 3582; x_wconf 72' lang='grc' dir='ltr'><strong>γὰρ</strong></span> <span class='ocrx_word' id='word_1_755' title='bbox 3304 3507 3371 3582; x_wconf 82' lang='grc' dir='ltr'>ἦν</span> <span class='ocrx_word' id='word_1_756' title='bbox 3409 3514 3437 3566; x_wconf 88' lang='lat'><strong>6</strong></span> <span class='ocrx_word' id='word_1_757' title='bbox 3457 3511 3526 3566; x_wconf 86' lang='grc' dir='ltr'>τὰ</span> <span class='ocrx_word' id='word_1_758' title='bbox 3550 3514 3709 3586; x_wconf 80' lang='grc' dir='ltr'>πρῶ-</span> 
     </span>
    </p>
   </div>
   <div class='ocr_carea' id='block_1_95' title="bbox 2118 3592 3706 3673">
    <p class='ocr_par' dir='ltr' id='par_1_95' title="bbox 2118 3592 3706 3673">
     <span class='ocr_line' id='line_1_95' title="bbox 2118 3592 3706 3673; baseline 0.008 -29"><span class='ocrx_word' id='word_1_759' title='bbox 2118 3610 2184 3644; x_wconf 91' lang='grc' dir='ltr'><strong>τα</strong></span> <span class='ocrx_word' id='word_1_760' title='bbox 2213 3592 2470 3664; x_wconf 80' lang='grc' dir='ltr'>εἰρηκὼς,</span> <span class='ocrx_word' id='word_1_761' title='bbox 2504 3596 2598 3648; x_wconf 77' lang='grc' dir='ltr'><strong>καὶ</strong></span> <span class='ocrx_word' id='word_1_762' title='bbox 2653 3595 2721 3648; x_wconf 86' lang='grc' dir='ltr'>τὰ</span> <span class='ocrx_word' id='word_1_763' title='bbox 2753 3596 2879 3666; x_wconf 77' lang='grc' dir='ltr'>ἑξῆς</span> <span class='ocrx_word' id='word_1_764' title='bbox 2908 3597 3310 3666; x_wconf 83' lang='grc' dir='ltr'>ἐπιλεγόμενος.</span> <span class='ocrx_word' id='word_1_765' title='bbox 3345 3601 3408 3653; x_wconf 74' lang='grc' dir='ltr'><strong>Εἰ</strong></span> <span class='ocrx_word' id='word_1_766' title='bbox 3450 3600 3558 3673; x_wconf 84' lang='grc' dir='ltr'>γὰρ</span> <span class='ocrx_word' id='word_1_767' title='bbox 3605 3605 3706 3657; x_wconf 71' lang='grc' dir='ltr'><strong>καὶ</strong></span> 
     </span>
    </p>
   </div>
   <div class='ocr_carea' id='block_1_96' title="bbox 2123 3679 3702 3763">
    <p class='ocr_par' dir='ltr' id='par_1_96' title="bbox 2123 3679 3702 3763">
     <span class='ocr_line' id='line_1_96' title="bbox 2123 3679 3702 3763; baseline 0.006 -27"><span class='ocrx_word' id='word_1_768' title='bbox 2123 3683 2356 3752; x_wconf 89' lang='grc' dir='ltr'>μάλιστα</span> <span class='ocrx_word' id='word_1_769' title='bbox 2377 3684 2451 3755; x_wconf 81' lang='grc' dir='ltr'>μὴ</span> <span class='ocrx_word' id='word_1_770' title='bbox 2477 3679 2577 3737; x_wconf 73' lang='grc' dir='ltr'>οἷοί</span> <span class='ocrx_word' id='word_1_771' title='bbox 2606 3685 2666 3738; x_wconf 82' lang='grc' dir='ltr'><em>τέ</em></span> <span class='ocrx_word' id='word_1_772' title='bbox 2699 3688 2844 3750; x_wconf 84' lang='grc' dir='ltr'>ἐστε,</span> <span class='ocrx_word' id='word_1_773' title='bbox 2883 3688 3068 3756; x_wconf 71' lang='grc' dir='ltr'>φησὶν,</span> <span class='ocrx_word' id='word_1_774' title='bbox 3102 3689 3257 3758; x_wconf 85' lang='grc' dir='ltr'>ὑμεῖς</span> <span class='ocrx_word' id='word_1_775' title='bbox 3308 3692 3356 3742; x_wconf 78' lang='grc' dir='ltr'>οἱ</span> <span class='ocrx_word' id='word_1_776' title='bbox 3398 3690 3702 3763; x_wconf 79' lang='grc' dir='ltr'>ἄνθρωποι,</span> 
     </span>
    </p>
   </div>
   <div class='ocr_carea' id='block_1_97' title="bbox 2117 3776 3686 3848">
    <p class='ocr_par' dir='ltr' id='par_1_97' title="bbox 2117 3776 3686 3848">
     <span class='ocr_line' id='line_1_97' title="bbox 2117 3776 3686 3848; baseline 0.006 -20"><span class='ocrx_word' id='word_1_777' title='bbox 2117 3777 2216 3847; x_wconf 83' lang='grc' dir='ltr'><strong>τὴν</strong></span> <span class='ocrx_word' id='word_1_778' title='bbox 2249 3776 2430 3846; x_wconf 71' lang='grc' dir='ltr'>ἀφανῆ</span> <span class='ocrx_word' id='word_1_779' title='bbox 2462 3778 2556 3830; x_wconf 67' lang='grc' dir='ltr'><strong>κα)⁵</strong></span> <span class='ocrx_word' id='word_1_780' title='bbox 2586 3777 2872 3848; x_wconf 78' lang='grc' dir='ltr'>ἀσώματον</span> <span class='ocrx_word' id='word_1_781' title='bbox 2911 3779 3096 3832; x_wconf 80' lang='grc' dir='ltr'>οὐσίαν</span> <span class='ocrx_word' id='word_1_782' title='bbox 3131 3781 3461 3834; x_wconf 76' lang='grc' dir='ltr'>ἐποπτεῦσαι</span> <span class='ocrx_word' id='word_1_783' title='bbox 3509 3782 3686 3837; x_wconf 73' lang='grc' dir='ltr'>Θεοῦν</span> 
     </span>
    </p>
   </div>
   <div class='ocr_carea' id='block_1_98' title="bbox 2109 3866 3701 3940">
    <p class='ocr_par' dir='ltr' id='par_1_98' title="bbox 2109 3866 3701 3940">
     <span class='ocr_line' id='line_1_98' title="bbox 2109 3866 3701 3940; baseline 0.004 -18"><span class='ocrx_word' id='word_1_784' title='bbox 2109 3866 2231 3922; x_wconf 78' lang='grc' dir='ltr'>,ἀλλ’</span> <span class='ocrx_word' id='word_1_785' title='bbox 2262 3867 2656 3937; x_wconf 72' lang='grc' dir='ltr'>ἀναϐλέψαντες</span> <span class='ocrx_word' id='word_1_786' title='bbox 2701 3871 2778 3931; x_wconf 86' lang='grc' dir='ltr'>εἰς</span> <span class='ocrx_word' id='word_1_787' title='bbox 2827 3869 2888 3922; x_wconf 89' lang='grc' dir='ltr'><strong>τὸ</strong></span> <span class='ocrx_word' id='word_1_788' title='bbox 2917 3870 3143 3940; x_wconf 86' lang='grc' dir='ltr'>μέγεθος</span> <span class='ocrx_word' id='word_1_789' title='bbox 3178 3872 3271 3924; x_wconf 81' lang='grc' dir='ltr'><strong>τοῦ</strong></span> <span class='ocrx_word' id='word_1_790' title='bbox 3300 3876 3551 3926; x_wconf 70' lang='grc' dir='ltr'>τοσούτου</span> <span class='ocrx_word' id='word_1_791' title='bbox 3604 3892 3701 3928; x_wconf 43' lang='lat' dir='ltr'><strong>ovi</strong></span> 
     </span>
    </p>
   </div>
   <div class='ocr_carea' id='block_1_99' title="bbox 2121 3955 3702 4031">
    <p class='ocr_par' dir='ltr' id='par_1_99' title="bbox 2121 3955 3702 4031">
     <span class='ocr_line' id='line_1_99' title="bbox 2121 3955 3702 4031; baseline 0.006 -23"><span class='ocrx_word' id='word_1_792' title='bbox 2121 3955 2302 4027; x_wconf 91' lang='grc' dir='ltr'>ρανοῦ,</span> <span class='ocrx_word' id='word_1_793' title='bbox 2351 3957 2639 4027; x_wconf 84' lang='grc' dir='ltr'>λογίσασθε</span> <span class='ocrx_word' id='word_1_794' title='bbox 2693 3959 2874 4022; x_wconf 83' lang='grc' dir='ltr'>ὁποῖός</span> <span class='ocrx_word' id='word_1_795' title='bbox 2927 3978 3009 4024; x_wconf 85' lang='grc' dir='ltr'><strong>τις</strong></span> <span class='ocrx_word' id='word_1_796' title='bbox 3055 3963 3312 4031; x_wconf 88' lang='grc' dir='ltr'>τυγχάνει</span> <span class='ocrx_word' id='word_1_797' title='bbox 3363 3963 3392 4014; x_wconf 82' lang='lat'><strong>6</strong></span> <span class='ocrx_word' id='word_1_798' title='bbox 3442 3965 3702 4018; x_wconf 69' lang='grc' dir='ltr'>τοσοῦτον</span> 
     </span>
    </p>
   </div>
   <div class='ocr_carea' id='block_1_100' title="bbox 2119 4044 3699 4122">
    <p class='ocr_par' dir='ltr' id='par_1_100' title="bbox 2119 4044 3699 4122">
     <span class='ocr_line' id='line_1_100' title="bbox 2119 4044 3699 4122; baseline 0.006 -25"><span class='ocrx_word' id='word_1_799' title='bbox 2119 4044 2346 4114; x_wconf 87' lang='grc' dir='ltr'>μέγεθος</span> <span class='ocrx_word' id='word_1_800' title='bbox 2398 4045 2832 4116; x_wconf 83' lang='grc' dir='ltr'>διαπηξάμενος·</span> <span class='ocrx_word' id='word_1_801' title='bbox 2878 4047 3012 4101; x_wconf 83' lang='grc' dir='ltr'><strong>ἀλλά</strong></span> <span class='ocrx_word' id='word_1_802' title='bbox 3069 4050 3162 4103; x_wconf 54' lang='grc' dir='ltr'><strong>καὶ⁵</strong></span> <span class='ocrx_word' id='word_1_803' title='bbox 3195 4050 3289 4102; x_wconf 79' lang='grc' dir='ltr'><strong>ἐπὶ</strong></span> <span class='ocrx_word' id='word_1_804' title='bbox 3320 4050 3419 4122; x_wconf 77' lang='grc' dir='ltr'>τὴν</span> <span class='ocrx_word' id='word_1_805' title='bbox 3457 4052 3559 4122; x_wconf 77' lang='grc' dir='ltr'>γῆν</span> <span class='ocrx_word' id='word_1_806' title='bbox 3590 4054 3699 4106; x_wconf 83' lang='grc' dir='ltr'>αὑ-</span> 
     </span>
    </p>
   </div>
   <div class='ocr_carea' id='block_1_101' title="bbox 2115 4135 3701 4209">
    <p class='ocr_par' dir='ltr' id='par_1_101' title="bbox 2115 4135 3701 4209">
     <span class='ocr_line' id='line_1_101' title="bbox 2115 4135 3701 4209; baseline 0.007 -22"><span class='ocrx_word' id='word_1_807' title='bbox 2115 4135 2213 4205; x_wconf 84' lang='grc' dir='ltr'>τὴν</span> <span class='ocrx_word' id='word_1_808' title='bbox 2271 4135 2697 4206; x_wconf 68' lang='grc' dir='ltr'>ἀποϐλέψαντες,</span> <span class='ocrx_word' id='word_1_809' title='bbox 2736 4140 2908 4207; x_wconf 80' lang='grc' dir='ltr'>ὁπόση</span> <span class='ocrx_word' id='word_1_810' title='bbox 2941 4141 3024 4203; x_wconf 86' lang='grc' dir='ltr'><strong>τίς</strong></span> <span class='ocrx_word' id='word_1_811' title='bbox 3046 4141 3182 4202; x_wconf 83' lang='grc' dir='ltr'>ἐστι,</span> <span class='ocrx_word' id='word_1_812' title='bbox 3213 4141 3306 4193; x_wconf 70' lang='grc' dir='ltr'><strong>καὶ</strong></span> <span class='ocrx_word' id='word_1_813' title='bbox 3333 4142 3406 4204; x_wconf 84' lang='grc' dir='ltr'>ὡς</span> <span class='ocrx_word' id='word_1_814' title='bbox 3435 4143 3701 4209; x_wconf 76' lang='grc' dir='ltr'>ἀκίνητος</span> 
     </span>
    </p>
   </div>
   <div class='ocr_carea' id='block_1_102' title="bbox 2113 4227 3697 4305">
    <p class='ocr_par' dir='ltr' id='par_1_102' title="bbox 2113 4227 3697 4305">
     <span class='ocr_line' id='line_1_102' title="bbox 2113 4227 3697 4305; baseline 0.006 -26"><span class='ocrx_word' id='word_1_815' title='bbox 2113 4227 2202 4280; x_wconf 90' lang='grc' dir='ltr'><strong>τὸν</strong></span> <span class='ocrx_word' id='word_1_816' title='bbox 2239 4227 2528 4298; x_wconf 82' lang='grc' dir='ltr'>σύμπαντα</span> <span class='ocrx_word' id='word_1_817' title='bbox 2562 4230 2734 4283; x_wconf 82' lang='grc' dir='ltr'>αἰῶνα</span> <span class='ocrx_word' id='word_1_818' title='bbox 2771 4231 3036 4302; x_wconf 72' lang='grc' dir='ltr'>ἤδρασται</span> <span class='ocrx_word' id='word_1_819' title='bbox 3065 4233 3428 4305; x_wconf 77' lang='grc' dir='ltr'>ἐῤῥιζωμὲνη,</span> <span class='ocrx_word' id='word_1_820' title='bbox 3469 4237 3564 4288; x_wconf 81' lang='grc' dir='ltr'><strong>καὶ</strong></span> <span class='ocrx_word' id='word_1_821' title='bbox 3601 4254 3697 4290; x_wconf 86' lang='grc' dir='ltr'>τε-</span> 
     </span>
    </p>
   </div>
   <div class='ocr_carea' id='block_1_103' title="bbox 2114 4313 3698 4400">
    <p class='ocr_par' dir='ltr' id='par_1_103' title="bbox 2114 4313 3698 4400">
     <span class='ocr_line' id='line_1_103' title="bbox 2114 4313 3698 4400; baseline 0.008 -33"><span class='ocrx_word' id='word_1_822' title='bbox 2114 4313 2508 4390; x_wconf 85' lang='grc' dir='ltr'>θεμελιωμένη,</span> <span class='ocrx_word' id='word_1_823' title='bbox 2535 4319 2610 4383; x_wconf 84' lang='grc' dir='ltr'>ὡς</span> <span class='ocrx_word' id='word_1_824' title='bbox 2642 4321 2861 4392; x_wconf 77' lang='grc' dir='ltr'>μηδαμῆ</span> <span class='ocrx_word' id='word_1_825' title='bbox 2894 4322 3158 4394; x_wconf 83' lang='grc' dir='ltr'>μηδαμῶς</span> <span class='ocrx_word' id='word_1_826' title='bbox 3187 4324 3474 4379; x_wconf 75' lang='grc' dir='ltr'>κινεῖσθαιο</span> <span class='ocrx_word' id='word_1_827' title='bbox 3506 4328 3698 4400; x_wconf 77' lang='grc' dir='ltr'>ἐννοή-</span> 
     </span>
    </p>
   </div>
   <div class='ocr_carea' id='block_1_104' title="bbox 2039 4410 3697 4490">
    <p class='ocr_par' dir='ltr' id='par_1_104' title="bbox 2039 4410 3697 4490">
     <span class='ocr_line' id='line_1_104' title="bbox 2039 4410 3697 4490; baseline 0.008 -31"><span class='ocrx_word' id='word_1_828' title='bbox 2039 4413 2080 4468; x_wconf 83' lang='grc'><strong>1)</strong></span> <span class='ocrx_word' id='word_1_829' title='bbox 2111 4423 2238 4460; x_wconf 88' lang='grc' dir='ltr'>σατε</span> <span class='ocrx_word' id='word_1_830' title='bbox 2292 4410 2424 4480; x_wconf 83' lang='grc' dir='ltr'>ὅσης</span> <span class='ocrx_word' id='word_1_831' title='bbox 2466 4412 2706 4482; x_wconf 74' lang='grc' dir='ltr'>ἀρρήτου</span> <span class='ocrx_word' id='word_1_832' title='bbox 2744 4414 2975 4486; x_wconf 83' lang='grc' dir='ltr'>ὑπάρχει</span> <span class='ocrx_word' id='word_1_833' title='bbox 3015 4414 3295 4485; x_wconf 83' lang='grc' dir='ltr'>δυνάμεως</span> <span class='ocrx_word' id='word_1_834' title='bbox 3321 4417 3348 4468; x_wconf 89' lang='lat'><strong>6</strong></span> <span class='ocrx_word' id='word_1_835' title='bbox 3383 4416 3697 4490; x_wconf 81' lang='grc' dir='ltr'>στερεώσας</span> 
     </span>
    </p>
   </div>
   <div class='ocr_carea' id='block_1_105' title="bbox 2110 4498 3696 4582">
    <p class='ocr_par' dir='ltr' id='par_1_105' title="bbox 2110 4498 3696 4582">
     <span class='ocr_line' id='line_1_105' title="bbox 2110 4498 3696 4582; baseline 0.009 -33"><span class='ocrx_word' id='word_1_836' title='bbox 2110 4498 2297 4569; x_wconf 84' lang='grc' dir='ltr'>αὐτὴν,</span> <span class='ocrx_word' id='word_1_837' title='bbox 2323 4498 2544 4571; x_wconf 88' lang='grc' dir='ltr'>γόνιμόν</span> <span class='ocrx_word' id='word_1_838' title='bbox 2571 4519 2631 4554; x_wconf 89' lang='grc' dir='ltr'><strong>τε</strong></span> <span class='ocrx_word' id='word_1_839' title='bbox 2663 4504 2756 4555; x_wconf 74' lang='grc' dir='ltr'><strong>καὶ</strong></span> <span class='ocrx_word' id='word_1_840' title='bbox 2780 4504 3004 4575; x_wconf 86' lang='grc' dir='ltr'>καρπῶν</span> <span class='ocrx_word' id='word_1_841' title='bbox 3031 4507 3275 4576; x_wconf 78' lang='grc' dir='ltr'>οἱστικὴν</span> <span class='ocrx_word' id='word_1_842' title='bbox 3313 4507 3480 4576; x_wconf 73' lang='grc' dir='ltr'>αὐτὴν</span> <span class='ocrx_word' id='word_1_843' title='bbox 3516 4510 3696 4582; x_wconf 63' lang='grc' dir='ltr'>άπερ.</span> 
     </span>
    </p>
   </div>
   <div class='ocr_carea' id='block_1_106' title="bbox 2108 4591 3692 4668">
    <p class='ocr_par' dir='ltr' id='par_1_106' title="bbox 2108 4591 3692 4668">
     <span class='ocr_line' id='line_1_106' title="bbox 2108 4591 3692 4668; baseline 0.008 -27"><span class='ocrx_word' id='word_1_844' title='bbox 2108 4591 2436 4660; x_wconf 84' lang='grc' dir='ltr'>γασάμενος,</span> <span class='ocrx_word' id='word_1_845' title='bbox 2460 4593 2534 4656; x_wconf 87' lang='grc' dir='ltr'>ὡς</span> <span class='ocrx_word' id='word_1_846' title='bbox 2556 4593 2793 4647; x_wconf 87' lang='grc' dir='ltr'>τοσαῦτα</span> <span class='ocrx_word' id='word_1_847' title='bbox 2830 4595 2943 4659; x_wconf 82' lang='grc' dir='ltr'>ζῶα</span> <span class='ocrx_word' id='word_1_848' title='bbox 2970 4597 3063 4649; x_wconf 78' lang='grc' dir='ltr'><strong>καὶ</strong></span> <span class='ocrx_word' id='word_1_849' title='bbox 3095 4596 3238 4664; x_wconf 81' lang='grc' dir='ltr'>φυτὰ</span> <span class='ocrx_word' id='word_1_850' title='bbox 3265 4597 3692 4668; x_wconf 78' lang='grc' dir='ltr'>προϐάλλεσθαι.</span> 
     </span>
    </p>
   </div>
   <div class='ocr_carea' id='block_1_107' title="bbox 2122 4676 3692 4758">
    <p class='ocr_par' dir='ltr' id='par_1_107' title="bbox 2122 4676 3692 4758">
     <span class='ocr_line' id='line_1_107' title="bbox 2122 4676 3692 4758; baseline 0.006 -26"><span class='ocrx_word' id='word_1_851' title='bbox 2122 4679 2178 4732; x_wconf 77' lang='grc' dir='ltr'><strong>Ὀ</strong></span> <span class='ocrx_word' id='word_1_852' title='bbox 2201 4680 2263 4751; x_wconf 87' lang='grc' dir='ltr'><strong>δὴ</strong></span> <span class='ocrx_word' id='word_1_853' title='bbox 2294 4676 2384 4735; x_wconf 79' lang='grc' dir='ltr'><strong>οὖν</strong></span> <span class='ocrx_word' id='word_1_854' title='bbox 2415 4681 2649 4735; x_wconf 89' lang='grc' dir='ltr'>τοσαῦτα</span> <span class='ocrx_word' id='word_1_855' title='bbox 2672 4684 2841 4755; x_wconf 84' lang='grc' dir='ltr'>κάλλη</span> <span class='ocrx_word' id='word_1_856' title='bbox 2873 4685 2965 4738; x_wconf 72' lang='grc' dir='ltr'>καὶ</span> <span class='ocrx_word' id='word_1_857' title='bbox 3005 4685 3208 4758; x_wconf 81' lang='grc' dir='ltr'>μεγέθη</span> <span class='ocrx_word' id='word_1_858' title='bbox 3244 4689 3692 4755; x_wconf 81' lang='grc' dir='ltr'>κατασκευάσας,</span> 
     </span>
    </p>
   </div>
   <div class='ocr_carea' id='block_1_108' title="bbox 2110 4769 3694 4852">
    <p class='ocr_par' dir='ltr' id='par_1_108' title="bbox 2110 4769 3694 4852">
     <span class='ocr_line' id='line_1_108' title="bbox 2110 4769 3694 4852; baseline 0.007 -28"><span class='ocrx_word' id='word_1_859' title='bbox 2110 4769 2313 4842; x_wconf 79' lang='grc' dir='ltr'>Κύριος</span> <span class='ocrx_word' id='word_1_860' title='bbox 2335 4773 2428 4825; x_wconf 84' lang='grc' dir='ltr'><strong>καὶ</strong></span> <span class='ocrx_word' id='word_1_861' title='bbox 2445 4773 2575 4838; x_wconf 82' lang='grc' dir='ltr'>Θεὸς</span> <span class='ocrx_word' id='word_1_862' title='bbox 2598 4774 2704 4826; x_wconf 88' lang='grc' dir='ltr'><strong>τῶν</strong></span> <span class='ocrx_word' id='word_1_863' title='bbox 2727 4775 2883 4840; x_wconf 83' lang='grc' dir='ltr'>ὅλων,</span> <span class='ocrx_word' id='word_1_864' title='bbox 2911 4769 3064 4839; x_wconf 73' lang='grc' dir='ltr'>οὗτος</span> <span class='ocrx_word' id='word_1_865' title='bbox 3085 4775 3152 4829; x_wconf 83' lang='grc' dir='ltr'><strong>τά</strong></span> <span class='ocrx_word' id='word_1_866' title='bbox 3180 4777 3543 4850; x_wconf 70' lang='grc' dir='ltr'>προλεχθέντα</span> <span class='ocrx_word' id='word_1_867' title='bbox 3559 4782 3694 4852; x_wconf 75' lang='grc' dir='ltr'>περὶ</span> 
     </span>
    </p>
   </div>
   <div class='ocr_carea' id='block_1_109' title="bbox 2102 4863 2796 4935">
    <p class='ocr_par' dir='ltr' id='par_1_109' title="bbox 2102 4863 2796 4935">
     <span class='ocr_line' id='line_1_109' title="bbox 2102 4863 2796 4935; baseline 0.004 -19"><span class='ocrx_word' id='word_1_868' title='bbox 2102 4863 2196 4916; x_wconf 87' lang='grc' dir='ltr'><strong>τοῦ</strong></span> <span class='ocrx_word' id='word_1_869' title='bbox 2228 4865 2462 4935; x_wconf 88' lang='grc' dir='ltr'>Χριστοῦ</span> <span class='ocrx_word' id='word_1_870' title='bbox 2492 4865 2796 4919; x_wconf 81' lang='grc' dir='ltr'>ἐθέσπισεν.</span> 
     </span>
    </p>
   </div>
   <div class='ocr_carea' id='block_1_110' title="bbox 2178 4955 3692 5036">
    <p class='ocr_par' dir='ltr' id='par_1_110' title="bbox 2178 4955 3692 5036">
     <span class='ocr_line' id='line_1_110' title="bbox 2178 4955 3692 5036; baseline 0.008 -30"><span class='ocrx_word' id='word_1_871' title='bbox 2178 4975 2196 5006; x_wconf 88' lang='grc'><strong><em>‹</em></strong></span> <span class='ocrx_word' id='word_1_872' title='bbox 2246 4955 2386 5025; x_wconf 86' lang='grc' dir='ltr'><strong>Ἐγὼ</strong></span> <span class='ocrx_word' id='word_1_873' title='bbox 2409 4957 2611 5029; x_wconf 80' lang='grc' dir='ltr'>Κύριος</span> <span class='ocrx_word' id='word_1_874' title='bbox 2639 4961 2666 5012; x_wconf 91' lang='grc' dir='ltr'><strong>ὀ</strong></span> <span class='ocrx_word' id='word_1_875' title='bbox 2692 4958 2821 5022; x_wconf 83' lang='grc' dir='ltr'>Θεὸς</span> <span class='ocrx_word' id='word_1_876' title='bbox 2855 4957 3087 5014; x_wconf 81' lang='grc' dir='ltr'>ἐκάλεσά</span> <span class='ocrx_word' id='word_1_877' title='bbox 3131 4978 3189 5014; x_wconf 91' lang='grc' dir='ltr'><strong>σε</strong></span> <span class='ocrx_word' id='word_1_878' title='bbox 3239 4964 3296 5014; x_wconf 85' lang='grc' dir='ltr'><strong>ἐν</strong></span> <span class='ocrx_word' id='word_1_879' title='bbox 3345 4962 3692 5036; x_wconf 78' lang='grc' dir='ltr'>δικαιοσύνῃ,</span> 
     </span>
    </p>
   </div>
   <div class='ocr_carea' id='block_1_111' title="bbox 2101 5046 3688 5124">
    <p class='ocr_par' dir='ltr' id='par_1_111' title="bbox 2101 5046 3688 5124">
     <span class='ocr_line' id='line_1_111' title="bbox 2101 5046 3688 5124; baseline 0.006 -25"><span class='ocrx_word' id='word_1_880' title='bbox 2101 5046 2195 5099; x_wconf 72' lang='grc' dir='ltr'><strong>καὶ</strong></span> <span class='ocrx_word' id='word_1_881' title='bbox 2220 5049 2480 5118; x_wconf 83' lang='grc' dir='ltr'>κρατήσω</span> <span class='ocrx_word' id='word_1_882' title='bbox 2517 5050 2615 5120; x_wconf 80' lang='grc' dir='ltr'>τῆς</span> <span class='ocrx_word' id='word_1_883' title='bbox 2643 5049 2823 5121; x_wconf 85' lang='grc' dir='ltr'>χειρός</span> <span class='ocrx_word' id='word_1_884' title='bbox 2861 5067 2974 5116; x_wconf 89' lang='grc' dir='ltr'>σου,</span> <span class='ocrx_word' id='word_1_885' title='bbox 3017 5053 3110 5105; x_wconf 76' lang='grc' dir='ltr'><strong>καὶ</strong></span> <span class='ocrx_word' id='word_1_886' title='bbox 3151 5053 3416 5124; x_wconf 79' lang='grc' dir='ltr'>ἐνισχὺσω</span> <span class='ocrx_word' id='word_1_887' title='bbox 3463 5071 3544 5117; x_wconf 89' lang='grc' dir='ltr'><strong>σε,</strong></span> <span class='ocrx_word' id='word_1_888' title='bbox 3592 5059 3688 5109; x_wconf 61' lang='grc' dir='ltr'>καὶ</span> 
     </span>
    </p>
   </div>
   <div class='ocr_carea' id='block_1_112' title="bbox 2097 5138 3683 5212">
    <p class='ocr_par' dir='ltr' id='par_1_112' title="bbox 2097 5138 3683 5212">
     <span class='ocr_line' id='line_1_112' title="bbox 2097 5138 3683 5212; baseline 0.005 -22"><span class='ocrx_word' id='word_1_889' title='bbox 2097 5138 2275 5191; x_wconf 79' lang='grc' dir='ltr'>ἔδωκά</span> <span class='ocrx_word' id='word_1_890' title='bbox 2299 5155 2356 5190; x_wconf 92' lang='grc' dir='ltr'><strong>σε</strong></span> <span class='ocrx_word' id='word_1_891' title='bbox 2379 5139 2756 5211; x_wconf 82' lang='grc' dir='ltr'>είς,διαθήκην</span> <span class='ocrx_word' id='word_1_892' title='bbox 2787 5141 2996 5210; x_wconf 81' lang='grc' dir='ltr'>γένους,</span> <span class='ocrx_word' id='word_1_893' title='bbox 3035 5147 3114 5204; x_wconf 75' lang='grc' dir='ltr'>εἰς</span> <span class='ocrx_word' id='word_1_894' title='bbox 3151 5143 3264 5212; x_wconf 79' lang='grc' dir='ltr'>φῶς</span> <span class='ocrx_word' id='word_1_895' title='bbox 3290 5142 3480 5207; x_wconf 80' lang='grc' dir='ltr'>ἐθνῶν,</span> <span class='ocrx_word' id='word_1_896' title='bbox 3539 5145 3683 5198; x_wconf 58' lang='grc' dir='ltr'>ἀνι-οἶ.</span> 
     </span>
    </p>
   </div>
   <div class='ocr_carea' id='block_1_113' title="bbox 2103 5223 3685 5303">
    <p class='ocr_par' dir='ltr' id='par_1_113' title="bbox 2103 5223 3685 5303">
     <span class='ocr_line' id='line_1_113' title="bbox 2103 5223 3685 5303; baseline 0.007 -26"><span class='ocrx_word' id='word_1_897' title='bbox 2103 5223 2189 5290; x_wconf 83' lang='grc' dir='ltr'><strong>ξαι</strong></span> <span class='ocrx_word' id='word_1_898' title='bbox 2215 5225 2523 5298; x_wconf 74' lang='grc' dir='ltr'>ὀφθαλμοὺς</span> <span class='ocrx_word' id='word_1_899' title='bbox 2571 5227 2786 5297; x_wconf 69' lang='grc' dir='ltr'>τυφλῶν</span> <span class='ocrx_word' id='word_1_900' title='bbox 2807 5272 2821 5292; x_wconf 83' lang='grc'><strong>,</strong></span> <span class='ocrx_word' id='word_1_901' title='bbox 2855 5229 3140 5300; x_wconf 78' lang='grc' dir='ltr'>ἐξαγαγεῖν</span> <span class='ocrx_word' id='word_1_902' title='bbox 3171 5235 3234 5285; x_wconf 83' lang='grc' dir='ltr'><strong>ἐκ</strong></span> <span class='ocrx_word' id='word_1_903' title='bbox 3279 5233 3492 5303; x_wconf 76' lang='grc' dir='ltr'>δεσμῶν</span> <span class='ocrx_word' id='word_1_904' title='bbox 3537 5234 3685 5288; x_wconf 82' lang='grc' dir='ltr'>δεδε-</span> 
     </span>
    </p>
   </div>
   <div class='ocr_carea' id='block_1_114' title="bbox 2104 5318 3685 5396">
    <p class='ocr_par' dir='ltr' id='par_1_114' title="bbox 2104 5318 3685 5396">
     <span class='ocr_line' id='line_1_114' title="bbox 2104 5318 3685 5396; baseline 0.006 -26"><span class='ocrx_word' id='word_1_905' title='bbox 2104 5318 2316 5388; x_wconf 82' lang='grc' dir='ltr'>μένους,</span> <span class='ocrx_word' id='word_1_906' title='bbox 2369 5321 2462 5372; x_wconf 80' lang='grc' dir='ltr'><strong>καὶ</strong></span> <span class='ocrx_word' id='word_1_907' title='bbox 2508 5319 2566 5384; x_wconf 79' lang='grc' dir='ltr'>ἐξ</span> <span class='ocrx_word' id='word_1_908' title='bbox 2611 5319 2760 5373; x_wconf 83' lang='grc' dir='ltr'>οἴκου</span> <span class='ocrx_word' id='word_1_909' title='bbox 2810 5321 3074 5394; x_wconf 78' lang='grc' dir='ltr'>φυλακῆς,</span> <span class='ocrx_word' id='word_1_910' title='bbox 3105 5326 3196 5377; x_wconf 79' lang='grc' dir='ltr'>καὶ</span> <span class='ocrx_word' id='word_1_911' title='bbox 3246 5324 3586 5396; x_wconf 84' lang='grc' dir='ltr'>καθημένους</span> <span class='ocrx_word' id='word_1_912' title='bbox 3621 5329 3685 5380; x_wconf 83' lang='grc' dir='ltr'><strong>ἐν</strong></span> 
     </span>
    </p>
   </div>
   <div class='ocr_carea' id='block_1_115' title="bbox 2100 5408 3682 5486">
    <p class='ocr_par' dir='ltr' id='par_1_115' title="bbox 2100 5408 3682 5486">
     <span class='ocr_line' id='line_1_115' title="bbox 2100 5408 3682 5486; baseline 0.007 -26"><span class='ocrx_word' id='word_1_913' title='bbox 2100 5408 2299 5462; x_wconf 89' lang='grc' dir='ltr'>σκότει,</span> <span class='ocrx_word' id='word_1_914' title='bbox 2340 5429 2357 5460; x_wconf 76' lang='grc' dir='ltr'><strong>ι</strong></span> <span class='ocrx_word' id='word_1_915' title='bbox 2385 5410 2706 5479; x_wconf 80' lang='grc' dir='ltr'>Προσφωνεί</span> <span class='ocrx_word' id='word_1_916' title='bbox 2737 5411 2794 5464; x_wconf 88' lang='grc' dir='ltr'>δὲ</span> <span class='ocrx_word' id='word_1_917' title='bbox 2821 5411 2994 5465; x_wconf 90' lang='grc' dir='ltr'>ταῦτα</span> <span class='ocrx_word' id='word_1_918' title='bbox 3022 5412 3102 5483; x_wconf 77' lang='grc' dir='ltr'><strong>τῷ</strong></span> <span class='ocrx_word' id='word_1_919' title='bbox 3141 5415 3399 5486; x_wconf 84' lang='grc' dir='ltr'>ἀνωτέρω</span> <span class='ocrx_word' id='word_1_920' title='bbox 3437 5415 3682 5486; x_wconf 84' lang='grc' dir='ltr'>λεχθέντι</span> 
     </span>
    </p>
   </div>
   <div class='ocr_carea' id='block_1_116' title="bbox 2095 5494 3680 5576">
    <p class='ocr_par' dir='ltr' id='par_1_116' title="bbox 2095 5494 3680 5576">
     <span class='ocr_line' id='line_1_116' title="bbox 2095 5494 3680 5576; baseline 0.008 -25"><span class='ocrx_word' id='word_1_921' title='bbox 2095 5500 2245 5552; x_wconf 64' lang='grc' dir='ltr'>παιδὶ</span> <span class='ocrx_word' id='word_1_922' title='bbox 2303 5500 2488 5562; x_wconf 86' lang='grc' dir='ltr'>αὑτοῦ,</span> <span class='ocrx_word' id='word_1_923' title='bbox 2542 5494 2586 5568; x_wconf 83' lang='grc' dir='ltr'><strong>ᾧ</strong></span> <span class='ocrx_word' id='word_1_924' title='bbox 2632 5501 2692 5554; x_wconf 83' lang='grc' dir='ltr'><strong>τὸ</strong></span> <span class='ocrx_word' id='word_1_925' title='bbox 2737 5502 2930 5556; x_wconf 81' lang='grc' dir='ltr'>ἑαυτοῦ</span> <span class='ocrx_word' id='word_1_926' title='bbox 2972 5504 3184 5575; x_wconf 84' lang='grc' dir='ltr'>πνεῦμα</span> <span class='ocrx_word' id='word_1_927' title='bbox 3216 5504 3404 5559; x_wconf 83' lang='grc' dir='ltr'>δώσειν</span> <span class='ocrx_word' id='word_1_928' title='bbox 3439 5507 3680 5576; x_wconf 74' lang='grc' dir='ltr'>ἐλέγετο.</span> 
     </span>
    </p>
   </div>
   <div class='ocr_carea' id='block_1_117' title="bbox 2097 5590 3681 5670">
    <p class='ocr_par' dir='ltr' id='par_1_117' title="bbox 2097 5590 3681 5670">
     <span class='ocr_line' id='line_1_117' title="bbox 2097 5590 3681 5670; baseline 0.004 -27"><span class='ocrx_word' id='word_1_929' title='bbox 2097 5590 2322 5660; x_wconf 89' lang='grc' dir='ltr'>Πρῶτον</span> <span class='ocrx_word' id='word_1_930' title='bbox 2351 5591 2406 5645; x_wconf 75' lang='grc' dir='ltr'>δὲ</span> <span class='ocrx_word' id='word_1_931' title='bbox 2431 5591 2593 5645; x_wconf 85' lang='grc' dir='ltr'>αὑτὸν</span> <span class='ocrx_word' id='word_1_932' title='bbox 2622 5593 2680 5645; x_wconf 88' lang='grc' dir='ltr'>ὲν</span> <span class='ocrx_word' id='word_1_933' title='bbox 2703 5592 3020 5667; x_wconf 80' lang='grc' dir='ltr'>δικαιοσύνῃ</span> <span class='ocrx_word' id='word_1_934' title='bbox 3048 5596 3221 5660; x_wconf 78' lang='grc' dir='ltr'>καλεῖ,</span> <span class='ocrx_word' id='word_1_935' title='bbox 3255 5599 3374 5650; x_wconf 82' lang='grc' dir='ltr'>κατ’</span> <span class='ocrx_word' id='word_1_936' title='bbox 3408 5597 3681 5670; x_wconf 68' lang='grc' dir='ltr'>ἀξίαντὴν</span> 
     </span>
    </p>
   </div>
   <div class='ocr_carea' id='block_1_118' title="bbox 2094 5680 3661 5758">
    <p class='ocr_par' dir='ltr' id='par_1_118' title="bbox 2094 5680 3661 5758">
     <span class='ocr_line' id='line_1_118' title="bbox 2094 5680 3661 5758; baseline 0.008 -25"><span class='ocrx_word' id='word_1_937' title='bbox 2094 5680 2284 5750; x_wconf 82' lang='grc' dir='ltr'>κλῆσιν</span> <span class='ocrx_word' id='word_1_938' title='bbox 2316 5681 2476 5735; x_wconf 80' lang='grc' dir='ltr'>αὑτοῦ</span> <span class='ocrx_word' id='word_1_939' title='bbox 2503 5683 2593 5736; x_wconf 78' lang='grc' dir='ltr'>καὶ</span> <span class='ocrx_word' id='word_1_940' title='bbox 2625 5683 2765 5736; x_wconf 83' lang='grc' dir='ltr'><strong>κατά</strong></span> <span class='ocrx_word' id='word_1_941' title='bbox 2797 5686 2857 5737; x_wconf 84' lang='grc' dir='ltr'><strong>τὸ</strong></span> <span class='ocrx_word' id='word_1_942' title='bbox 2884 5684 3090 5740; x_wconf 82' lang='grc' dir='ltr'>δίκαιον</span> <span class='ocrx_word' id='word_1_943' title='bbox 3137 5687 3490 5758; x_wconf 74' lang='grc' dir='ltr'>ποιούμενοςο</span> <span class='ocrx_word' id='word_1_944' title='bbox 3534 5689 3661 5745; x_wconf 70' lang='grc' dir='ltr'>ἐπει</span> 
     </span>
    </p>
   </div>
   <div class='ocr_carea' id='block_1_119' title="bbox 2095 5774 3675 5849">
    <p class='ocr_par' dir='ltr' id='par_1_119' title="bbox 2095 5774 3675 5849">
     <span class='ocr_line' id='line_1_119' title="bbox 2095 5774 3675 5849; baseline 0.009 -24"><span class='ocrx_word' id='word_1_945' title='bbox 2095 5790 2160 5842; x_wconf 82' lang='grc' dir='ltr'><strong>τα</strong></span> <span class='ocrx_word' id='word_1_946' title='bbox 2195 5774 2490 5840; x_wconf 76' lang='grc' dir='ltr'>κρατήσειν</span> <span class='ocrx_word' id='word_1_947' title='bbox 2521 5775 2618 5840; x_wconf 78' lang='grc' dir='ltr'><strong>τῆς</strong></span> <span class='ocrx_word' id='word_1_948' title='bbox 2646 5776 2826 5842; x_wconf 82' lang='grc' dir='ltr'>χειρὸς</span> <span class='ocrx_word' id='word_1_949' title='bbox 2865 5776 3052 5845; x_wconf 82' lang='grc' dir='ltr'>αὑτοῦ,</span> <span class='ocrx_word' id='word_1_950' title='bbox 3078 5780 3169 5834; x_wconf 77' lang='grc' dir='ltr'>καὶ</span> <span class='ocrx_word' id='word_1_951' title='bbox 3189 5777 3468 5847; x_wconf 75' lang='grc' dir='ltr'>ἐνισχῦσαι</span> <span class='ocrx_word' id='word_1_952' title='bbox 3489 5781 3675 5849; x_wconf 62' lang='grc' dir='ltr'>αὑτὸν,</span> 
     </span>
    </p>
   </div>
  </div>
