3880 6216
214 283 323 340 $89

1142 275 1645 334 CUMMENTARIA
1686 275 1753 331 IN
1792 275 2052 335 ISAIAI.
2091 306 2163 320 --
2196 276 2346 333 CAP.
2385 277 2542 336 XLII.

3358 287 3464 344 590

213 406 311 458 καὶ
360 400 540 475 τρίτον
587 384 892 472 χαριεῖσθαι
941 400 1089 469 αὐτῷ
1134 401 1306 473 δῶρον
1369 400 1557 471 ὥσπερ
1582 416 1634 452 τι
1678 398 1793 467 φῶς

1901 408 2192 453 nensurnm
2220 439 2237 463 ,
2274 398 2558 468 ipsumque
2600 397 3075 455 corroboraturnm
3102 442 3118 464 ,
3153 414 3217 456 ac
3244 405 3462 459 tertium

214 494 382 561 μέγα,
408 495 542 547 πᾶσι
572 494 683 555 τοῖς
708 492 916 545 ἔθνεσιν
944 492 1334 561 ἐπαγγέλλεται
1373 492 1543 561 λέγων
1562 509 1575 522 ο
1618 512 1634 544 r
1683 491 1792 546 Καὶ

210 584 392 637 ἔδωκά
413 600 476 637 σε
508 585 587 646 είς
618 583 882 655 διαθήκην
918 583 1128 651 γένους,
1156 585 1237 646 είς
1279 584 1394 653 φῶς
1417 583 1607 637 ἐθνῶν.
1640 604 1658 636 ι
1685 584 1795 637 Πά-

210 675 301 730 λαι
341 676 439 745 μὲν
466 670 560 729 οὖν
589 674 677 729 διὰ
703 674 988 738 Μωῦσέως
1014 675 1112 744 τὴν
1142 674 1382 729 παλαιὰν
1414 675 1689 747 Διαθήκην
1716 674 1794 744 τῷ

223 765 496 820 Ἰουδαίων
525 766 699 819 ἐδίδου
728 765 839 836 λαῷ
862 782 877 795 '
916 765 1146 819 ἐνταῦθα
1173 767 1229 819 δὲ
1266 767 1359 820 τὸν
1391 767 1797 837 προφητευόμε-

211 876 303 911 νον
330 861 415 921 είς
444 857 707 927 διαθήκην
749 857 844 912 τοῦ
874 858 1064 926 γένους
1108 857 1216 912 τῶν
1240 859 1561 930 ἀνθρώπων,
1588 860 1682 915 καὶ
1714 861 1795 922 είς

212 950 331 1018 φῶς
367 949 537 1002 ἐθνῶν
563 949 907 1021 δωρήσασθαί
934 967 1125 1021 φησιν·
1157 952 1303 1013 ὅπως
1337 952 1395 1002 ἐν
1431 950 1581 1021 αὐτῷ
1630 968 1795 1019 φωτι-

178 1040 434 1111 Δξύμεινοι
457 1040 565 1094 τῶν
595 1041 763 1094 πάλαι
801 1041 900 1104 τὰς
952 1041 1127 1113 ψυχὰς
1179 1043 1391 1112 τυφλῶν
1433 1044 1483 1095 οί
1526 1041 1794 1113 ὀφθαλμοὶ⁵

209 1132 589 1202 διανοίγωνται
618 1134 711 1186 καί
737 1133 1081 1186 ἀναϐλέπωσι
1105 1134 1388 1205 διορῶντες
1410 1134 1507 1205 τὴν
1529 1134 1622 1190 τοῦ
1657 1134 1790 1187 Θεοῦ

209 1226 440 1293 γνῶσιν,
472 1226 548 1289 ὡς
583 1227 779 1296 μηκέτι
810 1226 983 1290 ξύλοις
1004 1229 1097 1280 καί
1121 1227 1288 1290 λίθοις
1318 1229 1411 1281 καὶ
1439 1228 1662 1299 ἀψύχων
1691 1226 1791 1299 ὕλῃ

208 1317 310 1387 τὴν
338 1318 434 1371 τοῦ
477 1317 612 1371 Θεοῦ
663 1318 827 1389 τιμὴν
875 1320 1186 1388 ἀπονέμειν.
1232 1320 1466 1390 Ἦμελλε
1524 1319 1633 1391 γὰρ
1667 1322 1792 1383 τοὺς

213 1412 426 1479 σειραῖς
450 1410 558 1462 τῶν
576 1409 720 1462 ίδίων
746 1411 1158 1481 ἁμαρτημάτων
1183 1412 1667 1483 κατεσφιγμένους,
1698 1414 1791 1467 καὶ

212 1501 273 1553 ἐν
322 1500 500 1571 σκότῳ
535 1516 595 1552 τε
640 1500 735 1553 καὶ
780 1500 946 1571 κακίᾳ
980 1500 1387 1571 πεπεδημένους
1428 1501 1514 1554 διά
1559 1502 1658 1573 τῆς
1697 1502 1791 1554 τοῦ

210 1592 351 1645 Θεοῦ
405 1593 628 1663 χάριτος
690 1591 973 1662 ἁμαρτιῶν
1032 1592 1280 1662 ἀφέσεως
1326 1592 1635 1657 καταξιοῦν,
1698 1593 1792 1647 καὶ

209 1680 402 1752 ὥσπερ
437 1683 503 1734 ἐκ
528 1680 916 1750 δεσμωτηρίων
949 1680 1202 1733 ἀπολύειν
1229 1680 1538 1751 ἐλευθέρους
1592 1696 1654 1735 τε
1700 1680 1791 1733 καὶ

208 1770 577 1825 ἀπαλλάττειν
602 1771 699 1841 τῆς
721 1770 815 1824 τοῦ
847 1770 1095 1825 διαϐόλου
1124 1771 1365 1842 εἱρκτῆς.

281 1970 300 2001 ι
354 1948 495 2018 Ἐγὼ
540 1948 742 2019 Κύριος
772 1950 799 2001 ὁ
836 1948 969 2011 Θεός
989 1964 1001 1978 ·
1032 1945 1189 2001 τοῦτό
1219 1945 1319 2018 μοῦ
1370 1948 1485 2000 ἐστι
1513 1945 1574 2001 τὸ
1599 1946 1791 2019 ὄνομα,

209 2041 310 2114 τὴν
344 2042 505 2109 δόξαν
555 2060 655 2112 μου
686 2041 860 2112 ἐτέρῳ
887 2040 948 2094 ού
983 2038 1158 2105 δώσω,
1181 2039 1300 2091 ούδέ
1322 2038 1421 2102 τὰς
1451 2039 1651 2111 ἀρετάς
1690 2056 1793 2109 μου

206 2137 326 2197 τοῖς
352 2134 626 2203 γλυπτοῖς.
659 2134 738 2187 Τά
767 2132 859 2186 ἀπ’
887 2132 1060 2202 ἀρχῆς
1112 2130 1217 2184 ἰδοὺ
1251 2130 1417 2199 ἦκασι
1437 2168 1453 2193 ,
1490 2132 1584 2184 καὶ
1632 2128 1794 2184 καινά

206 2223 378 2293 ἆέγὼ
408 2224 742 2293 ἀναγγέλλω,
777 2224 871 2277 καὶ
898 2224 1001 2294 πρὸ
1046 2220 1139 2275 τοῦ
1184 2220 1499 2289 ἀναγγεῖλαι
1552 2219 1792 2291 ἐδηλώθη

209 2319 362 2387 ὑμῖν.
400 2338 418 2368 ι
466 2317 781 2387 Ἐπιστῆσαι
802 2314 971 2382 ἀξιον,
996 2315 1073 2378 ὡς
1104 2315 1204 2368 ούκ
1234 2314 1440 2385 εἴρηται
1461 2353 1475 2377 ,
1502 2313 1611 2384 Τὴν
1638 2311 1794 2377 δόξαν

212 2426 322 2477 μου
349 2406 526 2459 οὐδενὶ
558 2404 744 2459 δώσω·
786 2404 1058 2459 δείκνυται
1106 2403 1204 2475 γὰρ
1228 2404 1257 2456 ὁ
1285 2402 1411 2466 Υίὸς
1442 2402 1534 2455 τοῦ
1583 2402 1794 2473 Ηατρὸς

208 2499 356 2568 ἔχων
374 2499 472 2569 τὴν
502 2498 657 2564 δόξαν
676 2513 688 2527 ·
713 2497 773 2550 τὸ
809 2498 906 2568 μὲν
951 2495 1059 2568 γάρ
1089 2496 1284 2558 οὐδενὶ,
1337 2494 1672 2567 ἀναιρετικὸν
1725 2490 1794 2565 ἦν

213 2588 415 2651 παντός
435 2604 450 2618 ’
472 2585 535 2640 τέ
557 2587 621 2658 δὴ
646 2587 817 2659 ἐτέρῳ
835 2586 908 2658 μὴ
931 2586 1143 2648 δώσειν,
1173 2587 1253 2639 ἐνὶ
1287 2586 1431 2656 μόνῳ
1462 2584 1559 2656 τὴν
1588 2584 1795 2656 συγχώ-

214 2696 376 2749 ρηειν
414 2679 735 2750 γεγενῆσθαι
785 2679 1057 2750 ἐμφαίνει,
1107 2677 1307 2749 δηλαδὴ
1336 2677 1412 2749 τῷ
1454 2694 1792 2751 προερητευο-

213 2775 365 2842 μένῳ
404 2766 572 2833 Οὗτος
597 2771 653 2824 δὲ
673 2767 740 2842 ἦν
776 2771 911 2842 πρὸς
938 2771 997 2824 ὂν
1027 2771 1243 2839 ἐλέγετο
1266 2786 1280 2800 ·

291 2969 309 3001 ι
358 2949 623 3003 Ἐκάλεσά
687 2966 745 3002 σε
797 2950 855 3003 ἐν
896 2948 1229 3020 δικαιοσύνῃ,
1264 2949 1358 3002 καὶ
1396 2950 1652 3021 κρατήσω
1697 2948 1793 3020 τῆς

210 3043 400 3114 χειρός
429 3060 542 3108 σου,
579 3042 673 3096 καὶ
703 3041 969 3111 ἐνισχύσω
995 3058 1075 3106 σε,
1101 3043 1195 3095 καλ⁵
1222 3041 1395 3096 ἔδωκά
1421 3058 1478 3094 σε
1507 3044 1586 3105 είς
1608 3040 1794 3113 διαθή-

212 3153 319 3207 κην
353 3137 562 3206 γένους,
594 3137 673 3198 είς
703 3136 815 3204 φῶς
844 3135 1032 3190 ἐθνῶν.
1070 3155 1089 3188 ι
1128 3136 1227 3190 Διά
1263 3136 1464 3190 τούτων
1491 3136 1569 3202 δὲ,
1615 3131 1788 3206 οἶμαι,
1819 3119 1860 3177 (ἶ

211 3229 325 3284 τῶν
367 3230 539 3299 λόγων
595 3229 664 3282 τὰ
712 3230 839 3299 ἔθνη
890 3229 1066 3283 πάντα
1105 3229 1385 3293 παιδεύει,
1431 3229 1634 3300 μηδένα
1691 3228 1790 3299 μὲν

211 3321 341 3378 θεὸν
388 3324 576 3392 ὑμνεῖν
608 3322 717 3376 τῶν
745 3324 912 3375 πάλαι
940 3324 1351 3393 ὀνομαζομένων
1388 3324 1569 3386 αὐτοῖς
1614 3322 1751 3376 θεῶν
1774 3338 1786 3353 ·

216 3416 380 3486 μόνον
426 3415 482 3467 δὲ
539 3416 631 3470 τὸν
678 3416 911 3485 Χριστὸν
958 3415 1051 3469 τοῦ
1088 3414 1223 3468 Θεοῦ
1249 3416 1339 3468 καὶ
1370 3415 1462 3468 τὸν
1499 3414 1791 3485 πέμψαντα

174 3508 175 3511 “
212 3508 380 3559 αὑτὸν
414 3507 633 3577 Πατέρα
660 3506 919 3573 δοξάζειν.

285 3643 304 3674 ι
351 3622 661 3693 Ὑμνήσατε
685 3620 763 3692 τῷ
792 3621 981 3692 Κυρίῳ
1007 3620 1173 3691 ὕμνον
1208 3620 1418 3674 καινόν·
1451 3623 1483 3692 ἡ
1520 3621 1661 3692 ἀρχὴ
1702 3620 1793 3673 αύ-

210 3714 328 3768 τοῦ.
385 3735 403 3765 ι
439 3714 605 3767 Τοῦτό
636 3731 767 3785 φησι
793 3714 988 3786 χρῆναι
1019 3717 1189 3767 ποιεῖν
1218 3715 1424 3777 πάντας
1450 3712 1787 3785 ἀνθρώπους.

216 3827 235 3858 ι
268 3806 534 3870 Δοξάζετε
592 3806 652 3859 τὸ
688 3806 857 3877 ὄνομα
892 3805 1054 3859 αὑτοῦ
1084 3806 1176 3859 ἀπ’
1212 3807 1380 3876 ἄκρου
1437 3805 1538 3874 τῆς
1588 3808 1709 3877 γῆς,
1741 3806 1790 3858 οἱ
1830 3838 1837 3846 ι

208 3899 634 3961 καταϐαίνοντες
659 3897 755 3968 τὴν
781 3897 1076 3961 θάλασσαν,
1105 3897 1200 3951 καὶ
1232 3898 1485 3960 πλέοντες
1518 3898 1706 3969 αὐτὴν,
1735 3899 1791 3952 ai

208 3992 367 4063 νῆσοι
399 3992 495 4044 καὶ
526 3991 575 4043 oi
610 3989 985 4052 κατοικοῦντες
1018 3989 1214 4053 αὑτάς·
1251 4008 1268 4040 ι
1290 3989 1364 4053 ὡς
1421 3991 1529 4043 ἀπδ
1551 3991 1651 4061 τῆς
1697 3990 1791 4043 τοῦ

208 4082 456 4155 Χριστοῦ
511 4082 880 4153 προσηγορίας
944 4081 1283 4153 Χριστιανῶν
1338 4082 1435 4153 τὴν
1502 4082 1793 4154 σύμπασαν

208 4176 393 4245 πεπλη
405 4174 628 4246 ρῶσθαι.
662 4176 955 4246 Ἀντικρυς
978 4175 1105 4236 τοὺς
1136 4173 1462 4237 ἀποστόλους
1488 4174 1581 4226 τοῦ
1606 4174 1791 4243 Σωτῆ-

209 4285 309 4341 ρος
343 4268 500 4338 ἠμῶν
534 4266 833 4337 σημαίνων,
876 4265 971 4329 οὒς
1020 4265 1171 4336 παρὰ
1204 4264 1301 4336 τὴν
1354 4264 1627 4319 θάλασσαν
1680 4261 1791 4318 εἶδε

211 4359 509 4429 βάλλοντας
531 4358 937 4428 ἀμφίϐληστρον
962 4358 1041 4420 είς
1069 4357 1165 4427 τὴν
1195 4356 1465 4409 θάλασσαν
1484 4374 1496 4387 ο
1521 4353 1657 4428 ἦσαν
1684 4357 1791 4429 γάρ

1897 489 1998 558 ipsi
2049 490 2251 545 donum
2302 490 2659 553 collaturum,
2716 501 2769 545 et
2831 507 2932 547 ceu
2989 493 3163 548 lucem
3213 510 3462 565 magnam

1894 580 2144 635 omnibus
2173 583 2422 651 gentibus
2450 581 2755 637 oblaturum
2780 598 2903 639 esse
2926 585 3229 654 pollicetur,
3255 587 3462 650 dicens.

1898 691 1921 726 ι
1953 672 2022 728 Ει
2048 672 2169 728 dedi
2203 683 2253 727 te
2279 674 2329 727 in
2370 683 2748 729 testamentum
2776 678 3011 745 generis,
3042 679 3095 731 in
3127 678 3301 733 lucem
3332 696 3465 750 gen-

1894 762 2048 816 tium.
2092 780 2113 813 ι
2144 762 2283 817 Olim
2316 764 2496 833 itaque
2537 780 2633 832 per
2675 764 2911 835 Moysen)
2945 764 3110 821 Vetus
3150 766 3464 823 Testamen~

1896 863 2005 907 tum
2038 849 2261 908 Judaico
2288 855 2485 924 populo
2513 856 2698 911 dedit:
2736 858 2823 911 hic
2866 869 3045 911 autem
3092 874 3239 924 eum,
3276 862 3367 928 qui
3404 862 3459 915 in

1893 946 2173 1013 prophetia
2197 943 2370 999 fertur
2398 947 2451 1000 in
2484 957 2865 1006 testamentum
2907 951 3119 1018 generis
3163 951 3463 1013 hominum,

1893 1045 1949 1090 et
1991 1038 2041 1089 in
2073 1036 2244 1091 lucem
2272 1039 2510 1107 gentium
2546 1038 2783 1091 dandum
2833 1041 2941 1103 ait;
2974 1051 3033 1094 ut
3069 1057 3136 1096 eo
3175 1041 3464 1096 illuminati

1897 1138 2083 1179 eorum
2109 1125 2273 1190 oculi,
2305 1128 2395 1196 qui
2430 1127 2557 1180 olim
2584 1140 2758 1182 mente
2780 1132 2907 1184 caeci
2925 1142 3083 1186 erant
3102 1134 3461 1201 aperirentur,

1896 1232 1961 1272 ac
1996 1228 2210 1286 recepto
2243 1218 2357 1272 visu
2392 1219 2485 1274 Dei
2524 1222 2884 1290 cognitionem
2919 1235 3377 1290 assequerentur;
3407 1234 3466 1279 ut

1893 1325 1962 1363 nc
1992 1310 2133 1363 ultra
2183 1310 2368 1377 lignis,
2408 1309 2680 1380 lapidibus
2724 1322 2778 1366 et
2817 1313 3232 1367 inanimatarum
3282 1330 3463 1369 rerum

1894 1401 2137 1455 materia:
2181 1400 2274 1454 Dei
2320 1400 2577 1454 honorem
2619 1403 2974 1456 ascriberent.
3012 1402 3342 1459 Atenimeos
3371 1406 3464 1475 qui

1893 1501 2238 1562 peccatorum
2257 1505 2477 1545 suorum
2501 1492 3274 1564 vinculisconstringebantur,
3302 1505 3467 1565 atque

1895 1583 2215 1639 intenebris
2243 1593 2296 1638 et
2322 1584 2543 1638 malitiae
2592 1586 2941 1653 compedibus
2993 1596 3169 1652 erant,
3222 1603 3319 1658 per
3365 1589 3463 1644 Dei

1892 1675 2125 1744 gratiam
2151 1683 2493 1743 peccatorum
2543 1676 2694 1728 venia
2728 1677 3025 1731 donaturus
3048 1718 3062 1741 ,
3094 1693 3195 1732 ceu
3229 1696 3299 1734 ex
3337 1694 3463 1734 car-

1820 1772 1865 1833 B
1891 1781 2015 1820 cere
2055 1765 2257 1819 liberos
2285 1765 2596 1830 soluturus,
2633 1781 2699 1819 ac
2728 1781 2759 1822 e
2792 1766 2992 1823 diaboli
3048 1770 3293 1826 custodia
3341 1786 3464 1827 ere-

1894 1867 2085 1929 plurus
2114 1867 2250 1912 erat.

1966 1955 2131 2010 Vens.
2154 1954 2270 2009 8-9.
2302 1971 2321 2007 ι
2346 1954 2459 2025 Ego
2487 1954 2749 2009 Dominus
2771 1953 2915 2009 Deus
2941 1972 2955 2010 :
2990 1956 3089 2011 hoc
3110 1957 3239 2013 mihi
3269 1973 3464 2015 nomen

1894 2057 1996 2114 est,
2025 2058 2079 2102 et
2106 2047 2333 2116 gloriam
2366 2063 2540 2102 meam
2572 2047 2728 2102 alteri
2758 2065 2860 2103 non
2892 2049 3052 2113 dabo,
3085 2065 3259 2121 neque
3285 2051 3462 2106 virtu-

1895 2146 1975 2191 tes
2002 2152 2153 2191 meas
2191 2136 2553 2205 scnlptilibus.
2591 2136 2721 2203 Qua:
2751 2153 2780 2191 a
2827 2139 3097 2208 principio
3134 2155 3263 2195 ecce
3302 2155 3468 2197 vene-

1894 2239 2041 2295 runt,
2078 2240 2131 2282 et
2163 2244 2296 2282 nova
2338 2242 2457 2298 qua:
2489 2243 2587 2297 ego
2610 2231 2904 2296 annuntio,
2942 2241 2994 2286 et
3039 2240 3329 2300 antequam
3364 2248 3466 2287 an-

1895 2319 2206 2373 nuutientur
2247 2319 2519 2373 declarata
2572 2329 2697 2371 sunt
2733 2320 2911 2373 vobis.
2971 2338 2990 2370 ι
3043 2322 3466 2378 Auintadvertas

1893 2411 2052 2465 velim
2104 2424 2209 2463 non
2268 2410 2472 2463 dictum
2522 2407 2708 2473 fuisse,
2767 2409 2996 2479 gloriam
3052 2428 3226 2465 meam
3259 2413 3465 2469 nemini

1893 2502 2031 2557 dabo
2058 2517 2070 2553 :
2115 2516 2235 2554 nam
2264 2499 2458 2554 Filium
2483 2499 2656 2555 Patris
2683 2500 2909 2571 gloriam
2959 2502 3161 2557 habere
3183 2513 3465 2559 ostensum

1892 2602 2013 2658 est;
2044 2591 2186 2662 quod
2228 2591 2371 2646 enim
2409 2593 2609 2646 nemini
2648 2594 2825 2658 detur,
2874 2594 2923 2647 id
2945 2595 3239 2664 quemlibet
3280 2598 3466 2652 exclu-

1892 2684 2009 2747 dit;
2040 2683 2181 2753 quod
2216 2692 2395 2737 autem
2428 2682 2584 2736 alteri
2620 2698 2725 2737 non
2752 2684 2930 2749 detur,
2966 2685 3093 2740 hinc
3134 2686 3226 2742 uni
3288 2687 3462 2743 solm:

1892 2789 2207 2829 concessam
2239 2774 2409 2829 fuisse
2431 2776 2756 2841 declaratur,
2784 2776 2997 2831 scilicet
3022 2777 3094 2841 ei,
3125 2777 3217 2847 qui
3247 2777 3301 2832 in
3338 2793 3467 2847 pro-

1892 2866 2070 2935 phetia
2102 2864 2293 2919 fertur.
2332 2864 2432 2920 Hic
2472 2881 2633 2934 porro
2679 2879 2798 2919 erat
2839 2868 2927 2921 cui
2961 2868 3286 2924 dicebatur:

1960 2958 2187 3014 «Vocavi
2210 2969 2259 3013 te
2279 2959 2329 3012 in
2344 2958 2635 3027 justitia,et
2652 2961 3048 3029 apprehendam
3068 2978 3281 3017 manum
3298 2973 3466 3032 tuam,

1895 3050 2260 3104 corroborabo
2294 3061 2366 3116 te,
2395 3059 2452 3104 et
2483 3050 2600 3103 dedi
2636 3060 2685 3104 te
2714 3052 2767 3105 in
2801 3060 3183 3107 testamentum
3225 3056 3464 3124 generis,

1894 3141 1949 3193 in
1978 3140 2150 3195 lucem
2188 3142 2454 3212 gentium.
2492 3160 2511 3193 ι
2546 3139 2639 3195 llis
2660 3157 2853 3211 porro,
2888 3152 2947 3197 ut
2979 3145 3189 3199 :cstimo
3212 3186 3227 3212 ,
3253 3161 3466 3202 sermo-

1894 3230 2055 3284 nibus
2108 3240 2296 3301 gentes
2342 3246 2531 3285 omnes
2573 3233 2778 3294 erudit,
2825 3247 2894 3287 ne
2926 3233 3086 3287 deum
3137 3234 3301 3290 ullum
3329 3237 3471 3292 cele-

1894 3321 2055 3375 brent
2096 3337 2316 3387 eorum,
2362 3323 2453 3391 qui
2488 3322 2614 3376 olim
2664 3324 2803 3392 apud
2844 3339 2939 3379 eas
2975 3327 3049 3381 dii
3095 3329 3466 3398 vocabantur;

1894 3413 1988 3466 sed
2035 3412 2209 3467 solum
2258 3414 2535 3468 Christum
2560 3414 2692 3480 Dei,
2725 3425 2781 3470 et
2818 3414 3069 3484 Patrem,
3099 3419 3190 3489 qui
3222 3420 3370 3477 misit
3405 3421 3470 3476 il-

1897 3502 2030 3566 lum,
2070 3503 2238 3573 gloria
2269 3504 2521 3559 alliciant.

1966 3615 2129 3670 Vens.
2167 3616 2251 3672 10.
2313 3634 2332 3667 ι
2370 3616 2596 3671 Cantate
2646 3617 2875 3673 Domino
2921 3621 3194 3675 canticum
3245 3638 3465 3689 novum,

1895 3708 2229 3779 principatus
2259 3715 2394 3776 ejus.
2432 3727 2450 3760 ι
2492 3707 2548 3762 Id
2580 3711 2651 3763 ab
2683 3711 2938 3766 omnibus
2988 3713 3294 3769 hominibus
3331 3732 3469 3785 pra:-

1895 3801 2148 3854 standum
2174 3801 2271 3854 ait.
2314 3818 2331 3850 ι
2369 3799 2684 3855 Glorilicate
2713 3817 2909 3856 nomen
2949 3802 3067 3872 ejus
3116 3804 3185 3859 ab
3226 3815 3469 3862 extremo

1898 3900 2077 3953 terrae,
2105 3891 2196 3959 qui
2225 3890 2555 3945 descenditis
2585 3891 2636 3943 in
2663 3907 2843 3956 mare,
2878 3903 2931 3946 et
2960 3895 3224 3964 navigatis
3268 3896 3467 3966 ipsum,

1897 3982 2087 4037 insulae
2111 3992 2166 4036 et
2198 3982 2532 4037 habitatores
2567 3998 2755 4037 earum
2785 3998 2798 4035 :
2833 4002 2852 4035 ι
2895 3985 2966 4037 ita
3006 3994 3118 4039 uta
3143 3985 3345 4042 Christi
3379 4004 3473 4043 no-

1894 4076 2080 4138 mine,
2121 4073 2379 4127 universa
2425 4082 2565 4128 terra
2610 4071 2932 4128 Christianis
2986 4077 3187 4145 repleta
3237 4080 3327 4132 sit.
3372 4077 3470 4133 His

1894 4182 2058 4237 porro
2093 4168 2374 4235 apostolos
2416 4164 2725 4219 Servatoris
2760 4167 2930 4219 nostri
2976 4168 3255 4237 perspicue
3302 4171 3472 4239 signi-

1895 4262 2057 4321 licat,
2098 4273 2237 4327 quos
2283 4258 2350 4311 ad
2400 4256 2551 4310 littus
2590 4257 2753 4310 maris
2786 4256 2920 4310 vidit
2957 4258 3220 4327 jacieutcs
3269 4272 3383 4318 rete
3415 4263 3472 4317 in

1896 4368 2086 4407 mare:
2125 4361 2283 4405 erant
2325 4351 2469 4404 enint
2525 4351 2868 4420 piscatores;
2919 4352 3279 4422 similiterque
3312 4355 3467 4409 alios.

209 4453 384 4514 ἁλιεῖς
406 4468 421 4480 ’
456 4450 655 4521 ὁμοίως
680 4450 736 4502 δὲ
770 4451 860 4501 καὶ
890 4450 1013 4511 τοῦς
1047 4448 1286 4512 λοιπούς.
1333 4451 1394 4501 Οί
1436 4449 1588 4502 αὐτοὶ
1625 4449 1680 4501 δέ
1712 4444 1793 4503 οὗ·

1901 4443 1961 4497 Hi
1996 4458 2127 4497 vero
2161 4442 2262 4511 ipsi
2293 4456 2442 4495 mare
2474 4452 2721 4495 nostrum
2752 4444 3311 4514 circumnavigantes,
3357 4465 3475 4503 mo-

209 4560 316 4607 τοι,
348 4541 443 4593 καὶ
474 4542 572 4610 τὴν
604 4538 723 4592 καθ’
756 4540 900 4609 ἡμᾶς
932 4538 1313 4609 περιπλέοντες
1344 4538 1629 4600 θάλατταν,
1670 4540 1791 4591 τοτὲ

216 4635 315 4703 μὲν
342 4635 399 4685 ἐν
424 4634 543 4693 ταῖς
568 4631 749 4701 νήσοις
780 4631 1076 4699 ἐκήρυττον
1109 4628 1168 4680 τὸ
1196 4626 1544 4696 Εύαγγέλιον,
1591 4627 1710 4680 τοτὲ
1735 4628 1792 4680 δὲ

209 4725 481 4778 διέϐαινον
533 4722 785 4775 ἐπέκεινα
817 4722 1055 4784 Σπανίας
1103 4738 1163 4773 τε
1194 4721 1287 4772 καὶ
1332 4719 1579 4781 Ἰταλίας,
1605 4718 1680 4782 ὡς
1735 4720 1793 4772 ἐν

210 4819 379 4887 ὀλίγῳ
413 4814 593 4886 χρόνῳ
612 4815 704 4867 καὶ
720 4813 887 4883 αὐτὴν
914 4812 1298 4882 βασιλεύουσαν
1330 4810 1484 4862 πόλιν
1506 4811 1792 4882 πληρῶσαι

212 4911 312 4979 τῆς
332 4908 431 4961 τοῦ
462 4906 695 4976 Χριστοῦ
714 4904 1079 4967 διδασκαλίας.
1110 4905 1219 4956 Καὶ
1242 4902 1413 4965 ἄλλως
1435 4903 1490 4955 δὲ
1506 4905 1553 4955 οἱ
1577 4904 1675 4974 τὴν
1698 4904 1792 4957 τοῦ

215 5000 559 5071 ἀνθρωπίνου
589 4998 701 5069 βίου
725 4998 998 5052 θάλασσαν
1025 4996 1369 5067 ἐμπλέοντες,
1400 4995 1491 5048 καὶ
1520 4997 1652 5049 πᾶσι
1681 4999 1793 5060 τοῖς

217 5093 427 5145 ἔθνεσιν
456 5094 514 5144 ἐν
546 5092 735 5162 μέσαις
787 5095 903 5153 ταῖς
955 5089 1268 5159 ἐκκλησίαις
1320 5088 1681 5158 κηρύττοντες
1734 5089 1795 5141 τὸ

218 5185 549 5253 Εὑαγγέλιον
570 5182 657 5236 διὰ
686 5183 794 5234 τῶν
818 5182 1188 5253 προκειμένων
1210 5180 1490 5249 δηλοῦνται
1513 5198 1525 5211 ·
1557 5181 1677 5233 ἐπεὶ
1702 5186 1796 5234 καὶ

221 5278 370 5330 αὐτοὶ
410 5277 502 5329 τὸν
530 5275 714 5328 καινὸν
736 5273 765 5326 ῦ
774 5291 902 5343 μνον
928 5276 1073 5345 πάσῃ
1098 5274 1463 5343 κατήγγελλον
1488 5277 1553 5345 τῇ
1587 5278 1677 5345 γῇ,
1702 5275 1796 5326 καὶ

221 5368 529 5440 ἀνθρώποις
558 5368 615 5419 ἐν
642 5366 829 5437 μέσαις
844 5367 959 5427 ταῖς
981 5365 1296 5435 ἐκκλησίαις
1321 5383 1389 5436 κη
1400 5366 1677 5435 ρύττοντες
1702 5367 1827 5421 καὶ.

1900 4538 1967 4591 do
2014 4536 2067 4589 in
2135 4535 2328 4589 insulis
2362 4534 2710 4604 Evangelium
2751 4536 3152 4604 pra-dicabant;
3215 4540 3371 4592 modo
3414 4541 3470 4594 in

1900 4628 2211 4699 Hispaniam
2250 4636 2305 4681 ct
2348 4626 2555 4680 Italiam
2599 4628 2968 4694 trajiciuhant;
3010 4633 3078 4682 ita
3116 4640 3175 4684 ut
3206 4633 3351 4685 brevi
3387 4649 3471 4687 re-

1898 4724 2040 4792 giam
2074 4722 2247 4792 ipsam
2283 4720 2472 4776 urbem
2504 4722 2747 4777 doctrina
2773 4722 2974 4778 CIII‘iSli
3010 4724 3300 4793 replerent.
3348 4727 3473 4781 Alio

1900 4814 2030 4868 item
2092 4814 2286 4879 modo,
2326 4814 2555 4868 indicari
2599 4815 2850 4869 videntur
2895 4815 2964 4879 ii,
3004 4817 3094 4883 qui
3135 4817 3186 4870 in
3224 4818 3473 4873 humanae

1900 4908 2027 4961 vitae
2054 4906 2188 4961 mari
2216 4908 2556 4977 navigantes,
2591 4907 2727 4975 apud
2752 4922 2941 4961 omnes
2972 4918 3159 4977 gentes
3188 4910 3239 4962 in
3276 4911 3473 4965 mediis

1900 5000 2146 5055 ecclesiis
2180 4999 2533 5068 Evangelium
2583 5000 2993 5068 pra-dicabant:
3033 5002 3471 5071 quandoquidem

1902 5105 1955 5147 et
1984 5094 2085 5162 ipsi
2116 5095 2373 5163 hymnum
2403 5107 2601 5145 novum
2644 5106 2739 5160 per
2768 5108 2981 5144 omnent
3028 5102 3227 5145 terrain
3265 5109 3474 5145 annun-

1905 5187 2112 5239 tiabant
2133 5226 2147 5249 ,
2174 5195 2227 5238 et
2263 5185 2313 5237 in
2340 5184 2515 5237 medio
2545 5182 2899 5236 ecclesiarum
2937 5182 3241 5235 hominibus
3280 5187 3476 5250 praedi-

1903 5279 2103 5330 cabant
2135 5288 2187 5329 ct
2221 5277 2510 5329 docebant.
2544 5294 2561 5326 ι
2607 5275 2670 5328 Et
2711 5276 3041 5328 habitatores
3072 5291 3281 5330 earum.
3321 5294 3342 5328 ι
3382 5274 3480 5329 liis

1905 5368 2179 5435 signiﬁcat
2209 5382 2323 5428 eos,
2360 5366 2451 5435 qui
2479 5366 2531 5419 in
2560 5366 2807 5419 ecclesiis
2840 5380 3015 5419 costus
3044 5375 3227 5436 agunt.

222 5461 579 5521 διδᾶσκοντες.
600 5476 617 5509 ι
645 5458 753 5510 Καὶ
782 5459 829 5510 οἱ
850 5456 1224 5521 κατοικοῦντες
1245 5457 1414 5521 αὐτάς
1433 5474 1447 5488 ⁸
1476 5475 1494 5509 ι
1521 5459 1646 5521 τοὺς
1667 5460 1723 5512 ἐν
1738 5456 2190 5529 ταῖςέκκλησίαις
2212 5456 2609 5528 συναγομένους
2624 5457 2816 5511 τοῦτον
2834 5458 3113 5528 ἐμφαίνων
3136 5458 3227 5513 τδν
3252 5460 3477 5533 τρόπον.

292 5594 310 5627 ι
353 5572 722 5646 Εὐφράνθητι,
756 5574 976 5646 ἕρημος,
1042 5574 1136 5627 καὶ
1174 5574 1229 5627 αἱ
1255 5574 1433 5645 κῶμαι
1468 5575 1637 5645 αὐτῆς
1668 5593 1680 5605 ·
1717 5594 1735 5628 ι
1764 5575 1799 5647 ἢ

226 5668 360 5723 κατὰ
393 5669 520 5732 τοὺς
550 5666 768 5732 λοιποὺς
796 5669 1153 5743 ἑρμηνευτάς,
1184 5688 1201 5721 ι
1234 5672 1327 5723 καὶ
1354 5670 1533 5733 πόλεις
1561 5671 1747 5741 αὐτῆς.
1784 5690 1801 5723 ›

1981 5576 2145 5631 Vens.
2168 5578 2255 5631 ll.
2288 5596 2305 5628 ι
2340 5576 2543 5631 Laetare
2576 5579 2873 5633 desertum.
2901 5588 2955 5632 et
2984 5579 3090 5634 vici
3121 5581 3276 5650 ejus;
3307 5602 3325 5635 ι
3361 5585 3477 5640 sive

1916 5671 2207 5726 secundum
2236 5670 2470 5739 reliquos
2500 5670 2848 5741 intcrpretcs,
2888 5691 2907 5724 ι
2939 5683 2993 5729 et
3019 5675 3264 5734 civitates
3287 5678 3423 5740 eius.
3449 5698 3473 5731 ι
