3880 6216
450 240 549 297 39f

1122 240 1397 299 EUSEBII
1435 243 1917 303 CAESARIENSIS
1952 247 2106 305 OPP.
2147 249 2327 306 PARS
2360 250 2454 309 ιιι.
2493 284 2564 298 --
2601 252 3015 309 EXEGETICA.

3600 265 3704 321 399.

450 351 632 411 Multa:
674 354 871 427 quippe
911 358 1076 415 urbes
1124 360 1420 416 secundum
1458 362 1671 419 diversa
1711 365 1835 423 vita:
1866 367 2015 423 insti-

2128 370 2325 425 Πολλαὶ
2353 374 2462 446 γάρ
2490 372 2674 439 πόλεις
2708 375 2847 431 κατὰ
2872 375 2970 438 τὰς
3017 372 3306 448 διατόρους
3355 376 3628 444 πολιτείας
3647 382 3705 434 ἐν

451 456 566 502 tnta
610 449 662 502 in
705 447 951 505 Ecclesia
994 451 1086 507 Dei
1146 453 1555 523 intelliguntur,
1610 466 1669 512 ut
1724 457 1778 513 in
1824 459 2028 515 visione

448 534 670 611 Egypti
700 543 1034 598 declaratum
1058 553 1163 611 est,
1200 546 1290 601 ubi
1323 547 1626 616 dicebatur,
1655 552 1901 622 quinque
1931 569 2027 608 ur-

452 628 549 682 bes
586 631 637 683 iu
666 629 907 702 Egypto
942 632 1076 697 fore,
1106 649 1226 702 qua:
1257 634 1440 706 lingua
1459 637 1819 697 Chananitide
1844 643 2028 714 loque-

452 733 662 777 rentur.
703 742 724 775 ι
768 724 916 779 Villae
951 734 1003 779 et
1051 726 1387 783 habitatores
1429 728 1624 785 Cedar.
1674 729 2029 790 Laetabuntur

447 813 541 881 qui
580 814 827 869 habitant
868 814 1122 880 Petram,
1164 817 1231 871 de
1273 819 1481 875 vertice
1518 823 1783 878 montium
1824 824 2028 880 clama-

449 903 602 957 bunt.
635 924 654 957 ι
688 906 865 961 Cedar
903 908 954 962 in
983 909 1227 965 nlteriori
1273 912 1473 966 Arabia
1501 914 1602 968 sita
1640 924 1724 971 est
1753 918 1820 971 ad
1848 927 2028 974 extre-

448 1009 597 1047 mum
627 996 828 1051 deserti
852 1038 867 1062 ,
899 1013 1058 1066 quam
1111 1000 1296 1057 dicunt
1333 1004 1581 1059 obtinere
1625 1008 2022 1062 Saracenorum

449 1094 688 1154 gentem.
726 1086 822 1142 His
850 1104 1041 1145 omnes
1068 1091 1268 1147 deserti
1309 1103 1365 1149 et
1409 1095 1594 1150 finium
1641 1106 1800 1152 terras
1837 1098 2025 1154 incola:

448 1180 825 1248 significantur
847 1224 863 1244 .
899 1184 970 1237 ita
998 1194 1055 1238 ut
1086 1187 1425 1245 rationabilis
1454 1189 1543 1245 illa
1584 1189 1676 1244 Dei
1719 1189 1900 1244 lmtitia
1930 1207 2025 1259 per

445 1271 648 1327 Christi
676 1276 910 1344 gratiam
944 1277 1010 1331 ad
1036 1294 1136 1335 nos
1168 1297 1337 1350 usque
1363 1293 1688 1351 perventura
1727 1285 1817 1342 sit.
1865 1284 2022 1339 Petra

448 1379 579 1420 vero
606 1369 737 1422 urbs
763 1370 1010 1437 quaedam
1050 1370 1359 1429 Palaestina!
1376 1385 1480 1441 est,
1513 1378 1909 1445 superstitiosis
1941 1381 2021 1431 vi-

448 1456 529 1510 ris
570 1457 760 1527 plena,
796 1470 852 1515 et
908 1461 959 1515 in
1002 1465 1329 1538 profundum
1373 1467 1627 1524 diabolici
1674 1469 1880 1525 erroris
1925 1471 2021 1524 de-

448 1552 852 1622 mersamnjus
898 1556 1026 1612 item
1076 1558 1281 1615 incolas
1325 1562 1518 1631 gratiae
1570 1571 1851 1616 consortes
1904 1561 2022 1617 fore

444 1641 577 1695 dicit
597 1643 893 1711 bisverbis,
927 1665 947 1697 ι
969 1644 1320 1704 [ιιειτιιηιιιιιίιθ
1343 1654 1432 1716 qui
1460 1650 1960 1707 babitantPetram.
1991 1671 2013 1705 ι

2129 466 2198 535 τῇ
2240 464 2538 538 Ἐκκλησία
2556 467 2649 521 τοῦ
2674 467 2808 521 Θεοῦ
2831 467 3193 529 ἐπινοοῦνται,
3216 467 3293 530 ὡς
3316 468 3586 523 ἐδείκνυτο
3612 471 3705 525 καὶ

2128 558 2188 610 ἐν
2220 560 2283 627 τῇ
2311 559 2500 630 ὁράσει
2526 560 2626 631 τῆς
2666 560 2962 629 Αἰγύπτου,
3008 560 3067 612 ἐν
3188 559 3441 630 ἐλέγοντο
3489 560 3707 618 ἔσεσθαι

2129 648 2291 703 πέντε
2339 650 2520 714 πόλεις
2573 655 2631 706 ἐν
2664 652 2922 723 Αἰγύπτῳ
2962 650 3218 705 λαλοῦσαι
3268 655 3337 723 τῇ
3386 652 3603 727 γλώσσῃ
3638 656 3707 727 τῇ

2128 741 2454 797 Χανανίτιδι.
2502 761 2521 795 ι
2561 743 2844 807 Ἐπαύλεις
2882 742 2976 797 καὶ
2999 746 3048 797 of
3089 745 3467 810 κατοικοῦντες
3493 748 3708 822 map.

2127 834 2609 905 Εὑφρανθήσονται
2646 837 2695 889 oi
2725 836 3108 900 κατοικοῦντες
3136 837 3368 908 Πέτραν,
3398 840 3491 892 ἀπ’
3532 840 3710 913 ἄκρου

2126 924 2235 979 τῶν
2296 925 2466 997 ὀρέων
2519 927 2792 998 βοήσουσι.
2833 946 2850 979 ι
2921 927 2986 980 Ἦ
3025 928 3217 1000 Κηδάρ
3242 928 3298 982 δὲ
3323 930 3577 985 ἐπέκεινα
3606 930 3710 1003 τῆς

2140 1016 2397 1088 Ἀραϐίας
2415 1019 2673 1089 τυγχάνει
2697 1019 2793 1071 ἐπὶ
2818 1017 2921 1090 τῆς
2958 1020 3195 1090 ἐσχάτης
3219 1022 3447 1093 ἐρήμου,
3469 1023 3564 1076 καὶ
3584 1041 3711 1076 κατ·

2126 1109 2269 1179 ἐχειν
2293 1110 2425 1178 φασὶ
2467 1109 2530 1163 τὸ
2559 1109 2669 1162 τῶν
2697 1110 3029 1182 Σαρακηνῶν
3065 1112 3240 1180 γένος.
3295 1115 3374 1165 Διΐ
3395 1105 3470 1166 ὧν
3500 1116 3529 1167 6
3549 1113 3711 1184 λόγος

2126 1198 2392 1271 ἐϐουλήθη
2417 1201 2629 1265 πάντας
2659 1201 2787 1263 τοὺς
2834 1202 2933 1266 τὰς
2959 1204 3199 1275 ἐρήμους
3239 1205 3333 1258 καὶ
3380 1204 3450 1259 τὰ
3501 1205 3712 1277 ἔσχατα

2125 1290 2223 1359 τῆς
2249 1290 2351 1360 γῆς
2393 1290 2676 1355 οἰκοῦντας
2700 1292 2958 1362 δηλῶσαι,
2980 1294 3055 1359 ὡς
3079 1296 3180 1366 τῆς
3204 1295 3301 1349 τοῦ
3323 1296 3458 1350 Θεοῦ
3481 1297 3712 1370 λογικῆς

2123 1380 2462 1452 εὐφροσύνης
2490 1382 2579 1436 διὰ
2603 1384 2704 1452 τῆς
2722 1383 2815 1437 τοῦ
2851 1384 3086 1456 Χριστοῦ
3114 1386 3335 1458 χάριτος
3377 1388 3470 1441 καὶ
3510 1389 3712 1460 μέχρις

2122 1472 2280 1542 ἡμῶν
2314 1472 2539 1541 φθάνειν
2565 1473 2882 1547 μελλούσης.
2916 1477 3025 1530 Καὶ
3052 1476 3235 1547 Πέτρα
3263 1478 3321 1531 δέ
3349 1481 3437 1542 τίς
3466 1479 3580 1533 ἐστι
3603 1480 3710 1533 πό-

2122 1560 2206 1624 λις
2231 1562 2594 1634 Παλαιστίνης
2622 1565 3028 1637 δεισιδαιμόνων
3061 1569 3293 1640 ἀνδρῶν,
3324 1571 3418 1624 καὶ
3443 1570 3608 1642 πολλῇ
3637 1575 3709 1644 τῇ

2122 1651 2297 1725 πλάνῃ
2343 1657 2408 1725 τῇ
2462 1654 2748 1728 δαιμονικῇ
2802 1657 3233 1730 βεϐαπτισμένη·
3288 1656 3357 1729 ἦς
3391 1662 3486 1715 καὶ
3531 1662 3711 1733 αὐτῆς

441 1731 614 1803 Cujus
643 1737 911 1792 sermonis
943 1738 1227 1793 veritatem
1254 1740 1370 1809 ipse
1400 1755 1581 1793 rerum
1617 1752 2015 1797 eventuscom-

2125 1743 2243 1806 τοὺς
2269 1743 2512 1808 ἐνοίκους
2544 1747 2644 1816 τῆς
2669 1727 2889 1817 χάριτος
2913 1727 3321 1818 μεταλήψεσθαί
3349 1766 3480 1819 φησι
3503 1727 3705 1819 λέγων·

447 1827 718 1893 probavit,
746 1842 868 1883 cum
924 1829 975 1882 in
1014 1830 1128 1899 ipsa
1185 1830 1526 1887 Petrensinm
1579 1834 1822 1896 civitate,
1866 1844 1922 1889 et
1964 1834 2018 1889 in

437 1931 576 1985 agro
622 1918 768 1987 ejus,
814 1935 1023 1975 necnon
1073 1923 1124 1976 in
1176 1922 1558 1979 solitudinibus
1599 1924 2018 1992 Saracenorum,

443 2006 646 2061 Christi
676 2008 931 2065 Ecclesia‘.
976 2013 1176 2069 nostris
1225 2015 1554 2085 temporibus
1609 2015 1845 2070 fundatae
1887 2016 2016 2072 sint.

441 2098 593 2155 Alias
627 2117 754 2157 vero
783 2104 956 2160 Ccdar
979 2106 1252 2175 signiﬁcat
1283 2111 1550 2173 tenebras,
1592 2123 1778 2163 eorum
1810 2124 2000 2174 causa,

440 2191 536 2258 qui
598 2207 627 2245 a
676 2194 917 2251 tenebris
969 2197 1035 2250 ad
1091 2199 1470 2252 annuntiatam
1523 2200 1774 2268 gentibus
1842 2199 2015 2255 lucem

446 2283 694 2339 translati
742 2295 888 2342 sunt.
932 2286 1054 2344 Pari
1099 2291 1286 2344 lzetitia
1327 2289 1637 2345 alliciendos
1682 2291 1759 2346 ait
1800 2306 1895 2347 eos
1922 2291 2015 2362 qui

2125 1853 2143 1885 ι
2182 1835 2664 1907 Εὐφρανθήσονται
2691 1839 2740 1890 οί
2776 1836 3052 1902 οἰκοῦντες
3075 1839 3307 1911 Πέτραν.
3339 1858 3358 1891 ι
3393 1838 3609 1893 Τούτων
3646 1840 3712 1896 δὲ

2116 1925 2225 1979 τῶν
2252 1927 2424 1996 λόγων
2444 1928 2543 1998 τὴν
2566 1928 2823 1999 ἀλήθειαν
2844 1931 2878 1999 ή
2907 1928 2995 1983 διά
3031 1930 3143 1984 τῶν
3178 1930 3517 2003 πραγμάτων
3539 1931 3713 1987 ἑκϐα-

2123 2035 2207 2082 σις
2244 2018 2605 2083 ἐπιστώσατο,
2655 2021 2989 2093 Ἐκκλησιῶν
3030 2023 3265 2094 Χριστοῦ
3294 2023 3388 2077 καὶ
3417 2026 3503 2078 ἐπ’
3531 2024 3711 2096 αὐτῆς
3752 2041 3757 2044 '

2119 2111 2220 2182 τῆς
2246 2112 2495 2184 Πετρέων
2534 2111 2763 2177 πόλεως,
2789 2114 2931 2168 κατά
2947 2130 3008 2167 τε
3037 2114 3134 2185 τὴν
3155 2113 3339 2187 χώραν
3363 2115 3533 2185 αὐτῆς
3550 2157 3564 2172 .
3607 2118 3710 2170 καὶ

2119 2205 2177 2255 ἐν
2198 2204 2318 2267 ταῖς
2351 2205 2578 2275 ἐρήμοις
2604 2204 2660 2258 δὲ
2685 2204 2793 2259 τῶν
2814 2204 3146 2277 Σαρακηνῶν
3170 2205 3288 2259 καθ’
3323 2208 3471 2277 ἡμᾶς
3504 2207 3711 2273 αὐτοὺς

2118 2293 2443 2365 ἱδρυμένων.
2474 2297 2584 2350 Kal.
2608 2295 2783 2361 άλλως
2835 2296 2892 2350 δὲ
2944 2296 3135 2369 Κηδὰρ
3168 2296 3529 2369 ἑρμηνεύεται
3573 2314 3712 2352 σκο-

439 2375 977 2434 inbabitantPetram
1012 2399 1025 2436 :
1067 2400 1084 2432 ι
1122 2380 1277 2435 Petra
1305 2393 1483 2435 autem
1507 2382 1965 2439 eratCliristns".
1991 2402 2010 2435 ι

2125 2386 2351 2457 τατμὸς,
2384 2386 2470 2440 διὰ
2500 2387 2627 2451 τοὺς
2667 2387 3070 2458 μεταϐαλόντας
3104 2390 3214 2443 ἀπὸ
3257 2389 3350 2443 τοῦ
3391 2392 3709 2462 σκοτασμοῦ

438 2468 535 2521 ἐπὶ
559 2467 620 2522 τὸ
667 2471 1106 2543 κατηγγελμένον
1141 2472 1256 2543 φῶς
1301 2476 1412 2537 τοῖς
1445 2472 1684 2527 ἔθνεσιν.»
1726 2472 2214 2546 Εὐφρανθήσεσθαι
2250 2476 2279 2528 6
2331 2475 2486 2545 λόγος
2536 2477 2671 2547 φησὶ
2713 2477 2805 2530 καὶ
2849 2477 2975 2541 τοὺς
3022 2477 3407 2543 κατοικοῦντας
3443 2479 3542 2552 τὴν
3600 2481 3710 2536 Πέ-

439 2576 577 2634 τραν
605 2562 837 2634 ὁμοίωςο
872 2585 890 2617 ι
925 2566 988 2619 Ἡ
1011 2566 1067 2619 δέ
1095 2567 1277 2639 Πέτρα
1310 2562 1379 2638 ἦν
1415 2569 1445 2620 6
1487 2567 1738 2639 Χριστός.
1785 2586 1802 2620 ι
1997 2571 2006 2580 “

518 2655 679 2710 Vens.
712 2655 802 2721 12,
831 2658 915 2711 13.
945 2676 963 2708 ‹
1006 2658 1214 2713 Dabunt
1248 2660 1358 2712 Deo
1372 2660 1877 2727 gloriamzvirtutes
1900 2658 2015 2730 ejus

2196 2678 2214 2710 ‹
2256 2656 2494 2710 Δώσουσι
2518 2654 2596 2725 τῷ
2618 2655 2736 2726 est}:
2750 2652 2907 2720 δόξαν
2923 2672 2937 2685 ·
2965 2654 3065 2719 τὰς
3084 2655 3286 2727 ἀρετάς
3309 2654 3473 2708 αὑτοῦ
3495 2655 3553 2707 ἐν
3579 2662 3708 2721 ταῖς

443 2744 501 2800 in
534 2747 726 2802 insulis
759 2750 1104 2803 nuntiabunt.
1143 2769 1162 2802 ι
1203 2749 1278 2803 Ita
1316 2762 1369 2805 et
1411 2753 1664 2820 superius
1703 2752 2010 2818 dicebatur,

2125 2755 2313 2823 νήσοις
2334 2748 2713 2818 ἀναγγελοῦσι.
2749 2768 2767 2799 ι
2803 2748 2958 2801 Οὕτω
2982 2748 3039 2801 δέ
3060 2748 3155 2801 καὶ
3176 2747 3430 2819 ἀνωτέρω
3458 2746 3705 2815 ἐλέγετω

445 2853 469 2889 ι
508 2838 679 2908 Supra
727 2850 963 2894 montem
998 2841 1272 2894 excelsum
1324 2845 1590 2904 ascende.
1635 2842 1724 2912 qui
1786 2856 2015 2913 evange-

2127 2859 2147 2892 ι
2200 2839 2317 2893 Ἐπ’
2363 2839 2486 2911 ὅρος
2552 2837 2754 2909 ὑψηλὸν
2815 2835 3048 2908 ἀνάϐηθι
3074 2877 3088 2899 ,
3133 2836 3163 2889 6
3218 2834 3707 2906 εὐαγγελιζόμενος

441 2929 575 2984 limis
607 2931 734 2984 Sion
762 2948 778 2983 :
813 2934 988 2986 exalta
1039 2933 1091 2987 in
1131 2932 1442 2989 fortitudine
1471 2949 1657 2989 vocem
1699 2944 1848 2990 tuam
1870 2976 1886 3003 ,
1918 2935 2015 3005 qui

2125 2926 2290 2982 Σιών
2320 2925 2532 2997 ὕψωσον
2564 2928 2630 2996 τῇ
2674 2924 2820 2995 ίσχύῖ
2864 2924 2964 2996 τὴν
2995 2925 3178 2997 φωνήν
3206 2941 3322 2992 σου,
3361 2924 3391 2975 ὀ
3414 2924 3704 2993 εὐαγγελι-

442 3022 782 3091 evangelizas
808 3021 1128 3077 Jerusalem.
1164 3041 1184 3075 ο

518 3133 536 3164 ι
581 3114 836 3169 Dominus
890 3113 1031 3167 Deus
1069 3114 1407 3170 exercituum
1432 3117 1738 3187 egredietur
1759 3160 1775 3184 ,
1796 3130 1855 3173 et
1882 3134 2017 3174 con-

442 3220 581 3267 teret
620 3208 838 3271 bellmn,
905 3205 1163 3260 excitabit
1219 3208 1430 3270 zelum,
1489 3216 1544 3262 et
1611 3208 1866 3263 clamabit
1921 3226 2015 3265 su-

441 3316 539 3370 per
606 3298 853 3353 inimicos
904 3311 1031 3350 suos
1075 3310 1198 3349 cum
1266 3296 1599 3352 fortitudine.
1658 3317 1678 3351 ι
1734 3300 1852 3355 Non
1899 3302 2018 3356 sine

436 3408 601 3449 causa
651 3392 794 3447 enim
843 3392 974 3461 ipsis
1026 3390 1217 3446 bellum
1277 3390 1524 3445 illaturus
1575 3401 1692 3456 est;
1748 3393 1841 3447 sed
1872 3404 2018 3463 post-

439 3500 602 3554 quam
659 3500 875 3537 cansam
932 3483 1074 3537 illam
1129 3482 1379 3553 protulit,
1429 3484 1481 3538 id
1534 3499 1725 3554 magna
1756 3499 1885 3539 voce
1925 3488 2019 3538 de-

440 3574 690 3639 clarabit,
723 3584 783 3628 ut
841 3574 1001 3628 docet
1053 3574 1135 3627 bis
1184 3572 1386 3640 verbis,
1421 3593 1439 3626 ι
1474 3572 1640 3629 Tacui
1669 3590 1684 3626 :
1722 3591 1847 3628 num
1874 3590 2016 3629 sem-

435 3681 538 3738 per
562 3665 787 3720 tacebo?
821 3684 842 3719 ι
880 3664 1015 3719 Nam
1043 3667 1169 3718 dum
1198 3664 1270 3719 illi
1308 3668 1571 3721 scelerate
1602 3676 1658 3721 et
1683 3667 1842 3736 impie
1871 3681 2006 3736 age-

438 3766 598 3823 rent,
631 3758 901 3827 patienter
926 3754 1106 3810 ferens
1142 3755 1263 3821 ille,
1302 3756 1557 3826 ipsosque
1608 3756 2014 3826 longanimitate

442 3863 543 3903 sua
569 3847 827 3909 tolerans.
861 3862 1035 3915 neque
1066 3846 1348 3902 confestim
1382 3849 1518 3903 iram
1544 3862 1597 3905 et
1632 3852 1891 3904 ultionem
1934 3851 2016 3905 in-

438 3939 655 4002 ferens,
690 3939 921 3994 tacebat.
972 3939 1035 3993 Et
1085 3940 1226 3993 alias
1281 3949 1529 4010 tempore
1587 3943 1856 4011 passionis
1903 3958 2014 3997 sua:

434 4032 564 4086 dum
593 4029 880 4085 calumniis
908 4030 1261 4099 impeteretur
1298 4035 1547 4099 tacebat,
1599 4044 1650 4089 et
1708 4051 1829 4089 cum
1879 4034 2013 4091 falsa

442 4121 757 4176 testimonia
788 4122 1025 4186 audiret,
1053 4123 1183 4176 nihil
1212 4125 1587 4192 respondebat.

515 4212 676 4268 Vlilts.
715 4213 805 4280 14,
843 4214 968 4268 15.‹
994 4213 1160 4269 Tacui
1210 4231 1226 4268 :
1279 4231 1402 4268 nunt
1432 4232 1648 4285 semper
1685 4218 1912 4281 tacebo,
1958 4226 2015 4272 et

432 4304 763 4361 susﬁnebo?
812 4305 969 4360 Sicut
1003 4306 1223 4375 pariens
1265 4309 1536 4376 patienter
1569 4309 1672 4378 egi.
1717 4309 2011 4364 Dimovebo

2124 3019 2350 3089 ζόμενος
2393 3017 2764 3090 Ἰερουσαλήμ.
2798 3037 2815 3069 ι

2198 3129 2217 3162 ι
2269 3109 2473 3183 Κύριος
2507 3112 2536 3163 6
2562 3109 2692 3173 Θεὸς
2739 3109 2847 3163 τῶν
2870 3107 3172 3179 ,δυνάμεων
3204 3107 3560 3174 ἐξελεύσεται,
3608 3109 3707 3163 καὶ

2120 3202 2400 3274 συντρίψει
2446 3202 2701 3273 πόλεμον,
2724 3202 2977 3271 ἐπεγερεῖ
3004 3200 3182 3271 ζῆλον,
3211 3201 3302 3253 καλ⁵
3322 3199 3577 3271 βοήσεται
3608 3200 3706 3253 ἐπὶ

2118 3298 2246 3361 τοὺς
2288 3296 2515 3367 ἐχθροὺς
2559 3292 2727 3347 αὐτοῦ
2780 3292 2894 3363 μετ’
2936 3291 3136 3362 ἰσχύος.
3174 3310 3191 3342 ι
3228 3291 3304 3353 Ού
3349 3291 3456 3362 γάρ
3487 3291 3705 3357 ἀλόγως

2116 3388 2316 3450 αὐτοὺς
2351 3386 2681 3456 πολεμήσει·
2727 3383 2861 3436 ἀλλὰ
2897 3382 3036 3454 μετὰ
3079 3381 3172 3435 τοῦ
3208 3381 3306 3453 τὴν
3335 3381 3514 3435 αἰτίαν
3559 3381 3706 3448 tiat-

2118 3483 2240 3534 πεῖν
2271 3478 2365 3532 καὶ
2401 3475 2610 3550 μεγάλῃ
2657 3474 2751 3546 βοῇ
2801 3474 3033 3545 φανερὸν
3060 3475 3295 3545 ποιήσει,
3325 3473 3393 3545 ἢν
3428 3473 3520 3527 καὶ
3552 3473 3707 3528 διδάο

2117 3589 2238 3626 σκει
2260 3571 2463 3641 λέγων·
2500 3587 2519 3620 ι
2543 3565 2876 3638 Ἐσιώπησα·
2911 3565 2987 3637 μὴ
3021 3566 3114 3619 καὶ
3141 3565 3227 3618 ἀεὶ
3262 3566 3612 3635 σιωπήσομαι
3635 3582 3652 3631 ;
3677 3585 3698 3617 ›

2130 3664 2217 3717 Ἐν
2247 3660 2355 3734 γὰρ
2385 3659 2464 3732 τῷ
2496 3659 2833 3730 παρανομεῖν
2867 3656 3061 3719 αὐτοὺς
3100 3655 3194 3707 καὶ
3226 3654 3460 3715 ἀσεϐεῖν,
3520 3654 3706 3719 ἀνεξι-

2118 3753 2304 3811 κακῶν
2336 3753 2429 3807 καὶ
2486 3750 2667 3822 φέρων
2721 3748 2922 3810 αὐτοὺς
2983 3748 3047 3817 τῇ
3095 3743 3259 3799 αὐτοῦ
3321 3743 3703 3815 μακροθυμίᾳ,

2120 3846 2256 3921 μηδὲ
2290 3844 2630 3917 παραχρῆμα
2693 3841 2791 3913 τὴν
2826 3839 2993 3911 ὀργὴν
3045 3838 3229 3900 αὐτοῖς
3274 3838 3495 3905 ἐπάγων
3536 3836 3703 3890 ἐσιώ-

2121 3934 2279 4011 πησε.
2333 3937 2443 3991 Καὶ
2492 3935 2667 3998 άλλως
2705 3933 2761 3986 δὲ
2799 3931 2942 3986 κατὰ
2983 3930 3072 3984 τὸν
3118 3929 3307 4001 καιρὸν
3344 3928 3438 3982 τοῦ
3493 3927 3705 3991 πάθους

2113 4031 2301 4096 αὑτοῦ,
2344 4026 2843 4098 συκοφαντούμενος
2892 4021 3120 4087 ἐσιώπα,
3176 4022 3270 4075 καὶ
3313 4020 3704 4093 ψευδομαρτυ-

2117 4124 2209 4197 ρού
2218 4140 2376 4195 μενος
2408 4121 2558 4174 οὐδὲν
2578 4119 2915 4192 ἀπεκρίνατο

2188 4236 2206 4267 ι
2247 4212 2559 4285 Ἐσιώπησα
2580 4229 2593 4242 ·
2634 4212 2710 4283 μὴ
2744 4211 2831 4264 ἀεὶ
2881 4207 3253 4277 σιωπήσομαι,
3278 4204 3373 4258 καὶ⁹
3398 4201 3702 4273 άνέξομαις

2124 4308 2211 4371 Ὠς
2243 4307 2278 4378 ἡ
2326 4305 2583 4383 τίκτουσα
2638 4301 3002 4373 ἐκαρτέρησα.
3047 4298 3324 4367 Ἐκστήσω
3346 4293 3439 4348 καὶ
3476 4292 3704 4365 ξηρανῶ

438 4409 497 4453 et
552 4396 843 4452 arefaciam
896 4398 1059 4452 simul
1095 4414 1110 4452 :
1148 4399 1395 4454 desertos
1442 4400 1636 4453 faciam
1690 4413 1903 4456 montes
1957 4411 2009 4455 et

2125 4399 2263 4470 Ξιμαο
2303 4396 2576 4468 ἐρημώσω
2608 4392 2711 4464 ὅρη
2745 4393 2839 4446 καὶ
2866 4390 3107 4461 βουνους,
3140 4388 3235 4441 καὶ
3286 4385 3464 4440 πάντα
3502 4384 3706 4480 χόρτον

431 4489 621 4555 colles,
657 4498 712 4545 el
733 4504 899 4545 omne
950 4488 1131 4544 fenum
1162 4506 1350 4546 eorum
1381 4492 1689 4546 exsit-Cabo.
1721 4492 1784 4545 Et
1808 4507 2002 4562 ponam

2125 4488 2291 4543 ιύτῶν
2330 4485 2570 4559 ξηρανῶ.
2620 4486 2733 4540 Καὶ
2763 4483 2915 4554 θήσω
2948 4481 3225 4551 ποταμοὺς
3248 4479 3328 4543 είς
3360 4479 3579 4548 νήσους,
3605 4476 3706 4531 καὶ

432 4578 653 4636 ﬂumina
686 4580 738 4634 in
780 4580 983 4634 insulas
1010 4619 1026 4646 ,
1073 4591 1129 4634 et
1161 4591 1352 4651 stagna
1389 4580 1719 4645 arefaciam;
1755 4600 1774 4633 ι
1821 4581 2009 4635 videli-

434 4683 523 4727 cet
553 4674 876 4740 doctrinam,
905 4688 1025 4743 qua:
1056 4673 1160 4729 illis
1195 4674 1322 4729 olim
1349 4672 1636 4728 fluviorum
1665 4673 1842 4727 instar
1881 4687 2008 4743 sup-

431 4768 536 4839 ped
547 4767 750 4821 itabatu
761 4782 797 4824 r.

507 4853 671 4922 Ysas.
709 4856 796 4912 f6.
844 4876 863 4909 ι
898 4858 965 4912 Ει
992 4859 1186 4914 ducam
1222 4874 1395 4915 caecos
1429 4859 1482 4914 in
1519 4859 1604 4913 via
1627 4898 1643 4924 ,
1684 4874 1847 4944 quagn
1893 4874 2001 4913 non

433 4958 719 5009 noverunt.
750 4958 801 5005 et
838 4950 893 5004 in
918 4951 1150 5017 semitis,
1175 4966 1310 5018 quas
1339 4951 1692 5023 ignorabant,
1722 4942 2002 5004 ambulare
2104 4944 2324 5018 τρίϐους
2374 4942 2440 5006 ἃς

433 5058 528 5102 eos
569 5043 788 5100 faciam.
841 5045 1080 5099 Reddam
1138 5045 1245 5100 illis
1293 5048 1547 5100 tenebras
1598 5046 1651 5099 in
1710 5043 1918 5105 lucem.
1951 5052 2008 5099 et

435 5146 677 5191 tortuosa
705 5138 757 5189 in
791 5147 1016 5195 rectam.
1048 5136 1173 5191 "th
1207 5139 1366 5192 verba
1397 5136 1612 5202 faciam,
1647 5147 1698 5192 ct
1728 5152 1832 5190 non
1856 5139 2009 5189 dere-

434 5226 673 5297 linquam
712 5243 827 5283 eos.
870 5249 888 5280 ι
923 5227 1154 5294 Quinam
1187 5229 1242 5285 bi
1284 5241 1468 5284 essent
1509 5230 1760 5299 superius
1801 5229 2009 5291 docuit,

433 5321 499 5375 de
526 5337 751 5391 persona
785 5322 984 5377 (,‘bristi
1013 5323 1217 5387 dicens,
1251 5341 1270 5373 ι
1307 5324 1431 5377 Dedi
1464 5334 1515 5377 te
1542 5324 1592 5376 in
1620 5329 2000 5392 testamentum

433 5415 683 5479 generis,
723 5413 777 5466 in
816 5415 987 5468 lucem
1036 5426 1317 5482 gentium,
1356 5424 1412 5469 ut
1443 5415 1658 5483 aperias
1687 5413 1873 5469 oculos
1900 5427 2004 5467 cte-

434 5518 642 5556 cornm.
680 5519 700 5555 ι
746 5502 855 5557 llos
884 5505 1066 5572 itaque
1108 5504 1250 5574 ipsos
1276 5505 1401 5558 olim
1430 5519 1602 5561 (meos
1629 5503 1685 5558 in
1727 5503 1998 5575 gentibus.

435 5612 537 5678 una
575 5609 682 5648 non
711 5604 977 5648 noverant
1012 5596 1096 5650 via
1146 5596 1422 5653 ambulare
1452 5611 1511 5652 se
1546 5596 1813 5651 facturum
1846 5593 2002 5666 polli-

505 5707 552 5740 W
584 5707 598 5762 Ι
629 5706 756 5762 Cor.
796 5724 851 5768 κ.
890 5708 943 5763 4.

2108 4583 2204 4656 ἕλη
2236 4580 2484 4652 ξηρανῶ·
2534 4598 2553 4631 ι
2581 4575 2680 4641 τὰς
2713 4575 2878 4629 πάλαι
2928 4572 3188 4644 ποταμῶν
3226 4570 3381 4642 δίκην
3422 4584 3704 4640 χορηγου-

2112 4673 2280 4745 μένας
2308 4671 2491 4733 αὐτοίς
2517 4666 2890 4730 διδασκαλίας.

2181 4874 2199 4905 ι
2238 4853 2347 4907 Ka‘t
2397 4850 2510 4916 ἄξω
2540 4847 2771 4918 τυφλοὺς
2800 4848 2857 4900 ἐν
2907 4845 3011 4917 ὀδῷ
3145 4844 3247 4897 οὐκ
3297 4841 3564 4912 ἔγνωσαν,
3600 4842 3697 4897 καὶ

2493 4940 2595 4994 οὐκ
2639 4940 2879 5011 ⁴ᾔδεισαν,
2915 4937 3158 5007 πατῆσαι
3214 4934 3701 5007 ποιήσωμύτούς.

2109 5039 2328 5108 Ποιήσω
2361 5035 2548 5098 αὐτοῖς
2574 5033 2635 5086 τὸ
2681 5033 2872 5094 σκότος
2899 5032 2977 5093 είς
3007 5028 3145 5099 φῶς,
3172 5027 3267 5081 καὶ
3303 5027 3370 5081 τὰ
3394 5026 3588 5081 σκολιὰ
3618 5030 3702 5092 είς

2109 5128 2342 5182 εὐθεῖαν.
2368 5126 2554 5180 Ταῦτα
2578 5124 2646 5177 τὰ
2688 5124 2909 5194 ῥήματα
2943 5123 3174 5192 ποιήσω,
3209 5120 3303 5173 καὶ
3324 5118 3424 5171 οὐκ
3457 5119 3704 5186 ἐγκατα-

2112 5221 2282 5289 λείιξω
2315 5217 2530 5280 αὐτούς.
2575 5236 2592 5269 ι
2625 5215 2779 5278 Τίνες
2803 5213 2859 5267 δὲ
2890 5209 3028 5286 ἦσαν
3064 5206 3209 5265 οὗτοι
3237 5208 3442 5275 ἐδίδαξε
3467 5208 3556 5261 διὰ
3586 5209 3703 5261 τῶν

2109 5312 2437 5385 ἔμπροσθεν,
2466 5308 2634 5362 εἰπὼν
2668 5309 2747 5370 είς
2780 5306 3071 5377 πρόσωπον
3092 5304 3185 5359 τοῦ
3215 5302 3451 5376 Χριστοῦ
3477 5318 3490 5331 ·
3535 5321 3554 5353 ι
3594 5302 3702 5355 Ἐε-

2106 5404 2258 5460 δωκά
2286 5420 2347 5456 σε
2380 5404 2460 5465 εἰς
2487 5400 2752 5474 διαθήκην
2788 5400 2998 5469 γένους,
3045 5399 3125 5460 είς
3169 5396 3282 5473 φῷς
3325 5394 3515 5460 ἐθνῶν,
3543 5394 3702 5448 ἀνοῖ-

2111 5494 2195 5561 ξαι
2243 5494 2554 5567 ὀφθαλμοὺς
2604 5492 2840 5563 τυφλῶν.
2880 5511 2900 5544 ι
2967 5489 3202 5553 Τούτους
3246 5488 3309 5560 δὴ
3347 5482 3441 5541 οὖν
3494 5486 3558 5540 αἱ,
3575 5487 3701 5551 τοὺς

2109 5590 2237 5652 τοὺς
2270 5586 2436 5643 πάλαι
2466 5585 2699 5656 τυφλοὺς
2732 5586 2789 5641 ἐν
2818 5586 2931 5649 τοῖς
2962 5581 3193 5649 ἔθνεσιν,
3216 5580 3284 5635 ἢν
3315 5578 3392 5666 μὴ
3424 5576 3701 5646 ἐπεγίνωο
