3880 6216
149 235 254 294 393

1070 235 1578 296 COMMENTARIA
1617 235 1686 292 IN
1727 235 1990 292 ISAIAM.
2029 265 2101 277 -
2137 236 2290 294 CAP.
2331 235 2490 296 XLII.

3313 238 3420 295 ειη

152 372 276 410 σκον
298 353 419 407 όδδν
450 351 666 423 βαδίσαι
699 351 949 423 ποιήσειν
989 351 1406 420 ἐπαγγέλλεται.
1437 351 1606 405 Πόθεν
1632 350 1742 423 γὰρ

1879 355 2019 404 etur.
2048 349 2168 417 Quo
2193 357 2352 421 pacto
2385 350 2528 406 enim
2575 364 2694 406 eam
2742 353 3038 409 secundum
3075 353 3241 410 Deum
3277 355 3421 412 viam

149 451 278 520 ἡμῖν
310 444 606 516 γινώσκειν
631 445 814 516 παρῆν
840 444 940 514 τὴν
959 443 1102 498 κατὰ
1133 445 1268 497 Θεὸν
1293 443 1436 508 666v,
1474 443 1508 515 ἢ
1533 444 1620 496 διὰ
1645 444 1743 515 τῆς

153 543 299 604 θείας
329 538 496 594 αὑτοῦ
525 540 781 608 lapte-0;;
812 557 831 589 ι
869 539 1090 609 Ποιήσω
1132 539 1313 602 αὐτοῖς
1344 539 1406 591 τὸ
1442 537 1631 601 σκότος
1666 539 1746 601 είς

150 633 304 702 φῶς⁸
340 651 360 683 ι
399 632 501 695 τὰς
548 629 896 702 προφητικὰς
947 629 1149 700 δηλαδὴ
1195 629 1422 702 Γραφὰς
1471 630 1568 683 καὶ
1619 629 1748 690 τοὺς

152 725 302 796 βίους
348 723 476 786 τοὺς
506 721 615 776 ὑπὸ
646 721 746 791 τῆς
776 720 928 784 Θείας
979 720 1330 784 διδασκαλίας
1379 717 1749 788 ὑποϐαλλομέ-

151 835 277 881 νους
311 814 645 887 συνήσεσθαι
693 815 842 884 ἡμᾶς
900 830 1054 884 φησι.
1093 813 1206 885 Τὴν
1241 814 1350 885 γὰρ
1378 812 1600 882 ἄγνοιαν
1652 809 1748 864 τοῦ

151 907 288 962 Θεοῦ
313 906 414 976 τὴν
447 905 618 960 πάλαι
647 906 769 968 ταῖς
787 903 989 974 ψυχαῖς
1020 907 1053 974 ἡ
1063 903 1184 975 μῶν
1214 902 1649 968 ἐπιπολάζουσαν
1669 903 1750 966 είς

153 997 268 1066 φῶς
303 995 564 1064 γνώσεως
612 994 1034 1066 μεταϐαλεῖσθαι
1053 1011 1067 1025 ⁸
1105 995 1201 1048 καὶ
1242 994 1311 1049 τὰ
1341 995 1509 1049 πάλαι
1537 993 1595 1047 δὲ
1622 1011 1748 1048 σκοο

151 1091 245 1144 λιὰ
272 1092 408 1161 ἡμῖν
446 1089 542 1143 καὶ
579 1087 768 1158 ἀσαφῆ
793 1085 1152 1158 νομιζόμενα,
1201 1085 1298 1140 καὶ
1349 1085 1523 1139 ταῦτα
1571 1085 1753 1156 ὁμαλὰ

154 1183 410 1252 ποιήσειν
446 1179 868 1249 ἐπαγγέλλεται.
905 1179 1046 1242 Τοὺς
1074 1181 1138 1232 ἐκ
1166 1179 1472 1250 περιτομῆς
1520 1178 1753 1232 αἰνιττό-

156 1287 344 1341 μενος,
379 1269 572 1341 φησίν

230 1381 250 1414 ι
285 1363 458 1415 Αὐτοὶ
510 1361 570 1415 δὲ
619 1361 1056 1433 ἀπεστράφησαν
1113 1363 1196 1425 είς
1241 1360 1311 1414 τὰ
1347 1361 1545 1416 ὀπίσω.
1591 1380 1610 1414 ι
1639 1358 1752 1416 Εἶθ’

152 1454 352 1526 ὥσπερ
372 1452 681 1516 ἐπιδεικνὺς
707 1451 891 1515 αὐτοῖς
930 1450 1032 1523 τὴν
1075 1450 1187 1505 τῶν
1215 1451 1384 1506 ἐθνῶν
1428 1452 1752 1524 μεταϐολὴν,

156 1547 254 1600 καὶ
276 1546 339 1614 ἐξ
361 1546 483 1608 οῖας
510 1544 723 1616 πλάνης
757 1542 1200 1616 μεταϐεϐήκασιν
1229 1546 1310 1607 είς
1357 1543 1474 1613 φῶς
1510 1544 1757 1610 ἐλθόντες

156 1636 268 1689 ἀπὸ
303 1635 401 1689 τοῦ
441 1636 691 1702 σκότους,
750 1633 1118 1698 όνειδιστικῶς
1149 1634 1286 1706 πρὸς
1326 1635 1567 1698 ἐκείνους
1605 1636 1758 1690 εἰδω-

1848 455 2006 497 nosse
2031 450 2366 511 poteramus,
2411 443 2513 500 nisi
2563 459 2661 516 per
2688 445 2926 502 divinam
2980 447 3099 517 ejus
3146 448 3424 520 gratiam?

1851 549 1871 584 ι
1906 532 2125 589 Faciam
2150 535 2284 605 ipsis
2332 538 2584 593 tenebras
2641 538 2696 592 in
2749 537 2968 594 lucem:
3003 559 3023 592 ι
3079 541 3429 611 prophetica:

1851 623 2101 680 videlicet
2129 625 2464 695 Scripturas,
2501 638 2555 682 et
2587 629 2748 683 vitam
2780 629 2950 694 illam,
2973 647 3080 701 qua
3117 633 3295 690 divina
3329 634 3430 692 do-

1849 715 2027 770 ctrina
2056 717 2388 787 suggeritur,
2427 735 2526 774 nos
2555 719 2929 776 intellecturos
2958 736 3081 778 esse
3128 725 3205 778 ait
3265 723 3426 796 igno-

1853 808 2083 862 rantiam
2107 809 2252 864 enim
2286 809 2382 865 Dei
2423 825 2544 881 quae
2570 811 2700 864 ol-im
2735 812 2945 868 animas
2991 813 3283 885 obtegebat
3328 832 3431 873 no-

1851 908 2027 966 stras,
2078 901 2132 954 in
2175 901 2504 972 cognitionis
2549 903 2721 959 lucem
2762 907 3046 961 mutandas
3085 907 3163 961 ait
3253 916 3310 962 et
3341 923 3432 977 ea,

1853 1006 1974 1060 quae
1999 991 2128 1048 olim
2161 1007 2192 1048 a
2220 993 2376 1050 nobis
2405 1004 2645 1051 tortuosa
2668 1005 2722 1050 et
2750 995 2980 1051 obscura
3013 1011 3132 1054 esse
3161 999 3431 1068 putaban-

1853 1093 1980 1148 tur,
2032 1097 2092 1139 se
2136 1084 2296 1154 plana
2332 1085 2604 1141 facturum
2659 1087 2946 1156 promittit.
2991 1087 3098 1144 Eos
3129 1100 3306 1144 autem
3339 1091 3436 1161 qui

1851 1192 1917 1233 ex
1951 1177 2376 1234 circumcisione
2403 1187 2530 1234 sunt
2569 1179 2942 1247 snbindicans,
2977 1181 3054 1235 ait
3087 1197 3101 1234 :

1927 1357 2094 1412 Vsus.
2130 1355 2219 1412 17.
2249 1375 2267 1408 ι
2300 1354 2404 1426 lpsi
2433 1364 2610 1410 autem
2642 1355 2894 1412 conversi
2917 1365 3042 1411 sunt
3063 1367 3382 1414 retrorsum.
3408 1378 3427 1410 ι

1854 1448 2060 1504 Deinde
2087 1449 2330 1518 gentium
2372 1449 2759 1517 mutationem,
2798 1458 2856 1504 et
2885 1449 3102 1520 quando
3139 1465 3206 1504 ex
3244 1466 3433 1506 errore

1869 1541 1975 1597 illa:
2005 1542 2240 1598 reducta
2274 1541 2407 1606 sint,
2438 1556 2506 1596 ex
2541 1540 2779 1596 tenebris
2817 1541 2872 1595 in
2912 1541 3085 1597 lucem
3133 1542 3437 1607 venientes,

1858 1633 1992 1704 ipsis
2007 1634 2206 1704 aperit,
2236 1647 2300 1690 ac
2321 1647 2511 1688 eorum
2543 1631 2902 1688 idololatriam
2930 1633 3285 1704 vituperando
3309 1637 3438 1690 sub-

156 1727 562 1800 λολατροῦντας
583 1726 828 1796 ἐπιλέγει
851 1743 865 1757 ·
909 1746 927 1779 ι
952 1726 1294 1798 Αίσχύνθητε
1316 1766 1331 1791 ,
1361 1729 1411 1780 οἱ
1440 1727 1760 1792 πεποιθότες

1882 1726 2078 1796 ungit:
2143 1744 2163 1778 ι
2199 1724 2600 1781 Confundimini
2627 1726 2723 1796 qui
2761 1727 3034 1782 conﬁditis
3078 1727 3132 1781 in
3182 1727 3443 1798 sculptili~

156 1819 256 1874 ἐπὶ
284 1823 402 1884 τοῖς
430 1821 712 1889 γλυπτοῖς,
738 1820 786 1872 οί
821 1819 1066 1889 λέγοντες
1095 1823 1208 1885 τοῖς
1230 1823 1517 1892 χωνευτοῖς
1537 1838 1550 1851 ·
1569 1821 1758 1892 Ὑμεῖς

158 1911 286 1963 ἐστε
313 1909 450 1970 ,θεοὶ
505 1909 684 1982 ἡμῶν.
736 1928 754 1963 ι
792 1910 904 1964 Καὶ
957 1909 1044 1965 ἵνα
1090 1911 1164 1982 μή
1209 1927 1294 1973 τις
1320 1910 1494 1965 ταῦτα
1519 1911 1758 1983 νομίσειε

155 2000 437 2072 περὶτῶν
479 2000 651 2054 ἐθνῶν
701 2000 976 2071 λέγεσθαι,
1007 2001 1116 2055 τῶν
1177 2001 1345 2056 πάλαι
1389 2001 1609 2071 τυφλῶν
1665 2003 1760 2056 καὶ

155 2091 400 2162 κωφῶν,
452 2092 768 2161 ἀναγκαίως
817 2092 1078 2163 διασαφεῖ
1128 2095 1224 2148 καὶ
1260 2093 1616 2166 διερμηνεύει
1663 2094 1764 2167 τὴν

154 2187 403 2242 διάνοιαν
451 2186 787 2257 ἐᾶπιλέγων
817 2205 832 2218 ·

235 2299 258 2332 ε
291 2281 409 2335 Καὶ
452 2281 535 2345 τίς
559 2281 784 2352 τυφλὸς,
813 2281 929 2336 ἀλλ’
954 2283 1007 2336 οἱ
1031 2281 1222 2346 παῖδές
1254 2299 1389 2354 μου;
1432 2281 1529 2336 καὶ
1563 2281 1760 2353 κωφοὶ,

156 2371 277 2426 ἀλλ’
304 2375 357 2427 οἱ
383 2372 733 2445 κυριεύοντες
765 2373 946 2429 αὐτῶν
968 2392 982 2439 ;
1025 2374 1137 2428 Καὶ
1157 2372 1548 2446 ἐτυφλώθησαν
1570 2375 1620 2428 οί
1649 2372 1765 2428 δοῦ·

158 2465 244 2518 λοι
278 2465 379 2520 τοῦ
401 2465 562 2522 Θεοῦ.
589 2467 777 2520 Είδετε
795 2467 1104 2532 πλεονάκις,
1131 2469 1227 2522 καὶ
1254 2467 1355 2520 οὐκ
1381 2465 1722 2537 ἐφυλάξασθε
1743 2484 1758 2499 ο

157 2557 469 2630 ἠνοιγμένα
495 2558 566 2612 τὰ
599 2551 735 2621 ὦτα,
759 2559 855 2612 καὶ
884 2559 986 2612 οὐκ
1013 2557 1308 2630 ἠκούσατε.
1339 2557 1545 2631 Κύριος
1567 2560 1597 2613 6
1629 2558 1763 2624 Θεὸς

1861 1819 1986 1886 bus,
2013 1817 2104 1890 qui
2137 1816 2499 1873 conﬂatilibus
2531 1817 2734 1883 dicitis,
2763 1818 2874 1874 Vos
2901 1817 3036 1874 estis
3075 1818 3151 1874 dii
3181 1820 3376 1875 nostri.
3415 1839 3438 1874 ι

1861 1909 1941 1966 Ne
1970 1925 2103 1968 vero
2133 1911 2256 1982 quis
2283 1919 2500 1981 putaret
2536 1910 2653 1966 haec
2693 1913 2760 1966 de
2789 1909 3042 1980 gentibus
3064 1951 3080 1976 ,
3113 1910 3242 1966 olim
3285 1912 3444 1968 caecis

1863 2013 1919 2061 et
1973 2005 2155 2061 surdis
2179 2043 2196 2070 ,
2233 2003 2378 2059 dicta
2437 2003 2640 2071 fuisse,
2692 2004 2998 2060 necessario
3027 2012 3262 2060 mentem
3289 2019 3442 2061 suam

1863 2097 2042 2166 aperit
2067 2104 2122 2150 et
2146 2095 2422 2166 explicat,
2453 2097 2568 2151 haec
2596 2095 2863 2166 adjiciens
2894 2113 2910 2151 :

1938 2291 2102 2346 Vens.
2137 2290 2324 2349 18-2].
2371 2311 2390 2344 ι
2447 2291 2514 2347 Et
2553 2294 2680 2364 quis
2711 2307 2890 2349 caecus
2916 2333 2932 2357 ,
2982 2293 3084 2350 nisi
3118 2293 3268 2363 pueri
3295 2293 3446 2349 mei.‘

1865 2393 1920 2440 et
1949 2383 2072 2455 quis
2104 2387 2324 2452 surdus,
2350 2383 2454 2459 nisi
2488 2385 2582 2455 qui
2629 2384 2978 2440 dominantur
3019 2384 3139 2440 eis?
3164 2385 3230 2442 Et
3266 2385 3446 2441 obcaza
3538 2388 3542 2394 '

1865 2475 1970 2530 cati
1997 2484 2124 2530 sunt
2153 2475 2298 2532 servi
2337 2473 2454 2531 Dei.
2487 2473 2706 2532 Vidistis
2733 2490 2896 2546 saepe,
2929 2485 2986 2530 et
3011 2491 3118 2530 non
3168 2477 3392 2532 cavistis
3423 2494 3440 2531 :

1865 2574 2066 2636 apertae
2094 2573 2221 2620 sunt
2253 2580 2438 2630 aures,
2465 2573 2522 2619 et
2570 2581 2676 2622 non
2723 2565 2975 2622 audistis.
3013 2565 3272 2622 Dominus
3296 2566 3442 2622 Deus

160 2651 532 2706 ἐϐουλεύσατο
576 2651 665 2706 ἵνα
698 2651 983 2723 δικαιωθῇ,
1018 2651 1114 2706 καὶ
1153 2649 1434 2725 μεγαλύνῃ
1467 2649 1694 2704 αῖνεσιν.
1735 2669 1755 2703 ι

1879 2655 2194 2737 βοιίδοτενίι
2246 2667 2304 2712 ut
2347 2655 2769 2728 juStilicaretur,
2809 2666 2866 2713 et
2913 2658 3288 2729 magniﬁcaret
3328 2657 3448 2713 lau-

171 2745 366 2818 ὐρᾷς,
396 2746 479 2798 ὅτι
510 2744 682 2799 ταῦτα
733 2745 912 2800 πάντα
943 2744 1073 2815 περὶ
1111 2743 1207 2798 τοῦ
1249 2743 1378 2797 λαοῦ
1418 2742 1636 2816 εἴρηται
1663 2741 1760 2798 τοῦ

1879 2747 2010 2803 lem.
2046 2766 2066 2800 ι
2109 2747 2273 2804 Vides
2309 2748 2427 2802 haec
2458 2749 2640 2802 omnia
2682 2748 2748 2802 de
2791 2746 2989 2819 populo
3037 2762 3106 2802 ex
3157 2747 3450 2804 circumci-

162 2837 233 2890 ἐκ
259 2836 587 2909 περιτομῆς,
607 2855 627 2889 ι
668 2836 803 2891 Ἀλλ’
835 2839 864 2892 ὁ
892 2837 992 2909 μὲν
1028 2836 1234 2910 Κύριος
1274 2835 1631 2890 ἐϐουλεύσατο
1675 2836 1764 2890 ἵνα

161 2927 438 3001 δικαιώσῃ
466 2928 650 2993 αὑτὸν,
695 2929 784 2983 ἵνα
855 2927 1135 3002 μεγαλύνῃ
1167 2926 1402 2982 αἴνεσιν·
1445 2929 1496 2981 οί
1538 2927 1597 2981 δὲ
1645 2927 1762 2982 ἐδο-

163 3020 449 3093 ξάσθησαν
470 3024 582 3086 τοῖς
605 3021 708 3087 τὰς
729 3021 911 3093 ψυχὰς
949 3020 1132 3076 αὐτῶν
1162 3019 1509 3093 πολεμοῦσιν.

243 3227 267 3260 c
308 3207 424 3261 Kal
455 3202 616 3271 εἶδον,
649 3208 746 3262 καὶ
775 3206 994 3277 ἐγένετο
1022 3209 1052 3261 6
1093 3206 1222 3272 λαὸς
1270 3208 1766 3280 προνενομευμένος

157 3301 268 3354 καὶ
325 3299 839 3372 διηρπαγμὲνοςοή
883 3299 992 3371 γὰρ
1029 3301 1201 3368 παγίς
1247 3303 1306 3355 ἐν
1360 3302 1474 3364 τοῖς
1517 3298 1769 3370 ταμείοις

159 3384 479 3460 πανταχοῦ,
509 3392 604 3443 καὶ
633 3391 691 3443 ἐν
715 3389 888 3454 οῐκοις
912 3389 1051 3461 ἅμα,
1077 3391 1222 3445 ὅπου
1273 3390 1518 3464 ἔκρυψαν
1546 3387 1766 3453 αὐτούς.

170 3482 467 3550 Ἐγένοντο
520 3484 600 3545 εἰς
651 3483 948 3556 προνομὴν,
994 3485 1088 3538 καὶ
1133 3485 1235 3539 οὐκ
1273 3481 1343 3556 ἦν
1381 3483 1770 3557 ἐξαιρούμενος

162 3575 472 3647 ἅρπαγμα,
506 3577 602 3629 καὶ
633 3577 736 3630 οὐκ
761 3571 831 3647 ἦν
871 3577 900 3630 ὁ
945 3577 1141 3646 λέγων,
1182 3577 1425 3642 Ἀπόδος.
1479 3597 1499 3629 ι
1541 3578 1630 3631 Ἐν
1659 3576 1770 3649 γὰρ

163 3668 360 3732 αὐτοῖς
389 3672 504 3734 τοῖς
558 3669 859 3742 λογισμοῖς,
897 3670 992 3735 οὓς
1023 3669 1315 3743 ἔκρυπτον,
1351 3671 1422 3725 τὰ
1469 3669 1610 3725 κατὰ
1636 3671 1772 3741 Χρι-

166 3760 297 3813 στοῦ
330 3760 732 3833 βουλευόμενοι,
763 3764 821 3816 ἐν
869 3762 1055 3828 αὐτοῖς
1095 3764 1326 3826 ἐκείνοις
1362 3765 1397 3835 ἡ
1436 3763 1558 3817 κατ’
1591 3762 1771 3817 αύτῶν

165 3852 364 3920 παγὶς,
401 3852 499 3906 καὶ
522 3854 623 3906 οὐκ
649 3849 718 3924 ἦν
743 3855 771 3906 6
795 3853 1186 3925 ἐξαιρούμενος
1224 3856 1442 3920 αὐτοὺς,
1478 3855 1599 3908 οὐδὲ
1628 3856 1656 3909 ὁ
1685 3854 1782 3908 λέο.

167 3956 303 4009 γων,
362 3943 610 4007 Ἀπόδος.

241 4053 264 4087 ι
304 4035 408 4099 Τίς
443 4037 501 4087 ἐν
534 4035 683 4106 ύμῖν,
715 4036 776 4102 ὃς
828 4041 1132 4094 ἐνωτιεῖται
1170 4039 1380 4106 ταῦτα;
1412 4042 1770 4096 εἰσακούσατε

169 4129 248 4193 εἰς
276 4128 352 4181 τὰ
389 4129 754 4200 ἐπερχόμενα.
788 4151 806 4181 ι
843 4132 907 4184 Εἰ
933 4132 992 4186 δέ
1018 4151 1102 4196 τις
1124 4133 1409 4206 ζητήσειεν
1437 4135 1521 4198 τίς
1549 4136 1579 4188 6
1599 4133 1774 4189 ταῦτα

168 4221 418 4296 πράξας,
453 4223 606 4297 εὖροι
630 4225 674 4278 δ’
709 4225 794 4284 ἂν.
821 4227 904 4280 ὅτι
933 4227 1043 4280 οὐδ’
1078 4228 1234 4292 ἄλλος
1250 4228 1452 4283 ἔδωκεν
1472 4230 1672 4294 αὐτοὺς
1693 4231 1775 4294 είς

167 4316 489 4390 διαρπαγὴν
540 4316 772 4389 ῆαύτὸς
826 4311 872 4387 ᾧ
920 4319 1239 4391 ἡμάρτοσαν
1294 4321 1464 4392 αὐτῷ,
1523 4321 1615 4374 καὶ
1675 4321 1774 4374 οὐκ

1872 2839 2025 2896 sione
2049 2839 2196 2896 dicta
2225 2838 2415 2896 fuisse.
2467 2858 2487 2892 ι
2545 2838 2653 2896 Sed
2692 2839 2955 2895 Dominus
3006 2839 3358 2905 deliberavit,
3389 2847 3452 2895 ut

1861 2933 2193 3002 justifiearet
2242 2945 2401 2999 eum,
2450 2940 2510 2988 et
2563 2931 2942 3002 magniﬁcaret
3004 2929 3257 2998 laudem;
3304 2948 3324 2984 ›
3373 2931 3452 2987 illi

1868 3039 2000 3081 vero
2027 3025 2247 3096 gloriati
2282 3033 2412 3081 sunt
2439 3023 2494 3079 in
2525 3022 2615 3089 iis,
2647 3024 2741 3094 qui
2775 3024 3169 3096 impugnabant
3206 3023 3447 3078 animam

1867 3131 2050 3172 suam.

1938 3207 2108 3266 Vsus.
2138 3207 2230 3262 22.
2266 3227 2286 3260 ι
2322 3207 2388 3263 Ει
2417 3207 2694 3274 viderunt,
2724 3217 2781 3263 et
2827 3205 2930 3262 fuit
2985 3205 3217 3278 populus
3263 3214 3453 3261 vasta-

1873 3314 1958 3360 tus
2010 3313 2178 3376 atque
2231 3305 2474 3374 direptus
2521 3319 2536 3355 :
2583 3303 2813 3372 laqueus
2872 3302 3018 3356 enim
3077 3303 3131 3356 in
3181 3300 3454 3357 cubilibus

1870 3395 2091 3465 ubique,
2118 3403 2174 3450 et
2200 3394 2254 3449 in
2287 3394 2540 3449 domibus
2569 3391 2750 3461 simul,
2786 3391 2874 3446 ubi
2901 3391 3307 3447 absconderunt
3333 3404 3450 3445 eos.

1870 3483 2024 3540 Facti
2055 3494 2184 3542 sunt
2208 3485 2264 3540 in
2293 3484 2675 3548 vastationem,
2713 3491 2769 3538 et
2807 3498 2915 3538 non
2950 3491 3070 3538 erat
3107 3481 3198 3551 qui
3236 3491 3455 3537 erueret

1871 3577 2120 3648 rapinam
2157 3584 2257 3631 :et
2295 3590 2404 3630 non
2443 3583 2560 3628 erat
2592 3575 2684 3642 qui
2739 3573 2966 3640 diceret,
3004 3572 3208 3627 Redde.
3263 3589 3283 3624 ι
3317 3571 3452 3626 Nam

1873 3668 2118 3724 occultas
2142 3667 2196 3722 in
2229 3667 2505 3722 mentibus
2553 3666 2667 3723 suis
2695 3665 2915 3721 Christo
2962 3663 3189 3720 insidias
3222 3662 3456 3718 molien-

1875 3769 1976 3828 tes,
2023 3759 2080 3816 in
2119 3759 2310 3814 iisdem
2359 3758 2493 3829 ipsis
2532 3756 2784 3828 laqueum
2815 3757 2918 3812 sibi
2970 3755 3316 3819 invenerunt,
3353 3768 3456 3808 nec

1871 3861 1995 3909 erat
2019 3850 2110 3924 qui
2137 3851 2376 3924 eriperet
2401 3867 2522 3923 eos,
2547 3866 2727 3924 neque
2754 3851 2848 3922 qui
2877 3850 3106 3917 diceret,
3144 3847 3353 3905 Redde.

1945 4040 2112 4097 Vnus.
2141 4039 2234 4096 25.
2282 4057 2302 4092 ι
2341 4037 2476 4106 Quis
2509 4047 2594 4092 est
2647 4037 2701 4092 i'n
2735 4035 2891 4092 vobis
2914 4074 2931 4101 ,
2970 4032 3061 4105 qui
3090 4034 3208 4089 haec
3233 4032 3456 4112 audiat.

1877 4136 2179 4191 auscultate
2215 4134 2419 4190 futura.
2466 4154 2487 4188 ι
2537 4132 2596 4189 Si
2645 4131 2768 4202 quis
2820 4139 3002 4186 autem
3047 4137 3292 4200 quterat,
3334 4116 3460 4198 quis

1877 4225 1991 4282 haec
2025 4224 2255 4290 fecerit,
2295 4224 2534 4280 inveniet
2564 4237 2671 4278 non
2719 4221 2884 4277 alium
2939 4219 3088 4291 ipsos
3133 4220 3187 4274 in
3219 4217 3456 4289 praedam

1878 4317 2112 4383 dedisse,
2153 4332 2316 4386 quam
2349 4331 2514 4380 eum,
2568 4315 2622 4370 in
2660 4329 2824 4385 quem
2865 4321 3264 4384 peccaverant,
3303 4317 3360 4364 et
3404 4308 3460 4362 in

170 4411 476 4480 ¹Ιιϐούλοντο
497 4411 556 4462 ἐν
578 4413 699 4474 ταῖς
730 4411 870 4475 ὁδοῖς
898 4411 1064 4466 αὐτοῦ
1098 4411 1446 4484 πορεύεσθαι.
1488 4413 1763 4484 Καλούμε-

1879 4409 2037 4479 cujus
2073 4408 2176 4465 viis
2203 4407 2484 4463 ambulare
2519 4414 2837 4474 renuerant.
2890 4404 3023 4459 Nam
3068 4403 3138 4458 ad
3181 4399 3460 4470 evangeli-

169 4520 251 4555 νοι
275 4503 393 4574 γὰρ
423 4505 506 4566 είς
554 4503 652 4567 τὰς
695 4503 1058 4572 εὐαγγελικὰς
1089 4505 1262 4568 ὀδοὺς,
1309 4505 1408 4576 οὐχ
1459 4505 1772 4576 ὑπήκουον·

170 4597 292 4650 ἀλλ’
327 4595 454 4649 οὐδὲ
486 4595 705 4651 ἀκούειν
742 4597 933 4669 ἤθελον
959 4597 1052 4651 τοῦ
1084 4598 1250 4669 νόμου
1277 4599 1374 4670 τῆς
1410 4599 1620 4670 Καινῆς
1651 4601 1777 4653 Δια-

173 4689 380 4761 θήκης.

251 4803 270 4833 «
309 4782 415 4845 Τίς
447 4780 652 4834 ἔδωκεν
682 4781 765 4844 είς
809 4780 1118 4853 διαρπαγὴν
1155 4780 1370 4846 Ἰακὼϐ,
1413 4781 1507 4834 καὶ
1557 4781 1776 4853 Ἰσραὴλ

166 4875 289 4936 τοῖς
331 4871 769 4944 προνομεύουσιν
795 4871 992 4937 αὐτόν;
1034 4872 1170 4942 Οὐχὶ
1201 4875 1230 4925 ὁ
1277 4871 1430 4938 Θεὸς,
1460 4863 1504 4941 ᾧ
1538 4873 1776 4945 ἡμάρτο-

171 4979 281 5018 σαν
309 4962 488 5033 αὐτῷ,
519 4963 614 5016 καὶ
637 4963 738 5016 οὐκ
763 4962 1047 5017 ἐϐούλοντο
1076 4965 1134 5016 ἐν
1163 4966 1283 5027 ταῖς
1310 4963 1450 5028 ὁδοῖς
1483 4964 1650 5018 αὑτοῦ
1679 4983 1777 5018 πο-

174 5056 467 5128 ρεύεσθαι,
513 5057 637 5111 οὐδὲ
689 5057 911 5111 ἀκούειν
943 5057 1036 5111 τοῦ
1075 5057 1241 5129 νόμου
1297 5057 1494 5123 αὐτοῢ;
1533 5078 1551 5109 ι
1600 5057 1777 5112 Πάλαι

177 5151 285 5221 μὲν
309 5149 422 5220 γὰρ
459 5148 596 5219 πρὸς
635 5148 826 5220 καιρόν
869 5166 992 5202 τινα
1039 5149 1455 5220 πολεμούμενοι,
1491 5145 1646 5212 αὖθις
1687 5150 1780 5202 ἀν-

170 5239 496 5311 ελάμϐανον
524 5237 777 5302 ἑαυτούς’
826 5238 902 5302 ὡς
935 5237 1030 5291 καὶ
1063 5238 1160 5310 τὴν
1194 5237 1565 5310 Ἰερουσαλὴμ,
1599 5238 1781 5292 καὶτὸ

170 5335 246 5386 ὲν
292 5332 431 5403 αὐτῇ
482 5330 754 5402 βασίλειον
795 5328 975 5384 αὐτῶν
1007 5331 1359 5386 συνεστάναι·
1418 5328 1512 5384 νῦν
1547 5330 1605 5384 δὲ
1653 5347 1782 5384 κατι

173 5423 412 5493 ἰσχυσεν
446 5423 633 5477 αὐτῶν
661 5425 690 5477 6
724 5424 979 5492 πόλεμος·
1011 5425 1109 5494 οὐχ
1133 5423 1162 5476 6
1194 5422 1394 5488 ἔξωθεν
1437 5421 1618 5494 μόνος,
1645 5421 1782 5476 ἀλλὰ

172 5516 288 5569 καὶ
317 5517 345 5568 6
369 5514 480 5568 τῶν
506 5515 607 5578 τὰς
627 5514 803 5586 ψυχὰς
834 5514 1014 5568 αὐτῶν
1041 5513 1493 5586 πολιορκούντων.

272 5630 289 5660 ι
319 5610 427 5662 Καὶ
446 5610 734 5680 ἐπήγαγεν
775 5612 863 5662 ἐπ’
912 5609 1112 5672 αὐτοὺς
1142 5605 1314 5678 ὀργὴν
1361 5604 1536 5676 θυμοῦ
1591 5601 1778 5670 αὐτοῦ,

170 5701 287 5758 καὶ
318 5703 650 5772 κατίσχυσεν
671 5701 867 5764 αὐτοὺς
889 5701 1146 5770 πόλεμος,
1178 5698 1272 5753 καὶ
1301 5698 1350 5751 οἱ
1378 5691 1782 5767 συμφλέγοντες

516 5799 792 5860 ΡΑτιιοι.
836 5798 953 5858 Gn.
983 5795 1193 5861 XXIV

1883 4515 1979 4555 cas
2011 4501 2132 4554 vias
2159 4499 2392 4566 evocati,
2429 4513 2534 4554 non
2562 4499 3030 4568 obtemperarunt,
3080 4506 3256 4563 neque
3286 4491 3460 4563 legent

1880 4595 2013 4650 Novi
2039 4592 2374 4650 Testamenti
2404 4592 2593 4649 audire
2630 4591 2938 4647 voluerunt.

1951 4765 2119 4821 Vsus.
2143 4763 2236 4819 24.
2272 4781 2292 4815 ι
2329 4761 2462 4830 Quis
2494 4760 2645 4816 dedit
2688 4760 2743 4814 in
2774 4757 3133 4826 direptionem
3168 4753 3337 4810 Iacob
3361 4793 3375 4817 ,
3404 4761 3464 4805 et

1879 4856 2047 4914 Israel
2093 4855 2438 4912 vastantibus
2483 4852 2654 4908 eum?
2703 4851 2898 4906 Annon
2925 4849 3107 4914 Deus,
3144 4848 3229 4902 cui
3264 4859 3460 4916 pecca-

1883 4957 2104 5016 verunt,
2133 4957 2188 5003 et
2212 4947 2503 5002 noluerunt
2533 4945 2588 4999 in
2614 4945 2720 4998 viis
2755 4943 2876 5013 ejus
2921 4939 3238 5004 ambulare,
3293 4949 3468 5004 neque

1886 5043 2079 5098 audire
2108 5041 2280 5110 legem
2309 5038 2470 5110 ejus?
2501 5055 2520 5088 ο
2555 5035 2628 5090 At
2651 5037 2797 5092 enim
2831 5033 2960 5089 olim
2991 5032 3210 5104 quidem
3241 5043 3364 5083 cum
3398 5027 3470 5081 ad

1889 5147 2102 5205 tempus
2150 5132 2370 5203 aliquod
2421 5130 2567 5186 bello
2616 5130 3042 5198 impeterentur,
3095 5126 3293 5178 iterum
3329 5120 3468 5174 resi-

1889 5229 2206 5299 piscebant;
2238 5227 2310 5280 ita
2344 5231 2402 5277 ut
2433 5219 2740 5278 Jerusalem
2770 5228 2826 5275 et
2871 5218 3024 5288 regia
3055 5215 3256 5272 ibidem
3290 5209 3469 5282 posita

1889 5321 2250 5383 consisteret;
2277 5334 2419 5374 nunc
2459 5327 2644 5374 autem
2695 5313 2838 5370 bello
2879 5307 3130 5381 oppressi
3163 5313 3323 5370 sunt,
3362 5317 3470 5357 non

1891 5413 2161 5470 exteriore
2219 5420 2470 5479 tantum,
2535 5412 2630 5465 sed
2684 5421 2751 5462 eo
2793 5403 2938 5477 quod
2983 5401 3054 5456 ab
3099 5395 3477 5456 obsidentibus

1892 5507 2108 5564 animas
2135 5519 2264 5560 snas
2287 5503 2650 5558 inferebatur.

1961 5596 2130 5654 Vens.
2163 5597 2254 5653 25.
2297 5615 2316 5649 ι
2368 5594 2436 5650 Ει
2488 5593 2703 5652 induxit
2745 5604 2908 5660 super
2955 5601 3050 5644 eos
3103 5584 3238 5640 iram
3271 5580 3474 5638 furoris

1892 5693 1999 5762 sui,
2031 5700 2087 5749 et
2118 5689 2350 5748 invaluit
2383 5690 2436 5747 in
2469 5703 2564 5751 eos
2593 5689 2796 5747 bellum
2824 5727 2840 5756 ,
2871 5692 2926 5743 et
2960 5681 3051 5754 qui
3080 5676 3478 5737 cumtmrebant

3127 5774 3203 5835 13
