3880 6216
491 266 600 328 3’5

1163 261 1432 321 EUSEBII
1471 259 1950 320 CESARIENSIS
1985 259 2139 320 OPP.
2178 261 2364 319 PARS
2402 260 2493 318 ill.
2533 293 2602 304 —
2640 260 3050 320 EXEGETICA.

3651 268 3746 327 596

492 401 590 440 eos
645 385 698 438 in
747 385 978 439 circuitu
1013 401 1028 438 :
1060 398 1240 452 neque
1280 393 1650 452 cognoverunt
1695 385 2051 454 nnusquisqm

2175 384 2374 447 αὐτοὺς
2426 384 2642 456 κύκλῳ·
2679 385 2774 438 καὶ
2823 385 2924 438 οὐκ
2981 385 3225 454 ἔγνωσαν
3277 385 3506 450 ἕκαστος
3552 387 3743 451 αὐτῶν,

489 493 704 542 eorum,
735 491 911 546 neque
940 476 1180 530 animum
1214 476 1600 530 adhibuerunt.
1635 495 1656 528 ι
1680 474 1795 530 Etsi
1818 478 1966 531 enim
2007 478 2067 542 ii,

489 569 582 638 qui
623 569 764 636 apud
811 583 905 622 vos
945 567 1226 633 inﬁdeles,
1254 568 1382 623 caeci
1427 578 1486 623 et
1512 569 1662 623 surdi
1707 567 1884 625 eﬂ‘ecti
1919 581 2066 636 sunt,

485 671 542 714 ct
571 660 704 714 talia
745 670 1158 729 peupetrarunt,
1195 661 1292 715 ira
1338 660 1430 715 Dei
1474 661 1659 715 traditi
1695 662 1840 727 sint;
1883 671 1939 717 at
1975 675 2070 716 vos

487 751 572 805 vel
598 768 746 806 nunc
774 754 990 806 tandem
1023 753 1242 818 audite;
1283 766 1378 807 vos
1406 755 1548 819 dico,
1585 753 1680 823 qui
1728 756 2067 808 conditorem

484 851 543 895 et
565 852 866 898 creatorem
892 855 1131 898 vestrum
1166 859 1271 898 non
1303 845 1633 914 ignorastis,
1666 846 1760 900 sed
1813 847 1906 914 qui
1947 849 2067 917 opi-

489 932 671 988 ficium
698 935 752 990 in
789 935 944 992 vobis
973 937 1282 1002 exsistens,
1313 937 1522 991 salvum
1553 948 1608 992 et
1642 938 1912 994 incolume
1946 955 2068 994 ser-

486 1027 678 1083 vastis.
1379 1023 1382 1026 ’

1023 1120 1256 1178 CAPUT
1328 1119 1513 1177 XLIII.

558 1209 723 1266 Vens.
777 1210 830 1275 1,
877 1219 932 1264 2.
979 1229 999 1261 ι
1029 1211 1096 1264 Et
1137 1225 1284 1266 nunc
1317 1213 1400 1268 sic
1421 1213 1552 1268 dicit
1581 1213 1850 1268 Dominus
1881 1224 2026 1270 ueus
2047 1255 2063 1280 ,

481 1304 573 1374 qui
603 1302 732 1358 fecit
773 1313 842 1366 te,
876 1302 1070 1366 Jacob,
1102 1313 1158 1359 et
1181 1306 1274 1374 qui
1311 1305 1568 1360 formavit
1613 1316 1687 1371 te,
1722 1305 1886 1362 Israel
1936 1324 1951 1360 :
1988 1306 2066 1362 Ne

483 1399 705 1464 timeas,
735 1399 994 1466 quoniam
1020 1397 1226 1452 redemi
1255 1410 1308 1452 te
1341 1415 1355 1452 :
1387 1400 1578 1454 vocavi
1613 1407 1664 1452 te
1695 1400 1917 1453 nomine
1946 1408 2060 1464 tuo,

480 1489 630 1547 Meus
653 1503 714 1544 es
759 1499 838 1544 tn.
871 1508 894 1542 ι
925 1489 1036 1557 Ego
1068 1487 1334 1544 Dominus
1373 1489 1543 1556 Deus,
1579 1491 1668 1558 qni
1707 1490 1812 1545 i‘eci
1857 1500 1913 1543 et
1951 1489 2066 1544 for-

477 1584 618 1636 mavi
649 1589 744 1644 te;
790 1577 892 1635 feci
925 1579 1147 1649 quidem
1173 1579 1474 1634 secundum
1511 1580 1752 1634 animam
1805 1579 1874 1634 ad
1928 1580 2065 1634 ima-

477 1674 657 1744 ginem
691 1673 783 1727 Dei
815 1672 1012 1728 factam
1043 1689 1058 1738 ;
1099 1671 1326 1727 formavi
1373 1683 1556 1727 autem
1603 1673 1900 1728 secundum
1934 1687 2061 1727 cor-

2171 475 2292 529 οὐδὲ
2321 475 2504 531 ἔθεντο
2532 477 2625 530 ἐπὶ
2650 477 2846 551 ψυχήν.
2886 480 3116 550 (Ειγάρ
3138 479 3233 533 καὶ
3261 479 3332 532 τὰ
3362 480 3595 550 μάλιστα
3616 483 3665 534 οἱ
3693 483 3746 549 ἐξ

2173 566 2330 638 ὑμῶν
2375 568 2618 632 ἄπιστοι,
2688 569 2882 638 τυφλοὶ
2931 569 3026 623 καὶ
3072 571 3246 640 κωφοὶ
3307 571 3606 642 γενόμενοι,
3661 575 3748 629 καὶ

2173 660 2402 714 τοιαῦτα
2429 661 2761 733 πράξαντες,
2797 665 2862 734 τῇ
2890 665 3027 734 ὀργῇ
3054 661 3149 716 τοῦ
3181 662 3314 715 Θεοῦ
3342 663 3744 736 παρεδόθησαν·

2171 753 2284 806 ἀλλ’
2310 754 2470 824 ὑμεῖς
2492 754 2573 808 ἔτι
2603 755 2696 808 καί
2731 755 2829 808 νῦν
2849 754 3120 809 ἀκούσατε
3143 771 3157 784 ο
3189 755 3334 825 ὑμᾶς
3366 753 3422 808 δὲ
3451 755 3592 824 λέγω
3626 757 3747 819 τοὺς

2169 847 2261 900 τὸν
2301 846 2512 902 ἑαυτῶν
2558 847 2788 920 ποιητὴν
2843 849 2936 902 καὶ
2968 847 3213 918 πλάστην
3241 846 3318 918 μὴ
3357 847 3745 917 ἀγνοήσαντας,

2169 940 2306 995 ἀλλὰ
2339 940 2433 993 καὶ
2465 941 2526 992 τὸ
2555 941 2766 1012 ποίημα
2792 939 2853 993 τὺ
2905 941 2963 993 ὲν
2985 939 3114 1010 ὑμῖν
3144 939 3238 992 καὶ
3265 937 3327 991 τὸ
3356 937 3582 1010 πλάσμα
3611 938 3747 991 σῶον

2170 1033 2264 1086 καὶ
2292 1032 2573 1086 ἁλώὸητον
2617 1031 3078 1104 διατηρήσαντας.

2680 1121 3076 1177 ΚΕΦΛΛΑῙΟΝ
3106 1121 3237 1176 ΜΡ.

2243 1238 2263 1270 ι
2297 1218 2406 1272 Καὶ
2430 1217 2524 1271 νῦν
2553 1216 2724 1279 οὕτως
2749 1216 2898 1284 λέγει
2928 1214 3130 1287 Κύριος
3153 1214 3183 1266 ὁ
3204 1212 3337 1276 Θεὸς
3358 1214 3388 1265 ὁ
3416 1213 3646 1285 ποιήσας
3667 1229 3747 1275 σε,

2181 1310 2396 1378 Ἰακὼϐ,
2427 1311 2521 1364 καὶ
2546 1313 2576 1364 ὁ
2609 1309 2822 1373 πλάσας
2863 1325 2943 1371 σε,
2983 1306 3229 1378 Ἰσραήλ·
3279 1306 3372 1377 Μὴ
3423 1305 3614 1374 φοϐοῦ,
3667 1306 3748 1358 ὄτι

2167 1403 2562 1475 ὲλυτρωσάμην
2584 1418 2642 1454 σε
2664 1418 2677 1432 ·
2715 1399 2953 1454 ἐκάλεσα
2984 1415 3044 1451 σε
3071 1397 3327 1468 τὸόνομα
3357 1413 3486 1450 σουο
3532 1397 3669 1466 ἐμὸς
3702 1393 3751 1450 εἷ

2167 1495 2257 1550 σύ.
2297 1513 2316 1548 ι
2361 1494 2503 1564 Ἐγὼ
2522 1493 2728 1566 Κύριος
2769 1495 2800 1546 ὁ
2827 1492 2960 1556 Θεὸς
2984 1492 3012 1543 ὁ
3045 1491 3278 1560 ποιήσας
3311 1507 3370 1543 σε
3409 1491 3504 1544 καὶ⁵
3537 1491 3750 1555 πλάσας

2169 1607 2229 1644 σε
2254 1606 2268 1620 ’
2305 1591 2539 1660 ποιήσας
2584 1588 2682 1658 μὲν
2723 1586 2866 1640 κατὰ
2895 1585 3071 1656 ψυχὴν
3101 1583 3200 1655 τὴν
3227 1583 3346 1637 κατ’
3381 1583 3562 1638 εἰκόνα
3610 1581 3749 1636 Θεοῦ

2170 1678 2544 1751 πεποιημένην
2564 1693 2580 1708 ·
2619 1677 2832 1740 πλάσας
2859 1676 2919 1729 δὲ
2955 1673 3098 1728 κατὰ
3133 1673 3195 1727 τὸ
3227 1673 3387 1744 σῶμα
3414 1673 3475 1725 τὸ
3510 1672 3618 1725 ἀπὸ
3645 1672 3750 1741 γῆς

473 1783 602 1839 pus,
641 1767 709 1822 de
745 1777 894 1821 terra
919 1769 1298 1836 'snmptnm,et
1325 1781 1354 1819 a
1387 1781 1473 1820 me
1499 1775 1893 1822 constructum.
1919 1768 2051 1821 San-

2163 1743 2485 1842 lqeiiév‘xat
2501 1743 2602 1822 ’ὑπ’
2645 1767 2784 1839 ἐμοῦ
2807 1766 3190 1837 πεπλασμένον
3209 1783 3222 1796 ·
3261 1743 3453 1837 λύτρον
3477 1765 3619 1835 ὑπὲρ
3649 1763 3750 1834 τῆς

475 1861 807 1932 guinemqne
864 1873 1043 1914 meum
1080 1858 1136 1912 in
1185 1860 1422 1928 pretium
1469 1873 1571 1928 pro
1611 1859 1789 1913 salute
1834 1860 2062 1914 tradens

471 1963 590 2019 tua,
619 1953 829 2008 redemi
865 1961 937 2016 te,
962 1960 1020 2007 et
1038 1951 1236 2006 vocavi
1267 1961 1322 2005 te
1356 1969 1370 2006 :
1406 1964 1592 2006 verum
1629 1951 1795 2008 etiam
1844 1961 1897 2007 te
1938 1966 2061 2021 pos-

469 2047 770 2103 sessionem
819 2058 996 2099 meam
1039 2042 1233 2108 elieci;
1286 2043 1361 2098 ita
1408 2052 1469 2100 ut
1517 2052 1572 2098 tu
1620 2043 1754 2097 mihi
1804 2043 2055 2114 populus,

470 2152 574 2208 ego
611 2137 706 2191 tibi
739 2136 878 2191 Dens
897 2147 1096 2190 essem.
1119 2130 1345 2188 Conﬁde
1371 2132 1563 2202 igitur,
1593 2141 1676 2187 tot
1705 2145 1734 2186 a
1756 2146 1846 2187 me
1871 2132 2061 2201 digna-

471 2237 560 2283 tus
590 2227 766 2291 bonis,
814 2236 870 2281 et
897 2242 959 2280 ea
996 2239 1102 2294 qua
1143 2223 1332 2294 jussus
1363 2239 1424 2279 es
1453 2225 1538 2278 via
1574 2225 1802 2278 incede:
1833 2222 2058 2279 ﬁducia-

468 2337 578 2393 que
615 2321 809 2393 plenus
854 2320 1110 2376 omnibus
1158 2333 1259 2389 per
1292 2317 1485 2373 orbem
1522 2317 1780 2388 gentibus
1813 2317 2055 2386 praedica

468 2411 841 2482 evangelicum
868 2422 1202 2466 sermonem.
1225 2405 1490 2473 Quamvis
1515 2405 1662 2460 enim
1697 2404 1838 2476 ignis
1855 2406 2055 2458 ardens

467 2504 734 2575 eruperit,
768 2502 1022 2571 quamvis
1049 2513 1226 2571 aqua,
1257 2498 1512 2568 quamvis
1547 2495 1770 2551 ﬂumina
1825 2496 2056 2550 inunda-

468 2593 670 2656 verint,
692 2593 809 2648 haec
844 2590 980 2645 nihil
1014 2600 1064 2644 te
1090 2589 1308 2651 laedent,
1337 2589 1485 2657 quod
1511 2600 1617 2656 ego
1641 2596 1821 2641 tecum
1853 2584 2055 2654 ubique

467 2687 592 2742 sim.
625 2683 784 2740 Nam
821 2683 950 2738 illud
1006 2683 1126 2738 sine
1172 2681 1459 2736 mendacio
1503 2678 1805 2743 enuntiavi,
1862 2695 1882 2729 ι
1916 2676 2056 2733 Ecce

466 2792 568 2849 ego
588 2777 870 2832 vobiscum
911 2790 1030 2830 sum
1057 2788 1237 2843 usque
1265 2773 1332 2826 ad
1368 2770 1903 2828 consummationem
1941 2783 2050 2824 sae-

467 2871 575 2926 culi
618 2871 688 2923 ".
717 2887 738 2921 ι

541 2961 704 3017 Vens.
762 2960 818 3016 5.
860 2974 881 3010 ι
909 2956 976 3013 Ει
1028 2972 1074 3014 st
1118 2957 1403 3013 transieris
1431 2970 1527 3026 per
1584 2969 1807 3026 aquam,
1871 2963 2048 3010 tecum

2162 1862 2438 1932 σωτηρίας
2485 1860 2548 1913 τὸ
2595 1858 2836 1930 ὲμαυτοῦ
2867 1857 3140 1930 παραδοὺς
3168 1853 3326 1928 αἷμα,
3355 1855 3748 1927 ὲλυτρωσάμην

2159 1969 2223 2005 σε
2249 1953 2342 2006 καὶ
2367 1951 2604 2006 ἐκάλεσα
2647 1968 2742 2005 σε·
2779 1949 2917 2004 ἀλλὰ
2959 1950 3054 2002 καὶ
3092 1949 3283 2019 κτῆμα
3323 1946 3517 2001 ἑαυτοῦ
3548 1947 3746 2017 ἐποιη-

2161 2047 2342 2117 σάμην
2367 2062 2428 2098 σε
2447 2063 2461 2076 ο
2499 2045 2642 2098 ὥστε
2672 2038 2811 2097 εἶναι
2838 2043 2938 2114 μέν
2961 2060 3022 2096 σε
3042 2043 3174 2112 ἐμὸν
3204 2041 3352 2106 λαὸν,
3388 2040 3531 2112 κάμὲ
3555 2039 3614 2094 δὲ
3651 2039 3747 2094 σοῦ

2158 2136 2324 2192 αὐτοῦ
2352 2137 2507 2192 Θεόν.
2546 2136 2753 2208 Θάρσει
2779 2133 3094 2207 τοιγαροῦν,
3131 2132 3399 2187 τοσούτων
3431 2134 3560 2204 παρ’
3605 2132 3746 2204 ἐμοῦ

2158 2228 2587 2301 κατηξιωμένος.
2630 2228 2726 2281 καὶ
2769 2227 2952 2298 βάδιζε
2979 2226 3076 2297 τὴν
3115 2226 3234 2279 ὁδὸν
3282 2225 3350 2296 ἦν
3395 2223 3742 2296 ὲκελεύσθης,

2157 2321 2378 2394 θαρσῶν
2416 2337 2475 2373 τε
2518 2321 2760 2392 κήρυττε
2785 2320 2900 2381 τοῖς
2949 2314 3264 2387 ἅπανταχοῦ
3299 2315 3403 2386 γῆς
3443 2313 3624 2367 ἔθνεσι
3655 2310 3744 2366 ein

2153 2414 2512 2483 εὐαγγελικὸν
2563 2412 2742 2481 λόγον.
2775 2410 2896 2464 Κᾶν
2927 2409 3036 2484 γὰρ
3067 2408 3177 2481 πῦρ
3218 2409 3416 2478 φλέγον
3441 2405 3595 2478 ἐπίῃ,
3639 2405 3744 2460 κᾶν

2157 2505 2345 2573 ὕδατα,
2376 2505 2482 2559 κᾶν
2517 2503 2752 2575 ποταμοὶ
2803 2501 3168 2567 ὲπικλύζωσιν
3193 2517 3206 2530 ·
3267 2498 3422 2553 οὐδέν
3465 2515 3526 2550 σε
3569 2495 3745 2551 ταῦτα

2154 2597 2407 2669 λυπήσει,
2443 2595 2532 2650 διὰ
2565 2595 2627 2649 τὸ
2665 2596 2768 2666 ἐμὲ
2797 2595 2895 2648 σὺν
2940 2593 3025 2646 σοὶ
3048 2591 3324 2664 πανταχοῦ
3349 2587 3509 2646 εἶναι.
3546 2589 3743 2660 Ἀψευ-

2153 2689 2260 2754 δῶς
2319 2689 2428 2760 γὰρ
2458 2686 2884 2759 ἀπηγγειλάμην
2926 2684 3009 2750 τὺ,
3049 2703 3069 2735 ι
3114 2683 3243 2738 Ἰδοὺ
3286 2684 3397 2753 ἐγὼ
3423 2682 3544 2756 μεθ’
3583 2681 3743 2755 ὑμῶν

2153 2782 2269 2852 εἰμι
2300 2781 2406 2843 ἓως
2427 2780 2523 2851 τῆς
2541 2779 2852 2842 συντελείας
2884 2776 2977 2830 τοῦ
3004 2775 3220 2840 αἰῶνος.
3253 2793 3274 2829 ι

2226 2978 2249 3013 ι
2280 2959 2392 3015 Καὶ
2412 2958 2508 3013 ἐὰν
2538 2957 2821 3031 διαδαίνῃς
2849 2955 2917 3009 δι’
2940 2956 3154 3024 ὕδατος,
3189 2955 3329 3028 μετὰ
3353 2953 3447 3008 σοῦ
3477 2956 3616 3024 εἰμι,
3643 2965 3740 3008 καὶ

475 3066 620 3118 sum,
655 3061 713 3106 et
751 3049 978 3105 ﬂumina
1023 3063 1132 3105 non
1169 3048 1423 3118 operient
1471 3057 1524 3102 te
1555 3063 1571 3102 :
1604 3056 1662 3102 et
1685 3047 1730 3102 si
1763 3046 2050 3101 transieris

2160 3051 2390 3122 ποταμοὶ
2431 3051 2493 3103 οὐ
2544 3047 2908 3118 συγκλύσουσί
2953 3065 3016 3102 σε
3041 3063 3056 3078 °
3110 3047 3208 3101 καὶ
3261 3047 3357 3102 ἐὰν
3399 3045 3616 3119 διέλθῃς
3651 3046 3740 3099 διὰ

466 3157 564 3213 per
591 3142 794 3213 ignem,
825 3155 931 3196 non
965 3139 1326 3203 combureris,
1357 3139 1574 3193 ﬂamma
1617 3153 1722 3192 non
1763 3137 2050 3193 comburet

2160 3144 2347 3216 πυρὸς,
2377 3144 2438 3197 οὐ
2476 3143 2552 3215 μὴ
2591 3142 2966 3214 κατακαυθῇς,
3001 3139 3132 3209 φλὸξ
3153 3140 3215 3193 οὐ
3262 3139 3598 3195 κατακαύσει
3635 3155 3697 3192 σε

467 3247 555 3303 te;
584 3235 715 3306 quia
761 3250 862 3304 ego
898 3235 1160 3289 Dominus
1205 3233 1348 3288 Deus
1406 3240 1540 3287 tuus.
1583 3242 1810 3286 sanctus
1858 3230 2046 3294 israel,

469 3329 688 3385 salvans
713 3336 786 3382 te.
814 3325 940 3382 Feci
969 3325 1450 3382 commutationem
1481 3333 1630 3378 tuam
1655 3321 1972 3393 Egyptum,
1995 3331 2050 3376 et

466 3418 797 3489 Ethiopian:
821 3426 880 3472 et
913 3418 1147 3488 Syenem
1181 3429 1281 3486 pro
1320 3424 1397 3470 te.
1429 3434 1449 3467 ι
1508 3415 1585 3470 Ita
1613 3416 1812 3486 quippe
1843 3417 2049 3484 pretio-

466 3525 564 3568 sus
612 3511 743 3566 mihi
791 3510 963 3576 fuisti,
1029 3517 1179 3564 tanta
1240 3508 1293 3563 in
1346 3518 1643 3578 conspectu
1701 3521 1822 3563 meo
1876 3507 2048 3576 gloria

462 3603 701 3658 donatus
727 3616 810 3670 es,
833 3610 890 3657 et
914 3615 1087 3671 usque
1105 3599 1243 3656 adeo
1270 3599 1436 3656 dilexi
1470 3612 1544 3664 te,
1578 3609 1636 3654 ut
1657 3599 1804 3654 salus
1843 3599 2044 3661 divina,

465 3706 590 3766 quae
609 3703 711 3764 per
737 3705 794 3748 te
817 3693 1074 3748 omnibus
1103 3692 1423 3748 hominibus
1445 3703 1602 3761 parta
1633 3702 1719 3746 est
1738 3733 1754 3756 ,
1782 3705 1954 3760 usque
1978 3691 2046 3745 ad

458 3797 711 3842 extrema
765 3797 928 3841 terra:
986 3785 1321 3856 pertingeret
1359 3802 1374 3838 :
1411 3793 1467 3839 et
1515 3794 1574 3837 nt
1631 3783 1711 3837 illi
1763 3783 2044 3837 hominum

465 3879 990 3948 σοι)αωὶιίοείεεὶιηί
1051 3877 1293 3949 Egyptii
1327 3893 1422 3947 per
1453 3885 1507 3930 te
1546 3875 1833 3930 vocatione
1857 3874 2046 3944 digna-

465 3980 680 4027 rentur.
715 3971 820 4026 Per
851 3971 1138 4042 IEgyptios
1179 3971 1346 4039 igitur
1382 3969 1796 4038 superstitiosos
1825 3976 1882 4022 et
1924 3967 2041 4022 idos

465 4060 695 4118 Iole-tres
735 4077 928 4118 omnes
985 4062 1291 4132 designavit
1323 4078 1337 4114 :
1369 4076 1463 4130 per
1493 4059 1784 4130 Ethiopas
1817 4069 1874 4114 et
1905 4060 2043 4130 Sye-

463 4164 614 4218 ιισιιι,
641 4167 737 4208 eos
763 4154 858 4223 qui
884 4163 1127 4210 extrema
1153 4165 1316 4207 terrae
1345 4161 1546 4208 nostra:
1569 4152 1900 4209 incolebant.
1932 4151 2043 4209 Nec

462 4243 829 4311 ignorantium
869 4252 955 4298 est
993 4258 1117 4298 esse
1171 4244 1463 4312 quamdam
1509 4242 1859 4298 Sabaitarnm
1905 4259 2040 4313 gen-

459 4344 594 4398 tem,
649 4334 790 4390 unde
833 4332 1141 4389 Salomonis
1185 4344 1429 4403 tempore
1481 4336 1670 4404 regina
1725 4335 1870 4390 Saba
1923 4350 2041 4405 pro-

459 4426 605 4484 fueta
636 4437 742 4485 est.

533 4607 696 4662 Vens.
742 4607 800 4675 4,
857 4609 911 4664 5.
970 4627 988 4660 ι
1019 4622 1093 4663 ex
1135 4623 1244 4676 quo
1291 4607 1627 4664 honorabilis
1665 4608 1844 4665 factus
1879 4624 1935 4664 es
1986 4611 2038 4664 in

459 4708 751 4768 conspectu
781 4715 924 4766 meo,
954 4697 1284 4768 gloriﬁcatns
1326 4715 1405 4765 cs,
1435 4709 1492 4754 et
1523 4713 1626 4767 ego
1663 4700 1824 4754 dilexi
1851 4709 1903 4754 te
1935 4718 1948 4755 :
1984 4709 2039 4754 et

455 4789 600 4844 dabo
629 4790 878 4844 homines
907 4807 1006 4858 pro
1034 4799 1111 4854 te,
1135 4800 1192 4846 et
1221 4792 1492 4860 principes
1542 4806 1645 4860 pro
1693 4793 1870 4861 capite
1921 4801 2031 4846 tuo.

458 4877 538 4932 Ne
565 4882 778 4942 timeas,
808 4880 1066 4948 quoniam
1101 4891 1276 4934 tecum
1305 4897 1446 4936 sum.
1480 4883 1560 4935 Ab
1593 4883 1808 4936 oriente
1835 4883 2030 4937 ducam

456 4985 643 5026 semen
704 4982 875 5038 tuum,
935 4983 990 5028 et
1041 4974 1110 5028 ab
1158 4974 1442 5028 occulente
1495 4976 1844 5044 congregabo
1901 4986 1971 5029 te.
2009 4995 2030 5027 ο

456 5061 650 5120 Multos
701 5063 840 5120 ﬁlios
889 5083 919 5118 ιι
973 5081 1060 5120 me
1107 5066 1403 5119 secundum
1463 5065 1630 5119 Deum
1689 5069 1931 5138 genitos,
1975 5069 2032 5121 in

346 5138 354 5146 ’
449 5154 665 5210 valesii
721 5172 838 5210 mea
883 5159 1104 5212 civitate
1166 5159 1511 5227 cnngregabo
1541 5195 1556 5222 ,
1628 5158 1882 5228 ipsosque
1935 5175 2024 5228 pen

455 5259 637 5299 aerem
672 5247 928 5301 sublimes
959 5265 1143 5318 ngam,
1176 5249 1334 5317 quasi
1367 5249 1620 5303 volucres
1651 5251 1849 5309 ventis.
1880 5251 2032 5306 vide-

453 5333 583 5391 licet
619 5339 880 5408 angelicis
901 5341 1581 5410 virtutibnssustentatos.

523 5501 570 5533 ⁷⁸
599 5500 788 5557 Matth.
822 5519 1012 5566 xxvm,
1040 5505 1134 5559 20.

2149 3235 2234 3288 ὅτι
2261 3232 2374 3302 ἐγὼ
2403 3232 2609 3304 Κύριος
2640 3233 2669 3285 ὁ
2690 3231 2826 3296 Θεός
2853 3248 2949 3284 σου
2978 3233 3008 3286 ὁ
3031 3231 3186 3301 ἅγιος
3214 3228 3454 3301 Ἰσραὴλ,
3477 3230 3507 3282 ti
3541 3227 3738 3292 σώζω.⁸

2151 3347 2234 3383 σε.
2285 3327 2550 3399 Ἐποίησα
2581 3325 2836 3396 ἄλλαγμά
2873 3341 2970 3378 σου
3007 3323 3282 3393 Αἴγυπτον
3323 3323 3416 3376 καὶ
3446 3319 3738 3375 Αἰθιοπίαν

2149 3419 2244 3475 καὶ
2261 3421 2466 3490 Σοήνην
2491 3417 2604 3488 (58)
2629 3417 2772 3489 ὑπὲρ
2791 3417 2912 3471 σοῦ.
2925 3435 2944 3468 ι
2969 3415 3127 3471 Οὕτω
3150 3415 3260 3486 γὰρ
3277 3413 3408 3484 παρ’
3428 3412 3550 3483 ἐμοὶ
3571 3411 3736 3480 γέγο-

2145 3526 2244 3573 νας
2268 3510 2470 3581 τιμιος,
2517 3509 2614 3562 καὶ
2651 3507 2825 3572 οὕτως
2870 3507 3112 3563 ἐναντίον
3146 3524 3247 3578 μου
3291 3502 3606 3575 ὲδοξάσθης,
3643 3503 3738 3557 καὶ

2144 3603 2318 3668 οὕτως
2345 3603 2612 3674 ἠγάπησά
2644 3619 2726 3665 σε,
2759 3604 2833 3666 ὡς
2854 3603 2948 3656 καὶ
2983 3601 3142 3673 μέχρι
3175 3600 3284 3654 τῶν
3325 3598 3596 3672 ὲσχατιῶν
3629 3598 3738 3668 γῆς

2147 3695 2354 3766 φθάσαι
2375 3694 2475 3766 τὴν
2492 3693 2584 3747 διὰ
2619 3692 2714 3746 σοῦ
2741 3695 2906 3747 πᾶσιν
2938 3691 3247 3762 ἀνθρώποις
3295 3687 3736 3762 προξενουμένην

2146 3787 2290 3843 κατά
2320 3786 2455 3840 Θεὸν
2495 3784 2800 3856 σωτηρίαν
2857 3785 2950 3838 καὶ
2995 3782 3072 3846 ὼς
3123 3782 3321 3844 αὐτοὺς
3359 3779 3468 3834 τῶν
3510 3779 3736 3833 πάντων

2145 3877 2451 3952 ἀνθρώπων
2475 3875 3073 3946 δεισιδαιμονεστάτους
3113 3871 3445 3941 Αἰγυπτίους
3495 3869 3596 3940 τῆς
3644 3868 3739 3922 διὰ

2149 3968 2243 4023 σοῦ
2277 3970 2520 4038 κλήσεως
2549 3965 2975 4036 καταξιωθῆναι.
3026 3963 3124 4017 Διὰ
3161 3962 3260 4032 μὲν
3298 3956 3392 4016 οὖν
3427 3959 3535 4014 τῶν
3565 3961 3739 4028 Αἰγυ-

2148 4063 2320 4116 πτίων
2366 4062 2576 4125 πάντας
2601 4059 2821 4130 ᾐνίξατο
2851 4057 2980 4120 τοὺς
3019 4055 3418 4126 δεισιδαίμονας
3449 4054 3544 4108 καὶ
3571 4053 3738 4106 εἰδω-

2112 4165 2119 4172 ·
2144 4152 2428 4224 λολάτρας,
2455 4150 2548 4204 διὰ
2588 4150 2646 4203 δὲ
2678 4149 2778 4221 τῆς
2807 4146 3095 4210 Αἰθιοπίας
3123 4147 3218 4199 καὶ
3254 4145 3443 4214 Σοῖνης
3474 4143 3606 4205 τοὺς
3639 4141 3739 4212 μὲ-

2145 4262 2236 4316 χρι
2263 4244 2372 4298 τῶν
2397 4243 2667 4314 ἐσχατιιῖιν
2700 4243 2797 4312 τῆς
2834 4239 2960 4294 καθ’
2989 4239 3134 4310 ἡμᾶς
3161 4235 3486 4307 οἰκουμένης
3515 4234 3740 4288 οἰκοῦν,

2144 4351 2262 4399 τας.
2308 4334 2526 4398 Ἰστέον,
2561 4335 2638 4397 ὡς
2686 4333 2800 4386 ἔστι
2850 4329 3130 4384 Σαὼῖτῶν
3182 4328 3354 4390 ἔθνος,
3398 4325 3523 4380 ὅθεν
3575 4325 3740 4396 βασί-

2074 4428 2119 4484 D
2147 4428 2306 4482 λισσα
2337 4427 2486 4481 Σαϐὰ
2541 4426 2803 4497 ἐπεδήμει
2851 4425 2991 4479 κατὰ
3033 4425 3160 4488 τοὺς
3209 4419 3554 4492 Σολομῶντος
3602 4420 3742 4491 χρό’

2145 4536 2290 4582 νους.

2222 4627 2240 4659 ι
2291 4608 2406 4676 Ἀφ’
2432 4602 2492 4662 οὗ
2509 4608 2724 4676 ἔντιμος
2745 4608 2931 4674 ἐγένου
2953 4603 3190 4657 ἐναντίον
3222 4601 3381 4678 ἐμοῦ,
3408 4597 3738 4669 ἐδοξάσθης,

2144 4701 2237 4755 καὶ
2281 4701 2392 4769 ὲγὼ
2427 4717 2484 4752 σε
2534 4699 2820 4768 ἠγάπησα.
2858 4697 2966 4749 Καὶ
3011 4694 3166 4748 δώσω
3211 4692 3529 4763 ἀνθρώπους
3586 4691 3742 4760 ὑπὲρ

2145 4793 2262 4857 σοῦ,
2299 4795 2391 4846 καὶ
2412 4793 2677 4864 ἄρχοντας
2713 4791 2856 4861 ὑπὲρ
2879 4790 2974 4860 τῆς
3001 4787 3238 4857 κεφαλῆς
3263 4803 3377 4838 σου.
3413 4785 3504 4854 Μὴ
3529 4783 3738 4851 φοϐοῦ,

2144 4888 2224 4940 ὄτι
2261 4887 2405 4956 μετὰ
2445 4883 2539 4938 σοῦ
2584 4885 2720 4954 εἰμι.
2771 4884 2888 4937 Ἀπ’
2937 4879 3210 4934 ἀνατολῶν
3251 4877 3364 4941 ἄξω
3403 4874 3463 4928 τὸ
3502 4875 3742 4946 σπέρμα

2145 4995 2259 5040 σου,
2285 4978 2377 5030 καὶ
2403 4977 2514 5031 ἀπὸ
2541 4977 2760 5045 δυσμῶν
2789 4972 3002 5037 συνάξω
3028 4989 3108 5024 σε.
3149 4989 3167 5022 ι
3193 4965 3368 5022 Πολλὰ
3391 4966 3560 5018 τέκνα
3585 4965 3743 5018 κατὰ

2141 5070 2276 5123 Θεὸν
2298 5070 2562 5139 γεννήσας
2593 5066 2805 5131 συνάξω
2833 5068 2912 5129 εἰς
2934 5064 3031 5134 τὴν
3063 5059 3380 5133 ἐπουράνιον
3417 5075 3519 5128 μου
3545 5057 3739 5119 πόλιν,

2145 5161 2452 5233 μετεώρους
2478 5162 2673 5224 αὐτοὺς
2698 5157 2980 5214 ἀναλαϐὼν
3001 5157 3066 5210 δι’
3083 5157 3244 5225 ἀέρος
3266 5153 3454 5222 ὥσπερ
3484 5152 3740 5221 πτηνοὺς

2137 5254 2362 5323 ἀνέμοις
2384 5252 2903 5322 ὑποκουφιζόμενος,
2941 5249 3084 5317 λέγω
3115 5247 3178 5319 δὴ
3211 5244 3524 5314 ἀγγελικαίς
3572 5241 3725 5299 δ’.)νὰ

2135 5364 2206 5416 ,με
2215 5365 2319 5401 σιν.

525 5663 637 5742 (ἥδ)
659 5665 836 5742 Syene
858 5665 987 5742 urbs
1003 5669 1068 5720 ad
1095 5676 1337 5742 entrema
1363 5661 1581 5742 Egypti
1607 5663 1800 5730 posita,
1823 5662 2051 5734 Συήνη,1

2160 5679 2206 5735 νη
2265 5673 2316 5720 et
2365 5663 2522 5736 Σοτνη
2559 5663 2757 5718 dicitur
2797 5662 2938 5733 apud
2988 5657 3314 5731 Origencm,
3357 5659 3741 5715 Atnanasim‘t

449 5745 506 5788 et
541 5735 788 5801 alios,’ut
815 5738 865 5791 in
899 5736 1180 5792 Athanasii
1215 5735 1363 5794 edito
1396 5735 1724 5791 monuimus.
