3880 6216
191 292 299 349 397

1119 304 1623 365 COMMENTARIA
1664 310 1732 365 IN
1773 310 2031 367 ISAIAM.
2074 341 2139 352 —-
2178 312 2332 369 CAP.
2372 313 2557 370 XLIII.

3351 322 3459 383 598

272 433 290 464 ι
344 411 490 486 Ἐρῶ
530 414 610 486 τῷ
643 415 838 491 βορῤᾷ,
876 421 1028 490 Ἀγε,
1078 425 1172 478 καὶ
1221 425 1299 496 τῷ
1336 426 1470 490 λιόὶ,
1505 428 1660 495 Ἄγε,
1703 430 1757 500 μὶ

1959 428 2127 483 Vens.
2169 431 2224 484 6.
2272 448 2291 481 ι
2320 430 2501 487 Dicam
2535 430 2796 502 aquiloni,
2828 433 2971 503 Age;
3003 442 3056 491 et
3086 442 3295 501 austro,
3324 437 3458 507 Age,

190 503 370 558 κώλυε
391 522 406 535 ·
433 506 535 575 ἄγε
561 509 691 572 τοὺς
727 510 876 575 υἱούς
905 530 1008 583 μου
1043 514 1152 585 άπὸ
1190 517 1290 589 τῆς
1336 518 1636 590 πόρρωθεν,
1688 519 1780 573 καὶ

189 596 291 658 τὰς
322 595 634 669 θυγατέρας
665 617 768 670 μου
804 603 899 656 ἀπ’
926 605 1115 675 ἄκρων
1143 606 1245 678 τῆς
1273 608 1395 678 γῆς.
1426 629 1443 660 ι
1488 610 1629 679 Ἐγὼ
1663 612 1771 682 γὰρ

188 688 311 750 ταῖς
336 686 659 756 άγγελικαῖς
695 692 1151 765 δυνάμεσι’τοῦτο
1174 702 1346 754 ποιεῖν
1370 702 1673 772 προστάξω,
1696 702 1783 756 διὰ

188 777 251 831 τὸ
281 779 453 849 ἐμοὺς
486 776 627 835 εἶναι
649 785 801 849 υἱοὺς
840 788 935 840 καὶ
970 786 1278 863 θυγατέρας
1323 793 1465 863 ἐμὰς
1511 794 1581 846 δι’
1628 795 1785 866 ὑμῶν

192 871 505 941 σπαρέντας
534 876 629 928 καὶ
656 877 1115 951 ἁναγεννηθέντας
1131 883 1191 937 ἐν
1212 887 1279 955 τῇ
1311 885 1417 957 ἐμῇ
1461 886 1780 959 Ἐκκλησία.

263 980 287 1013 ι
320 962 542 1027 Πάντας
593 967 707 1020 ὅσοι
761 969 1146 1042 ἐπικέκληνται
1190 973 1269 1044 τῷ
1314 975 1540 1046 ὀνόματί
1598 995 1717 1049 μου.
1757 996 1776 1029 ι

189 1052 366 1106 Πόθεν
397 1054 456 1107 δὲ
483 1054 707 1109 ἄλλοθεν
734 1058 941 1133 ὑπέστη
978 1060 1038 1115 τὸ
1080 1064 1423 1134 Χριστιανῶν
1454 1065 1624 1138 ῦνομα
1650 1068 1683 1138 ἢ
1715 1069 1782 1122 ἐκ

104 1184 105 1187 η
187 1144 287 1215 τῆς
320 1144 417 1199 τοῦ
446 1148 683 1218 Χριστοῦ
712 1152 1118 1223 προσηγορίας;
1152 1155 1314 1219 αὐτὸς
1338 1154 1397 1209 δὲ
1424 1151 1492 1227 ἦν
1516 1160 1546 1211 ό
1565 1157 1655 1212 διὰ
1684 1156 1780 1211 τοῦ

185 1235 474 1306 προφήτου
503 1236 674 1291 ταῦτα
711 1239 1006 1306 θεσπίζων.
1052 1261 1071 1294 ι
1112 1245 1200 1298 Ἐν
1228 1245 1337 1317 γὰρ
1383 1248 1449 1318 τῇ
1492 1248 1623 1321 δόξῃ
1676 1267 1779 1321 μου

187 1328 573 1382 κατεσκεύασα
608 1330 791 1395 αὑτὸν,
822 1333 916 1386 καὶ
966 1333 1177 1388 ἔπλασα
1208 1336 1392 1402 αὑτὸν,
1424 1339 1518 1392 καὶ
1548 1341 1778 1412 ἐποίησα

184 1418 373 1483 αὐτὸν,
418 1420 691 1475 ἄπλαστον
737 1423 867 1477 ὄντα
895 1426 1012 1489 τοῖς
1039 1427 1282 1496 τρόποις.

262 1528 283 1560 ι
318 1510 431 1564 Καὶ
459 1512 730 1584 ἐξήγαγον
774 1515 905 1569 λαὸν
953 1517 1174 1587 τυφλὸν,
1206 1520 1301 1573 καὶ
1325 1521 1596 1595 ὀφθαλμοί
1636 1525 1775 1579 εἰσιν

182 1601 453 1668 ὡσαύτως
481 1604 693 1674 τυφλοὶ,
735 1607 829 1660 καὶ
881 1610 1054 1679 κωφοὶ
1081 1610 1150 1664 τὰ
1174 1605 1289 1665 ὦτα
1313 1611 1546 1684 ἔχοντες.
1590 1616 1772 1670 Πάντα

183 1692 251 1745 τὰ
286 1687 418 1759 ἔθνη
444 1694 789 1767 συνήχθησαν
820 1697 958 1768 ἅμα,
987 1701 1082 1754 καὶ
1111 1703 1533 1776 συναχθήσονται
1574 1708 1770 1779 ἄρχον·-

1887 520 1996 575 noli
2024 521 2329 591 prohibere.
2368 522 2479 593 Age
2507 522 2647 578 ﬁlios
2682 537 2831 578 meos
2865 527 2932 579 tle
2959 534 3101 580 terra
3135 538 3365 592 remota,
3402 538 3461 583 et

1887 613 2023 668 ﬁlias
2046 627 2197 668 meas
2226 614 2294 667 ab
2310 614 2569 669 extremis
2594 626 2771 670 teme.
2810 634 2829 667 ι
2877 616 2988 687 Ego
3012 618 3153 674 enim
3182 621 3458 690 angelicas

1886 708 2117 760 virtutes
2136 706 2248 761 hmo
2273 720 2435 776 agere
2463 706 2770 777 praecipiam
2791 749 2807 773 ,
2839 710 2969 777 quia
3002 709 3093 764 ﬁlii
3122 711 3228 766 mei
3251 720 3307 767 et
3330 711 3455 768 ﬁlia:

1885 812 2018 853 mea:
2070 808 2220 863 sunt,
2268 814 2367 867 per
2400 814 2493 853 vos
2530 800 2633 853 sati
2665 808 2721 853 et
2771 804 3069 870 regenerati
3114 802 3169 857 in
3213 802 3458 859 Ecclesia

1883 904 2022 943 mea.

1959 979 2119 1036 Vens.
2166 981 2220 1035 7.
2265 1002 2284 1034 ι
2319 981 2537 1050 Omnes,
2566 993 2837 1055 quotquot
2866 987 3043 1041 vocali
3073 997 3200 1042 sunt
3233 989 3455 1047 nomine

1882 1088 2021 1129 meo.
2046 1092 2065 1127 ι
2104 1073 2257 1129 Unde
2283 1075 2632 1131 constitutum
2666 1088 2749 1133 est
2768 1078 3207 1136 Christianorum
3236 1096 3455 1151 nomen,

1882 1164 1985 1220 nisi
2025 1180 2090 1219 ex
2128 1166 2329 1221 Christi
2369 1168 2633 1223 nomine?
2662 1169 2781 1239 Ipse
2826 1180 3007 1226 autem
3046 1182 3189 1239 erat,
3220 1175 3313 1243 qni
3355 1190 3456 1244 per

1879 1259 2202 1327 prophetam
2231 1260 2347 1315 haec
2374 1261 2796 1317 vaticinabatur.
2832 1281 2850 1314 ι
2875 1263 2930 1318 1η
2959 1265 3133 1333 gloria
3163 1266 3309 1320 enim
3333 1281 3454 1323 mea

1876 1348 2192 1416 etlittieum,
2246 1359 2300 1404 et
2337 1351 2468 1406 ﬁnxi
2497 1367 2645 1415 eum,
2696 1363 2753 1408 et
2798 1354 2902 1411 feci
2956 1371 3105 1423 eum,
3141 1376 3160 1408 ι
3228 1358 3453 1416 minime

1879 1439 2056 1494 [ictum
2092 1443 2353 1497 moribus.

1949 1531 2111 1587 Vens.
2165 1532 2220 1601 8,
2262 1534 2315 1589 9.
2366 1554 2386 1587 ι
2408 1534 2474 1590 Et
2506 1537 2670 1591 eduxi
2694 1537 2946 1607 populum
2971 1554 3202 1610 caseum,
3233 1551 3289 1597 et
3306 1542 3451 1600 oculi

1873 1636 1996 1678 sunt
2027 1626 2234 1694 pariter
2275 1627 2424 1694 caeci,
2456 1639 2511 1682 et
2549 1629 2697 1683 surdi
2749 1645 2909 1686 aures
2959 1633 3183 1688 habent.
3233 1633 3438 1691 Omnes

1872 1724 2057 1784 gentes
2076 1727 2424 1787 congregatte
2449 1728 2575 1774 sunt
2610 1720 2794 1789 simul,
2820 1731 2875 1777 et
2916 1724 3143 1780 coibunt
3174 1727 3451 1797 principes

180 1783 355 1848 τες’ἐξ
377 1784 580 1841 αὐτῶν.
617 1806 637 1839 ι
687 1787 789 1841 Διὰ
818 1791 928 1861 γάρ
956 1791 1067 1845 τῶν
1106 1793 1478 1850 ἀποπολικῶν
1509 1801 1757 1871 σπερμά-

1870 1782 1932 1860 ex
1954 1807 2088 1862 eis.»
2110 1782 2215 1864 Per
2238 1782 2534 1879 apostolica
2559 1813 2758 1884 quippe
2778 1782 2990 1870 semina
3029 1826 3083 1872 et
3112 1782 3212 1888 per
3241 1782 3450 1875 doctri-

177 1890 293 1927 των
345 1876 579 1947 καὶτῆς
631 1878 983 1945 διδασκαλίας
1028 1884 1212 1938 αὐτῶν
1263 1888 1660 1957 μεταϐαλόντες
1715 1893 1767 1945 oi

178 1965 351 2021 πάλαι
370 1970 569 2039 τυφλοὶ
597 1972 691 2024 καὶ
714 1973 909 2041 κωφοὶ,
940 1976 1285 2048 συνήχθησαν
1308 1980 1389 2043 εἰς
1409 1980 1508 2053 τὴν
1543 1982 1769 2055 Ἐκκλη-

178 2057 310 2113 σίαν
338 2059 435 2113 τοῦ
464 2061 604 2115 Θεοῦ
624 2081 637 2093 ο
671 2064 772 2136 ήδη
794 2064 851 2118 δὲ
884 2067 979 2121 καὶ
1022 2068 1284 2139 ἄρχοντες
1328 2070 1389 2136 ἐξ
1420 2073 1601 2127 αὐτῶν
1640 2075 1768 2129 τού-

175 2164 291 2203 των
326 2151 440 2205 τῶν
466 2152 638 2208 ἐθνῶν
672 2156 765 2209 ἐπὶ
792 2156 884 2210 τὸν
915 2157 1041 2210 λαὸν
1070 2158 1165 2212 τοῦ
1199 2160 1335 2214 Θεοῦ
1372 2163 1727 2236 κατέστησαν.

256 2263 277 2293 ι
311 2244 413 2307 Τίς
444 2247 736 2316 ἀναγγελεῖ
775 2250 988 2316 ταῦτα;
1024 2252 1057 2322 ἢ
1092 2252 1160 2306 τὰ
1191 2252 1251 2318 ἐξ
1282 2255 1459 2325 ἀρχῆς
1488 2257 1573 2321 τίς
1596 2258 1768 2328 ἀναγ-

173 2329 331 2398 τελεῖ
352 2332 516 2402 ὕμῖνς
564 2335 944 2404 Ἀγαγὲτωσαν
972 2341 1104 2403 τοὺς
1134 2341 1416 2414 μάρτυρας
1445 2346 1645 2413 αὐτῶν,
1671 2350 1766 2403 καὶ

170 2420 647 2494 δικαιωθήτωσαν,
694 2428 788 2480 καὶ
842 2429 1256 2497 ἀκουσάτωσαν,
1308 2434 1400 2487 καὶ
1455 2437 1764 2495 εἰπάτωσαν

176 2511 381 2597 άληθῆ.
410 2514 638 2569 Γένεσθέ
664 2534 755 2587 μοι
792 2519 1091 2593 μάρτυρες,
1123 2524 1218 2577 καὶ
1242 2525 1355 2593 ἐγὼ
1401 2527 1635 2598 μάρτυς,
1674 2531 1764 2586 λέ-

175 2618 266 2673 γει
295 2603 504 2677 Κύριος
526 2606 557 2657 6
581 2605 735 2670 Θεὸς,
769 2611 864 2663 καὶ
896 2612 924 2664 6
956 2614 1086 2675 παῖς
1112 2629 1240 2683 μου,
1260 2615 1321 2668 ὃν
1344 2616 1699 2692 ἐξελεξάμην.
1736 2641 1757 2675 ι

188 2696 409 2767 Ἐπειδὴ
434 2698 590 2766 κάγὼ
615 2701 645 2753 6
679 2699 813 2765 Θεὸς
853 2702 1063 2774 μάρτυς
1106 2706 1288 2761 αὐτῶν
1323 2710 1647 2781 γενήσομαι,
1667 2714 1762 2767 καὶ

169 2785 204 2838 ό
234 2788 365 2850 παῖς
400 2804 504 2857 μου
530 2788 587 2843 ὃν
616 2789 947 2863 ἐξελεξάμην
971 2809 985 2823 ⁸
1019 2795 1150 2867 περὶ
1172 2790 1237 2851 οὗ
1257 2798 1517 2871 ἀνωτέρω
1538 2800 1723 2872 ἔλεγεν
1741 2819 1757 2834 ο

174 2894 200 2929 ‹
245 2876 377 2932 Ἰδοὺ
404 2879 437 2931 ὁ
457 2882 586 2944 παῖς
609 2898 731 2952 μου,
760 2883 818 2936 ὃν
846 2884 1096 2956 ᾑρέτισα,
1119 2888 1147 2939 6
1167 2888 1420 2953 ἐκλεκτός
1444 2908 1567 2961 μου,
1590 2910 1760 2965 προσ-

171 2967 395 3033 εδέξατο
444 2970 609 3025 αὐτὸν
660 2974 692 3044 ή
727 2974 870 3047 ψυχή
902 2994 1026 3047 μου.
1057 2996 1077 3029 ι
1124 2978 1264 3049 Ἐγὼ
1309 2982 1487 3037 τοίνυν
1516 2984 1677 3049 αὐτὸς
1728 2988 1759 3039 ό

169 3060 332 3125 Θεὸς,
368 3062 464 3115 καὶ
494 3062 523 3115 6
559 3067 686 3128 παῖς
720 3062 877 3131 οὗτος
901 3070 931 3121 6
958 3069 1215 3135 ἐκλεκτός
1260 3090 1386 3143 μου,
1424 3078 1758 3149 μαρτυρήσω

174 3152 284 3213 τοῖς
308 3152 467 3221 ἐμοῖς
497 3152 730 3224 μάρτυσι
751 3172 766 3185 ·
806 3156 834 3209 ὃ
865 3157 930 3229 δὴ
956 3159 1052 3211 καὶ
1076 3161 1310 3233 όΣωτὴρ
1330 3163 1388 3215 ἐν
1405 3164 1755 3235 Εὐαγγελίοις

172 3241 366 3310 ἐδήλου
399 3242 576 3312 λέγων
595 3262 609 3275 ·
645 3264 665 3297 t
695 3248 791 3311 Ὃς
822 3246 917 3301 ἐὰν
946 3249 1259 3325 ὁμολογήσῃ
1290 3255 1351 3307 ὲν
1382 3255 1506 3325 ἐμοὶ
1549 3256 1756 3328 ἐμπρο-

172 3331 298 3387 σθεν
335 3334 444 3389 τῶν
466 3335 789 3408 ἀνθρώπων,
815 3340 1136 3414 ὁμολογήσω
1176 3345 1333 3414 κάγὼ
1362 3348 1420 3402 ἐν
1460 3348 1610 3420 αὐτῷ
1653 3349 1754 3421 έμ-

172 3424 413 3495 προσθεν
445 3425 541 3479 τοῦ
570 3429 783 3498 Πατρός
818 3448 921 3502 μου
949 3433 1045 3486 τοῦ
1079 3435 1138 3487 ἐν
1174 3439 1289 3500 τοῖς
1329 3439 1597 3510 οὐρανοῖς.
1636 3441 1754 3496 Ἵνα

167 3514 343 3583 γνῶτε
390 3517 487 3570 καὶ
535 3519 885 3592 πιστεύσητε,
935 3525 1033 3577 καὶ
1074 3526 1292 3598 συνῆτε,
1341 3530 1424 3582 ὃτι
1474 3531 1585 3599 ἐγώ
1612 3533 1748 3603 είμι.

228 3627 250 3659 ι
291 3608 645 3681 Ἔμπροσθέν
676 3630 778 3683 μου
808 3615 908 3667 οὐκ
922 3616 1139 3684 ἐγένετο
1156 3619 1317 3685 ἄλλος
1344 3622 1494 3687 Θεὸς,
1520 3624 1612 3677 καὶ
1633 3626 1750 3696 μετ’

162 3698 265 3770 ἐμὲ
291 3701 395 3753 οὐκ
428 3700 561 3754 ἐστι.
586 3721 604 3753 ι
639 3703 713 3756 Τὸ
742 3704 851 3777 γάρ
872 3706 1043 3762 αἴτιον
1068 3710 1169 3781 τῆς
1192 3711 1287 3764 τοῦ
1315 3714 1552 3784 Χριστοῦ
1596 3733 1747 3787 παρ-

162 3790 353 3853 ουσίας
381 3792 478 3844 καὶ
510 3794 610 3865 τῆς
641 3795 752 3848 τῶν
801 3798 1119 3854 ἀποστόλων
1152 3803 1320 3856 αὑτοῦ
1350 3806 1431 3869 εἰς
1478 3806 1656 3862 πάντα
1679 3808 1751 3863 τά

162 3879 291 3953 εθνη
339 3885 645 3975 μαρτυρίας
670 3887 822 3941 οὐδὲν
859 3890 1045 3961 ἕτερον
1086 3888 1177 3964 ἦν,
1208 3895 1256 3975 il!
1279 3896 1339 3948 τὸ
1376 3898 1609 3969 κηρῦξαι
1647 3900 1747 3971 τὴν

163 3972 257 4043 τοῦ
289 3974 431 4027 Θεοῦ
450 3977 672 4043 γνῶσιν,
705 3980 799 4033 καὶ
835 3981 934 4053 τὴν
970 3984 1051 4047 εἰς
1093 3972 1255 4043 αὐτὸν
1288 3989 1489 4055 πίστιν,
1525 3993 1621 4045 καὶ
1647 3992 1746 4065 τὴν

162 4068 293 4137 περὶ
326 4068 494 4121 αὐτοῦ
528 4069 742 4125 σύνεσιν
790 4077 901 4137 τοῖς
934 4077 1063 4148 πρὶν
1108 4079 1406 4144 ἀσυνέτοις,
1439 4083 1534 4137 καὶ
1578 4085 1743 4138 ἀσυν-

160 4154 359 4221 θέτοις,
390 4159 487 4212 καὶ
526 4161 795 4228 ἀπίστοις,
838 4167 931 4219 καὶ
966 4169 1026 4220 ἐν
1058 4169 1303 4241 ἀγνωσία
1342 4168 1490 4227 οὖσιν
1534 4176 1700 4229 αὐτοῦ
1728 4194 1740 4205 ⁸

156 4248 229 4312 ὡς
256 4249 349 4302 διὰ
402 4250 562 4305 τοῦτο
590 4255 921 4323 τυφλώττειν
950 4261 1077 4323 τοὺς
1114 4261 1217 4332 τῆς
1264 4263 1502 4329 διανοίας
1545 4267 1744 4336 ὀφθαλ-

158 4342 317 4408 μοὺς,
352 4342 452 4395 καὶ
473 4345 599 4416 περὶ
622 4346 722 4417 τὴν
746 4348 953 4422 πλάνην
978 4352 1077 4422 τῆς
1112 4352 1274 4407 ἀθέου
1301 4356 1742 4429 είδωλολατρείας

1871 1913 1993 1952 nam
2024 1914 2212 1955 eorum
2262 1903 2494 1969 mutati,
2529 1905 2621 1973 qui
2652 1904 2781 1960 olim
2811 1907 2941 1962 caeci
2982 1920 3040 1962 et
3073 1909 3223 1965 surdi
3270 1921 3447 1979 erant,

1868 1993 2177 2062 congregati
2210 2002 2339 2048 sunt
2374 1995 2427 2047 in
2464 1995 2703 2052 Ecclesia
2733 1997 2827 2053 Dei
2852 2017 2874 2053 τ
2899 1998 3130 2071 jamque
3169 2003 3451 2085 principes

1867 2090 1933 2136 e'x
1989 2084 2182 2139 iisdem
2243 2087 2503 2155 gentibus
2556 2087 2609 2144 in
2683 2091 2938 2160 p0pulum
3002 2093 3096 2149 Dei
3157 2084 3446 2154 constituti

1868 2186 2014 2232 sunt.

1940 2267 2099 2323 Vens.
2142 2269 2296 2325 9-H.
2340 2289 2359 2321 ι
2388 2270 2520 2338 Quis
2551 2274 2893 2330 annuntiabit
2922 2276 3037 2333 hate
3059 2316 3076 2342 .
3126 2287 3183 2333 et
3227 2293 3351 2348 quae
3375 2284 3445 2335 ab

1867 2361 2025 2416 initio
2054 2362 2177 2430 quis
2218 2364 2499 2419 enarrabit
2532 2365 2729 2420 vobis?
2755 2368 3041 2423 Adducam
3082 2379 3248 2426 testes
3292 2387 3442 2440 suos,

1864 2454 2321 2524 etjustiticentur,
2356 2463 2413 2509 et
2442 2456 2666 2513 audiant
2694 2465 2749 2512 et
2778 2458 2963 2513 dicant
2989 2474 3110 2529 qua
3134 2476 3264 2515 vera
3292 2472 3439 2517 sunt.

1865 2545 2047 2600 Estote
2081 2546 2211 2600 milii
2251 2556 2459 2612 testes,
2516 2556 2569 2602 et
2623 2563 2724 2620 ego
2780 2551 2954 2617 testis,
2998 2551 3132 2607 dicit
3180 2552 3443 2611 Dominus

1865 2636 2039 2699 Deus,
2068 2646 2123 2691 et
2158 2653 2290 2707 puer
2322 2653 2495 2706 meos,
2543 2654 2704 2709 quem
2751 2640 2913 2713 elegi.
2945 2662 2963 2695 ι
3020 2642 3287 2710 Quoniam
3335 2662 3441 2718 ego

1862 2726 2003 2783 Deus
2034 2730 2189 2783 testis
2227 2734 2414 2784 eorum
2449 2746 2581 2797 ero,
2611 2739 2666 2786 et
2692 2749 2827 2801 puer
2859 2751 3032 2802 meus,
3067 2752 3229 2811 quem
3263 2738 3437 2813 elegi;

1860 2819 1928 2873 de
1955 2835 2062 2889 quo
2085 2822 2336 2891 superius
2366 2822 2583 2878 dicebat
2609 2865 2623 2888 ,
2672 2842 2693 2875 ι
2721 2826 2861 2881 Ecce
2901 2842 3037 2898 puer
3060 2843 3212 2885 meus
3233 2871 3249 2897 ,
3275 2848 3438 2903 quem

1860 2913 2021 2984 elegi,
2051 2914 2259 2970 electus
2285 2930 2457 2980 meus,
2482 2918 2726 2987 suscepit
2748 2932 2871 2972 eum
2896 2921 3075 2976 anima
3101 2937 3241 2978 mea.
3271 2942 3293 2978 ι
3328 2924 3440 2994 Ego

1859 3004 2041 3074 itaque
2072 3005 2189 3075 ipse
2223 3007 2385 3071 Deus,
2427 3016 2481 3062 et
2507 3007 2597 3063 hic
2627 3025 2765 3078 puer
2800 3010 3010 3068 electus
3057 3028 3241 3082 meus,
3280 3018 3437 3072 testi-

1862 3097 2067 3154 ﬁcabor
2102 3099 2334 3155 testibus
2381 3099 2556 3167 meis,
2608 3102 2755 3171 quod
2802 3103 3061 3158 nimirum
3100 3103 3353 3163 Salvator
3379 3108 3439 3163 iu

1858 3189 2167 3260 Evangeliis
2191 3191 2508 3247 declarabat
2531 3192 2619 3248 bis
2660 3193 2861 3260 verbis,
2901 3211 2921 3245 ι
2949 3193 3271 3266 Quicunque
3300 3212 3439 3253 con-

1858 3282 2097 3338 ﬁtebltur
2142 3298 2229 3337 me
2268 3298 2452 3338 coram
2502 3282 2840 3350 hominibus,
2884 3286 3189 3341 conﬁtebor
3232 3297 3290 3342 et
3335 3303 3442 3359 ego

1856 3389 1978 3430 eum
2008 3390 2191 3431 coram
2223 3375 2386 3431 Patre
2413 3389 2557 3441 meo,
2588 3376 2679 3444 qui
2714 3376 2766 3430 in
2799 3376 2956 3430 caelis
2978 3383 3067 3429 est
3093 3376 3162 3429 ⁷⁸.
3192 3394 3339 3430 ι--ι
3366 3377 3437 3434 Ut

1855 3469 2217 3539 cognoscatis,
2232 3479 2285 3524 et
2301 3468 2535 3524 credatis
2563 3477 2616 3523 et
2647 3467 2975 3537 intelligetis.
2999 3467 3124 3536 quia
3144 3483 3430 3537 egosum.»

1926 3560 2092 3615 Vens.
2136 3561 2223 3614 12.
2272 3580 2291 3611 ι
2320 3562 2459 3615 Ante
2484 3574 2571 3613 me
2607 3574 2715 3613 non
2753 3559 2855 3613 fuit
2884 3559 3025 3613 Deus
3048 3559 3207 3624 alios,
3233 3569 3289 3614 et
3314 3570 3435 3629 post

1853 3669 1939 3708 me
1973 3669 2079 3709 non
2103 3654 2227 3709 erit.
2261 3672 2280 3706 ι
2310 3651 2444 3707 Nam
2468 3650 2672 3708 Christi
2699 3652 2968 3705 adventus
2990 3687 3009 3714 ,
3048 3659 3103 3703 et
3134 3650 3432 3705 testimonii

1854 3760 1951 3815 per
1978 3745 2257 3814 apostolos
2304 3744 2424 3814 ejus
2460 3757 2555 3814 per
2602 3758 2792 3797 omnes
2826 3751 3014 3812 gentes
3058 3742 3290 3797 exbibiti
3322 3758 3429 3797 non

1851 3846 2072 3906 propter
2100 3836 2246 3891 aliud
2277 3844 2416 3900 erat,
2448 3851 2609 3905 quant
2640 3844 2702 3889 ut
2732 3834 3095 3904 praedicarent
3128 3835 3221 3889 Dei
3246 3836 3430 3905 cogni-

1852 3929 2080 3993 tionem,
2124 3928 2281 3982 ﬁdent
2313 3927 2368 3982 in
2401 3942 2548 3993 eum,
2578 3937 2634 3982 et
2676 3927 3091 3997 intelligentiam
3155 3926 3298 3997 ejus,
3340 3928 3426 3989 iis.

1848 4023 1937 4091 qui
1967 4022 2118 4092 prius
2150 4021 2495 4091 insipientes,
2526 4020 2817 4075 inordinati
2846 4059 2862 4086 ,
2908 4029 2965 4074 et
2994 4019 3237 4074 inﬁdeles
3269 4032 3427 4075 erant

1847 4125 2009 4187 atque
2059 4116 2112 4169 in
2191 4113 2498 4185 ignorantia
2570 4112 2693 4182 ejus
2754 4096 3159 4177 versabantur;
3229 4113 3301 4165 ita
3368 4123 3429 4165 ut

1845 4214 2133 4277 propterea
2182 4205 2379 4259 mentis
2426 4204 2600 4260 oculis
2640 4205 2977 4268 cwcutirent,
3026 4212 3080 4257 et
3125 4204 3179 4256 in
3237 4218 3427 4258 errore

1846 4297 2022 4365 impia:
2046 4294 2362 4350 idololatriae
2390 4296 2781 4350 volutarentur.
2814 4313 2835 4347 ι
2868 4295 2980 4366 Ego
3012 4295 3171 4359 Deus,
3221 4306 3277 4349 et
3317 4311 3422 4349 non

1844 4399 1927 4441 est
1974 4396 2171 4456 praeter
2226 4400 2313 4440 me
2364 4385 2635 4440 Salvator.
2683 4403 2703 4436 ι
2770 4384 2903 4438 Nam
2956 4399 3077 4438 cum
3146 4399 3311 4437 unum
3351 4385 3422 4437 sit

154 4432 435 4487 είλείσθαι.
478 4453 498 4486 ι
543 4438 683 4506 Ἐγὼ
711 4441 915 4506 όΘεὸς,
964 4448 1058 4497 καὶ
1083 4446 1184 4498 οὐκ
1225 4446 1339 4500 ἐστι
1382 4449 1557 4520 παρὲξ
1602 4451 1737 4521 ἐμοῦ

158 4522 347 4548 ---›ν-...
394 4525 653 4548 -..μεως
738 4529 812 4548 θην
931 4534 943 4548 .
1028 4534 1054 4545 -
1183 4536 1195 4548 .
1292 4539 1314 4548 -
1383 4539 1404 4548 -
1479 4541 1491 4548 .
1528 4540 1548 4548 -
1598 4542 1608 4548 .

1870 4432 2195 4545 ιιίιιέἰρὶιιιιι,
2262 4492 2366 4531 una
2425 4476 2589 4532 fuerit
2626 4484 2684 4532 et
2719 4477 2931 4542 deitas,
2991 4489 3224 4545 quacum
3266 4489 3423 4529 assu-

156 4522 367 4612 σώζων.
391 4543 414 4574 ι
435 4525 582 4589 Μιᾶς
595 4528 701 4602 γὰρ
728 4529 893 4602 οὔσης
919 4534 1112 4605 ἀρχῆς,
1134 4536 1232 4605 μία
1261 4539 1344 4609 εἴη
1378 4539 1445 4592 ἂν
1468 4541 1501 4610 ή
1524 4540 1732 4612 θεότης,

154 4605 815 4689 ᾖσυμπαραλαμὸάνεται
856 4625 947 4676 καὶ
977 4627 1010 4695 ὴ
1044 4626 1140 4679 τοῦ
1185 4605 1521 4697 Μονογενοῦς
1567 4605 1733 4685 αὐτοῦ

154 4704 405 4776 θεολογία
429 4765 441 4779 ο

224 4922 245 4954 ι
292 4903 439 4972 Ἐγὼ
484 4908 782 4979 άνήγγειλα
828 4913 922 4965 καὶ
954 4913 1161 4968 ἔσωσαο
1203 4918 1476 4984 ὠνείδισα,
1510 4922 1604 4973 καὶ
1637 4920 1740 4977 οὐκ

1843 4574 2017 4626 ιιιὶιιιτι
2056 4570 2331 4642 Unigeniti
2387 4571 2506 4640 ejus
2545 4569 2834 4635 theol0gia.

1925 4927 2072 4969 ιιιιις.
2117 4931 2203 4965 ω.
2268 4928 2286 4961 ι
2317 4914 2428 4979 Ego
2457 4916 2779 4961 annunttavt
2824 4914 2878 4958 et
2928 4903 3132 4958 salvavi
3168 4921 3182 4957 :
3215 4918 3414 4972 expro-

148 4987 218 5061 ἦν
262 4997 322 5047 ἐν
378 4998 508 5066 ὑμῖν
543 5000 838 5072 ἀλλότριος.
900 5005 1089 5075 Ὑμεῖς
1133 5008 1256 5077 ἐμοὶ
1298 5010 1593 5081 μάρτυρες,
1644 5014 1738 5065 καὶ

1870 5006 2011 5068 ravi,
2038 5013 2094 5057 et
2118 5018 2224 5057 non
2250 5011 2371 5056 erat
2394 5002 2448 5054 in
2476 5000 2632 5055 vobis
2653 4998 2882 5053 alienus.
2926 4995 3031 5050 Vos
3062 4996 3192 5050 mihi
3226 5007 3411 5061 testes,

153 5086 262 5152 ἐγὼ
286 5088 493 5158 Κύριος
519 5095 549 5143 ό
573 5092 704 5157 Θεὸς
727 5095 807 5147 ἔτι
832 5098 926 5150 ἀπ’
952 5100 1155 5170 ἀρχῆς·
1190 5102 1282 5154 καὶ
1309 5103 1408 5155 οὐκ
1434 5104 1580 5159 ἔστιν
1604 5108 1634 5158 6
1664 5108 1728 5159 ἐκ

1870 5109 1888 5150 ι
1925 5112 2024 5168 ego
2052 5095 2314 5150 Dominus
2352 5094 2493 5147 Deus
2532 5093 2696 5146 etiam
2742 5091 2809 5143 ab
2850 5088 3010 5144 initio
3040 5105 3053 5140 :
3082 5096 3138 5141 et
3181 5102 3289 5142 non
3331 5097 3415 5141 est

154 5178 351 5248 χειρῶν
388 5198 492 5250 μου
525 5183 929 5256 ἐξαιρούμενος.
959 5190 1200 5262 Ποιήσω,
1231 5194 1322 5245 καὶ
1342 5193 1425 5257 τίς
1455 5195 1728 5267 ἀποστρέ-

154 5267 241 5337 ψει
292 5271 460 5335 αὐτός
492 5291 511 5323 ›
552 5273 638 5337 Ὡς
689 5276 798 5347 γὰρ
839 5279 1048 5349 μάρτυς
1091 5280 1255 5343 αὐτὸς
1296 5280 1531 5350 ἐλέγετο,
1575 5285 1669 5337 καὶ
1698 5286 1729 5337 ό

157 5361 279 5423 παῖς
309 5360 371 5413 ὃν
401 5363 682 5430 ἐξελέξατο
700 5382 714 5395 ·
743 5367 885 5422 οὕτω
912 5371 1006 5423 καὶ
1038 5372 1172 5435 Θεὸς
1203 5370 1392 5437 σώζων
1422 5375 1507 5446 εἴη
1530 5375 1595 5430 ἂν
1626 5377 1727 5430 αὐ-

1835 5192 1925 5261 qui
1952 5192 2019 5246 de
2049 5188 2297 5243 manibus
2340 5186 2475 5241 meis
2502 5194 2683 5239 eruat.
2709 5182 2954 5247 Faciam,
2983 5190 3037 5236 et
3059 5179 3181 5248 quis
3207 5187 3413 5233 avertet

1835 5282 2032 5337 illud?»
2060 5279 2275 5334 Etenim
2314 5287 2369 5331 nt
2421 5277 2577 5333 testis
2622 5276 2924 5337 dicebatur.
2972 5282 3028 5327 et
3058 5286 3196 5342 puer
3246 5285 3406 5340 quem

1833 5374 2105 5445 elegerat;
2138 5373 2209 5427 ita
2257 5382 2313 5425 et
2357 5372 2470 5440 ipse
2492 5384 2708 5440 quoque
2749 5368 2893 5423 Deus
2926 5364 3174 5422 Salvator
3222 5362 3407 5417 fuerit.

156 5449 257 5514 τός.
306 5452 434 5506 Ἐάν
454 5454 516 5508 δὲ
543 5455 696 5529 λέγῃ,
731 5476 751 5511 ι
786 5460 898 5516 Καὶ
935 5462 1037 5517 οὐκ
1084 5462 1201 5520 ἐστι
1252 5465 1427 5537 παρὲξ
1453 5467 1589 5539 ἐμοῦ
1624 5467 1729 5522 σώ-

1870 5465 1983 5530 μιού
2027 5463 2072 5519 si
2108 5463 2273 5529 dicat,
2309 5480 2328 5514 ι
2366 5460 2434 5518 Et
2476 5475 2583 5519 non
2624 5469 2707 5516 est
2732 5468 2928 5529 praeter
2961 5472 3045 5515 me
3085 5453 3354 5521 Salvator,
3381 5470 3405 5508 ι

154 5688 196 5721 τ’
222 5691 413 5754 latth.
447 5712 506 5766 ι,
530 5696 621 5757 32.
