3880 6216
476 268 585 324 399

1224 269 1497 328 EUSEBII
1533 270 2012 334 CESARIENSIS
2050 279 2199 337 OPP.
2245 280 2426 341 PARS
2459 282 2545 340 Ill.
2584 315 2654 327 —
2690 277 3099 345 EXEGETICA.

3629 288 3732 348 U30

474 401 583 442 non
614 394 791 437 tamen
828 391 989 453 negat
1013 398 1266 454 puerum,
1295 401 1454 455 quem
1488 387 1668 458 elegit.
1699 390 2012 449 Salvatoren

2155 396 2286 464 ζων,
2327 420 2345 452 ι
2387 403 2487 456 οὐκ
2518 405 2879 479 ἀπαγορεύων
2903 407 2993 461 τὸν
3015 402 3245 481 Σωτῆρα
3270 405 3410 465 εἴναι
3434 411 3528 467 τὸν
3558 415 3731 470 παῖδα

470 492 592 535 esse
624 492 638 529 :
670 477 846 545 ipsum
897 476 1043 531 enim
1095 475 1435 534 Salvatorem
1488 481 1741 549 agnoscit
1782 482 1871 538 hic
1923 498 2049 552 pro-

468 572 647 639 pheta.
676 584 804 623 cum
835 569 912 623 ait
942 587 955 623 :
987 589 1005 621 ι
1040 569 1106 624 Et
1136 571 1317 626 mittet
1345 570 1451 626 illis
1492 572 1752 630 Dominus
1797 575 2046 632 Salvato-

2155 485 2214 538 ὸν
2241 487 2541 556 ἐξελέξατο,
2573 494 2719 548 τοῦτ’
2748 495 2815 551 ἂν
2851 498 3024 551 εἷποιο
3051 492 3157 551 οἶδε
3184 497 3314 569 γοῦν
3344 501 3506 556 αὐτὸν
3552 504 3734 576 Σωτῆ-

2158 594 2228 648 ρα
2250 580 2279 631 6
2310 580 2500 653 παρὼν
2529 585 2818 657 προφήτης
2850 587 2909 641 ἐν
2933 583 3015 652 οἷς
3037 605 3170 660 φησι
3191 606 3204 620 ’
3238 609 3256 641 t
3289 591 3400 645 Καὶ
3440 594 3737 650 ἀποστελεῖ

467 678 580 717 rem
647 662 740 731 qui
787 660 1023 717 salvabit
1064 678 1180 719 eos.
1205 682 1226 715 ι
1281 663 1388 719 Pro
1429 662 1520 717 illo
1560 674 1761 731 autem,
1810 686 1829 719 t
1859 682 2012 737 ωερε(

2156 668 2341 734 αὐτοῖς
2373 671 2576 744 Κύριος
2616 676 2866 750 Σωτῆρα,
2903 679 2963 743 ὃς
2988 679 3149 735 σώσει
3194 683 3413 748 αὐτούς.
3444 703 3464 737 ι
3500 687 3647 741 Ἀντί
3676 688 3734 742 δὲ

461 756 637 818 bravi,
671 775 690 808 ι
722 755 914 826 reliqui
944 771 1143 813 omnes
1167 757 1518 827 interpretes,
1550 776 1569 808 ι
1593 767 1648 813 et
1665 760 1852 816 audire
1877 760 2032 826 feci,»

460 848 734 904 dixerunt.

528 939 695 994 Vens.
730 940 943 995 ἰι-17.
1002 939 1135 997 «Sic
1191 942 1323 998 dicit
1378 943 1640 1002 Dominus
1706 944 1886 1007 Deus.
1943 948 2037 1017 qui

456 1030 674 1085 redimit
708 1046 822 1097 vos,
851 1031 1083 1089 Sanctus
1110 1032 1315 1090 Israel:
1342 1035 1573 1108 Propter
1612 1055 1707 1095 vos
1735 1040 1943 1095 mittam
1973 1041 2031 1096 in

454 1121 785 1194 Babylonem
813 1142 827 1179 :
859 1135 915 1181 et
939 1128 1218 1182 suscitabo
1241 1127 1515 1200 fugientes
1542 1148 1754 1198 omnes,
1789 1142 1845 1188 et
1872 1133 2037 1189 Chal-

451 1215 554 1270 daei
609 1218 661 1271 in
717 1217 947 1274 navibus
1010 1220 1337 1278 vincientur.
1398 1222 1512 1293 Ego
1574 1224 1836 1280 Dominus
1891 1226 2037 1282 Deus

451 1318 679 1364 sanctus
706 1321 909 1377 vester,
942 1312 1294 1381 qui-ostendi
1319 1314 1487 1370 Israel
1537 1332 1717 1388 regem
1767 1327 2030 1374 vestrum.

452 1401 545 1456 Sic
571 1403 705 1457 dicit
737 1403 1014 1468 Dominus,
1046 1405 1136 1475 qui
1172 1409 1265 1461 dat
1286 1409 1341 1461 in
1372 1409 1507 1464 mari
1539 1410 1703 1477 viam,
1735 1413 1860 1466 etin
1893 1427 2032 1482 aqua

449 1494 757 1551 vehementi
804 1497 1095 1553 semitam:
1123 1499 1217 1568 qui
1268 1501 1458 1556 eduxit
1499 1517 1695 1558 currus
1732 1511 1788 1558 et
1817 1504 2031 1574 equita-

451 1596 585 1653 tum,
619 1596 676 1642 et
723 1589 1124 1645 multitudinem
1182 1593 1459 1647 robustam
1492 1595 1623 1650 :sed
1658 1596 2027 1666 dormierunt,

447 1688 504 1733 et
547 1694 655 1735 non
700 1691 1019 1752 resurgent;
1068 1684 1329 1740 exstincti
1360 1695 1490 1740 sunt
1519 1697 1578 1741 ut
1608 1687 1775 1743 linum
1826 1690 2033 1744 exstin-

447 1783 616 1827 ctum.
638 1792 660 1827 ι
692 1773 894 1830 Horum
928 1790 1120 1832 sensus
1165 1777 1256 1833 hic
1291 1789 1378 1833 est
1423 1797 1438 1833 :
1471 1779 1609 1836 Olim
1661 1781 1881 1851 quidem
1933 1779 2027 1836 Ju-

447 1864 611 1921 daico
656 1866 853 1937 popqu
888 1868 1151 1924 beneﬁcia
1194 1869 1399 1925 contuli
1432 1885 1536 1925 :ac
1583 1887 1743 1936 cum,
1778 1880 1842 1926 ut
1882 1871 2030 1941 ipsos

444 1958 770 2029 castigarem
804 1969 861 2015 et
890 1961 957 2015 ad
985 1960 1180 2016 bonam
1206 1974 1443 2017 mentem
1473 1964 1815 2032 reducerem,
1848 1963 2025 2036 Baby-
2059 2011 2102 2067 Β

445 2049 610 2106 loniis
641 2051 1007 2117 tradidissem,
1040 2068 1146 2108 non
1175 2053 1267 2109 diu
1293 2066 1478 2125 postea
1509 2071 1607 2110 eos
1636 2071 1667 2111 a
1698 2055 2025 2125 Babylonica

445 2143 764 2214 captivitate
788 2143 990 2201 liberos
1022 2145 1229 2211 dimisi,
1274 2157 1462 2219 utpote
1498 2147 1643 2204 Deus
1677 2158 1729 2204 et
1765 2147 2025 2206 Dominus

442 2237 1119 2308 universorumesosque
1145 2237 1488 2311 Babylonios,
1510 2240 1600 2311 qui
1625 2248 1812 2295 contra
1837 2237 2026 2296 Hiero-

443 2329 715 2401 solymam
746 2330 1077 2402 irruperant,
1122 2342 1368 2388 extorres
1398 2330 1532 2398 feci‘;
1569 2333 1641 2388 ita
1668 2345 1728 2389 ut
1765 2333 2021 2397 Chaldaei.

442 2423 536 2494 qui
582 2438 748 2494 penes
776 2437 876 2479 eos
909 2433 1107 2489 erant,
1161 2424 1215 2479 in
1270 2423 1450 2495 fugam
1502 2440 1562 2481 se
1614 2434 1912 2493 verterent,
1960 2440 2025 2481 ac

443 2515 662 2585 quidam
696 2531 886 2573 eorum
914 2517 1081 2574 vincti
1110 2517 1179 2572 ab
1197 2516 1319 2571 aliis
1348 2530 1408 2569 se
1435 2515 1752 2573 fortioribus
1782 2518 1835 2573 in
1859 2532 2025 2572 naves

440 2607 844 2679 conjicerentttr
888 2609 941 2666 in
968 2608 1107 2665 mari
1133 2609 1234 2664 sibi
1277 2607 1585 2679 adiacente.
1632 2607 1761 2664 Haec
1789 2624 1891 2682 ego
1919 2608 2021 2666 feci

442 2699 610 2770 Deus,
633 2712 693 2757 ut
722 2717 947 2773 regnum
981 2717 1156 2757 meum
1192 2701 1503 2757 hominibus
1547 2705 1912 2759 ostenderem.

514 2877 679 2935 sts.
735 2878 825 2946 l8,
891 2877 979 2937 l9.
1051 2878 1178 2936 «Ne
1229 2880 1587 2938 memineritis
1628 2882 1871 2952 priorum
1903 2922 1918 2947 ,
1965 2893 2020 2938 et

442 2980 625 3028 vetera
661 2985 731 3026 ne
776 2971 1111 3044 recogitetis.
1162 2972 1302 3027 Ecce
1343 2987 1445 3044 ego
1497 2972 1638 3051 facio
1684 2989 1840 3036 nova,
1897 2988 2019 3045 quae

443 3079 588 3119 nunc
618 3064 891 3129 orientur,
921 3073 976 3118 et
1008 3064 1353 3135 cognoscetis
1398 3079 1482 3120 ea.
1510 3083 1531 3118 ι
1576 3064 1779 3120 Iudicat
1829 3081 2019 3123 rursus

445 3154 740 3212 Ecclesiam
808 3157 859 3209 in
916 3156 1171 3227 gentibus
1226 3156 1696 3223 constituendam,
1749 3173 1871 3227 qua:
1925 3157 2017 3214 Dei

437 3248 750 3319 cognitione
778 3263 945 3304 vacua
971 3257 1111 3313 erat,
1144 3258 1432 3320 antequam
1469 3249 1749 3305 adveniret
1767 3249 2017 3308 Christus

442 3339 558 3405 Dei,
590 3339 682 3409 qui
703 3339 855 3404 dixit,
891 3358 910 3391 ι
939 3339 1049 3410 Ego
1069 3353 1187 3393 sum
1221 3342 1329 3395 via.
1373 3339 1438 3395 Et
1481 3339 1677 3395 faciam
1709 3341 1761 3396 in
1796 3344 2015 3399 deserto
2043 3368 2087 3429 ο

439 3433 604 3497 viam,
638 3442 694 3487 et
721 3432 774 3486 in
807 3432 1066 3500 inaqnoso
1090 3430 1330 3486 (lumina.
1362 3450 1382 3484 ι
1423 3430 1624 3487 Verum
1667 3433 1722 3488 in
1756 3433 1869 3499 illo,
1900 3435 2014 3503 ait,

315 3592 325 3600 .
434 3524 705 3597 quondam
737 3525 952 3581 deserto
982 3525 1123 3580 viam
1148 3524 1364 3592 faciam,
1383 3527 1835 3596 quemadmodum
1864 3530 2015 3599 prius

436 3620 493 3675 in
534 3619 669 3674 mari
702 3617 891 3673 Rubro
938 3616 1062 3674 feci.
1115 3617 1315 3674 Fluunt
1348 3634 1511 3691 porro
1558 3619 1866 3675 divinorum
1903 3621 2015 3678 elo-

439 3713 693 3785 quiorum
732 3710 959 3767 ﬂumina
1011 3726 1080 3766 ex
1118 3712 1366 3768 doctrina
1417 3711 1592 3768 sancti
1650 3710 1906 3783 Spit-itus,
1956 3715 2012 3771 itt

435 3802 526 3860 illa
579 3804 708 3858 olim
744 3802 1041 3873 inaqnosa;
1073 3804 1535 3873 quemadmodum
1594 3813 1651 3859 et
1694 3804 1794 3861 sub
1829 3804 2014 3878 Moyse

434 3899 488 3953 in
537 3899 752 3953 deserto
784 3894 1017 3949 'flumina
1068 3906 1426 3963 emanarunt;
1483 3899 1578 3953 sed
1635 3895 1745 3952 illic
1794 3899 2010 3968 quidem

430 4003 709 4059 corporea:
729 4003 888 4057 aqua:
910 3997 1093 4053 erant,
1139 3997 1195 4043 et
1235 3998 1429 4044 natura
1471 4004 1568 4044 sua
1601 3987 1759 4044 ﬂuxae
1798 3998 1854 4044 et
1880 4005 2010 4045 cor-

431 4092 637 4153 ruptae;
683 4096 831 4136 nunc
881 4089 1061 4135 autent
1100 4080 1217 4136 Deo
1257 4079 1729 4147 subministrante,
1776 4080 2012 4136 rationa-

424 4174 555 4232 bilis
589 4184 646 4231 et
670 4172 970 4242 spiritualis
997 4189 1150 4244 aqnte
1169 4172 1395 4228 ﬂumina
1429 4182 1670 4228 manant.

474 4262 669 4320 ‘Vsns.
698 4262 796 4320 ‘20.
838 4280 856 4315 ι
883 4261 1213 4318 Benedicent
1240 4262 1369 4317 mihi
1399 4263 1586 4319 bestia;
1610 4263 1747 4334 agri,
1779 4263 2005 4332 sirenes,

427 4356 637 4413 etﬁliae
665 4354 1029 4412 struthionutn
1056 4373 1079 4412 -:
1113 4355 1240 4426 quia
1274 4355 1396 4412 dedi
1442 4356 1495 4411 in
1533 4355 1751 4412 deserto
1783 4372 2007 4428 aquam,

427 4449 727 4506 ct‘ﬂumina
765 4450 819 4503 in
852 4449 1137 4517 inaquosa,
1170 4449 1237 4504 ad
1271 4447 1568 4518 potandum
1612 4463 1784 4519 genus
1829 4465 2005 4505 meum

424 4545 679 4599 electum.
710 4563 731 4596 ι
763 4542 1016 4597 Ell'eraue
1034 4543 1261 4607 animae,
1283 4539 1530 4595 ﬂuminis
1557 4541 1755 4596 virtute
1777 4556 2006 4598 conver-

423 4651 519 4701 sm,
560 4650 591 4689 a
638 4634 816 4689 ferino
867 4634 960 4690 illo
1010 4645 1159 4690 statu
1196 4635 1601 4701 mutabuntur;
1654 4634 1728 4689 ita
1777 4644 1836 4689 ut
1879 4635 2007 4705 ipsa;

2141 756 2257 822 τοῦ,
2287 777 2306 810 t
2342 761 2614 828 ῶνείδισα,
2656 783 2675 816 ι
2709 768 2759 819 οἱ
2784 766 2960 822 λοιποὶ
2994 770 3327 842 ἐρμηνευταὶ
3354 774 3573 841 πάντες,
3608 780 3734 833 «καὶ

2139 846 2422 918 ήκούτισα,
2467 870 2486 902 ι
2523 854 2796 926 εἰρήκασι.

2216 958 2234 990 t
2259 940 2446 1007 υύτως
2469 943 2618 1013 λέγει
2642 946 2848 1019 Κύριος
2881 950 2910 1002 6
2950 948 3102 1017 Θεὸς,
3123 953 3153 1005 6
3177 951 3536 1026 λυτρούμενος
3565 958 3730 1029 ὑμᾶς,

2145 1035 2176 1087 6
2206 1033 2401 1103 Ἀγιος
2429 1036 2524 1090 τοῦ
2560 1039 2777 1110 Ἰσραήλ
2799 1057 2814 1071 ·
2869 1042 3092 1096 Ἕνεκεν
3137 1044 3290 1116 ὑμῶν
3325 1047 3610 1102 ἀποστελῶ
3653 1052 3735 1114 είς

2138 1124 2456 1192 Βαϐυλῶνα,
2490 1127 2585 1183 καὶ
2614 1129 2865 1201 ἐπεγερῶ
2882 1130 3182 1202 φεύγοντας
3206 1135 3436 1203 πάντας,
3463 1138 3558 1192 καὶ
3587 1140 3733 1195 Χαλ-

2136 1216 2272 1271 δαῖοι
2307 1220 2365 1274 ἐν
2416 1220 2625 1286 πλοίοις
2667 1222 3001 1297 δεθήσονται.
3040 1227 3182 1297 Ἐγὼ
3213 1230 3418 1301 Κύριος
3473 1232 3502 1284 6
3538 1232 3674 1298 Θεὸς
3702 1238 3732 1288 6

2137 1308 2292 1378 ἅγιος
2316 1309 2489 1381 ὑμῶν,
2512 1313 2541 1365 6
2574 1314 2893 1380 καταδείξας
2911 1316 3129 1390 Ἰσραὴλ
3163 1319 3386 1390 βασιλέα
3415 1322 3591 1393 ὑμῶν.
3623 1325 3732 1379 Οὓς

2135 1417 2242 1465 τως
2274 1401 2421 1472 λέγει
2449 1404 2653 1478 Κύριος
2682 1408 2711 1460 ὁ
2763 1407 2941 1474 διδοὺς
2975 1412 3034 1463 ἐν
3067 1410 3312 1485 θαλάσσῃ
3342 1414 3484 1478 ὁδὸν,
3538 1417 3634 1470 καὶ
3670 1420 3732 1472 ἐν

2137 1491 2288 1547 ὕδατι
2306 1496 2511 1569 ἰσχυρῷ
2529 1499 2733 1570 τρίϐον,
2746 1503 2775 1554 6
2793 1501 3075 1572 ἐξαγαγὼν
3091 1505 3310 1577 ἅρματα
3327 1509 3418 1561 καὶ
3440 1509 3608 1564 ἵππον
3635 1514 3731 1567 καὶ

2134 1585 2292 1658 ὄχλον
2344 1590 2591 1662 ἰσχυρόνο
2629 1592 2745 1647 ἀλλ’
2772 1595 3191 1669 ἐκοιμήθησαν,
3241 1600 3336 1654 καὶ
3370 1601 3470 1655 οὐκ
3496 1603 3730 1676 ἀναστή-

2139 1695 2346 1744 σονται,
2400 1682 2737 1755 ἐσϐέσθησαν
2761 1685 2834 1750 ὡς
2868 1687 3013 1741 λίνον
3065 1688 3414 1762 ἐσϐεσμένον.
3445 1711 3465 1745 ι
3518 1693 3577 1747 Ὀ
3603 1695 3726 1759 νοῦς

2131 1769 2243 1825 τῶν
2271 1775 2649 1845 προκειμένων
2674 1776 2915 1843 τοιοῦτός
2937 1781 3054 1833 ἐστι
3077 1797 3090 1810 ·
3124 1781 3301 1835 Πάλαι
3329 1783 3430 1854 μὲν
3455 1784 3555 1849 τὰς
3584 1787 3728 1857 ἐμὰς

2132 1864 2454 1936 εὐεργεσίας
2502 1870 2761 1940 παρεῖχον
2805 1869 2884 1940 τῷ
2938 1870 3208 1925 Ἰουδαίων
3242 1873 3384 1929 ἔθνει
3408 1892 3422 1907 ο
3455 1876 3727 1933 παιδεύων

2137 1956 2236 2029 μέν
2264 1957 2462 2022 αὐτοὺς
2488 1960 2583 2012 καὶ
2616 1961 2983 2031 σωφρονίζων,
3018 1963 3377 2029 Βαϐυλωνίοις
3405 1968 3724 2040 παρέδωκα,

2129 2048 2230 2105 οὐκ
2261 2049 2342 2113 είς
2373 2049 2582 2122 μακρὸν
2622 2051 2940 2125 ἐλευθέρους
2969 2055 3148 2126 ἀνῆκα
3186 2058 3288 2128 τῆς
3316 2059 3395 2123 εἰς
3426 2060 3727 2118 Βαϐυλῶνα

2130 2140 2528 2211 αἰχμαλωσίας,
2561 2143 2656 2196 ac:
2684 2143 2818 2208 Θεὸς
2839 2143 2914 2198 ὢν
2939 2147 3033 2200 καὶ
3061 2146 3265 2219 Κύριος
3295 2148 3404 2203 τῶν
3427 2150 3584 2205 ὅλων.
3616 2154 3730 2209 Αὐ-

2128 2227 2255 2290 τούς
2279 2244 2340 2280 τε
2368 2227 2743 2295 Βαϐυλωνίους
2765 2232 2893 2297 τοὺς
2919 2235 3248 2302 ἐπιστάντας
3270 2242 3338 2311 τῇ
3370 2239 3726 2315 Ἰερουσαλὴμ

2129 2318 2466 2404 ἀναστάτους
2502 2321 2759 2394 ἐποίησα,
2794 2324 2871 2388 ὡς
2918 2328 3013 2381 καὶ
3047 2332 3193 2401 φυγῇ
3237 2332 3549 2402 χρήσασθαι
3594 2335 3728 2398 τοὺς

2129 2416 2261 2486 παρ’
2293 2414 2476 2479 αὐτοῖς
2502 2416 2827 2483 Χαλδαίους.
2874 2418 3130 2492 δεσμίους
3150 2439 3207 2476 τε
3236 2423 3550 2494 ἀπαχθῆναι
3570 2442 3727 2490 τινας

2127 2505 2332 2569 αὐτῶν,
2359 2506 2567 2573 πλοίοις
2586 2508 2957 2583 ἐμϐληθέντας
2975 2513 3036 2568 ἐν
3063 2516 3130 2586 τῇ
3163 2515 3295 2587 παρ’
3313 2517 3498 2580 αὐτοῖς
3527 2516 3726 2572 θαλάσ-

2129 2615 2220 2674 σῃ,
2243 2600 2336 2671 ὑφ’
2365 2601 2570 2673 ἐτέρων
2617 2601 2781 2656 τινῶν
2822 2601 3050 2675 δυνάμει
3081 2606 3486 2679 κραταιοτέρων
3512 2610 3718 2665 αὐτῶν.

2127 2694 2313 2749 Ταῦτα
2358 2694 2468 2768 γὰρ
2501 2694 2613 2765 ἐγὼ
2641 2696 3023 2769 διεπραξάμην
3071 2698 3101 2749 6
3154 2697 3304 2764 Θεὸς,
3357 2698 3574 2764 δεικνὺς
3617 2700 3721 2774 τὴν

2127 2788 2267 2860 ἐμὴν
2291 2786 2571 2859 βασιλείαν
2593 2788 2922 2863 ἀνθρώποις.

2201 2899 2220 2932 ι
2239 2880 2332 2953 Μὴ
2365 2881 2731 2953 μνημονεύετε
2768 2880 2848 2958 τά
2877 2881 3090 2954 πρῶτα,
3138 2883 3235 2938 καὶ⁵
3278 2883 3346 2938 τὰ
3385 2885 3588 2956 ἀρχαῖα
3638 2885 3717 2958 μὴ

2127 2972 2522 3043 συλλογίζεσθε.
2559 2973 2691 3027 Ἰδοὺ
2736 2974 2847 3045 ἐγὼ
2881 2975 3020 3029 ποιῶ
3052 2976 3236 3041 καινὰ,
3265 2975 3301 3030 ἃ
3324 2975 3420 3029 νῦν
3444 2978 3713 3043 ἀνατελετ,

2124 3065 2220 3119 καὶ
2271 3065 2546 3135 γνώσεσθε
2592 3067 2752 3121 αὐτά.
2781 3086 2801 3121 ι
2860 3068 3022 3140 Δηλοῖ
3055 3069 3114 3123 δὲ
3148 3069 3311 3123 πάλιν
3359 3069 3460 3139 τὴν
3492 3070 3551 3122 ἐν
3598 3073 3716 3135 τοῖς

2124 3155 2301 3210 ἔθνεσι
2349 3159 2762 3231 συστησομένην
2824 3159 3170 3231 Ἐκκλησίαν,
3214 3161 3337 3231 ήτις
3391 3159 3599 3233 ἔρημος
3642 3158 3713 3233 ἦν

2123 3249 2259 3303 Θεοῦ
2281 3248 2534 3318 γνώσεως
2560 3251 2688 3323 πρὶν
2720 3250 3051 3323 ἐπιδημῆσαι
3078 3252 3171 3306 τὸν
3191 3252 3426 3325 Χριστὸν
3447 3253 3542 3307 τοῦ
3573 3255 3713 3310 Θεοῦ

2122 3340 2215 3394 τὸν
2245 3341 2499 3395 εἰπόντα·
2542 3361 2562 3393 ι
2601 3341 2742 3411 Ἐγώ
2778 3343 2894 3413 είμι
2920 3344 2953 3412 ή
2996 3343 3132 3407 ὁδός.
3163 3344 3275 3398 Καὶ
3310 3345 3522 3416 ποιήσω
3549 3346 3609 3397 ἐν
3641 3347 3712 3415 τῇ

2121 3434 2313 3507 ἐρήμῳ
2347 3434 2485 3499 ὁδὸν,
2531 3435 2626 3488 καὶ
2655 3436 2712 3488 ἐν
2744 3437 2810 3506 τῇ
2846 3435 3062 3507 ἀνύδρῳ
3092 3433 3386 3506 ποταμούς.
3414 3455 3433 3487 ι
3482 3436 3624 3490 Ἀλλ’
3652 3439 3714 3491 ἐν

2121 3524 2328 3598 ἐκείνῃ,
2356 3525 2507 3595 φησὶ,
2542 3527 2608 3596 τῇ
2656 3525 2825 3579 πάλαι
2855 3526 3047 3596 ἐρήμῳ
3093 3526 3208 3579 ὁδὸν
3250 3528 3479 3597 ποιήσω,
3516 3525 3714 3599 ὥσπερ

2120 3615 2215 3669 καὶ
2249 3616 2511 3689 πρότερον
2544 3616 2634 3669 ἐπὶ
2660 3615 2758 3687 τῆς
2800 3616 3065 3688 Ἐρυθρᾶς
3092 3618 3367 3689 πεποίηκα
3405 3618 3712 3690 θαλάσσης.

2132 3708 2342 3761 Ῥέουσι
2374 3707 2430 3761 δὲ
2466 3708 2560 3762 καὶ
2608 3707 2845 3779 ποταμοὶ
2872 3705 3030 3761 θείων
3051 3707 3244 3776 λογίων
3270 3709 3335 3761 ἐκ
3358 3708 3715 3771 διδασκαλίας

2117 3798 2273 3868 ἁγίου
2302 3797 2618 3870 Πνεύματος
2648 3800 2728 3862 είς
2766 3797 2864 3870 τὴν
2895 3797 3065 3851 πάλαι
3109 3797 3356 3869 ἄνυδρον,
3394 3797 3470 3862 ὡς
3494 3799 3593 3854 καὶ
3617 3801 3714 3853 ἐπὶ

2116 3892 2396 3956 Μωῦσέως
2439 3892 2702 3965 ἔρῤευσαν
2731 3893 2789 3945 ἐν
2828 3893 2895 3963 τῇ
2922 3892 3112 3963 ἐρήμῳ
3145 3890 3412 3962 ποταμοί·
3449 3891 3567 3947 ἀλλ’
3592 3894 3716 3948 ἐκεῖ

2120 3987 2217 4057 μὲν
2272 3985 2462 4050 ὓδατος
2518 3982 2852 4056 σωματικοῦ,
2905 3984 3138 4056 ῥευστῆς
3176 3984 3364 4050 οὐσίας
3409 3985 3566 4049 ὄντος
3614 3987 3715 4048 καὶ

2117 4077 2383 4150 φθαρτῆς,
2415 4077 2534 4131 νυνὶ
2572 4075 2630 4129 δέ
2670 4078 2735 4130 ἐκ
2767 4077 2864 4147 τῆς
2897 4074 3079 4129 ἐνθέου
3112 4073 3377 4147 χορηγίας
3426 4075 3524 4129 τοῦ
3566 4076 3718 4147 λογι-

2118 4166 2217 4222 κοῦ
2252 4168 2348 4221 καὶ
2373 4165 2744 4238 πνευματικοῦ
2779 4164 2990 4229 ὓδατος.

2193 4281 2213 4314 ‹
2242 4260 2610 4332 Εὐλογήσουσί
2645 4276 2712 4330 με
2741 4258 2811 4313 τὰ
2849 4258 3014 4331 θηρία
3054 4257 3148 4312 τοῦ
3186 4258 3381 4329 ἀγροῦ,
3427 4262 3711 4332 σειρῆνες,

2114 4353 2209 4408 καὶ
2240 4353 2536 4427 θυγατέρες
2562 4351 2836 4426 στρουθῶν
2858 4369 2872 4384 ο
2917 4353 2999 4407 ὅτι
3041 4344 3217 4408 ἔδωκα
3245 4355 3303 4407 ἐν
3322 4356 3388 4424 τῇ
3420 4355 3617 4426 ἐρήμῳ
3644 4356 3716 4410 ῦ-

2112 4445 2244 4516 δωρ,
2275 4445 2370 4498 καὶ
2424 4445 2703 4516 ποταμοὺς
2733 4446 2791 4499 ἐν
2813 4447 2878 4516 τῇ
2932 4443 3166 4516 ἀνύδρῳ,
3200 4445 3420 4499 ποτίσαι
3448 4446 3513 4500 τὸ
3544 4447 3718 4520 γένος

2115 4555 2218 4608 μου
2251 4537 2312 4591 τὸ
2345 4537 2615 4591 ἐκλεκτόν.
2638 4557 2655 4589 ι
2689 4538 2754 4591 Δί
2787 4536 3207 4608 ἀπηγριωμέναι
3235 4537 3403 4609 ψυχαὶ
3436 4538 3717 4611 μεταϐλη-

2112 4630 2365 4701 θήσονται
2389 4628 2490 4698 τῆς
2522 4628 2817 4701 θηριώδους
2846 4629 3232 4693 καταστάσεως
3265 4632 3329 4683 ἐκ
3350 4629 3450 4699 τῆς
3474 4629 3573 4683 τοῦ
3606 4647 3717 4683 πο-

429 4729 555 4784 ῖετω
580 4728 906 4783 benedicant
964 4728 1123 4784 milii.
1174 4727 1326 4794 Quod
1364 4728 1409 4782 si
1457 4728 1620 4783 etiam
1656 4727 1861 4782 Sirenm
1888 4728 2003 4782 lue--

2128 4721 2282 4794 ςαμοῦ
2317 4720 2599 4790 δυνάμεως
2631 4719 3024 4785 ἀλλοιωθεῖσαι,
3050 4721 3125 4785 ὡς
3147 4722 3343 4785 αὐτοὺς
3375 4721 3540 4774 πάλιν
3574 4725 3716 4787 τοὺς

426 4823 554 4886 rint,
596 4822 869 4891 voluptate
908 4832 962 4875 et
986 4820 1270 4877 diabolicis
1308 4819 1539 4875 canticis
1568 4819 1846 4873 hominum
1877 4818 1991 4872 ani-

422 4930 542 4971 mas
590 4914 964 4970 demulcentes
997 4953 1015 4980 ,
1077 4912 1307 4984 poeticis
1374 4911 1709 4966 carminibus
1767 4909 1997 4980 eleganti

420 5023 674 5065 sermone
698 5006 1074 5073 concinnatis;
1107 5005 1211 5060 illae
1252 5005 1416 5058 etiam
1452 5005 1748 5058 immutatae
1776 5003 2001 5059 benedi-

419 5111 546 5159 cent
608 5099 1146 5169 mihizinsuperque
1222 5097 1345 5153 tiliae
1408 5096 1814 5160 struthionum;
1881 5095 2000 5149 sive

419 5195 717 5249 secundum
747 5191 988 5262 reliquos
1006 5180 1359 5261 interpretes,
1382 5208 1400 5240 ‹
1426 5200 1479 5244 et
1497 5187 1907 5253 struthocameli
1929 5202 1945 5250 ς
1968 5205 1993 5240 «ι

417 5294 609 5355 estque
639 5286 769 5341 illud
818 5283 1021 5340 animal
1073 5286 1124 5339 in
1162 5282 1458 5340 solitudine
1501 5292 1557 5337 et
1593 5282 1826 5338 desertis
1866 5281 2001 5337 locis

418 5382 650 5446 degens;
692 5377 835 5446 quod
876 5386 933 5433 et
975 5377 1153 5447 ipsum
1206 5376 1274 5431 ad
1333 5374 1806 5430 mansuetudinem
1842 5374 2002 5437 redu-

416 5479 587 5532 ctum,
622 5469 749 5524 mihi
767 5469 876 5525 Deo
906 5470 1225 5526 benedicere
1248 5468 1559 5524 docebitur.
1589 5464 1791 5521 Horum
1817 5474 1995 5520 autem

416 5575 580 5616 causa
617 5563 722 5617 erit
749 5577 888 5632 aqua
920 5562 1034 5629 illa,
1062 5577 1225 5633 quam
1268 5562 1322 5615 in
1349 5562 1570 5616 deserto
1607 5558 1753 5625 dedi,
1780 5572 1992 5614 necnon

404 5652 696 5709 ﬂuminum
731 5653 786 5708 in
811 5653 1103 5711 solitudine
1128 5654 1463 5711 manantium
1491 5653 1574 5711 vis
1611 5660 1675 5710 et.
1693 5651 1870 5723 copia.

2101 4818 2275 4889 θῆρας
2296 4812 2583 4884 εὐλογῆσαί
2608 4828 2693 4883 με.
2730 4813 2792 4864 Ei
2812 4811 2867 4865 δέ
2892 4813 2983 4865 καὶ
3015 4813 3268 4884 Σειρῆνες
3288 4808 3447 4883 ἦσαν,
3485 4812 3715 4882 θέλγου-

2102 4923 2191 4960 σαι
2223 4905 2383 4976 ἡδονῇ
2411 4904 2505 4956 καὶ
2531 4901 2740 4974 ᾄσμασι
2766 4900 3100 4973 δαιμονικοῖς
3127 4905 3226 4965 τὰς
3257 4903 3364 4955 τῶν
3388 4902 3711 4973 ἀνθρώπων

2099 4997 2278 5068 ψυχὰς
2312 4997 2371 5048 ἐν
2407 4994 2644 5065 ποιητῶν
2683 4992 3000 5063 πλάσμασιν
3037 4993 3264 5064 εὐεπείᾳ
3301 4992 3478 5063 λόγων
3531 5011 3711 5050 κεκο-

2104 5088 2437 5161 σμημένοις·
2469 5085 2605 5141 ἀλλὰ
2634 5087 2729 5140 καὶ
2761 5079 2923 5139 αὗται
2947 5084 3344 5157 μεταϐαλοῦσαι
3377 5084 3712 5158 εὐλογήσω.

2105 5180 2158 5235 σί
2194 5196 2261 5252 με
2284 5197 2297 5210 ’
2339 5179 2419 5233 ἔτι
2457 5195 2521 5250 γε
2559 5178 2664 5250 μὴν
2694 5180 2790 5232 καὶ
2830 5178 3127 5250 θυγατέρες
3158 5177 3465 5252 στρουθῶν·
3491 5179 3525 5250 ἢ
3552 5182 3709 5237 κατὰ

2100 5275 2228 5337 τοὺς
2267 5271 2488 5336 λοιποὺς
2537 5269 2902 5343 ἐρμηνευτάς,
2966 5290 2983 5321 t
3012 5271 3108 5324 καὶ
3142 5269 3643 5343 στρουθοκάμηλοι,
3680 5294 3702 5326 ι

2100 5361 2239 5427 ζῶον
2255 5363 2313 5416 ἐν
2329 5361 2587 5437 ἐρημίαις
2608 5360 2705 5414 καὶ
2731 5360 2937 5432 χώραις
2961 5362 3236 5433 ἀοικήτοις
3261 5360 3570 5431 γινόμενον,
3599 5364 3709 5416 καὶ

2099 5455 2230 5509 αὐτὸ
2259 5453 2542 5527 ἡμερωθέν
2574 5454 2820 5523 εὐλογεῖν
2856 5454 2956 5525 ἐμὲ
2996 5454 3087 5507 τὸν
3116 5452 3253 5509 Θεὸν
3288 5451 3703 5525 μαθηθήσεται.

2098 5549 2315 5603 Τούτων
2335 5549 2391 5602 δὲ
2419 5549 2594 5603 αἴτιον
2615 5547 2767 5603 ἔσται
2786 5549 2847 5603 τὸ
2867 5549 2957 5602 ὑπ’
2989 5547 3124 5619 ἐμοῦ
3144 5548 3295 5602 δοθὲν
3322 5550 3381 5601 ἐν
3400 5547 3467 5618 τῇ
3494 5547 3707 5617 ἐρήμῳ

2102 5640 2266 5711 ὕδωρ,
2302 5641 2395 5694 καὶ
2426 5640 2589 5713 ήτῶν
2620 5638 2883 5714 ποταμῶν
2909 5638 3138 5712 δύναμις
3167 5640 3276 5696 τῶν
3307 5642 3364 5694 ἐν
3395 5640 3465 5710 τῇ
3492 5638 3705 5710 ἐρήμῳ

2099 5732 2427 5804 ῥευσάντων.
