3880 6216
197 357 296 411 «Hii

1126 356 1633 416 comssurus
1670 359 1738 416 iN
1774 358 2034 417 ISAIAM.
2073 391 2143 402 _
2179 338 2335 416 CAP.
2376 357 2569 414 XLIV-

3351 352 3458 408 402

275 497 294 528 ι
328 477 471 530 Λαόν
502 495 603 548 μου
626 478 687 532 ὃν
707 479 1178 551 αριεποιησὰμην
1197 479 1296 545 τὰς
1315 481 1514 554 ἀρετάς
1542 497 1644 553 μου
1669 481 1781 552 διη-

1961 480 2120 536 Vens.
2172 481 2265 545 2i,
2310 478 2401 533 22.
2458 497 2475 529 ι
2508 476 2767 546 Populum
2802 490 2979 530 meum
3000 489 3159 545 quem
3192 472 3456 542 acquisivi

193 569 417 636 γείσθαι
441 587 455 599 ι
486 571 547 622 οὑ
593 568 689 624 νῦν
720 570 957 626 ἐκάλεσά
990 588 1072 635 σε,
1115 572 1330 637 Ἰακὼϐ,
1372 573 1492 627 οὐδὲ
1528 573 1786 627 κοπιάσαι

195 677 256 713 σε
284 661 545 733 ἐποίησα,
579 661 814 734 Ἰσραήλ.
840 683 859 714 ι
884 664 948 717 Ei
974 663 1072 734 μὲν
1099 662 1207 737 γὰρ
1235 663 1400 736 θῆρες
1419 666 1468 718 οἱ
1490 666 1669 737 ἄγριοι
1694 667 1788 719 καὶ

194 753 452 823 σειρῆνες
479 752 573 807 καὶ
603 756 659 808 αἱ
693 753 994 827 θυγατέρες
1020 755 1130 810 τῶν
1165 756 1439 829 στρουθῶν
1461 758 1786 829 εὐλογήσου-

196 843 250 896 σί
289 861 360 915 με
385 862 400 874 ·
432 846 496 899 σὺ
517 845 594 912 δέ,
634 845 848 910 Ἰακὼϐ,
886 848 1038 901 οὐδὲν
1069 848 1306 903 τοιοῦτον
1338 849 1637 922 διεπράξω*
1671 849 1785 906 ἀλλ’

190 936 318 989 οὐδὲ
348 936 590 1006 ὴξίωσας
614 939 716 1010 ἐμὲ
742 939 1137 1005 ἐπικαλεῖσθαι,
1168 960 1186 993 ι
1209 941 1506 1014 ἐκοπιάθης
1531 962 1548 993 ι
1577 943 1634 997 δέ
1662 963 1680 996 ι
1707 945 1787 1009 εἰς

190 1028 319 1098 ἐμὲ,
346 1047 365 1079 ι
394 1031 539 1085 κατά
583 1032 676 1087 τὸν
703 1032 1021 1105 Σύμμαχον,
1049 1033 1228 1089 καίτοι
1256 1034 1391 1107 ἐμοῦ
1419 1036 1495 1108 μὴ
1521 1038 1783 1109 ποιήσαν-

192 1118 287 1182 τός
320 1136 386 1172 σε
410 1121 696 1176 κοπιάσαι.

270 1315 291 1348 ι
327 1298 444 1353 Οὐκ
458 1299 696 1369 ἦνεγκάς
720 1319 809 1373 μοι
840 1302 1090 1375 πρόϐατὰ
1111 1321 1205 1359 σου
1233 1304 1336 1377 τῆς
1358 1305 1786 1377 ὁλοκαρπώσεώς

192 1405 316 1454 σου,
340 1390 463 1445 οὐδὲ
484 1393 543 1446 ἐν
560 1396 680 1457 ταῖς
711 1393 922 1460 θυσίαις
949 1414 1041 1451 σου
1069 1398 1325 1466 ἐῶξασάς
1355 1416 1422 1469 με
1443 1416 1457 1431 ⁸
1495 1400 1594 1453 οὐκ
1632 1399 1783 1453 ἐδού-

190 1478 348 1535 λωσὰ
381 1499 440 1535 σε
471 1484 530 1537 ἐν
552 1482 784 1553 θυσίαις,
815 1487 936 1541 οὐδὲ
959 1487 1192 1558 ἐγκοπον
1225 1491 1455 1562 ἐποίησὰ
1478 1508 1537 1545 σε
1560 1492 1618 1547 ἐν
1639 1490 1786 1545 λιϐά-

193 1589 292 1642 νῳ.
322 1592 343 1624 ι
382 1575 574 1638 Ὅπως
603 1576 697 1630 καὶ
726 1578 784 1630 ἐν
804 1581 918 1643 τοῖς
946 1581 1325 1652 προκειμένοις
1351 1583 1416 1653 τῇ
1441 1583 1654 1654 ἐρήμῳ,
1690 1582 1785 1636 καὶ

191 1665 311 1727 τοῖς
336 1665 395 1718 ἐν
428 1666 564 1737 αὑτῇ
591 1667 801 1740 θηρίοις
825 1669 1045 1739 ἀγαθῶν
1085 1671 1307 1738 ἐλπίδας
1334 1673 1741 1743 εὐαγγελίζεται
1765 1691 1778 1705 ⁸

190 1757 281 1813 τὸν
310 1757 371 1811 δὲ
398 1757 530 1813 λαὸν
550 1760 642 1814 τὸν
672 1763 736 1816 ἐκ
768 1766 1068 1837 περιτομῆς
1105 1768 1195 1821 ἐπ’
1226 1766 1502 1832 ἀσεϐείαις
1545 1767 1778 1839 ἐλέγχει,

188 1852 248 1904 ὃν
276 1853 376 1906 καὶ
409 1851 608 1907 Ἰακὼϐ
668 1855 824 1909 καλεῖ
844 1832 941 1910 νῦν
963 1832 1079 1912 ’καὶ
1114 1858 1360 1931 Ἰσραήλ’
1392 1858 1563 1924 οὕτως
1815 1832 1857 1887 Β

190 1940 381 2012 ξηροῖς
400 1943 660 2014 ὀνόμασιν
689 1941 813 2000 οὔτε
843 1946 1026 2002 δοῦλον
1050 1948 1235 2014 αὐτοῦ,
1269 1947 1392 2003 οὔτε
1424 1950 1677 2005 ἐκλεκτὸν
1704 1954 1781 2005 εί-

186 2030 333 2097 πὼν,
360 2033 501 2106 ὅπερ
522 2036 695 2089 ἐποίει
721 2037 816 2092 ἐπὶ
843 2036 937 2091 τοῦ
959 2039 1266 2110 κρείττονος
1287 2040 1584 2112 τάγματος.

265 2237 453 2291 «Οὐδὲ
481 2238 721 2309 ἐκτήσω
774 2257 863 2312 μοι
907 2241 1173 2314 ἀργυρίου
1220 2242 1491 2315 θυμίαμα,
1546 2245 1667 2301 οὑδέ
1720 2247 1782 2301 τὸ

189 2329 364 2401 στέαρ
394 2330 508 2384 τῶν
545 2330 747 2385 θυσιῶν
776 2350 871 2386 σου
905 2333 1261 2407 ἐπεθύμησα·
1300 2335 1438 2389 ἀλλὰ
1465 2339 1524 2392 ἐν
1555 2340 1675 2404 ταῖς
1717 2340 1783 2393 ἀ-

190 2422 460 2493 μαρτίαις
488 2440 583 2476 σου
610 2424 881 2497 προέστης
900 2444 1023 2498 μου,
1046 2426 1144 2482 καὶ
1176 2429 1233 2483 ἐν
1260 2432 1381 2493 ταῖς
1407 2429 1640 2493 ἀδικίαις
1664 2448 1778 2485 σου.

201 2511 349 2582 Ἐγώ
382 2516 521 2584 εἰμι,
552 2514 665 2585 ἐγώ
696 2518 831 2588 εξμι,
883 2518 914 2571 ὁ
942 2518 1239 2589 ἐξαλείφων
1273 2520 1371 2585 τάς
1426 2523 1655 2593 ἀνομίας
1686 2541 1780 2578 σου

186 2603 379 2659 ἐνεκεν
415 2607 572 2677 ἐμοῦ,
606 2607 827 2673 καὶτὰς
857 2609 1131 2684 ἁμαρτίας
1160 2630 1275 2674 σου,
1304 2614 1400 2669 καὶ
1432 2615 1494 2668 οὐ
1531 2616 1604 2687 μὴ
1643 2634 1780 2688 μνη-

190 2696 493 2769 σθήσομαι.
525 2699 598 2753 Σὺ
648 2700 707 2754 δὲ
743 2702 1032 2775 μνήσθητι,
1088 2706 1183 2760 καὶ
1222 2706 1521 2778 κριθῶμεν.
1552 2728 1572 2762 ι
1624 2708 1782 2782 Καλὴ

188 2786 301 2859 γὰρ
318 2789 363 2865 ὶή
400 2788 591 2862 μνήμη
618 2789 728 2844 τῶν
755 2792 1032 2866 προτέρων
1061 2795 1475 2869 ἁμαρτημάτων
1497 2798 1566 2852 δι’
1591 2798 1780 2872 ἐξομο-

188 2878 473 2949 λογήσεως
522 2880 926 2958 ἐξηγορευμένη
951 2901 966 2917 ⁸
1009 2886 1092 2940 διὸ
1152 2889 1406 2962 ἐπιφέρει
1427 2906 1442 2920 ⁸
1497 2890 1666 2961 «Λέγε
1713 2893 1779 2947 σὺ

189 2972 414 3043 πρῶτος
442 2973 543 3038 τὰς
569 2975 845 3047 ἁμαρτίας
898 2995 1014 3044 σου,
1071 2979 1160 3034 ἵνα
1207 2981 1503 3055 δικαιωθῇς
1522 2999 1537 3014 °
1572 3003 1591 3037 ι
1621 2982 1780 3039 τοῦτο

188 3066 304 3139 γὰρ
334 3066 509 3121 πιὼν
527 3067 864 3142 δικαιωθήσῃ
889 3086 902 3100 ⁸
942 3071 1134 3144 ἐπειδὴ
1178 3073 1389 3138 δίκαιος
1432 3074 1599 3129 αὐτοῦ
1646 3094 1778 3130 κατ-

193 3160 405 3232 ήγορος
432 3162 491 3215 ἐν
520 3162 885 3235 πρωτολογίᾳ.

267 3270 288 3301 ι
316 3251 385 3304 Οὲ
415 3251 653 3322 πατέρες
681 3252 834 3324 ὑμῶν
866 3253 1092 3325 πρῶτοι,
1129 3256 1225 3311 καὶ
1252 3258 1302 3311 οἱ
1333 3257 1595 3331 ἄρχοντες
1626 3261 1780 3332 ὑμῶν

184 3340 476 3412 ὴνόμησαν
501 3347 582 3407 εὶς
617 3343 737 3416 ἐμέ,
769 3346 880 3400 Καὶ
918 3347 1147 3419 ἐμίαναν
1175 3350 1225 3402 οί
1271 3350 1529 3423 ἄρχοντες
1554 3352 1623 3407 τά
1650 3353 1782 3422 ἆγιὰ

192 3449 321 3501 μου.
365 3434 477 3487 Καὶ
514 3433 689 3489 ἔδωκα
738 3435 1000 3494 ἀπολέσαι
1036 3437 1251 3506 Ἰακὼϐ,
1301 3442 1392 3495 καὶ
1429 3442 1645 3515 Ἰσραὴλ
1701 3444 1781 3508 εἰς

188 3522 522 3596 ὁνειδισμόν.
550 3544 572 3578 ο

705 3597 1104 3653 ΚΕΦΑΛᾹΙΟΝ
1136 3602 1270 3655 ΜΔ’.

270 3703 291 3735 ι
333 3684 450 3738 Νῦν
479 3685 535 3741 δέ
570 3687 1031 3753 ἀκουσον,’1ακὼϐ
1062 3693 1090 3745 ὁ
1122 3696 1251 3758 παῖς
1287 3712 1408 3765 μου,
1434 3696 1777 3770 καὶἹσραὴλ,

186 3774 250 3830 ὃν
281 3776 637 3851 ἐξελεξάμην.
663 3802 681 3834 ι
716 3785 815 3837 Διά
843 3785 1046 3839 τούτων
1092 3788 1182 3842 τὸν
1208 3772 1367 3860 χορὸν
1412 3787 1567 3858 αὖθις
1602 3795 1693 3850 τὸν
1726 3797 1781 3850 ἀ-

194 3871 514 3930 nes-tolith
544 3875 916 3933 ἀποκαλεῖται.

269 3988 291 4018 ι
316 3966 475 4021 Οὕτω
502 3967 650 4037 λέγει
671 3969 875 4041 Κύριος
919 3973 949 4026 ὁ
978 3971 1111 4038 Θεὸς
1156 3976 1187 4029 ὁ
1230 3977 1465 4047 ποιήσας
1514 3995 1596 4044 σε,
1626 3981 1718 4035 καὶ
1750 3983 1779 4036 ὁ

193 4061 412 4126 πλάσας
458 4078 519 4115 σε
563 4062 629 4115 ἐκ
657 4062 901 4128 κοιλίαςσ
937 4066 1057 4120 Ἔτι
1087 4066 1402 4143 βοηθηθήσῃ
1426 4087 1440 4100 ·
1484 4072 1559 4144 μὴ
1588 4072 1776 4142 φοϐοῦ,

193 4153 325 4215 παῖς
362 4167 465 4221 μου
501 4149 716 4215 Ἰακὼϐ,
748 4152 839 4205 καὶ
859 4154 1212 4226 ἡγαπημένος
1257 4158 1490 4234 Ἰσραὴλ,
1518 4161 1576 4216 ὃν
1598 4161 1776 4230 ἐξελε-

193 4241 395 4312 ξάμην.
431 4241 550 4295 Ὀτι
584 4242 694 4311 ἐγὼ
724 4241 880 4297 δώσω
910 4243 1055 4317 ὕδωρ
1086 4248 1144 4300 ἐν
1182 4247 1324 4318 δίψει
1346 4253 1454 4315 τοῖς
1478 4254 1779 4326 πορευομέ-

189 4351 305 4398 νοις
335 4334 394 4386 ἐν
421 4333 654 4406 ἀνύδρῳ,
683 4335 928 4408 ἐπιθήσω
946 4338 1005 4391 τὸ
1031 4337 1249 4411 πνεῦμὰ
1284 4358 1384 4413 μου
1408 4344 1500 4397 ἐπὶ
1530 4345 1591 4398 τὺ
1610 4346 1778 4419 σπέρ-

1889 584 1946 630 ut
1976 574 2204 629 virtutes
2238 588 2386 627 meas
2413 578 2664 625 narraret
2701 586 2714 621 :
2748 583 2851 621 non
2885 581 3027 621 nunc
3072 566 3257 620 vocavi
3289 575 3341 619 te
3366 562 3462 619 Ja-

1887 667 2010 730 cob,
2047 681 2224 737 neque
2250 667 2503 721 laborare
2530 674 2583 718 te
2607 661 2729 726 feci,
2753 660 2937 717 Israel.
2968 680 2988 714 ι
3040 659 3264 716 Etiamsi
3313 659 3456 713 enim

1888 757 2126 814 futurum
2152 759 2243 823 sit,
2276 766 2335 813 ut
2357 765 2599 827 agrestes
2626 753 2778 825 ferae,
2822 753 3040 818 sirenis.
3072 763 3127 806 et
3162 752 3282 807 litim
3310 762 3458 806 stru-

1888 852 2132 906 thionum
2187 849 2511 905 benedicant
2565 847 2733 913 mihi;
2788 856 2843 902 tu
2878 861 3031 913 sane,
3090 843 3281 912 Jacob,
3319 841 3455 898 nihil

1885 943 2062 999 simile
2094 943 2269 999 fecisti
2295 959 2311 1007 ;
2340 942 2434 998 sed
2464 955 2644 1010 neque
2679 939 3024 1009 dignatuses
3057 951 3144 992 me
3170 937 3455 1001 invocare,

1890 1054 1908 1087 ι
1947 1034 2317 1105 defatigatus»
2387 1042 2566 1088 autem
2625 1050 2646 1084 ι
2695 1047 2755 1087 es
2809 1032 2862 1086 in
2924 1046 3045 1096 me,
3086 1048 3106 1082 ι
3162 1028 3456 1084 secundum

1884 1127 2307 1199 Symmachum,
2360 1125 2576 1183 etiamsi
2621 1140 2722 1196 ego
2767 1139 2876 1182 non
2916 1133 2969 1180 te
3010 1123 3261 1179 laborare
3310 1120 3460 1177 fcce-

1883 1222 2007 1277 rim.
2672 1258 2675 1263 ›

1880 1338 1881 1341 η
1955 1313 2116 1368 Vsus.
2153 1313 2246 1369 23.
2302 1331 2322 1365 ι
2352 1312 2469 1368 Non
2516 1308 2763 1367 obtulisti
2800 1306 2935 1364 mihi
2974 1321 3107 1365 oves
3150 1303 3455 1373 holocausti

1882 1406 1961 1461 tui
1994 1422 2008 1459 :
2036 1420 2213 1478 neque
2241 1407 2292 1460 in
2323 1404 2612 1462 sacrificiis
2639 1405 2747 1462 tuis
2775 1400 3093 1476 gloriﬁcasti
3130 1413 3216 1452 me
3237 1437 3254 1464 ,
3284 1411 3459 1464 neque

1881 1500 2091 1556 servire
2115 1510 2168 1554 te
2192 1498 2296 1556 feci
2329 1498 2387 1554 in
2420 1499 2681 1566 victimis,
2714 1510 2891 1567 neque
2921 1494 3162 1549 laborem
3191 1492 3288 1548 tibi
3317 1504 3458 1561 pra:-

1882 1589 1970 1645 bui
1996 1589 2050 1644 in
2079 1589 2257 1644 thure.
2285 1607 2305 1641 i
2336 1586 2807 1655 Quemadmodum
2836 1584 2926 1640 hic
2950 1580 3272 1646 solitudini,
3299 1578 3458 1634 feris—

1880 1697 1987 1754 que
2039 1696 2162 1736 eam
2218 1680 2581 1736 incolentibus
2635 1680 2904 1733 bonorum
2953 1688 3104 1746 spem
3147 1671 3457 1731 annuntiat.

1881 1772 2250 1845 papulumque
2292 1787 2359 1828 ex
2391 1770 2817 1826 circumcisione
2863 1769 2930 1825 de
2974 1767 3255 1854 impietate
3296 1778 3456 1819 coar-
3523 1754 3528 1759 ’

1881 1867 2016 1940 guit,
2046 1880 2205 1936 quem
2234 1880 2376 1920 nunc
2399 1863 2569 1920 Jacob
2600 1875 2656 1920 et
2675 1862 2844 1919 Israel
2878 1869 3185 1930 nuncupat;
3220 1859 3291 1913 ita
3322 1857 3458 1912 sim-

1879 1958 2093 2030 pliciter
2114 1957 2282 2014 allato
2297 1957 2414 2027 ejus
2443 1957 2682 2023 nomine,
2706 1971 2806 2012 nec
2827 1969 3065 2022 servum,
3090 1968 3191 2009 nec
3219 1952 3456 2008 electum

1882 2059 2041 2106 vocat
2091 2050 2284 2116 illum,
2322 2051 2464 2121 quod
2512 2059 2693 2105 tamen
2752 2049 2819 2105 de
2868 2046 3231 2120 praestantiori
3265 2043 3459 2103 ordine

1883 2141 2111 2213 loquens
2136 2144 2412 2199 observat.

1953 2235 2120 2291 Vsus.
2174 2232 2388 2291 24-26.'
2422 2234 2648 2305 «Neque
2675 2242 2902 2304 argento
2935 2232 3117 2289 emisti
3156 2230 3288 2286 mihi
3336 2229 3452 2301 thy-

1882 2327 2106 2395 miama,
2160 2343 2337 2399 neque
2375 2328 2588 2397 adipem
2632 2328 3029 2388 sacrificiorum
3076 2332 3295 2380 tuorum
3326 2337 3456 2379 con-

1884 2421 2099 2490 cupivi;
2133 2422 2224 2477 sed
2256 2421 2308 2476 in
2340 2420 2578 2491 peccatis
2603 2422 2710 2475 tuis
2731 2427 2860 2474 ante
2905 2433 2992 2473 me
3035 2416 3267 2482 stetisti,
3298 2424 3351 2471 et
3402 2415 3454 2469 iu

1884 2511 2266 2581 iniquitatibus
2301 2513 2433 2568 tuis.
2462 2513 2577 2583 Ego
2610 2526 2751 2577 sum,
2787 2525 2888 2582 ego
2927 2525 3048 2565 sum
3071 2553 3086 2577 ,
3148 2508 3239 2579 qui
3299 2506 3458 2567 deleo

1884 2604 2198 2673 iniquitates
2226 2613 2348 2659 tuas
2376 2616 2598 2673 promer
2630 2617 2741 2668 me,
2769 2612 2825 2656 et
2853 2611 3081 2672 peccata
3111 2610 3238 2666 tua;
3268 2608 3456 2655 etnon

1884 2696 2236 2753 recordabor.
2306 2694 2386 2750 Tu
2447 2706 2629 2750 autem
2683 2702 2977 2754 memento.
3035 2701 3092 2748 et
3148 2691 3458 2761 iudicemur

1882 2788 2063 2843 simul.
2097 2803 2234 2844 noua
2289 2802 2482 2853 QUIPPE
2528 2803 2627 2843 as'r
2685 2799 3044 2842 rmsnuosmt
3105 2797 3457 2841 succuum

1881 2894 2122 2936 IIZIORIA
2174 2895 2281 2937 CUI
2323 2893 2677 2937 CONPBSSIONB
2729 2894 3031 2936 εοιυῐῖκοτλ
3069 2895 3086 2933 2
3125 2887 3459 2948 quapropter

1882 2972 2066 3039 infert,
2100 2991 2121 3026 ι
2149 2971 2242 3029 Dic
2267 2983 2324 3027 tu
2351 2974 2563 3042 primus
2591 2984 2812 3043 peccata
2844 2986 2957 3038 tua,
2981 2982 3039 3027 ut
3062 2970 3380 3041 jnstillceris
3402 2989 3452 3025 τι

1884 3064 1938 3118 id
1992 3080 2161 3136 agens
2206 3062 2638 3135 iustificaberis;
2692 3065 2819 3135 quia
2869 3065 3047 3135 justus
3086 3063 3141 3118 in
3192 3062 3460 3132 principio

1807 3174 1849 3232 ο
1881 3154 2155 3211 sermonis
2189 3164 2479 3210 accusator
2501 3155 2587 3210 est
2611 3156 2718 3210 sui.

1952 3242 2118 3302 Vens.
2165 3244 2258 3310 27,
2307 3244 2400 3301 28.
2455 3263 2475 3297 ι
2508 3245 2700 3301 Patres
2735 3245 2902 3301 vestri
2937 3244 3124 3313 primi,
3168 3253 3225 3300 et
3258 3243 3458 3314 princi-

1882 3351 1978 3407 pes
2008 3336 2175 3392 vestri
2219 3336 2406 3406 inique
2434 3343 2664 3408 egerunt
2694 3336 2751 3416 in
2789 3352 2901 3391 me.
2951 3336 3017 3392 Et
3043 3336 3457 3391 contaminave-

1884 3438 2009 3481 runt
2040 3427 2311 3498 principes
2339 3439 2530 3483 sancta
2580 3440 2720 3482 mea.
2778 3425 2846 3480 Et
2894 3427 3014 3482 dedi
3071 3428 3125 3482 in
3176 3426 3455 3481 interitum

1880 3517 2069 3581 Jacob,
2093 3528 2145 3573 et
2176 3516 2344 3574 Israel
2387 3520 2440 3573 in
2479 3516 2851 3587 opprobrium.
2876 3536 2895 3570 ι

2224 3611 2230 3616 ’
2441 3608 2669 3665 CAPUT
2706 3607 2889 3664 XLIV.

1950 3701 2110 3760 Vens.
2171 3703 2220 3758 ι.
2270 3720 2291 3755 ι
2324 3701 2477 3757 Nunc
2507 3712 2686 3760 autem
2714 3703 2862 3768 audi,
2892 3700 3061 3758 Jacob
3100 3714 3236 3771 puer
3277 3713 3453 3765 meus,

1878 3806 1935 3852 et
1985 3794 2177 3860 Israel,
2236 3809 2396 3866 quem
2451 3794 2609 3866 elegi.
2641 3813 2661 3849 ι
2714 3793 2811 3851 llis
2858 3793 3054 3849 iterum
3099 3789 3457 3862 apostolicum

1879 3889 2109 3944 chorum
2139 3896 2353 3943 evocat.

1952 3980 2116 4035 Vsus.
2183 3978 2239 4042 2,
2300 3977 2357 4032 5.
2416 3996 2434 4030 ι
2468 3976 2560 4033 Sic
2611 3977 2743 4033 dicit
2796 3976 3060 4032 Dominus
3121 3974 3313 4040 Deus,
3364 3975 3457 4046 qui

1880 4070 2011 4127 fecit
2037 4080 2111 4136 te,
2144 4080 2198 4127 et
2234 4069 2493 4127 formavit
2531 4078 2587 4126 te
2611 4069 2681 4125 de
2717 4079 2952 4125 ventre:
2985 4069 3177 4123 Adhuc
3231 4067 3459 4124 habebis

1880 4165 2176 4230 auxilium;
2209 4163 2315 4219 noli
2347 4174 2612 4229 metuere,
2639 4177 2776 4233 puer
2807 4176 2959 4218 meus
2983 4159 3171 4225 Jacob,
3189 4168 3246 4216 et
3264 4159 3460 4217 dilecte

1877 4254 2068 4321 Israel,
2099 4271 2260 4327 quem
2293 4256 2454 4328 elegi.
2497 4254 2633 4323 Quia
2671 4269 2774 4326 ego
2823 4254 2964 4309 dabo
3015 4266 3212 4323 aquam
3260 4252 3314 4307 in
3367 4252 3457 4307 siti

1881 4348 1970 4404 his
1997 4349 2090 4419 qui
2133 4347 2417 4403 ambulant
2448 4346 2503 4401 in
2553 4346 2842 4416 inaquosa,
2878 4345 3156 4414 imponam
3206 4343 3456 4414 spiritum

191 4443 274 4497 μα
310 4443 428 4491 σου,
473 4426 567 4481 καὶ
595 4426 692 4490 τὰς
723 4427 972 4498 εὐλογίας
1020 4448 1123 4502 μου
1164 4432 1257 4486 ἐπὶ
1302 4433 1372 4488 τὰ
1412 4435 1577 4490 τέκνα
1611 4453 1727 4491 σου.
1752 4458 1772 4492 ι

1890 4456 2060 4496 meum
2089 4455 2251 4510 super
2278 4454 2462 4494 semen
2520 4448 2706 4504 tuum,
2755 4444 2811 4492 et
2857 4435 3263 4491 benedictiones
3307 4450 3458 4489 meas

188 4517 292 4571 Διά
314 4517 426 4590 γὰρ
456 4518 551 4572 τοῦ
582 4518 896 4591 Πνεύματος
922 4520 1016 4576 τοῦ
1040 4521 1197 4591 ἁγίου
1222 4524 1285 4579 τὸ
1310 4525 1526 4596 λογικὸν
1558 4530 1652 4582 xai.
1686 4531 1778 4600 γό-

1890 4542 2042 4597 mper
2085 4526 2227 4581 ﬁlios
2262 4537 2400 4581 tuos.
2433 4544 2452 4578 ι
2505 4523 2641 4580 Nam
2703 4540 2799 4594 per
2855 4522 3121 4594 Spiritum
3177 4533 3454 4587 sanctum,

186 4623 373 4677 νιμον,
410 4607 505 4660 καὶ
540 4609 909 4698 πνευματικὸν
941 4609 1086 4698 ὕδωρ
1119 4615 1185 4684 τῇ
1218 4613 1431 4687 ἀνύδρῳ
1459 4617 1552 4698 διαὶ
1581 4617 1776 4689 ἐρήμῳ

1890 4618 2280 4682 rationabilem,
2315 4617 2604 4673 fecundam
2632 4626 2687 4672 et
2727 4616 3067 4687 spiritualem
3099 4631 3296 4686 aquam
3335 4617 3457 4671 ina-

186 4698 526 4769 χορηγήσειν
553 4697 772 4769 ἤμελλε.
797 4694 1028 4771 Σπέρμα
1045 4701 1102 4755 δέ
1122 4702 1230 4757 τῶν
1245 4694 1553 4761 ἀποστόλων
1569 4708 1625 4760 ai
1660 4707 1779 4763 Ἐκ-

1890 4726 2064 4781 quosue
2095 4720 2149 4765 et
2184 4709 2462 4765 solitudini
2489 4708 2817 4778 elargiturus
2861 4718 3002 4764 erat.
3045 4707 3244 4764 Semen
3275 4720 3457 4765 autem

187 4790 415 4861 κλήσεσι
451 4787 548 4842 τοῦ
576 4789 732 4855 Θεοῦ,
782 4792 877 4845 καὶ
899 4790 967 4846 τά
1009 4793 1175 4848 τέκνα
1215 4794 1395 4849 αὐτῶν
1423 4798 1472 4850 οἱ
1501 4799 1774 4871 πανταχοῦ

1890 4803 2252 4873 apostolorum
2295 4810 2422 4857 sunt
2454 4800 2711 4856 Ecclesiae
2751 4799 2879 4868 Dei;
2918 4799 3014 4855 lilii
3061 4815 3193 4856 vero
3242 4815 3455 4867 eorum,

184 4882 294 4951 γῆς
326 4880 424 4936 καὶ
471 4883 530 4935 ἐν
558 4884 690 4937 πᾶσι
718 4886 830 4949 τοῖς
862 4883 1037 4938 ἔθνεσι
1067 4885 1155 4940 διὰ
1199 4886 1293 4941 τοῦ
1338 4888 1653 4961 Πνεύματος
1678 4892 1771 4946 τοῦ

1890 4903 2139 4964 quotquot
2170 4895 2222 4948 in
2254 4894 2501 4948 universa
2535 4902 2681 4947 terra
2720 4899 2776 4947 et
2818 4893 2871 4946 iu
2921 4890 3176 4947 Omnibus
3204 4891 3457 4963 gentibus

185 4974 350 5044 ἁγίου
383 4974 835 5045 ἁναγεννηθέντες
858 4993 873 5006 ⁵
909 4976 959 5030 οἳ
986 4978 1081 5031 καὶ

1890 5002 1978 5053 per
2006 4985 2268 5056 Spiritum
2294 4994 2541 5040 sanctum
2567 4983 2874 5055 regenerati
2903 4993 3067 5039 sunt:
3099 4983 3198 5054 qui

268 5085 289 5119 ι
332 5065 697 5129 ⁹Δνατελοῦσι,
723 5085 741 5118 ι
785 5068 970 5138 φησὶν,
1015 5088 1032 5119 ι
1064 5068 1169 5123 ἀνά
1213 5069 1376 5141 μέσον
1422 5070 1614 5138 ὕδατος
1647 5073 1775 5147 χόρ-

1951 5077 2115 5133 Vens.
2166 5078 2221 5132 4.
2257 5077 2632 5144 «Producunt,
2671 5077 2770 5143 ait,
2828 5076 2882 5131 in
2936 5076 3117 5131 medio
3167 5090 3323 5145 aqua:
3378 5076 3458 5131 fec

183 5175 302 5221 τον,
358 5158 454 5211 καὶ
502 5158 580 5222 ὡς
636 5157 750 5211 ἰτέα
786 5159 881 5213 ἐπὶ
912 5161 1227 5233 παραρρέον
1264 5161 1429 5236 ὓδωρ.
1457 5183 1476 5216 ι
1525 5167 1635 5219 Καὶ
1689 5169 1777 5221 ἐν-

183 5248 367 5305 ταῦθα
392 5249 450 5303 δὲ
471 5249 569 5319 τὴν
600 5249 745 5304 ίτέαν
774 5251 1051 5324 παρέλαϐε
1077 5253 1168 5307 διά
1192 5254 1254 5307 τὸ
1274 5254 1524 5322 ἀειθαλὲς
1538 5258 1633 5311 καὶ
1660 5276 1779 5312 νεα-

188 5341 285 5412 ρὸν
316 5338 413 5392 τοῦ
443 5339 635 5408 φυτοῦ,
670 5341 749 5404 είς
784 5342 1128 5414 παράστασιν
1174 5344 1269 5398 τοῦ
1300 5344 1536 5418 πλήθους
1560 5348 1667 5403 τῶν
1691 5349 1777 5404 λο-

184 5430 363 5500 γικῶν
408 5428 616 5484 ὑδάτων
646 5431 756 5486 τῶν
804 5434 864 5487 ἐν
901 5435 967 5506 τῇ
1009 5433 1307 5507 Ἐκκλησία
1346 5436 1511 5492 αὐτοῦ
1549 5440 1777 5510 ρευσὰν-

183 5540 319 5577 των.

258 5605 476 5676 «Οὗτος
502 5614 640 5685 ἐρεῖ,
689 5612 798 5669 Τοῦ
819 5614 956 5670 Θεοῦ
988 5617 1125 5687 ειμι,
1174 5616 1270 5671 καὶ
1321 5611 1475 5684 οὗτος
1522 5618 1772 5691 βοήσεται
1825 5684 1827 5687 λ

185 5705 281 5758 ἐπὶ
312 5703 397 5777 τῷ
434 5703 662 5775 ὀνόματι
702 5705 917 5773 Ἰακὼϐ,
965 5707 1060 5761 καὶ
1094 5707 1280 5779 ἔτερος
1309 5708 1602 5781 ἐπιγράφει
1627 5712 1772 5793 χειρὶ

187 5795 379 5861 αὐτοῦ,
436 5795 544 5851 Τοῦ
575 5795 711 5851 Θεοῦ
738 5798 872 5869 εἰμι,
910 5800 1004 5855 καὶ
1041 5799 1135 5855 ἐπὶ
1173 5800 1251 5873 τῷ
1298 5799 1517 5872 ὀνόματι
1558 5802 1773 5875 Ἰσραὴλ

1880 5183 2030 5231 ηυιη,
2065 5177 2117 5221 et
2151 5168 2292 5223 sicut
2320 5167 2459 5222 salix
2490 5169 2555 5222 ad
2584 5183 2781 5237 aquam
2818 5167 3099 5243 ﬂuentem.
3126 5186 3147 5220 ι
3187 5167 3453 5238 llicquo-

1878 5275 1982 5331 que
2007 5261 2225 5316 salicem
2268 5261 2501 5316 assumit
2552 5262 2623 5317 ob
2674 5262 2909 5317 virorem
2955 5271 3013 5316 et
3050 5260 3452 5330 juvenilitatem

1879 5351 2121 5418 arboris;
2172 5352 2242 5405 ad
2293 5351 2679 5408 declarandam
2733 5351 3138 5408 rationabilium
3190 5366 3455 5423 aquarum

1878 5444 1930 5499 in
1961 5443 2205 5499 Ecclesia
2227 5444 2356 5516 ejus
2375 5446 2713 5502 manantium
2741 5447 2977 5518 copiam.

1951 5617 2113 5675 Vsus.
2144 5619 2199 5675 5.
2245 5640 2262 5672 ι
2281 5616 2380 5675 Hic
2406 5618 2571 5689 dicet,
2605 5619 2698 5677 Dei
2728 5635 2880 5688 sum;
2911 5630 2967 5678 et
2997 5621 3091 5678 hic
3121 5621 3380 5679 clamabit
3402 5622 3455 5677 in

1882 5712 2101 5768 nomine
2127 5711 2325 5781 Iacob,
2347 5722 2402 5768 et
2432 5710 2574 5768 alius
2596 5713 2870 5770 describet
2911 5714 2966 5770 in
3016 5731 3181 5771 manu
3211 5730 3337 5781 sua,
3360 5712 3454 5769 Dei

1880 5822 2023 5873 sum,
2052 5817 2109 5863 et
2149 5805 2203 5862 in
2245 5805 2493 5862 nomine-
2517 5806 2681 5864 Israel
2733 5806 3013 5865 clamabit.
3040 5826 3061 5867 ι
3096 5808 3173 5867 Se
3201 5807 3454 5863 lsraclem
