3880 6216
465 335 572 390 405

1137 335 1403 392 EUSEBll
1441 331 1914 389 CESARIENSIS
1951 331 2102 388 OPP.
2145 329 2322 386 PARS
2354 328 2440 386 lll.
2477 361 2544 372 —
2579 326 2998 386 EXEGETICA.

3623 328 3722 383 401

465 471 586 512 esse
606 454 890 526 gloriando
915 455 1078 512 dicet.
1107 453 1291 510 Mirari
1327 451 1487 523 plane
1528 462 1585 508 et
1631 462 1856 524 stupere
1901 453 2018 507 subi

2149 447 2470 518 βοήσεται.»
2525 445 2788 516 Σεμνύνει
2833 444 3024 499 ἐαυτὸν
3078 443 3252 513 λέγων
3301 437 3439 496 εἶναι
3491 441 3719 514 Ἰσραήλ.

467 545 914 617 propheticorum
947 560 1261 602 sermonum
1307 545 1438 610 vim,
1484 552 1541 602 et
1588 559 1756 616 quam
1802 560 1937 602 vero
1962 547 2042 602 rei

465 635 719 692 eﬂectum
753 645 809 692 et
853 635 1314 708 complementum
1364 637 1795 707 pereeperimus.
1824 636 1960 694 Na
1989 639 2042 694 in

464 729 938 801 persecutionibus
971 738 1160 785 nostro
1197 739 1441 799 tempore
1482 729 1792 795 concitatis,
1847 731 2043 788 multos

463 837 532 876 ex
563 820 881 893 alienigenis
936 819 1186 890 gentibus
1241 821 1500 886 vidimus,
1551 822 1645 892 qui
1725 833 2040 880 sanctorum

463 913 704 968 virorum
759 914 978 968 nomina
1059 922 1425 982 usurparent;
1469 913 1608 970 alius
1667 915 1866 986 quippe
1916 930 2041 971 sese

463 1001 724 1059 Jacobum
754 1003 1085 1074 appellabat,
1101 1001 1240 1057 alius
1258 1002 1538 1070 lsraelem,
1563 1001 1706 1060 alius
1723 1000 2036 1068 Jeremiam,

462 1093 554 1148 hic
604 1092 822 1161 Isaiam,
876 1094 982 1150 iste
1021 1091 1299 1148 Danielem
1328 1112 1341 1148 :
1367 1094 1567 1150 etenim
1593 1095 1678 1150 his
1719 1095 1823 1149 sibi
1865 1095 2039 1149 ascri-

465 1187 575 1254 ptis
602 1186 930 1250 nominibus,
968 1187 1036 1242 ad
1086 1187 1405 1259 martyrium
1431 1201 1530 1258 pro
1557 1187 1668 1242 Deo
1699 1186 2036 1242 subeundum

463 1290 587 1330 cum
615 1275 813 1332 ﬁducia
833 1285 890 1333 et
918 1277 1226 1333 constantia
1258 1276 1615 1332 accedebant.
1646 1274 1775 1342 Qua:
1802 1274 2035 1344 prophe-

465 1367 542 1423 tia
594 1366 823 1433 indicat,
877 1367 1005 1424 dum
1055 1369 1132 1424 ait
1168 1387 1184 1424 :
1213 1387 1231 1422 ι
1257 1367 1356 1423 Hic
1385 1366 1550 1432 dicet,
1576 1367 1668 1422 Dei
1702 1382 1844 1432 sum,
1865 1373 1919 1420 et
1949 1365 2035 1420 hic

463 1457 723 1513 clamabit
769 1458 821 1513 in
862 1461 1080 1515 nomine
1121 1459 1309 1528 Jacob,
1346 1461 1486 1515 alius
1513 1461 1565 1514 in
1609 1473 1770 1514 manu
1815 1474 1912 1515 sua
1944 1458 2036 1515 de-

465 1547 690 1613 scribet,
731 1549 824 1604 Dei
872 1566 1014 1616 sum,
1048 1561 1103 1607 et
1133 1552 1275 1608 alius
1304 1552 1356 1607 in
1389 1551 1609 1607 nomine
1637 1550 1803 1607 Israel
1844 1549 2037 1606 clama-

465 1639 565 1698 bit.
590 1658 610 1693 ι

2147 535 2433 608 Θαυμάσαι
2465 535 2522 590 δὲ
2553 535 2672 589 ἔστι
2693 536 2790 590 καὶ
2817 533 3231 606 καταπλαγῆναι
3259 531 3476 604 άληθῶς
3500 533 3596 604 τὴν
3619 532 3724 588 τῶν

2142 624 2501 697 προφητικῶν
2522 624 2695 694 λόγων
2719 624 2968 696 δύναμιν,
2997 641 3074 688 ως
3095 625 3281 687 αὑτοῖς
3305 623 3488 694 ἔργοις
3505 622 3573 678 τά
3595 623 3726 677 ἀπο-

2140 717 2450 789 τελέσματα
2479 716 2914 790 παρειλήφαμεν.
2971 716 3062 769 Ἒν
3115 715 3246 783 γοῦν
3271 717 3386 779 τοῖς
3427 713 3545 769 καθ’
3580 715 3728 786 ἡμᾶς

2140 810 2338 874 αὑτοὺς
2376 809 2692 880 γενομένοις
2722 809 2983 880 διωγμοῖς
3025 806 3253 871 πολλοὺς
3279 806 3391 861 τῶν
3416 805 3727 876 ἀλλοφύλων

2141 901 2313 956 ἐθνῶν
2345 899 2712 973 ἐθεασάμεθα,
2747 898 3205 974 προαρπάξοντας
3237 901 3448 965 ἑαυτοῖς
3490 899 3590 964 τὰς
3617 901 3726 954 τῶν

2138 995 2311 1064 ἁγίων
2340 993 2550 1066 ἀνδρῶν
2592 993 2985 1065 προσηγορίας,
3017 983 3092 1046 ὧν
3113 993 3142 1046 ό
3171 993 3269 1064 μὲν
3299 992 3492 1048 ἑαυτὸν
3531 992 3724 1046 Ἰακὼὸ

2137 1085 2344 1150 ἐκάλει,
2375 1085 2470 1140 καὶ
2517 1084 2703 1157 ἕτερος
2748 1083 2984 1155 Ἰσραὴλ,
3014 1082 3172 1147 ἄλλος
3209 1083 3267 1137 δὲ
3307 1082 3596 1155 Ἱερεμίαν,
3630 1083 3728 1138 καὶ

2147 1178 2376 1231 Ἡσαΐαν
2425 1177 2632 1250 ἔτερος,
2663 1177 2756 1229 καὶ
2813 1175 3010 1247 Δανιὴλ
3042 1175 3202 1229 πάλιν
3259 1175 3417 1239 ἄλλος
3439 1191 3455 1206 ο
3500 1174 3727 1230 τοιαῦτα

2107 1265 2265 1335 ⁵γοῦν
2299 1265 2733 1337 ἐπιγραφόμενοι
2777 1265 3018 1336 ὀνόματα
3048 1266 3142 1319 ἐπὶ
3186 1265 3247 1319 τὸ
3301 1265 3597 1338 μαρτύριον
3627 1266 3725 1320 τοῦ

2135 1357 2269 1412 Θεοῦ
2305 1359 2402 1412 σὺν
2430 1357 2610 1430 πολλῷ
2639 1357 2831 1428 θάρσει
2867 1357 2962 1410 καὶ
3007 1357 3288 1428 παρρησίᾳ
3319 1358 3621 1429 παρῄεσαν.
3657 1358 3728 1412 ’Δ

2133 1449 2198 1521 δὴ
2227 1449 2568 1521 σημαίνουσα
2601 1451 2634 1520 ἡ
2657 1448 2963 1522 προφητεία
2986 1447 3149 1518 φησίν
3172 1464 3186 1477 ο
3222 1466 3241 1499 ι
3269 1440 3438 1512 Οὗτος
3456 1449 3589 1517 ἐρεῖ,
3615 1448 3723 1503 Τοῦ

2143 1541 2279 1595 Θεοῦ
2300 1537 2437 1612 εἶμι,
2468 1543 2562 1595 καὶ
2584 1535 2738 1604 οὗτος
2764 1541 3016 1612 βοήσεται
3039 1539 3134 1592 ἐπὶ
3157 1539 3234 1612 τῷ
3251 1539 3474 1610 ὀνόματι
3505 1539 3724 1603 Ἰακὼϐ,

2134 1634 2230 1686 καὶ
2265 1633 2421 1698 ἄλλος
2451 1632 2748 1704 ἐπιγράφει
2780 1635 2846 1704 τῇ
2877 1632 3020 1705 χειρὶ
3046 1631 3238 1696 αὑτοῦ,
3283 1631 3418 1686 Θεοῦ
3459 1633 3596 1703 ειμι,
3625 1633 3727 1688 καὶ

2133 1724 2291 1790 ἄλλος
2323 1726 2416 1780 ἐπὶ
2443 1725 2520 1797 τῷ
2548 1726 2773 1796 ὀνόματι
2819 1724 3036 1798 Ἰσραὴλ
3065 1723 3339 1797 βοήσεται.
3367 1744 3387 1778 ι

536 1813 700 1872 Vsus.
731 1817 784 1881 6,
824 1819 880 1876 7.
907 1838 926 1871 ι
957 1820 1047 1875 Sic
1071 1824 1145 1874 ait
1175 1819 1340 1884 Deus,
1375 1835 1468 1876 rex
1494 1819 1674 1888 Israel,
1699 1831 1753 1876 et
1776 1821 1865 1892 qui
1898 1821 2021 1875 libe-

2213 1836 2232 1869 t
2261 1816 2448 1882 Οὕτως
2485 1817 2633 1888 λέγει
2661 1819 2690 1872 ὁ
2719 1817 2851 1881 Θεὸς
2877 1819 2906 1872 ό
2939 1816 3188 1888 βασιλεὺς
3221 1816 3456 1889 Ἰσραὴλ,
3486 1817 3581 1871 καὶ
3621 1818 3722 1888 ῥυ-

461 1910 605 1964 ravit
625 1911 799 1980 ipsum
830 1911 1090 1969 Dominus
1131 1913 1369 1970 Sabaoth
1406 1933 1420 1970 :
1450 1915 1563 1984 Ego
1584 1915 1808 1982 primus,
1844 1922 1901 1970 et
1932 1928 2034 1983 ego

462 2011 588 2070 post
613 1999 728 2057 haec
759 2017 775 2053 :
801 2013 1001 2072 praeter
1028 2019 1117 2060 me
1141 2020 1246 2059 non
1269 2015 1355 2061 est
1382 2007 1546 2062 Dens.
1578 2003 1711 2073 Quis
1737 2007 1874 2060 sicut
1897 2006 2034 2077 ego?

463 2091 604 2156 Stet,
637 2103 815 2158 vocet,
866 2097 1154 2151 annuntiet
1210 2106 1266 2151 et
1309 2107 1578 2168 praeparet
1624 2098 1754 2154 mihi
1784 2112 1801 2151 :
1831 2115 1897 2154 ex
1923 2089 2032 2169 quo

461 2182 565 2238 feci
597 2184 866 2242 hominem
915 2187 970 2242 in
1003 2187 1260 2244 saculum
1300 2201 1315 2244 :
1355 2199 1410 2244 et
1441 2198 1691 2258 ventura,
1739 2200 2029 2260 antequam

460 2273 615 2341 ﬁant,
668 2278 992 2340 annuntient
1037 2280 1216 2337 vobis.
1248 2300 1268 2334 ι
1311 2281 1466 2336 Dicat
1515 2283 1661 2338 enim
1696 2284 1740 2338 si
1780 2283 1904 2353 quis
1949 2291 2032 2339 est

460 2364 629 2432 Deus,
662 2367 804 2437 quod
845 2378 1221 2440 quantumque
1269 2385 1406 2441 opus
1455 2389 1611 2427 suum
1661 2373 1922 2428 exhibeat
1976 2373 2028 2426 in

459 2456 736 2514 universo.
765 2457 896 2514 Nam
917 2461 963 2515 si
992 2477 1134 2517 unus
1160 2471 1244 2519 est
1268 2464 1523 2529 mundus,
1543 2463 1764 2534 ipseque
1785 2464 2026 2533 ejusdem

462 2558 693 2614 naturae,
724 2550 937 2620 sibique
954 2567 1179 2622 prorsus
1203 2554 1561 2626 conjunctus;
1587 2572 1726 2612 unus
1757 2572 1887 2612 sane
1913 2557 2029 2627 ejus

457 2639 637 2708 opifex
667 2641 851 2697 fuerit.
883 2641 990 2700 Sed
1015 2643 1105 2700 hic
1133 2659 1198 2699 ex
1230 2647 1603 2715 magnitudine
1629 2657 1685 2702 et
1731 2646 2029 2717 pulchritu-

457 2731 585 2787 dine
618 2741 1011 2798 creaturarum,
1041 2745 1229 2807 utpote
1283 2738 1522 2794 universi
1581 2739 1854 2807 conditor,
1901 2756 2027 2796 con-

457 2824 706 2892 spicitur.
748 2825 902 2893 Quod
937 2827 983 2884 si
1032 2828 1154 2898 quis
1186 2828 1350 2884 alium
1398 2831 1646 2896 inducat,
1675 2832 1841 2887 alium
1896 2833 2025 2888 item

457 2916 587 2973 huic
618 2917 851 2974 similem
881 2921 1138 2976 mundum
1169 2924 1454 2988 ostendat;
1483 2934 1540 2978 at
1592 2939 1699 2979 non
1746 2934 1834 2980 est
1889 2925 2028 2982 alius

458 3007 713 3074 mundus,
764 3019 963 3080 praeter
1014 3024 1172 3078 eum,
1222 3027 1384 3084 quem
1451 3015 1816 3085 conspicimus
1847 3033 1864 3070 :
1895 3031 2026 3088 ergo

456 3112 561 3154 nec
592 3099 732 3156 alius
780 3101 924 3156 Deus
962 3112 1066 3156 est.
1101 3102 1159 3158 Si
1212 3105 1336 3174 quis
1371 3121 1504 3160 vero
1532 3107 1624 3171 sit,
1653 3127 1672 3160 ι
1699 3106 1841 3174 Stet,
1867 3127 1887 3162 ι
1939 3110 2022 3164 in-

455 3190 596 3259 quit,
633 3191 903 3260 primum;
931 3191 984 3246 id
1023 3205 1108 3250 est
1135 3195 1512 3253 exsistentlam
1563 3199 1818 3252 ostendat
1843 3213 2017 3267 suam,

452 3283 669 3351 etquod
702 3281 757 3337 in
787 3269 1092 3338 substantia
1143 3284 1426 3352 subsistat,
1457 3286 1708 3357 quodque
1734 3287 1789 3342 in
1817 3303 1879 3344 se
1907 3303 2023 3342 ma-

455 3381 584 3427 neat
619 3381 676 3428 et
707 3381 812 3430 stet
841 3389 856 3430 :
883 3374 1078 3430 deinde
1125 3390 1310 3432 vocem
1360 3378 1614 3434 emittens
1645 3379 2018 3435 rationabilem

452 3479 520 3520 ac
559 3466 670 3522 Deo
709 3466 955 3538 dignam,
1004 3470 1314 3538 annuntiet,
1343 3485 1464 3540 qua:
1513 3478 1697 3541 postea
1753 3470 1928 3526 futura
1966 3471 2018 3525 in

453 3555 660 3612 mundo
709 3556 852 3623 sint;
885 3567 983 3612 aut
1021 3573 1142 3628 quas
1168 3559 1297 3615 olim
1327 3569 1384 3616 et
1413 3576 1444 3616 a
1485 3562 1746 3632 principio
1784 3562 2021 3634 contige-

451 3655 600 3713 runt,
648 3660 718 3701 ex
767 3661 877 3718 quo
935 3646 1212 3706 hominem
1269 3650 1325 3707 in
1370 3661 1515 3706 terra
1549 3651 1726 3720 posui,
1751 3666 1920 3722 usque
1952 3653 2018 3706 ad

451 3749 690 3803 praesens
749 3746 982 3806 tempus.
1052 3737 1189 3796 Hinc
1232 3739 1378 3796 enim
1463 3755 1836 3812 agnoscemus,
1896 3758 2019 3797 eum

451 3826 639 3883 isthaec
669 3828 835 3884 verbo
859 3829 1226 3886 constituisse.

521 3917 685 3974 Vsus.
716 3918 864 3974 8-10.
907 3936 926 3970 ι
948 3918 1123 3974 Nolite
1149 3919 1430 3989 abscondi,
1479 3921 1643 3978 nolite
1671 3937 1880 3978 errare.
1909 3923 2018 3977 An-

445 4021 554 4062 non
584 4007 654 4063 ab
698 4008 853 4064 initio
881 4011 1212 4076 attendistis,
1245 4021 1302 4067 et
1333 4011 1650 4066 annuntiavi
1703 4013 1898 4068 vobis?
1921 4011 2016 4068 Τε-

444 4108 558 4153 stes
595 4111 693 4153 vos
716 4100 873 4165 estis,
905 4115 1033 4156 num
1061 4103 1134 4157 sit
1159 4102 1298 4159 Deus
1323 4114 1519 4175 praeter
1536 4119 1640 4159 me.
1665 4103 1731 4159 Et
1754 4113 1880 4161 tunc
1910 4120 2016 4161 non

444 4186 736 4244 audierunt
782 4190 874 4260 qui
935 4191 1146 4262 lingunt
1188 4203 1246 4249 et
1293 4194 1592 4265 scalpunt:
1631 4210 1822 4251 omnes
1869 4188 2013 4259 vani,

441 4281 537 4350 qui
584 4280 792 4337 faciunt
833 4284 1102 4340 desideria
1148 4300 1268 4352 sua,
1297 4300 1418 4357 quae
1447 4302 1551 4342 non
1581 4287 1881 4358 proderunt
1908 4287 2010 4343 eis.

443 4371 552 4427 Sed
575 4371 972 4430 oonfundentur
994 4375 1088 4445 qui
1141 4376 1309 4432 Deum
1354 4376 1639 4450 eliingunt,
1677 4389 1733 4434 et
1758 4379 2012 4449 sculpunt

2138 1911 2369 1983 σάμενος
2389 1911 2550 1964 αὑτὸν
2575 1910 2711 1984 Θεὸς
2738 1908 2966 1964 Σαϐαὼθ
2986 1926 3000 1940 ’
3049 1907 3192 1979 Ἐγὼ
3224 1909 3460 1980 πρῶτος,
3488 1910 3582 1963 καὶ
3607 1908 3727 1979 ἐγὼ

2138 2003 2278 2073 μετὰ
2304 2001 2477 2056 ταῦτα
2498 2019 2511 2032 ·
2562 1987 2701 2073 πλὴν
2731 1998 2865 2072 ἐμοῦ
2911 2001 3012 2054 οὑκ
3047 1999 3162 2053 ἔστι
3191 2000 3344 2064 Θεός.
3400 2000 3495 2065 Τίς
3527 2001 3722 2074 ὥσπερ

2133 2089 2278 2160 ἐγώ;
2311 2091 2518 2162 Στήτω,
2557 2091 2652 2145 καὶ
2691 2089 2993 2153 καλεσάτω,
3045 2091 3141 2147 καὶ
3171 2090 3563 2159 ἀναγγειλάτω,
3624 2094 3724 2146 καὶ

2131 2181 2474 2251 ἑτοιμασάτω
2515 2196 2637 2250 μοι’
2699 2180 2792 2250 ἀφ’
2821 2172 2883 2234 οὗ
2926 2179 3158 2252 ἐποίησα
3189 2181 3474 2253 ἄνθρωπον
3503 2184 3586 2246 είς
3625 2183 3724 2236 τὸν

2132 2272 2322 2338 αἰῶνα,
2360 2273 2454 2327 καί
2480 2273 2548 2327 τὰ
2581 2273 2921 2346 ἐπερχόμενα
2944 2273 3050 2346 πρὸ
3079 2272 3174 2328 τοῦ
3201 2273 3375 2328 ἐλθεῖν
3395 2275 3724 2345 ἀναγγειλά-

2131 2381 2309 2418 τωσαν
2340 2365 2488 2435 ὑμῖν.
2515 2383 2533 2417 ι
2568 2365 2786 2434 Λεγέτω
2809 2364 2918 2437 γάρ
2945 2365 2999 2417 εἴ
3017 2365 3101 2429 τίς
3147 2367 3264 2419 ἐστι
3297 2365 3448 2431 Θεὸς,
3481 2367 3604 2421 ὅσον
3628 2366 3722 2440 ξρ-

2129 2473 2225 2526 γον
2249 2454 2442 2510 ἐαυτοῦ
2473 2456 2741 2511 δείκνυσιν
2767 2458 2825 2511 ὲν
2868 2455 2949 2528 τῷ
3000 2457 3180 2512 παντί.
3212 2458 3276 2510 Ei
3308 2456 3418 2530 γάρ
3449 2453 3530 2521 εἷς
3556 2459 3585 2511 ό
3619 2459 3717 2513 κό-

2131 2566 2286 2621 σμος,
2315 2549 2411 2603 καὶ
2434 2541 2588 2614 οῦτος
2619 2548 2889 2621 συμφυὴς,
2920 2547 3014 2601 καὶ
3040 2547 3203 2612 αὑτὸς
3231 2547 3406 2620 ἐαυτῷ
3433 2549 3723 2620 συνημμέ-

2129 2659 2238 2707 νος,
2269 2636 2350 2706 εἷς
2383 2642 2450 2696 ἂν
2493 2641 2702 2710 γένοιτο
2762 2641 2855 2695 καὶ
2891 2643 2919 2695 ό
2951 2640 3141 2694 τούτου
3171 2641 3520 2714 δημιουργός.
3573 2642 3718 2697 Ἀλλ’

2127 2725 2284 2798 οὗτος
2315 2734 2380 2786 ἐκ
2415 2732 2677 2804 μεγέθους
2713 2733 2806 2786 καὶ
2833 2731 3096 2803 καλλονῆς
3133 2732 3467 2803 κτισμάτων,
3507 2729 3595 2787 οἶα
3619 2734 3720 2788 τοῦ

2129 2823 2330 2886 παντὸς
2354 2823 2731 2894 γενεσιουργὸς
2753 2821 3058 2894 θεωρεῖται.
3085 2824 3148 2875 Εἰ
3172 2822 3228 2875 δέ
3260 2840 3346 2888 τις
3367 2824 3575 2894 είσάγοι
3606 2824 3722 2880 ἕτε-

2130 2931 2242 2986 ρον,
2292 2913 2554 2969 δεικνύτω
2574 2914 2813 2967 τοιοῦτον
2837 2913 3036 2984 ὁμοίως
3081 2913 3285 2986 κόσμον
3345 2900 3529 2986 ἕτερον
3569 2932 3720 2988 παρ-

2131 3005 2285 3069 ιστάς
2305 3022 2318 3036 ·
2346 3005 2458 3059 ἀλλ’
2499 3005 2600 3058 οὑκ
2627 3003 2772 3058 ἐστιν
2801 3003 2988 3077 ἕτερος
3016 3003 3168 3075 παρὰ
3195 3003 3286 3058 τὸν
3317 3003 3591 3076 ὁρώμενον
3623 3007 3720 3060 κό-

2128 3114 2296 3169 σμονο
2327 3096 2449 3150 οὐδὲ
2475 3095 2608 3160 Θεὸς
2633 3096 2741 3166 ἄρα
2779 3094 2961 3168 ἕτερός
2989 3097 3156 3147 ἐστιν.
3192 3095 3256 3148 Εἰ
3293 3095 3349 3148 δέ
3384 3113 3489 3159 τις,
3528 3115 3545 3148 t
3575 3097 3720 3169 Στή-

2122 3205 2221 3253 τω,
2249 3205 2267 3239 ι
2298 3187 2451 3258 φησὶ,
2475 3185 2633 3241 τοῦτο
2665 3186 2881 3260 πρῶτον
2901 3204 2912 3216 ·
2934 3186 3078 3255 λέγω
3099 3186 3162 3258 δή
3186 3185 3284 3256 τὴν
3311 3185 3506 3240 ἐαυτοῦ
3539 3186 3720 3255 δειξά-

2123 3297 2204 3334 τω
2232 3278 2501 3350 ὓπαρξιν·
2545 3279 2627 3332 ὅτι
2664 3279 2724 3332 τέ
2757 3280 2904 3333 ἐστιν
2948 3280 3007 3334 ἐν
3036 3279 3222 3341 οὐσίας
3259 3279 3572 3345 ὑποστάσει,
3609 3282 3708 3335 καὶ

2120 3373 2203 3425 ὅτι
2237 3372 2321 3440 ἐφ’
2347 3371 2521 3443 ἐαυτῷ
2551 3371 2704 3441 μένει
2731 3371 2826 3425 καὶ
2845 3371 3074 3442 ἔστηκεν
3093 3388 3107 3401 ο
3135 3371 3230 3423 ἐπε
3241 3387 3325 3425 ιτα
3345 3371 3527 3445 φωνὴν
3547 3373 3716 3442 ἀφεὶς

2120 3463 2344 3534 λογικὴν
2369 3463 2464 3516 καὶ
2495 3461 2613 3533 Θεῷ
2643 3462 2979 3536 πρέπουσαν,
3014 3463 3386 3532 ἀναγγειλάτω
3405 3465 3526 3521 τίνα
3554 3464 3716 3520 ἐσται

2118 3553 2187 3607 τά
2216 3553 2354 3624 μετὰ
2375 3553 2548 3608 ταῦτα
2563 3554 2902 3626 γενησόμενα
2917 3555 2974 3607 ἐν
3001 3554 3083 3626 τῷ,
3101 3554 3203 3626 βίῳ
3230 3555 3362 3628 (59)·
3383 3555 3416 3627 ἦ
3438 3556 3507 3610 τά
3537 3557 3715 3612 πάλαι

2119 3644 2180 3711 ἐξ
2230 3647 2404 3718 ἀρχῆς
2438 3647 2769 3713 ὑποστάντα,
2818 3647 2912 3718 ἀφ’
2955 3641 3017 3702 οῦ
3049 3648 3140 3701 τὸν
3180 3648 3467 3721 ἄνθρωπον
3501 3648 3715 3723 ἐθέμην

2119 3738 2211 3790 ἐπὶ
2241 3738 2338 3809 τῆς
2370 3739 2472 3810 γῆς
2510 3739 2671 3811 μέχρι
2719 3739 2813 3794 τοῦ
2849 3741 3113 3813 παρόντος
3157 3741 3369 3813 χρόνου.
3424 3742 3557 3796 Ἀπὸ
3598 3743 3716 3814 γὰρ

2118 3832 2308 3884 τούτου
2341 3831 2683 3902 γνωσόμεθα,
2721 3833 2803 3886 ὅτι
2832 3831 3062 3906 ἔστησεν
3082 3832 3223 3887 αὐτὰ.
3258 3831 3420 3904 λόγῳ.

2196 3941 2214 3974 ι
2243 3923 2334 3994 Μὴ
2383 3921 2899 3994 παρακαλύπτεσθε,
2943 3923 3078 3996 μηδέ
3125 3923 3419 3979 πλανᾶσθε.
3467 3927 3583 3979 Οὑκ
3610 3919 3713 3980 ἀπ’

2117 4015 2290 4086 ἀρχῆς
2323 4013 2685 4085 ήνωτίσασθε,
2717 4015 2812 4069 καὶ
2840 4016 3151 4087 ἀπήγγειλα
3204 4016 3372 4086 ὑμῖν;
3411 4016 3714 4088 Μάρτυρες

2117 4106 2274 4177 ὑμεῖς
2295 4107 2437 4169 ἐστε,
2473 4107 2521 4158 εἰ
2553 4105 2668 4160 ἐστι
2694 4105 2825 4170 Θεὸς
2857 4105 2997 4178 πλὴν
3022 4106 3176 4178 ἐμοῦ.
3198 4108 3308 4162 Καὶ
3336 4107 3437 4162 οὑκ
3460 4110 3716 4180 ήκουσαν

2114 4193 2236 4247 τότε
2261 4197 2310 4248 oi.
2328 4194 2657 4261 πλάσσοντες
2681 4196 2776 4249 καὶ
2807 4197 2857 4249 οἱ
2885 4197 3202 4267 γλύφοντες,
3229 4198 3430 4264 πάντες
3458 4201 3714 4271 μάταιοι,

2115 4285 2397 4349 ποιοῦντες
2427 4285 2495 4340 τά
2519 4286 2834 4358 καταθύμια
2869 4288 3072 4354 αὑτῶν,
3116 4289 3152 4344 ἃ.
3182 4291 3283 4344 οὑκ
3309 4291 3586 4364 ὠφελήσει
3610 4295 3714 4348 αὕη

2113 4376 2257 4441 τούς.
2305 4377 2442 4431 Ἀλλ’
2479 4379 2928 4450 αἰσχυνθήσονται
2973 4382 3024 4433 οἱ
3064 4381 3397 4446 πλάσσοντες
3418 4383 3575 4454 Θεὸν,
3611 4386 3710 4438 καὶ

440 4477 634 4520 omnes
663 4463 935 4520 inutilia.»
971 4465 1085 4522 Non
1115 4467 1184 4523 ab
1233 4469 1414 4535 initio,
1449 4469 1647 4541 inquit,
1673 4470 1746 4525 ita
1792 4470 1925 4537 fuit;
1959 4471 2012 4527 id

2127 4469 2408 4540 γλύφοντες
2437 4471 2636 4536 πάντες
2663 4471 2935 4544 ἀνωφελῆ.
2965 4491 2984 4526 ι
3019 4473 3132 4528 Οὑκ
3171 4474 3266 4528 ἀπ’
3291 4475 3490 4546 ἀρχῆς,
3543 4479 3706 4549 φησὶ,

439 4561 529 4611 est
589 4567 716 4611 ante
765 4556 950 4614 diluvii
1002 4567 1269 4630 tempora,
1307 4575 1429 4616 cum
1487 4563 1673 4616 animo
1704 4563 2007 4632 expertinm

437 4647 853 4704 simulacrorum
900 4649 1040 4706 fabri
1075 4652 1315 4708 nondum
1355 4663 1559 4710 essent.
1594 4654 1811 4724 Vosque
1845 4664 2011 4710 testes

438 4740 598 4804 estis,
645 4741 907 4805 nondum.
957 4741 1166 4799 scilicet
1195 4744 1348 4799 initio
1391 4745 1632 4801 mortalis
1664 4745 1810 4811 vitae,
1850 4745 2012 4800 exsti-

437 4831 570 4886 tisse
596 4831 923 4890 conllatores
949 4835 1362 4905 sculptoresque
1415 4837 1673 4902 deorum;
1708 4851 1834 4893 cum
1869 4836 2010 4892 scul-

434 4921 614 5019 pItoria
643 4921 965 4996 fabrilisque
994 4941 1088 4983 ars
1111 4927 1252 4996 apud
1289 4927 1536 4983 homines
1575 4927 1808 4982 nondum
1854 4942 2010 4998 repe-

435 5019 660 5066 rtretur.

508 5097 672 5157 Vens.
710 5102 893 5158 11-17.
925 5124 945 5156 ι
971 5104 1035 5160 Et
1077 5122 1266 5164 omnes
1290 5107 1429 5162 unde
1454 5107 1581 5162 facti
1625 5118 1750 5162 sunt
1776 5124 2006 5167 exarue—

434 5201 584 5257 runt,
603 5202 658 5249 et
689 5195 836 5250 surdi
882 5198 950 5253 ab
989 5198 1301 5254 hominibus
1349 5211 1746 5270 congregantur
1790 5215 2003 5266 omnes,

433 5293 491 5338 et
516 5294 664 5342 stent
684 5287 866 5357 simul,
894 5289 1301 5346 confundantur
1329 5302 1384 5346 et
1414 5293 1743 5348 erubescant
1797 5295 1956 5349 simul
1986 5312 2001 5348 :

430 5378 560 5448 quia
598 5381 746 5435 acuit
777 5381 932 5438 faber
975 5383 1181 5439 ferrum
1217 5403 1232 5440 :
1261 5385 1408 5439 ascia
1441 5395 1700 5454 operatus
1726 5394 1810 5440 est
1843 5385 2000 5451 illud,

397 5450 488 5560 ﬁet
514 5471 784 5526 terebrum
811 5475 1051 5530 admovit
1074 5476 1148 5541 ei,
1172 5450 1494 5546 etoperatus
1527 5485 1611 5530 est
1635 5474 1763 5530 illud
1793 5475 1845 5529 in
1875 5450 2002 5530 θνα-ζ

504 5603 619 5677 (39)
645 5604 764 5661 .lam
796 5605 850 5662 in
879 5607 1201 5663 Praslatione
1253 5609 1318 5662 ad
1346 5607 1565 5663 Eusebii
1599 5605 1999 5662 Commentario

432 5675 491 5731 in
519 5675 764 5731 ‘l’salmos
787 5678 1088 5747 perspicuis
1131 5678 1394 5747 exemplis
1426 5679 1995 5742 commonstravimns,

431 5762 618 5804 vocem
652 5747 793 5814 βίος
818 5745 1126 5819 frequenter
1179 5749 1248 5806 ab
1292 5745 1542 5804 Eusebio
1593 5749 1843 5819 usurpari
1904 5763 2004 5819 pro

2116 4560 2361 4614 τουτέστι
2391 4561 2497 4632 πρὸ
2518 4561 2626 4616 τῶν
2655 4561 2748 4616 τοῦ
2779 4563 3164 4636 κατακλυσμοῦ
3193 4565 3420 4637 χρόνων,
3455 4567 3579 4621 καθ’
3609 4568 3709 4634 οὓς

2118 4653 2237 4706 οὑδὲ
2261 4654 2310 4707 οἱ
2364 4654 2471 4708 τῶν
2499 4655 2722 4727 ἀψύχων
2779 4656 2979 4722 ξοάνων
3003 4658 3250 4723 τέκτονες
3294 4643 3560 4733 ὑπῆρχον.
3592 4663 3708 4719 Καὶ

2115 4739 2320 4794 τούτων
2346 4742 2502 4814 ὑμεῖς
2534 4745 2829 4816 μάρτυρες,
2852 4747 2928 4808 ὠς
2959 4747 3061 4800 οὐκ
3086 4742 3227 4819 ἦσαν
3274 4749 3416 4817 τότε,
3461 4751 3610 4822 λέγω
3637 4753 3705 4826 δὴ

2118 4833 2258 4887 κατὰ
2290 4834 2388 4898 τὰς
2419 4835 2594 4907 ἀρχὰς
2626 4838 2724 4907 τῆς
2760 4837 2854 4891 τοῦ
2892 4838 3088 4910 θνητοῦ
3125 4841 3242 4911 βίου
3271 4843 3609 4912 συστάσεως,
3651 4848 3704 4900 οἱ

2115 4922 2443 4988 πλάσσοντες
2472 4926 2566 4979 καὶ
2597 4927 2891 4998 γλύφοντες
2941 4930 3118 4998 θεοὺς,
3166 4931 3320 4990 οὔπω
3368 4934 3703 5010 γλυπτικῆς,

2115 5015 2236 5069 οὐδὲ
2265 5017 2566 5088 πλαστικῆς
2597 5019 2790 5093 τέχνης
2821 5023 2880 5076 ἐν
2925 5021 3234 5095 ἀνθρώποις
3277 5026 3700 5101 εὑρισκομένης.

2189 5126 2208 5158 ι
2226 5109 2337 5162 Καὶ
2367 5109 2567 5175 πάντες
2607 5111 2728 5166 ὃθεν
2759 5113 3005 5183 ἐγένοντο
3033 5115 3426 5189 ἐξηράνθησαν.
3458 5123 3556 5174 καὶ
3593 5139 3705 5177 κω-

2113 5202 2204 5270 φοὶ
2235 5202 2342 5256 ἀπο
2365 5202 2663 5275 ἀνθρώπων
2686 5205 3107 5279 συναχθήτωσαν
3133 5209 3352 5276 πάντες,
3376 5212 3472 5265 καὶ
3502 5215 3707 5287 στησά-

2108 5309 2286 5347 τωσαν
2317 5293 2452 5364 ἅμα.
2499 5295 2594 5348 καὶ
2635 5297 3080 5369 ἐντραπήτωσαν,
3123 5303 3216 5353 καὶ
3248 5303 3704 5376 αἰσχυνθήτωσαν

2111 5386 2226 5455 ἅμα
2249 5402 2261 5415 ³
2293 5385 2374 5438 ὅτι
2401 5385 2570 5453 ῶξυνε
2601 5387 2808 5443 τέκτων
2842 5389 3078 5462 σίδηρον,
3118 5394 3408 5465 σκεπάρνῳ
3437 5397 3704 5466 είργάσαρ

2109 5495 2171 5532 το
2200 5479 2351 5546 αὑτὸ,
2386 5481 2479 5534 καὶ
2511 5482 2569 5534 ἐν
2591 5481 2827 5549 τερέτρῳ
2859 5482 3086 5554 ἔστησεν
3123 5485 3276 5547 αὑτὸ,
3310 5486 3405 5538 καὶ
3441 5488 3704 5560 εἰργάσα-

2106 5609 2336 5676 mundo,
2371 5615 2488 5667 sive
2515 5627 2614 5680 pro
2648 5611 2959 5667 hominibus
3007 5614 3112 5669 hoc
3143 5615 3196 5669 in
3229 5617 3432 5672 mundo
3463 5633 3703 5675 versan—

2108 5681 2252 5760 tibus
2277 5698 2290 5735 :
2314 5689 2370 5760 et
2401 5685 2483 5737 sic
2515 5683 2794 5760 intelligas
2817 5692 3034 5760 oportet
3056 5687 3182 5760 _'ho_c
3208 5685 3328 5760 loco
3354 5688 3531 5760 ἐντῷ
3567 5689 3698 5760 βίῳ,

2109 5753 2322 5810 scilicet
2351 5753 2404 5808 in
2429 5753 2648 5822 mundo,
2685 5769 2750 5810 ac
2782 5754 3026 5812 homines
3053 5755 3107 5811 in
3137 5756 3237 5813 hac
3259 5757 3368 5812 vita
3401 5753 3699 5831 degentes;
