3880 6216
408 268 515 326 607
1078 264 1348 323 EUSEBII
1387 266 1868 326 CA‘ZSARlENSlS
1903 271 2053 327 OPP.
2093 271 2273 327 PARS
2312 270 2399 326 Ill.
2441 301 2512 312 --
2549 269 2950 328 EXEGETICA.
3567 275 3678 330 408

411 387 639 442 verbis:
673 403 694 440 ι
731 384 1163 457 Supermdiﬁcati
1195 403 1355 457 super
1401 387 1812 444 fundamentum
1862 407 1993 461 apo~

2121 399 2294 448 ἰασκεν
2317 394 2345 446 6
2375 393 2693 457 ’Δπόστολος
2717 395 2892 465 φήσας
2914 412 2927 425 ·
2964 414 2981 446 ι
3007 395 3558 467 Ἑποικοδομηθέντες
3586 399 3682 450 ἐπὶ

412 479 674 534 stolorum
704 488 758 534 et
786 481 1166 548 prophetarum
1247 480 1316 510 ⁷⁷·
1397 479 1651 536 Clamate
1718 489 1984 546 mont-s,

2121 485 2162 555 ᾦ
2185 485 2419 556 θεμελίῳ
2456 485 2563 538 τῶν
2595 485 2908 540 ἀποστόλων
2955 487 3050 540 καὶ
3076 487 3386 558 προφητῶν.
3415 489 3680 558 Βοήσατε,

403 569 671 628 laetitiam.
706 591 725 624 ι
762 571 824 625 Hi
883 571 1136 626 similiter
1187 571 1353 626 Deum
1401 572 1694 638 celebrent,
1743 574 1812 630 de
1849 589 1986 644 pra:-

2121 593 2183 649 ρη
2193 576 2572 649 ,εὐφροσύνηψ
2588 597 2606 629 ›
2627 578 2855 648 Ὁμοίως
2873 577 3242 644 δοξαζέτωσαν
3255 578 3347 632 τὸν
3361 579 3493 632 Θεὸν
3507 581 3603 632 ἐπὶ
3615 584 3684 651 τῇ

412 666 682 718 (lictorum
738 666 1053 734 pmnitentia
1089 675 1146 720 et
1173 665 1369 720 salute.
1405 665 1510 720 Per
1557 675 1768 720 montes
1816 681 1947 721 vero
1969 707 1986 732 ,

2129 669 2205 722 ῶν
2240 671 2550 742 εἰρημένων
2591 669 2850 741 μετανοίᾳ
2879 687 2940 722 τε
2979 671 3072 724 καί⁵
3110 671 3372 744 σωτηρίᾳ.
3403 675 3545 744 Ἥρη
3586 673 3686 742 μὲν

413 759 588 813 elatas
637 769 694 813 et
747 759 1008 814 sublimes
1064 759 1275 813 animas
1319 757 1670 824 subindicat;
1728 772 1824 829 per
1875 760 1989 813 col-

2121 759 2195 823 τὰς
2240 760 2558 830 ἐπηρμένας
2591 761 2682 813 καὶ
2720 759 3026 831 μετεώρους
3058 762 3236 832 ψυχὰς
3265 763 3646 833 αἰνιττόμενος
3668 779 3682 791 ⁸

415 851 496 905 les
541 866 766 916 autem,
819 866 913 906 eas
943 865 1066 920 quae
1118 849 1378 906 mediocri
1427 849 1482 905 in
1515 857 1658 904 statu
1687 860 1849 916 sunt;
1897 866 1993 921 per

2121 855 2320 916 louvob;
2351 852 2409 906 δέ
2463 853 2563 916 τὰς
2606 851 2814 906 τούτων
2872 855 3249 926 μετριωτέρας
3274 873 3288 886 ο
3335 855 3463 920 ξύλα
3490 855 3548 908 δέ
3585 854 3688 918 τὰς

415 942 558 1011 ligna
587 985 602 1008 ,
637 943 968 998 fructiferas.
1022 943 1089 998 Et
1117 943 1251 998 alias
1282 943 1536 998 universo
1580 942 1802 1005 mundo,
1849 943 1992 1013 ejus-

417 1053 524 1106 que
559 1038 804 1108 partibus
848 1037 1012 1090 Deum
1047 1035 1334 1095 celebrare
1381 1035 1667 1106 praecipit,
1705 1035 1991 1105 adjiciens,

422 1147 443 1179 ε
485 1129 623 1195 Quia
662 1128 894 1184 redemit
941 1128 1084 1183 Deus
1125 1125 1296 1184 Jacnb
1322 1165 1338 1191 ,
1370 1136 1426 1182 et
1468 1126 1633 1182 lsrael
1665 1127 1996 1198 glorificabi-

421 1230 534 1276 tur.
581 1240 600 1274 ι

493 1312 660 1368 Vens.
691 1313 784 1368 24.
823 1331 842 1365 t
884 1312 977 1368 Sic
1003 1311 1135 1367 dicit
1165 1312 1452 1377 Dominus,
1481 1313 1572 1382 qui
1603 1312 1831 1368 redemit
1861 1321 1914 1367 te
1941 1322 2000 1367 et

424 1405 683 1461 formavit
711 1423 778 1464 ex
818 1418 992 1470 utero.
1029 1425 1050 1460 ι
1084 1406 1377 1477 Postquam
1402 1407 1655 1478 superius
1683 1406 2002 1462 idololatriae

425 1497 854 1554 confutationem
907 1499 1234 1565 adornavit,
1287 1499 1394 1564 iis,
1433 1499 1526 1570 qui
1575 1514 1643 1556 ex
1688 1499 2004 1570 prophetica

425 1588 718 1658 disciplina
768 1587 1004 1644 fructum
1039 1599 1396 1660 perceperant
1423 1631 1437 1656 ,
1466 1599 1528 1646 ut
1558 1593 1648 1662 qui
1695 1589 1808 1662 jam
1837 1590 2006 1647 idolo-

426 1677 604 1732 latriae
632 1679 792 1734 ﬁnem
830 1677 1125 1747 fecissent,
1167 1681 1436 1750 promissa
1462 1679 1654 1749 effert;
1686 1696 1883 1752 nempe
1913 1697 2004 1736 re-

2098 944 2502 1016 καρποφόρους.
2531 945 2641 998 Καὶ
2679 944 2854 1008 ἄλλως
2891 945 2948 998 δέ
2991 947 3168 1000 πάντα
3202 946 3293 1000 τὺν
3336 947 3541 1018 κόσμον
3585 948 3687 1000 καὶ

2095 1035 2165 1088 τὰ
2191 1034 2382 1088 τούτου
2412 1035 2551 1107 μέρη
2579 1036 2670 1089 τὸν
2696 1035 2829 1090 Θεὸν
2867 1038 3056 1107 ὑμνεῖν
3092 1041 3445 1110 προστάττει,
3489 1041 3681 1094 ἐπιλέ-

2097 1143 2241 1194 γων·
2272 1143 2290 1176 ι
2331 1127 2453 1179 ’Ότι
2503 1125 2847 1199 ἐλυτρώσατο
2897 1129 2927 1180 6
2972 1129 3106 1194 Θεὸς
3167 1130 3260 1183 τὸν
3329 1130 3543 1194 Ἰακὼϐ,
3588 1132 3689 1184 καὶ

2111 1215 2328 1288 Ἰσραὴλ
2360 1215 2767 1288 δοξασθήσεται.

2176 1327 2195 1360 ι
2225 1306 2380 1362 Οὕτω
2403 1307 2548 1377 λέγει
2579 1310 2782 1382 Κύριος
2801 1313 2829 1363 6
2857 1311 3226 1382 λυτρούμενός
3259 1330 3341 1378 σε,
3372 1315 3465 1368 καὶ
3515 1314 3693 1370 πλασ-

2104 1415 2214 1452 σων
2257 1415 2316 1452 σε
2355 1399 2421 1452 ἐκ
2446 1399 2671 1464 κοιλίας.
2711 1419 2730 1453 ι
2771 1402 3032 1474 Ἔλεγχον
3075 1403 3518 1478 εἰδωλολατρείας
3551 1423 3694 1479 προ--

2103 1490 2396 1562 εκθέμενος
2428 1493 2457 1546 6
2480 1492 2636 1561 λόγος
2669 1493 2758 1547 διὰ
2780 1493 2890 1548 τῶν
2920 1498 3315 1568 προκειμένων,
3338 1499 3414 1562 ὡς
3442 1499 3508 1553 ἂν
3543 1517 3692 1553 παυο

2109 1582 2368 1653 σαμένοις
2414 1583 2514 1654 τῆς
2560 1584 3027 1658 εἰδωλολατρείας,
3074 1592 3189 1653 τοῖς
3223 1589 3596 1662 ώφελημένοις
3627 1593 3700 1646 ἐκ

2107 1674 2206 1745 τῆς
2251 1675 2596 1745 προφητικῆς
2632 1676 3004 1742 διδασκαλίας,
3051 1680 3385 1750 ἐπαγγελίας
3433 1685 3695 1744 ποιεῖται,

427 1771 598 1825 ditum
632 1785 700 1826 ex
732 1771 1048 1840 captivitate
1096 1744 1411 1844 Babylonis.
1449 1772 1585 1839 Quia
1620 1744 1764 1828 enim
1791 1744 1861 1828 ob
1890 1774 2006 1829 ido-

2121 1744 2372 1820 ὲπάνοδον
2401 1766 2502 1836 τῆς
2673 1768 2992 1834 Βαϐυλῶνος
3029 1744 3428 1843 αἰχμαλωσίας.
3475 1775 3698 1846 Ἐπειδὴ

428 1862 698 1918 lolatriam
732 1861 1045 1935 Babyloniis
1081 1864 1264 1918 traditi
1293 1864 1538 1931 fuerant;
1560 1865 1787 1935 ipsaque
1813 1865 2007 1922 Hiero-

429 1953 637 2024 solyma
662 1953 734 2008 ob
759 1953 960 2009 civium
992 1969 1214 2008 suorum
1246 1969 1414 2010 ausus
1443 1995 1459 2020 ,
1495 1955 1843 2028 Assyriorum
1868 1968 2007 2012 tem-

430 2061 566 2116 pore
591 2047 812 2102 obsessa
839 2084 856 2110 ,
885 2059 951 2100 ac
992 2044 1237 2100 funditus
1269 2045 1442 2101 deleta
1485 2045 1696 2115 fuerat;
1731 2048 1856 2103 talia
1887 2064 2008 2119 per-

429 2140 648 2210 pessis,
701 2139 747 2194 si
795 2147 977 2193 tamen
1013 2152 1200 2192 errare
1251 2137 1546 2208 desinant,
1596 2142 1936 2210 ereptionem
1977 2157 2005 2193 a

432 2230 593 2284 malis
627 2229 980 2284 vaticinatur.
1018 2229 1145 2284 Haec
1171 2243 1334 2298 porro
1370 2228 1495 2300 Cyri
1523 2231 1684 2300 primi
1719 2229 2006 2286 Persarum

432 2321 578 2392 regis
607 2321 940 2392 temporibus
968 2320 1235 2391 completa
1265 2330 1410 2376 sunt.
1449 2320 1838 2387 Quamobrem,
1863 2322 2006 2390 quod

432 2411 732 2482 permirum
764 2425 897 2466 sane
923 2419 1027 2475 est,
1059 2410 1240 2481 ipsum
1274 2408 1473 2480 Cyrum
1525 2410 1845 2466 nominatim
1895 2425 2012 2467 me-

432 2515 652 2572 morat,
702 2504 793 2574 qui
829 2512 1011 2559 tamen
1058 2503 1310 2561 ducentis
1342 2503 1564 2562 circiter
1615 2511 1802 2574 postea
1853 2504 2011 2558 annis

433 2595 581 2664 fuit,
616 2611 679 2652 ac
723 2595 1007 2651 Judaicum
1062 2595 1322 2666 populum
1369 2610 1400 2650 a
1447 2594 1765 2666 captivitate
1813 2594 2014 2650 libera-

430 2691 532 2757 vit,
571 2685 1518 2760 templumque-llicrosolymiIanum
1566 2687 1860 2742 restaurari
1901 2686 2014 2741 ius-

431 2782 524 2838 sit.

510 2977 531 3011 ι
566 2960 677 3030 Ego
705 2959 987 3023 Dominus,
1019 2957 1110 3026 qui
1140 2954 1364 3026 perﬁcio
1383 2956 1565 3011 omnia
1601 2973 1616 3009 :
1650 2954 1870 3010 extendi
1902 2969 2015 3010 ca:-

2108 1851 2220 1924 γὰρ
2252 1853 2762 1926 εἰδωλολατροῦντες
2785 1859 2897 1922 τοῖς
2913 1858 3274 1924 Βαϐυλωνίοις
3292 1862 3696 1935 παρεδόθησαν,

2109 1944 2248 2016 αὐτή
2294 1962 2355 1998 τε
2401 1947 2434 2018 ἡ
2493 1946 2848 2020 Ἰερουσαλὴμ
2897 1949 3213 2022 πολιορκίαν
3264 1953 3542 2025 ὑπέμεινε,
3583 1959 3699 2010 «at

2110 2036 2350 2107 παντελῆ
2371 2039 2754 2110 καταστροφὴν
2787 2042 2928 2095 κατὰ
2960 2044 3086 2106 τοὺς
3121 2045 3417 2116 Ἀσσυρίων
3446 2049 3698 2118 χρόνους,

2110 2127 2200 2182 διὰ
2233 2129 2302 2183 τὰ
2333 2131 2390 2184 έν
2422 2131 2559 2202 αὐτῇ
2589 2132 2964 2204 τετολμημένα
2991 2138 3104 2200 τοῖς
3130 2139 3425 2209 οἰκήτορσιο
3449 2138 3702 2206 θεσπίζει

2111 2221 2338 2275 τοιαῦτα
2366 2222 2692 2276 πεπονθόσιν
2723 2223 3037 2296 ἐλευθερίαν
3079 2228 3284 2290 κακῶν,
3313 2231 3361 2282 εἰ
3398 2230 3703 2285 παύσαιντο

2110 2311 2208 2383 τῆς
2236 2313 2465 2385 πλάνης.
2516 2315 2849 2387 Ἐπληροῦτο
2879 2317 2936 2371 δὲ
2963 2317 3136 2371 ταῦτα
3165 2321 3307 2374 κατὰ
3335 2323 3460 2385 τοὺς
3509 2321 3699 2394 Κύρου

2109 2402 2204 2456 τοῦ
2237 2403 2452 2475 πρώτου
2485 2406 2713 2476 Περσῶν
2743 2406 3163 2477 βασιλεύσαντος
3201 2411 3446 2483 χρόνους.
3495 2414 3703 2484 Διόπερ

2109 2495 2208 2570 καὶ
2229 2495 2394 2548 αὐτοῦ
2420 2496 2694 2569 μέμνηται
2725 2499 2987 2570 ὀνομαστί
3015 2500 3106 2553 τοῦ
3127 2501 3310 2572 Κύρου
3337 2503 3539 2575 σφόδρα
3563 2504 3700 2557 θαυ-

2117 2589 2348 2658 μασίως,
2385 2589 2552 2658 ἐγγύς
2578 2608 2678 2644 που
2710 2591 3005 2657 διακοσίοις
3027 2593 3253 2667 ὕστερον
3291 2595 3435 2648 ἔτεσι
3472 2596 3704 2667 γενομέ-

2115 2697 2228 2744 νου,
2271 2682 2363 2734 καὶ
2401 2681 2500 2752 τῆς
2546 2684 2923 2752 αἰχμαλωσίας
2957 2685 3422 2757 ἐλευθερώσαντος
3461 2688 3552 2741 τὸν
3591 2687 3703 2740 τῶν

2131 2771 2400 2824 Ἰουδαίων
2424 2771 2574 2834 λαὸν,
2606 2774 2696 2828 τόν
2725 2792 2786 2828 τε
2820 2775 2955 2831 νεὼν
2991 2777 3391 2849 προστάξαντος
3413 2779 3504 2832 τὸν
3546 2779 3606 2832 ἐν
3632 2782 3700 2851 τῇ

2128 2862 2482 2934 Ἰερουσαλὴμ
2507 2864 2829 2938 ἀνεγείρειν.

2192 2973 2210 3004 ι
2265 2953 2406 3024 Ἐγὼ
2455 2955 2660 3027 Κύριος
2703 2960 2731 3011 6
2778 2958 3046 3012 συντελῶν
3075 2959 3298 3023 πάντα,
3326 2958 3566 3023 ἐξέτεινα
3610 2961 3704 3012 τὸν

437 3052 546 3104 lum
578 3053 727 3105 solus
750 3089 767 3115 ,
813 3059 870 3105 et
917 3050 1126 3102 firmavi
1155 3058 1380 3102 terram.
1418 3065 1439 3100 ι
1470 3047 1610 3101 Nam
1651 3065 1671 3099 ε
1703 3046 1886 3100 omnia
1919 3060 2012 3115 per

2121 3046 2343 3116 οὐρανὸν
2374 3047 2551 3122 μόνος,
2587 3049 2681 3102 καὶ
2713 3048 3026 3121 ὲστερέωσα
3049 3050 3148 3120 τὴν
3177 3050 3301 3120 γῆν.
3337 3049 3520 3104 Πάντα
3547 3069 3568 3102 ι
3592 3049 3702 3122 γὰρ

436 3143 613 3209 ipsum
643 3139 782 3194 facta
819 3149 967 3204 sunt,
1000 3151 1056 3194 et
1081 3139 1199 3194 sine
1230 3139 1348 3205 ipso
1383 3137 1592 3192 factum
1621 3145 1706 3192 est
1729 3136 1865 3192 nihil
1895 3137 1962 3189 ⁷⁸.
1989 3155 2008 3188 ι

2122 3155 2141 3188 ε
2164 3137 2232 3190 δι’
2266 3136 2430 3192 αὐτοῦ
2462 3138 2712 3206 ἐγένετο,
2742 3141 2837 3194 καὶ
2855 3141 3026 3211 χωρὶς
3065 3139 3229 3194 αὑτοῦ
3269 3140 3484 3210 ἐγένετο
3523 3140 3701 3194 οὐδέν.

437 3231 697 3287 Extendit
723 3244 853 3286 vero
885 3228 1084 3286 ccelum
1112 3229 1284 3293 solus,
1320 3237 1376 3283 et
1407 3237 1542 3282 nutu
1573 3228 1748 3283 Patris
1781 3228 2016 3282 ﬁrmavit

435 3335 673 3388 terram;
717 3339 736 3373 c
792 3320 908 3392 Ipse
961 3320 1160 3390 quippe
1190 3318 1368 3380 dixit,
1413 3326 1470 3371 et
1516 3316 1660 3372 facta
1687 3326 1848 3380 sunt;
1901 3316 2016 3385 ipse

436 3415 736 3477 mandavit,
767 3421 824 3468 et
861 3421 1045 3466 creata
1081 3419 1226 3466 sunt.
1267 3427 1287 3461 ι
1323 3407 1492 3463 Terra
1531 3407 1718 3478 igitur,
1769 3407 1924 3462 ﬁrma
1962 3418 2017 3464 et

435 3503 610 3561 solida
641 3517 766 3558 cum
792 3502 866 3557 sit
892 3542 908 3565 ,
962 3511 1020 3556 ut
1070 3499 1293 3554 fundata
1331 3508 1416 3554 est
1462 3501 1686 3554 immota
1728 3513 1825 3568 per
1855 3513 2018 3554 omne

437 3593 722 3661 saeculum;
751 3595 831 3651 sic
859 3593 1070 3647 ﬁrmata
1101 3605 1228 3647 esse
1259 3592 1458 3647 dicitur
1489 3609 1504 3644 :
1535 3592 1730 3646 caelum
1756 3604 1908 3656 vero,
1932 3599 2018 3642 ut-

437 3696 563 3758 pote
584 3701 928 3756 expansum,
963 3684 1182 3738 omnino
1212 3692 1494 3738 extensum
1547 3681 1719 3736 fuisse
1772 3680 2022 3736 declara-

437 3790 569 3836 tur:
603 3760 937 3848 quapmpter
969 3775 1096 3830 alibi
1133 3774 1359 3840 dicitur,
1397 3793 1414 3825 ‹
1472 3773 1574 3841 Qui
1615 3773 1862 3828 extendit
1906 3788 2020 3829 coe-

439 3873 548 3927 lum
588 3873 730 3928 sicut
781 3870 976 3940 pellem
1006 3869 1076 3924 ".
1133 3887 1154 3921 ›
1203 3867 1461 3936 Quantam
1506 3882 1668 3937 porro
1699 3868 1846 3933 sint,
1897 3882 2020 3937 qua:

437 3974 622 4020 tantus
643 3964 732 4019 ille
757 3965 1016 4018 Dominus
1041 3963 1220 4025 docet,
1243 3962 1471 4016 subinde
1496 3961 1657 4015 infert
1679 3961 1763 4014 his
1791 3961 1971 4017 verbis
2001 3977 2014 4012 :

510 4055 677 4112 Vens.
709 4056 803 4122 25,
836 4055 930 4110 28.
974 4072 992 4106 α
1029 4053 1165 4120 Quis
1193 4053 1332 4108 alius
1357 4053 1647 4123 dissipabit
1675 4053 1827 4121 signa
1853 4067 2020 4122 enga-

438 4147 850 4218 s:rimythorum
875 4185 894 4211 ,
939 4155 995 4200 et
1027 4145 1394 4200 divinationes
1440 4159 1471 4198 a
1508 4144 1718 4200 corde?
1764 4153 2019 4199 avertens

2129 3229 2390 3296 Ἐξέτεινε
2419 3229 2477 3282 δὲ
2497 3231 2586 3284 τὸν
2610 3231 2834 3301 οὐρανὸν
2865 3232 3044 3302 μόνος,
3073 3233 3165 3285 καὶ
3189 3233 3442 3304 ἐστερέου
3469 3231 3570 3304 τὴν
3600 3234 3706 3304 γῆν

2118 3319 2282 3392 βουλῇ
2304 3320 2398 3374 τοῦ
2423 3321 2635 3394 Πατρός
2658 3339 2672 3352 ·
2711 3342 2729 3373 ί
2762 3323 2936 3386 Αὐτὸς
2967 3343 2984 3374 δ
3012 3323 3120 3395 γὰρ
3146 3342 3165 3374 ι
3213 3319 3358 3388 εἰπε,
3387 3325 3480 3378 καὶ
3513 3326 3708 3394 ἐγενή-

2117 3413 2288 3483 θησαν
2303 3431 2316 3444 ·
2347 3413 2509 3478 αὐτὸς
2531 3415 2850 3479 ἐνετεξλατο,
2871 3417 2965 3470 καὶ
2983 3416 3328 3488 ἐκτίσθησαν.
3346 3433 3366 3468 ι
3403 3415 3468 3470 Ἦ
3489 3416 3590 3488 μὲν
3612 3413 3708 3470 οὖν

2117 3505 2212 3575 γῆ,
2247 3504 2419 3577 ναστὴ
2458 3500 2592 3560 οὖσα
2617 3508 2714 3560 καὶ
2754 3507 3092 3578 στερέμνιος,
3128 3508 3205 3572 ώς
3233 3505 3476 3579 ὴδράσθη
3514 3508 3708 3578 ἀκίνη-

2118 3615 2210 3661 τος
2241 3598 2333 3651 τὸν
2370 3597 2664 3669 σύμπαντα
2700 3599 2895 3663 αἰῶνα,
2931 3604 3029 3653 καὶ
3052 3599 3417 3672 ἐστερεῶσθαι
3446 3598 3671 3668 λέγεται
3691 3618 3705 3630 ο

2117 3689 2146 3741 ὁ
2172 3687 2500 3760 δὲοὺρανδς,
2541 3689 2637 3743 ἆτε
2677 3689 3082 3762 ἐξηπλωμένος,
3121 3691 3298 3744 διόλου
3338 3690 3670 3744 ἐκτετάσθαι
3693 3708 3706 3722 ο

2117 3780 2198 3833 διὸ
2237 3781 2332 3834 καί⁵
2375 3783 2432 3835 ἐν
2487 3781 2697 3852 ἑτέροις
2735 3782 2986 3853 εἴρηταιο
3033 3801 3052 3834 t
3105 3784 3163 3838 '0
3202 3785 3450 3848 ἐκτείνας
3483 3783 3577 3836 τὸν
3614 3784 3711 3836 οὐ-

2122 3872 2281 3942 ρανὸν
2311 3873 2445 3926 ώσεί.
2475 3873 2682 3946 δέρριν.
2720 3893 2738 3924 ι
2785 3873 2918 3928 Τίνα
2944 3875 3002 3928 δέ
3031 3877 3181 3928 ἐστιν
3215 3877 3358 3947 ἆπερ
3383 3878 3413 3929 ό
3448 3876 3712 3940 τοσοῦτος

2117 3965 2359 4020 διδάσκει
2384 3965 2610 4040 Κύριος,
2649 3967 2775 4038 ἑξῆς
2802 3969 3055 4039 ἐπιφέρει
3095 3968 3270 4038 λέγων
3293 3987 3307 4000 ·

2195 4074 2214 4108 ‹
2233 4057 2328 4120 Τίς
2341 4056 2428 4110 ἐτε
2437 4073 2528 4128 ρος
2545 4057 2887 4112 διασκεδάσει
2908 4061 3106 4130 σημεῖα
3125 4058 3604 4131 ἐγγαστριμύθων,
3619 4062 3712 4113 καί⁵

2122 4147 2381 4220 μαντείας
2403 4148 2512 4201 ἀπὸ
2529 4149 2754 4220 καρδίας
2780 4150 3175 4221 ;ἁποστρέφων
3209 4151 3502 4223 φρονίμους
3529 4153 3614 4212 εἰς
3642 4151 3712 4204 τὰ

439 4241 733 4311 prudentes
769 4246 1066 4294 retrorsum
1093 4277 1111 4301 ,
1143 4247 1200 4292 et
1229 4237 1519 4294 consilium
1552 4252 1743 4292 eorum
1792 4237 2012 4292 stultum

2121 4239 2314 4306 ὀπίσω,
2338 4240 2434 4294 καί⁹
2461 4241 2562 4312 τὴν
2586 4239 2782 4312 βουλὴν
2826 4240 3006 4295 αὐτῶν
3058 4242 3367 4312 μωραίνων,
3409 4241 3504 4294 καὶ
3543 4241 3712 4294 ἰστῶν

440 4334 671 4400 faciens,
698 4340 754 4388 et
781 4341 1028 4388 statuens
1051 4331 1274 4386 verbum
1303 4330 1456 4399 pueri
1487 4329 1572 4385 sui
1596 4369 1610 4394 ,
1645 4338 1699 4384 et
1727 4329 2012 4384 consilium

2122 4330 2272 4400 ῥῆμα
2295 4329 2482 4394 παιδὸς
2497 4329 2684 4398 αὑτοῦ,
2715 4331 2810 4384 καὶ
2827 4331 2926 4402 τὴν
2944 4331 3138 4403 βουλὴν
3160 4331 3268 4384 τῶν
3278 4331 3524 4400 ἀγγέλων
3540 4331 3712 4385 αὐτοῦ

437 4426 756 4497 angelorum
795 4424 916 4495 ejus
959 4439 1147 4479 verum
1173 4423 1382 4479 faciens
1406 4463 1422 4489 ,
1456 4422 1645 4477 dicens
1671 4419 1972 4476 Jerusalem
1997 4460 2012 4483 ,

2121 4422 2428 4493 ἀληθεύων·
2468 4423 2498 4475 ό
2529 4421 2702 4492 λέγων
2739 4425 2805 4494 τῇ
2847 4422 3242 4494 Ἰερουσαλὴμ,
3266 4425 3664 4496 Κατοικηθήσῃ
3688 4468 3704 4492 ,

438 4517 808 4581 Habitaberis,
835 4525 891 4572 et
923 4516 1152 4571 urbibus
1179 4516 1443 4581 ldumaaaa,
1481 4514 1934 4578 Ediﬁcabimini,
1963 4523 2018 4566 et

378 4606 382 4610 ’
435 4613 654 4668 deserta
686 4609 808 4678 ejus
839 4608 1227 4690 germinabunt
1253 4625 1267 4662 :
1302 4609 1489 4663 dicens
1519 4608 1715 4677 abysso
1739 4646 1754 4670 ,
1790 4607 2016 4661 Desola-

439 4705 588 4760 beris
611 4744 626 4768 ,
657 4712 714 4758 et
741 4702 962 4756 ﬁumina
997 4712 1085 4755 tua
1123 4701 1420 4756 arefaciam
1458 4717 1472 4755 :
1507 4701 1697 4754 dicens
1727 4699 1870 4770 Cyro
1894 4738 1910 4764 ,
1961 4708 2020 4752 ut

437 4799 636 4868 sapiat.
663 4807 928 4852 etomnes
953 4795 1262 4849 voluntates
1292 4807 1440 4848 meas
1474 4791 1675 4847 faciet:
1705 4790 1893 4845 dicens
1921 4789 2017 4846 Je-

440 4887 678 4944 rusalem
706 4928 724 4955 ,
753 4884 1144 4941 Aﬁdiﬁcaberis
1165 4927 1182 4953 ,
1207 4895 1263 4940 et
1291 4885 1512 4940 domum
1561 4892 1810 4938 sanctam
1837 4897 2014 4936 meam

437 4979 706 5037 fundabo.
772 4999 791 5033 ι
848 4979 975 5034 Haec
1009 4979 1176 5048 igitur
1205 4978 1277 5032 ita
1305 4976 1636 5032 constituam
1665 4992 1678 5028 :
1711 4975 1863 5044 pueri
1890 4989 2022 5028 vero

439 5075 548 5128 mei
575 5072 762 5129 dilecti
794 5081 850 5126 et
874 5072 1062 5136 electi,
1088 5070 1293 5126 Christi
1329 5069 1454 5124 dico
1480 5069 1608 5135 mei,
1638 5067 1704 5122 de
1723 5083 1832 5130 quo
1862 5081 2024 5136 snpe-

441 5165 555 5219 rius
604 5161 1013 5234 quamplurima
1069 5163 1218 5217 dicta
1269 5171 1442 5226 sunt,
1489 5161 1656 5213 verba
1707 5158 2018 5224 stabiliam;

442 5272 652 5312 necnon
678 5255 994 5323 angelorum
1019 5253 1160 5322 ejus,
1197 5253 1407 5310 scilicet
1428 5251 1828 5324 apostolorum,
1857 5251 2024 5306 disci-

440 5347 688 5417 pulormn
718 5358 774 5401 et
812 5346 1280 5417 evangelistarum
1326 5346 1555 5401 consilia
1587 5360 1714 5400 vera
1749 5359 1872 5400 esse
1898 5360 2023 5415 pro-

441 5441 670 5493 curabo.
700 5439 811 5509 Ego
849 5454 1002 5505 vero,
1034 5439 1127 5509 qui
1159 5440 1272 5494 haec
1299 5439 1547 5494 editurus
1575 5453 1720 5505 sum,
1753 5437 1867 5507 jam
1895 5437 2022 5492 hinc

441 5531 678 5601 praalico
705 5539 758 5582 ct
781 5530 1041 5600 polliceor
1058 5546 1144 5586 me
1161 5529 1614 5602 Hierosolymam,
1633 5537 1754 5600 post
1785 5533 2020 5597 primum

515 5712 560 5744 "
591 5711 788 5778 l'lplies.
821 5727 882 5781 ιι,
911 5712 1001 5768 20.
1079 5712 1126 5744 ⁷⁸
1161 5709 1319 5769 Joan.
1354 5728 1391 5777 ι,
1426 5712 1479 5767 ὅ.
1559 5711 1605 5743 ⁷³
1634 5709 1778 5766 Ρδδί.
1815 5722 1940 5775 cm,
1965 5709 2022 5765 ἓν..

2125 4515 2220 4567 καὶ
2260 4517 2379 4578 ταῖς
2445 4515 2633 4568 πόλεσι
2665 4515 2765 4586 τῆς
2807 4514 3132 4586 Ἰδουμαίας,
3166 4515 3712 4586 Οἱκοδομηθήσεσθε,

2125 4608 2220 4660 καὶ
2250 4606 2319 4660 τὰ
2358 4607 2539 4679 ἔρημα
2570 4607 2742 4676 αὐτῆς
2787 4608 3036 4660 ἀνατελεῖ
3057 4625 3071 4638 ν
3101 4609 3129 4660 ό
3155 4606 3329 4675 λέγων
3358 4609 3424 4678 τῇ
3458 4607 3712 4678 ἀϐύσσῳ,

2136 4698 2520 4770 Ἐρημωθήσῃ,
2544 4697 2637 4751 καὶ
2664 4699 2790 4762 τοὺς
2805 4699 3083 4769 ποταμούς
3109 4716 3202 4753 σου
3225 4699 3460 4770 ξηρανῶ·
3486 4701 3515 4753 ό
3536 4699 3716 4766 λέγων

2125 4790 2293 4862 Κύρῳ
2324 4793 2564 4862 φρονεῖν,
2600 4792 2694 4844 καὶ
2712 4791 2890 4845 πάντα
2917 4791 2986 4844 τὰ
3022 4791 3304 4864 θελήματὰ
3335 4808 3435 4862 μου
3465 4793 3710 4863 ποιήσει·

2122 4883 2152 4934 ὁ
2190 4879 2362 4949 λέγων
2408 4879 2778 4952 Ἰερουσαλὴμ,
2808 4881 3253 4954 υἰκοδομηθήσῃ,
3289 4882 3383 4935 καί
3423 4879 3516 4933 τὸν
3561 4877 3714 4934 οἷκον

2124 4973 2216 5026 τὸν
2249 4971 2403 5041 ἅγιόν
2439 4990 2539 5044 μου
2587 4971 2922 5043 θεμελιώσω.
2965 4992 2983 5024 ι
3028 4973 3218 5026 Ταῦτα
3259 4973 3360 5044 μὲν
3413 4969 3508 5026 οὖν
3563 4972 3713 5025 οὕτω

2126 5065 2484 5138 διαθήσομαι’
2543 5063 2638 5118 τοῦ
2693 5063 2753 5118 δὲ
2805 5064 2943 5135 ἐμοῦ
3005 5065 3196 5128 παιδὸς
3263 5063 3557 5135 ἀγαπητοῦ
3616 5066 3714 5118 καὶ

2127 5159 2407 5222 ὲκλεκτοῦ,
2429 5158 2572 5227 λέγω
2597 5157 2662 5229 δὴ
2693 5156 2789 5211 τοῦ
2811 5157 3048 5227 Χριστού
3081 5175 3205 5228 μου,
3239 5157 3369 5228 περὶ
3399 5150 3460 5209 οὗ
3490 5156 3584 5210 διὰ
3604 5158 3714 5210 τῶν

2130 5249 2441 5322 ἔμπροσθεν
2471 5249 2700 5303 πλεῖστα
2737 5250 2838 5302 ὃσα
2871 5249 3117 5320 εἴρηται,
3155 5249 3406 5319 συστήσω
3434 5247 3504 5300 τὰ
3531 5250 3717 5319 ῥήμα-

2129 5360 2219 5407 τα,
2254 5343 2347 5396 καὶ
2383 5341 2492 5396 τῶν
2513 5341 2761 5410 ἀγγέλων
2778 5340 2835 5394 δέ
2863 5340 3051 5403 αὐτοῦ,
3076 5341 3218 5409 λέγω
3251 5340 3316 5410 δὴ
3335 5339 3442 5390 τῶν
3471 5341 3716 5392 ἀποστό-

2129 5434 2236 5487 λων
2261 5433 2355 5487 καὶ
2379 5431 2636 5504 μαθητῶν
2663 5432 2756 5485 καὶ
2789 5429 3192 5498 εύαγγελιστῶν
3224 5430 3322 5493 τὰς
3357 5428 3557 5499 βουλὰς
3611 5431 3716 5482 ἐπ-

2128 5524 2423 5598 αληθεῦσαι
2448 5525 2678 5596 ποιήσω.
2719 5521 2862 5594 Ἐγὼ
2883 5522 2942 5577 δὲ
2975 5521 3182 5594 μέλλων
3217 5519 3389 5575 ταῦτα
3418 5520 3600 5574 ποιεῖν
3632 5519 3722 5576 ἐν’
