3880 6216
203 319 310 373 409

1137 313 1642 370 COMMENTARIA
1679 311 1748 368 IN
1785 309 2043 368 ISAIAM.
2073 340 2142 350 —
2179 308 2332 366 CAP.
2376 306 2530 363 XLV.

3369 299 3476 355 HO

203 439 398 492 τεῦθεν
429 437 530 509 ήδη
572 437 822 510 προλέγω
851 438 945 492 καὶ⁸
975 437 1407 508 ἐπαγγέλλομαι,
1436 439 1520 491 ὃτι
1557 439 1658 509 τὴν
1694 439 1796 490 Ἱε-

1916 435 2013 504 :jus
2043 435 2318 490 excidium
2352 450 2381 486 a
2413 429 2722 502 Babyloniis
2753 398 2957 482 factum
2979 465 2995 490 ,
3030 425 3395 480 renovandam
3424 433 3482 478 et

209 528 498 602 ρουσαλὴμ
524 529 663 599 μετὰ
693 528 791 599 τὴν
825 526 1052 600 πρώτην
1079 527 1399 600 καθαίρεσιν
1425 529 1522 600 τὴν
1554 529 1659 581 ὑπὸ
1695 528 1801 580 Βα-

207 620 494 672 ϐυλωνίων
533 619 911 690 γενησομένην
958 619 1410 690 ἁνακαινισθῆναι
1456 620 1690 688 ποιήσω,
1724 617 1801 681 ὡς

206 709 301 762 καὶ
335 709 555 774 τὰςτῆς
592 707 849 770 ἰουδαίας
880 707 1066 771 πόλεις
1090 708 1504 780 κατοικηθῆναι,
1538 710 1631 762 καὶ
1655 709 1724 761 τά
1742 709 1801 761 ὲν

207 803 402 863 αὐταῖς
428 801 614 870 ἔρημα
651 799 814 851 πάλιν
837 799 913 862 ὡς
933 799 1002 852 τά
1021 800 1301 871 ἀπ’ἀρχῆς
1328 801 1607 871 συστῆναι.
1641 798 1802 853 Ἀλλά

206 894 303 944 καὶ
342 891 443 962 τὴν
476 891 788 956 πολυθεῖαν,
823 893 921 962 τῆς
963 891 1162 955 κακίας
1197 893 1430 946 ἄϐυσσον
1465 892 1802 964 ὀνομαζομέ-

205 1003 328 1055 νην,
369 985 578 1056 ἔρημον
606 985 953 1055 καταστήσω,
988 983 1083 1036 καὶ
1108 985 1236 1046 τοὺς
1267 985 1545 1055 ποταμοὺς
1581 985 1680 1055 τῆς
1705 1001 1803 1037 πο·-

205 1077 433 1140 λυθεῖας
480 1075 590 1130 τῶν
622 1075 898 1146 πολεμίων
951 1073 1308 1146 ἀποξηρανῶ·
1340 1076 1414 1140 ὼς
1473 1076 1668 1148 μηκέτι
1703 1075 1802 1148 τὴν

207 1167 512 1222 Βαϐυλῶνα
542 1167 826 1237 συστῆναι,
859 1167 997 1236 μήτε
1025 1166 1152 1229 τοὺς
1175 1169 1453 1237 ποταμοὺς
1476 1168 1646 1238 αὐτῆς
1676 1168 1802 1230 τοὺς

209 1260 389 1314 πολλά
411 1260 602 1330 δεδυνη
612 1258 806 1329 μένους
837 1259 896 1311 ὲν
944 1256 1205 1328 πλήθεσιν
1241 1260 1498 1330 ἰσχυροῖς.
1529 1259 1714 1314 Ταῦτα
1744 1260 1801 1313 δὲ

209 1354 394 1407 πάντα
412 1353 626 1422 ποιήσω
659 1350 888 1420 διακόνῳ
902 1349 1247 1421 χρησάμενος
1272 1350 1426 1422 ἀνδρὶ⁵
1457 1351 1551 1406 τοῦ
1576 1351 1800 1424 Περσῶν

205 1447 404 1514 γένους
423 1443 829 1514 βεϐασιλευκότι
850 1441 1071 1512 πρώτῳ.
1100 1441 1231 1494 Εξδὲ
1256 1441 1362 1513 χρὴ
1384 1442 1478 1495 καὶ
1496 1443 1582 1496 ἐπ’
1604 1443 1803 1513 ὀνόμα-

206 1553 302 1598 τος
318 1533 698 1606 προφητεῦσαι
719 1531 906 1584 τούτου
918 1532 1016 1603 τὴν
1031 1531 1422 1603 προσηγορίαν,
1438 1531 1618 1602 Κῦρος
1632 1531 1719 1584 ὅνο
1725 1549 1801 1602 μα

205 1629 288 1700 τῷ
333 1627 737 1697 θεσπιζομένῳ,
781 1625 839 1678 ὃν
884 1629 1264 1696 προστήσομαι
1306 1624 1415 1677 τῶν
1449 1624 1597 1695 ἐμῶν
1627 1625 1801 1695 λόγων

208 1716 521 1786 ὑπηρέτην,
557 1713 819 1784 φρόνησιν
862 1712 1012 1783 αὐτῷ
1048 1713 1434 1785 δωρησάμενος
1477 1713 1697 1785 εὐσεϐῆ,
1725 1714 1800 1778 ὡς

1901 525 2319 584 restaurandam
2371 531 2689 578 curaturum
2720 535 2883 586 esse;
2923 519 2999 573 ita
3046 528 3102 572 ut
3153 515 3357 573 Iudaea:
3387 533 3482 571 ur-

1899 621 1995 675 bes
2023 619 2352 682 incolantnr,
2383 625 2439 672 et
2463 630 2588 684 qua:
2620 614 2672 668 in
2709 613 2816 667 illis
2851 613 3066 666 deserta
3097 611 3336 676 fuerant,
3376 611 3480 665 ite-

1900 730 2018 768 rum
2063 721 2121 767 ut
2174 728 2203 766 a
2258 709 2531 778 principio
2562 705 2942 762 constituenda
2977 704 3108 758 sint.
3137 703 3276 769 Quin
3312 703 3478 756 etiam

1900 807 2121 860 deorum
2166 801 2622 872 multiplicitatem
2647 839 2662 864 ,
2688 814 2808 868 qtae
2855 799 3082 868 abyssns
3112 795 3330 849 malitiae
3383 809 3482 847 vo-

1900 906 2078 962 catur,
2105 896 2377 949 desertam
2425 892 2644 956 faciam,
2699 905 2764 944 ac
2825 887 3050 942 ﬂumina
3108 887 3480 957 multiplicita-

1903 990 1972 1044 tis
2004 991 2226 1041 deorum
2258 1026 2273 1050 ,
2317 1001 2439 1054 quae
2484 998 2650 1053 penes
2691 981 2944 1036 inimicos
2973 989 3056 1035 est
3080 1023 3096 1047 ,
3142 979 3477 1044 arefaciam;

1901 1081 1973 1134 ita
2004 1089 2062 1133 ut
2092 1077 2332 1149 Babylon
2367 1093 2473 1130 non
2509 1075 2651 1129 ultra
2705 1075 2990 1138 consistat,
3034 1072 3127 1127 sed
3160 1087 3338 1140 neque
3383 1070 3482 1123 ﬂu-

1902 1172 2046 1225 mina
2085 1169 2203 1234 ejus
2228 1208 2244 1234 ,
2292 1169 2342 1222 vi
2378 1168 2740 1222 multitudinis
2770 1166 2999 1220 multum
3038 1164 3291 1219 valentia.
3357 1163 3484 1218 "ac

1899 1279 2066 1332 porro
2095 1262 2277 1317 omnia
2314 1276 2572 1331 peragam
2610 1259 2863 1312 ministro
2895 1266 3052 1310 utens
3078 1254 3222 1319 viro,
3249 1253 3340 1324 qui
3369 1255 3485 1324 pri-

1901 1370 2020 1408 mus
2067 1353 2353 1408 Persarum
2384 1367 2478 1407 rex
2509 1352 2634 1406 erit.
2669 1351 2823 1417 Quod
2875 1351 2920 1405 si
2970 1364 3107 1418 opus
3157 1348 3231 1402 sit
3283 1363 3482 1405 nomen

1899 1449 2016 1516 ejus
2043 1446 2354 1517 prophetice
2405 1445 2719 1514 signiﬁcare
2745 1485 2760 1510 ,
2805 1442 2980 1516 Cyrus
3011 1440 3369 1510 appellabitur
3413 1441 3479 1504 is,

1900 1541 1993 1610 qui
2047 1540 2101 1593 in
2149 1537 2408 1593 vaticinio
2458 1538 2654 1600 fertur,
2687 1550 2849 1606 quem
2890 1535 3185 1590 verborqu
3235 1548 3483 1589 meorum

1903 1635 2213 1686 ministrum
2245 1631 2573 1686 constituam
2605 1645 2620 1695 ;
2649 1629 2792 1698 piam
2820 1627 2922 1697 ipsi
2968 1636 3202 1681 mentem
3248 1625 3440 1680 indens
3469 1666 3485 1690 ,

1902 1736 1962 1780 ut
1996 1725 2126 1778 mihi
2165 1724 2363 1794 placita
2419 1723 2602 1776 omnia
2654 1729 3014 1790 exsequatur,
3064 1734 3130 1772 ac
3179 1717 3482 1773 Jerusalem

211 1809 398 1865 πάντα
430 1806 501 1860 τὰ
523 1806 841 1878 καταθύμιά
874 1822 964 1876 μοι
995 1806 1221 1876 ποιῆσαι
1246 1805 1341 1859 κα)⁴
1367 1806 1668 1874 προστάξαι
1701 1807 1798 1878 τὴν

1922 1820 2080 1871 ubeat
2129 1790 2400 1882 escitari,
2455 1813 2830 1884 templumque
2876 1813 2995 1882 ejus
3043 1828 3071 1866 a
3119 1810 3489 1867 fundamentis

222 1896 584 1968 Ἰερουσαλὴμ
602 1895 1042 1968 οἰκοδομηθῆναι,
1075 1897 1168 1949 καὶ
1199 1896 1288 1948 τὸν
1315 1895 1450 1949 νεὼν
1475 1895 1565 1949 τὸν
1584 1899 1641 1950 έν
1661 1897 1800 1968 αὐτῇ

213 1989 271 2040 θε
280 1987 638 2058 μελιωθῆναι.

718 2056 1115 2110 ΚΕΦᾹΛΑΙΟΝ
1155 2058 1288 2112 ME'.

293 2169 311 2200 ι
349 2149 508 2202 Οὕτω
536 2149 681 2218 λέγει
711 2150 916 2222 Κύριος
943 2151 971 2203 6
1003 2149 1134 2213 Θεὸς
1179 2149 1256 2221 τῷ
1305 2150 1511 2222 χριστῷ
1546 2169 1646 2222 μου
1689 2150 1804 2204 Κύ-

218 2257 320 2311 ρῳ,
370 2234 433 2293 οὗ
480 2241 762 2328 ἐκράτησα
799 2243 899 2313 τῆς
944 2241 1124 2308 δεξιᾶς
1162 2243 1466 2296 ἐπακοῦσαι
1495 2243 1803 2315 ἔμπροσθεν

215 2333 386 2388 αὑτοῦ
419 2333 569 2404 ἔθνη,
621 2335 715 2387 καὶ
753 2335 908 2405 ἰσχὺν
936 2334 1201 2406 βασιλέων
1231 2334 1524 2408 διαῤῥήξω.
1583 2335 1804 2400 Ἀνοίξω

217 2427 531 2499 ἔμπροσθεν
557 2425 722 2480 αὑτοῦ
750 2415 941 2498 θύρας,
986 2429 1081 2481 καὶ
1126 2427 1309 2490 πόλεις
1355 2429 1416 2481 οὐ
1467 2428 1806 2496 συγκλείσον-

220 2537 333 2573 ται.
379 2538 398 2570 ι
452 2517 680 2586 Ἀγαθὸν
718 2518 774 2571 δὲ
815 2519 1094 2590 ὑπηρέτην
1123 2519 1222 2588 τῆς
1251 2519 1390 2588 ἐμῆς
1427 2517 1619 2588 βουλῆς
1647 2513 1805 2590 εὖρον

217 2613 309 2664 τὸν
333 2611 749 2682 προδηλωθέντα
771 2612 958 2684 ἄνδρα·
983 2609 1234 2664 ἐντεῦθεν
1267 2611 1368 2682 ήδη
1396 2597 1806 2684 ἐπαγγέλλομαι

218 2701 517 2770 κρατήσειν
556 2699 721 2753 αὑτοῦ
757 2700 856 2770 τῆς
895 2699 1094 2764 δεξιᾶς,
1132 2701 1268 2770 πρὸς
1309 2701 1369 2754 τὸ
1412 2699 1487 2772 μὴ
1535 2704 1808 2774 παρατρέ-

218 2789 442 2851 πεσθαι,
474 2789 609 2860 μηδὲ
645 2789 896 2842 νικᾶσθαι
943 2789 1049 2842 ύπό
1090 2805 1236 2852 τινος
1282 2790 1611 2862 κρείττονος.
1644 2791 1808 2846 Ὑπο-

218 2881 410 2935 τάσσω
439 2880 497 2933 δὲ
535 2881 684 2952 αύτῷ
725 2881 951 2934 πλεῖστα
1008 2882 1108 2934 ὅσα
1140 2882 1198 2934 ἐν
1227 2883 1342 2944 τοῖς
1391 2881 1598 2946 λοιποῖς
1630 2881 1808 2934 ἔθνεσι

223 2973 620 3043 βασιλευόντων
643 2991 656 3002 ·
681 2973 749 3026 δι’
776 2972 939 3026 αὐτοῦ
954 2973 1010 3026 δὲ
1030 2973 1129 3044 τὴν
1158 2973 1310 3043 ἰσχὺν
1326 2972 1602 3044 διαρρήξω
1627 2973 1809 3044 πάσης

220 3065 318 3136 τῆς
350 3065 409 3116 ὲν
441 3067 555 3127 τοῖς
586 3063 791 3127 λοιποῖς
811 3063 986 3116 ἔθνεσι
1013 3063 1331 3126 δυναστείας
1352 3078 1364 3091 ·
1404 3062 1582 3118 πάντα
1605 3063 1662 3116 δὲ
1691 3064 1809 3117 λεῖα

221 3158 317 3209 καὶ
348 3156 528 3227 ὁμαλά
556 3158 902 3228 καταστήσας
936 3155 1040 3228 πρὸ
1066 3154 1174 3209 τῶν
1205 3155 1366 3209 αὑτοῦ
1417 3156 1612 3222 ποδῶν,
1645 3156 1811 3228 θύρας
1840 3136 1885 3198 C

221 3248 456 3312 πόλεων,
493 3247 586 3301 καὶ
605 3247 775 3310 αύτάς
802 3247 927 3310 ὅλας
957 3246 1056 3310 τὰς
1084 3247 1266 3310 πόλεις
1297 3246 1644 3319 ὑποχειρίους
1663 3247 1812 3319 αύτῷ

225 3337 542 3410 παραδώσω
560 3355 575 3368 ο
610 3339 686 3401 ὡς
711 3338 981 3409 μηδεμίαν
1007 3337 1256 3392 ἐναντίαν
1280 3337 1430 3408 αὐτῷ
1464 3337 1736 3406 γενέσθαι.

299 3470 319 3500 ε
355 3447 501 3517 Ἐγὼ
533 3447 840 3519 ἔμπροσθέν
868 3465 962 3500 σου
1006 3445 1372 3516 πορεύσομαι,
1419 3446 1513 3498 καὶ
1544 3445 1652 3516 ὂρη
1684 3448 1814 3516 ὁμα-

219 3541 357 3595 λιῶ·
393 3540 564 3612 θύρας
604 3541 810 3610 χαλκᾶς
842 3538 1137 3609 συντρίψω,
1175 3538 1270 3590 καὶ
1292 3535 1523 3607 μοχλοὺς
1561 3537 1815 3608 σιδηροῦς

226 3631 540 3700 συγκλὰσω.
587 3649 605 3681 ι
635 3631 747 3685 Καὶ
782 3631 924 3684 εἴποι
964 3629 1008 3681 δ’
1034 3627 1100 3681 ἄν
1131 3645 1216 3690 τις
1242 3627 1310 3680 τά
1349 3626 1490 3680 κατὰ
1515 3627 1607 3680 τὸν
1651 3629 1814 3698 Ζορο-

224 3724 419 3788 ϐάϐελ,
453 3723 488 3794 ἦ
529 3723 672 3778 κατά
717 3723 899 3794 Κῦρον
947 3723 1234 3795 ίστορικῶς
1267 3721 1555 3792 γενόμενα,
1598 3721 1814 3784 εἰκόνας

227 3817 328 3871 καὶ
353 3815 604 3886 σύμϐολα
619 3815 896 3886 περιέχειν
922 3815 1020 3885 τῆς
1050 3813 1307 3884 ἀληθείας
1324 3828 1339 3844 ο
1369 3813 1438 3865 τὰ
1466 3812 1523 3866 δὲ
1554 3815 1696 3866 κατὰ
1722 3814 1814 3867 τὸν

227 3906 410 3977 ἀληθῆ
443 3905 648 3977 Κύριον
687 3907 781 3959 καὶ
819 3904 1054 3976 Χριστὸν
1095 3901 1479 3974 πνευματικῶς
1521 3903 1814 3975 πεπληρῶ-

230 4000 389 4053 σθαι·
421 3999 498 4061 ὼς
529 3999 616 4050 ἐπ’
650 3997 813 4050 αὐτὸν
853 3995 1052 4066 μᾶλλον
1093 3993 1378 4066 ἀληθεύειν
1403 3994 1495 4048 τὸν
1532 3994 1690 4064 λόγον
1722 3997 1814 4049 τὸν

229 4094 525 4163 φήσαντα·
573 4110 590 4142 ι
645 4089 786 4142 Τάδε
838 4089 986 4158 λέγει
1047 4087 1252 4158 Κύριος
1315 4085 1394 4157 τῷ
1445 4087 1650 4158 χριστῷ
1712 4103 1814 4158 μου

229 4184 423 4254 Κύρῳ.
447 4181 638 4235 »Κατά
675 4180 785 4252 γὰρ
814 4181 914 4250 τὴν
943 4179 1232 4251 πρόχειρον
1256 4177 1399 4245 λέξιν
1433 4177 1558 4231 οὔτε
1583 4177 1816 4249 Χριστὸς

228 4278 309 4333 ὢν
330 4277 428 4331 τοῦ
457 4276 593 4330 Θεοῦ
611 4277 861 4346 φαίνεται
881 4277 910 4328 6
934 4276 1161 4347 Περσῶν
1187 4273 1438 4345 βασιλεὺς
1457 4274 1816 4345 οἰκοδομήσας

225 4375 331 4443 τὴν
377 4369 771 4443 Ἰερουσαλήμ·
817 4368 932 4422 ἀλλ’
970 4368 1090 4422 οὐδὲ
1138 4367 1275 4430 ὅλως
1313 4365 1456 4419 κατά
1499 4365 1595 4436 τὴν
1650 4365 1815 4418 αὐτοῦ

1905 1910 2140 1965 exstrui.

2474 2061 2707 2120 CAPUT
2747 2060 2910 2118 XLV.

1973 2161 2136 2216 VERS.
2172 2161 2220 2215 ι.
2257 2179 2276 2212 ι
2311 2158 2406 2215 Sic
2440 2158 2571 2212 dicit
2622 2156 2886 2211 Dominus
2931 2154 3074 2210 Deus
3120 2153 3334 2209 christo
3368 2167 3490 2206 meo

1903 2255 2069 2327 Cyro,
2138 2253 2293 2320 cujus
2343 2249 2682 2321 apprehendi
2735 2250 3040 2313 dexteram,
3095 2258 3152 2301 ut
3202 2246 3486 2314 subjiciam

1905 2358 2028 2401 ante
2059 2345 2250 2400 faciem
2301 2342 2418 2411 ejus
2460 2353 2672 2412 gentes,
2705 2349 2763 2395 et
2803 2340 2949 2394 vires
2987 2353 3171 2408 regum
3220 2338 3486 2406 frangam.

1904 2439 2158 2507 Aperiam
2193 2452 2380 2491 coram
2411 2450 2478 2490 eo
2508 2442 2714 2504 portas,
2770 2443 2826 2487 et
2877 2431 3042 2486 urbes
3079 2445 3184 2484 non
3228 2429 3490 2483 clauden-

1907 2541 2014 2587 tnr.
2047 2550 2064 2582 ι
2102 2529 2311 2584 Bonum
2349 2536 2533 2582 autem
2567 2524 2782 2580 consilii
2818 2523 2924 2578 mei
2961 2522 3267 2575 ministrum
3307 2518 3490 2572 inveni

1907 2634 2269 2680 memoratum
2297 2623 2511 2675 virum:
2543 2617 2656 2688 jam
2705 2617 2834 2671 hinc
2865 2614 3126 2686 polliceor
3171 2626 3258 2666 me
3297 2610 3491 2666 dexte-

1910 2733 2024 2772 ram
2059 2715 2176 2786 ejus
2225 2713 2692 2782 apprehensurum
2741 2724 2884 2776 esse,
2945 2718 3004 2762 ut
3057 2721 3162 2761 non
3189 2713 3492 2766 evertatur,

1912 2824 2092 2878 neque
2119 2812 2423 2876 'superetur
2477 2819 2508 2858 a
2565 2803 2824 2873 quopiam
2894 2800 3142 2855 fortiore.
3199 2797 3306 2867 ipsi
3359 2811 3492 2850 vero

1911 2902 2078 2958 multa
2123 2898 2410 2968 subjiciam
2459 2911 2530 2952 ex
2587 2910 2778 2965 regum
2840 2894 3071 2948 aliarum
3115 2890 3358 2961 gentium
3407 2888 3492 2942 di-

1914 2997 2100 3050 tione:
2137 3006 2236 3060 per
2263 2990 2444 3057 ipsum
2480 2987 2606 3041 item
2639 3001 2854 3041 omnem
2887 2986 2939 3041 in
2979 2982 3205 3052 reliquis
3239 2981 3493 3051 gentibus

1912 3084 2212 3159 potentiam
2245 3080 2600 3152 perfringam,
2655 3080 2836 3133 omnia
2882 3078 3042 3147 plana
3079 3083 3135 3130 et
3181 3073 3364 3129 facilia
3396 3086 3494 3140 pa-

1919 3192 2048 3233 rans
2073 3183 2200 3230 ante
2229 3171 2398 3242 pedes
2430 3167 2548 3236 ejus
2574 3187 2587 3223 :
2620 3179 2804 3238 portas
2829 3167 3068 3232 urbium,
3088 3174 3143 3221 et
3180 3165 3328 3232 ipsas
3357 3164 3495 3216 inte-

1915 3287 2045 3342 gras
2075 3268 2240 3323 urbes
2269 3264 2322 3318 in
2352 3277 2544 3316 manus
2567 3261 2688 3331 ejus
2719 3263 2928 3317 tradam
2959 3277 2977 3327 ;
3009 3260 3081 3314 ita
3111 3267 3170 3312 ut
3211 3255 3358 3312 nulla
3392 3255 3492 3324 ipsi

1915 3367 2255 3420 adversetur.

1989 3459 2152 3513 Vsus.
2183 3457 2237 3511 2.
2297 3473 2318 3508 ι
2354 3456 2467 3525 Ego
2501 3459 2626 3506 ante
2662 3457 2714 3500 te
2758 3443 2869 3506 ibo,
2904 3451 2960 3496 et
2993 3447 3208 3494 montes
3252 3433 3494 3504 compla-

1916 3552 2058 3606 nabo
2082 3570 2096 3605 :
2128 3556 2312 3619 portas
2341 3561 2514 3601 areas
2541 3551 2846 3601 conteram,
2876 3543 2930 3589 et
2947 3541 3129 3587 vectes
3145 3531 3352 3584 ferreos
3372 3543 3514 3582 σου-.

1915 3643 2172 3713 fringam.
2201 3661 2221 3694 ι
2252 3641 2462 3695 Dixerit
2495 3634 2764 3707 quispiam
2793 3643 2879 3692 ea,
2912 3641 3034 3696 qua‘
3067 3635 3310 3692 tempore
3330 3621 3496 3675 Zoroo

1915 3736 2146 3800 babelis,
2191 3732 2278 3788 vel
2326 3731 2478 3804 Cyri,
2538 3725 2681 3798 quod
2735 3724 2800 3776 ad
2847 3717 3128 3774 historiam
3160 3724 3312 3785 gesta
3346 3721 3494 3774 sunt,

1917 3826 2181 3896 imagines
2209 3833 2265 3879 et
2289 3821 2531 3894 symbola
2584 3816 2834 3872 veritatis
2863 3809 3151 3880 complecti
3180 3824 3196 3874 ;
3241 3821 3362 3876 quas
3400 3820 3496 3860 au-

1919 3929 2022 3973 tem
2070 3916 2138 3970 ad
2187 3914 2303 3970 veri
2365 3910 2576 3966 Domini
2608 3919 2664 3964 et
2705 3905 2910 3962 Christi
2957 3911 3173 3971 tempus
3223 3907 3494 3968 spectant,

1916 4008 2267 4080 spiritualiter
2317 4004 2538 4074 impleta
2589 4004 2795 4065 fuisse;
2834 3999 2905 4052 ita
2955 4004 3016 4050 ut
3059 3995 3111 4048 in
3166 3995 3284 4062 ipso
3327 3994 3498 4062 magis

1915 4117 2078 4158 verus
2129 4098 2567 4170 deprehendatur
2611 4107 2816 4157 sermo,
2866 4090 2958 4160 qui
3009 4089 3107 4152 ait,
3144 4105 3163 4138 ο
3203 4084 3325 4140 Haec
3366 4083 3498 4138 dicit

1918 4195 2178 4250 Dominus
2221 4191 2430 4246 chrisw
2464 4203 2586 4243 meo
2620 4186 2785 4258 Cyro.
2821 4203 2840 4236 ι
2895 4181 3030 4236 Nam
3063 4178 3359 4234 secundum
3401 4177 3497 4229 ob-

1916 4290 2058 4344 viam
2081 4287 2396 4349 dictionem,
2437 4295 2612 4351 neque
2659 4279 2904 4333 christus
2954 4274 3048 4328 Dei
3095 4272 3310 4327 videtur
3332 4268 3500 4322 fuisse

1920 4381 2206 4436 Persarum
2246 4377 2336 4430 ille
2376 4390 2499 4438 rex,
2541 4374 2634 4442 qui
2686 4368 3121 4438 Hierosolymam
3171 4361 3496 4423 construxit,

229 4463 383 4533 ζωὴν
415 4460 692 4532 προύκοψε
733 4460 829 4531 τῆς
860 4459 1150 4529 οἰκοδομῆς
1194 4459 1255 4512 τὸ
1292 4458 1479 4528 ἔργον·
1527 4457 1684 4528 μόνον
1708 4457 1809 4529 γὰρ

1925 4486 2103 4543 neque
2135 4470 2425 4524 admodum
2457 4467 2575 4535 ipso
2606 4465 2823 4519 vivente
2871 4468 3178 4530 promotum
3218 4465 3301 4510 est
3330 4454 3500 4508 rediti-

229 4553 472 4625 ἤρξαντο
519 4551 630 4604 τῶν
663 4551 928 4623 θεμελίων
978 4549 1118 4603 κατά
1160 4549 1286 4612 τοὺς
1328 4548 1528 4611 αὐτοὺς
1559 4548 1817 4618 χρόνους·

231 4643 335 4698 εἶτ’
371 4639 852 4712 ὲπισχεθέντοςτοῦ
878 4639 1064 4710 ἔργου,
1092 4638 1357 4704 διέμεινεν
1383 4637 1588 4710 ἔρημος
1611 4641 1640 4690 6
1659 4637 1823 4700 τόπος

236 4737 402 4809 μέχρι
422 4736 521 4804 τῆς
554 4733 781 4804 Δαρείου
816 4732 1111 4802 βασιλείας.
1149 4732 1260 4783 Καὶ
1291 4729 1361 4784 τὰ
1394 4730 1521 4800 ἑξῆς
1555 4729 1612 4782 δὲ
1643 4731 1824 4783 ἐπιλε-

232 4827 446 4896 γόμενα
476 4823 674 4894 μᾶλλον
701 4823 780 4893 τῷ
806 4822 1026 4894 Χριστῷ
1048 4821 1081 4892 ἢ
1116 4820 1194 4892 τῷ
1217 4821 1327 4874 τῶν
1354 4821 1582 4892 Περσῶν
1611 4821 1823 4892 βασιλεῖ

232 4916 603 4987 ἐφαρμόσειεν
640 4915 705 4968 ἄν
726 4932 740 4945 ·
772 4915 869 4968 καὶ
906 4914 1106 4985 μᾶλλον
1138 4913 1216 4984 τῷ
1253 4913 1506 4984 ἡμετέρῳ
1548 4913 1816 4986 Σωτῆριῆ

232 5007 314 5079 τῷ
343 5005 672 5078 Ζοροεάςελ.

318 5141 338 5173 ι
388 5121 499 5173 Καὶ
529 5119 687 5173 δώσω
724 5136 806 5173 σοι
845 5119 1153 5190 θησαυροὺς
1202 5119 1530 5184 σκοτεινοὺς,
1580 5119 1823 5191 ἀποκρύ-

237 5228 396 5281 φους,
431 5209 693 5280 ἀοράτους
733 5206 928 5271 ἀνοίξω
967 5223 1079 5260 σοι’
1115 5206 1203 5259 ἴνα
1246 5205 1409 5278 γνῷς,
1443 5207 1526 5260 ὅτι
1565 5205 1678 5275 ἐγὼ
1706 5206 1822 5258 Κύ-

241 5320 355 5377 ριος
396 5304 425 5355 ὁ
463 5301 596 5364 Θεός
646 5317 778 5362 σου,
822 5302 852 5353 6
901 5299 1084 5353 καλῶν
1124 5301 1186 5352 τὸ
1237 5299 1409 5370 ὄνομα
1455 5316 1570 5365 σου,
1619 5301 1648 5353 6
1687 5299 1821 5363 Θεὸς

251 5392 492 5465 Ἰσραήλ.
511 5392 734 5445 Ἕνεκεν
764 5390 860 5444 τοῦ
893 5391 1080 5455 παιδός
1103 5409 1204 5462 μου
1232 5391 1448 5456 Ἰακὼϐ,
1479 5393 1571 5446 καὶ
1604 5392 1822 5465 Ἰσραὴλ

239 5485 335 5538 τοῦ
377 5481 636 5536 ἐκλεκτοῦ
685 5499 808 5552 μου,
840 5479 951 5551 ἐγὼ
979 5482 1195 5535 καλέσω
1233 5499 1294 5534 σε
1331 5481 1408 5553 τῷ
1444 5482 1667 5553 ὀνόματί
1694 5499 1786 5536 σου
1804 5523 1818 5547 ,

243 5579 340 5632 καὶ
373 5573 740 5648 προσ-δέξομαί
764 5591 856 5627 σε·
888 5575 954 5628 σὺ
982 5573 1039 5627 δὲ
1075 5575 1175 5627 οὐκ
1207 5573 1378 5642 ἔγνως
1409 5592 1498 5645 με.
1531 5594 1550 5627 ι
1589 5574 1727 5639 Τούς
1763 5592 1824 5629 τε

245 5671 376 5722 εἴσω
425 5667 632 5722 τούτων
654 5665 1084 5738 ταμιευομένους
1117 5667 1442 5738 θησαυροὺς,
1472 5669 1696 5737 ἀφανεῖς
1730 5668 1825 5722 καὶ

247 5761 516 5832 ἀοράτους
547 5761 657 5823 τοῖς
687 5757 975 5831 προτέροις
1018 5758 1292 5829 βασιλεῦσι
1317 5759 1658 5832 ἸΙ,ενομένονθ
1691 5760 1823 5816 ἀνα-

1920 4565 2084 4626 cium,
2115 4563 2469 4617 fundamenta
2501 4558 2703 4629 quippe
2737 4565 2946 4611 tantum
2996 4550 3116 4620 ejus
3157 4563 3271 4604 aevo
3297 4561 3500 4616 ponere

1921 4665 2248 4728 coeperunt:
2285 4654 2501 4716 deinde,
2534 4639 2779 4706 cohibito
2836 4659 3021 4716 opere,
3059 4648 3308 4696 desertus
3352 4639 3500 4693 locns

1921 4748 2123 4803 mansit
2149 4762 2322 4816 usque
2352 4746 2416 4800 ad
2459 4744 2607 4798 Darii
2636 4755 2884 4811 regnum.
2921 4738 3052 4804 Quae
3083 4749 3212 4788 vero
3238 4737 3340 4787 sub
3385 4733 3501 4785 ha'c

1921 4840 2189 4906 feruntur,
2216 4840 2436 4894 Christo
2469 4837 2648 4906 aptius
2683 4848 2844 4904 quam
2881 4830 3169 4884 Persarum
3202 4826 3313 4893 regi
3346 4840 3499 4879 com-

1923 4943 2112 5002 petant
2139 4951 2154 4990 :
2186 4933 2467 5000 mogisnue
2494 4926 2774 4985 Servatori
2809 4935 3016 4986 nostro,
3061 4937 3224 4990 quam
3259 4919 3500 4973 Zoroba-

1923 5027 2051 5080 beli.

1998 5119 2160 5174 Vsus.
2195 5118 2249 5172 5.
2300 5136 2320 5169 ι
2373 5117 2439 5170 Et
2476 5115 2615 5168 dabo
2663 5113 2759 5168 tibi
2801 5112 3089 5166 thesauros
3133 5104 3499 5168 absconditos,

1922 5211 2176 5275 latentes,
2208 5209 2451 5265 occultos
2489 5207 2585 5260 tibi
2622 5206 2862 5276 aperiam
2891 5222 2905 5270 ;
2943 5212 3001 5256 ut
3031 5214 3352 5271 cognoscas,
3373 5199 3500 5266 quia

1925 5317 2026 5370 ego
2073 5301 2326 5355 Dominus
2361 5301 2500 5354 Deus
2552 5309 2696 5361 tuus,
2738 5298 2832 5365 qui
2888 5309 3024 5349 voco
3079 5308 3272 5348 nomen
3328 5301 3501 5358 tuum,

1928 5392 2275 5449 Deus‘lsrael
2307 5412 2320 5446 :
2369 5402 2592 5461 propter
2633 5405 2860 5460 puerum
2904 5403 3082 5442 meum
3105 5385 3294 5453 Jacob,
3334 5391 3390 5439 et
3423 5383 3502 5438 ls-

1927 5485 2038 5541 rael
2073 5485 2304 5539 electum
2345 5498 2546 5545 meum.
2577 5499 2678 5554 ego
2711 5482 2919 5536 vocabo
2956 5491 3009 5535 te
3045 5481 3266 5535 nomine
3311 5489 3426 5541 tuo,
3449 5488 3504 5532 et

1925 5578 2188 5646 accipiam
2216 5585 2288 5631 te.
2331 5574 2410 5629 Tu
2441 5585 2624 5630 autem
2661 5589 2768 5628 non
2806 5574 3108 5644 cognovisti
3143 5586 3248 5627 me.
3276 5588 3300 5623 ι
3356 5572 3501 5624 Intra

1927 5671 2089 5725 urbes
2115 5669 2422 5723 reconditos
2455 5669 2758 5732 thesauros,
2791 5669 3018 5722 latentes
3065 5667 3184 5722 illos
3225 5680 3280 5722 et
3331 5663 3504 5719 occul-

1927 5771 2031 5830 tos,
2067 5761 2308 5835 pristinis
2342 5760 2559 5831 regibus
2589 5761 2957 5828 absconditos,
3000 5759 3236 5830 aperiam
3261 5758 3388 5824 tibi;
3443 5764 3500 5809 ut
