3880 6216
381 333 485 392 ιιι

1062 325 1328 382 EUSEBII
1368 324 1841 382 CASSARIENSIS
1877 325 2031 382 OPP.
2075 325 2253 382 PARS
2289 324 2380 381 Ill.
2420 356 2488 366 —
2529 321 2941 379 EXEGETICA.

3540 317 3646 377 412

385 449 520 520 ipsis
543 445 802 518 operibus
829 444 1061 510 ediscas,
1085 445 1211 517 quis
1255 459 1356 514 ego
1394 445 1520 509 sim,
1574 446 1664 514 qui
1714 457 1841 502 ante
1885 456 1963 500 tot

2080 446 2288 499 πετάσω
2320 462 2400 498 σοι
2477 443 2553 507 ὼς
2586 443 2651 497 ἂν
2679 443 2862 506 αὐτοῖς
2885 441 3065 512 ἔργοις
3099 439 3289 510 μάθοις
3323 440 3469 503 ὅστις,
3517 441 3648 496 ποτέ

386 554 563 595 annos
593 538 928 608 ipsissimum
981 551 1180 592 nomen
1234 546 1384 592 tuum
1441 539 1778 608 propheticis
1813 537 1963 592 Scri-

389 631 571 702 pturis
614 629 772 694 meis,
805 629 964 698 quasi
997 629 1172 702 cippis
1211 631 1454 693 aaternis,
1499 630 1778 701 insculpsi.
1831 630 1963 686 Sum

387 732 570 776 autem
624 719 769 774 Deus
825 716 1019 784 Israel,
1075 718 1218 788 quod
1271 733 1338 773 ne
1382 719 1599 788 ignores
1656 728 1894 789 oportet,
1933 736 1966 775 ο

386 811 570 884 Cyre:
611 809 794 866 omnia
834 809 1036 880 quippe
1083 807 1201 878 jam
1253 810 1524 865 recensita
1574 814 1786 866 tradam
1822 812 1964 878 tibi;

387 919 495 958 non
533 901 694 957 aliam
727 899 796 955 ob
841 916 978 966 rem,
1007 915 1170 970 quam
1203 911 1428 972 propter
1459 901 1716 971 p0pu|um
1758 918 1965 968 meum,

387 1009 550 1062 quem
587 992 720 1047 mihi
745 991 884 1062 elegi
921 1006 987 1046 ex
1019 991 1272 1048 omnibus
1302 993 1580 1063 gentibus,
1609 993 1758 1064 quod
1783 1002 1968 1064 patres

386 1101 578 1141 eorum
619 1085 673 1139 in
700 1084 878 1155 pretio
907 1085 1162 1140 habeant.

462 1267 627 1323 Vsus.
659 1266 774 1323 5-7.
848 1285 868 1319 ι
924 1267 1189 1335 Quoniam
1247 1283 1350 1338 ego
1402 1267 1666 1322 Dominus
1717 1267 1880 1333 Deus,
1915 1278 1970 1324 et

393 1378 498 1418 non
531 1372 617 1418 est
663 1361 804 1417 alius
841 1362 983 1418 Deus
1018 1372 1214 1434 prazter
1261 1379 1366 1416 me.
1400 1363 1758 1418 Corroboravi
1801 1373 1874 1429 te,
1915 1374 1970 1418 et

389 1473 496 1512 non
523 1456 820 1528 cognovisti
844 1473 929 1511 me
958 1473 972 1521 ;
1002 1466 1059 1509 ut
1085 1467 1415 1526 cognoscant
1446 1457 1535 1524 qui
1563 1457 1632 1512 ab
1659 1467 1781 1510 ortu
1810 1455 1966 1519 solis,

388 1561 446 1605 et
469 1550 562 1622 qui
602 1550 668 1604 ab
699 1565 919 1616 occasu,
954 1550 1081 1620 quia
1143 1568 1249 1606 non
1309 1562 1395 1605 est
1444 1551 1587 1605 Deus
1624 1560 1821 1620 prater
1863 1567 1968 1602 me.

390 1642 502 1713 Ego
537 1642 792 1697 Dominus
823 1643 985 1710 Deus,
1012 1653 1067 1698 et
1101 1660 1206 1698 non
1241 1654 1325 1699 est
1377 1653 1666 1714 prmterea.
1723 1643 1834 1712 Ego
1878 1643 1970 1712 qui

389 1735 682 1804 przrparavi
725 1733 920 1798 lucem,
952 1745 1006 1790 et
1029 1736 1118 1805 qui
1149 1736 1250 1791 feci
1280 1737 1553 1804 tenebras,
1583 1738 1674 1806 qui
1709 1737 1848 1792 facio
1872 1753 1970 1805 pa-

2067 541 2181 610 είμι
2202 541 2230 591 6
2253 537 2357 609 πρὸ
2381 536 2650 590 τοσούτων
2671 535 2807 589 ἐτῶν
2828 534 3084 605 ὀνομαστὶ
3105 533 3202 604 τὴν
3240 533 3338 604 σὴν
3372 549 3649 604 προσηγο-

2068 632 2192 703 ρίαν
2223 635 2344 695 ταῖς
2375 631 2742 702 προφητικαῖς
2781 646 2881 699 μου
2907 629 3171 699 Γραφαῖς,
3210 625 3400 697 ὥσπερ
3427 627 3486 677 ἐν
3515 626 3652 696 στή-

2066 723 2187 786 λαις
2209 721 2468 785 αἰωνίοις,
2500 719 2829 792 ἐγχαράξας.
2857 719 2987 790 Εἰμὶ
3025 719 3082 771 δέ
3115 720 3143 770 6
3171 717 3308 780 Θεὸς
3351 715 3589 788 Ἰσραὴλ,
3619 715 3652 770 ὃ

2069 816 2337 888 προσήκει
2371 816 2465 868 καὶ
2499 815 2558 866 σὲ
2590 815 2665 884 μὴ
2704 815 2950 880 ἀγνοεῖν,
3013 806 3058 865 ὣ
3098 810 3284 882 Κῦρε·
3321 811 3497 864 πάντα
3539 808 3653 881 γὰρ

2067 909 2137 962 τά
2169 908 2534 980 προλεχθέντα
2563 905 2861 978 χαριοῦμαί
2893 925 2972 959 σοι
3010 907 3070 959 οὐ
3098 905 3187 958 διά
3218 924 3271 959 τι
3295 906 3502 976 ἕτερον,
3534 905 3651 958 ἀλλ’

2068 1003 2254 1054 ἕνεκεν
2304 999 2398 1053 τοῦ
2447 999 2582 1071 ἐμοῦ
2626 998 2791 1064 λαοῦ,
2836 999 2894 1051 ὃν
2947 998 3170 1070 ἐμαυτῷ
3211 997 3543 1069 ἐξελεξάμην
3591 997 3654 1064 ἐξ

2068 1091 2325 1145 ἁπάντων
2357 1089 2468 1143 τῶν
2514 1089 2681 1144 ἐθνῶν
2715 1089 2803 1143 διὰ
2833 1089 2928 1160 τὴν
2964 1089 3100 1161 πρὸς
3127 1089 3253 1152 τοὺς
3280 1089 3524 1160 πατέρας
3556 1089 3656 1142 αὑ-

2068 1181 2177 1234 τῶν
2205 1201 2254 1234 τι
2262 1183 2388 1252 μὴν.
3603 1177 3612 1186 ’

2149 1294 2166 1326 ι
2201 1273 2324 1329 Ὅτι
2357 1272 2468 1343 ἐγὼ
2499 1273 2702 1345 Κύριος
2727 1274 2755 1326 6
2783 1274 2935 1337 Θεὸς,
2977 1274 3071 1328 καὶ
3089 1276 3191 1327 οὐκ
3216 1275 3362 1328 ἐστιν
3389 1275 3469 1328 ἐτι
3513 1274 3659 1347 πλὴν

2073 1367 2210 1439 ἐμοῦ
2232 1367 2384 1430 Θεός.
2432 1367 2721 1438 Ἑνίσχυσά
2744 1385 2824 1430 σε,
2852 1368 3059 1421 καὶούκ
3079 1368 3225 1439 ᾔδεις
3244 1382 3331 1440 με’
3353 1369 3438 1421 ἵνα
3453 1368 3660 1436 γνῶσιν

2072 1463 2120 1512 οἰ
2154 1460 2246 1513 ἀπ’
2261 1459 2532 1514 ἀνατολῶν
2556 1459 2703 1530 ήλίου
2731 1460 2825 1512 καὶ
2847 1460 2896 1511 οἱ
2921 1459 3029 1512 ἀπὺ
3055 1459 3297 1529 δυσμῶν,
3327 1460 3408 1512 ὅτι
3425 1461 3526 1513 οὐκ
3540 1459 3661 1514 ἔστι

2073 1553 2205 1618 Θεὸς
2231 1553 2370 1624 πλὴν
2397 1553 2551 1624 ἐμοῦ.
2593 1551 2735 1621 Ἐγὼ
2781 1552 2984 1624 Κύριος
3017 1555 3044 1606 6
3073 1552 3226 1616 Θεὸς,
3254 1553 3350 1606 καὶ
3380 1554 3480 1628 οὐκ
3509 1551 3662 1606 ἐστιν

2070 1642 2172 1695 ἔτι.
2220 1641 2360 1712 Ἐγὼ
2391 1644 2420 1696 6
2452 1643 2867 1705 κατασκευάσας
2895 1640 3029 1710 φῶς,
3065 1642 3159 1695 καὶ
3182 1643 3414 1714 ποιήσας
3445 1642 3662 1707 σκότος,

2071 1734 2102 1784 6
2147 1732 2318 1786 ποιῶν
2354 1733 2597 1803 εἰρήνην,
2639 1733 2734 1785 καὶ
2767 1732 2965 1796 κτίζων
3013 1731 3178 1786 κακά.
3219 1730 3361 1800 Ἐγὼ
3394 1730 3600 1802 Κύριος
3632 1732 3664 1784 6

390 1843 532 1894 cem,
568 1837 622 1881 et
649 1843 776 1882 creo
802 1828 966 1884 mala.
1013 1829 1129 1899 Ego
1175 1830 1436 1884 Dominus
1490 1830 1651 1895 Deus,
1705 1831 1796 1898 qui
1825 1829 1966 1884 facio

2080 1825 2224 1887 Θεὸς,
2257 1826 2286 1878 6
2309 1824 2477 1878 ποιῶν
2512 1824 2690 1877 πάντα
2711 1824 2904 1876 ταῦτα.
2949 1843 2967 1875 ι
3010 1823 3098 1888 Ἐξ
3125 1823 3302 1877 αὐτῶν
3323 1821 3432 1894 γάρ
3453 1820 3665 1875 τούτων

392 1922 506 1976 haec
532 1922 734 1978 omnia.
761 1941 780 1973 ι
821 1921 896 1976 Ex
928 1921 1014 1977 his
1036 1922 1166 1990 ipsis
1193 1923 1448 1992 operibus
1488 1922 1734 1978 ediscent
1769 1937 1786 1988 ;
1841 1937 1966 1976 cum

387 2015 535 2070 enim
565 2029 836 2072 aerumnas
857 2014 1054 2084 populo
1079 2029 1202 2070 meo
1221 2016 1289 2070 ad
1318 2015 1732 2071 conversionem
1766 2024 1820 2068 et
1849 2013 1963 2066 dis-

393 2108 654 2177 ciplinam
710 2107 957 2178 inﬂigere
1004 2123 1142 2178 opus
1179 2094 1325 2174 erat,
1374 2107 1613 2163 inimicis
1649 2107 1824 2178 ipsum
1859 2117 1969 2160 tra-

391 2201 526 2267 didi,
557 2203 712 2272 quasi
746 2201 982 2257 tenebris
1012 2211 1069 2256 et
1097 2201 1192 2255 ine
1222 2201 1520 2271 impietatis
1543 2215 1710 2255 causa
1738 2198 1964 2253 dedens.

389 2292 526 2347 Cum
554 2303 735 2349 autem
766 2279 948 2349 denuo
999 2308 1328 2349 conversum
1379 2301 1435 2348 et
1481 2294 1550 2347 ad
1599 2293 1880 2347 meliorem
1911 2305 1972 2344 se

393 2386 602 2458 frugem
623 2387 998 2456 recipientem,
1027 2384 1292 2441 reducere
1316 2399 1454 2454 opus
1484 2393 1594 2449 est,
1625 2397 1970 2452 consequen-

392 2489 477 2536 ter
511 2480 664 2550 pacis
697 2479 1050 2549 omniumque
1106 2478 1374 2533 bonorum
1434 2475 1616 2531 lumen
1671 2475 1802 2545 ipsis
1838 2472 1971 2529 oriri

391 2581 626 2642 oportet.
668 2573 712 2628 A
765 2587 852 2629 me
882 2574 1082 2642 quippe
1135 2579 1192 2625 et
1235 2569 1415 2624 lumen
1445 2579 1500 2624 et
1524 2584 1644 2638 qua:
1677 2567 1744 2622 ad
1782 2580 1969 2638 pacem

392 2672 641 2732 spectant
673 2664 855 2720 omnia
887 2662 1414 2728 subministrantur;
1443 2661 1654 2730 judicio
1684 2662 1812 2717 item
1853 2676 1972 2716 meo

394 2757 530 2812 ultio
561 2771 779 2826 quoque
814 2757 1108 2812 inducitur.
1147 2756 1493 2825 Quapropter
1525 2756 1668 2810 hanc
1697 2772 1727 2808 a
1763 2769 1847 2810 me
1871 2755 1970 2809 do-

391 2846 626 2900 ctrinam
650 2849 836 2915 accipe
866 2861 882 2912 ;
911 2860 999 2899 me
1013 2845 1225 2900 scilicet
1252 2852 1307 2897 et
1334 2841 1476 2899 lucis
1513 2843 1871 2906 conditorem,
1916 2853 1973 2900 et

395 2937 546 3006 pacis
585 2936 896 3008 largitorem
939 2951 1083 3003 esse,
1126 2934 1491 3004 similiterque
1534 2935 1878 2990 tenebrarum
1916 2945 1974 2991 et

392 3041 582 3081 eorum
613 3041 732 3096 quae
765 3025 939 3081 tristia
969 3033 1310 3095 reputantnr,
1334 3039 1455 3095 qua:
1485 3039 1585 3094 pro
1618 3025 1776 3080 malis
1803 3039 1972 3094 penes

396 3114 594 3171 multos
633 3114 941 3169 habentur:
977 3123 1035 3168 et
1066 3125 1246 3168 tamen
1276 3113 1472 3168 horum
1500 3124 1692 3169 auctor
1731 3128 1831 3184 ego
1862 3113 1970 3168 dici

2076 1917 2412 1988 μαθήσονται
2450 1917 2560 1970 τῶν
2602 1915 2813 1988 ἔργων·
2853 1917 2942 1970 ὅτε
2981 1916 3078 1987 μέν
3123 1916 3230 1988 γὰρ
3270 1913 3492 1985 λυπηρά
3519 1914 3664 1984 χρῆν

2075 2007 2375 2076 ἐπαγαγεῖν
2409 2006 2487 2076 τῷ
2519 2005 2640 2077 ἐμῷ
2670 2005 2787 2076 λαῷ
2821 2007 3126 2078 ἐπιστροφῇ
3161 2007 3254 2058 καὶ
3279 2004 3520 2074 παιδείᾳ,
3547 2005 3664 2067 τοῖς

2074 2096 2352 2166 πολεμίοις
2365 2097 2526 2149 αὐτὸν
2544 2095 2803 2162 ἐξέδωκα,
2827 2095 2977 2150 ὥσπε
2984 2115 3016 2168 ρ
3035 2097 3211 2166 σκότῳ
3223 2097 3314 2149 καὶ
3327 2096 3466 2168 ὀργῇ
3480 2111 3663 2166 παρα-

2070 2187 2192 2251 δοὺς
2215 2187 2376 2241 αὐτὸν
2389 2186 2496 2240 τῶν
2515 2187 2880 2258 ἀσεϐημάτων
2893 2189 3071 2259 χάρινο
3091 2190 3180 2241 ὅτε
3193 2189 3271 2255 δὲ,
3301 2188 3455 2258 φησὶ,
3471 2185 3665 2239 λοιπὸν

2074 2280 2480 2352 ἐπιστρέψαντα
2513 2282 2607 2334 καὶ
2638 2282 2993 2353 ὼφελημένον
3031 2283 3296 2354 προσήθιει
3327 2279 3624 2336 ἀναλαϐεῖν
3645 2321 3662 2345 ,

2073 2372 2366 2426 ἀκόλουθον
2401 2372 2468 2425 ἂν
2501 2374 2586 2444 εῖη
2619 2373 2736 2441 φῶς
2768 2375 2995 2444 εἰρήνης
3035 2374 3131 2426 καὶ
3175 2374 3393 2428 πάντων
3436 2372 3665 2442 ἀγαθῶν

2075 2464 2384 2518 ἀνατέλλειν
2400 2465 2488 2517 ἐπ’
2506 2465 2689 2519 αὐτόν.
2717 2465 2807 2532 Ἐξ
2829 2465 2965 2536 ἐμοῦ
2995 2466 3102 2536 γάρ
3120 2465 3182 2519 τὸ
3199 2465 3314 2534 φῶς
3342 2469 3665 2537 χορηγεῖται

2073 2556 2169 2611 καὶ
2200 2555 2270 2611 τά
2294 2557 2392 2628 τῆς
2412 2557 2636 2629 εἰρήνης
2655 2559 2830 2611 πάντα
2846 2574 2860 2588 ·
2880 2558 3060 2629 κρίσει
3091 2558 3148 2611 δέ
3165 2560 3230 2628 τῇ
3245 2558 3351 2628 ἐμῇ
3369 2558 3462 2611 καὶ
3478 2557 3548 2612 τά
3563 2559 3668 2630 τῆς

2072 2650 2243 2722 ὀργῆς
2279 2649 2564 2717 ἐπάγεται.
2609 2649 2808 2720 Διόπερ
2843 2649 3020 2720 δόγμα
3036 2650 3165 2720 παρ’
3189 2648 3322 2721 ἐμοῦ
3340 2650 3500 2703 τοῦτο
3519 2649 3662 2721 μάν-

2075 2742 2203 2796 θανε
2225 2759 2237 2774 ·
2272 2743 2348 2806 ὡς
2372 2742 2482 2814 ἄρα
2505 2741 2618 2810 ἐγὼ
2652 2743 2813 2806 αὐτὸς
2837 2743 2931 2796 καὶ⁵
2960 2744 3138 2812 φωτός
3164 2745 3283 2814 εἰμι
3308 2743 3668 2814 δημιουργὸς,

2073 2837 2168 2890 καὶ
2184 2837 2408 2908 εἰρήνης
2436 2837 2694 2907 χορηγὸς,
2714 2835 2916 2906 ὁμοίως
2949 2837 3008 2889 δέ
3046 2837 3140 2890 καὶ
3175 2837 3402 2899 σκότους
3436 2837 3667 2890 καὶτῶν

2074 2925 2446 2996 νομιζομένων
2469 2925 2730 2996 λυπηρῶν
2749 2943 2761 2954 ·
2792 2925 2938 2995 άπερ
2970 2927 3117 2980 κακά
3143 2929 3256 2988 τοῖς
3283 2926 3497 2989 πολλοῖς
3524 2921 3668 2980 εἶναι

2075 3019 2410 3090 νενόμισται,
2441 3013 2518 3073 ὧν
2546 3019 2775 3090 ποιητὴς
2802 3018 2868 3072 ἂν
2889 3018 3158 3089 λεχθείην,
3193 3018 3370 3090 κρίσει
3393 3019 3581 3092 δικαίᾳ
3600 3019 3672 3072 τά

2077 3114 2389 3186 κατάλληλα
2420 3117 2530 3179 τοῖς
2567 3114 2738 3182 ἀξίοις
2776 3113 3019 3182 ἐπάγων.
3049 3115 3112 3166 Εἰ
3151 3113 3330 3166 τοίνυν
3362 3111 3475 3182 ἐγὼ
3509 3113 3668 3178 Θεὸς,

393 3205 626 3272 valeam,
659 3205 808 3276 justo
833 3204 1040 3276 judicio
1071 3204 1373 3274 promerita
1410 3204 1642 3274 singulis
1677 3205 1965 3260 inducens.

2080 3209 2170 3262 xui.
2190 3209 2291 3261 οὐκ
2317 3207 2432 3261 ἐστι
2462 3207 2600 3279 πλὴν
2630 3205 2764 3276 ἐμοῦ
2781 3206 2988 3276 ἕτερος,
3019 3209 3047 3258 6
3071 3205 3241 3259 ποιῶν
3260 3205 3433 3257 ταῦτα
3461 3205 3667 3269 πάντα,

395 3299 457 3356 Si
488 3301 670 3369 itaque
695 3314 798 3371 ego
837 3299 1004 3364 Deus,
1029 3308 1082 3354 et
1109 3314 1215 3352 non
1240 3307 1321 3351 est
1347 3306 1545 3366 pratter
1575 3313 1661 3351 me
1691 3297 1852 3361 alius,
1877 3299 1968 3367 qui

397 3393 515 3447 haec
567 3391 750 3448 omnia
804 3391 1020 3458 faciat;
1065 3389 1283 3445 etiamsi
1330 3389 1608 3443 contraria
1663 3389 1970 3456 vidcantur,

394 3491 636 3537 attamen
667 3490 862 3537 natura
898 3495 996 3535 sua
1029 3480 1310 3536 contraria
1348 3494 1455 3533 non
1496 3489 1644 3534 sunt.
1680 3477 1811 3533 Nam
1854 3496 1973 3550 qua:

397 3571 538 3628 mala
584 3587 618 3629 ιι
667 3588 754 3626 me
793 3570 962 3642 inﬂigi
998 3571 1406 3634 existimantur,
1452 3584 1516 3624 ea
1559 3585 1693 3625 sane
1731 3569 1974 3624 maxime

397 3663 686 3720 conferunt
724 3663 792 3718 ad
827 3663 1118 3719 utilitatem
1154 3673 1212 3718 et
1242 3661 1475 3716 salutem
1518 3676 1731 3727 eorum,
1761 3661 1855 3732 qui
1889 3661 1975 3717 his

398 3754 469 3808 ad
493 3769 682 3810 sanam
707 3763 943 3810 mentem
975 3753 1335 3808 reducuntur.

470 3845 636 3902 Vsus.
663 3845 720 3901 8.
765 3863 784 3898 ι
834 3844 1070 3902 Lartetur
1119 3844 1317 3898 ctelum
1370 3845 1628 3914 desuper,
1686 3851 1744 3897 et
1803 3842 1976 3897 nubes

398 3937 603 3993 stillent
635 3937 901 4007 justitiam
928 3935 1258 4005 :aperiatur
1293 3945 1461 3999 terra,
1494 3945 1549 3989 et
1572 3936 1842 4003 germinet
1875 3935 1976 3988 nti--

398 4029 774 4093 sericordiam,
823 4039 879 4084 et
909 4026 1176 4096 justitiam
1222 4027 1359 4082 oriri
1409 4027 1579 4081 faciat
1631 4026 1818 4082 simul.
1863 4025 1976 4098 Ego

398 4137 520 4176 sum
577 4122 863 4188 Dominus,
914 4127 1005 4194 qui
1061 4128 1244 4182 creavi
1305 4136 1376 4182 te.
1429 4147 1448 4178 ι
1507 4126 1973 4193 Quemadmodum

397 4215 543 4271 enim
581 4227 792 4287 tempus
814 4220 942 4274 olim
973 4221 1096 4287 fuit,
1127 4239 1250 4278 cum
1285 4224 1520 4279 nubibus
1553 4223 1824 4289 mandavi,
1867 4242 1886 4275 (
1918 4233 1976 4277 ιιι

397 4324 507 4365 non
535 4310 783 4379 pluerent
806 4327 970 4384 super
1002 4315 1216 4371 vineam
1251 4315 1526 4386 pluviam;
1561 4336 1580 4369 ι
1616 4317 1690 4372 ita
1723 4325 1778 4372 et
1829 4332 1973 4372 nunc

398 4415 500 4458 suo
542 4410 786 4474 tempore
834 4403 1252 4463 rationabilibus
1303 4408 1543 4464 nubibus
1581 4408 1718 4464 meis
1781 4408 1977 4480 przeci-

399 4492 570 4563 piam,
611 4501 672 4550 ut
703 4509 812 4549 non
844 4497 1103 4553 sensilem
1137 4513 1358 4568 aquam,
1393 4500 1489 4554 sed
1511 4497 1782 4569 justitiam
1811 4499 1974 4555 desu-

398 4591 494 4653 per
526 4599 594 4640 ex
623 4587 734 4643 alto
761 4587 971 4646 stillent
1001 4592 1089 4658 iis,
1121 4590 1226 4660 qui
1251 4591 1566 4650 inhabitant
1599 4601 1829 4648 terram.

471 4677 639 4733 Vsus.
669 4679 724 4744 9,
757 4681 845 4737 10.
884 4701 902 4734 ι
936 4681 1076 4751 Quid
1102 4683 1301 4740 melius
1337 4685 1638 4755 praparavi
1685 4695 1744 4741 ut
1797 4685 1970 4740 lutum

395 4769 582 4842 ﬁguli?
612 4769 750 4828 Num
775 4774 867 4842 qui
903 4783 1044 4841 arat,
1080 4777 1258 4834 arabit
1306 4788 1511 4834 terram
1557 4785 1671 4833 tota
1689 4777 1972 4834 die?Num

396 4862 542 4919 dicet
562 4864 735 4920 lutum
783 4865 968 4937 figulo,
1012 4868 1153 4935 Quid
1200 4869 1358 4935 facis,
1405 4868 1668 4939 quoniam
1699 4885 1806 4923 non
1839 4885 1972 4939 ope-

397 4955 562 5022 raris,
595 4972 770 5027 neque
794 4958 963 5013 habes
993 4975 1184 5016 manus
1210 4961 1233 5015 ?
1263 4959 1400 5016 Num
1433 4960 1717 5031 respondit
1744 4961 1972 5032 ﬁgmen-

399 5053 514 5102 tum
547 5046 722 5102 flctori
751 5048 891 5102 suo?
917 5048 1016 5115 Qui
1048 5051 1181 5106 dicit
1239 5053 1403 5120 patri,
1450 5051 1591 5120 Quid
1629 5053 1921 5122 generabis
1949 5053 1974 5106 ?

397 5143 454 5190 et
481 5135 666 5201 matri,
699 5136 840 5203 Quid
875 5139 1104 5208 paries?
1137 5159 1156 5192 ι
1215 5141 1382 5206 Quasi
1412 5157 1507 5196 eos
1543 5141 1850 5212 alloquens,
1880 5143 1971 5212 qui

400 5225 696 5281 universali
733 5225 806 5281 illi
835 5227 1194 5298 providentiae
1241 5241 1297 5286 et
1341 5230 1806 5286 administrationi
1831 5247 1973 5287 con-

399 5317 697 5386 tradicunt,
729 5317 806 5373 ait
830 5338 843 5374 :
864 5317 953 5375 Vae
983 5321 1074 5390 qui
1101 5323 1437 5378 contradicit
1471 5323 1652 5379 lictori
1683 5339 1802 5378 suo.
1838 5321 1973 5378 Nam

397 5410 616 5480 quando
641 5411 996 5483 castigatione
1019 5423 1076 5468 et
1101 5415 1463 5470 conversione
1491 5431 1627 5484 opus
1647 5425 1787 5484 erat,
1822 5414 1980 5471 Jeru-

399 5499 570 5556 salem
601 5504 758 5571 quasi
787 5513 978 5559 testam
1014 5504 1268 5560 contrivi.
1323 5515 1378 5560 et
1431 5507 1689 5577 templum
1738 5507 1976 5562 inimicis

401 5599 455 5645 ct
495 5592 741 5650 hostibus
774 5595 1010 5664 tradidi;
1055 5613 1176 5652 cum
1221 5607 1404 5653 autem
1457 5608 1581 5669 post
1621 5597 1974 5656 sufﬁcientem

407 5683 612 5738 illatam
649 5700 886 5755 ptenam,
941 5686 1333 5742 humanitatem
1383 5690 1643 5746 exhibere
1693 5691 1970 5760 oportuit;

415 5787 536 5834 tunc
567 5788 620 5834 et
651 5779 905 5850 templum
954 5791 1009 5837 et
1057 5781 1247 5838 urbem
1299 5780 1543 5851 pristinis
1605 5784 1978 5852 praestantiora

2076 3299 2178 3353 κᾶν
2207 3299 2428 3353 ἐναντία
2460 3295 2605 3354 εἶναι
2646 3299 2800 3369 δοκῇ,
2835 3299 2937 3350 οὐκ
2970 3297 3099 3350 ὄντα
3121 3299 3189 3367 τῇ
3221 3295 3380 3366 φύσει
3417 3296 3664 3352 ἐναντία.

2087 3391 2239 3445 Ἐπεὶ
2272 3392 2367 3445 καὶ
2392 3391 2458 3446 τὰ
2486 3391 2814 3461 νομιζόμενα
2837 3391 2930 3443 ὑπ’
2952 3388 3086 3459 ἐμοῦ
3117 3389 3417 3456 ἐπάγεσθαι
3432 3387 3579 3442 κακὰ
3596 3388 3670 3444 τὰ

2079 3482 2312 3554 μέγιστα
2348 3481 2726 3552 συμϐάλλοιντ’
2759 3481 2827 3535 ἂν
2873 3481 3010 3552 πρὸς
3042 3480 3312 3550 ὠφέλειαν
3354 3481 3448 3534 καὶ
3486 3497 3669 3553 σωτη-

2077 3577 2201 3647 ρίαν
2225 3574 2335 3628 τῶν
2365 3575 2432 3628 δι’
2467 3572 2644 3628 αὐτῶν
2679 3573 3182 3645 σωφρονιζομένων.

2154 3863 2172 3895 ι
2206 3843 2576 3916 Εὐφρανθήτω
2615 3845 2644 3896 6
2687 3843 2916 3915 ούρανος
2957 3842 3185 3906 ἄνωθεν,
3227 3841 3322 3894 καὶ
3357 3840 3413 3893 αἱ
3443 3837 3670 3908 νεφέλαι

2079 3937 2396 4007 ῥανάτωσαν
2443 3930 2818 4008 δικαιοσύνηνο
2859 3936 3196 3990 ἀνατειλάτω
3228 3936 3264 4005 ή
3287 3936 3379 4005 γῆ,
3415 3933 3512 3987 καὶ
3544 3931 3673 4003 βλα-

2081 4027 2333 4096 στησάτω
2377 4027 2561 4092 ἕλεος,
2620 4027 2714 4080 καὶ
2763 4027 3111 4098 δικαιοσύνην
3155 4024 3492 4080 ἀνατειλάτω
3523 4023 3669 4096 ἅμα.

2090 4117 2232 4186 Ἐγώ
2253 4121 2367 4190 εἰμι
2396 4119 2600 4191 Κύριος
2627 4121 2656 4173 6
2681 4123 2871 4183 κτίσας
2903 4137 2984 4172 σε.
3019 4139 3037 4169 r
3070 4120 3281 4190 Ὥσπερ
3303 4118 3412 4190 γάρ
3440 4113 3510 4189 ἦν
3544 4136 3675 4172 και-

2079 4208 2171 4280 ρός
2206 4227 2358 4272 ποτε,
2409 4209 2496 4262 ὅτε
2537 4212 2661 4273 ταῖς
2701 4209 2955 4278 νεφέλαις
2997 4209 3351 4281 ἐνετειλάμην
3385 4228 3404 4261 ι
3444 4208 3543 4262 τοῦ
3591 4209 3672 4280 μὴ

2081 4301 2267 4374 βρέξαι
2295 4302 2373 4365 εἰς
2402 4301 2492 4354 τὸν
2509 4301 2808 4372 ἀμπελῶνα
2841 4302 3016 4366 ὑετὸν,
3046 4321 3064 4352 ›
3095 4301 3237 4354 οῦτω
3258 4300 3353 4354 νῦν
3379 4300 3521 4354 κατὰ
3545 4319 3674 4356 και-

2083 4393 2170 4465 ρὸν
2197 4395 2317 4457 ταῖς
2369 4395 2526 4463 ἐμαῖς
2559 4393 2808 4463 νεφέλαις
2847 4393 3092 4463 λιογικαῖς
3124 4393 3311 4460 οὓσαις
3339 4393 3675 4466 προστάσσω

2083 4485 2158 4556 μὴ
2187 4485 2444 4556 αἰσθητὸν
2477 4484 2642 4557 ὕδωρ,
2677 4485 2816 4540 ἀλλά
2850 4486 2950 4557 τὴν
2980 4485 3328 4558 δικαιοσύνην
3357 4485 3568 4542 ἀνωθεν
3608 4487 3675 4553 ἐξ

2081 4575 2247 4646 ὕψους
2264 4577 2564 4648 ἐπιραίνειν
2595 4581 2707 4641 τοῖς
2730 4579 2828 4649 τὴν
2861 4579 2963 4650 γῆν
2976 4579 3204 4633 οἰκοῦσι.

2158 4688 2174 4718 ι
2195 4669 2352 4721 Ποῖον
2384 4669 2590 4739 βέλτιον
2625 4673 3009 4750 κατεσκεύασα
3035 4671 3112 4736 ὡς
3145 4671 3314 4744 πηλὸν
3338 4672 3633 4744 κεραμέως
3654 4690 3674 4739 ;

2080 4759 2172 4830 Μὴ
2203 4762 2232 4812 6
2259 4760 2528 4833 ἀροτριῶν
2555 4763 2871 4836 ἀροτριάσει
2901 4764 2998 4836 τὴν
3028 4765 3132 4836 γῆν
3159 4764 3285 4835 ὃλην
3299 4764 3675 4837 τὴνήμέραν;

2079 4851 2170 4922 Μὴ
2188 4853 2304 4924 ἐρεῖ
2319 4855 2347 4905 ὁ
2366 4854 2534 4925 πηλὸς
2554 4856 2632 4927 τῷ
2650 4860 2903 4928 κεραμεῖ,
2923 4859 2988 4911 Τί
3007 4862 3199 4924 ποιεῖς,
3217 4860 3415 4912 ὅτιούκ
3431 4859 3676 4936 ἐργάζῃ,

2080 4943 2201 4996 οὐδὲ
2218 4943 2363 5014 ἔχεις
2389 4949 2577 5018 χεῖρας
2600 4949 2721 5021 ;Μὴ
2739 4950 3169 5021 ἀποκριθήσεται
3194 4951 3255 5004 τὸ
3282 4951 3512 5022 πλάσμα
3535 4953 3681 5025 πρὸς

2081 5036 2172 5090 τὸν
2186 5037 2468 5091 πλάσαντα
2486 5040 2614 5092 αύτό
2634 5057 2648 5105 ;
2668 5041 2724 5094 Ὀ
2748 5041 2920 5111 λέγων
2949 5042 3025 5114 τῷ
3045 5043 3230 5114 πατρὶ,
3250 5044 3315 5097 Τί
3343 5045 3632 5114 γεννήσεις
3654 5064 3672 5112 ;

2085 5137 2258 5208 καῖ.τῇ
2279 5138 2538 5209 μητρὶ,Τί
2565 5136 2776 5202 ὠδίνεις
2797 5156 2811 5204 ;
2840 5140 2926 5202 Ὠς
2947 5140 3056 5212 γάρ
3077 5139 3209 5210 πρὸς
3223 5139 3349 5203 τοὺς
3362 5138 3680 5208 ἀντιλέγον-

2079 5247 2178 5294 τας
2205 5232 2274 5301 τῇ
2299 5229 2524 5284 καθόλου
2562 5230 2786 5302 προνοίᾳ
2817 5249 2875 5284 τε
2907 5231 3000 5283 καὶ
3026 5230 3290 5302 διοικήσει
3312 5230 3478 5301 φησίν
3496 5249 3509 5261 ο
3534 5232 3679 5284 Οὐαὶ

2079 5324 2108 5375 6
2139 5322 2434 5392 ἀντιλέγων
2466 5322 2546 5394 τῷ
2587 5322 2852 5378 πλάσαντι
2882 5323 3065 5377 αὐτόν.
3106 5324 3236 5375 Ὅτε
3279 5322 3377 5394 μὲν
3400 5322 3511 5392 γὰρ
3542 5341 3679 5376 παι-

2080 5414 2248 5479 δείας,
2283 5416 2375 5468 καὶ
2403 5417 2740 5488 ἐπιστροφῆς
2784 5417 2946 5488 χρεία
2971 5411 3061 5486 ἦν,
3103 5415 3196 5468 καὶ
3243 5415 3541 5487 συνέτριψα
3571 5415 3680 5486 τὴν

2095 5506 2451 5578 Ἰερουσαλὴμ
2487 5507 2563 5573 ὡς
2596 5507 2885 5581 ὄστρακον,
2924 5509 3018 5562 καὶ
3051 5509 3144 5562 τὸν
3185 5508 3312 5562 ναὸν
3338 5509 3552 5580 ἐχθροῖς
3579 5510 3681 5561 καὶ

2029 5654 2032 5656 ν
2090 5595 2372 5666 πολεμίοις
2415 5599 2738 5669 παρέδωκα·
2785 5599 2875 5652 ὅτε
2916 5597 2974 5651 δέ
3023 5597 3186 5652 πάλιν
3239 5598 3343 5670 χρὴ
3390 5596 3531 5670 μετά
3571 5597 3683 5667 τὴν

2090 5689 2270 5743 αὐτῶν
2303 5691 2552 5761 αὐτάρκη
2606 5692 2876 5757 παιδείαν,
2906 5691 2974 5744 τά
3007 5693 3106 5762 τῆς
3143 5689 3552 5763 φιλανθρωπίας
3587 5691 3681 5743 ἐν-

2086 5781 2384 5850 δειξασθαι,
2416 5778 2534 5836 τότε
2574 5783 2817 5854 βελτίονα
2850 5783 2943 5838 τοῦ
2987 5783 3255 5856 προτέρου
3291 5780 3679 5838 κατεσκεύασα
