3880 6216
201 313 312 370 415
1129 315 1631 376 COMMENTARIA
1668 317 1736 373 IN
1773 315 2031 373 ISAIAM.
2071 347 2140 358 -—
2175 315 2328 372 CAP.
2368 313 2532 372 XLV.
3355 317 3460 376 ιιι

203 432 294 485 τὸν
331 429 472 484 νεὼν
508 431 602 486 καὶ
633 431 732 502 τὴν
779 430 952 496 πόλιν,
981 431 1060 496 ὼς
1093 432 1265 504 πηλὸν
1293 432 1580 506 κεραμέως
1613 451 1735 506 μετ(

1925 431 2207 487 οηειι-ιιιίε
2243 445 2364 500 quae
2415 419 2542 484 olim
2595 428 2826 484 contrita
2863 428 3103 492 fueram,
3139 444 3239 485 ceu
3284 430 3457 486 lutum

204 519 385 575 ϐαλὼν
411 521 511 575 καὶ
544 522 991 593 ἀνανεωσάμενος
1020 523 1090 578 τά
1122 525 1291 579 πάλαι
1325 526 1736 599 συντετριμμὲνι

1923 522 2061 593 guli,
2094 523 2162 576 ad
2192 521 2468 576 meliorem
2501 517 2731 574 formam
2763 521 3031 574 reducens
3057 528 3115 573 et
3158 534 3455 578 renovans.

276 628 299 663 ε
336 611 461 664 Ὀτι
478 609 622 664 οὕτω
644 611 792 679 λέγει
820 609 1024 682 Κύριος
1043 612 1071 664 ὁ
1090 611 1245 678 Θεὸς,
1276 615 1304 666 ὁ
1334 613 1526 683 ’Ἄγιος
1550 611 1785 684 Ἰσραὴλ,

1955 611 2120 666 Vsus.
2155 611 2238 664 ιι.
2295 608 2605 675 ιρυοιιίοιη
2664 607 2744 662 sic
2793 607 2928 664 dicit
2972 608 3239 665 Dominus
3294 610 3459 676 Deus,

199 703 228 756 δ
263 701 501 774 ποίησας
533 700 602 755 τὰ
626 701 969 774 ἐπερχόμενα
991 721 1003 732 ·
1048 703 1391 777 Ἐρωτήσατὲ
1424 722 1490 776 με
1525 703 1652 776 περὶ
1681 705 1731 758 τί

1932 712 2122 757 anctus
2155 701 2341 767 lsrael,
2379 701 2472 771 qui
2521 699 2652 755 fecit
2699 709 2927 755 ventura
2961 717 2976 756 :
3007 701 3345 772 lnterrogate
3377 718 3464 760 me

202 793 337 847 υἰῶν
365 811 494 864 μου,
521 793 614 847 καὶ
643 795 770 866 περὶ
795 794 903 849 τῶν
936 794 1113 868 ἔργων
1137 795 1246 848 τῶν
1267 795 1464 866 χειρῶν
1495 813 1595 866 μου
1622 795 1734 848 ὲντε

1932 813 1955 850 e
1983 795 2106 851 ﬁliis
2138 797 2294 862 meis,
2329 795 2464 850 etde
2480 795 2736 866 operibus
2761 811 3016 850 manuum
3049 811 3293 852 mearum
3325 813 3464 868 pm-

200 883 366 938 λασΘέ
411 901 522 956 μοι.
562 903 580 935 ›
612 884 961 940 Παιδευέσθω
989 883 1280 959 τοιγαροῦν
1310 886 1418 950 πᾶς
1445 885 1731 958 ἄνθρωπος

1934 889 2054 957 ipite
2121 889 2321 943 mihi.»
2377 887 2670 942 Erudiatur
2719 888 2902 957 itaque
2957 888 3136 960 quivis
3187 888 3348 946 homo
3396 890 3466 945 de

199 979 309 1033 ἀπὸ
347 979 456 1050 γῆς
483 978 708 1050 ληφθεὶς
759 977 851 1032 καί
914 977 1074 1049 σῶμα
1127 977 1330 1046 γεῶδες
1383 976 1731 1048 περικείμενο

1933 996 2034 1035 :rra
2079 992 2349 1050 sumptus,
2399 988 2454 1035 et
2502 989 2720 1036 terreno
2767 981 2985 1036 indutus
3035 996 3287 1052 corpore,
3328 983 3465 1038 nihil

203 1069 376 1140 πηλοῦ
421 1088 478 1124 τε
519 1071 686 1143 μηδὲν
723 1069 997 1142 διαφέρων
1027 1069 1328 1142 παραθέσει
1367 1068 1462 1122 τοῦ
1507 1068 1735 1123 κτίσαντι

1934 1072 2143 1127 iﬁ'erens
2165 1088 2194 1126 a
2226 1073 2337 1128 luto
2366 1073 2410 1128 si
2440 1088 2560 1127 cum
2595 1081 2848 1128 creatore
2872 1089 2969 1129 suo
2995 1085 3361 1144 comparetur,
3396 1091 3466 1132 ne

201 1162 386 1227 αὐτὸν,
423 1163 498 1234 μὴ
527 1161 731 1234 τολμᾷν
767 1165 890 1226 ταῖς
922 1161 1017 1216 τοῦ
1048 1160 1185 1215 Θεοῦ
1217 1160 1547 1231 διοικήσεσιν
1578 1159 1729 1213 ἁντιλ

1938 1171 2085 1221 adeat
2113 1167 2205 1221 Dei
2241 1165 2632 1236 dispensationi
2671 1167 3078 1234 contradicere,
3123 1183 3299 1238 neque
3344 1184 3470 1239 pro-

199 1271 340 1322 γειν,
373 1254 509 1325 μηδὲ
532 1252 988 1325 καταμέμφεσθαι
1019 1253 1120 1324 τῆς
1141 1253 1396 1326 προνοίας
1419 1253 1545 1316 τοὺς
1577 1252 1731 1321 λόγου

1936 1258 2142 1314 identia:
2175 1258 2440 1312 rationem
2486 1258 2728 1328 culpare.
2771 1258 2906 1314 Nam
2937 1261 3089 1314 multi
3119 1262 3333 1332 queruli
3367 1262 3468 1317 ho-

201 1344 397 1399 Πολλοὶ
431 1346 539 1418 γάρ
567 1343 705 1399 εἰσιν
738 1346 787 1398 οἰ
821 1343 1249 1416 φιλεγκλήμονες
1295 1343 1572 1399 αἰτιᾶσθαι
1606 1344 1733 1398 sit-t0

1938 1352 2063 1406 lines
2113 1359 2260 1417 sunt,
2297 1350 2388 1419 qui
2441 1350 2722 1405 criminari
2770 1361 2826 1406 et
2869 1365 3098 1422 arguere
3135 1352 3339 1407 audent
3385 1353 3470 1408 his

199 1454 291 1501 τες
315 1477 333 1503 ,
366 1437 482 1490 Kal
511 1436 562 1490 τί
595 1435 703 1508 γὰρ
719 1439 1012 1508 ἀναγκαῖον
1033 1433 1101 1509 ἦν
1120 1437 1219 1508 τὴν
1251 1435 1426 1511 ἀρχὴν
1455 1438 1535 1500 εἰς
1565 1436 1656 1489 τὸν
1678 1435 1728 1506 βί

1937 1445 2072 1499 arbis
2118 1463 2130 1498 :
2182 1443 2321 1511 Quid
2379 1457 2606 1498 necesse
2655 1442 2756 1496 fuit
2801 1457 2832 1496 a
2879 1443 3146 1514 principio
3188 1444 3256 1498 ad
3303 1444 3469 1499 vitam

201 1528 526 1601 παρελθεῖνς
565 1528 842 1597 λέγοντες·
875 1528 974 1582 Διά
1005 1528 1058 1582 τί
1100 1528 1157 1582 δὲ
1189 1528 1362 1582 ταῦτα
1413 1528 1609 1582 οὑτωσί
1648 1527 1733 1597 γίν

1938 1537 2174 1593 'ansire?
2202 1537 2310 1593 Cur
2341 1537 2458 1590 haec
2493 1535 2585 1590 tali
2618 1535 2781 1592 modo
2807 1536 3161 1592 conduntur?
3188 1534 3328 1602 Quid
3370 1536 3470 1590 hu-

201 1641 336 1690 ταις
373 1623 440 1677 Τί
471 1623 531 1678 δὲ
575 1623 683 1676 τῶν
718 1621 975 1676 τοιούτων
1007 1617 1076 1694 ἦν
1109 1621 1304 1693 χρεία;
1357 1621 1464 1674 ἔδει
1507 1621 1616 1693 γάρ
1650 1619 1733 1674 οὔτ

1941 1631 2122 1687 ιειιιοιίἰ
2178 1630 2339 1685 rebus
2397 1628 2578 1698 Opus?
2632 1644 2754 1682 nam
2822 1629 2926 1684 hoc
2975 1627 3094 1682 ﬁeri
3143 1629 3304 1682 modo
3372 1643 3473 1697 par

198 1715 552 1785 γεγενῆσθαι.
587 1714 746 1768 Ἀλλά
766 1713 976 1779 τούτοις
1001 1714 1284 1787 πρόκειται
1303 1713 1364 1766 τὺ
1385 1733 1403 1765 ι
1428 1713 1586 1768 υύαί.
1625 1713 1730 1784 Ἑρ‹

1943 1735 2030 1778 rat.
2081 1723 2276 1777 Verum
2328 1722 2394 1776 ad
2443 1737 2538 1776 eos
2585 1732 2794 1790 spectat
2835 1721 2988 1786 illud,
3032 1719 3190 1777 «γε.
3245 1719 3475 1776 Interro-

199 1805 407 1878 τήσατέ
449 1823 517 1876 με
547 1807 676 1877 περὶ
721 1805 831 1860 τῶν
864 1807 995 1859 υίῶν
1028 1785 1152 1876 μου,
1190 1805 1284 1858 καὶ
1326 1803 1584 1875 περὶτῶν
1611 1803 1731 1875 ἔργι

1932 1826 2012 1871 ate
2038 1831 2126 1870 me
2155 1815 2222 1870 de
2260 1814 2384 1869 ﬁliis
2410 1816 2565 1878 meis,
2597 1823 2654 1870 et
2682 1817 2750 1870 de
2770 1815 3026 1886 operibus
3056 1830 3312 1871 manuum
3348 1829 3464 1872 me-

158 1958 169 1966 _
198 1898 311 1952 τῶν
350 1898 556 1971 χειρῶν
608 1902 729 1970 μουχ
752 1897 1062 1952 ἐντείλασθέ
1099 1915 1223 1968 μοι·
1267 1916 1287 1949 ι
1335 1897 1435 1967 τῆς
1477 1896 1574 1966 μὲν
1597 1913 1684 1948 νοε

2025 1927 2046 1964 ι
2080 1908 2358 1978 prmcipite
2406 1907 2560 1962 mihi.
2590 1927 2610 1960 ›
2653 1907 2914 1963 Filiorum
2947 1908 3167 1962 nomine
3198 1907 3476 1964 intellectu
3555 1894 3557 1896 ’

199 1992 298 2045 καὶ
326 1991 556 2062 λογικῆς
581 1991 766 2055 οὐσίας
793 1989 882 2044 διά
902 1990 1013 2043 τῶν
1045 1989 1177 2044 υἱῶν
1195 1989 1530 2064 δηλουμένης
1548 2005 1563 2019 ·
1601 1987 1711 2040 τῶν

1940 2002 2119 2058 raadita
2183 2010 2238 2056 et
2296 2001 2642 2056 rationabilis
2709 2002 3017 2056 substantia
3088 2000 3472 2072 signiﬁcatur;

197 2081 292 2136 τοῦ
323 2083 537 2153 κόσμου
568 2080 751 2153 μερῶν
787 2081 876 2135 διὰ
905 2081 1014 2136 τῶν
1042 2081 1221 2153 ἔργων
1252 2081 1361 2134 τῶν
1393 2079 1594 2154 χειρῶν
1622 2080 1729 2134 αὐτ

1943 2095 2146 2150 κπίὒυε
2175 2103 2356 2152 autem
2384 2110 2636 2149 manuum
2671 2093 2788 2164 ejus
2815 2135 2829 2160 ,
2866 2094 3048 2150 mundi
3080 2103 3264 2165 partes
3293 2094 3475 2151 decla-

204 2174 656 2246 παρισταμένων.
1893 2205 1951 2243 ra
1961 2206 1989 2242 η
2000 2198 2050 2241 ιιι
2061 2205 2102 2242 r.

277 2307 299 2339 ι
342 2285 489 2355 Ἐγὼ
515 2287 752 2358 ἐποίησα
771 2286 875 2357 γῆν
907 2286 1004 2340 καὶ
1033 2284 1316 2357 ἄνθρωπον
1343 2286 1429 2338 ἐπ’
1456 2285 1649 2356 αὐτῆς·
1679 2283 1792 2353 ἐγὼ

1965 2280 2130 2336 Vens.
2165 2277 2254 2333 l2.
2294 2278 2437 2347 «Ego
2467 2277 2568 2332 feci
2610 2289 2832 2342 terram,
2877 2286 2932 2332 et
2974 2277 3246 2333 hominem
3281 2277 3334 2332 in
3365 2292 3428 2333 ea
3457 2297 3472 2335 :

199 2381 270 2448 τῇ
307 2378 457 2449 χειρί
491 2395 591 2448 μου
621 2376 931 2448 ὲστερέωσα
956 2377 1046 2430 τὸν
1078 2376 1335 2448 οὐρανὸν,
1371 2375 1481 2445 ἐγὼ
1512 2377 1645 2430 πᾶσι
1678 2393 1731 2428 τε

1945 2388 1992 2444 go
2025 2389 2187 2427 manu
2237 2387 2356 2426 mea
2390 2371 2597 2424 ﬁrmavi
2639 2371 2859 2434 ccelum,
2889 2386 2991 2442 ego
3035 2371 3289 2426 omnibus
3315 2372 3477 2427 astris

199 2469 428 2540 ἄστροις
449 2467 823 2540 ἐνετειλάμην.
858 2488 876 2520 ι
901 2468 1034 2521 Τίνα
1055 2463 1148 2520 οὖν
1170 2466 1282 2538 ἔχοι
1301 2466 1535 2520 ἐνταῦθα
1555 2467 1619 2537 μέ
1627 2466 1731 2537 μψι

1951 2465 2166 2519 andavi.
2199 2483 2219 2517 ι
2279 2463 2542 2532 Quaenam
2602 2463 2766 2536 igitur
2819 2464 2910 2519 hic
2962 2462 3216 2534 culpandi
3265 2463 3476 2519 causa?

200 2559 366 2614 Ποῖον
398 2558 459 2612 δὲ
487 2559 584 2628 οὐχ
622 2559 911 2632 ὑπεραίρει
945 2559 1160 2624 κάλλος,
1190 2559 1225 2629 ἢ
1255 2562 1404 2612 ποῖον
1435 2559 1496 2612 ού
1528 2558 1732 2612 καλύπτ

1945 2557 2116 2612 nalem
2155 2556 2612 2628 pulchritudinem
2659 2572 2764 2610 non
2819 2563 3064 2626 superat,
3121 2565 3216 2610 aut
3261 2555 3475 2626 qualem

207 2649 474 2721 μέγεθος
506 2650 570 2703 Τί
597 2650 654 2703 δὲ
683 2650 806 2721 οὐχὶ
828 2650 1187 2722 συμϐαλεῖται
1214 2651 1386 2705 ταῦτα
1428 2651 1564 2722 πρός
1596 2667 1660 2719 γε
1689 2649 1739 2704 τί

1951 2650 2325 2722 agnitudinem
2381 2664 2486 2703 non
2538 2648 2715 2719 operit
2765 2655 2822 2703 et
2880 2647 3138 2704 excedit?
3193 2647 3477 2716 Quomodo

202 2740 302 2798 τοῦ
327 2742 596 2813 παρόντος
635 2741 904 2815 κόσμησιν
951 2743 1046 2798 καὶ
1094 2743 1230 2814 πρὸς
1261 2742 1352 2797 τὸν
1385 2745 1442 2797 ὲν
1483 2741 1734 2814 ἀνορὼπο

1942 2758 2010 2799 aee
2041 2759 2146 2797 non
2177 2741 2533 2798 conferantur
2564 2740 2630 2794 ad
2663 2741 2948 2811 praesentis
2989 2741 3171 2795 mundi
3203 2749 3474 2807 ornatum,

211 2835 451 2908 βιωφελῆ
479 2834 626 2906 βίον;
654 2835 763 2907 Γῆν
795 2836 894 2906 μὲν
927 2834 1038 2908 γὰρ
1063 2835 1295 2906 ἐποίησα
1322 2837 1422 2890 ούκ
1447 2835 1671 2907 ἔρημον,
1705 2852 1743 2887 οι

1945 2876 1950 2889 ,
1980 2835 2046 2891 ad
2077 2834 2418 2890 commodam
2447 2833 2728 2889 hominum
2762 2834 2926 2888 vitam
2951 2823 2985 2887 ἵ
3017 2833 3244 2889 Terram
3277 2833 3477 2904 quippe

207 2928 266 2981 δὲ
293 2929 568 2999 ἄχρηστον
601 2931 864 2998 στοιχεῖον
885 2945 900 2957 ’
925 2929 1238 3000 οἰκητήριον
1263 2927 1320 2981 δὲ
1351 2926 1671 2999 ἀνθρώπων.
1703 2927 1739 2978 Δ

1943 2941 2001 2981 on
2037 2925 2308 2981 desertam
2343 2925 2600 2993 condidi,
2651 2939 2828 2994 neque
2881 2925 3070 2980 inutile
3105 2923 3475 2991 elementum;

209 3023 304 3076 καὶ
328 3020 400 3075 τὰ
422 3018 585 3074 λοιπά
607 3018 724 3085 ζῶά
752 3037 811 3073 τε
841 3020 935 3073 καὶ
967 3020 1110 3090 φυτά
1135 3021 1214 3084 εἰς
1247 3023 1441 3092 χρῆσιν
1468 3019 1562 3072 καὶ
1591 3019 1740 3090 ὑπηρ

1945 3019 1990 3073 ed
2018 3019 2072 3072 in
2101 3016 2430 3073 domicilium
2485 3016 2816 3074 hominibus.
2870 3016 3213 3087 Quapropter
3270 3016 3477 3087 reliqua

209 3112 332 3166 σίαν
363 3107 672 3181 ἀνθρώποις
715 3126 776 3162 τε
823 3108 1248 3180 παρεσκεύασα·
1301 3109 1530 3180 οὐρανόν
1555 3126 1614 3161 τε
1639 3110 1741 3162 ἐστι

1946 3111 2174 3176 timalia,
2217 3119 2274 3166 et
2324 3110 2537 3182 plantas
2577 3110 2644 3164 ad
2681 3125 2839 3166 usum
2879 3120 2934 3165 et
2965 3109 3332 3165 ministerium
3381 3109 3478 3164 ho-

211 3201 416 3272 ρέωσα,
443 3201 723 3272 κοσμήσας
744 3200 994 3272 ἄστροιςο
1037 3197 1118 3265 οἷς
1149 3200 1501 3272 ἐνετειλάμην
1531 3198 1743 3254 sinam

1953 3205 2134 3261 inibus
2177 3202 2486 3274 apparavi:
2536 3202 2848 3274 caelumque
2895 3201 3150 3266 ﬁrmavi,
3202 3210 3257 3256 et
3307 3199 3480 3256 astris

209 3294 305 3347 καὶ
329 3291 652 3363 ἐναρμόνιον
695 3292 965 3346 ποιεῖσθαι
1016 3291 1114 3363 τὴν
1149 3292 1391 3364 κίνησινο
1435 3292 1510 3355 ὡς
1538 3292 1660 3345 τοτὲ
1695 3291 1741 3363 μῖ

1947 3297 2158 3353 tornavi
2191 3314 2206 3350 :
2253 3297 2454 3368 quibus
2498 3296 2731 3366 praecepi
2763 3304 2823 3348 ut
2859 3294 3129 3349 concinno
3167 3301 3224 3348 et
3263 3294 3479 3346 harmo-

208 3383 426 3452 φαίνειν
469 3383 583 3444 τοῖς
620 3381 713 3434 ἐπὶ
749 3383 847 3452 τῆς
883 3383 1008 3452 γῆς,
1043 3381 1165 3435 τοτὲ
1195 3382 1249 3436 δὲ
1282 3378 1422 3436 εἶναι
1465 3384 1544 3446 εἰς
1571 3383 1740 3453 σημεῖα

1941 3392 2020 3448 ico
2060 3399 2207 3443 motu
2247 3387 2646 3459 procederent;
2682 3401 2805 3441 cum
2847 3393 2907 3439 ut
2941 3393 3147 3440 terram
3181 3380 3473 3437 incolenti-

207 3473 308 3527 καὶ
349 3473 434 3536 εἰς
474 3471 722 3544 καιροὺς,
771 3473 864 3525 καὶ
914 3475 995 3538 εἰς
1040 3474 1273 3547 ἡμέρας,
1311 3475 1408 3528 καὶ
1455 3473 1652 3546 μῆνας,
1699 3491 1739 3528 κι

1943 3499 1996 3540 us
2020 3483 2284 3550 lucerent,
2318 3489 2430 3537 tum
2459 3488 2518 3534 ut
2543 3487 2722 3535 essent
2745 3479 2797 3534 in
2823 3478 3001 3546 signa,
3029 3476 3082 3531 in
3125 3485 3391 3544 tempora,
3421 3471 3475 3528 in

207 3562 516 3626 ἐνιαυτούς.

1895 3576 2034 3645 dies,
2069 3589 2284 3632 menses
2311 3581 2368 3630 et
2396 3586 2589 3628 annos.

287 3736 308 3768 ι
350 3716 496 3785 Ἐγὼ
538 3717 736 3788 ἡγειρα
781 3716 944 3771 αὐτὸν
987 3716 1124 3788 μετά
1165 3716 1511 3801 δικαιοσύνης
1547 3717 1793 3790 βασιλέα,

1965 3733 2132 3788 Vens.
2163 3731 2249 3788 l3.
2287 3749 2306 3783 ι
2330 3729 2443 3801 Ego
2466 3727 2696 3785 excitavi
2722 3741 2844 3783 eum
2880 3741 3003 3782 enm
3028 3724 3240 3795 jnstitia
3270 3739 3473 3797 regem,

207 3807 308 3862 καὶ
335 3809 510 3861 πᾶσαι
550 3808 607 3862 αἰ
643 3807 752 3862 ὁδοὶ
795 3807 960 3862 αὐτοῦ
997 3807 1221 3861 εὐθεῖαι.
1251 3800 1419 3872 Οὗτος
1451 3809 1739 3880 οἰκοὼμὴσ

1942 3838 1950 3883 *.
1988 3841 2178 3882 omnes
2219 3827 2320 3880 via:
2357 3800 2477 3892 ejus
2520 3832 2705 3878 recte.
2747 3820 2849 3876 llic
2877 3820 3168 3876 :ediﬁcabit
3197 3818 3474 3875 civitatem

205 3899 314 3972 τὴν
357 3899 513 3954 πόλιν
557 3918 682 3972 μου,
715 3901 809 3954 καὶ
850 3900 950 3972 τὴν
991 3900 1369 3972 αἰχμαλωσίαν
1401 3901 1498 3956 τοῦ
1533 3901 1664 3956 λαοῦ
1693 3921 1737 3973 με

1944 3935 2108 3984 ream,
2156 3927 2208 3973 et
2257 3916 2626 3986 captivitatem
2687 3913 2868 3986 p0puli
2915 3913 3020 3968 mei
3063 3915 3324 3979 reducet,
3365 3927 3476 3968 non

211 3990 556 4062 ἐπιστρέψει,
589 3990 649 4044 οὐ
684 3990 820 4062 μετά
841 3989 1072 4063 λύτρων,
1102 3991 1224 4044 οὐδὲ
1263 3993 1402 4062 μετὰ
1433 3990 1642 4061 δώρων,
1675 3987 1743 4044 εἷα

1942 4013 2087 4073 retio.
2141 4024 2320 4080 neque
2365 4007 2701 4072 muneribus,
2752 4005 2831 4060 ait
2872 4005 3131 4060 Dominus
3165 4001 3425 4060 Sabaoth.
3452 4021 3474 4056 ι

211 4079 419 4151 Κύριος
450 4078 732 4134 Σαϐαὼθ.»
753 4079 889 4134 Τίνα
912 4080 970 4133 δὲ
993 4079 1182 4135 τοῦτον
1207 4080 1242 4164 ᾖ
1269 4083 1450 4149 ποῖον;
1488 4082 1546 4134 '0
1582 4081 1682 4152 μέν
1710 4099 1741 4134 τ

1947 4121 2065 4160 nem
2110 4111 2202 4158 aut
2231 4078 2446 4171 qualem
2479 4099 2570 4154 hic
2611 4097 2916 4153 memorat?
2958 4095 3164 4167 Cyrum
3188 4094 3478 4150 Persarum

212 4174 334 4244 ὲρετ
351 4170 443 4222 τὸν
469 4169 578 4224 τῶν
599 4169 828 4242 Περσῶν
860 4170 1081 4241 βασιλέα
1118 4170 1321 4243 Κῦρον,
1353 4167 1415 4226 οὗ
1445 4172 1541 4226 καὶ⁵
1569 4171 1658 4226 διὰ
1688 4172 1744 4225 τι]

1948 4213 2117 4267 :getn.
2177 4167 2322 4250 dicet
2367 4191 2638 4263 quispiam
2667 4229 2683 4256 ,
2729 4188 2887 4260 cujus
2941 4188 2995 4242 in
3049 4184 3480 4257 praecedentibus

213 4261 528 4334 ἔμπροσθεν
578 4261 984 4332 ἐμνημόνευσεν
1031 4263 1061 4315 ὁ
1106 4261 1298 4331 λόγος’
1332 4263 1409 4327 ὡς
1458 4262 1586 4336 περὶ
1629 4264 1745 4316 αὐτ(

1947 4261 2178 4354 reminit;
2235 4287 2310 4343 ita
2358 4261 2418 4340 ut
2466 4261 2532 4339 de
2576 4281 2670 4338 illo
2721 4281 3040 4345 diceretur,
3094 4292 3332 4334 «omnes
3378 4275 3479 4330 via:

212 4355 473 4424 λέγεσθαι
495 4355 577 4419 τὸ,
618 4375 635 4406 ι
669 4355 847 4408 Πᾶσαι
872 4356 926 4408 αἰ
947 4354 1056 4408 ὁδοὶ
1087 4354 1256 4409 αὑτοῦ
1286 4355 1508 4421 εὐθεῖαι,
1543 4375 1562 4407 ι
1587 4355 1622 4427 ἢ
1655 4372 1744 4409 καλι

1952 4399 2014 4437 us
2054 4387 2294 4442 recten
2356 4377 2470 4432 sive
2517 4376 2812 4432 secundum
2867 4372 3296 4444 Symmachum,
3363 4368 3478 4422 «Et

213 4448 308 4502 τὸν
335 4447 649 4518 Σύμμαχον,
687 4465 705 4497 ι
738 4445 849 4500 Καὶ
877 4445 1055 4511 πάσας
1081 4446 1180 4510 τάς
1201 4446 1353 4510 ὁδοὺς
1381 4447 1545 4500 αὑτοῦ
1568 4447 1745 4501 εύθυνί

1946 4489 2088 4530 mnes
2129 4473 2244 4529 vias
2291 4469 2410 4541 ejus
2457 4477 2634 4525 rectas
2671 4468 2891 4524 faciam.
2937 4466 3008 4521 Et
3057 4465 3146 4526 hic
3183 4463 3478 4519 mdiﬁcabit

213 4539 330 4595 Kal
356 4534 510 4603 οὗτος
530 4538 872 4610 οἰκοδομήσει
898 4537 996 4609 τὴν
1023 4539 1180 4592 πόλιν
1214 4556 1337 4610 μου.
1371 4558 1390 4590 ι
1424 4540 1659 4611 Δυνάμει
1685 4538 1745 4608 γὲ

1953 4571 2171 4624 vitalem
2205 4581 2401 4622 meam.
2431 4585 2449 4618 ι
2497 4564 2634 4618 Nam
2667 4563 2756 4618 hic
2786 4563 3016 4634 quadam
3049 4560 3258 4615 ratione
3286 4558 3477 4614 civita-

213 4626 383 4694 αὐτὸς
413 4626 482 4701 ἦν
511 4633 542 4684 ὁ
575 4630 675 4701 τὴν
709 4629 864 4683 πόλιν
894 4629 1256 4700 οἰκοδομήσας
1282 4629 1382 4701 τὴν
1421 4629 1745 4702 Ὶερουσαλὴε

1943 4680 2003 4717 em
2025 4660 2452 4730 Hierosolymam
2483 4657 2767 4712 aediﬁcavit
2784 4626 2955 4725 ,'quia
2979 4653 3246 4708 volentem
3287 4665 3475 4721 quem-

213 4724 304 4777 διά
334 4721 431 4776 τοῦ
467 4721 865 4792 συγχωρεῖσθαι
895 4723 1008 4784 τοῖς
1034 4720 1305 4774 ἐθέλουσιν
1326 4721 1532 4775 ἀνιέναι
1563 4721 1670 4775 ἀπὸ
1699 4726 1745 4776 τῆ

1943 4771 2003 4810 ue
2045 4753 2317 4825 permisit,
2371 4749 2642 4823 Babylone
2699 4746 3010 4818 proﬁcisci,
3060 4756 3113 4800 et
3159 4745 3336 4799 locum
3387 4759 3475 4798 re-

217 4813 558 4878 Βαϐυλῶνος,
589 4814 683 4866 καὶ
713 4813 1019 4886 ἀνεγείρειν
1045 4813 1136 4866 τὸν
1156 4813 1339 4867 τόπον.
1361 4813 1532 4867 Τοῦτο
1559 4814 1694 4885 ἐπλή
1704 4831 1749 4886 ρι

1941 4861 2167 4901 ιουταιε.
2187 4845 2332 4911 llzec,
2357 4842 2652 4898 secundum
2686 4839 2992 4904 historiam,
3021 4843 3354 4892 memoratus
3380 4849 3473 4888 rex

213 4905 361 4961 κατά
409 4907 508 4976 τὴν
564 4905 806 4975 ἱστορίαν
860 4907 890 4959 ὁ
941 4903 1203 4976 δηλωθεὶς
1246 4903 1471 4975 Περσῶν
1523 4901 1742 4973 βασιλεύ

1946 4954 2191 4994 ersarutn
2245 4935 2511 5004 implevit.
2563 4933 2716 4987 Alius
2765 4946 2898 4987 vero
2941 4931 3206 5000 quispiam
3255 4927 3474 4993 dixerit,

219 4997 416 5061 Ἄλλος
441 4997 487 5049 δ’
521 4996 588 5051 ἂν
609 4997 754 5050 εῐποι
784 4995 957 5050 ταῦτα
990 4995 1243 5064 λέγεσθαι
1276 4997 1404 5068 περὶ
1434 4996 1528 5049 τοῦ
1561 4994 1751 5066 Ζοροὸέ

1943 5047 2019 5087 :ec
2060 5031 2124 5086 de
2155 5027 2488 5085 Zorobabele
2519 5026 2648 5091 dici,
2680 5026 2770 5094 qui
2813 5039 2880 5078 ex
2916 5024 3060 5094 regia
3091 5022 3260 5091 stirpe
3289 5020 3475 5074 oriun-

218 5091 335 5156 δελ,
357 5089 437 5153 ὃς,
465 5087 574 5143 ἀπὸ
599 5087 694 5141 τοῦ
730 5087 1007 5158 βασιλικοῦ
1047 5088 1237 5156 γένους
1261 5086 1602 5160 ὁρμώμενος,
1633 5083 1702 5158 ἦν
1733 5087 1750 5140 ἰ

1941 5139 2025 5188 us,
2056 5139 2120 5178 ex
2161 5122 2300 5176 tribu
2336 5119 2471 5176 Juda
2515 5127 2570 5174 et
2605 5133 2669 5172 ex
2711 5117 3059 5172 successione
3086 5113 3303 5169 Davidls
3332 5120 3471 5166 erat.

220 5183 394 5254 φυλῆς
419 5179 592 5235 Ἰούδα
623 5181 719 5234 καὶ
745 5182 846 5251 τῆς
881 5179 974 5233 τοῦ
1001 5179 1163 5234 Δαυῒδ
1193 5179 1462 5250 διαδοχῆς.
1510 5176 1670 5232 Ἀλλὰ
1702 5194 1752 5232 xc

1942 5233 2012 5272 no
2063 5230 2192 5270 vero
2244 5213 2392 5268 solus
2437 5211 2690 5267 Christus
2744 5210 3047 5263 animarum
3109 5204 3473 5274 captivitatem

217 5274 319 5345 τὴν
366 5271 478 5325 τῶν
518 5268 708 5342 ψυχῶν
739 5271 1112 5343 αἰχμαλωσίαν
1140 5270 1300 5342 μόνος
1349 5272 1377 5323 ό
1414 5269 1648 5341 Χριστὸς
1694 5268 1749 5322 ἀι

1943 5309 2136 5369 eduxit,
2199 5318 2362 5377 atque
2414 5321 2444 5359 a
2502 5305 2808 5360 daemonum
2870 5313 3058 5356 errore
3110 5296 3475 5365 servituteqne

218 5363 476 5437 ἔστρεψε,
501 5365 599 5436 τῆς
625 5363 944 5436 δαιμονικῆς
964 5363 1168 5434 πλάνης
1185 5362 1554 5435 ἐλευθερώσας
1575 5363 1668 5416 καὶ
1685 5362 1750 5416 δο·

1942 5401 2154 5458 beravit
2191 5418 2206 5454 :
2252 5362 2414 5468 idque
2447 5397 2598 5460 fecit,
2643 5411 2748 5451 non
2795 5393 2971 5465 pretio
3013 5406 3080 5446 ac
3119 5389 3471 5444 muneribus-

217 5455 402 5518 λείας·
447 5455 542 5509 καὶ
577 5453 737 5508 τοῦτο
763 5453 997 5524 ἔπραξεν
1027 5455 1088 5509 ού
1129 5455 1267 5524 μετά
1291 5453 1521 5526 λύτρων,
1549 5455 1670 5508 οὐδὲ
1702 5472 1749 5525 μι

219 5542 287 5595 τὰ
325 5539 547 5597 δὼοωνο
597 5542 627 5596 δ
664 5541 728 5597 δὴ
757 5543 852 5596 καὶ
884 5543 1127 5596 διδάσκει
1167 5544 1198 5596 δ
1236 5541 1557 5597 ’Λπόστολος
1593 5543 1749 5597 simi»

1943 5493 2045 5548 uod
2085 5492 2250 5548 etiam
2294 5453 2451 5548 docet
2483 5488 2794 5560 Apostolus,
2827 5488 3048 5543 dicens:
3070 5503 3089 5538 ι
3114 5483 3302 5540 Gratia
3340 5481 3473 5538 salvi

407 5559 547 5642 ρωνο
597 5542 627 5596 ὃ
664 5542 728 5597 δὴ
757 5543 852 5596 καὶ
884 5543 1127 5596 διδάσκει
1167 5544 1198 5596 δ
1236 5542 1557 5606 ’Λπόστολος
1593 5543 1792 5598 εἰπών’

757 5543 852 5596 καὶ
884 5543 1127 5642 iam“
1167 5544 1198 5596 δ
1236 5542 1557 5606 “We
1593 5543 1792 5598 Ww-
1905 5542 2267 5642 esset.

229 5650 251 5683 ο
285 5631 483 5703 Χάριτί
509 5634 634 5686 ἐστε
667 5633 1014 5706 σεσωσμένοι.
1059 5653 1078 5686 ι

297 5741 319 5774 ι
349 5720 508 5780 Uitam
543 5721 695 5791 λέγει
730 5721 930 5795 Κύριος
972 5721 1197 5780 Σαϐαώο
1225 5740 1234 5755 ·
1284 5725 1599 5782 Ἐκοπίασεν
1627 5725 1792 5793 Δίγυ-

1977 5720 2143 5779 νειε.
2172 5721 2257 5777 li.
2290 5739 2308 5777 ι
2340 5720 2431 5777 Sic
2471 5720 2603 5778 dicit
2639 5719 2897 5778 Dominus
2927 5717 3163 5776 Sabaoth
3194 5731 3205 5770 :
3236 5713 3473 5771 Labora-
