  <div class='ocr_page' id='page_1' title='image "/cluster/home/n/w/nwhite01/storage/ocr_20150623/24/nnc1.0046978259/225.png"; bbox 0 0 3880 6216; ppageno 0'>
   <div class='ocr_carea' id='block_1_1' title="bbox 409 340 514 395">
    <p class='ocr_par' dir='ltr' id='par_1_1' title="bbox 409 340 514 395">
     <span class='ocr_line' id='line_1_1' title="bbox 409 340 514 395; baseline 0.01 -2"><span class='ocrx_word' id='word_1_1' title='bbox 409 340 514 395; x_wconf 64' lang='lat' dir='ltr'><strong>“Si</strong></span> 
     </span>
    </p>
   </div>
   <div class='ocr_carea' id='block_1_2' title="bbox 1084 337 1999 401">
    <p class='ocr_par' dir='ltr' id='par_1_2' title="bbox 1084 341 1993 401">
     <span class='ocr_line' id='line_1_2' title="bbox 1084 341 1993 401; baseline 0.004 -6"><span class='ocrx_word' id='word_1_2' title='bbox 1084 341 1356 400; x_wconf 85' lang='lat' dir='ltr'><strong>EUSEBII</strong></span> <span class='ocrx_word' id='word_1_3' title='bbox 1394 342 1869 401; x_wconf 68' lang='grc' dir='ltr'><strong>ΟᾸΞΞΑΒΙΕΝὸιὸ</strong></span> <span class='ocrx_word' id='word_1_4' title='bbox 1907 344 1993 400; x_wconf 84' lang='grc' dir='ltr'><strong>ΟΡ</strong></span> 
     </span>
    </p>
   </div>
   <div class='ocr_carea' id='block_1_3' title="bbox 2107 337 3668 401">
    <p class='ocr_par' dir='ltr' id='par_1_3' title="bbox 2107 337 3668 401">
     <span class='ocr_line' id='line_1_3' title="bbox 2107 337 3668 401; baseline -0.007 -1"><span class='ocrx_word' id='word_1_5' title='bbox 2107 344 2282 400; x_wconf 76' lang='lat' dir='ltr'><strong>PARS</strong></span> <span class='ocrx_word' id='word_1_6' title='bbox 2321 345 2412 401; x_wconf 90' lang='lat' dir='ltr'><strong>lll.</strong></span> <span class='ocrx_word' id='word_1_7' title='bbox 2453 375 2520 386; x_wconf 91' lang='lat'><strong><em>——</em></strong></span> <span class='ocrx_word' id='word_1_8' title='bbox 2560 339 2976 398; x_wconf 70' lang='lat' dir='ltr'><strong>EXEGETICA.</strong></span> <span class='ocrx_word' id='word_1_9' title='bbox 3561 337 3668 390; x_wconf 73' lang='lat' dir='ltr'><strong>M6</strong></span> 
     </span>
    </p>
   </div>
   <div class='ocr_carea' id='block_1_4' title="bbox 408 451 1999 532">
    <p class='ocr_par' dir='ltr' id='par_1_4' title="bbox 408 459 1984 530">
     <span class='ocr_line' id='line_1_4' title="bbox 408 459 1984 530; baseline 0.003 -20"><span class='ocrx_word' id='word_1_10' title='bbox 408 469 486 512; x_wconf 80' lang='lat' dir='ltr'><strong>vit</strong></span> <span class='ocrx_word' id='word_1_11' title='bbox 515 461 799 528; x_wconf 70' lang='lat' dir='ltr'><strong>A‘ngptns,</strong></span> <span class='ocrx_word' id='word_1_12' title='bbox 847 468 900 512; x_wconf 92' lang='lat' dir='ltr'><strong>et</strong></span> <span class='ocrx_word' id='word_1_13' title='bbox 943 459 1238 528; x_wconf 92' lang='lat' dir='ltr'><strong>negotiatio</strong></span> <span class='ocrx_word' id='word_1_14' title='bbox 1273 459 1614 530; x_wconf 66' lang='lat' dir='ltr'><strong>Ethiopum,</strong></span> <span class='ocrx_word' id='word_1_15' title='bbox 1659 473 1712 516; x_wconf 86' lang='lat' dir='ltr'><strong>et</strong></span> <span class='ocrx_word' id='word_1_16' title='bbox 1762 462 1984 516; x_wconf 85' lang='lat' dir='ltr'><strong>Sabaim</strong></span> 
     </span>
    </p>
   </div>
   <div class='ocr_carea' id='block_1_5' title="bbox 2107 451 3675 532">
    <p class='ocr_par' dir='ltr' id='par_1_5' title="bbox 2107 451 3675 532">
     <span class='ocr_line' id='line_1_5' title="bbox 2107 451 3675 532; baseline -0.006 -20"><span class='ocrx_word' id='word_1_17' title='bbox 2107 479 2242 524; x_wconf 81' lang='grc' dir='ltr'>ττος,</span> <span class='ocrx_word' id='word_1_18' title='bbox 2273 463 2368 516; x_wconf 72' lang='grc' dir='ltr'><strong>καὶ</strong></span> <span class='ocrx_word' id='word_1_19' title='bbox 2407 461 2646 532; x_wconf 81' lang='grc' dir='ltr'>ἐμπορία</span> <span class='ocrx_word' id='word_1_20' title='bbox 2673 457 2965 516; x_wconf 76' lang='grc' dir='ltr'><strong>Αἰθιόπων,</strong></span> <span class='ocrx_word' id='word_1_21' title='bbox 3003 456 3096 508; x_wconf 80' lang='grc' dir='ltr'><strong>καὶ</strong></span> <span class='ocrx_word' id='word_1_22' title='bbox 3133 455 3182 507; x_wconf 85' lang='grc' dir='ltr'>οἱ</span> <span class='ocrx_word' id='word_1_23' title='bbox 3213 455 3459 524; x_wconf 79' lang='grc' dir='ltr'>Σαοαεὶμ</span> <span class='ocrx_word' id='word_1_24' title='bbox 3482 451 3675 524; x_wconf 74' lang='grc' dir='ltr'>ἄνδρες</span> 
     </span>
    </p>
   </div>
   <div class='ocr_carea' id='block_1_6' title="bbox 409 551 1992 619">
    <p class='ocr_par' dir='ltr' id='par_1_6' title="bbox 409 551 1992 619">
     <span class='ocr_line' id='line_1_6' title="bbox 409 551 1992 619; baseline 0.003 -16"><span class='ocrx_word' id='word_1_25' title='bbox 409 551 508 604; x_wconf 83' lang='lat' dir='ltr'><strong>viri</strong></span> <span class='ocrx_word' id='word_1_26' title='bbox 549 551 746 605; x_wconf 84' lang='lat' dir='ltr'><strong>excelsi</strong></span> <span class='ocrx_word' id='word_1_27' title='bbox 788 551 854 605; x_wconf 92' lang='lat' dir='ltr'><strong>ad</strong></span> <span class='ocrx_word' id='word_1_28' title='bbox 890 561 940 605; x_wconf 91' lang='lat' dir='ltr'><strong>te</strong></span> <span class='ocrx_word' id='word_1_29' title='bbox 969 552 1297 618; x_wconf 80' lang='lat' dir='ltr'><strong>transibunt,</strong></span> <span class='ocrx_word' id='word_1_30' title='bbox 1334 563 1390 606; x_wconf 91' lang='lat' dir='ltr'><strong>et</strong></span> <span class='ocrx_word' id='word_1_31' title='bbox 1418 554 1512 606; x_wconf 90' lang='lat' dir='ltr'><strong>tibi</strong></span> <span class='ocrx_word' id='word_1_32' title='bbox 1544 553 1690 608; x_wconf 83' lang='lat' dir='ltr'><strong>servi</strong></span> <span class='ocrx_word' id='word_1_33' title='bbox 1720 563 1903 619; x_wconf 92' lang='lat' dir='ltr'><strong>erunt,</strong></span> <span class='ocrx_word' id='word_1_34' title='bbox 1937 564 1992 608; x_wconf 86' lang='lat' dir='ltr'><strong>et</strong></span> 
     </span>
    </p>
   </div>
   <div class='ocr_carea' id='block_1_7' title="bbox 406 644 1989 713">
    <p class='ocr_par' dir='ltr' id='par_1_7' title="bbox 406 644 1989 713">
     <span class='ocr_line' id='line_1_7' title="bbox 406 644 1989 713; baseline 0.003 -16"><span class='ocrx_word' id='word_1_35' title='bbox 406 652 529 712; x_wconf 86' lang='lat' dir='ltr'><strong>post</strong></span> <span class='ocrx_word' id='word_1_36' title='bbox 560 653 609 698; x_wconf 88' lang='lat' dir='ltr'><strong>te</strong></span> <span class='ocrx_word' id='word_1_37' title='bbox 639 653 933 713; x_wconf 80' lang='lat' dir='ltr'><strong>sequentur</strong></span> <span class='ocrx_word' id='word_1_38' title='bbox 976 644 1144 698; x_wconf 90' lang='lat' dir='ltr'><strong>vincti</strong></span> <span class='ocrx_word' id='word_1_39' title='bbox 1185 644 1456 699; x_wconf 89' lang='lat' dir='ltr'><strong>manicis:</strong></span> <span class='ocrx_word' id='word_1_40' title='bbox 1483 653 1539 699; x_wconf 91' lang='lat' dir='ltr'><strong>et</strong></span> <span class='ocrx_word' id='word_1_41' title='bbox 1573 647 1886 700; x_wconf 87' lang='lat' dir='ltr'><strong>transibunt</strong></span> <span class='ocrx_word' id='word_1_42' title='bbox 1923 648 1989 702; x_wconf 90' lang='lat' dir='ltr'><strong>ad</strong></span> 
     </span>
    </p>
   </div>
   <div class='ocr_carea' id='block_1_8' title="bbox 409 737 1990 808">
    <p class='ocr_par' dir='ltr' id='par_1_8' title="bbox 409 737 1990 808">
     <span class='ocr_line' id='line_1_8' title="bbox 409 737 1990 808; baseline 0.004 -22"><span class='ocrx_word' id='word_1_43' title='bbox 409 745 461 788; x_wconf 90' lang='lat' dir='ltr'><strong>te</strong></span> <span class='ocrx_word' id='word_1_44' title='bbox 487 779 500 800; x_wconf 93' lang='lat'><strong>,</strong></span> <span class='ocrx_word' id='word_1_45' title='bbox 540 745 589 786; x_wconf 85' lang='lat' dir='ltr'><strong>et</strong></span> <span class='ocrx_word' id='word_1_46' title='bbox 628 737 933 790; x_wconf 90' lang='lat' dir='ltr'><strong>adorabunt</strong></span> <span class='ocrx_word' id='word_1_47' title='bbox 961 745 1052 802; x_wconf 91' lang='lat' dir='ltr'><strong>te;</strong></span> <span class='ocrx_word' id='word_1_48' title='bbox 1089 745 1142 791; x_wconf 90' lang='lat' dir='ltr'><strong>et</strong></span> <span class='ocrx_word' id='word_1_49' title='bbox 1170 737 1222 790; x_wconf 92' lang='lat' dir='ltr'><strong>in</strong></span> <span class='ocrx_word' id='word_1_50' title='bbox 1265 745 1316 790; x_wconf 90' lang='lat' dir='ltr'><strong>te</strong></span> <span class='ocrx_word' id='word_1_51' title='bbox 1341 739 1710 806; x_wconf 88' lang='lat' dir='ltr'><strong>precabnntur</strong></span> <span class='ocrx_word' id='word_1_52' title='bbox 1735 757 1748 792; x_wconf 90' lang='lat'><strong>:</strong></span> <span class='ocrx_word' id='word_1_53' title='bbox 1776 742 1902 808; x_wconf 90' lang='lat' dir='ltr'><strong>quia</strong></span> <span class='ocrx_word' id='word_1_54' title='bbox 1936 739 1990 793; x_wconf 92' lang='lat' dir='ltr'><strong>in</strong></span> 
     </span>
    </p>
   </div>
   <div class='ocr_carea' id='block_1_9' title="bbox 417 828 1991 902">
    <p class='ocr_par' dir='ltr' id='par_1_9' title="bbox 417 828 1991 902">
     <span class='ocr_line' id='line_1_9' title="bbox 417 828 1991 902; baseline 0.002 -22"><span class='ocrx_word' id='word_1_55' title='bbox 417 837 466 880; x_wconf 83' lang='lat' dir='ltr'><strong>te</strong></span> <span class='ocrx_word' id='word_1_56' title='bbox 500 828 640 882; x_wconf 86' lang='lat' dir='ltr'><strong>Deus</strong></span> <span class='ocrx_word' id='word_1_57' title='bbox 664 838 768 896; x_wconf 87' lang='lat' dir='ltr'><strong>est,</strong></span> <span class='ocrx_word' id='word_1_58' title='bbox 797 839 851 882; x_wconf 91' lang='lat' dir='ltr'><strong>et</strong></span> <span class='ocrx_word' id='word_1_59' title='bbox 880 845 984 883; x_wconf 92' lang='lat' dir='ltr'><strong>non</strong></span> <span class='ocrx_word' id='word_1_60' title='bbox 1011 840 1092 883; x_wconf 90' lang='lat' dir='ltr'><strong>est</strong></span> <span class='ocrx_word' id='word_1_61' title='bbox 1117 830 1258 884; x_wconf 90' lang='lat' dir='ltr'><strong>Deus</strong></span> <span class='ocrx_word' id='word_1_62' title='bbox 1293 841 1493 899; x_wconf 56' lang='lat' dir='ltr'><strong>prmter</strong></span> <span class='ocrx_word' id='word_1_63' title='bbox 1534 839 1606 884; x_wconf 91' lang='lat' dir='ltr'><strong>te.</strong></span> <span class='ocrx_word' id='word_1_64' title='bbox 1638 849 1656 881; x_wconf 74' lang='grc' dir='ltr'><strong>ι</strong></span> <span class='ocrx_word' id='word_1_65' title='bbox 1701 829 1991 902; x_wconf 67' lang='grc' dir='ltr'>Ᾱῐεγριυιιι</span> 
     </span>
    </p>
   </div>
   <div class='ocr_carea' id='block_1_10' title="bbox 415 921 1995 991">
    <p class='ocr_par' dir='ltr' id='par_1_10' title="bbox 415 921 1995 991">
     <span class='ocr_line' id='line_1_10' title="bbox 415 921 1995 991; baseline 0.003 -17"><span class='ocrx_word' id='word_1_66' title='bbox 415 923 488 974; x_wconf 88' lang='lat' dir='ltr'><strong>ait</strong></span> <span class='ocrx_word' id='word_1_67' title='bbox 519 921 835 976; x_wconf 65' lang='lat' dir='ltr'><strong>idololatriae</strong></span> <span class='ocrx_word' id='word_1_68' title='bbox 875 937 1062 976; x_wconf 89' lang='lat' dir='ltr'><strong>errore</strong></span> <span class='ocrx_word' id='word_1_69' title='bbox 1105 921 1402 984; x_wconf 90' lang='lat' dir='ltr'><strong>laborasse,</strong></span> <span class='ocrx_word' id='word_1_70' title='bbox 1447 923 1664 991; x_wconf 87' lang='lat' dir='ltr'><strong>quando</strong></span> <span class='ocrx_word' id='word_1_71' title='bbox 1697 923 1912 977; x_wconf 79' lang='lat' dir='ltr'><strong>diabolo</strong></span> <span class='ocrx_word' id='word_1_72' title='bbox 1939 933 1995 978; x_wconf 85' lang='lat' dir='ltr'><strong>et</strong></span> 
     </span>
    </p>
   </div>
   <div class='ocr_carea' id='block_1_11' title="bbox 409 1013 1990 1084">
    <p class='ocr_par' dir='ltr' id='par_1_11' title="bbox 409 1013 1990 1084">
     <span class='ocr_line' id='line_1_11' title="bbox 409 1013 1990 1084; baseline 0.001 -16"><span class='ocrx_word' id='word_1_73' title='bbox 409 1014 682 1068; x_wconf 87' lang='lat' dir='ltr'><strong>ministris</strong></span> <span class='ocrx_word' id='word_1_74' title='bbox 720 1013 838 1082; x_wconf 85' lang='lat' dir='ltr'><strong>ejus</strong></span> <span class='ocrx_word' id='word_1_75' title='bbox 887 1015 1226 1068; x_wconf 67' lang='lat' dir='ltr'><strong>daemonibus</strong></span> <span class='ocrx_word' id='word_1_76' title='bbox 1271 1013 1514 1084; x_wconf 90' lang='lat' dir='ltr'><strong>subjecta</strong></span> <span class='ocrx_word' id='word_1_77' title='bbox 1556 1025 1714 1070; x_wconf 90' lang='lat' dir='ltr'><strong>erat:</strong></span> <span class='ocrx_word' id='word_1_78' title='bbox 1754 1025 1990 1070; x_wconf 85' lang='lat' dir='ltr'><strong>attamen</strong></span> 
     </span>
    </p>
   </div>
   <div class='ocr_carea' id='block_1_12' title="bbox 410 1105 1990 1176">
    <p class='ocr_par' dir='ltr' id='par_1_12' title="bbox 410 1105 1990 1176">
     <span class='ocr_line' id='line_1_12' title="bbox 410 1105 1990 1176; baseline 0.001 -15"><span class='ocrx_word' id='word_1_79' title='bbox 410 1123 440 1161; x_wconf 90' lang='lat' dir='ltr'><strong>a</strong></span> <span class='ocrx_word' id='word_1_80' title='bbox 493 1107 682 1162; x_wconf 88' lang='lat' dir='ltr'><strong>labore</strong></span> <span class='ocrx_word' id='word_1_81' title='bbox 737 1107 1092 1161; x_wconf 83' lang='lat' dir='ltr'><strong>recreandam</strong></span> <span class='ocrx_word' id='word_1_82' title='bbox 1144 1105 1434 1176; x_wconf 68' lang='lat' dir='ltr'><strong>ngyptum</strong></span> <span class='ocrx_word' id='word_1_83' title='bbox 1489 1120 1610 1160; x_wconf 88' lang='lat' dir='ltr'><strong>esse</strong></span> <span class='ocrx_word' id='word_1_84' title='bbox 1664 1105 1990 1175; x_wconf 86' lang='lat' dir='ltr'><strong>pollicetur:</strong></span> 
     </span>
    </p>
   </div>
   <div class='ocr_carea' id='block_1_13' title="bbox 409 1197 1989 1268">
    <p class='ocr_par' dir='ltr' id='par_1_13' title="bbox 409 1197 1989 1268">
     <span class='ocr_line' id='line_1_13' title="bbox 409 1197 1989 1268; baseline 0.003 -18"><span class='ocrx_word' id='word_1_85' title='bbox 409 1214 516 1268; x_wconf 88' lang='lat' dir='ltr'><strong>qna</strong></span> <span class='ocrx_word' id='word_1_86' title='bbox 566 1207 732 1254; x_wconf 85' lang='lat' dir='ltr'><strong>totum</strong></span> <span class='ocrx_word' id='word_1_87' title='bbox 775 1198 1093 1253; x_wconf 59' lang='lat' dir='ltr'><strong>idololatriae</strong></span> <span class='ocrx_word' id='word_1_88' title='bbox 1149 1213 1320 1268; x_wconf 90' lang='lat' dir='ltr'><strong>genus</strong></span> <span class='ocrx_word' id='word_1_89' title='bbox 1362 1199 1686 1252; x_wconf 86' lang='lat' dir='ltr'><strong>subindicat.</strong></span> <span class='ocrx_word' id='word_1_90' title='bbox 1740 1216 1759 1250; x_wconf 78' lang='grc' dir='ltr'><strong>ι</strong></span> <span class='ocrx_word' id='word_1_91' title='bbox 1790 1198 1855 1252; x_wconf 78' lang='lat' dir='ltr'><strong>Et</strong></span> <span class='ocrx_word' id='word_1_92' title='bbox 1889 1197 1989 1254; x_wconf 81' lang='lat' dir='ltr'><strong>Sa-</strong></span> 
     </span>
    </p>
   </div>
   <div class='ocr_carea' id='block_1_14' title="bbox 409 1289 1994 1362">
    <p class='ocr_par' dir='ltr' id='par_1_14' title="bbox 409 1289 1994 1362">
     <span class='ocr_line' id='line_1_14' title="bbox 409 1289 1994 1362; baseline 0.001 -18"><span class='ocrx_word' id='word_1_93' title='bbox 409 1292 556 1345; x_wconf 92' lang='lat' dir='ltr'><strong>baim</strong></span> <span class='ocrx_word' id='word_1_94' title='bbox 593 1292 693 1345; x_wconf 91' lang='lat' dir='ltr'><strong>viri</strong></span> <span class='ocrx_word' id='word_1_95' title='bbox 733 1290 954 1346; x_wconf 76' lang='lat' dir='ltr'><strong>excelsi.</strong></span> <span class='ocrx_word' id='word_1_96' title='bbox 989 1310 1009 1343; x_wconf 84' lang='grc'><strong>›</strong></span> <span class='ocrx_word' id='word_1_97' title='bbox 1053 1289 1216 1357; x_wconf 87' lang='lat' dir='ltr'><strong>Queis</strong></span> <span class='ocrx_word' id='word_1_98' title='bbox 1261 1291 1570 1362; x_wconf 81' lang='lat' dir='ltr'><strong>signiﬁcare</strong></span> <span class='ocrx_word' id='word_1_99' title='bbox 1613 1292 1825 1345; x_wconf 86' lang='lat' dir='ltr'><strong>videtur</strong></span> <span class='ocrx_word' id='word_1_100' title='bbox 1867 1292 1994 1346; x_wconf 84' lang='lat' dir='ltr'><strong>bar—</strong></span> 
     </span>
    </p>
   </div>
   <div class='ocr_carea' id='block_1_15' title="bbox 407 1383 1996 1454">
    <p class='ocr_par' dir='ltr' id='par_1_15' title="bbox 407 1383 1996 1454">
     <span class='ocr_line' id='line_1_15' title="bbox 407 1383 1996 1454; baseline 0.003 -17"><span class='ocrx_word' id='word_1_101' title='bbox 407 1383 570 1438; x_wconf 86' lang='lat' dir='ltr'><strong>baras</strong></span> <span class='ocrx_word' id='word_1_102' title='bbox 605 1385 864 1453; x_wconf 87' lang='lat' dir='ltr'><strong>quasdam</strong></span> <span class='ocrx_word' id='word_1_103' title='bbox 910 1383 1283 1454; x_wconf 89' lang='lat' dir='ltr'><strong>immanesque</strong></span> <span class='ocrx_word' id='word_1_104' title='bbox 1319 1392 1533 1454; x_wconf 88' lang='lat' dir='ltr'><strong>gentes,</strong></span> <span class='ocrx_word' id='word_1_105' title='bbox 1563 1393 1805 1438; x_wconf 81' lang='lat' dir='ltr'><strong>extrema</strong></span> <span class='ocrx_word' id='word_1_106' title='bbox 1838 1395 1996 1442; x_wconf 68' lang='lat' dir='ltr'><strong>terrae</strong></span> 
     </span>
    </p>
   </div>
   <div class='ocr_carea' id='block_1_16' title="bbox 411 1475 1998 1544">
    <p class='ocr_par' dir='ltr' id='par_1_16' title="bbox 411 1475 1998 1544">
     <span class='ocr_line' id='line_1_16' title="bbox 411 1475 1998 1544; baseline 0.003 -15"><span class='ocrx_word' id='word_1_107' title='bbox 411 1476 728 1541; x_wconf 80' lang='lat' dir='ltr'><strong>incolentes,</strong></span> <span class='ocrx_word' id='word_1_108' title='bbox 764 1491 903 1544; x_wconf 86' lang='lat' dir='ltr'><strong>quas</strong></span> <span class='ocrx_word' id='word_1_109' title='bbox 934 1475 1152 1531; x_wconf 84' lang='lat' dir='ltr'><strong>Christo</strong></span> <span class='ocrx_word' id='word_1_110' title='bbox 1192 1477 1438 1532; x_wconf 91' lang='lat' dir='ltr'><strong>subditas</strong></span> <span class='ocrx_word' id='word_1_111' title='bbox 1477 1476 1593 1533; x_wconf 79' lang='lat' dir='ltr'><strong>fore</strong></span> <span class='ocrx_word' id='word_1_112' title='bbox 1628 1478 1998 1544; x_wconf 80' lang='lat' dir='ltr'><strong>vaticinatur;</strong></span> 
     </span>
    </p>
   </div>
   <div class='ocr_carea' id='block_1_17' title="bbox 411 1570 842 1637">
    <p class='ocr_par' dir='ltr' id='par_1_17' title="bbox 411 1570 842 1637">
     <span class='ocr_line' id='line_1_17' title="bbox 411 1570 842 1637; baseline 0.002 -15"><span class='ocrx_word' id='word_1_113' title='bbox 411 1584 588 1637; x_wconf 90' lang='lat' dir='ltr'><strong>quare</strong></span> <span class='ocrx_word' id='word_1_114' title='bbox 624 1570 842 1624; x_wconf 82' lang='lat' dir='ltr'><strong>subdit:</strong></span> 
     </span>
    </p>
   </div>
   <div class='ocr_carea' id='block_1_18' title="bbox 2094 544 3674 625">
    <p class='ocr_par' dir='ltr' id='par_1_18' title="bbox 2094 544 3674 625">
     <span class='ocr_line' id='line_1_18' title="bbox 2094 544 3674 625; baseline -0.007 -19"><span class='ocrx_word' id='word_1_115' title='bbox 2094 553 2285 625; x_wconf 75' lang='grc' dir='ltr'>ὑψηλοὶ</span> <span class='ocrx_word' id='word_1_116' title='bbox 2335 554 2428 606; x_wconf 82' lang='grc' dir='ltr'><strong>ἐπὶ</strong></span> <span class='ocrx_word' id='word_1_117' title='bbox 2465 553 2523 606; x_wconf 84' lang='grc' dir='ltr'><strong>σέ</strong></span> <span class='ocrx_word' id='word_1_118' title='bbox 2561 552 2927 623; x_wconf 82' lang='grc' dir='ltr'>διαϐήσονται,</span> <span class='ocrx_word' id='word_1_119' title='bbox 2975 548 3068 601; x_wconf 75' lang='grc' dir='ltr'><strong>καὶ</strong></span> <span class='ocrx_word' id='word_1_120' title='bbox 3101 547 3184 600; x_wconf 75' lang='grc' dir='ltr'><strong>σοὶ</strong></span> <span class='ocrx_word' id='word_1_121' title='bbox 3219 546 3432 600; x_wconf 77' lang='grc' dir='ltr'>ἔσονται</span> <span class='ocrx_word' id='word_1_122' title='bbox 3473 544 3674 604; x_wconf 90' lang='grc' dir='ltr'>δοῦλοι,</span> 
     </span>
    </p>
   </div>
   <div class='ocr_carea' id='block_1_19' title="bbox 2093 637 3673 712">
    <p class='ocr_par' dir='ltr' id='par_1_19' title="bbox 2093 637 3673 712">
     <span class='ocr_line' id='line_1_19' title="bbox 2093 637 3673 712; baseline -0.005 -16"><span class='ocrx_word' id='word_1_123' title='bbox 2093 645 2188 696; x_wconf 78' lang='grc' dir='ltr'><strong>καὶ</strong></span> <span class='ocrx_word' id='word_1_124' title='bbox 2211 645 2388 696; x_wconf 83' lang='grc' dir='ltr'><strong>ὀπίσω</strong></span> <span class='ocrx_word' id='word_1_125' title='bbox 2417 661 2508 697; x_wconf 92' lang='grc' dir='ltr'><strong>σου</strong></span> <span class='ocrx_word' id='word_1_126' title='bbox 2544 642 2966 712; x_wconf 85' lang='grc' dir='ltr'>ἀκολουθήσουσι</span> <span class='ocrx_word' id='word_1_127' title='bbox 2996 639 3268 710; x_wconf 85' lang='grc' dir='ltr'><strong>δεδεμένοι</strong></span> <span class='ocrx_word' id='word_1_128' title='bbox 3296 637 3640 710; x_wconf 81' lang='grc' dir='ltr'>χειροπέδαις</span> <span class='ocrx_word' id='word_1_129' title='bbox 3659 653 3673 665; x_wconf 89' lang='grc'><strong>·</strong></span> 
     </span>
    </p>
   </div>
   <div class='ocr_carea' id='block_1_20' title="bbox 2093 730 3678 808">
    <p class='ocr_par' dir='ltr' id='par_1_20' title="bbox 2093 730 3678 808">
     <span class='ocr_line' id='line_1_20' title="bbox 2093 730 3678 808; baseline -0.006 -18"><span class='ocrx_word' id='word_1_130' title='bbox 2093 737 2186 790; x_wconf 70' lang='grc' dir='ltr'>καὶ</span> <span class='ocrx_word' id='word_1_131' title='bbox 2210 737 2552 808; x_wconf 78' lang='grc' dir='ltr'>διαϐήσονται</span> <span class='ocrx_word' id='word_1_132' title='bbox 2579 736 2715 807; x_wconf 87' lang='grc' dir='ltr'>πρὸς</span> <span class='ocrx_word' id='word_1_133' title='bbox 2741 735 2820 792; x_wconf 82' lang='grc' dir='ltr'><strong>σὲ,</strong></span> <span class='ocrx_word' id='word_1_134' title='bbox 2848 733 2944 785; x_wconf 71' lang='grc' dir='ltr'><strong>καὶ</strong></span> <span class='ocrx_word' id='word_1_135' title='bbox 2981 730 3413 804; x_wconf 85' lang='grc' dir='ltr'>προσκυνήσουσί</span> <span class='ocrx_word' id='word_1_136' title='bbox 3441 747 3552 783; x_wconf 76' lang='grc' dir='ltr'>σοι’</span> <span class='ocrx_word' id='word_1_137' title='bbox 3583 731 3678 782; x_wconf 75' lang='grc' dir='ltr'><strong>καὶ</strong></span> 
     </span>
    </p>
   </div>
   <div class='ocr_carea' id='block_1_21' title="bbox 2093 821 3679 900">
    <p class='ocr_par' dir='ltr' id='par_1_21' title="bbox 2093 821 3679 900">
     <span class='ocr_line' id='line_1_21' title="bbox 2093 821 3679 900; baseline -0.004 -20"><span class='ocrx_word' id='word_1_138' title='bbox 2093 830 2150 881; x_wconf 86' lang='grc' dir='ltr'><strong>ἐν</strong></span> <span class='ocrx_word' id='word_1_139' title='bbox 2197 829 2278 882; x_wconf 78' lang='grc' dir='ltr'><strong>σοὶ</strong></span> <span class='ocrx_word' id='word_1_140' title='bbox 2322 828 2739 900; x_wconf 81' lang='grc' dir='ltr'>προσεύξονται·</span> <span class='ocrx_word' id='word_1_141' title='bbox 2788 827 2868 879; x_wconf 80' lang='grc' dir='ltr'><strong>ὅτι</strong></span> <span class='ocrx_word' id='word_1_142' title='bbox 2922 827 2978 878; x_wconf 82' lang='grc' dir='ltr'><strong>ἐν</strong></span> <span class='ocrx_word' id='word_1_143' title='bbox 3013 824 3094 876; x_wconf 76' lang='grc' dir='ltr'><strong>σοὶ</strong></span> <span class='ocrx_word' id='word_1_144' title='bbox 3136 825 3164 877; x_wconf 98' lang='lat'><strong>6</strong></span> <span class='ocrx_word' id='word_1_145' title='bbox 3205 821 3340 886; x_wconf 84' lang='grc' dir='ltr'>Θεός</span> <span class='ocrx_word' id='word_1_146' title='bbox 3388 825 3525 887; x_wconf 87' lang='grc' dir='ltr'>ἐστι,</span> <span class='ocrx_word' id='word_1_147' title='bbox 3581 823 3679 874; x_wconf 80' lang='grc' dir='ltr'><strong>καὶ</strong></span> 
     </span>
    </p>
   </div>
   <div class='ocr_carea' id='block_1_22' title="bbox 2093 913 3679 990">
    <p class='ocr_par' dir='ltr' id='par_1_22' title="bbox 2093 913 3679 990">
     <span class='ocr_line' id='line_1_22' title="bbox 2093 913 3679 990; baseline -0.006 -16"><span class='ocrx_word' id='word_1_148' title='bbox 2093 923 2194 974; x_wconf 83' lang='grc' dir='ltr'><strong>οῦκ</strong></span> <span class='ocrx_word' id='word_1_149' title='bbox 2232 921 2344 974; x_wconf 80' lang='grc' dir='ltr'>ἐστι</span> <span class='ocrx_word' id='word_1_150' title='bbox 2379 920 2512 983; x_wconf 83' lang='grc' dir='ltr'>Θεὸς</span> <span class='ocrx_word' id='word_1_151' title='bbox 2547 919 2684 990; x_wconf 81' lang='grc' dir='ltr'>πλὴν</span> <span class='ocrx_word' id='word_1_152' title='bbox 2720 917 2835 971; x_wconf 88' lang='grc' dir='ltr'>σοῦ.</span> <span class='ocrx_word' id='word_1_153' title='bbox 2877 936 2896 966; x_wconf 84' lang='grc'>›</span> <span class='ocrx_word' id='word_1_154' title='bbox 2939 917 3209 984; x_wconf 73' lang='grc' dir='ltr'>Αἴγυπτον</span> <span class='ocrx_word' id='word_1_155' title='bbox 3240 913 3299 967; x_wconf 86' lang='grc' dir='ltr'><strong>δέ</strong></span> <span class='ocrx_word' id='word_1_156' title='bbox 3345 929 3476 982; x_wconf 84' lang='grc' dir='ltr'>φησι</span> <span class='ocrx_word' id='word_1_157' title='bbox 3514 929 3679 965; x_wconf 86' lang='grc' dir='ltr'>κεκο-</span> 
     </span>
    </p>
   </div>
   <div class='ocr_carea' id='block_1_23' title="bbox 2095 1001 3680 1081">
    <p class='ocr_par' dir='ltr' id='par_1_23' title="bbox 2095 1001 3680 1081">
     <span class='ocr_line' id='line_1_23' title="bbox 2095 1001 3680 1081; baseline -0.007 -16"><span class='ocrx_word' id='word_1_158' title='bbox 2095 1011 2348 1066; x_wconf 83' lang='grc' dir='ltr'>πιακέναι</span> <span class='ocrx_word' id='word_1_159' title='bbox 2389 1010 2477 1064; x_wconf 84' lang='grc' dir='ltr'>διὰ</span> <span class='ocrx_word' id='word_1_160' title='bbox 2512 1013 2610 1081; x_wconf 84' lang='grc' dir='ltr'>τῆς</span> <span class='ocrx_word' id='word_1_161' title='bbox 2644 1007 3028 1078; x_wconf 83' lang='grc' dir='ltr'>είδωλολὰτρου</span> <span class='ocrx_word' id='word_1_162' title='bbox 3064 1005 3292 1075; x_wconf 83' lang='grc' dir='ltr'><strong>πλάνης,</strong></span> <span class='ocrx_word' id='word_1_163' title='bbox 3327 1003 3565 1074; x_wconf 82' lang='grc' dir='ltr'>ὁπηνίκα</span> <span class='ocrx_word' id='word_1_164' title='bbox 3600 1001 3680 1072; x_wconf 82' lang='grc' dir='ltr'><strong>τῷ</strong></span> 
     </span>
    </p>
   </div>
   <div class='ocr_carea' id='block_1_24' title="bbox 2093 1098 3681 1174">
    <p class='ocr_par' dir='ltr' id='par_1_24' title="bbox 2093 1098 3681 1174">
     <span class='ocr_line' id='line_1_24' title="bbox 2093 1098 3681 1174; baseline -0.006 -17"><span class='ocrx_word' id='word_1_165' title='bbox 2093 1103 2324 1174; x_wconf 77' lang='grc' dir='ltr'>διαϐόλῳ</span> <span class='ocrx_word' id='word_1_166' title='bbox 2354 1103 2448 1156; x_wconf 77' lang='grc' dir='ltr'>καὶ</span> <span class='ocrx_word' id='word_1_167' title='bbox 2475 1105 2587 1165; x_wconf 79' lang='grc' dir='ltr'>τοῖς</span> <span class='ocrx_word' id='word_1_168' title='bbox 2615 1101 2744 1172; x_wconf 75' lang='grc' dir='ltr'>περὶ</span> <span class='ocrx_word' id='word_1_169' title='bbox 2766 1101 2928 1154; x_wconf 91' lang='grc' dir='ltr'>αύτὸν</span> <span class='ocrx_word' id='word_1_170' title='bbox 2965 1099 3180 1169; x_wconf 89' lang='grc' dir='ltr'>δαίμοσι</span> <span class='ocrx_word' id='word_1_171' title='bbox 3218 1098 3472 1165; x_wconf 86' lang='grc' dir='ltr'>πονηροῖς</span> <span class='ocrx_word' id='word_1_172' title='bbox 3508 1113 3681 1148; x_wconf 86' lang='grc' dir='ltr'>κατα-</span> 
     </span>
    </p>
   </div>
   <div class='ocr_carea' id='block_1_25' title="bbox 2093 1185 3679 1264">
    <p class='ocr_par' dir='ltr' id='par_1_25' title="bbox 2093 1185 3679 1264">
     <span class='ocr_line' id='line_1_25' title="bbox 2093 1185 3679 1264; baseline -0.005 -18"><span class='ocrx_word' id='word_1_173' title='bbox 2093 1193 2384 1246; x_wconf 86' lang='grc' dir='ltr'>δεδούλωτο</span> <span class='ocrx_word' id='word_1_174' title='bbox 2403 1209 2415 1222; x_wconf 89' lang='grc'><strong>·</strong></span> <span class='ocrx_word' id='word_1_175' title='bbox 2459 1192 2600 1264; x_wconf 85' lang='grc' dir='ltr'>πλὴν</span> <span class='ocrx_word' id='word_1_176' title='bbox 2632 1190 2746 1244; x_wconf 77' lang='grc' dir='ltr'>ἀλλ’</span> <span class='ocrx_word' id='word_1_177' title='bbox 2776 1192 2926 1262; x_wconf 84' lang='grc' dir='ltr'>ὅμως</span> <span class='ocrx_word' id='word_1_178' title='bbox 2955 1186 3414 1242; x_wconf 88' lang='grc' dir='ltr'>διαναπαύσεσθαι</span> <span class='ocrx_word' id='word_1_179' title='bbox 3456 1185 3551 1239; x_wconf 89' lang='grc' dir='ltr'><strong>τοῦ</strong></span> <span class='ocrx_word' id='word_1_180' title='bbox 3583 1187 3679 1238; x_wconf 83' lang='grc' dir='ltr'>κό-</span> 
     </span>
    </p>
   </div>
   <div class='ocr_carea' id='block_1_26' title="bbox 2097 1277 3681 1354">
    <p class='ocr_par' dir='ltr' id='par_1_26' title="bbox 2097 1277 3681 1354">
     <span class='ocr_line' id='line_1_26' title="bbox 2097 1277 3681 1354; baseline -0.006 -16"><span class='ocrx_word' id='word_1_181' title='bbox 2097 1303 2198 1338; x_wconf 91' lang='grc' dir='ltr'><strong>που</strong></span> <span class='ocrx_word' id='word_1_182' title='bbox 2237 1286 2337 1354; x_wconf 81' lang='grc' dir='ltr'>τὴν</span> <span class='ocrx_word' id='word_1_183' title='bbox 2373 1283 2647 1353; x_wconf 73' lang='grc' dir='ltr'>Αἴγυπτον</span> <span class='ocrx_word' id='word_1_184' title='bbox 2687 1280 3112 1351; x_wconf 87' lang='grc' dir='ltr'>ἐπαγγέλλεται·</span> <span class='ocrx_word' id='word_1_185' title='bbox 3161 1279 3230 1332; x_wconf 86' lang='grc' dir='ltr'>δι’</span> <span class='ocrx_word' id='word_1_186' title='bbox 3277 1278 3445 1348; x_wconf 78' lang='grc' dir='ltr'>αὐτῆς</span> <span class='ocrx_word' id='word_1_187' title='bbox 3476 1279 3584 1331; x_wconf 81' lang='grc' dir='ltr'>πᾶν</span> <span class='ocrx_word' id='word_1_188' title='bbox 3618 1277 3681 1330; x_wconf 87' lang='grc' dir='ltr'><strong>τὸ</strong></span> 
     </span>
    </p>
   </div>
   <div class='ocr_carea' id='block_1_27' title="bbox 2095 1371 3682 1448">
    <p class='ocr_par' dir='ltr' id='par_1_27' title="bbox 2095 1371 3682 1448">
     <span class='ocr_line' id='line_1_27' title="bbox 2095 1371 3682 1448; baseline -0.006 -18"><span class='ocrx_word' id='word_1_189' title='bbox 2095 1378 2196 1448; x_wconf 70' lang='grc' dir='ltr'>τῆς</span> <span class='ocrx_word' id='word_1_190' title='bbox 2240 1375 2683 1448; x_wconf 88' lang='grc' dir='ltr'>είδωλολατρείας</span> <span class='ocrx_word' id='word_1_191' title='bbox 2729 1375 2884 1443; x_wconf 81' lang='grc' dir='ltr'>γένος</span> <span class='ocrx_word' id='word_1_192' title='bbox 2922 1371 3310 1441; x_wconf 78' lang='grc' dir='ltr'>αἰνιττόμενος.</span> <span class='ocrx_word' id='word_1_193' title='bbox 3365 1389 3384 1422; x_wconf 83' lang='grc' dir='ltr'><strong>ι</strong></span> <span class='ocrx_word' id='word_1_194' title='bbox 3427 1371 3535 1423; x_wconf 78' lang='grc' dir='ltr'>Καὶ</span> <span class='ocrx_word' id='word_1_195' title='bbox 3574 1371 3682 1423; x_wconf 84' lang='grc' dir='ltr'><strong>Σα-</strong></span> 
     </span>
    </p>
   </div>
   <div class='ocr_carea' id='block_1_28' title="bbox 2097 1459 3684 1541">
    <p class='ocr_par' dir='ltr' id='par_1_28' title="bbox 2097 1459 3684 1541">
     <span class='ocr_line' id='line_1_28' title="bbox 2097 1459 3684 1541; baseline -0.003 -21"><span class='ocrx_word' id='word_1_196' title='bbox 2097 1467 2265 1540; x_wconf 75' lang='grc' dir='ltr'>ϐαεὶμ</span> <span class='ocrx_word' id='word_1_197' title='bbox 2294 1469 2481 1541; x_wconf 81' lang='grc' dir='ltr'>ἄνδρες</span> <span class='ocrx_word' id='word_1_198' title='bbox 2505 1467 2719 1540; x_wconf 79' lang='grc' dir='ltr'>ὑψηλοί.</span> <span class='ocrx_word' id='word_1_199' title='bbox 2758 1487 2776 1519; x_wconf 76' lang='grc' dir='ltr'><strong>ι</strong></span> <span class='ocrx_word' id='word_1_200' title='bbox 2803 1468 2881 1519; x_wconf 83' lang='grc' dir='ltr'><strong>Δι’</strong></span> <span class='ocrx_word' id='word_1_201' title='bbox 2907 1459 2983 1520; x_wconf 82' lang='grc' dir='ltr'>ὦν</span> <span class='ocrx_word' id='word_1_202' title='bbox 3006 1465 3291 1536; x_wconf 83' lang='grc' dir='ltr'>σημαίνειν</span> <span class='ocrx_word' id='word_1_203' title='bbox 3311 1463 3451 1516; x_wconf 74' lang='grc' dir='ltr'>ἔοικε</span> <span class='ocrx_word' id='word_1_204' title='bbox 3475 1462 3684 1534; x_wconf 70' lang='grc' dir='ltr'>βάρϐα-</span> 
     </span>
    </p>
   </div>
   <div class='ocr_carea' id='block_1_29' title="bbox 2100 1557 3684 1633">
    <p class='ocr_par' dir='ltr' id='par_1_29' title="bbox 2100 1557 3684 1633">
     <span class='ocr_line' id='line_1_29' title="bbox 2100 1557 3684 1633; baseline -0.003 -19"><span class='ocrx_word' id='word_1_205' title='bbox 2100 1561 2168 1633; x_wconf 89' lang='grc' dir='ltr'><strong>ρά</strong></span> <span class='ocrx_word' id='word_1_206' title='bbox 2208 1579 2329 1615; x_wconf 90' lang='grc' dir='ltr'>τινα</span> <span class='ocrx_word' id='word_1_207' title='bbox 2359 1563 2454 1615; x_wconf 77' lang='grc' dir='ltr'><strong>καὶ</strong></span> <span class='ocrx_word' id='word_1_208' title='bbox 2485 1563 2754 1632; x_wconf 82' lang='grc' dir='ltr'>ἀνήμερα,</span> <span class='ocrx_word' id='word_1_209' title='bbox 2788 1559 2885 1613; x_wconf 73' lang='grc' dir='ltr'><strong>καὶ</strong></span> <span class='ocrx_word' id='word_1_210' title='bbox 2923 1560 2980 1612; x_wconf 87' lang='grc' dir='ltr'><strong>ἐν</strong></span> <span class='ocrx_word' id='word_1_211' title='bbox 3009 1561 3122 1622; x_wconf 84' lang='grc' dir='ltr'>τοῖς</span> <span class='ocrx_word' id='word_1_212' title='bbox 3161 1557 3414 1625; x_wconf 79' lang='grc' dir='ltr'>ἐξωτάτω</span> <span class='ocrx_word' id='word_1_213' title='bbox 3449 1559 3549 1628; x_wconf 83' lang='grc' dir='ltr'><strong>τῆς</strong></span> <span class='ocrx_word' id='word_1_214' title='bbox 3574 1559 3684 1627; x_wconf 83' lang='grc' dir='ltr'><strong>γῆς</strong></span> 
     </span>
    </p>
   </div>
   <div class='ocr_carea' id='block_1_30' title="bbox 2096 1651 3676 1724">
    <p class='ocr_par' dir='ltr' id='par_1_30' title="bbox 2096 1651 3676 1724">
     <span class='ocr_line' id='line_1_30' title="bbox 2096 1651 3676 1724; baseline -0.002 -18"><span class='ocrx_word' id='word_1_215' title='bbox 2096 1652 2351 1706; x_wconf 77' lang='grc' dir='ltr'>οἰκοῦντα</span> <span class='ocrx_word' id='word_1_216' title='bbox 2371 1652 2499 1724; x_wconf 72' lang='grc' dir='ltr'>ἔθνη</span> <span class='ocrx_word' id='word_1_217' title='bbox 2518 1670 2532 1684; x_wconf 75' lang='grc'><em>’</em></span> <span class='ocrx_word' id='word_1_218' title='bbox 2558 1653 2594 1708; x_wconf 81' lang='grc' dir='ltr'><strong>ἀ</strong></span> <span class='ocrx_word' id='word_1_219' title='bbox 2621 1652 2686 1724; x_wconf 81' lang='grc' dir='ltr'>δὴ</span> <span class='ocrx_word' id='word_1_220' title='bbox 2715 1652 3023 1707; x_wconf 85' lang='grc' dir='ltr'>δουλεύσειν</span> <span class='ocrx_word' id='word_1_221' title='bbox 3053 1652 3132 1724; x_wconf 83' lang='grc' dir='ltr'><strong>τῷ</strong></span> <span class='ocrx_word' id='word_1_222' title='bbox 3151 1652 3373 1724; x_wconf 83' lang='grc' dir='ltr'>Χριστῷ</span> <span class='ocrx_word' id='word_1_223' title='bbox 3396 1651 3676 1716; x_wconf 81' lang='grc' dir='ltr'>θεσπίζει·</span> 
     </span>
    </p>
   </div>
   <div class='ocr_carea' id='block_1_31' title="bbox 2000 1743 2476 1818">
    <p class='ocr_par' dir='ltr' id='par_1_31' title="bbox 2000 1743 2476 1818">
     <span class='ocr_line' id='line_1_31' title="bbox 2000 1743 2476 1818; baseline 0 -20"><span class='ocrx_word' id='word_1_224' title='bbox 2000 1809 2063 1818; x_wconf 37' lang='lat'><strong>._</strong></span> <span class='ocrx_word' id='word_1_225' title='bbox 2099 1743 2180 1798; x_wconf 90' lang='grc' dir='ltr'><strong>διὸ</strong></span> <span class='ocrx_word' id='word_1_226' title='bbox 2205 1744 2476 1813; x_wconf 85' lang='grc' dir='ltr'>ἐπιλέγει·</span> 
     </span>
    </p>
   </div>
   <div class='ocr_carea' id='block_1_32' title="bbox 481 1830 1993 1908">
    <p class='ocr_par' dir='ltr' id='par_1_32' title="bbox 481 1830 1993 1908">
     <span class='ocr_line' id='line_1_32' title="bbox 481 1830 1993 1908; baseline 0.003 -22"><span class='ocrx_word' id='word_1_227' title='bbox 481 1830 648 1888; x_wconf 68' lang='lat' dir='ltr'><strong>Vsus.</strong></span> <span class='ocrx_word' id='word_1_228' title='bbox 677 1835 762 1898; x_wconf 78' lang='lat'><strong>15,</strong></span> <span class='ocrx_word' id='word_1_229' title='bbox 797 1836 884 1890; x_wconf 77' lang='grc'>16.</span> <span class='ocrx_word' id='word_1_230' title='bbox 924 1855 941 1888; x_wconf 82' lang='grc' dir='ltr'><strong>ι</strong></span> <span class='ocrx_word' id='word_1_231' title='bbox 965 1837 1032 1891; x_wconf 86' lang='grc' dir='ltr'>Ει</span> <span class='ocrx_word' id='word_1_232' title='bbox 1067 1847 1189 1907; x_wconf 87' lang='lat' dir='ltr'><strong>post</strong></span> <span class='ocrx_word' id='word_1_233' title='bbox 1225 1847 1275 1892; x_wconf 93' lang='lat' dir='ltr'><strong>te</strong></span> <span class='ocrx_word' id='word_1_234' title='bbox 1301 1845 1598 1908; x_wconf 82' lang='lat' dir='ltr'><strong>sequentur</strong></span> <span class='ocrx_word' id='word_1_235' title='bbox 1627 1837 1794 1892; x_wconf 88' lang='lat' dir='ltr'><strong>vincti</strong></span> <span class='ocrx_word' id='word_1_236' title='bbox 1825 1837 1993 1891; x_wconf 89' lang='lat' dir='ltr'><strong>mani-</strong></span> 
     </span>
    </p>
   </div>
   <div class='ocr_carea' id='block_1_33' title="bbox 411 1926 1994 1994">
    <p class='ocr_par' dir='ltr' id='par_1_33' title="bbox 411 1926 1994 1994">
     <span class='ocr_line' id='line_1_33' title="bbox 411 1926 1994 1994; baseline 0.002 -15"><span class='ocrx_word' id='word_1_237' title='bbox 411 1927 511 1981; x_wconf 87' lang='lat' dir='ltr'><strong>cis.</strong></span> <span class='ocrx_word' id='word_1_238' title='bbox 553 1926 631 1980; x_wconf 88' lang='lat' dir='ltr'><strong>Tu</strong></span> <span class='ocrx_word' id='word_1_239' title='bbox 667 1929 812 1982; x_wconf 91' lang='lat' dir='ltr'><strong>enim</strong></span> <span class='ocrx_word' id='word_1_240' title='bbox 861 1945 920 1982; x_wconf 92' lang='lat' dir='ltr'><strong>cs</strong></span> <span class='ocrx_word' id='word_1_241' title='bbox 964 1929 1126 1994; x_wconf 91' lang='lat' dir='ltr'><strong>Deus,</strong></span> <span class='ocrx_word' id='word_1_242' title='bbox 1171 1939 1225 1984; x_wconf 92' lang='lat' dir='ltr'><strong>et</strong></span> <span class='ocrx_word' id='word_1_243' title='bbox 1264 1929 1613 1992; x_wconf 83' lang='lat' dir='ltr'><strong>nescivimus,</strong></span> <span class='ocrx_word' id='word_1_244' title='bbox 1646 1929 1789 1984; x_wconf 89' lang='lat' dir='ltr'><strong>Dens</strong></span> <span class='ocrx_word' id='word_1_245' title='bbox 1829 1928 1994 1982; x_wconf 86' lang='lat' dir='ltr'><strong>Israel</strong></span> 
     </span>
    </p>
   </div>
   <div class='ocr_carea' id='block_1_34' title="bbox 414 2019 1997 2077">
    <p class='ocr_par' dir='ltr' id='par_1_34' title="bbox 414 2019 1997 2077">
     <span class='ocr_line' id='line_1_34' title="bbox 414 2019 1997 2077; baseline 0.003 -5"><span class='ocrx_word' id='word_1_246' title='bbox 414 2019 676 2074; x_wconf 81' lang='lat' dir='ltr'><strong>salvator.</strong></span> <span class='ocrx_word' id='word_1_247' title='bbox 709 2020 1124 2076; x_wconf 82' lang='lat' dir='ltr'><strong>Confundeutnr</strong></span> <span class='ocrx_word' id='word_1_248' title='bbox 1149 2031 1203 2077; x_wconf 91' lang='lat' dir='ltr'><strong>et</strong></span> <span class='ocrx_word' id='word_1_249' title='bbox 1233 2021 1558 2077; x_wconf 88' lang='lat' dir='ltr'><strong>erubescent</strong></span> <span class='ocrx_word' id='word_1_250' title='bbox 1593 2037 1782 2076; x_wconf 91' lang='lat' dir='ltr'><strong>omnes</strong></span> <span class='ocrx_word' id='word_1_251' title='bbox 1811 2022 1997 2076; x_wconf 86' lang='lat' dir='ltr'><strong>adver-</strong></span> 
     </span>
    </p>
   </div>
   <div class='ocr_carea' id='block_1_35' title="bbox 412 2111 1998 2182">
    <p class='ocr_par' dir='ltr' id='par_1_35' title="bbox 412 2111 1998 2182">
     <span class='ocr_line' id='line_1_35' title="bbox 412 2111 1998 2182; baseline 0.001 -16"><span class='ocrx_word' id='word_1_252' title='bbox 412 2111 543 2166; x_wconf 86' lang='lat' dir='ltr'><strong>sarii</strong></span> <span class='ocrx_word' id='word_1_253' title='bbox 584 2113 746 2182; x_wconf 83' lang='lat' dir='ltr'><strong>ejus:</strong></span> <span class='ocrx_word' id='word_1_254' title='bbox 798 2123 853 2169; x_wconf 91' lang='lat' dir='ltr'><strong>et</strong></span> <span class='ocrx_word' id='word_1_255' title='bbox 895 2115 1250 2170; x_wconf 78' lang='lat' dir='ltr'><strong>ambulabunt</strong></span> <span class='ocrx_word' id='word_1_256' title='bbox 1291 2115 1344 2168; x_wconf 91' lang='lat' dir='ltr'><strong>in</strong></span> <span class='ocrx_word' id='word_1_257' title='bbox 1382 2113 1721 2170; x_wconf 85' lang='lat' dir='ltr'><strong>confusione.</strong></span> <span class='ocrx_word' id='word_1_258' title='bbox 1769 2113 1998 2170; x_wconf 86' lang='lat' dir='ltr'><strong>lnnova-</strong></span> 
     </span>
    </p>
   </div>
   <div class='ocr_carea' id='block_1_36' title="bbox 413 2206 1999 2276">
    <p class='ocr_par' dir='ltr' id='par_1_36' title="bbox 413 2206 1999 2276">
     <span class='ocr_line' id='line_1_36' title="bbox 413 2206 1999 2276; baseline 0.001 -17"><span class='ocrx_word' id='word_1_259' title='bbox 413 2206 546 2260; x_wconf 88' lang='lat' dir='ltr'><strong>mini</strong></span> <span class='ocrx_word' id='word_1_260' title='bbox 591 2207 658 2260; x_wconf 90' lang='lat' dir='ltr'><strong>ad</strong></span> <span class='ocrx_word' id='word_1_261' title='bbox 698 2222 802 2276; x_wconf 92' lang='lat' dir='ltr'><strong>me,</strong></span> <span class='ocrx_word' id='word_1_262' title='bbox 842 2208 1053 2262; x_wconf 70' lang='lat' dir='ltr'><strong>insulae.</strong></span> <span class='ocrx_word' id='word_1_263' title='bbox 1082 2227 1101 2259; x_wconf 78' lang='grc' dir='ltr'><strong>ι</strong></span> <span class='ocrx_word' id='word_1_264' title='bbox 1150 2207 1432 2274; x_wconf 83' lang='lat' dir='ltr'><strong>Quomodo</strong></span> <span class='ocrx_word' id='word_1_265' title='bbox 1475 2207 1792 2262; x_wconf 83' lang='lat' dir='ltr'><strong>confusione</strong></span> <span class='ocrx_word' id='word_1_266' title='bbox 1825 2217 1879 2261; x_wconf 93' lang='lat' dir='ltr'><strong>et</strong></span> <span class='ocrx_word' id='word_1_267' title='bbox 1909 2223 1999 2275; x_wconf 91' lang='lat' dir='ltr'><strong>pu-</strong></span> 
     </span>
    </p>
   </div>
   <div class='ocr_carea' id='block_1_37' title="bbox 413 2297 1998 2370">
    <p class='ocr_par' dir='ltr' id='par_1_37' title="bbox 413 2297 1998 2370">
     <span class='ocr_line' id='line_1_37' title="bbox 413 2297 1998 2370; baseline 0 -18"><span class='ocrx_word' id='word_1_268' title='bbox 413 2299 546 2354; x_wconf 87' lang='lat' dir='ltr'><strong>dore</strong></span> <span class='ocrx_word' id='word_1_269' title='bbox 594 2300 783 2367; x_wconf 90' lang='lat' dir='ltr'><strong>repleti</strong></span> <span class='ocrx_word' id='word_1_270' title='bbox 837 2303 968 2366; x_wconf 85' lang='lat' dir='ltr'><strong>sint,</strong></span> <span class='ocrx_word' id='word_1_271' title='bbox 1018 2316 1253 2366; x_wconf 87' lang='lat' dir='ltr'><strong>omnes,</strong></span> <span class='ocrx_word' id='word_1_272' title='bbox 1300 2300 1390 2370; x_wconf 91' lang='lat' dir='ltr'><strong>qui</strong></span> <span class='ocrx_word' id='word_1_273' title='bbox 1447 2299 1614 2353; x_wconf 88' lang='lat' dir='ltr'><strong>variis</strong></span> <span class='ocrx_word' id='word_1_274' title='bbox 1665 2297 1998 2368; x_wconf 84' lang='lat' dir='ltr'><strong>temporibus</strong></span> 
     </span>
    </p>
   </div>
   <div class='ocr_carea' id='block_1_38' title="bbox 413 2390 1998 2462">
    <p class='ocr_par' dir='ltr' id='par_1_38' title="bbox 413 2390 1998 2462">
     <span class='ocr_line' id='line_1_38' title="bbox 413 2390 1998 2462; baseline 0.002 -21"><span class='ocrx_word' id='word_1_275' title='bbox 413 2390 712 2444; x_wconf 85' lang='lat' dir='ltr'><strong>adversarii</strong></span> <span class='ocrx_word' id='word_1_276' title='bbox 746 2391 918 2457; x_wconf 81' lang='lat' dir='ltr'><strong>fuere,</strong></span> <span class='ocrx_word' id='word_1_277' title='bbox 975 2392 1183 2462; x_wconf 90' lang='lat' dir='ltr'><strong>ipsique</strong></span> <span class='ocrx_word' id='word_1_278' title='bbox 1232 2390 1415 2462; x_wconf 81' lang='lat' dir='ltr'><strong>populi</strong></span> <span class='ocrx_word' id='word_1_279' title='bbox 1467 2406 1532 2444; x_wconf 76' lang='lat' dir='ltr'><strong>ex</strong></span> <span class='ocrx_word' id='word_1_280' title='bbox 1584 2391 1998 2444; x_wconf 87' lang='lat' dir='ltr'><strong>circumcisione</strong></span> 
     </span>
    </p>
   </div>
   <div class='ocr_carea' id='block_1_39' title="bbox 414 2482 2000 2552">
    <p class='ocr_par' dir='ltr' id='par_1_39' title="bbox 414 2482 2000 2552">
     <span class='ocr_line' id='line_1_39' title="bbox 414 2482 2000 2552; baseline 0.002 -19"><span class='ocrx_word' id='word_1_281' title='bbox 414 2491 574 2550; x_wconf 90' lang='lat' dir='ltr'><strong>atque</strong></span> <span class='ocrx_word' id='word_1_282' title='bbox 621 2497 686 2536; x_wconf 78' lang='lat' dir='ltr'><strong>ex</strong></span> <span class='ocrx_word' id='word_1_283' title='bbox 736 2485 988 2548; x_wconf 76' lang='lat' dir='ltr'><strong>gentibus</strong></span> <span class='ocrx_word' id='word_1_284' title='bbox 1033 2486 1306 2547; x_wconf 89' lang='lat' dir='ltr'><strong>universi,</strong></span> <span class='ocrx_word' id='word_1_285' title='bbox 1357 2482 1447 2552; x_wconf 94' lang='lat' dir='ltr'><strong>qui</strong></span> <span class='ocrx_word' id='word_1_286' title='bbox 1494 2492 1682 2536; x_wconf 91' lang='lat' dir='ltr'><strong>contra</strong></span> <span class='ocrx_word' id='word_1_287' title='bbox 1739 2482 2000 2537; x_wconf 81' lang='lat' dir='ltr'><strong>ecclesias</strong></span> 
     </span>
    </p>
   </div>
   <div class='ocr_carea' id='block_1_40' title="bbox 414 2573 1998 2646">
    <p class='ocr_par' dir='ltr' id='par_1_40' title="bbox 414 2573 1998 2646">
     <span class='ocr_line' id='line_1_40' title="bbox 414 2573 1998 2646; baseline 0.005 -24"><span class='ocrx_word' id='word_1_288' title='bbox 414 2573 532 2641; x_wconf 67' lang='lat' dir='ltr'><strong>ejus</strong></span> <span class='ocrx_word' id='word_1_289' title='bbox 616 2576 1046 2643; x_wconf 89' lang='lat' dir='ltr'><strong>persecutionem</strong></span> <span class='ocrx_word' id='word_1_290' title='bbox 1108 2577 1455 2642; x_wconf 78' lang='lat' dir='ltr'><strong>excitarunt,</strong></span> <span class='ocrx_word' id='word_1_291' title='bbox 1528 2575 1661 2644; x_wconf 90' lang='lat' dir='ltr'><strong>ipsis</strong></span> <span class='ocrx_word' id='word_1_292' title='bbox 1735 2576 1998 2646; x_wconf 89' lang='lat' dir='ltr'><strong>operibus</strong></span> 
     </span>
    </p>
   </div>
   <div class='ocr_carea' id='block_1_41' title="bbox 417 2665 1456 2736">
    <p class='ocr_par' dir='ltr' id='par_1_41' title="bbox 417 2665 1456 2736">
     <span class='ocr_line' id='line_1_41' title="bbox 417 2665 1456 2736; baseline 0.003 -17"><span class='ocrx_word' id='word_1_293' title='bbox 417 2665 590 2734; x_wconf 80' lang='lat' dir='ltr'><strong>magis</strong></span> <span class='ocrx_word' id='word_1_294' title='bbox 629 2683 790 2736; x_wconf 81' lang='lat' dir='ltr'><strong>quam</strong></span> <span class='ocrx_word' id='word_1_295' title='bbox 839 2683 1089 2723; x_wconf 90' lang='lat' dir='ltr'><strong>sermone</strong></span> <span class='ocrx_word' id='word_1_296' title='bbox 1127 2668 1456 2722; x_wconf 87' lang='lat' dir='ltr'><strong>declaratur.</strong></span> 
     </span>
    </p>
   </div>
   <div class='ocr_carea' id='block_1_42' title="bbox 486 2754 2001 2826">
    <p class='ocr_par' dir='ltr' id='par_1_42' title="bbox 486 2754 2001 2826">
     <span class='ocr_line' id='line_1_42' title="bbox 486 2754 2001 2826; baseline 0.002 -16"><span class='ocrx_word' id='word_1_297' title='bbox 486 2754 650 2813; x_wconf 71' lang='lat' dir='ltr'><strong>Vsus.</strong></span> <span class='ocrx_word' id='word_1_298' title='bbox 692 2759 775 2813; x_wconf 88' lang='lat' dir='ltr'><strong>l7.</strong></span> <span class='ocrx_word' id='word_1_299' title='bbox 843 2779 860 2810; x_wconf 79' lang='grc' dir='ltr'><strong>ι</strong></span> <span class='ocrx_word' id='word_1_300' title='bbox 897 2760 1058 2815; x_wconf 85' lang='lat' dir='ltr'><strong>Israel</strong></span> <span class='ocrx_word' id='word_1_301' title='bbox 1124 2761 1364 2814; x_wconf 85' lang='lat' dir='ltr'><strong>salvatur</strong></span> <span class='ocrx_word' id='word_1_302' title='bbox 1415 2775 1442 2813; x_wconf 85' lang='lat' dir='ltr'><strong>a</strong></span> <span class='ocrx_word' id='word_1_303' title='bbox 1497 2759 1762 2826; x_wconf 92' lang='lat' dir='ltr'><strong>Domino,</strong></span> <span class='ocrx_word' id='word_1_304' title='bbox 1825 2759 2001 2816; x_wconf 87' lang='lat' dir='ltr'><strong>salute</strong></span> 
     </span>
    </p>
   </div>
   <div class='ocr_carea' id='block_1_43' title="bbox 417 2852 2001 2921">
    <p class='ocr_par' dir='ltr' id='par_1_43' title="bbox 417 2852 2001 2921">
     <span class='ocr_line' id='line_1_43' title="bbox 417 2852 2001 2921; baseline 0.003 -20"><span class='ocrx_word' id='word_1_305' title='bbox 417 2857 620 2903; x_wconf 80' lang='lat' dir='ltr'><strong>:ctrrna</strong></span> <span class='ocrx_word' id='word_1_306' title='bbox 665 2869 678 2904; x_wconf 92' lang='lat'><strong>:</strong></span> <span class='ocrx_word' id='word_1_307' title='bbox 723 2867 828 2906; x_wconf 88' lang='lat' dir='ltr'><strong>non</strong></span> <span class='ocrx_word' id='word_1_308' title='bbox 883 2852 1304 2913; x_wconf 79' lang='lat' dir='ltr'><strong>confundentur,</strong></span> <span class='ocrx_word' id='word_1_309' title='bbox 1355 2867 1531 2921; x_wconf 92' lang='lat' dir='ltr'><strong>neque</strong></span> <span class='ocrx_word' id='word_1_310' title='bbox 1557 2853 1882 2908; x_wconf 86' lang='lat' dir='ltr'><strong>erubescent</strong></span> <span class='ocrx_word' id='word_1_311' title='bbox 1911 2867 2001 2906; x_wconf 86' lang='lat' dir='ltr'><strong>us-</strong></span> 
     </span>
    </p>
   </div>
   <div class='ocr_carea' id='block_1_44' title="bbox 417 2943 2001 3014">
    <p class='ocr_par' dir='ltr' id='par_1_44' title="bbox 417 2943 2001 3014">
     <span class='ocr_line' id='line_1_44' title="bbox 417 2943 2001 3014; baseline 0.002 -20"><span class='ocrx_word' id='word_1_312' title='bbox 417 2957 523 3012; x_wconf 90' lang='lat' dir='ltr'><strong>quc</strong></span> <span class='ocrx_word' id='word_1_313' title='bbox 552 2945 604 2996; x_wconf 91' lang='lat' dir='ltr'><strong>in</strong></span> <span class='ocrx_word' id='word_1_314' title='bbox 633 2959 917 2998; x_wconf 69' lang='lat' dir='ltr'><strong>aeternum.</strong></span> <span class='ocrx_word' id='word_1_315' title='bbox 947 2963 964 2996; x_wconf 77' lang='grc' dir='ltr'><strong>ι</strong></span> <span class='ocrx_word' id='word_1_316' title='bbox 1005 2943 1129 2999; x_wconf 66' lang='lat' dir='ltr'><strong>llaec</strong></span> <span class='ocrx_word' id='word_1_317' title='bbox 1158 2959 1320 3013; x_wconf 88' lang='lat' dir='ltr'><strong>porro</strong></span> <span class='ocrx_word' id='word_1_318' title='bbox 1347 2944 1680 3014; x_wconf 89' lang='lat' dir='ltr'><strong>conjunctim</strong></span> <span class='ocrx_word' id='word_1_319' title='bbox 1715 2953 1901 3013; x_wconf 87' lang='lat' dir='ltr'><strong>postea</strong></span> <span class='ocrx_word' id='word_1_320' title='bbox 1935 2945 2001 2997; x_wconf 90' lang='lat' dir='ltr'><strong>de</strong></span> 
     </span>
    </p>
   </div>
   <div class='ocr_carea' id='block_1_45' title="bbox 418 3036 1998 3105">
    <p class='ocr_par' dir='ltr' id='par_1_45' title="bbox 418 3036 1998 3105">
     <span class='ocr_line' id='line_1_45' title="bbox 418 3036 1998 3105; baseline 0.001 -16"><span class='ocrx_word' id='word_1_321' title='bbox 418 3036 692 3105; x_wconf 82' lang='lat' dir='ltr'><strong>apostolis,</strong></span> <span class='ocrx_word' id='word_1_322' title='bbox 737 3037 1018 3105; x_wconf 71' lang='lat' dir='ltr'><strong>discipulis</strong></span> <span class='ocrx_word' id='word_1_323' title='bbox 1051 3044 1106 3090; x_wconf 87' lang='lat' dir='ltr'><strong>et</strong></span> <span class='ocrx_word' id='word_1_324' title='bbox 1163 3037 1516 3105; x_wconf 87' lang='lat' dir='ltr'><strong>evangelistis</strong></span> <span class='ocrx_word' id='word_1_325' title='bbox 1550 3036 1854 3091; x_wconf 86' lang='lat' dir='ltr'><strong>Salvatoris</strong></span> <span class='ocrx_word' id='word_1_326' title='bbox 1897 3051 1998 3090; x_wconf 81' lang='lat' dir='ltr'><strong>no-</strong></span> 
     </span>
    </p>
   </div>
   <div class='ocr_carea' id='block_1_46' title="bbox 2173 1855 3682 1927">
    <p class='ocr_par' dir='ltr' id='par_1_46' title="bbox 2173 1855 3682 1927">
     <span class='ocr_line' id='line_1_46' title="bbox 2173 1855 3682 1927; baseline -0.001 -19"><span class='ocrx_word' id='word_1_327' title='bbox 2173 1877 2190 1908; x_wconf 76' lang='lat' dir='ltr'><strong>t</strong></span> <span class='ocrx_word' id='word_1_328' title='bbox 2227 1857 2335 1911; x_wconf 82' lang='grc' dir='ltr'>Καὶ</span> <span class='ocrx_word' id='word_1_329' title='bbox 2355 1857 2529 1910; x_wconf 85' lang='grc' dir='ltr'>ὀπίσω</span> <span class='ocrx_word' id='word_1_330' title='bbox 2563 1873 2656 1910; x_wconf 92' lang='grc' dir='ltr'><strong>σου</strong></span> <span class='ocrx_word' id='word_1_331' title='bbox 2683 1855 3105 1927; x_wconf 88' lang='grc' dir='ltr'>ἀκολουθήσουσι</span> <span class='ocrx_word' id='word_1_332' title='bbox 3127 1855 3397 1927; x_wconf 78' lang='grc' dir='ltr'>δεδεμένοι</span> <span class='ocrx_word' id='word_1_333' title='bbox 3427 1855 3682 1926; x_wconf 78' lang='grc' dir='ltr'>χειροπε-</span> 
     </span>
    </p>
   </div>
   <div class='ocr_carea' id='block_1_47' title="bbox 2095 1943 3681 2019">
    <p class='ocr_par' dir='ltr' id='par_1_47' title="bbox 2095 1943 3681 2019">
     <span class='ocr_line' id='line_1_47' title="bbox 2095 1943 3681 2019; baseline -0.003 -15"><span class='ocrx_word' id='word_1_334' title='bbox 2095 1951 2233 2014; x_wconf 90' lang='grc' dir='ltr'>δαις.</span> <span class='ocrx_word' id='word_1_335' title='bbox 2276 1950 2348 2002; x_wconf 85' lang='grc' dir='ltr'>Σῦ</span> <span class='ocrx_word' id='word_1_336' title='bbox 2383 1948 2492 2019; x_wconf 83' lang='grc' dir='ltr'>γὰρ</span> <span class='ocrx_word' id='word_1_337' title='bbox 2528 1943 2578 2001; x_wconf 79' lang='grc' dir='ltr'><strong>εί</strong></span> <span class='ocrx_word' id='word_1_338' title='bbox 2619 1949 2775 2012; x_wconf 90' lang='grc' dir='ltr'>Θεὸς,</span> <span class='ocrx_word' id='word_1_339' title='bbox 2808 1951 2903 2003; x_wconf 72' lang='grc' dir='ltr'><strong>καὶ</strong></span> <span class='ocrx_word' id='word_1_340' title='bbox 2930 1949 3030 2002; x_wconf 81' lang='grc' dir='ltr'><strong>οὐκ</strong></span> <span class='ocrx_word' id='word_1_341' title='bbox 3060 1948 3303 2019; x_wconf 73' lang='grc' dir='ltr'>ᾔδειμεν,</span> <span class='ocrx_word' id='word_1_342' title='bbox 3347 1949 3376 2001; x_wconf 92' lang='lat'><strong>6</strong></span> <span class='ocrx_word' id='word_1_343' title='bbox 3420 1947 3552 2011; x_wconf 92' lang='grc' dir='ltr'>Θεὸς</span> <span class='ocrx_word' id='word_1_344' title='bbox 3585 1947 3681 2000; x_wconf 86' lang='grc' dir='ltr'><strong>τοῦ</strong></span> 
     </span>
    </p>
   </div>
   <div class='ocr_carea' id='block_1_48' title="bbox 2109 2039 3684 2112">
    <p class='ocr_par' dir='ltr' id='par_1_48' title="bbox 2109 2039 3684 2112">
     <span class='ocr_line' id='line_1_48' title="bbox 2109 2039 3684 2112; baseline -0.001 -19"><span class='ocrx_word' id='word_1_345' title='bbox 2109 2041 2326 2112; x_wconf 81' lang='grc' dir='ltr'>Ἰσραὴλ</span> <span class='ocrx_word' id='word_1_346' title='bbox 2366 2042 2573 2112; x_wconf 89' lang='grc' dir='ltr'>σωτήρ.</span> <span class='ocrx_word' id='word_1_347' title='bbox 2611 2039 3074 2110; x_wconf 73' lang='grc' dir='ltr'>Αἰσχυνθήσονται</span> <span class='ocrx_word' id='word_1_348' title='bbox 3117 2039 3211 2092; x_wconf 76' lang='grc' dir='ltr'>καὶ</span> <span class='ocrx_word' id='word_1_349' title='bbox 3245 2039 3684 2110; x_wconf 79' lang='grc' dir='ltr'>ἐντραπήσονται</span> 
     </span>
    </p>
   </div>
   <div class='ocr_carea' id='block_1_49' title="bbox 2097 2129 3682 2200">
    <p class='ocr_par' dir='ltr' id='par_1_49' title="bbox 2097 2129 3682 2200">
     <span class='ocr_line' id='line_1_49' title="bbox 2097 2129 3682 2200; baseline -0.001 -18"><span class='ocrx_word' id='word_1_350' title='bbox 2097 2131 2298 2194; x_wconf 88' lang='grc' dir='ltr'>πάντες</span> <span class='ocrx_word' id='word_1_351' title='bbox 2349 2133 2397 2184; x_wconf 86' lang='grc' dir='ltr'>οἱ</span> <span class='ocrx_word' id='word_1_352' title='bbox 2449 2130 2812 2200; x_wconf 84' lang='grc' dir='ltr'>ἀντικείμενοι</span> <span class='ocrx_word' id='word_1_353' title='bbox 2865 2130 3034 2200; x_wconf 83' lang='grc' dir='ltr'>αύτῷ.</span> <span class='ocrx_word' id='word_1_354' title='bbox 3082 2130 3178 2184; x_wconf 75' lang='grc' dir='ltr'>καὶ</span> <span class='ocrx_word' id='word_1_355' title='bbox 3226 2129 3584 2200; x_wconf 82' lang='grc' dir='ltr'>πορεύσονται</span> <span class='ocrx_word' id='word_1_356' title='bbox 3622 2131 3682 2181; x_wconf 86' lang='grc' dir='ltr'><strong>ἐν</strong></span> 
     </span>
    </p>
   </div>
   <div class='ocr_carea' id='block_1_50' title="bbox 2097 2218 3684 2292">
    <p class='ocr_par' dir='ltr' id='par_1_50' title="bbox 2097 2218 3684 2292">
     <span class='ocr_line' id='line_1_50' title="bbox 2097 2218 3684 2292; baseline -0.001 -19"><span class='ocrx_word' id='word_1_357' title='bbox 2097 2219 2346 2292; x_wconf 79' lang='grc' dir='ltr'>αἰσχύνῃ.</span> <span class='ocrx_word' id='word_1_358' title='bbox 2419 2218 2823 2288; x_wconf 80' lang='grc' dir='ltr'>Ἐγκαινίζεσθε</span> <span class='ocrx_word' id='word_1_359' title='bbox 2882 2219 3020 2290; x_wconf 89' lang='grc' dir='ltr'>πρὸς</span> <span class='ocrx_word' id='word_1_360' title='bbox 3071 2221 3158 2289; x_wconf 82' lang='grc' dir='ltr'><strong>μὲ,</strong></span> <span class='ocrx_word' id='word_1_361' title='bbox 3209 2220 3382 2289; x_wconf 78' lang='grc' dir='ltr'>νῆσοι.</span> <span class='ocrx_word' id='word_1_362' title='bbox 3426 2237 3445 2270; x_wconf 72' lang='grc' dir='ltr'><strong>ι</strong></span> <span class='ocrx_word' id='word_1_363' title='bbox 3489 2219 3684 2281; x_wconf 83' lang='grc' dir='ltr'>Ὅπως</span> 
     </span>
    </p>
   </div>
   <div class='ocr_carea' id='block_1_51' title="bbox 2097 2311 3686 2385">
    <p class='ocr_par' dir='ltr' id='par_1_51' title="bbox 2097 2311 3686 2385">
     <span class='ocr_line' id='line_1_51' title="bbox 2097 2311 3686 2385; baseline 0 -21"><span class='ocrx_word' id='word_1_364' title='bbox 2097 2312 2156 2365; x_wconf 85' lang='grc' dir='ltr'>δὲ</span> <span class='ocrx_word' id='word_1_365' title='bbox 2197 2311 2650 2385; x_wconf 77' lang='grc' dir='ltr'>κατῃσχύνθησαν</span> <span class='ocrx_word' id='word_1_366' title='bbox 2703 2311 2800 2365; x_wconf 79' lang='grc' dir='ltr'><strong>καὶ</strong></span> <span class='ocrx_word' id='word_1_367' title='bbox 2851 2312 3230 2384; x_wconf 79' lang='grc' dir='ltr'>ἐνετράπησαν</span> <span class='ocrx_word' id='word_1_368' title='bbox 3273 2311 3472 2374; x_wconf 85' lang='grc' dir='ltr'>πάντες</span> <span class='ocrx_word' id='word_1_369' title='bbox 3503 2312 3551 2363; x_wconf 77' lang='grc' dir='ltr'>οἱ</span> <span class='ocrx_word' id='word_1_370' title='bbox 3583 2329 3686 2364; x_wconf 85' lang='grc' dir='ltr'>κα-</span> 
     </span>
    </p>
   </div>
   <div class='ocr_carea' id='block_1_52' title="bbox 2099 2400 3685 2474">
    <p class='ocr_par' dir='ltr' id='par_1_52' title="bbox 2099 2400 3685 2474">
     <span class='ocr_line' id='line_1_52' title="bbox 2099 2400 3685 2474; baseline -0.003 -18"><span class='ocrx_word' id='word_1_371' title='bbox 2099 2401 2167 2456; x_wconf 83' lang='grc' dir='ltr'>τὰ</span> <span class='ocrx_word' id='word_1_372' title='bbox 2188 2405 2408 2474; x_wconf 79' lang='grc' dir='ltr'>καιροὺς</span> <span class='ocrx_word' id='word_1_373' title='bbox 2435 2402 2817 2473; x_wconf 80' lang='grc' dir='ltr'>ἀντικείμενοι,</span> <span class='ocrx_word' id='word_1_374' title='bbox 2836 2402 2988 2454; x_wconf 89' lang='grc' dir='ltr'>αύτοί</span> <span class='ocrx_word' id='word_1_375' title='bbox 3017 2419 3075 2453; x_wconf 87' lang='grc' dir='ltr'><strong>τε</strong></span> <span class='ocrx_word' id='word_1_376' title='bbox 3100 2403 3148 2455; x_wconf 75' lang='lat' dir='ltr'><strong>oi</strong></span> <span class='ocrx_word' id='word_1_377' title='bbox 3174 2403 3236 2454; x_wconf 81' lang='grc' dir='ltr'><strong>ἐκ</strong></span> <span class='ocrx_word' id='word_1_378' title='bbox 3261 2403 3563 2472; x_wconf 80' lang='grc' dir='ltr'>περιτομῆς</span> <span class='ocrx_word' id='word_1_379' title='bbox 3586 2400 3685 2454; x_wconf 73' lang='grc' dir='ltr'><strong>καὶ</strong></span> 
     </span>
    </p>
   </div>
   <div class='ocr_carea' id='block_1_53' title="bbox 2097 2490 3684 2562">
    <p class='ocr_par' dir='ltr' id='par_1_53' title="bbox 2097 2490 3684 2562">
     <span class='ocr_line' id='line_1_53' title="bbox 2097 2490 3684 2562; baseline -0.001 -17"><span class='ocrx_word' id='word_1_380' title='bbox 2097 2491 2205 2545; x_wconf 87' lang='grc' dir='ltr'><strong>τῶν</strong></span> <span class='ocrx_word' id='word_1_381' title='bbox 2225 2492 2391 2544; x_wconf 83' lang='grc' dir='ltr'>ἐθνῶν</span> <span class='ocrx_word' id='word_1_382' title='bbox 2425 2493 2628 2556; x_wconf 88' lang='grc' dir='ltr'>πάντες</span> <span class='ocrx_word' id='word_1_383' title='bbox 2655 2492 2703 2545; x_wconf 78' lang='grc' dir='ltr'>οἱ</span> <span class='ocrx_word' id='word_1_384' title='bbox 2729 2494 2854 2555; x_wconf 82' lang='grc' dir='ltr'>τοὺς</span> <span class='ocrx_word' id='word_1_385' title='bbox 2879 2491 3020 2544; x_wconf 83' lang='grc' dir='ltr'>κατὰ</span> <span class='ocrx_word' id='word_1_386' title='bbox 3043 2493 3142 2562; x_wconf 77' lang='grc' dir='ltr'>τῆς</span> <span class='ocrx_word' id='word_1_387' title='bbox 3169 2490 3494 2561; x_wconf 85' lang='grc' dir='ltr'>Ἐκκλησίας</span> <span class='ocrx_word' id='word_1_388' title='bbox 3514 2490 3684 2543; x_wconf 78' lang='grc' dir='ltr'>αὑτοῦ</span> 
     </span>
    </p>
   </div>
   <div class='ocr_carea' id='block_1_54' title="bbox 2097 2582 3686 2655">
    <p class='ocr_par' dir='ltr' id='par_1_54' title="bbox 2097 2582 3686 2655">
     <span class='ocr_line' id='line_1_54' title="bbox 2097 2582 3686 2655; baseline -0.001 -19"><span class='ocrx_word' id='word_1_389' title='bbox 2097 2583 2370 2654; x_wconf 83' lang='grc' dir='ltr'>διωγμοὺς</span> <span class='ocrx_word' id='word_1_390' title='bbox 2403 2583 2719 2652; x_wconf 76' lang='grc' dir='ltr'>ἐξάψαντες,</span> <span class='ocrx_word' id='word_1_391' title='bbox 2745 2583 2949 2646; x_wconf 86' lang='grc' dir='ltr'>παντὸς</span> <span class='ocrx_word' id='word_1_392' title='bbox 2970 2583 3129 2652; x_wconf 89' lang='grc' dir='ltr'>λόγου</span> <span class='ocrx_word' id='word_1_393' title='bbox 3158 2583 3356 2652; x_wconf 85' lang='grc' dir='ltr'>μᾶλλον</span> <span class='ocrx_word' id='word_1_394' title='bbox 3386 2585 3421 2655; x_wconf 87' lang='grc' dir='ltr'><strong>ή</strong></span> <span class='ocrx_word' id='word_1_395' title='bbox 3449 2582 3540 2636; x_wconf 79' lang='grc' dir='ltr'>διὰ</span> <span class='ocrx_word' id='word_1_396' title='bbox 3571 2582 3686 2635; x_wconf 86' lang='grc' dir='ltr'><strong>τῶν</strong></span> 
     </span>
    </p>
   </div>
   <div class='ocr_carea' id='block_1_55' title="bbox 2101 2673 2956 2746">
    <p class='ocr_par' dir='ltr' id='par_1_55' title="bbox 2101 2673 2956 2746">
     <span class='ocr_line' id='line_1_55' title="bbox 2101 2673 2956 2746; baseline -0.001 -20"><span class='ocrx_word' id='word_1_397' title='bbox 2101 2673 2279 2746; x_wconf 75' lang='grc' dir='ltr'>ἔργων</span> <span class='ocrx_word' id='word_1_398' title='bbox 2308 2673 2583 2746; x_wconf 87' lang='grc' dir='ltr'>μαρτυρία</span> <span class='ocrx_word' id='word_1_399' title='bbox 2609 2674 2956 2745; x_wconf 82' lang='grc' dir='ltr'>παρίστησιν.</span> 
     </span>
    </p>
   </div>
   <div class='ocr_carea' id='block_1_56' title="bbox 2177 2763 3681 2838">
    <p class='ocr_par' dir='ltr' id='par_1_56' title="bbox 2177 2763 3681 2838">
     <span class='ocr_line' id='line_1_56' title="bbox 2177 2763 3681 2838; baseline -0.001 -22"><span class='ocrx_word' id='word_1_400' title='bbox 2177 2785 2196 2816; x_wconf 74' lang='grc' dir='ltr'><strong>ι</strong></span> <span class='ocrx_word' id='word_1_401' title='bbox 2248 2765 2461 2838; x_wconf 80' lang='grc' dir='ltr'>Ἰσραὴλ</span> <span class='ocrx_word' id='word_1_402' title='bbox 2487 2765 2719 2830; x_wconf 78' lang='grc' dir='ltr'>σώζεται</span> <span class='ocrx_word' id='word_1_403' title='bbox 2763 2766 2868 2820; x_wconf 82' lang='grc' dir='ltr'><strong>ὑπὸ</strong></span> <span class='ocrx_word' id='word_1_404' title='bbox 2892 2764 3092 2836; x_wconf 84' lang='grc' dir='ltr'>Κυρίου</span> <span class='ocrx_word' id='word_1_405' title='bbox 3125 2763 3398 2837; x_wconf 85' lang='grc' dir='ltr'>σωτηρίαν</span> <span class='ocrx_word' id='word_1_406' title='bbox 3427 2763 3681 2817; x_wconf 82' lang='grc' dir='ltr'>αἰώνιον·</span> 
     </span>
    </p>
   </div>
   <div class='ocr_carea' id='block_1_57' title="bbox 2099 2855 3686 2930">
    <p class='ocr_par' dir='ltr' id='par_1_57' title="bbox 2099 2855 3686 2930">
     <span class='ocr_line' id='line_1_57' title="bbox 2099 2855 3686 2930; baseline -0.001 -20"><span class='ocrx_word' id='word_1_407' title='bbox 2099 2857 2200 2912; x_wconf 88' lang='grc' dir='ltr'><strong>ούκ</strong></span> <span class='ocrx_word' id='word_1_408' title='bbox 2251 2857 2716 2930; x_wconf 85' lang='grc' dir='ltr'>αίσχυνθήσονται,</span> <span class='ocrx_word' id='word_1_409' title='bbox 2761 2857 2881 2910; x_wconf 76' lang='grc' dir='ltr'>οὐδὲ</span> <span class='ocrx_word' id='word_1_410' title='bbox 2937 2859 3010 2928; x_wconf 83' lang='grc' dir='ltr'>μὴ</span> <span class='ocrx_word' id='word_1_411' title='bbox 3061 2856 3398 2925; x_wconf 86' lang='grc' dir='ltr'>ἐντραπῶσιν</span> <span class='ocrx_word' id='word_1_412' title='bbox 3435 2855 3541 2919; x_wconf 77' lang='grc' dir='ltr'>ἓως</span> <span class='ocrx_word' id='word_1_413' title='bbox 3586 2855 3686 2909; x_wconf 76' lang='grc' dir='ltr'><strong>τοῦ</strong></span> 
     </span>
    </p>
   </div>
   <div class='ocr_carea' id='block_1_58' title="bbox 2101 2947 3686 3019">
    <p class='ocr_par' dir='ltr' id='par_1_58' title="bbox 2101 2947 3686 3019">
     <span class='ocr_line' id='line_1_58' title="bbox 2101 2947 3686 3019; baseline -0.003 -15"><span class='ocrx_word' id='word_1_414' title='bbox 2101 2949 2296 3014; x_wconf 84' lang='grc' dir='ltr'>αἰῶνος</span> <span class='ocrx_word' id='word_1_415' title='bbox 2321 2949 2422 3005; x_wconf 78' lang='grc' dir='ltr'>ἐτι.</span> <span class='ocrx_word' id='word_1_416' title='bbox 2460 2969 2479 3003; x_wconf 71' lang='grc' dir='ltr'><strong>ι</strong></span> <span class='ocrx_word' id='word_1_417' title='bbox 2508 2951 2617 3004; x_wconf 79' lang='grc' dir='ltr'>Καὶ</span> <span class='ocrx_word' id='word_1_418' title='bbox 2641 2949 2814 3002; x_wconf 87' lang='grc' dir='ltr'>ταῦτα</span> <span class='ocrx_word' id='word_1_419' title='bbox 2844 2950 2901 3003; x_wconf 87' lang='grc' dir='ltr'><strong>δέ</strong></span> <span class='ocrx_word' id='word_1_420' title='bbox 2927 2947 3235 3008; x_wconf 81' lang='grc' dir='ltr'>ἀκολούθως</span> <span class='ocrx_word' id='word_1_421' title='bbox 3258 2947 3526 3018; x_wconf 79' lang='grc' dir='ltr'>συνῆπται</span> <span class='ocrx_word' id='word_1_422' title='bbox 3554 2949 3686 3019; x_wconf 55' lang='grc' dir='ltr'><strong>περὶ</strong></span> 
     </span>
    </p>
   </div>
   <div class='ocr_carea' id='block_1_59' title="bbox 2098 3039 3687 3114">
    <p class='ocr_par' dir='ltr' id='par_1_59' title="bbox 2098 3039 3687 3114">
     <span class='ocr_line' id='line_1_59' title="bbox 2098 3039 3687 3114; baseline -0.002 -18"><span class='ocrx_word' id='word_1_423' title='bbox 2098 3041 2208 3097; x_wconf 91' lang='grc' dir='ltr'><strong>τῶν</strong></span> <span class='ocrx_word' id='word_1_424' title='bbox 2249 3042 2562 3098; x_wconf 85' lang='grc' dir='ltr'>ἀποστόλων</span> <span class='ocrx_word' id='word_1_425' title='bbox 2608 3043 2702 3097; x_wconf 68' lang='grc' dir='ltr'><strong>καὶ</strong></span> <span class='ocrx_word' id='word_1_426' title='bbox 2733 3041 2988 3114; x_wconf 80' lang='grc' dir='ltr'>μαθητῶν</span> <span class='ocrx_word' id='word_1_427' title='bbox 3024 3042 3119 3094; x_wconf 64' lang='grc' dir='ltr'><strong>καλ⁸</strong></span> <span class='ocrx_word' id='word_1_428' title='bbox 3155 3039 3553 3109; x_wconf 82' lang='grc' dir='ltr'>εύαγγελιστῶν</span> <span class='ocrx_word' id='word_1_429' title='bbox 3586 3039 3687 3094; x_wconf 90' lang='grc' dir='ltr'><strong>τοῦ</strong></span> 
     </span>
    </p>
   </div>
   <div class='ocr_carea' id='block_1_60' title="bbox 419 3127 1999 3214">
    <p class='ocr_par' dir='ltr' id='par_1_60' title="bbox 419 3127 1995 3198">
     <span class='ocr_line' id='line_1_60' title="bbox 419 3127 1995 3198; baseline 0.001 -18"><span class='ocrx_word' id='word_1_430' title='bbox 419 3129 518 3181; x_wconf 89' lang='lat' dir='ltr'><strong>stri</strong></span> <span class='ocrx_word' id='word_1_431' title='bbox 563 3128 858 3181; x_wconf 87' lang='lat' dir='ltr'><strong>dicuntur:</strong></span> <span class='ocrx_word' id='word_1_432' title='bbox 893 3128 992 3198; x_wconf 86' lang='lat' dir='ltr'><strong>ipsi</strong></span> <span class='ocrx_word' id='word_1_433' title='bbox 1042 3143 1276 3198; x_wconf 90' lang='lat' dir='ltr'><strong>namque</strong></span> <span class='ocrx_word' id='word_1_434' title='bbox 1325 3137 1483 3182; x_wconf 87' lang='lat' dir='ltr'><strong>erant</strong></span> <span class='ocrx_word' id='word_1_435' title='bbox 1528 3127 1687 3183; x_wconf 87' lang='lat' dir='ltr'><strong>Israel</strong></span> <span class='ocrx_word' id='word_1_436' title='bbox 1738 3127 1860 3194; x_wconf 92' lang='lat' dir='ltr'><strong>ille,</strong></span> <span class='ocrx_word' id='word_1_437' title='bbox 1906 3127 1995 3196; x_wconf 89' lang='lat' dir='ltr'><strong>qui</strong></span> 
     </span>
    </p>
   </div>
   <div class='ocr_carea' id='block_1_61' title="bbox 2107 3127 3688 3214">
    <p class='ocr_par' dir='ltr' id='par_1_61' title="bbox 2107 3129 3688 3207">
     <span class='ocr_line' id='line_1_61' title="bbox 2107 3129 3688 3207; baseline -0.003 -19"><span class='ocrx_word' id='word_1_438' title='bbox 2107 3135 2352 3206; x_wconf 81' lang='grc' dir='ltr'>Σωτῆρος</span> <span class='ocrx_word' id='word_1_439' title='bbox 2374 3135 2407 3206; x_wconf 87' lang='grc' dir='ltr'><strong>ή</strong></span> <span class='ocrx_word' id='word_1_440' title='bbox 2415 3134 2530 3207; x_wconf 89' lang='grc' dir='ltr'><strong>μῶν</strong></span> <span class='ocrx_word' id='word_1_441' title='bbox 2548 3152 2561 3165; x_wconf 89' lang='grc'><strong>·</strong></span> <span class='ocrx_word' id='word_1_442' title='bbox 2586 3135 2743 3190; x_wconf 75' lang='grc' dir='ltr'>αὐτοὶ</span> <span class='ocrx_word' id='word_1_443' title='bbox 2768 3135 2877 3205; x_wconf 77' lang='grc' dir='ltr'><strong>γὰρ</strong></span> <span class='ocrx_word' id='word_1_444' title='bbox 2895 3129 3037 3206; x_wconf 79' lang='grc' dir='ltr'>ἦσαν</span> <span class='ocrx_word' id='word_1_445' title='bbox 3055 3134 3083 3186; x_wconf 92' lang='lat'><strong>6</strong></span> <span class='ocrx_word' id='word_1_446' title='bbox 3107 3131 3410 3202; x_wconf 81' lang='grc' dir='ltr'>σωζόμενος</span> <span class='ocrx_word' id='word_1_447' title='bbox 3442 3133 3688 3204; x_wconf 69' lang='grc' dir='ltr'>Ἰσραήλο</span> 
     </span>
    </p>
   </div>
   <div class='ocr_carea' id='block_1_62' title="bbox 419 3220 1996 3290">
    <p class='ocr_par' dir='ltr' id='par_1_62' title="bbox 419 3220 1996 3290">
     <span class='ocr_line' id='line_1_62' title="bbox 419 3220 1996 3290; baseline 0 -16"><span class='ocrx_word' id='word_1_448' title='bbox 419 3220 592 3274; x_wconf 89' lang='lat' dir='ltr'><strong>salute</strong></span> <span class='ocrx_word' id='word_1_449' title='bbox 639 3220 914 3276; x_wconf 89' lang='lat' dir='ltr'><strong>donatur:</strong></span> <span class='ocrx_word' id='word_1_450' title='bbox 955 3235 1018 3274; x_wconf 90' lang='lat' dir='ltr'><strong>ac</strong></span> <span class='ocrx_word' id='word_1_451' title='bbox 1069 3236 1256 3275; x_wconf 92' lang='lat' dir='ltr'><strong>eorum</strong></span> <span class='ocrx_word' id='word_1_452' title='bbox 1311 3235 1473 3288; x_wconf 89' lang='lat' dir='ltr'><strong>opera</strong></span> <span class='ocrx_word' id='word_1_453' title='bbox 1529 3221 1845 3290; x_wconf 89' lang='lat' dir='ltr'><strong>plerumque</strong></span> <span class='ocrx_word' id='word_1_454' title='bbox 1882 3236 1996 3275; x_wconf 90' lang='lat' dir='ltr'><strong>me-</strong></span> 
     </span>
    </p>
   </div>
   <div class='ocr_carea' id='block_1_63' title="bbox 423 3312 1999 3367">
    <p class='ocr_par' dir='ltr' id='par_1_63' title="bbox 423 3312 1999 3367">
     <span class='ocr_line' id='line_1_63' title="bbox 423 3312 1999 3367; baseline 0.002 -3"><span class='ocrx_word' id='word_1_455' title='bbox 423 3321 644 3366; x_wconf 78' lang='lat' dir='ltr'><strong>morata:</strong></span> <span class='ocrx_word' id='word_1_456' title='bbox 695 3312 881 3366; x_wconf 75' lang='lat' dir='ltr'><strong>insula:</strong></span> <span class='ocrx_word' id='word_1_457' title='bbox 932 3322 1200 3366; x_wconf 64' lang='lat' dir='ltr'><strong>renovata:</strong></span> <span class='ocrx_word' id='word_1_458' title='bbox 1252 3322 1398 3367; x_wconf 88' lang='lat' dir='ltr'><strong>sunt.</strong></span> <span class='ocrx_word' id='word_1_459' title='bbox 1451 3313 1618 3367; x_wconf 84' lang='lat' dir='ltr'><strong>Erant</strong></span> <span class='ocrx_word' id='word_1_460' title='bbox 1664 3323 1842 3367; x_wconf 84' lang='lat' dir='ltr'><strong>autem</strong></span> <span class='ocrx_word' id='word_1_461' title='bbox 1895 3312 1999 3367; x_wconf 77' lang='lat' dir='ltr'><strong>illa:</strong></span> 
     </span>
    </p>
   </div>
   <div class='ocr_carea' id='block_1_64' title="bbox 425 3403 2000 3475">
    <p class='ocr_par' dir='ltr' id='par_1_64' title="bbox 425 3403 2000 3475">
     <span class='ocr_line' id='line_1_64' title="bbox 425 3403 2000 3475; baseline 0.003 -19"><span class='ocrx_word' id='word_1_462' title='bbox 425 3403 515 3457; x_wconf 86' lang='lat' dir='ltr'><strong>Dei</strong></span> <span class='ocrx_word' id='word_1_463' title='bbox 577 3403 822 3459; x_wconf 70' lang='lat' dir='ltr'><strong>ecclesia:</strong></span> <span class='ocrx_word' id='word_1_464' title='bbox 883 3421 1004 3475; x_wconf 78' lang='lat' dir='ltr'><strong>qua:</strong></span> <span class='ocrx_word' id='word_1_465' title='bbox 1073 3420 1172 3460; x_wconf 91' lang='lat' dir='ltr'><strong>ceu</strong></span> <span class='ocrx_word' id='word_1_466' title='bbox 1238 3405 1373 3459; x_wconf 82' lang='lat' dir='ltr'><strong>mari</strong></span> <span class='ocrx_word' id='word_1_467' title='bbox 1437 3406 1561 3460; x_wconf 77' lang='lat' dir='ltr'><strong>vita:</strong></span> <span class='ocrx_word' id='word_1_468' title='bbox 1632 3406 1830 3459; x_wconf 85' lang='lat' dir='ltr'><strong>malitia</strong></span> <span class='ocrx_word' id='word_1_469' title='bbox 1883 3421 2000 3460; x_wconf 88' lang='lat' dir='ltr'><strong>am-</strong></span> 
     </span>
    </p>
   </div>
   <div class='ocr_carea' id='block_1_65' title="bbox 420 3497 664 3551">
    <p class='ocr_par' dir='ltr' id='par_1_65' title="bbox 420 3497 664 3551">
     <span class='ocr_line' id='line_1_65' title="bbox 420 3497 664 3551; baseline 0.004 -1"><span class='ocrx_word' id='word_1_470' title='bbox 420 3497 664 3551; x_wconf 89' lang='lat' dir='ltr'><strong>biuntur.</strong></span> 
     </span>
    </p>
   </div>
   <div class='ocr_carea' id='block_1_66' title="bbox 495 3586 2000 3660">
    <p class='ocr_par' dir='ltr' id='par_1_66' title="bbox 495 3586 2000 3660">
     <span class='ocr_line' id='line_1_66' title="bbox 495 3586 2000 3660; baseline 0 -16"><span class='ocrx_word' id='word_1_471' title='bbox 495 3589 657 3645; x_wconf 72' lang='lat' dir='ltr'><strong>Vsus.</strong></span> <span class='ocrx_word' id='word_1_472' title='bbox 689 3589 778 3654; x_wconf 76' lang='grc'><strong>18,</strong></span> <span class='ocrx_word' id='word_1_473' title='bbox 807 3589 894 3646; x_wconf 80' lang='lat' dir='ltr'><strong>l9.</strong></span> <span class='ocrx_word' id='word_1_474' title='bbox 937 3609 955 3643; x_wconf 82' lang='grc' dir='ltr'><strong>ι</strong></span> <span class='ocrx_word' id='word_1_475' title='bbox 981 3586 1073 3646; x_wconf 88' lang='lat' dir='ltr'><strong>Sic</strong></span> <span class='ocrx_word' id='word_1_476' title='bbox 1103 3589 1237 3645; x_wconf 89' lang='lat' dir='ltr'><strong>dicit</strong></span> <span class='ocrx_word' id='word_1_477' title='bbox 1271 3590 1555 3654; x_wconf 88' lang='lat' dir='ltr'><strong>Dominus,</strong></span> <span class='ocrx_word' id='word_1_478' title='bbox 1587 3590 1680 3660; x_wconf 87' lang='lat' dir='ltr'><strong>qui</strong></span> <span class='ocrx_word' id='word_1_479' title='bbox 1731 3589 1860 3646; x_wconf 80' lang='lat' dir='ltr'><strong>fecit</strong></span> <span class='ocrx_word' id='word_1_480' title='bbox 1889 3604 2000 3645; x_wconf 78' lang='lat' dir='ltr'><strong>cce-</strong></span> 
     </span>
    </p>
   </div>
   <div class='ocr_carea' id='block_1_67' title="bbox 423 3681 1997 3753">
    <p class='ocr_par' dir='ltr' id='par_1_67' title="bbox 423 3681 1997 3753">
     <span class='ocr_line' id='line_1_67' title="bbox 423 3681 1997 3753; baseline 0.001 -18"><span class='ocrx_word' id='word_1_481' title='bbox 423 3681 534 3735; x_wconf 92' lang='lat' dir='ltr'><strong>lnm</strong></span> <span class='ocrx_word' id='word_1_482' title='bbox 569 3701 582 3736; x_wconf 89' lang='lat'><strong>:</strong></span> <span class='ocrx_word' id='word_1_483' title='bbox 628 3682 728 3737; x_wconf 87' lang='lat' dir='ltr'><strong>iste</strong></span> <span class='ocrx_word' id='word_1_484' title='bbox 763 3681 926 3748; x_wconf 90' lang='lat' dir='ltr'><strong>Deus,</strong></span> <span class='ocrx_word' id='word_1_485' title='bbox 968 3684 1057 3753; x_wconf 94' lang='lat' dir='ltr'><strong>qui</strong></span> <span class='ocrx_word' id='word_1_486' title='bbox 1082 3684 1322 3738; x_wconf 89' lang='lat' dir='ltr'><strong>ostendit</strong></span> <span class='ocrx_word' id='word_1_487' title='bbox 1353 3693 1578 3749; x_wconf 87' lang='lat' dir='ltr'><strong>terram,</strong></span> <span class='ocrx_word' id='word_1_488' title='bbox 1614 3692 1669 3738; x_wconf 90' lang='lat' dir='ltr'><strong>ct</strong></span> <span class='ocrx_word' id='word_1_489' title='bbox 1696 3683 1827 3738; x_wconf 82' lang='lat' dir='ltr'><strong>fecit</strong></span> <span class='ocrx_word' id='word_1_490' title='bbox 1854 3698 1997 3748; x_wconf 75' lang='lat' dir='ltr'><strong>eam,</strong></span> 
     </span>
    </p>
   </div>
   <div class='ocr_carea' id='block_1_68' title="bbox 425 3775 2004 3845">
    <p class='ocr_par' dir='ltr' id='par_1_68' title="bbox 425 3775 2004 3845">
     <span class='ocr_line' id='line_1_68' title="bbox 425 3775 2004 3845; baseline 0 -18"><span class='ocrx_word' id='word_1_491' title='bbox 425 3775 538 3845; x_wconf 85' lang='lat' dir='ltr'><strong>ipse</strong></span> <span class='ocrx_word' id='word_1_492' title='bbox 583 3775 831 3830; x_wconf 79' lang='lat' dir='ltr'><strong>distinxit</strong></span> <span class='ocrx_word' id='word_1_493' title='bbox 873 3791 1016 3830; x_wconf 89' lang='lat' dir='ltr'><strong>eam.</strong></span> <span class='ocrx_word' id='word_1_494' title='bbox 1070 3775 1184 3831; x_wconf 87' lang='lat' dir='ltr'><strong>Non</strong></span> <span class='ocrx_word' id='word_1_495' title='bbox 1228 3776 1428 3830; x_wconf 79' lang='lat' dir='ltr'><strong>frustra</strong></span> <span class='ocrx_word' id='word_1_496' title='bbox 1473 3775 1600 3830; x_wconf 83' lang='lat' dir='ltr'><strong>fecit</strong></span> <span class='ocrx_word' id='word_1_497' title='bbox 1641 3791 1778 3840; x_wconf 88' lang='lat' dir='ltr'><strong>eam,</strong></span> <span class='ocrx_word' id='word_1_498' title='bbox 1817 3775 1910 3829; x_wconf 89' lang='lat' dir='ltr'><strong>sed</strong></span> <span class='ocrx_word' id='word_1_499' title='bbox 1945 3782 2004 3827; x_wconf 90' lang='lat' dir='ltr'><strong>ut</strong></span> 
     </span>
    </p>
   </div>
   <div class='ocr_carea' id='block_1_69' title="bbox 423 3866 2002 3938">
    <p class='ocr_par' dir='ltr' id='par_1_69' title="bbox 423 3866 2002 3938">
     <span class='ocr_line' id='line_1_69' title="bbox 423 3866 2002 3938; baseline -0.001 -17"><span class='ocrx_word' id='word_1_500' title='bbox 423 3866 764 3922; x_wconf 87' lang='lat' dir='ltr'><strong>habitaretur</strong></span> <span class='ocrx_word' id='word_1_501' title='bbox 795 3867 1080 3937; x_wconf 84' lang='lat' dir='ltr'><strong>plasmavit</strong></span> <span class='ocrx_word' id='word_1_502' title='bbox 1119 3883 1262 3923; x_wconf 87' lang='lat' dir='ltr'><strong>eam.</strong></span> <span class='ocrx_word' id='word_1_503' title='bbox 1321 3869 1433 3938; x_wconf 86' lang='lat' dir='ltr'><strong>Ego</strong></span> <span class='ocrx_word' id='word_1_504' title='bbox 1474 3883 1590 3923; x_wconf 91' lang='lat' dir='ltr'><strong>sum</strong></span> <span class='ocrx_word' id='word_1_505' title='bbox 1624 3866 1899 3930; x_wconf 90' lang='lat' dir='ltr'><strong>Dominu,</strong></span> <span class='ocrx_word' id='word_1_506' title='bbox 1947 3876 2002 3920; x_wconf 91' lang='lat' dir='ltr'><strong>et</strong></span> 
     </span>
    </p>
   </div>
   <div class='ocr_carea' id='block_1_70' title="bbox 425 3958 2002 4030">
    <p class='ocr_par' dir='ltr' id='par_1_70' title="bbox 425 3958 2002 4030">
     <span class='ocr_line' id='line_1_70' title="bbox 425 3958 2002 4030; baseline -0.001 -17"><span class='ocrx_word' id='word_1_507' title='bbox 425 3974 532 4014; x_wconf 89' lang='lat' dir='ltr'><strong>non</strong></span> <span class='ocrx_word' id='word_1_508' title='bbox 564 3968 648 4014; x_wconf 88' lang='lat' dir='ltr'><strong>est</strong></span> <span class='ocrx_word' id='word_1_509' title='bbox 682 3958 840 4014; x_wconf 90' lang='lat' dir='ltr'><strong>alius.</strong></span> <span class='ocrx_word' id='word_1_510' title='bbox 865 3979 884 4012; x_wconf 73' lang='grc' dir='ltr'><strong>ι</strong></span> <span class='ocrx_word' id='word_1_511' title='bbox 940 3959 1034 4014; x_wconf 90' lang='lat' dir='ltr'><strong>llis</strong></span> <span class='ocrx_word' id='word_1_512' title='bbox 1063 3963 1306 4025; x_wconf 85' lang='lat' dir='ltr'><strong>docetur,</strong></span> <span class='ocrx_word' id='word_1_513' title='bbox 1354 3974 1459 4014; x_wconf 91' lang='lat' dir='ltr'><strong>non</strong></span> <span class='ocrx_word' id='word_1_514' title='bbox 1507 3959 1862 4030; x_wconf 86' lang='lat' dir='ltr'><strong>ignorandum</strong></span> <span class='ocrx_word' id='word_1_515' title='bbox 1905 3973 2002 4012; x_wconf 87' lang='lat' dir='ltr'><strong>no-</strong></span> 
     </span>
    </p>
   </div>
   <div class='ocr_carea' id='block_1_71' title="bbox 426 4051 2000 4122">
    <p class='ocr_par' dir='ltr' id='par_1_71' title="bbox 426 4051 2000 4122">
     <span class='ocr_line' id='line_1_71' title="bbox 426 4051 2000 4122; baseline -0.003 -15"><span class='ocrx_word' id='word_1_516' title='bbox 426 4052 551 4117; x_wconf 87' lang='lat' dir='ltr'><strong>bis,</strong></span> <span class='ocrx_word' id='word_1_517' title='bbox 606 4051 882 4105; x_wconf 89' lang='lat' dir='ltr'><strong>bominum</strong></span> <span class='ocrx_word' id='word_1_518' title='bbox 944 4067 1114 4121; x_wconf 83' lang='lat' dir='ltr'><strong>genus</strong></span> <span class='ocrx_word' id='word_1_519' title='bbox 1173 4067 1369 4122; x_wconf 83' lang='lat' dir='ltr'><strong>magno</strong></span> <span class='ocrx_word' id='word_1_520' title='bbox 1419 4052 1561 4119; x_wconf 89' lang='lat' dir='ltr'><strong>apud</strong></span> <span class='ocrx_word' id='word_1_521' title='bbox 1622 4052 2000 4105; x_wconf 89' lang='lat' dir='ltr'><strong>universorum</strong></span> 
     </span>
    </p>
   </div>
   <div class='ocr_carea' id='block_1_72' title="bbox 429 4127 2005 4212">
    <p class='ocr_par' dir='ltr' id='par_1_72' title="bbox 429 4127 2005 4212">
     <span class='ocr_line' id='line_1_72' title="bbox 429 4127 2005 4212; baseline 0 -15"><span class='ocrx_word' id='word_1_522' title='bbox 429 4143 713 4198; x_wconf 89' lang='lat' dir='ltr'><strong>Dominum</strong></span> <span class='ocrx_word' id='word_1_523' title='bbox 757 4143 922 4197; x_wconf 92' lang='lat' dir='ltr'><strong>Deum</strong></span> <span class='ocrx_word' id='word_1_524' title='bbox 976 4145 1028 4196; x_wconf 90' lang='lat' dir='ltr'><strong>in</strong></span> <span class='ocrx_word' id='word_1_525' title='bbox 1073 4144 1278 4198; x_wconf 88' lang='lat' dir='ltr'><strong>honore</strong></span> <span class='ocrx_word' id='word_1_526' title='bbox 1323 4143 1564 4198; x_wconf 86' lang='lat' dir='ltr'><strong>habitum</strong></span> <span class='ocrx_word' id='word_1_527' title='bbox 1611 4127 1731 4197; x_wconf 87' lang='lat' dir='ltr'><strong>esse</strong></span> <span class='ocrx_word' id='word_1_528' title='bbox 1777 4160 1790 4196; x_wconf 90' lang='lat'><strong>:</strong></span> <span class='ocrx_word' id='word_1_529' title='bbox 1835 4157 2005 4212; x_wconf 87' lang='lat' dir='ltr'><strong>quare</strong></span> 
     </span>
    </p>
   </div>
   <div class='ocr_carea' id='block_1_73' title="bbox 428 4234 2004 4306">
    <p class='ocr_par' dir='ltr' id='par_1_73' title="bbox 428 4234 2004 4306">
     <span class='ocr_line' id='line_1_73' title="bbox 428 4234 2004 4306; baseline -0.002 -16"><span class='ocrx_word' id='word_1_530' title='bbox 428 4236 601 4304; x_wconf 88' lang='lat' dir='ltr'><strong>ipsum</strong></span> <span class='ocrx_word' id='word_1_531' title='bbox 639 4234 861 4290; x_wconf 87' lang='lat' dir='ltr'><strong>salutari</strong></span> <span class='ocrx_word' id='word_1_532' title='bbox 907 4236 1190 4290; x_wconf 91' lang='lat' dir='ltr'><strong>vocatione</strong></span> <span class='ocrx_word' id='word_1_533' title='bbox 1224 4235 1476 4306; x_wconf 84' lang='lat' dir='ltr'><strong>dignatus</strong></span> <span class='ocrx_word' id='word_1_534' title='bbox 1505 4244 1613 4299; x_wconf 89' lang='lat' dir='ltr'><strong>est,</strong></span> <span class='ocrx_word' id='word_1_535' title='bbox 1644 4249 1854 4290; x_wconf 90' lang='lat' dir='ltr'><strong>necnon</strong></span> <span class='ocrx_word' id='word_1_536' title='bbox 1884 4248 2004 4289; x_wconf 92' lang='lat' dir='ltr'><strong>om-</strong></span> 
     </span>
    </p>
   </div>
   <div class='ocr_carea' id='block_1_74' title="bbox 2103 3223 3687 3296">
    <p class='ocr_par' dir='ltr' id='par_1_74' title="bbox 2103 3223 3687 3296">
     <span class='ocr_line' id='line_1_74' title="bbox 2103 3223 3687 3296; baseline -0.003 -15"><span class='ocrx_word' id='word_1_537' title='bbox 2103 3228 2198 3282; x_wconf 75' lang='grc' dir='ltr'><strong>καὶ</strong></span> <span class='ocrx_word' id='word_1_538' title='bbox 2248 3227 2316 3281; x_wconf 87' lang='grc' dir='ltr'>δι’</span> <span class='ocrx_word' id='word_1_539' title='bbox 2367 3226 2544 3281; x_wconf 82' lang='grc' dir='ltr'>αὐτῶν</span> <span class='ocrx_word' id='word_1_540' title='bbox 2583 3226 3033 3296; x_wconf 87' lang='grc' dir='ltr'>ἀνεκαινίσθησαν</span> <span class='ocrx_word' id='word_1_541' title='bbox 3067 3226 3124 3277; x_wconf 82' lang='grc' dir='ltr'>αἱ</span> <span class='ocrx_word' id='word_1_542' title='bbox 3158 3223 3412 3288; x_wconf 86' lang='grc' dir='ltr'>πολλάκις</span> <span class='ocrx_word' id='word_1_543' title='bbox 3457 3223 3548 3276; x_wconf 80' lang='grc' dir='ltr'>διὰ</span> <span class='ocrx_word' id='word_1_544' title='bbox 3573 3225 3687 3276; x_wconf 84' lang='grc' dir='ltr'><strong>τῶν</strong></span> 
     </span>
    </p>
   </div>
   <div class='ocr_carea' id='block_1_75' title="bbox 2101 3312 3689 3394">
    <p class='ocr_par' dir='ltr' id='par_1_75' title="bbox 2101 3312 3689 3394">
     <span class='ocr_line' id='line_1_75' title="bbox 2101 3312 3689 3394; baseline -0.003 -19"><span class='ocrx_word' id='word_1_545' title='bbox 2101 3322 2410 3394; x_wconf 77' lang='grc' dir='ltr'>ἔμπροσθεν</span> <span class='ocrx_word' id='word_1_546' title='bbox 2449 3320 2770 3392; x_wconf 85' lang='grc' dir='ltr'>δηλωθεῖσαι</span> <span class='ocrx_word' id='word_1_547' title='bbox 2824 3321 2998 3389; x_wconf 80' lang='grc' dir='ltr'>νῆσοι.</span> <span class='ocrx_word' id='word_1_548' title='bbox 3030 3312 3199 3371; x_wconf 76' lang='grc' dir='ltr'>Αῦται</span> <span class='ocrx_word' id='word_1_549' title='bbox 3227 3316 3284 3369; x_wconf 82' lang='grc' dir='ltr'>δὲ</span> <span class='ocrx_word' id='word_1_550' title='bbox 3315 3312 3450 3387; x_wconf 76' lang='grc' dir='ltr'>ἦσαν</span> <span class='ocrx_word' id='word_1_551' title='bbox 3490 3317 3546 3369; x_wconf 86' lang='grc' dir='ltr'><strong>αί</strong></span> <span class='ocrx_word' id='word_1_552' title='bbox 3590 3318 3689 3370; x_wconf 85' lang='grc' dir='ltr'>ἐκ-</span> 
     </span>
    </p>
   </div>
   <div class='ocr_carea' id='block_1_76' title="bbox 2101 3409 3690 3485">
    <p class='ocr_par' dir='ltr' id='par_1_76' title="bbox 2101 3409 3690 3485">
     <span class='ocr_line' id='line_1_76' title="bbox 2101 3409 3690 3485; baseline -0.004 -17"><span class='ocrx_word' id='word_1_553' title='bbox 2101 3415 2323 3485; x_wconf 90' lang='grc' dir='ltr'>κλησίαι</span> <span class='ocrx_word' id='word_1_554' title='bbox 2366 3414 2461 3467; x_wconf 87' lang='grc' dir='ltr'><strong>τοῦ</strong></span> <span class='ocrx_word' id='word_1_555' title='bbox 2493 3412 2628 3466; x_wconf 82' lang='grc' dir='ltr'>Θεοῦ</span> <span class='ocrx_word' id='word_1_556' title='bbox 2653 3411 2730 3476; x_wconf 83' lang='grc' dir='ltr'>ὡς</span> <span class='ocrx_word' id='word_1_557' title='bbox 2765 3411 2856 3464; x_wconf 79' lang='grc' dir='ltr'><strong>ἐπὶ</strong></span> <span class='ocrx_word' id='word_1_558' title='bbox 2883 3409 3158 3480; x_wconf 80' lang='grc' dir='ltr'>θαλάσσης</span> <span class='ocrx_word' id='word_1_559' title='bbox 3183 3409 3550 3480; x_wconf 86' lang='grc' dir='ltr'>κυκλούμεναι</span> <span class='ocrx_word' id='word_1_560' title='bbox 3582 3409 3690 3462; x_wconf 74' lang='grc' dir='ltr'><strong>ὑπὸ</strong></span> 
     </span>
    </p>
   </div>
   <div class='ocr_carea' id='block_1_77' title="bbox 2101 3503 2726 3578">
    <p class='ocr_par' dir='ltr' id='par_1_77' title="bbox 2101 3503 2726 3578">
     <span class='ocr_line' id='line_1_77' title="bbox 2101 3503 2726 3578; baseline -0.006 -18"><span class='ocrx_word' id='word_1_561' title='bbox 2101 3507 2204 3578; x_wconf 74' lang='grc' dir='ltr'>τῆς</span> <span class='ocrx_word' id='word_1_562' title='bbox 2235 3505 2329 3560; x_wconf 88' lang='grc' dir='ltr'><strong>τοῦ</strong></span> <span class='ocrx_word' id='word_1_563' title='bbox 2361 3506 2476 3575; x_wconf 89' lang='grc' dir='ltr'>βίου</span> <span class='ocrx_word' id='word_1_564' title='bbox 2505 3503 2726 3566; x_wconf 86' lang='grc' dir='ltr'>κακίας.</span> 
     </span>
    </p>
   </div>
   <div class='ocr_carea' id='block_1_78' title="bbox 2178 3583 3692 3662">
    <p class='ocr_par' dir='ltr' id='par_1_78' title="bbox 2178 3583 3692 3662">
     <span class='ocr_line' id='line_1_78' title="bbox 2178 3583 3692 3662; baseline -0.005 -13"><span class='ocrx_word' id='word_1_565' title='bbox 2178 3615 2196 3648; x_wconf 80' lang='grc' dir='ltr'><strong>ι</strong></span> <span class='ocrx_word' id='word_1_566' title='bbox 2233 3594 2420 3658; x_wconf 80' lang='grc' dir='ltr'>υῦτως</span> <span class='ocrx_word' id='word_1_567' title='bbox 2439 3593 2584 3662; x_wconf 73' lang='grc' dir='ltr'>λέγει</span> <span class='ocrx_word' id='word_1_568' title='bbox 2615 3591 2818 3662; x_wconf 86' lang='grc' dir='ltr'>Κύριος</span> <span class='ocrx_word' id='word_1_569' title='bbox 2861 3591 2890 3643; x_wconf 85' lang='grc' dir='ltr'><strong>ὁ</strong></span> <span class='ocrx_word' id='word_1_570' title='bbox 2925 3592 3156 3662; x_wconf 83' lang='grc' dir='ltr'>ποιήσας</span> <span class='ocrx_word' id='word_1_571' title='bbox 3186 3590 3277 3643; x_wconf 89' lang='grc' dir='ltr'><strong>τὸν</strong></span> <span class='ocrx_word' id='word_1_572' title='bbox 3301 3588 3528 3660; x_wconf 76' lang='grc' dir='ltr'>οὐρανόν</span> <span class='ocrx_word' id='word_1_573' title='bbox 3548 3606 3560 3619; x_wconf 91' lang='grc'><strong>·</strong></span> <span class='ocrx_word' id='word_1_574' title='bbox 3601 3583 3692 3642; x_wconf 71' lang='grc' dir='ltr'><strong>οὗ·</strong></span> 
     </span>
    </p>
   </div>
   <div class='ocr_carea' id='block_1_79' title="bbox 2100 3684 3688 3755">
    <p class='ocr_par' dir='ltr' id='par_1_79' title="bbox 2100 3684 3688 3755">
     <span class='ocr_line' id='line_1_79' title="bbox 2100 3684 3688 3755; baseline -0.006 -12"><span class='ocrx_word' id='word_1_575' title='bbox 2100 3707 2191 3754; x_wconf 87' lang='grc' dir='ltr'><strong>τος</strong></span> <span class='ocrx_word' id='word_1_576' title='bbox 2220 3691 2248 3743; x_wconf 91' lang='lat'><strong>6</strong></span> <span class='ocrx_word' id='word_1_577' title='bbox 2276 3688 2408 3752; x_wconf 86' lang='grc' dir='ltr'>Θεὸς</span> <span class='ocrx_word' id='word_1_578' title='bbox 2451 3690 2480 3741; x_wconf 89' lang='grc' dir='ltr'>ὁ</span> <span class='ocrx_word' id='word_1_579' title='bbox 2519 3684 2843 3751; x_wconf 78' lang='grc' dir='ltr'>καταδείξας</span> <span class='ocrx_word' id='word_1_580' title='bbox 2883 3685 2982 3755; x_wconf 83' lang='grc' dir='ltr'><strong>τὴν</strong></span> <span class='ocrx_word' id='word_1_581' title='bbox 3030 3687 3156 3755; x_wconf 79' lang='grc' dir='ltr'>γῆν,</span> <span class='ocrx_word' id='word_1_582' title='bbox 3191 3685 3284 3737; x_wconf 76' lang='grc' dir='ltr'><strong>καὶ</strong></span> <span class='ocrx_word' id='word_1_583' title='bbox 3317 3685 3553 3753; x_wconf 82' lang='grc' dir='ltr'>ποιήσας</span> <span class='ocrx_word' id='word_1_584' title='bbox 3586 3684 3688 3734; x_wconf 79' lang='grc' dir='ltr'>αύ-</span> 
     </span>
    </p>
   </div>
   <div class='ocr_carea' id='block_1_80' title="bbox 2102 3775 3690 3854">
    <p class='ocr_par' dir='ltr' id='par_1_80' title="bbox 2102 3775 3690 3854">
     <span class='ocr_line' id='line_1_80' title="bbox 2102 3775 3690 3854; baseline -0.007 -18"><span class='ocrx_word' id='word_1_585' title='bbox 2102 3783 2223 3854; x_wconf 84' lang='grc' dir='ltr'>τὴν,</span> <span class='ocrx_word' id='word_1_586' title='bbox 2269 3781 2432 3844; x_wconf 79' lang='grc' dir='ltr'>αὐτὸς</span> <span class='ocrx_word' id='word_1_587' title='bbox 2474 3779 2727 3851; x_wconf 87' lang='grc' dir='ltr'>διώρισεν</span> <span class='ocrx_word' id='word_1_588' title='bbox 2767 3778 2956 3849; x_wconf 81' lang='grc' dir='ltr'>αὑτήν.</span> <span class='ocrx_word' id='word_1_589' title='bbox 2998 3778 3111 3830; x_wconf 81' lang='grc' dir='ltr'>Οὐκ</span> <span class='ocrx_word' id='word_1_590' title='bbox 3137 3777 3218 3840; x_wconf 86' lang='grc' dir='ltr'><strong>είς</strong></span> <span class='ocrx_word' id='word_1_591' title='bbox 3248 3775 3403 3830; x_wconf 85' lang='grc' dir='ltr'>κενὸν</span> <span class='ocrx_word' id='word_1_592' title='bbox 3432 3775 3690 3845; x_wconf 80' lang='grc' dir='ltr'>ἐποίησεν</span> 
     </span>
    </p>
   </div>
   <div class='ocr_carea' id='block_1_81' title="bbox 2104 3867 3690 3947">
    <p class='ocr_par' dir='ltr' id='par_1_81' title="bbox 2104 3867 3690 3947">
     <span class='ocr_line' id='line_1_81' title="bbox 2104 3867 3690 3947; baseline -0.006 -17"><span class='ocrx_word' id='word_1_593' title='bbox 2104 3876 2294 3947; x_wconf 79' lang='grc' dir='ltr'>αὐτὴν,</span> <span class='ocrx_word' id='word_1_594' title='bbox 2322 3873 2458 3929; x_wconf 86' lang='grc' dir='ltr'>ἀλλὰ</span> <span class='ocrx_word' id='word_1_595' title='bbox 2492 3871 2863 3930; x_wconf 83' lang='grc' dir='ltr'>κατοικεῖσθαι</span> <span class='ocrx_word' id='word_1_596' title='bbox 2911 3869 3142 3923; x_wconf 77' lang='grc' dir='ltr'>ἔπλασεν</span> <span class='ocrx_word' id='word_1_597' title='bbox 3181 3869 3374 3940; x_wconf 83' lang='grc' dir='ltr'>αὐτήν.</span> <span class='ocrx_word' id='word_1_598' title='bbox 3407 3867 3545 3937; x_wconf 74' lang='grc' dir='ltr'><strong>Ἑγὼ</strong></span> <span class='ocrx_word' id='word_1_599' title='bbox 3571 3870 3690 3938; x_wconf 84' lang='grc' dir='ltr'>εί-μι</span> 
     </span>
    </p>
   </div>
   <div class='ocr_carea' id='block_1_82' title="bbox 2105 3959 3693 4038">
    <p class='ocr_par' dir='ltr' id='par_1_82' title="bbox 2105 3959 3693 4038">
     <span class='ocr_line' id='line_1_82' title="bbox 2105 3959 3693 4038; baseline -0.006 -17"><span class='ocrx_word' id='word_1_600' title='bbox 2105 3968 2332 4038; x_wconf 85' lang='grc' dir='ltr'>Κύριος,</span> <span class='ocrx_word' id='word_1_601' title='bbox 2367 3965 2461 4020; x_wconf 68' lang='grc' dir='ltr'>καὶ</span> <span class='ocrx_word' id='word_1_602' title='bbox 2487 3965 2588 4018; x_wconf 76' lang='grc' dir='ltr'><strong>οὐκ</strong></span> <span class='ocrx_word' id='word_1_603' title='bbox 2627 3963 2775 4018; x_wconf 78' lang='grc' dir='ltr'>ἐστιν</span> <span class='ocrx_word' id='word_1_604' title='bbox 2815 3963 2918 4016; x_wconf 82' lang='grc' dir='ltr'>ἐτι.</span> <span class='ocrx_word' id='word_1_605' title='bbox 2958 3981 2977 4013; x_wconf 74' lang='grc' dir='ltr'><strong>ι</strong></span> <span class='ocrx_word' id='word_1_606' title='bbox 3028 3962 3281 4016; x_wconf 76' lang='grc' dir='ltr'>Διδάσκει</span> <span class='ocrx_word' id='word_1_607' title='bbox 3304 3959 3393 4013; x_wconf 88' lang='grc' dir='ltr'><strong>διά</strong></span> <span class='ocrx_word' id='word_1_608' title='bbox 3427 3959 3629 4012; x_wconf 90' lang='grc' dir='ltr'>τούτων</span> <span class='ocrx_word' id='word_1_609' title='bbox 3662 3960 3693 4012; x_wconf 92' lang='lat'><strong>6</strong></span> 
     </span>
    </p>
   </div>
   <div class='ocr_carea' id='block_1_83' title="bbox 2106 4050 3694 4129">
    <p class='ocr_par' dir='ltr' id='par_1_83' title="bbox 2106 4050 3694 4129">
     <span class='ocr_line' id='line_1_83' title="bbox 2106 4050 3694 4129; baseline -0.005 -19"><span class='ocrx_word' id='word_1_610' title='bbox 2106 4058 2264 4128; x_wconf 87' lang='grc' dir='ltr'>λόγος</span> <span class='ocrx_word' id='word_1_611' title='bbox 2295 4057 2370 4129; x_wconf 85' lang='grc' dir='ltr'>μὴ</span> <span class='ocrx_word' id='word_1_612' title='bbox 2399 4058 2636 4125; x_wconf 85' lang='grc' dir='ltr'>ἀγνοεῖν,</span> <span class='ocrx_word' id='word_1_613' title='bbox 2690 4055 2766 4118; x_wconf 86' lang='grc' dir='ltr'>ὡς</span> <span class='ocrx_word' id='word_1_614' title='bbox 2812 4053 3061 4126; x_wconf 85' lang='grc' dir='ltr'>μεγάλως</span> <span class='ocrx_word' id='word_1_615' title='bbox 3090 4053 3376 4123; x_wconf 82' lang='grc' dir='ltr'>τετίμηται</span> <span class='ocrx_word' id='word_1_616' title='bbox 3419 4050 3572 4122; x_wconf 87' lang='grc' dir='ltr'><strong>παρά</strong></span> <span class='ocrx_word' id='word_1_617' title='bbox 3610 4050 3694 4121; x_wconf 80' lang='grc' dir='ltr'><strong>τῷ</strong></span> 
     </span>
    </p>
   </div>
   <div class='ocr_carea' id='block_1_84' title="bbox 2104 4141 3694 4220">
    <p class='ocr_par' dir='ltr' id='par_1_84' title="bbox 2104 4141 3694 4220">
     <span class='ocr_line' id='line_1_84' title="bbox 2104 4141 3694 4220; baseline -0.006 -16"><span class='ocrx_word' id='word_1_618' title='bbox 2104 4151 2322 4204; x_wconf 88' lang='grc' dir='ltr'>πάντων</span> <span class='ocrx_word' id='word_1_619' title='bbox 2355 4149 2587 4220; x_wconf 84' lang='grc' dir='ltr'>δεσπότῃ</span> <span class='ocrx_word' id='word_1_620' title='bbox 2620 4147 2740 4218; x_wconf 86' lang='grc' dir='ltr'>Θεῷ</span> <span class='ocrx_word' id='word_1_621' title='bbox 2783 4147 2844 4200; x_wconf 91' lang='grc' dir='ltr'><strong>τὸ</strong></span> <span class='ocrx_word' id='word_1_622' title='bbox 2884 4145 2991 4200; x_wconf 85' lang='grc' dir='ltr'><strong>τῶν</strong></span> <span class='ocrx_word' id='word_1_623' title='bbox 3029 4144 3333 4218; x_wconf 86' lang='grc' dir='ltr'>ἀνθρώπων</span> <span class='ocrx_word' id='word_1_624' title='bbox 3371 4143 3560 4213; x_wconf 76' lang='grc' dir='ltr'>γένος’</span> <span class='ocrx_word' id='word_1_625' title='bbox 3609 4141 3694 4195; x_wconf 87' lang='grc' dir='ltr'><strong>διὸ</strong></span> 
     </span>
    </p>
   </div>
   <div class='ocr_carea' id='block_1_85' title="bbox 2105 4235 3695 4312">
    <p class='ocr_par' dir='ltr' id='par_1_85' title="bbox 2105 4235 3695 4312">
     <span class='ocr_line' id='line_1_85' title="bbox 2105 4235 3695 4312; baseline -0.006 -16"><span class='ocrx_word' id='word_1_626' title='bbox 2105 4244 2200 4296; x_wconf 72' lang='grc' dir='ltr'><strong>καὶ</strong></span> <span class='ocrx_word' id='word_1_627' title='bbox 2221 4243 2321 4312; x_wconf 84' lang='grc' dir='ltr'><strong>τῆς</strong></span> <span class='ocrx_word' id='word_1_628' title='bbox 2355 4241 2601 4312; x_wconf 86' lang='grc' dir='ltr'>κλήσεως</span> <span class='ocrx_word' id='word_1_629' title='bbox 2634 4239 2796 4304; x_wconf 83' lang='grc' dir='ltr'>αὐτὸς</span> <span class='ocrx_word' id='word_1_630' title='bbox 2819 4239 2918 4308; x_wconf 83' lang='grc' dir='ltr'>τῆς</span> <span class='ocrx_word' id='word_1_631' title='bbox 2949 4237 3216 4308; x_wconf 88' lang='grc' dir='ltr'>σωτηρίου</span> <span class='ocrx_word' id='word_1_632' title='bbox 3240 4235 3570 4307; x_wconf 80' lang='grc' dir='ltr'>κατηξίωσε,</span> <span class='ocrx_word' id='word_1_633' title='bbox 3595 4236 3695 4288; x_wconf 71' lang='grc' dir='ltr'>καὶ</span> 
     </span>
    </p>
   </div>
   <div class='ocr_carea' id='block_1_86' title="bbox 428 4327 1999 4405">
    <p class='ocr_par' dir='ltr' id='par_1_86' title="bbox 428 4327 1999 4398">
     <span class='ocr_line' id='line_1_86' title="bbox 428 4327 1999 4398; baseline -0.001 -16"><span class='ocrx_word' id='word_1_634' title='bbox 428 4329 590 4384; x_wconf 89' lang='lat' dir='ltr'><strong>nibus</strong></span> <span class='ocrx_word' id='word_1_635' title='bbox 635 4328 732 4392; x_wconf 94' lang='lat' dir='ltr'><strong>iis,</strong></span> <span class='ocrx_word' id='word_1_636' title='bbox 782 4343 900 4398; x_wconf 73' lang='lat' dir='ltr'><strong>qua:</strong></span> <span class='ocrx_word' id='word_1_637' title='bbox 939 4327 993 4382; x_wconf 89' lang='lat' dir='ltr'><strong>in</strong></span> <span class='ocrx_word' id='word_1_638' title='bbox 1036 4327 1284 4398; x_wconf 86' lang='lat' dir='ltr'><strong>praesenti</strong></span> <span class='ocrx_word' id='word_1_639' title='bbox 1339 4327 1625 4398; x_wconf 85' lang='lat' dir='ltr'><strong>prophetia</strong></span> <span class='ocrx_word' id='word_1_640' title='bbox 1679 4327 1999 4397; x_wconf 88' lang='lat' dir='ltr'><strong>promittun-</strong></span> 
     </span>
    </p>
   </div>
   <div class='ocr_carea' id='block_1_87' title="bbox 2107 4327 3696 4405">
    <p class='ocr_par' dir='ltr' id='par_1_87' title="bbox 2107 4329 3696 4403">
     <span class='ocr_line' id='line_1_87' title="bbox 2107 4329 3696 4403; baseline -0.006 -15"><span class='ocrx_word' id='word_1_641' title='bbox 2107 4335 2323 4388; x_wconf 87' lang='grc' dir='ltr'>πάντων</span> <span class='ocrx_word' id='word_1_642' title='bbox 2353 4333 2462 4387; x_wconf 90' lang='grc' dir='ltr'><strong>τῶν</strong></span> <span class='ocrx_word' id='word_1_643' title='bbox 2485 4332 2574 4386; x_wconf 87' lang='grc' dir='ltr'><strong>διὰ</strong></span> <span class='ocrx_word' id='word_1_644' title='bbox 2607 4332 2709 4403; x_wconf 82' lang='grc' dir='ltr'>τῆς</span> <span class='ocrx_word' id='word_1_645' title='bbox 2731 4329 3012 4402; x_wconf 87' lang='grc' dir='ltr'>παρούσης</span> <span class='ocrx_word' id='word_1_646' title='bbox 3044 4329 3380 4403; x_wconf 84' lang='grc' dir='ltr'>προφητείας</span> <span class='ocrx_word' id='word_1_647' title='bbox 3414 4329 3696 4398; x_wconf 62' lang='grc' dir='ltr'>ἐπηγγελ-</span> 
     </span>
    </p>
   </div>
   <div class='ocr_carea' id='block_1_88' title="bbox 431 4417 2000 4488">
    <p class='ocr_par' dir='ltr' id='par_1_88' title="bbox 431 4417 2000 4488">
     <span class='ocr_line' id='line_1_88' title="bbox 431 4417 2000 4488; baseline 0.001 -15"><span class='ocrx_word' id='word_1_648' title='bbox 431 4432 536 4477; x_wconf 88' lang='lat' dir='ltr'><strong>tnr.</strong></span> <span class='ocrx_word' id='word_1_649' title='bbox 595 4421 1057 4488; x_wconf 86' lang='lat' dir='ltr'><strong>Quemadmodum</strong></span> <span class='ocrx_word' id='word_1_650' title='bbox 1106 4421 1250 4475; x_wconf 90' lang='lat' dir='ltr'><strong>enim</strong></span> <span class='ocrx_word' id='word_1_651' title='bbox 1319 4420 1518 4474; x_wconf 74' lang='lat' dir='ltr'><strong>coelum</strong></span> <span class='ocrx_word' id='word_1_652' title='bbox 1569 4420 1637 4473; x_wconf 88' lang='lat' dir='ltr'><strong>ad</strong></span> <span class='ocrx_word' id='word_1_653' title='bbox 1687 4417 2000 4488; x_wconf 80' lang='lat' dir='ltr'><strong>angelorum</strong></span> 
     </span>
    </p>
   </div>
   <div class='ocr_carea' id='block_1_89' title="bbox 426 4511 2004 4582">
    <p class='ocr_par' dir='ltr' id='par_1_89' title="bbox 426 4511 2004 4582">
     <span class='ocr_line' id='line_1_89' title="bbox 426 4511 2004 4582; baseline -0.001 -16"><span class='ocrx_word' id='word_1_654' title='bbox 426 4522 849 4580; x_wconf 83' lang='lat' dir='ltr'><strong>sanctorumque</strong></span> <span class='ocrx_word' id='word_1_655' title='bbox 877 4512 1162 4582; x_wconf 86' lang='lat' dir='ltr'><strong>spirituum</strong></span> <span class='ocrx_word' id='word_1_656' title='bbox 1193 4511 1524 4567; x_wconf 91' lang='lat' dir='ltr'><strong>domicilium</strong></span> <span class='ocrx_word' id='word_1_657' title='bbox 1558 4513 1886 4574; x_wconf 89' lang='lat' dir='ltr'><strong>necessario,</strong></span> <span class='ocrx_word' id='word_1_658' title='bbox 1916 4521 2004 4565; x_wconf 84' lang='lat' dir='ltr'><strong>at-</strong></span> 
     </span>
    </p>
   </div>
   <div class='ocr_carea' id='block_1_90' title="bbox 429 4604 2006 4675">
    <p class='ocr_par' dir='ltr' id='par_1_90' title="bbox 429 4604 2006 4675">
     <span class='ocr_line' id='line_1_90' title="bbox 429 4604 2006 4675; baseline -0.002 -15"><span class='ocrx_word' id='word_1_659' title='bbox 429 4621 536 4675; x_wconf 88' lang='lat' dir='ltr'><strong>que</strong></span> <span class='ocrx_word' id='word_1_660' title='bbox 589 4605 652 4660; x_wconf 88' lang='lat' dir='ltr'><strong>ad</strong></span> <span class='ocrx_word' id='word_1_661' title='bbox 697 4605 933 4660; x_wconf 90' lang='lat' dir='ltr'><strong>universi</strong></span> <span class='ocrx_word' id='word_1_662' title='bbox 980 4615 1230 4660; x_wconf 88' lang='lat' dir='ltr'><strong>ornatum</strong></span> <span class='ocrx_word' id='word_1_663' title='bbox 1281 4605 1574 4668; x_wconf 88' lang='lat' dir='ltr'><strong>constitui;</strong></span> <span class='ocrx_word' id='word_1_664' title='bbox 1620 4604 1690 4658; x_wconf 90' lang='lat' dir='ltr'><strong>ita</strong></span> <span class='ocrx_word' id='word_1_665' title='bbox 1745 4612 1801 4658; x_wconf 84' lang='lat' dir='ltr'><strong>et</strong></span> <span class='ocrx_word' id='word_1_666' title='bbox 1851 4613 2006 4658; x_wconf 74' lang='lat' dir='ltr'><strong>terra:</strong></span> 
     </span>
    </p>
   </div>
   <div class='ocr_carea' id='block_1_91' title="bbox 429 4695 2005 4766">
    <p class='ocr_par' dir='ltr' id='par_1_91' title="bbox 429 4695 2005 4766">
     <span class='ocr_line' id='line_1_91' title="bbox 429 4695 2005 4766; baseline -0.004 -12"><span class='ocrx_word' id='word_1_667' title='bbox 429 4703 798 4766; x_wconf 90' lang='lat' dir='ltr'><strong>elementum,</strong></span> <span class='ocrx_word' id='word_1_668' title='bbox 844 4714 950 4753; x_wconf 76' lang='lat' dir='ltr'><strong>non</strong></span> <span class='ocrx_word' id='word_1_669' title='bbox 1000 4698 1052 4752; x_wconf 90' lang='lat' dir='ltr'><strong>in</strong></span> <span class='ocrx_word' id='word_1_670' title='bbox 1085 4712 1281 4752; x_wconf 83' lang='lat' dir='ltr'><strong>vanum</strong></span> <span class='ocrx_word' id='word_1_671' title='bbox 1335 4711 1512 4766; x_wconf 91' lang='lat' dir='ltr'><strong>neque</strong></span> <span class='ocrx_word' id='word_1_672' title='bbox 1564 4695 1829 4750; x_wconf 88' lang='lat' dir='ltr'><strong>inutiliter</strong></span> <span class='ocrx_word' id='word_1_673' title='bbox 1875 4710 2005 4749; x_wconf 89' lang='lat' dir='ltr'><strong>con-</strong></span> 
     </span>
    </p>
   </div>
   <div class='ocr_carea' id='block_1_92' title="bbox 431 4787 2006 4860">
    <p class='ocr_par' dir='ltr' id='par_1_92' title="bbox 431 4787 2006 4860">
     <span class='ocr_line' id='line_1_92' title="bbox 431 4787 2006 4860; baseline -0.003 -15"><span class='ocrx_word' id='word_1_674' title='bbox 431 4791 573 4855; x_wconf 87' lang='lat' dir='ltr'><strong>didi;</strong></span> <span class='ocrx_word' id='word_1_675' title='bbox 620 4789 714 4845; x_wconf 89' lang='lat' dir='ltr'><strong>sed</strong></span> <span class='ocrx_word' id='word_1_676' title='bbox 767 4791 942 4860; x_wconf 88' lang='lat' dir='ltr'><strong>ipsum</strong></span> <span class='ocrx_word' id='word_1_677' title='bbox 991 4790 1057 4844; x_wconf 76' lang='lat' dir='ltr'><strong>ad</strong></span> <span class='ocrx_word' id='word_1_678' title='bbox 1109 4789 1476 4845; x_wconf 86' lang='lat' dir='ltr'><strong>habitaculum</strong></span> <span class='ocrx_word' id='word_1_679' title='bbox 1524 4798 1579 4844; x_wconf 91' lang='lat' dir='ltr'><strong>et</strong></span> <span class='ocrx_word' id='word_1_680' title='bbox 1625 4787 2006 4842; x_wconf 89' lang='lat' dir='ltr'><strong>commoratio-</strong></span> 
     </span>
    </p>
   </div>
   <div class='ocr_carea' id='block_1_93' title="bbox 433 4881 2003 4953">
    <p class='ocr_par' dir='ltr' id='par_1_93' title="bbox 433 4881 2003 4953">
     <span class='ocr_line' id='line_1_93' title="bbox 433 4881 2003 4953; baseline -0.003 -15"><span class='ocrx_word' id='word_1_681' title='bbox 433 4899 554 4938; x_wconf 90' lang='lat' dir='ltr'><strong>nem</strong></span> <span class='ocrx_word' id='word_1_682' title='bbox 615 4897 847 4948; x_wconf 89' lang='lat' dir='ltr'><strong>eorum,</strong></span> <span class='ocrx_word' id='word_1_683' title='bbox 900 4884 992 4953; x_wconf 90' lang='lat' dir='ltr'><strong>qui</strong></span> <span class='ocrx_word' id='word_1_684' title='bbox 1063 4883 1134 4938; x_wconf 92' lang='lat' dir='ltr'><strong>ibi</strong></span> <span class='ocrx_word' id='word_1_685' title='bbox 1199 4882 1506 4938; x_wconf 82' lang='lat' dir='ltr'><strong>rationabili</strong></span> <span class='ocrx_word' id='word_1_686' title='bbox 1561 4881 1721 4935; x_wconf 93' lang='lat' dir='ltr'><strong>modo</strong></span> <span class='ocrx_word' id='word_1_687' title='bbox 1776 4895 2003 4935; x_wconf 84' lang='lat' dir='ltr'><strong>conver-</strong></span> 
     </span>
    </p>
   </div>
   <div class='ocr_carea' id='block_1_94' title="bbox 433 4970 2007 5044">
    <p class='ocr_par' dir='ltr' id='par_1_94' title="bbox 433 4970 2007 5044">
     <span class='ocr_line' id='line_1_94' title="bbox 433 4970 2007 5044; baseline -0.003 -14"><span class='ocrx_word' id='word_1_688' title='bbox 433 4975 602 5030; x_wconf 89' lang='lat' dir='ltr'><strong>saturi</strong></span> <span class='ocrx_word' id='word_1_689' title='bbox 659 4985 861 5042; x_wconf 86' lang='lat' dir='ltr'><strong>erant,</strong></span> <span class='ocrx_word' id='word_1_690' title='bbox 915 4975 1218 5039; x_wconf 83' lang='lat' dir='ltr'><strong>adornavi,</strong></span> <span class='ocrx_word' id='word_1_691' title='bbox 1289 4976 1378 5044; x_wconf 83' lang='lat' dir='ltr'><strong>qui</strong></span> <span class='ocrx_word' id='word_1_692' title='bbox 1437 4987 1573 5028; x_wconf 88' lang='lat' dir='ltr'><strong>sane</strong></span> <span class='ocrx_word' id='word_1_693' title='bbox 1632 4970 2007 5042; x_wconf 79' lang='lat' dir='ltr'><strong>cognoscendo</strong></span> 
     </span>
    </p>
   </div>
   <div class='ocr_carea' id='block_1_95' title="bbox 435 5065 2006 5139">
    <p class='ocr_par' dir='ltr' id='par_1_95' title="bbox 435 5065 2006 5139">
     <span class='ocr_line' id='line_1_95' title="bbox 435 5065 2006 5139; baseline -0.003 -17"><span class='ocrx_word' id='word_1_694' title='bbox 435 5068 563 5128; x_wconf 86' lang='lat' dir='ltr'><strong>Deo,</strong></span> <span class='ocrx_word' id='word_1_695' title='bbox 617 5083 682 5124; x_wconf 90' lang='lat' dir='ltr'><strong>ac</strong></span> <span class='ocrx_word' id='word_1_696' title='bbox 736 5068 984 5139; x_wconf 78' lang='lat' dir='ltr'><strong>religiose</strong></span> <span class='ocrx_word' id='word_1_697' title='bbox 1011 5069 1238 5121; x_wconf 87' lang='lat' dir='ltr'><strong>vivendo</strong></span> <span class='ocrx_word' id='word_1_698' title='bbox 1270 5081 1429 5138; x_wconf 87' lang='lat' dir='ltr'><strong>pares</strong></span> <span class='ocrx_word' id='word_1_699' title='bbox 1480 5075 1655 5130; x_wconf 91' lang='lat' dir='ltr'><strong>erant,</strong></span> <span class='ocrx_word' id='word_1_700' title='bbox 1706 5075 1892 5135; x_wconf 88' lang='lat' dir='ltr'><strong>utpote</strong></span> <span class='ocrx_word' id='word_1_701' title='bbox 1939 5065 2006 5118; x_wconf 90' lang='lat' dir='ltr'><strong>ad</strong></span> 
     </span>
    </p>
   </div>
   <div class='ocr_carea' id='block_1_96' title="bbox 434 5155 2008 5230">
    <p class='ocr_par' dir='ltr' id='par_1_96' title="bbox 434 5155 2008 5230">
     <span class='ocr_line' id='line_1_96' title="bbox 434 5155 2008 5230; baseline -0.001 -17"><span class='ocrx_word' id='word_1_702' title='bbox 434 5160 724 5230; x_wconf 75' lang='lat' dir='ltr'><strong>imaginem</strong></span> <span class='ocrx_word' id='word_1_703' title='bbox 759 5159 854 5214; x_wconf 86' lang='lat' dir='ltr'><strong>Dei</strong></span> <span class='ocrx_word' id='word_1_704' title='bbox 894 5159 1119 5214; x_wconf 89' lang='lat' dir='ltr'><strong>conditi.</strong></span> <span class='ocrx_word' id='word_1_705' title='bbox 1168 5159 1322 5212; x_wconf 92' lang='lat' dir='ltr'><strong>Sicut</strong></span> <span class='ocrx_word' id='word_1_706' title='bbox 1370 5158 1534 5226; x_wconf 81' lang='lat' dir='ltr'><strong>igitur</strong></span> <span class='ocrx_word' id='word_1_707' title='bbox 1571 5157 1744 5228; x_wconf 80' lang='lat' dir='ltr'><strong>angeli</strong></span> <span class='ocrx_word' id='word_1_708' title='bbox 1781 5159 1832 5211; x_wconf 93' lang='lat' dir='ltr'><strong>in</strong></span> <span class='ocrx_word' id='word_1_709' title='bbox 1867 5155 2008 5212; x_wconf 65' lang='lat' dir='ltr'><strong>cmlo</strong></span> 
     </span>
    </p>
   </div>
   <div class='ocr_carea' id='block_1_97' title="bbox 437 5249 2010 5319">
    <p class='ocr_par' dir='ltr' id='par_1_97' title="bbox 437 5249 2010 5319">
     <span class='ocr_line' id='line_1_97' title="bbox 437 5249 2010 5319; baseline 0.001 -16"><span class='ocrx_word' id='word_1_710' title='bbox 437 5253 666 5307; x_wconf 89' lang='lat' dir='ltr'><strong>ministri</strong></span> <span class='ocrx_word' id='word_1_711' title='bbox 701 5252 792 5306; x_wconf 86' lang='lat' dir='ltr'><strong>Dei</strong></span> <span class='ocrx_word' id='word_1_712' title='bbox 829 5262 996 5319; x_wconf 88' lang='lat' dir='ltr'><strong>sunt;</strong></span> <span class='ocrx_word' id='word_1_713' title='bbox 1047 5253 1120 5306; x_wconf 89' lang='lat' dir='ltr'><strong>ita</strong></span> <span class='ocrx_word' id='word_1_714' title='bbox 1157 5263 1212 5306; x_wconf 85' lang='lat' dir='ltr'><strong>et</strong></span> <span class='ocrx_word' id='word_1_715' title='bbox 1245 5250 1492 5305; x_wconf 90' lang='lat' dir='ltr'><strong>homines</strong></span> <span class='ocrx_word' id='word_1_716' title='bbox 1524 5250 1578 5303; x_wconf 91' lang='lat' dir='ltr'><strong>in</strong></span> <span class='ocrx_word' id='word_1_717' title='bbox 1611 5260 1754 5303; x_wconf 92' lang='lat' dir='ltr'><strong>terra</strong></span> <span class='ocrx_word' id='word_1_718' title='bbox 1786 5249 1886 5305; x_wconf 90' lang='lat' dir='ltr'><strong>sub</strong></span> <span class='ocrx_word' id='word_1_719' title='bbox 1914 5250 2010 5304; x_wconf 90' lang='lat' dir='ltr'><strong>Dei</strong></span> 
     </span>
    </p>
   </div>
   <div class='ocr_carea' id='block_1_98' title="bbox 435 5345 1804 5412">
    <p class='ocr_par' dir='ltr' id='par_1_98' title="bbox 435 5345 1804 5412">
     <span class='ocr_line' id='line_1_98' title="bbox 435 5345 1804 5412; baseline -0.001 -14"><span class='ocrx_word' id='word_1_720' title='bbox 435 5360 566 5398; x_wconf 88' lang='lat' dir='ltr'><strong>cura</strong></span> <span class='ocrx_word' id='word_1_721' title='bbox 601 5345 822 5412; x_wconf 83' lang='lat' dir='ltr'><strong>degunt.</strong></span> <span class='ocrx_word' id='word_1_722' title='bbox 1801 5383 1804 5387; x_wconf 71' lang='lat'><strong>.</strong></span> 
     </span>
    </p>
   </div>
   <div class='ocr_carea' id='block_1_99' title="bbox 511 5433 2006 5496">
    <p class='ocr_par' dir='ltr' id='par_1_99' title="bbox 511 5433 2006 5496">
     <span class='ocr_line' id='line_1_99' title="bbox 511 5433 2006 5496; baseline -0.003 -8"><span class='ocrx_word' id='word_1_723' title='bbox 511 5436 668 5491; x_wconf 75' lang='lat' dir='ltr'><strong>Vsus.</strong></span> <span class='ocrx_word' id='word_1_724' title='bbox 712 5435 802 5488; x_wconf 74' lang='lat'><strong>20.</strong></span> <span class='ocrx_word' id='word_1_725' title='bbox 879 5453 898 5486; x_wconf 80' lang='grc' dir='ltr'><strong>ι</strong></span> <span class='ocrx_word' id='word_1_726' title='bbox 930 5433 1045 5488; x_wconf 84' lang='grc' dir='ltr'>Νοιι</span> <span class='ocrx_word' id='word_1_727' title='bbox 1125 5433 1181 5489; x_wconf 84' lang='grc' dir='ltr'>ἰιι</span> <span class='ocrx_word' id='word_1_728' title='bbox 1231 5434 1548 5490; x_wconf 87' lang='lat' dir='ltr'><strong>abscondito</strong></span> <span class='ocrx_word' id='word_1_729' title='bbox 1602 5433 1814 5488; x_wconf 86' lang='lat' dir='ltr'><strong>locutus</strong></span> <span class='ocrx_word' id='word_1_730' title='bbox 1864 5447 2006 5496; x_wconf 90' lang='lat' dir='ltr'><strong>sum,</strong></span> 
     </span>
    </p>
   </div>
   <div class='ocr_carea' id='block_1_100' title="bbox 439 5523 2010 5594">
    <p class='ocr_par' dir='ltr' id='par_1_100' title="bbox 439 5523 2010 5594">
     <span class='ocr_line' id='line_1_100' title="bbox 439 5523 2010 5594; baseline -0.001 -16"><span class='ocrx_word' id='word_1_731' title='bbox 439 5541 612 5594; x_wconf 83' lang='lat' dir='ltr'><strong>neque</strong></span> <span class='ocrx_word' id='word_1_732' title='bbox 642 5525 694 5578; x_wconf 90' lang='lat' dir='ltr'><strong>in</strong></span> <span class='ocrx_word' id='word_1_733' title='bbox 725 5525 844 5581; x_wconf 86' lang='lat' dir='ltr'><strong>loco</strong></span> <span class='ocrx_word' id='word_1_734' title='bbox 880 5537 1037 5582; x_wconf 69' lang='lat' dir='ltr'><strong>terra:</strong></span> <span class='ocrx_word' id='word_1_735' title='bbox 1067 5529 1373 5582; x_wconf 87' lang='lat' dir='ltr'><strong>tenebroso.</strong></span> <span class='ocrx_word' id='word_1_736' title='bbox 1404 5526 1518 5582; x_wconf 83' lang='lat' dir='ltr'><strong>Non</strong></span> <span class='ocrx_word' id='word_1_737' title='bbox 1552 5526 1664 5581; x_wconf 82' lang='lat' dir='ltr'><strong>dixi</strong></span> <span class='ocrx_word' id='word_1_738' title='bbox 1698 5527 1889 5580; x_wconf 88' lang='lat' dir='ltr'><strong>semini</strong></span> <span class='ocrx_word' id='word_1_739' title='bbox 1919 5523 2010 5577; x_wconf 81' lang='lat' dir='ltr'><strong>Ja-</strong></span> 
     </span>
    </p>
   </div>
   <div class='ocr_carea' id='block_1_101' title="bbox 439 5615 2010 5690">
    <p class='ocr_par' dir='ltr' id='par_1_101' title="bbox 439 5615 2010 5690">
     <span class='ocr_line' id='line_1_101' title="bbox 439 5615 2010 5690; baseline 0.001 -21"><span class='ocrx_word' id='word_1_740' title='bbox 439 5618 560 5679; x_wconf 90' lang='lat' dir='ltr'><strong>cob,</strong></span> <span class='ocrx_word' id='word_1_741' title='bbox 600 5615 808 5671; x_wconf 85' lang='lat' dir='ltr'><strong>Vanum</strong></span> <span class='ocrx_word' id='word_1_742' title='bbox 839 5619 1086 5687; x_wconf 65' lang='lat' dir='ltr'><strong>quaarite.</strong></span> <span class='ocrx_word' id='word_1_743' title='bbox 1129 5619 1240 5690; x_wconf 84' lang='lat' dir='ltr'><strong>Ego</strong></span> <span class='ocrx_word' id='word_1_744' title='bbox 1274 5635 1415 5688; x_wconf 89' lang='lat' dir='ltr'><strong>sum,</strong></span> <span class='ocrx_word' id='word_1_745' title='bbox 1448 5634 1548 5690; x_wconf 91' lang='lat' dir='ltr'><strong>ego</strong></span> <span class='ocrx_word' id='word_1_746' title='bbox 1576 5635 1696 5674; x_wconf 83' lang='lat' dir='ltr'><strong>sunt</strong></span> <span class='ocrx_word' id='word_1_747' title='bbox 1726 5618 2010 5682; x_wconf 91' lang='lat' dir='ltr'><strong>Dominus,</strong></span> 
     </span>
    </p>
   </div>
   <div class='ocr_carea' id='block_1_102' title="bbox 445 5709 2004 5780">
    <p class='ocr_par' dir='ltr' id='par_1_102' title="bbox 445 5709 2004 5780">
     <span class='ocr_line' id='line_1_102' title="bbox 445 5709 2004 5780; baseline -0.001 -18"><span class='ocrx_word' id='word_1_748' title='bbox 445 5710 537 5778; x_wconf 89' lang='lat' dir='ltr'><strong>qui</strong></span> <span class='ocrx_word' id='word_1_749' title='bbox 597 5709 788 5780; x_wconf 92' lang='lat' dir='ltr'><strong>loquor</strong></span> <span class='ocrx_word' id='word_1_750' title='bbox 847 5710 1156 5777; x_wconf 89' lang='lat' dir='ltr'><strong>justitiam,</strong></span> <span class='ocrx_word' id='word_1_751' title='bbox 1218 5722 1274 5767; x_wconf 85' lang='lat' dir='ltr'><strong>et</strong></span> <span class='ocrx_word' id='word_1_752' title='bbox 1337 5713 1597 5768; x_wconf 88' lang='lat' dir='ltr'><strong>annuntio</strong></span> <span class='ocrx_word' id='word_1_753' title='bbox 1645 5711 1949 5766; x_wconf 87' lang='lat' dir='ltr'><strong>veritatem.</strong></span> <span class='ocrx_word' id='word_1_754' title='bbox 1986 5729 2004 5760; x_wconf 70' lang='grc' dir='ltr'><strong>ι</strong></span> 
     </span>
    </p>
   </div>
   <div class='ocr_carea' id='block_1_103' title="bbox 450 5803 2014 5874">
    <p class='ocr_par' dir='ltr' id='par_1_103' title="bbox 450 5803 2014 5874">
     <span class='ocr_line' id='line_1_103' title="bbox 450 5803 2014 5874; baseline 0.004 -22"><span class='ocrx_word' id='word_1_755' title='bbox 450 5803 712 5869; x_wconf 85' lang='lat' dir='ltr'><strong>Quoniam</strong></span> <span class='ocrx_word' id='word_1_756' title='bbox 771 5804 913 5858; x_wconf 84' lang='lat' dir='ltr'><strong>enim</strong></span> <span class='ocrx_word' id='word_1_757' title='bbox 962 5805 1139 5860; x_wconf 84' lang='lat' dir='ltr'><strong>omnis</strong></span> <span class='ocrx_word' id='word_1_758' title='bbox 1188 5816 1354 5874; x_wconf 88' lang='lat' dir='ltr'><strong>terra,</strong></span> <span class='ocrx_word' id='word_1_759' title='bbox 1419 5815 1474 5861; x_wconf 89' lang='lat' dir='ltr'><strong>et</strong></span> <span class='ocrx_word' id='word_1_760' title='bbox 1529 5806 1616 5874; x_wconf 90' lang='lat' dir='ltr'><strong>qui</strong></span> <span class='ocrx_word' id='word_1_761' title='bbox 1675 5806 1727 5859; x_wconf 93' lang='lat' dir='ltr'><strong>in</strong></span> <span class='ocrx_word' id='word_1_762' title='bbox 1785 5820 1845 5859; x_wconf 88' lang='lat' dir='ltr'><strong>ea</strong></span> <span class='ocrx_word' id='word_1_763' title='bbox 1889 5814 2014 5859; x_wconf 85' lang='lat' dir='ltr'><strong>sunt</strong></span> 
     </span>
    </p>
   </div>
   <div class='ocr_carea' id='block_1_104' title="bbox 2109 4420 3695 4500">
    <p class='ocr_par' dir='ltr' id='par_1_104' title="bbox 2109 4420 3695 4500">
     <span class='ocr_line' id='line_1_104' title="bbox 2109 4420 3695 4500; baseline -0.006 -18"><span class='ocrx_word' id='word_1_764' title='bbox 2109 4429 2305 4500; x_wconf 79' lang='grc' dir='ltr'>μένων.</span> <span class='ocrx_word' id='word_1_765' title='bbox 2334 4429 2546 4499; x_wconf 81' lang='grc' dir='ltr'>Ὥσπερ</span> <span class='ocrx_word' id='word_1_766' title='bbox 2570 4425 2678 4498; x_wconf 80' lang='grc' dir='ltr'>γὰρ</span> <span class='ocrx_word' id='word_1_767' title='bbox 2711 4426 2805 4478; x_wconf 93' lang='grc' dir='ltr'><strong>τὸν</strong></span> <span class='ocrx_word' id='word_1_768' title='bbox 2835 4423 3063 4497; x_wconf 87' lang='grc' dir='ltr'>οὐρανὸν</span> <span class='ocrx_word' id='word_1_769' title='bbox 3094 4425 3174 4486; x_wconf 88' lang='grc' dir='ltr'>εἰς</span> <span class='ocrx_word' id='word_1_770' title='bbox 3203 4420 3484 4493; x_wconf 73' lang='grc' dir='ltr'>διατριϐήν</span> <span class='ocrx_word' id='word_1_771' title='bbox 3526 4421 3695 4489; x_wconf 80' lang='grc' dir='ltr'>ἀγγέ-</span> 
     </span>
    </p>
   </div>
   <div class='ocr_carea' id='block_1_105' title="bbox 2105 4513 3693 4591">
    <p class='ocr_par' dir='ltr' id='par_1_105' title="bbox 2105 4513 3693 4591">
     <span class='ocr_line' id='line_1_105' title="bbox 2105 4513 3693 4591; baseline -0.007 -15"><span class='ocrx_word' id='word_1_772' title='bbox 2105 4523 2213 4576; x_wconf 93' lang='grc' dir='ltr'><strong>λων</strong></span> <span class='ocrx_word' id='word_1_773' title='bbox 2250 4522 2347 4576; x_wconf 77' lang='grc' dir='ltr'><strong>καὶ</strong></span> <span class='ocrx_word' id='word_1_774' title='bbox 2381 4521 2707 4591; x_wconf 89' lang='grc' dir='ltr'>πνευμάτων</span> <span class='ocrx_word' id='word_1_775' title='bbox 2719 4517 2907 4587; x_wconf 82' lang='grc' dir='ltr'>’ἁγίων</span> <span class='ocrx_word' id='word_1_776' title='bbox 2939 4514 3250 4583; x_wconf 85' lang='grc' dir='ltr'>ἀναγκαίως</span> <span class='ocrx_word' id='word_1_777' title='bbox 3271 4513 3693 4584; x_wconf 83' lang='grc' dir='ltr'>ὑπεστησάμην,</span> 
     </span>
    </p>
   </div>
   <div class='ocr_carea' id='block_1_106' title="bbox 2104 4605 3698 4682">
    <p class='ocr_par' dir='ltr' id='par_1_106' title="bbox 2104 4605 3698 4682">
     <span class='ocr_line' id='line_1_106' title="bbox 2104 4605 3698 4682; baseline -0.004 -17"><span class='ocrx_word' id='word_1_778' title='bbox 2104 4613 2200 4665; x_wconf 72' lang='grc' dir='ltr'>καὶ</span> <span class='ocrx_word' id='word_1_779' title='bbox 2230 4613 2313 4674; x_wconf 75' lang='grc' dir='ltr'><strong>είς</strong></span> <span class='ocrx_word' id='word_1_780' title='bbox 2342 4619 2545 4682; x_wconf 84' lang='grc' dir='ltr'>κόσμον</span> <span class='ocrx_word' id='word_1_781' title='bbox 2571 4609 2664 4662; x_wconf 92' lang='grc' dir='ltr'><strong>τοῦ</strong></span> <span class='ocrx_word' id='word_1_782' title='bbox 2693 4608 2914 4672; x_wconf 89' lang='grc' dir='ltr'>παντὸς,</span> <span class='ocrx_word' id='word_1_783' title='bbox 2957 4606 3050 4660; x_wconf 86' lang='grc' dir='ltr'><strong>τὸν</strong></span> <span class='ocrx_word' id='word_1_784' title='bbox 3089 4605 3253 4661; x_wconf 84' lang='grc' dir='ltr'>αὐτὸν</span> <span class='ocrx_word' id='word_1_785' title='bbox 3280 4605 3481 4677; x_wconf 88' lang='grc' dir='ltr'>τρόπον</span> <span class='ocrx_word' id='word_1_786' title='bbox 3512 4606 3608 4658; x_wconf 70' lang='grc' dir='ltr'>καὶ</span> <span class='ocrx_word' id='word_1_787' title='bbox 3633 4605 3698 4658; x_wconf 88' lang='grc' dir='ltr'><strong>τὸ</strong></span> 
     </span>
    </p>
   </div>
   <div class='ocr_carea' id='block_1_107' title="bbox 2103 4697 3696 4774">
    <p class='ocr_par' dir='ltr' id='par_1_107' title="bbox 2103 4697 3696 4774">
     <span class='ocr_line' id='line_1_107' title="bbox 2103 4697 3696 4774; baseline -0.004 -17"><span class='ocrx_word' id='word_1_788' title='bbox 2103 4703 2206 4774; x_wconf 80' lang='grc' dir='ltr'>τῆς</span> <span class='ocrx_word' id='word_1_789' title='bbox 2238 4705 2342 4773; x_wconf 84' lang='grc' dir='ltr'><strong>γῆς</strong></span> <span class='ocrx_word' id='word_1_790' title='bbox 2372 4703 2633 4772; x_wconf 87' lang='grc' dir='ltr'>στοιχεῖον</span> <span class='ocrx_word' id='word_1_791' title='bbox 2681 4701 2781 4754; x_wconf 81' lang='grc' dir='ltr'>οὐκ</span> <span class='ocrx_word' id='word_1_792' title='bbox 2824 4701 2905 4763; x_wconf 87' lang='grc' dir='ltr'><strong>είς</strong></span> <span class='ocrx_word' id='word_1_793' title='bbox 2941 4698 3107 4770; x_wconf 89' lang='grc' dir='ltr'>ἀργὸν</span> <span class='ocrx_word' id='word_1_794' title='bbox 3144 4697 3253 4752; x_wconf 82' lang='grc' dir='ltr'>οὐδ’</span> <span class='ocrx_word' id='word_1_795' title='bbox 3293 4699 3372 4760; x_wconf 86' lang='grc' dir='ltr'>εἰς</span> <span class='ocrx_word' id='word_1_796' title='bbox 3418 4698 3696 4769; x_wconf 80' lang='grc' dir='ltr'>ἄχρηστον</span> 
     </span>
    </p>
   </div>
   <div class='ocr_carea' id='block_1_108' title="bbox 2105 4787 3695 4864">
    <p class='ocr_par' dir='ltr' id='par_1_108' title="bbox 2105 4787 3695 4864">
     <span class='ocr_line' id='line_1_108' title="bbox 2105 4787 3695 4864; baseline -0.004 -17"><span class='ocrx_word' id='word_1_797' title='bbox 2105 4793 2511 4848; x_wconf 84' lang='grc' dir='ltr'>κατεσκεύασα·</span> <span class='ocrx_word' id='word_1_798' title='bbox 2553 4793 2868 4864; x_wconf 80' lang='grc' dir='ltr'>οἰκητήριον</span> <span class='ocrx_word' id='word_1_799' title='bbox 2900 4791 2956 4844; x_wconf 87' lang='grc' dir='ltr'>δὲ</span> <span class='ocrx_word' id='word_1_800' title='bbox 2982 4789 3115 4843; x_wconf 87' lang='grc' dir='ltr'>αὐτὸ</span> <span class='ocrx_word' id='word_1_801' title='bbox 3147 4789 3242 4842; x_wconf 78' lang='grc' dir='ltr'>καὶ</span> <span class='ocrx_word' id='word_1_802' title='bbox 3267 4787 3548 4859; x_wconf 77' lang='grc' dir='ltr'>διατριϐὴν</span> <span class='ocrx_word' id='word_1_803' title='bbox 3585 4789 3695 4842; x_wconf 87' lang='grc' dir='ltr'><strong>τῶν</strong></span> 
     </span>
    </p>
   </div>
   <div class='ocr_carea' id='block_1_109' title="bbox 2107 4880 3695 4956">
    <p class='ocr_par' dir='ltr' id='par_1_109' title="bbox 2107 4880 3695 4956">
     <span class='ocr_line' id='line_1_109' title="bbox 2107 4880 3695 4956; baseline -0.004 -17"><span class='ocrx_word' id='word_1_804' title='bbox 2107 4889 2165 4940; x_wconf 81' lang='grc' dir='ltr'><strong>ἐν</strong></span> <span class='ocrx_word' id='word_1_805' title='bbox 2198 4884 2348 4956; x_wconf 83' lang='grc' dir='ltr'>αύτῷ</span> <span class='ocrx_word' id='word_1_806' title='bbox 2403 4883 2633 4953; x_wconf 84' lang='grc' dir='ltr'>λογικῶς</span> <span class='ocrx_word' id='word_1_807' title='bbox 2676 4882 3050 4936; x_wconf 88' lang='grc' dir='ltr'>πολιτεύεσθαι</span> <span class='ocrx_word' id='word_1_808' title='bbox 3094 4880 3396 4951; x_wconf 75' lang='grc' dir='ltr'>μελλόντων</span> <span class='ocrx_word' id='word_1_809' title='bbox 3433 4881 3695 4950; x_wconf 61' lang='grc' dir='ltr'>είργασὰν-</span> 
     </span>
    </p>
   </div>
   <div class='ocr_carea' id='block_1_110' title="bbox 2112 4966 3688 5048">
    <p class='ocr_par' dir='ltr' id='par_1_110' title="bbox 2112 4966 3688 5048">
     <span class='ocr_line' id='line_1_110' title="bbox 2112 4966 3688 5048; baseline -0.001 -20"><span class='ocrx_word' id='word_1_810' title='bbox 2112 4993 2238 5048; x_wconf 89' lang='grc' dir='ltr'>μην,</span> <span class='ocrx_word' id='word_1_811' title='bbox 2272 4976 2321 5029; x_wconf 77' lang='grc' dir='ltr'>οἳ</span> <span class='ocrx_word' id='word_1_812' title='bbox 2359 4976 2454 5029; x_wconf 78' lang='grc' dir='ltr'>καὶ</span> <span class='ocrx_word' id='word_1_813' title='bbox 2484 4975 2616 5029; x_wconf 86' lang='grc' dir='ltr'>Θεὸν</span> <span class='ocrx_word' id='word_1_814' title='bbox 2653 4974 2850 5028; x_wconf 77' lang='grc' dir='ltr'>εἰδέναι</span> <span class='ocrx_word' id='word_1_815' title='bbox 2878 4973 2972 5028; x_wconf 80' lang='grc' dir='ltr'><strong>καὶ</strong></span> <span class='ocrx_word' id='word_1_816' title='bbox 3005 4971 3273 5036; x_wconf 77' lang='grc' dir='ltr'>θεοσεϐῶς</span> <span class='ocrx_word' id='word_1_817' title='bbox 3313 4971 3462 5042; x_wconf 88' lang='grc' dir='ltr'>βιοῦν</span> <span class='ocrx_word' id='word_1_818' title='bbox 3495 4966 3599 5025; x_wconf 77' lang='grc' dir='ltr'>οἷοί</span> <span class='ocrx_word' id='word_1_819' title='bbox 3632 4990 3688 5026; x_wconf 85' lang='grc' dir='ltr'><strong>τε</strong></span> 
     </span>
    </p>
   </div>
   <div class='ocr_carea' id='block_1_111' title="bbox 2105 5065 3690 5140">
    <p class='ocr_par' dir='ltr' id='par_1_111' title="bbox 2105 5065 3690 5140">
     <span class='ocr_line' id='line_1_111' title="bbox 2105 5065 3690 5140; baseline -0.001 -17"><span class='ocrx_word' id='word_1_820' title='bbox 2105 5065 2266 5140; x_wconf 80' lang='grc' dir='ltr'>ἦσαν,</span> <span class='ocrx_word' id='word_1_821' title='bbox 2301 5069 2396 5123; x_wconf 83' lang='grc' dir='ltr'>ἆτε</span> <span class='ocrx_word' id='word_1_822' title='bbox 2442 5071 2562 5123; x_wconf 79' lang='grc' dir='ltr'>κατ’</span> <span class='ocrx_word' id='word_1_823' title='bbox 2607 5068 2789 5121; x_wconf 85' lang='grc' dir='ltr'>εἰκόνα</span> <span class='ocrx_word' id='word_1_824' title='bbox 2815 5067 2950 5121; x_wconf 80' lang='grc' dir='ltr'>Θεοῦ</span> <span class='ocrx_word' id='word_1_825' title='bbox 2990 5066 3364 5138; x_wconf 84' lang='grc' dir='ltr'>πεποιημένοι.</span> <span class='ocrx_word' id='word_1_826' title='bbox 3398 5067 3614 5137; x_wconf 82' lang='grc' dir='ltr'>Ὥσπερ</span> <span class='ocrx_word' id='word_1_827' title='bbox 3647 5068 3690 5121; x_wconf 85' lang='grc' dir='ltr'>δ’</span> 
     </span>
    </p>
   </div>
   <div class='ocr_carea' id='block_1_112' title="bbox 2111 5155 3694 5231">
    <p class='ocr_par' dir='ltr' id='par_1_112' title="bbox 2111 5155 3694 5231">
     <span class='ocr_line' id='line_1_112' title="bbox 2111 5155 3694 5231; baseline -0.002 -16"><span class='ocrx_word' id='word_1_828' title='bbox 2111 5159 2205 5222; x_wconf 81' lang='grc' dir='ltr'><strong>οὖν</strong></span> <span class='ocrx_word' id='word_1_829' title='bbox 2231 5163 2289 5214; x_wconf 92' lang='grc' dir='ltr'><strong>ἐν</strong></span> <span class='ocrx_word' id='word_1_830' title='bbox 2318 5159 2534 5231; x_wconf 83' lang='grc' dir='ltr'>οὐρανῷ</span> <span class='ocrx_word' id='word_1_831' title='bbox 2559 5159 2780 5228; x_wconf 83' lang='grc' dir='ltr'>ἄγγελοι</span> <span class='ocrx_word' id='word_1_832' title='bbox 2808 5158 3110 5228; x_wconf 76' lang='grc' dir='ltr'>λειτουργοὶ</span> <span class='ocrx_word' id='word_1_833' title='bbox 3129 5157 3286 5210; x_wconf 86' lang='grc' dir='ltr'>Θεοῦ.</span> <span class='ocrx_word' id='word_1_834' title='bbox 3315 5155 3460 5210; x_wconf 81' lang='grc' dir='ltr'>οὕτω</span> <span class='ocrx_word' id='word_1_835' title='bbox 3485 5159 3581 5211; x_wconf 73' lang='grc' dir='ltr'><strong>καὶ</strong></span> <span class='ocrx_word' id='word_1_836' title='bbox 3602 5160 3694 5212; x_wconf 76' lang='grc' dir='ltr'><strong>ἐπὶ</strong></span> 
     </span>
    </p>
   </div>
   <div class='ocr_carea' id='block_1_113' title="bbox 2116 5251 3112 5326">
    <p class='ocr_par' dir='ltr' id='par_1_113' title="bbox 2116 5251 3112 5326">
     <span class='ocr_line' id='line_1_113' title="bbox 2116 5251 3112 5326; baseline -0.005 -17"><span class='ocrx_word' id='word_1_837' title='bbox 2116 5255 2217 5326; x_wconf 79' lang='grc' dir='ltr'>γῆς</span> <span class='ocrx_word' id='word_1_838' title='bbox 2245 5253 2434 5325; x_wconf 79' lang='grc' dir='ltr'>ἄνδρες</span> <span class='ocrx_word' id='word_1_839' title='bbox 2464 5252 2541 5323; x_wconf 79' lang='grc' dir='ltr'><strong>τῷ</strong></span> <span class='ocrx_word' id='word_1_840' title='bbox 2574 5251 2692 5323; x_wconf 87' lang='grc' dir='ltr'>Θεῴ</span> <span class='ocrx_word' id='word_1_841' title='bbox 2727 5251 3112 5323; x_wconf 85' lang='grc' dir='ltr'>μεμελημένοι.</span> 
     </span>
    </p>
   </div>
   <div class='ocr_carea' id='block_1_114' title="bbox 2191 5424 3696 5506">
    <p class='ocr_par' dir='ltr' id='par_1_114' title="bbox 2191 5424 3696 5506">
     <span class='ocr_line' id='line_1_114' title="bbox 2191 5424 3696 5506; baseline -0.005 -20"><span class='ocrx_word' id='word_1_842' title='bbox 2191 5453 2211 5486; x_wconf 73' lang='grc' dir='ltr'><strong>ε</strong></span> <span class='ocrx_word' id='word_1_843' title='bbox 2240 5435 2354 5488; x_wconf 82' lang='grc' dir='ltr'><strong>Οὐκ</strong></span> <span class='ocrx_word' id='word_1_844' title='bbox 2387 5437 2444 5488; x_wconf 84' lang='grc' dir='ltr'><strong>ἐν</strong></span> <span class='ocrx_word' id='word_1_845' title='bbox 2470 5435 2650 5506; x_wconf 75' lang='grc' dir='ltr'>κρυφῇ</span> <span class='ocrx_word' id='word_1_846' title='bbox 2683 5431 2973 5502; x_wconf 86' lang='grc' dir='ltr'>λελάληκα,</span> <span class='ocrx_word' id='word_1_847' title='bbox 3006 5428 3125 5482; x_wconf 85' lang='grc' dir='ltr'>οῦδὲ</span> <span class='ocrx_word' id='word_1_848' title='bbox 3154 5429 3211 5480; x_wconf 86' lang='grc' dir='ltr'>ὲν</span> <span class='ocrx_word' id='word_1_849' title='bbox 3248 5426 3396 5495; x_wconf 85' lang='grc' dir='ltr'>τόπῳ</span> <span class='ocrx_word' id='word_1_850' title='bbox 3431 5424 3537 5496; x_wconf 79' lang='grc' dir='ltr'>γῆς</span> <span class='ocrx_word' id='word_1_851' title='bbox 3569 5442 3696 5480; x_wconf 85' lang='grc' dir='ltr'>σκο-</span> 
     </span>
    </p>
   </div>
   <div class='ocr_carea' id='block_1_115' title="bbox 2113 5517 3701 5598">
    <p class='ocr_par' dir='ltr' id='par_1_115' title="bbox 2113 5517 3701 5598">
     <span class='ocr_line' id='line_1_115' title="bbox 2113 5517 3701 5598; baseline -0.006 -17"><span class='ocrx_word' id='word_1_852' title='bbox 2113 5527 2296 5598; x_wconf 86' lang='grc' dir='ltr'>τεινῷ.</span> <span class='ocrx_word' id='word_1_853' title='bbox 2331 5528 2444 5582; x_wconf 86' lang='grc' dir='ltr'>Οὐκ</span> <span class='ocrx_word' id='word_1_854' title='bbox 2470 5524 2600 5582; x_wconf 78' lang='grc' dir='ltr'>εἶπα</span> <span class='ocrx_word' id='word_1_855' title='bbox 2631 5525 2710 5598; x_wconf 83' lang='grc' dir='ltr'><strong>τῷ</strong></span> <span class='ocrx_word' id='word_1_856' title='bbox 2743 5525 3014 5595; x_wconf 83' lang='grc' dir='ltr'>σπέρματι</span> <span class='ocrx_word' id='word_1_857' title='bbox 3052 5517 3242 5574; x_wconf 78' lang='grc' dir='ltr'>Ἰακώϐ</span> <span class='ocrx_word' id='word_1_858' title='bbox 3263 5535 3278 5550; x_wconf 73' lang='grc' dir='ltr'><strong>ο</strong></span> <span class='ocrx_word' id='word_1_859' title='bbox 3308 5519 3554 5572; x_wconf 83' lang='grc' dir='ltr'>Μάταιον</span> <span class='ocrx_word' id='word_1_860' title='bbox 3603 5518 3701 5588; x_wconf 84' lang='grc' dir='ltr'><strong>ζη-</strong></span> 
     </span>
    </p>
   </div>
   <div class='ocr_carea' id='block_1_116' title="bbox 2117 5607 3697 5691">
    <p class='ocr_par' dir='ltr' id='par_1_116' title="bbox 2117 5607 3697 5691">
     <span class='ocr_line' id='line_1_116' title="bbox 2117 5607 3697 5691; baseline -0.007 -18"><span class='ocrx_word' id='word_1_861' title='bbox 2117 5621 2338 5691; x_wconf 88' lang='grc' dir='ltr'>τήσατε.</span> <span class='ocrx_word' id='word_1_862' title='bbox 2375 5617 2514 5687; x_wconf 85' lang='grc' dir='ltr'>Ἐγώ</span> <span class='ocrx_word' id='word_1_863' title='bbox 2533 5620 2670 5688; x_wconf 78' lang='grc' dir='ltr'>εἰμι,</span> <span class='ocrx_word' id='word_1_864' title='bbox 2697 5615 2808 5685; x_wconf 84' lang='grc' dir='ltr'>ἐγώ</span> <span class='ocrx_word' id='word_1_865' title='bbox 2827 5617 2942 5686; x_wconf 61' lang='grc' dir='ltr'>ειμι</span> <span class='ocrx_word' id='word_1_866' title='bbox 2970 5612 3196 5684; x_wconf 86' lang='grc' dir='ltr'>Κύριος,</span> <span class='ocrx_word' id='word_1_867' title='bbox 3223 5611 3252 5662; x_wconf 96' lang='lat'><strong>6</strong></span> <span class='ocrx_word' id='word_1_868' title='bbox 3282 5607 3460 5661; x_wconf 90' lang='grc' dir='ltr'>λαλῶν</span> <span class='ocrx_word' id='word_1_869' title='bbox 3483 5608 3697 5662; x_wconf 86' lang='grc' dir='ltr'>δικαιο-</span> 
     </span>
    </p>
   </div>
   <div class='ocr_carea' id='block_1_117' title="bbox 2119 5701 3700 5782">
    <p class='ocr_par' dir='ltr' id='par_1_117' title="bbox 2119 5701 3700 5782">
     <span class='ocr_line' id='line_1_117' title="bbox 2119 5701 3700 5782; baseline -0.006 -17"><span class='ocrx_word' id='word_1_870' title='bbox 2119 5711 2306 5782; x_wconf 82' lang='grc' dir='ltr'>σύνην,</span> <span class='ocrx_word' id='word_1_871' title='bbox 2333 5711 2427 5764; x_wconf 77' lang='grc' dir='ltr'><strong>καὶ</strong></span> <span class='ocrx_word' id='word_1_872' title='bbox 2461 5709 2806 5779; x_wconf 83' lang='grc' dir='ltr'>ἀναγγέλλων</span> <span class='ocrx_word' id='word_1_873' title='bbox 2841 5707 3115 5778; x_wconf 77' lang='grc' dir='ltr'>ἀλήθειαν.</span> <span class='ocrx_word' id='word_1_874' title='bbox 3154 5723 3172 5756; x_wconf 83' lang='grc'><strong>›</strong></span> <span class='ocrx_word' id='word_1_875' title='bbox 3215 5702 3365 5755; x_wconf 77' lang='grc' dir='ltr'>Ἐπεὶ</span> <span class='ocrx_word' id='word_1_876' title='bbox 3401 5701 3514 5772; x_wconf 77' lang='grc' dir='ltr'>γὰρ</span> <span class='ocrx_word' id='word_1_877' title='bbox 3548 5704 3700 5756; x_wconf 82' lang='grc' dir='ltr'>πᾶσα</span> 
     </span>
    </p>
   </div>
   <div class='ocr_carea' id='block_1_118' title="bbox 2121 5791 3703 5876">
    <p class='ocr_par' dir='ltr' id='par_1_118' title="bbox 2121 5791 3703 5876">
     <span class='ocr_line' id='line_1_118' title="bbox 2121 5791 3703 5876; baseline -0.006 -20"><span class='ocrx_word' id='word_1_878' title='bbox 2121 5805 2249 5876; x_wconf 77' lang='grc' dir='ltr'>ήγῆ</span> <span class='ocrx_word' id='word_1_879' title='bbox 2277 5801 2369 5857; x_wconf 70' lang='grc' dir='ltr'><strong>καὶ</strong></span> <span class='ocrx_word' id='word_1_880' title='bbox 2406 5803 2452 5855; x_wconf 84' lang='grc' dir='ltr'>οἱ</span> <span class='ocrx_word' id='word_1_881' title='bbox 2493 5803 2549 5855; x_wconf 85' lang='grc' dir='ltr'><strong>ἐν</strong></span> <span class='ocrx_word' id='word_1_882' title='bbox 2579 5801 2713 5872; x_wconf 76' lang='grc' dir='ltr'>αὐτῇ</span> <span class='ocrx_word' id='word_1_883' title='bbox 2753 5799 2950 5862; x_wconf 84' lang='grc' dir='ltr'>πάντες</span> <span class='ocrx_word' id='word_1_884' title='bbox 2975 5797 3248 5868; x_wconf 72' lang='grc' dir='ltr'>ἂνθρωποι</span> <span class='ocrx_word' id='word_1_885' title='bbox 3285 5791 3406 5864; x_wconf 85' lang='grc' dir='ltr'>ἐμοί</span> <span class='ocrx_word' id='word_1_886' title='bbox 3437 5793 3566 5857; x_wconf 81' lang='grc' dir='ltr'>εἰσι,</span> <span class='ocrx_word' id='word_1_887' title='bbox 3611 5792 3703 5847; x_wconf 78' lang='grc' dir='ltr'>διὰ</span> 
     </span>
    </p>
   </div>
  </div>
