3880 6216
188 294 292 351 M7

1115 282 1617 342 COMMENTARIA
1656 280 1724 336 IN
1764 279 2022 336 ISAIAM.
2058 310 2123 325 -—
2169 279 2324 336 CAP.
2362 279 2527 336 XLV.

3342 278 3567 338 418,~

188 412 368 475 τοῦτο,
410 409 564 482 φησὶ,
614 408 739 471 τοὺς
786 406 1024 478 ἐμαυτοῦ
1075 405 1269 475 λόγους
1306 406 1406 459 οὐκ
1449 403 1608 457 εἴασα
1640 401 1776 474 κρύ-

1891 401 2148 467 tomines,
2191 401 2298 456 mei
2338 409 2497 464 sunt;
2547 400 2690 467 ideo,
2740 400 2936 471 mquit,
2973 399 3138 455 verba
3178 412 3296 454 mea
3344 418 3450 455 non

188 504 443 566 πτεσθαι,
474 501 585 555 οὐδ’
617 498 806 569 ῶσπερ
836 500 893 552 ἐν
923 498 1099 570 σκότῳ
1126 497 1488 559 λανθάνοντας
1510 512 1523 524 ’
1558 496 1638 558 εἰς
1664 511 1769 563 φα-

190 596 349 670 νερὸν
379 595 438 649 δέ
458 591 704 663 ἀγαγὼν,
728 593 892 644 πᾶσιν
919 590 1170 662 ἦπλωσα,
1205 590 1281 652 ὡς
1304 589 1470 642 πᾶσιν
1503 586 1681 655 ἔθνεσι
1711 586 1772 638 τὸ

193 690 462 759 σωτήριον
488 684 825 757 κηρυχθῆναι
847 682 1194 752 Εύαγγὲλιον.
1233 682 1492 752 Ἀντικρυ
1516 679 1574 732 δὲ
1600 676 1773 732 ταῦτα

195 781 341 853 μόνῳ
367 778 446 850 τῷ
468 774 809 846 εὐαγγελικῷ
842 773 1071 846 ἁρμόζοι
1096 772 1164 826 ἂν
1191 771 1526 843 κηρύγματι.
1559 769 1641 824 Τὰ
1662 768 1773 840 γὰρ

194 872 478 934 Μωῦσέως
504 869 664 939 λόγια
683 869 735 922 εῐ
753 884 838 931 τις
857 864 1128 932 ἐξετάζειν
1151 863 1343 927 ἐθέλοι,
1375 862 1524 934 εὖροι
1549 862 1615 916 ἂν
1634 860 1775 915 αὐτὰ

192 957 376 1029 κρυφῆ
404 954 600 1026 λελαλη
611 953 745 1025 μένα
764 969 777 982 ·
800 951 1015 1025 γλώττῃ
1044 951 1141 1021 μέν
1178 947 1440 1020 Ἐϐραΐδι,
1457 947 1775 1020 χαρακτῆρ-

194 1067 247 1103 σι
276 1049 337 1103 δὲ
379 1046 643 1111 ίδιάζουσι
686 1044 782 1098 καὶ
826 1043 900 1115 μὴ
928 1040 1348 1112 γνωριζομένοις
1392 1038 1546 1112 παρὰ
1587 1039 1771 1093 πᾶσιν.

204 1140 367 1193 Ἀλλὰ
396 1139 493 1192 καὶ
521 1136 576 1191 εἴ
600 1154 684 1200 τις
712 1135 1013 1206 ἐννοήσοιεν
1034 1134 1090 1186 ἐν
1114 1131 1242 1204 ποίᾳ
1263 1132 1454 1204 ἐρήμῳ
1479 1130 1571 1184 καὶ
1590 1130 1775 1200 ἀϐάτῳ

196 1232 288 1285 καὶ
322 1229 539 1300 ἀνύδρῳ
572 1229 601 1281 ό
630 1225 909 1287 Μωῦσέως
937 1222 1154 1294 ἐξεδόθη
1183 1223 1365 1293 νόμος,
1403 1221 1555 1293 εὖροι
1584 1222 1649 1276 ἂν
1678 1222 1775 1275 αύ-

189 1324 284 1378 τδν
346 1322 407 1374 ἐν
460 1320 613 1389 τόπῳ
669 1318 774 1388 γῆς
815 1313 1075 1385 σκοτεινῷ
1127 1313 1509 1384 λελαλημένον.
1557 1313 1631 1365 Οὐ
1669 1313 1775 1384 μὴν

195 1414 396 1485 ὅμοίως
427 1412 524 1466 καὶ
581 1410 644 1463 τὸ
687 1406 1018 1477 Εύαγγὲλιον
1059 1403 1151 1459 τοῦ
1188 1403 1445 1476 Χριστοῦ.
1496 1422 1516 1456 ι
1550 1404 1645 1467 El;
1672 1405 1774 1457 πᾶ-

193 1522 292 1559 σαν
329 1524 349 1555 ι
389 1502 521 1573 γοῦν
553 1521 571 1553 ι
602 1499 699 1570 τὴν
730 1497 835 1568 γῆν
885 1494 1107 1568 ἐξῆλθεν
1159 1495 1189 1547 ό
1235 1493 1470 1564 φθόγγος
1498 1494 1607 1549 τῶν
1642 1494 1777 1548 ἀπο-

194 1596 398 1651 στόλων
432 1592 619 1657 αὐτοῦ,
652 1591 751 1646 καὶ
791 1592 870 1653 είς
898 1589 969 1643 τὰ
989 1588 1203 1659 πέρατα
1232 1588 1331 1658 τῆς
1359 1586 1681 1657 οἰκουμένης
1709 1583 1776 1638 τὰ

193 1680 418 1759 ῥήματα
435 1684 634 1739 αὐτῶν.
660 1703 680 1734 ι
701 1680 940 1752 Παντοίᾳ
962 1680 1017 1733 δὲ
1048 1680 1143 1733 καὶ
1167 1678 1405 1750 γλώττῃ,
1430 1682 1580 1749 πάσῃ
1601 1679 1775 1749 φωνῇ,

1874 492 2084 548 occulta
2148 507 2324 563 neque
2387 492 2442 547 in
2512 492 2751 549 tenebris
2795 491 3017 548 latentia
3068 491 3316 563 reliqui:
3355 493 3452 550 sed

1878 584 2058 655 palam
2108 584 2364 651 eﬂ’erens,
2401 585 2653 641 omnibus
2705 594 2831 639 nota
2884 583 3036 651 feci;
3081 585 3158 640 ita
3203 594 3262 640 ut
3308 586 3456 639 salu-

1879 686 1994 732 tare
2035 677 2388 750 Evangelium
2439 677 2693 733 omnibus
2746 677 2999 748 gentibus
3047 677 3454 748 praedicaretur.

1879 768 2005 825 Haec
2047 786 2201 834 sane,
2248 780 2307 826 ut
2354 771 2531 841 palam
2573 779 2678 838 est,
2713 771 3039 840 evangelicae
3081 770 3453 839 praedicationi

1879 872 2091 919 tantum
2127 866 2473 921 conveniant.
2516 864 2651 920 Nam
2674 864 2874 935 Moysis
2898 864 3109 933 eloquia
3136 865 3179 919 si
3215 865 3336 934 quis
3362 879 3459 918 ex-

1879 958 2115 1026 pendere
2146 959 2297 1024 velit,
2344 973 2407 1013 ea
2441 957 2653 1013 occulte
2686 957 2895 1026 prolata
2929 956 3322 1026 deprehendat,
3357 954 3457 1009 He-

1882 1051 2064 1106 braica
2094 1049 2304 1106 scilicet
2352 1050 2572 1121 lingua,
2624 1048 3341 1119 characteribuspropriis,
3373 1061 3461 1103 ne-

1880 1157 1986 1211 que
2029 1143 2172 1210 apud
2206 1156 2399 1196 omnes
2443 1143 2697 1213 cognitis.
2747 1141 3055 1208 Quinetiam
3088 1141 3133 1195 si
3173 1140 3302 1209 quis
3344 1154 3462 1209 per-

1882 1233 2081 1301 pendat
2119 1249 2224 1301 qua
2274 1233 2326 1286 in
2371 1232 2684 1300 solitudine,
2728 1248 2890 1303 quam
2934 1232 3075 1286 invia
3110 1244 3164 1285 et
3199 1231 3457 1300 inaquosa

1881 1323 1967 1377 lex
1997 1323 2193 1394 Moysis
2237 1324 2437 1378 tradita
2487 1322 2671 1390 fuerit,
2727 1324 2887 1392 plane
2948 1322 3189 1377 inveniat
3227 1335 3349 1376 eam
3402 1322 3455 1375 in

1882 1415 2002 1471 loco
2047 1424 2205 1470 terrae
2250 1416 2539 1470 tenebroso
2583 1416 2985 1485 pronuntiatam
3020 1413 3207 1469 luisse.
3255 1412 3324 1466 At
3350 1427 3457 1467 non

1884 1506 2003 1577 pari
2056 1507 2216 1561 modo
2265 1505 2616 1575 Evangelium
2642 1504 2843 1561 Christi
2873 1522 2889 1560 :
2921 1520 3045 1559 nam
3097 1523 3117 1556 ι
3146 1504 3198 1558 in
3242 1518 3459 1559 onmem

1886 1607 2086 1653 terram
2118 1598 2289 1652 exivit
2331 1610 2497 1651 sonus
2530 1595 2899 1666 apostolorum
2937 1593 3091 1664 ejus,
3134 1605 3190 1649 et
3237 1595 3290 1649 in
3326 1593 3463 1649 lines

1890 1692 2038 1747 orbis
2072 1701 2229 1745 terrae
2260 1689 2425 1743 verba
2462 1703 2649 1744 eorum
2671 1687 2739 1742 ⁸⁸.
2766 1706 2786 1740 ι
2832 1686 3097 1743 Omnibus
3141 1695 3322 1742 autem
3356 1684 3463 1739 lin-

191 1778 541 1850 χαρακτῆρσί
581 1793 641 1829 τε
682 1776 795 1837 τοῖς
829 1772 951 1827 καθ’
982 1772 1212 1825 ἕκαστον
1244 1770 1395 1835 ἔθνος
1424 1770 1784 1844 παραδέδοται

1893 1783 2034 1853 guis,
2077 1782 2220 1838 omni
2272 1796 2426 1845 voce,
2473 1780 2919 1847 characterisque
2956 1778 3290 1848 singularum
3334 1793 3464 1849 gen-

187 1873 269 1936 είς
301 1868 629 1936 ἐξάκουστον
654 1868 786 1921 πᾶσι
811 1867 924 1929 τοῖς
941 1864 1168 1919 ἔθνεσιν.

263 2071 287 2105 s
328 2049 641 2121 Συνάχθητε
682 2048 778 2103 καὶ
820 2048 1012 2118 ἥκετε·
1042 2039 1401 2114 βουλεύσασθε
1435 2039 1572 2112 ἅμα,
1596 2037 1646 2092 οἱ
1673 2053 1778 2090 σω-

187 2144 414 2214 ζόμενοι
448 2141 556 2195 ἀπὸ
583 2139 690 2194 τῶν
712 2138 901 2194 ἐθνῶν.
933 2136 1048 2191 Οὐκ
1069 2134 1313 2205 ἔγνωσαν
1352 2134 1402 2186 oi
1445 2130 1692 2204 αἴροντες
1717 2128 1780 2181 τὸ

189 2231 352 2297 ξύλον
402 2229 630 2300 γλύμμα
672 2227 872 2291 αὐτῶν,
923 2226 1018 2280 καὶ
1076 2226 1124 2278 οί
1175 2223 1599 2295 προσευχόμενοι
1643 2218 1780 2291 πρὸς

190 2324 376 2387 θεοὺς,
404 2321 457 2375 οἶ
484 2322 545 2375 οὐ
571 2320 854 2386 σώζουσιν.
875 2316 1362 2387 Είάναγγελοῦσιν,
1384 2313 1777 2383 ἐγγισάτωσαν,

189 2415 286 2470 ἴνα
312 2413 517 2483 γνῶσιν
539 2410 675 2483 ἅμα.
710 2430 730 2463 ›
763 2408 1022 2483 Πρώτους
1048 2409 1146 2480 μὲν
1171 2406 1302 2479 γὰρ,
1328 2405 1512 2478 φησὶν,
1540 2403 1780 2467 ἐκείνους

188 2501 618 2574 ἀνεκαλεσάμην
657 2500 747 2555 διὰ
774 2500 870 2555 τοῦ
896 2497 1253 2568 εύαγγελικοῦ
1281 2494 1663 2569 κηρύγματος,
1688 2494 1782 2549 καὶ

190 2592 442 2667 πρώτοις
467 2593 653 2658 αὐτοῖς
673 2591 771 2664 τὴν
796 2591 1074 2663 βασιλείαν
1102 2588 1212 2643 τῶν
1241 2586 1484 2662 οὐρανῶν
1516 2587 1783 2658 ἐπηγγει-

187 2685 401 2757 λάμην,
443 2683 629 2755 ῶσπερ
673 2684 897 2755 μισθοὺς
937 2683 1038 2754 τῆς
1078 2682 1158 2745 εἰς
1190 2679 1290 2750 ἐμὲ
1330 2677 1568 2742 πίστεως
1598 2677 1783 2742 αὐτοῖς

189 2776 653 2848 ὑπισχνούμενον,
690 2774 827 2849 πρὸς
875 2774 938 2828 τὸ
976 2773 1051 2846 μὴ
1083 2771 1302 2843 νομίσαι
1324 2769 1520 2835 αὐτοὺς
1548 2769 1641 2823 ἐπὶ
1675 2786 1782 2841 μα-

192 2870 339 2941 ταίῳ
365 2869 659 2923 θεοσεόείν.
689 2867 781 2920 Διὸ
806 2865 903 2921 καὶ
929 2865 1076 2938 ζωὴν
1101 2862 1318 2919 αἰώνιον
1345 2860 1781 2932 ἐπηγγειλάμην,

188 2961 292 3016 καὶ
335 2959 520 3028 ἀγαθὰ
573 2978 593 3011 ι
634 2958 672 3014 ἃ.
711 2957 988 3030 ὀφθαλμὸς
1027 2957 1130 3010 οὐκ
1173 2950 1301 3020 εἶδε,
1342 2973 1361 3006 ι
1399 2953 1494 3007 καὶ
1527 2951 1596 3006 τὰ
1632 2949 1781 3021 ἐξῆς.

202 3053 365 3107 Ἐπεὶ
396 3052 453 3105 δὲ
499 3051 632 3116 Θεός
668 3052 781 3120 εἰμι
811 3048 985 3103 λαλῶν
1015 3045 1358 3117 δικαιοσύνην
1391 3046 1484 3099 καὶ
1515 3041 1782 3112 ἀναγγέλ-

189 3147 307 3200 λων
335 3145 618 3217 ἀλήθειαν,
661 3142 803 3198 κατὰ
834 3142 925 3196 τὸν
957 3139 1056 3213 τῆς
1090 3137 1434 3208 δικαιοσύνης
1458 3135 1635 3205 λόγον,
1669 3133 1785 3206 μετ’
1815 3133 1857 3192 C

190 3236 442 3300 ἐκείνους
481 3236 689 3299 πάντας
721 3232 1042 3306 ἀνθρώπους
1077 3230 1215 3303 πρὸς
1252 3228 1486 3301 ἐμαυτὸν
1524 3225 1786 3279 ἀνεκαλε-

192 3328 383 3399 σάμην
402 3344 416 3358 ’
448 3327 544 3380 καὶ
579 3324 825 3380 ἐντεῦθεν
854 3324 956 3395 ήδη
984 3324 1097 3385 τοῖς
1120 3322 1252 3375 πᾶσι
1285 3318 1539 3390 κηρύττω
1578 3316 1751 3386 λέγων
1769 3332 1785 3347 ο

197 3439 219 3472 ι
258 3416 575 3490 Συνάχθητε
619 3418 714 3470 καὶ¹
746 3416 934 3488 ἥκετε,
968 3409 1327 3485 βουλεύσασθε
1359 3409 1496 3480 ἆμα,
1536 3410 1586 3463 οἱ
1618 3406 1789 3471 σωζό-

195 3528 353 3582 μενοι
388 3509 497 3564 ἀπὸ
520 3509 629 3562 τῶν
656 3507 846 3561 ἐθνῶν.
885 3524 905 3557 ι
947 3504 1112 3575 Ὀρᾷς
1162 3503 1310 3563 ὅπως
1358 3501 1487 3563 τοὺς
1543 3498 1651 3553 ἀπὸ
1679 3497 1790 3551 τῶν

192 3604 372 3660 ἐθνῶν
427 3600 787 3673 βουλομένους
843 3594 1113 3661 σώζεσθαι
1157 3589 1564 3664 προσκαλεῖται.
1616 3607 1638 3641 ι
1695 3588 1792 3653 Τίς

193 3695 442 3754 ἀκουστὰ
464 3693 685 3763 ἐποίησε
716 3688 889 3745 ταῦτα
928 3687 1023 3740 ἀπ’
1056 3682 1270 3756 ἀρχῆς;
1308 3699 1327 3733 t
1351 3678 1651 3750 γνώσονται
1682 3677 1793 3751 γὰρ

195 3792 368 3861 ἐγγὺς
409 3786 695 3857 γενόμενοι
733 3781 824 3835 τὸν
859 3775 1111 3850 ἀληθινὸν
1144 3774 1299 3837 Θεὸν,
1335 3767 1395 3827 οῦ
1430 3771 1572 3843 μέγα
1596 3770 1793 3842 δεῖγμα

196 3860 297 3951 τῆς
330 3878 589 3948 θεότητος
624 3872 721 3927 τοῦ
753 3867 1126 3944 προῳητεῦσαι
1172 3863 1348 3918 ταῦτα
1380 3861 1468 3916 διὰ
1500 3860 1611 3916 τῶν
1644 3861 1793 3933 ἐμῶν

198 3962 524 4044 προφητῶν,
564 3965 660 4020 καὶ
699 3964 762 4017 τὸ
795 3962 891 4017 ἀπ’
927 3959 1100 4032 ἀρχῆς
1130 3953 1465 4024 ἀπαγγεῖλαι
1506 3951 1680 4044 ταῦτα
1713 3953 1794 4015 είς

198 4043 297 4127 τὰς
328 4060 501 4122 ἀκοὰς
523 4056 701 4131 ἡμῶν.
733 4073 753 4107 ι
788 4053 922 4107 Τότε
951 4049 1228 4123 ἀνηγγέλη
1260 4047 1408 4118 ὑμῖν,
1424 4043 1567 4114 Ἐγὼ
1585 4045 1614 4098 ό
1638 4044 1791 4110 Θεὸς,

199 4156 297 4210 καὶ
328 4154 435 4208 οὐκ
464 4151 612 4204 ἐστιν
643 4147 800 4212 ἄλλος
842 4144 982 4216 πλὴν
1015 4142 1171 4215 ἐμοῦ.
1211 4160 1230 4192 ι
1264 4136 1507 4208 Παγίδας
1547 4135 1794 4200 ἱστάντες

198 4252 311 4312 τοῖς
354 4246 451 4300 ἐπὶ
487 4244 588 4315 τῆς
608 4243 718 4314 γῆς
747 4242 796 4294 οἱ
825 4238 1095 4309 ἀλιτήριοι
1123 4234 1377 4306 δαίμονες
1396 4274 1410 4297 ,
1439 4230 1511 4284 τὰ
1537 4230 1635 4302 τῆς
1668 4230 1797 4283 ἐαυ-

199 4342 307 4397 τῶν
327 4340 548 4410 ἀπάτης
577 4334 916 4407 ἐργαστήρια
936 4330 1252 4401 συγκροτεῖν
1282 4322 1633 4388 ἐσπούδαζον,
1663 4323 1797 4376 ὐπο-

200 4437 516 4511 κρινόμενοι
554 4432 649 4486 καὶ
676 4428 737 4483 τὸ
767 4426 966 4481 εἰδέναι
994 4423 1065 4478 τὰ
1095 4419 1355 4493 μέλλοντα
1387 4417 1483 4471 καὶ
1518 4415 1797 4485 ἀπαγγέλ-

200 4506 314 4582 λειν
353 4506 498 4600 ἀς.τά
535 4519 794 4575 δύνασθαι
829 4518 940 4580 τοῖς
961 4513 1201 4568 ἐθέλουσι
1236 4509 1447 4582 μαθεῖν,
1486 4506 1648 4578 μέχρι
1674 4524 1794 4559 και⁹

205 4622 300 4695 ροῦ
336 4598 748 4674 διατετελέκασι
795 4608 1252 4681 συναρπάζοντες.
1298 4604 1618 4677 Χρηστήρια
1655 4598 1795 4695 γοῦν

207 4686 348 4767 κατά
398 4725 461 4761 τε
500 4705 682 4766 πόλεις
741 4702 838 4755 καὶ
885 4699 1091 4772 χώρας,
1129 4691 1542 4767 ψευδομαντεῖαί
1573 4708 1633 4744 τε
1653 4686 1795 4762 ἦσαν

209 4799 487 4873 πανταχοῦ
523 4799 615 4852 καί
645 4794 1012 4866 κληδονισμοὶ,
1043 4792 1139 4844 καὶ
1177 4786 1584 4860 νεκυομάντεις,
1624 4784 1720 4839 καὶ
1746 4784 1797 4837 οἱ

207 4893 514 4965 φωνοῦντες
547 4891 612 4942 ἐκ
636 4887 763 4957 γῆς,
790 4880 1220 4955 ἐγγαστρίμυθοί
1249 4896 1309 4933 τε
1344 4878 1438 4932 καὶ
1464 4875 1796 4946 ἀλφιτομάν-

207 5005 336 5051 τεις,
362 4985 460 5040 καὶ
484 4977 817 5046 ἁπαξαπλῶς
838 4974 1086 5048 ψευστῶν
1108 4974 1202 5028 καὶ
1223 4971 1471 5043 φενάκων
1496 4970 1637 5041 ήύφ’
1657 4967 1795 5040 ἡλίῳ

208 5077 556 5149 πεπλήρωτο.
616 5091 636 5124 ι
689 5070 907 5132 Δίκαιος
963 5066 1057 5121 καὶ
1107 5064 1291 5136 σωτὴρ
1333 5063 1434 5117 οὐκ
1479 5061 1593 5115 ἐστι
1621 5057 1796 5132 παρὲξ

208 5170 364 5242 ἐμοῦ.
396 5189 416 5221 ι
469 5166 763 5220 Ἐθέσπισα
793 5163 850 5217 δὲ
873 5163 970 5217 καὶ
997 5161 1276 5232 προεῖπον,
1308 5156 1431 5209 ἐπεὶ
1487 5152 1694 5215 δίκαιός
1722 5152 1795 5205 εί-

212 5281 268 5335 μι
305 5264 406 5316 καὶ
438 5258 653 5329 Σωτὴρ.
708 5256 898 5327 διόπερ
942 5251 1083 5307 κατὰ
1121 5250 1212 5304 τὸν
1261 5246 1354 5302 τοῦ
1391 5244 1599 5301 δικαίου
1637 5243 1795 5313 λόγον

210 5350 393 5404 πάντα
448 5345 520 5400 τὰ
564 5345 690 5416 ἐθνη
735 5343 885 5398 καλῶ
924 5344 1005 5406 εἰς
1037 5339 1134 5413 τὴν
1166 5340 1297 5412 παρ’
1335 5337 1458 5408 ἐμοὶ
1499 5334 1793 5406 σωτηρίαν.

221 5443 381 5514 Ὁρᾷς
416 5440 567 5502 ὅπως
600 5436 885 5491 καθολικδν
912 5434 974 5488 τὸ
997 5434 1257 5504 κήρυγμα
1298 5432 1430 5484 πᾶσι
1469 5430 1583 5491 τοῖς
1619 5425 1798 5481 ἔθνεσι

212 5532 606 5602 καταγγέλλει;
651 5530 737 5584 Ἑν
769 5527 981 5591 τούτοις
1015 5521 1074 5579 εὖ
1118 5523 1266 5597 μάλα
1298 5524 1398 5595 τῆς
1442 5521 1531 5577 διὰ
1560 5517 1799 5575 Χριστοῦ

279 5737 326 5771 ⁸⁸
354 5720 502 5794 Psal.
541 5749 698 5803 um,
732 5732 785 5789 ὕ.
859 5732 903 5765 ⁸⁸
931 5729 946 5786 l
975 5728 1101 5787 Cor.
1137 5743 1197 5795 ιι,
1228 5726 1283 5782 9.

1894 1868 2027 1924 tium
2062 1868 2313 1924 traditum
2345 1878 2453 1934 est,
2484 1876 2547 1922 ut
2586 1869 2639 1922 in
2663 1868 2900 1924 omnium
2932 1867 3171 1937 gentium
3215 1867 3459 1922 auditum

1883 1961 2111 2016 veniret.

1961 2053 2121 2109 Vsus.
2150 2052 2339 2117 21,21
2378 2071 2399 2105 ι
2433 2049 2849 2123 Congregamini
2873 2058 2929 2105 et
2950 2049 3130 2106 venite
3156 2064 3171 2102 :
3196 2048 3464 2105 consulite

1887 2145 2075 2211 simul,
2129 2146 2227 2216 qui
2283 2143 2570 2201 salvamini
2616 2144 2683 2198 de
2725 2143 2997 2213 gentibus.
3042 2139 3161 2196 Non
3197 2154 3465 2213 cognove-

1891 2245 2042 2302 runt,
2078 2236 2172 2306 qui
2215 2243 2437 2305 portant
2467 2234 2670 2304 lignum
2700 2233 3035 2303 sculpturam
3071 2247 3249 2297 suam,
3286 2240 3341 2287 et
3368 2232 3462 2302 qui

1888 2336 2188 2397 precantur
2218 2329 2350 2382 deos
2400 2340 2508 2381 non
2543 2324 2844 2381 salvautes.
2889 2323 2947 2379 Si
2981 2315 3338 2388 annuntient,
3371 2338 3465 2378 ac-

1886 2417 2103 2482 cedant,
2156 2427 2217 2472 ut
2266 2425 2604 2488 cognoscant
2649 2415 2830 2471 simul.
2868 2433 2887 2468 »
2919 2415 3152 2480 Etenim,
3188 2413 3296 2479 ait,
3349 2414 3463 2484 pri-

1891 2525 2041 2564 mum
2073 2508 2199 2564 illos
2226 2522 2325 2578 per
2344 2507 2716 2579 evangelicam
2757 2506 3200 2578 praedicationem
3248 2506 3462 2568 vocavi,

1887 2599 2131 2670 ipsisque
2177 2600 2370 2670 primis
2428 2614 2656 2671 regnum
2700 2598 2962 2655 cmlorum
3007 2597 3269 2668 promisi,
3309 2599 3462 2667 quasi

1889 2692 1943 2748 in
1982 2692 2285 2748 mercedem
2322 2706 2513 2746 eorum
2558 2706 2690 2763 erga
2745 2704 2832 2745 me
2879 2689 3004 2744 ﬁdei
3044 2687 3356 2758 pollicitus;
3406 2697 3468 2742 ut

1888 2800 1958 2840 ne
1989 2792 2179 2855 putent
2201 2799 2260 2840 se
2286 2782 2488 2838 frustra
2518 2783 2662 2854 piam
2693 2781 3008 2854 religionem
3038 2780 3265 2835 sectari.
3287 2780 3468 2848 Quare

1889 2879 2059 2934 vitam
2093 2888 2352 2934 aeternam
2384 2878 2631 2949 promisi,
2660 2888 2715 2933 et
2742 2877 2883 2932 bona
2916 2894 2935 2928 ι
2968 2889 3089 2945 qua:
3122 2872 3315 2929 oculus
3357 2887 3464 2928 non

1891 2984 2123 3050 vidit“,
2167 3001 2188 3036 ι
2233 2993 2286 3038 et
2314 2990 2533 3038 cetera.
2564 2982 2831 3050 Quoniam
2893 2995 3024 3036 vero
3056 2979 3197 3034 Deus
3239 2993 3359 3034 sum
3390 2976 3470 3032 Ιο-

1892 3105 2066 3162 quens
2088 3090 2380 3162 justitiam,
2413 3096 2469 3143 et
2494 3088 2825 3143 annuntians
2857 3086 3169 3153 veritatem,
3202 3099 3299 3156 pro
3325 3083 3467 3153 aequi

1890 3210 1945 3254 et
1978 3198 2106 3255 boni
2156 3198 2391 3263 ratione,
2432 3204 2555 3265 post
2600 3194 2722 3248 illos
2758 3193 3045 3247 universos
3088 3194 3253 3247 etiam
3296 3190 3472 3246 homi-

1892 3318 1989 3358 nes
2030 3300 2098 3356 ad
2158 3315 2244 3355 me
2294 3298 2525 3365 vocavi;
2588 3310 2643 3353 et
2696 3298 2808 3366 jam
2871 3296 2995 3351 hinc
3036 3296 3290 3351 omnibus
3330 3308 3471 3364 pra:-

1891 3402 2014 3457 dico
2057 3418 2074 3457 :
2135 3417 2154 3450 ι
2196 3397 2613 3469 Congregamini
2683 3407 2739 3451 et
2774 3396 3022 3455 .venite,
3069 3394 3337 3449 consulite
3391 3394 3471 3449 si-

1892 3492 2026 3556 mul,
2085 3492 2178 3560 qui
2239 3488 2524 3545 salvamini
2586 3486 2654 3542 de
2693 3487 2963 3556 gentibus.
3004 3505 3023 3538 »
3080 3484 3471 3554 Viden‘,qno—

1892 3584 2055 3639 modo
2087 3583 2212 3637 illos
2249 3597 2315 3636 ex
2350 3579 2626 3651 gentibus,
2668 3579 2760 3648 qui
2808 3577 3036 3633 salutem
3069 3585 3347 3646 exoptent,
3376 3576 3472 3631 ad-

1894 3674 2092 3731 vocet?
2124 3691 2143 3725 ι
2191 3672 2325 3740 Quis
2362 3675 2542 3728 audita
2591 3671 2720 3726 fecit
2764 3670 2877 3724 haec
2921 3666 2990 3721 ab
3030 3667 3229 3722 initio?
3264 3686 3283 3720 ι
3332 3666 3468 3722 Cum

1891 3769 2039 3825 enim
2081 3767 2238 3839 juxta
2280 3766 2633 3830 accesserint,
2674 3777 2863 3817 verum
2915 3761 3086 3816 Deum
3116 3767 3470 3832 cognoscent,

1892 3861 2049 3931 cujus
2081 3858 2302 3915 deitatis
2335 3868 2592 3927 magnum
2628 3863 3008 3922 argumentum
3036 3849 3168 3904 illud
3214 3856 3299 3903 est
3326 3850 3470 3918 quod

1893 3955 2009 4009 haec
2041 3968 2138 4023 per
2185 3950 2477 4021 prophetas
2520 3962 2649 4002 suos
2697 3943 3111 4015 praenuntiarit,
3148 3950 3205 3995 et
3249 3941 3318 3995 ab
3364 3940 3472 3995 ini-

1896 4045 1971 4098 tio
2012 4043 2065 4097 id
2104 4042 2171 4096 ad
2212 4053 2374 4095 aures
2421 4046 2639 4091 nostras
2692 4029 3076 4087 declaraverit.
3120 4047 3139 4079 ι
3176 4026 3331 4083 Tunc
3375 4042 3475 4080 an-

1896 4135 2205 4192 nuntiatum
2254 4140 2340 4186 est
2373 4129 2550 4194 vobis,
2596 4126 2706 4196 Ego
2755 4122 2930 4189 Deus,
2959 4129 3017 4177 et
3059 4136 3164 4174 non
3218 4127 3304 4174 est
3335 4118 3475 4171 alius

1895 4236 2096 4299 praeter
2124 4236 2235 4280 me.
2269 4241 2288 4275 ι
2316 4221 2387 4276 lis
2418 4220 2510 4291 qui
2547 4219 2601 4273 in
2638 4228 2782 4270 terra
2814 4222 2940 4268 sunt
2966 4211 3192 4281 laqueos
3218 4218 3477 4280 parantes

1896 4320 2169 4376 daemones
2193 4314 2442 4386 maligni,
2474 4310 2678 4365 fraudis
2702 4306 3040 4375 fallaciasque
3065 4318 3175 4359 suae
3203 4300 3472 4356 oﬁicinam

1898 4412 2192 4468 admovere
2222 4404 2565 4475 satagebant,
2616 4415 2676 4456 se
2715 4399 2897 4454 futura
2951 4408 3111 4451 nosse
3154 4391 3475 4447 simulantes

1896 4519 1961 4560 ac
1997 4515 2156 4572 posse
2188 4515 2249 4555 se
2301 4498 2389 4553 illa
2439 4492 2731 4550 enuntiare
2767 4491 2853 4553 iis,
2879 4486 2971 4559 qui
3008 4486 3252 4541 ediscere
3283 4481 3473 4545 velint,
3504 4540 3509 4545 ,

1897 4571 2048 4653 certo
2099 4604 2342 4664 tempore
2387 4588 2589 4645 multos
2630 4584 2754 4639 dolo
2804 4582 3303 4637 circumvenerunt.
3335 4571 3473 4626 Nam

1898 4692 1952 4746 in
1992 4688 2216 4743 urbibus
2248 4693 2303 4741 et
2337 4680 2650 4749 regionibus
2675 4675 2918 4735 oracula.
2948 4668 3313 4726 divinationes
3343 4665 3472 4720 item

1899 4781 2068 4843 falsae,
2104 4778 2310 4847 ubique
2348 4781 2529 4834 erant,
2565 4768 2950 4827 ominationes,
2987 4767 3383 4819 necromantes,
3421 4766 3477 4809 et

1895 4872 1988 4944 qui
2022 4886 2090 4925 ex
2122 4880 2268 4923 terra
2306 4866 2687 4936 loquebantur,
2719 4855 3138 4930 engastrimytbi
3170 4893 3185 4920 ,
3236 4851 3478 4920 alphito-

1901 4974 2132 5027 mantes,
2173 4961 2289 5016 sive
2329 4959 2420 5029 qui
2452 4972 2483 5012 e
2510 4955 2705 5011 farinis
2735 4950 3198 5013 vaticinabantur,
3228 4955 3392 5012 atque
3418 4948 3478 4996 ut

1899 5055 2210 5111 summatim
2244 5037 2447 5112 dicam,
2499 5043 2854 5101 mendacibus
2889 5050 2945 5097 et
2976 5037 3364 5109 impostoribus
3399 5050 3478 5086 ri:-

1900 5147 2154 5217 plebatur
2198 5142 2370 5197 orbis.
2419 5159 2437 5192 ι
2471 5137 2661 5194 Justus
2704 5143 2759 5191 et
2802 5132 3039 5188 salvator
3077 5144 3181 5184 non
3220 5135 3305 5181 est
3341 5140 3478 5192 prm-

1902 5216 1985 5295 ter
2022 5253 2130 5294 me.
2171 5254 2190 5288 ι
2225 5233 2568 5290 Vaticinatus
2598 5245 2716 5285 sum
2749 5235 2803 5282 et
2830 5222 3081 5295 praedixi,
3111 5219 3369 5290 quoniam
3393 5216 3477 5286 ju-

1898 5341 2017 5387 stus
2043 5338 2099 5384 et
2126 5326 2380 5383 Salvator
2423 5338 2566 5387 sum,
2596 5320 2719 5375 ideo
2744 5315 3040 5373 secundum
3073 5308 3347 5379 aequitatis
3388 5322 3476 5360 ra-

1900 5423 2101 5479 tionem
2134 5432 2324 5475 omnes
2363 5425 2551 5488 gentes
2602 5412 2670 5467 ad
2708 5424 2850 5475 eam,
2885 5421 3006 5477 quae
3043 5418 3211 5476 penes
3242 5417 3328 5456 me
3366 5410 3472 5463 est,

1901 5513 2131 5573 salutem
2178 5523 2370 5568 evoco.
2429 5504 2614 5563 Viden‘
2666 5499 2937 5575 quomodo
2968 5507 3311 5553 communem
3348 5506 3476 5563 gun-
