3880 6216
415 256 522 312 419

1093 253 1362 311 EUSEBII
1396 253 1873 313 CIESARIENSIS
1911 255 2064 313 OPP.
2104 253 2283 309 PARS
2321 254 2413 311 lll.
2451 285 2520 297 —
2559 253 2969 312 EXEGETICA.

3563 253 3670 308 420

416 372 560 426 tibus
606 369 862 424 omnibus
910 368 1354 438 pradicationem
1410 371 1741 425 annuntiet?
1787 370 1842 424 In
1879 385 1985 439 quo

2107 369 2308 441 [ἀριτος
2332 368 2534 422 κατίδοι
2567 385 2652 432 τις
2679 369 2745 422 ἂν
2775 369 2836 421 τὸ
2861 366 3109 438 μέγεθος,
3139 368 3220 431 είς
3251 368 3460 431 πάντας
3482 367 3671 440 διῆκον

415 463 572 531 plane
607 459 811 517 Christi
863 461 1061 531 gratia
1116 461 1541 530 magnitudinem
1593 463 1819 527 videas,
1869 477 1988 532 quae

417 555 486 608 ad
531 568 724 608 omnes
776 552 1074 621 terrigenas
1118 555 1422 623 pervadat:
1487 554 1688 608 atenim
1740 554 1988 607 universa

415 655 556 700 terra
582 659 680 715 per
708 645 871 700 ﬁdem
901 645 955 700 in
987 659 1134 711 eum,
1165 645 1232 700 ad
1262 645 1495 700 salutem
1523 654 1582 705 et
1609 646 1800 711 vitam,
1833 647 1988 716 quasi

415 753 616 808 sagena
657 747 840 806 capta,
877 737 1110 793 deducta
1144 747 1251 792 est.
1478 741 1484 746 ’

487 829 650 884 Vrsas.
679 826 772 894 25,
823 827 914 883 24.
951 847 972 879 ι
1023 827 1127 883 Per
1155 829 1537 898 memetipsum
1580 827 1729 898 iuro,
1780 828 1840 884 Si
1883 843 1989 884 non

414 919 732 989 egrediatur
773 919 842 974 de
871 933 967 974 ore
995 933 1118 974 meo
1146 918 1360 988 iustitia
1386 937 1402 974 :
1433 935 1715 976 sermones
1745 921 1849 976 mei
1882 934 1990 975 non

415 1019 758 1067 uertentur.
808 1029 827 1064 ι
873 1010 976 1078 Qui
1035 1025 1348 1074 sermones.
1401 1012 1505 1068 nisi
1547 1015 1700 1083 queis
1738 1014 1989 1081 dicebat,

421 1119 443 1154 ι
483 1102 878 1158 Convertimini
911 1103 978 1156 ad
1011 1116 1116 1166 me,
1154 1113 1210 1158 et
1254 1103 1621 1170 salvabimini,
1667 1106 1758 1174 qui
1793 1105 1861 1160 ab
1898 1120 1993 1159 ex-

417 1201 594 1248 tremo
637 1201 800 1248 terrae
843 1194 1022 1249 estis:
1080 1195 1207 1264 quia
1267 1195 1400 1250 mihi
1462 1196 1778 1252 curvabitur
1831 1212 1992 1252 omne

419 1299 590 1354 genu,
636 1292 692 1339 et
726 1284 933 1354 jurabit
978 1287 1157 1340 omnis
1204 1285 1382 1352 lingua
1432 1301 1531 1356 per
1574 1286 1780 1343 Deum:
1829 1305 1848 1340 ι
1885 1303 1990 1343 non

417 1374 727 1435 Iudaeorum
765 1384 997 1442 tantum,
1035 1377 1132 1433 sed
1170 1377 1335 1430 etiam
1367 1377 1700 1450 reliquarum
1729 1381 1991 1450 gentium,

417 1481 527 1539 quo
556 1467 693 1523 nihil
723 1468 936 1524 beatius
976 1469 1160 1525 fuerit.
1207 1468 1490 1540 Hujusque
1522 1471 1818 1541 prophetiae
1844 1485 1994 1527 com-

418 1558 747 1627 plementum
798 1558 854 1613 in
894 1559 1097 1614 Christi
1146 1559 1364 1616 Domini
1418 1563 1648 1616 adventu
1699 1559 1821 1617 fuit.
1866 1559 1996 1617 Post

417 1649 569 1705 illum
599 1651 768 1716 enim,
810 1653 996 1722 populi
1024 1667 1216 1708 omnes
1259 1653 1312 1706 in
1348 1651 1464 1722 eius
1506 1651 1753 1709 Ecclesia
1793 1668 1889 1725 per
1919 1663 1996 1708 to-

2088 463 2216 526 τοὺς
2263 461 2426 526 ὄντας
2485 461 2576 515 ἐπὶ
2617 460 2716 531 τῆς
2771 463 2905 531 γῆς’
2975 460 3366 532 σεσαγήνευται
3416 459 3524 531 γὰρ
3580 462 3673 515 διὰ

2092 555 2327 618 πίστεως
2358 553 2455 626 τῆς
2478 554 2559 618 είς
2581 553 2743 607 αὐτὸν
2777 554 2856 617 είς
2890 552 3162 624 σωτηρίαν
3183 551 3276 606 καί⁵
3303 549 3447 624 ζωὴν
3467 555 3501 624 ἡ
3530 551 3676 625 σύμ-

2089 660 2241 699 πασα
2268 662 2361 716 γη.

2167 861 2185 894 t
2222 843 2356 896 Κατ’
2377 841 2614 913 ἐμαυτοῦ
2645 843 2851 914 ὀμνύω,
2893 843 2956 898 Ei
2993 842 3070 915 μὴ
3095 841 3434 911 ἐξελεύσεται
3473 842 3539 896 ἐκ
3573 840 3676 894 τοῦ

2093 933 2360 1006 στόματός
2381 952 2481 1006 μου
2510 934 2824 1006 δικαιοσύνη
2845 952 2858 966 ·
2880 936 2930 988 οί
2959 935 3106 1004 λόγοι
3138 953 3242 1006 μου
3271 936 3370 988 οὒκ
3394 935 3676 1004 ἀποστρα-

2091 1027 2373 1099 φήσονται.
2409 1046 2427 1078 ι
2467 1027 2617 1080 Ποῖοι
2661 1027 2718 1080 δὲ
2761 1027 2927 1096 λόγοι,
2953 1027 2986 1098 ἢ
3014 1027 3083 1080 δι’
3111 1019 3186 1081 ὧν
3217 1026 3402 1094 ἔλεγεν
3421 1043 3436 1056 ·
3476 1044 3496 1076 ι
3517 1025 3678 1078 Ἐπι-

2091 1115 2367 1186 στράφητε
2398 1115 2534 1188 πρὸς
2561 1117 2651 1186 μὲ,
2685 1117 2779 1170 καὶ
2798 1116 3104 1190 σωθήσεσθε
3127 1118 3177 1170 oi
3205 1117 3298 1171 ἀπ’
3319 1116 3544 1187 ἐσχάτου
3573 1117 3680 1187 τῆς

2091 1205 2232 1276 γῆς·
2269 1207 2350 1259 ὅτι
2391 1206 2514 1278 ἐμοὶ
2567 1205 2773 1277 κάμψει
2819 1210 2928 1262 πᾶν
2968 1208 3118 1278 γόνυ,
3159 1209 3256 1262 καὶ
3277 1209 3490 1280 ὀμεῖται
3521 1210 3681 1264 πᾶσα

2091 1297 2313 1367 γλῶσσα
2352 1298 2442 1352 τὸν
2469 1298 2638 1365 Θεόν;
2683 1318 2702 1351 ι
2745 1299 2880 1371 Oti-xl
2918 1299 2980 1353 τὸ
3022 1300 3288 1355 Ἰουδαίων
3329 1301 3508 1372 μόνον,
3537 1300 3681 1355 ἀλλὰ

2091 1389 2187 1443 καὶ
2205 1389 2313 1442 τῶν
2344 1389 2544 1443 λοιπῶν
2566 1390 2757 1457 ἐθνῶν,
2787 1386 2848 1446 οὗ
2879 1391 3289 1465 μακαριώτερον
3323 1391 3473 1446 οὐδὲν
3501 1391 3567 1445 ἂν
3587 1392 3683 1461 γέ-

2093 1498 2258 1535 νοιτο.
2289 1481 2398 1534 Kal
2424 1481 2628 1553 ταύτης
2659 1482 2718 1536 δὲ
2747 1484 2845 1556 τῆς
2879 1485 3213 1557 προφητείας
3233 1483 3295 1538 τὸ
3321 1484 3677 1556 ἀποτέλεσμα

2093 1572 2396 1644 ἐπληροῦτο
2445 1577 2510 1646 τῇ
2567 1573 2661 1628 τοῦ
2711 1575 2960 1647 Σωτῆρος
3013 1575 3170 1647 ἡμῶν
3213 1573 3387 1646 Ἰησοῦ
3432 1575 3679 1648 Χριστοῦ

2096 1666 2384 1737 παρουσίᾳ·
2405 1665 2522 1737 μεθ’
2552 1668 2618 1738 ἢν
2651 1668 2709 1720 ἐν
2737 1669 2803 1738 τῇ
2838 1667 3133 1740 Ἐκκλησία
3166 1668 3329 1722 αὐτοῦ
3367 1670 3433 1740 τῇ
3465 1667 3587 1722 καθ’
3618 1669 3681 1721 ὃ-

421 1751 535 1797 tum
571 1743 758 1797 urbem
785 1744 1120 1813 congregati,
1151 1744 1262 1799 Deo
1289 1745 1344 1799 in
1381 1745 1657 1815 precando
1697 1757 1872 1816 genua
1897 1744 1994 1800 ﬁe-

2107 1733 2193 1828 λης
2239 1733 2350 1828 τῆς-
2372 1733 2696 1831 οίκουμένης
2727 1733 2926 1824 πάντες
2968 1733 3037 1814 οἱ,
3069 1733 3524 1832 συγκροτούμενοι
3553 1759 3682 1813 λαοὶ

417 1841 571 1889 ctere
613 1833 965 1889 didicerunt:
1012 1837 1116 1890 etsi
1173 1837 1226 1890 id
1281 1836 1454 1892 Judaei
1511 1836 1820 1894 faciendum
1873 1852 1997 1893 esse

420 1925 693 1994 ignorent.
741 1944 760 1978 ι
817 1925 1132 1996 Etjurabit.
1187 1945 1208 1980 ι
1247 1926 1379 1982 Nam
1425 1929 1517 1998 qui
1553 1943 1640 1984 me
1682 1927 1850 1983 Deum
1895 1942 1994 1981 no-

421 2026 616 2072 verunt
655 2018 709 2072 in
750 2018 1003 2073 omnibus
1032 2019 1304 2089 gentibus,
1335 2021 1527 2090 quavis
1568 2021 1751 2091 lingua
1797 2028 1850 2076 et
1877 2033 1996 2075 ser-

424 2124 623 2176 mone,
653 2110 773 2166 sive
820 2109 1075 2178 barbaro,
1127 2114 1242 2168 sive
1295 2111 1507 2179 Graeco,
1564 2114 1618 2168 in
1671 2113 1997 2183 juramentis

424 2214 512 2258 me
555 2200 608 2256 in
659 2211 850 2258 testem
907 2213 1208 2270 assument,
1267 2207 1356 2276 qui
1409 2221 1594 2262 eorum
1638 2207 1798 2262 dictis
1831 2207 1993 2262 ﬁdem

432 2290 653 2348 faciam.

493 2489 660 2547 Vens.
690 2491 782 2547 25.
825 2511 846 2544 ι
877 2491 1097 2559 Dicens,
1123 2492 1338 2549 Justitia
1373 2502 1428 2549 et
1451 2491 1622 2564 gloria
1661 2493 1727 2548 ad
1755 2509 1877 2548 eum
1908 2509 1998 2548 ve-

423 2581 608 2648 nient,
649 2590 703 2636 et
736 2581 1140 2638 confundenlur
1194 2597 1384 2639 omnes
1425 2583 1516 2654 qui
1556 2593 1810 2653 separant
1859 2598 1940 2638 se.
1971 2601 1991 2634 ι

422 2671 622 2730 Omnes
645 2675 926 2729 hominum
952 2677 1180 2731 virtutes
1209 2677 1372 2731 talem
1401 2677 1782 2731 nanciscentur
1803 2674 1993 2730 ﬁnem:

424 2772 479 2817 et
513 2764 692 2818 onmis
728 2763 989 2818 fortitudo
1027 2763 1306 2818 hominum
1328 2804 1344 2829 ,
1387 2764 1476 2832 qtti
1509 2779 1606 2834 pro
1642 2765 1841 2833 pietate
1873 2778 1999 2817 con-

424 2864 806 2918 certaverunt,
867 2855 934 2909 ad
985 2854 1160 2924 ipsum
1220 2856 1483 2910 accedet:
1536 2865 1698 2924 atque
1753 2864 1882 2910 tunc
1923 2854 1996 2909 illi

427 2947 663 3000 fructum
698 2943 967 3006 laborum,
1017 2953 1071 2998 et
1121 2945 1342 3000 virtutis
1387 2948 1667 3016 praemium
1706 2947 1996 3016 accipient.

498 3033 664 3092 Vsus.
697 3032 789 3088 26.
825 3051 848 3086 ‹
879 3035 923 3088 Α
957 3035 1186 3089 Domino
1207 3035 1677 3106 justiﬁcabuntur,
1705 3048 1760 3092 et
1791 3039 1843 3091 in
1889 3037 1998 3092 Deo

425 3124 824 3196 gloriﬁcabitur
845 3138 1009 3178 omne
1034 3138 1219 3179 semen
1250 3125 1482 3179 ﬁliorum
1515 3125 1698 3180 Israel.
1739 3146 1756 3179 ι
1787 3127 1851 3182 Ει
1878 3129 2000 3184 vide

432 3197 589 3281 mihi,
620 3229 828 3281 quaso,
865 3215 1135 3269 sermonis
1177 3225 1490 3269 accuratam
1537 3217 1842 3272 rationem:
1891 3234 1997 3272 non

425 3307 571 3361 enim
601 3324 624 3357 ι
654 3304 840 3372 lsrael,
887 3323 906 3357 ι
954 3305 1122 3372 dixit,
1179 3320 1388 3376 neque,
1441 3323 1462 3356 ι
1515 3320 1697 3362 semen
1730 3305 1936 3376 Israel;
1974 3328 1994 3362 ι

428 3398 525 3452 sed
559 3410 741 3452 semen
778 3395 1012 3451 ﬁliorum
1047 3395 1234 3451 Israel.
1265 3397 1385 3451 Filii
1423 3412 1585 3466 porro
1627 3396 1794 3454 Israel
1841 3410 2002 3454 erant

430 3488 590 3559 primi
629 3489 892 3544 salutaris
921 3488 1201 3559 Evangelii
1224 3503 1524 3559 pratcones,
1553 3505 1786 3562 quorum
1813 3506 1998 3546 semen

427 3589 485 3634 et
515 3581 918 3635 successionem
967 3579 1177 3649 iustitia
1212 3589 1266 3636 et
1321 3581 1488 3652 gloria
1529 3583 1833 3637 donandatn
1882 3597 2002 3638 esse

434 3671 661 3727 dicitur.

993 3762 1224 3821 CAPUT
1259 3763 1450 3842 .XLVl.

510 3856 670 3914 Vens.
711 3859 765 3915 l.
811 3875 831 3909 ι
865 3857 1072 3913 Cecidit
1109 3858 1228 3925 Bel,
1259 3860 1526 3914 contritus
1548 3870 1635 3914 est
1667 3860 1867 3931 Dagon.
1903 3859 2004 3915 Fa-

431 3958 518 4004 cta
550 3959 680 4004 sunt
723 3950 998 4020 sculptilia
1047 3965 1234 4006 eorunt
1277 3952 1332 4005 in
1384 3951 1587 4007 bestias
1619 3961 1674 4008 et
1711 3955 1763 4006 in
1791 3951 2005 4020 jumen-

438 4050 516 4097 ta.
548 4061 567 4093 ι
607 4041 698 4096 Bel
731 4041 931 4096 idolum
963 4053 1103 4109 erat,
1154 4045 1234 4098 sic
1277 4059 1310 4097 ιι
1343 4043 1549 4099 Graecis
1592 4045 1820 4110 dictum,
1849 4058 1999 4099 eum-

439 4133 587 4196 dem,
615 4139 675 4186 ut
697 4131 873 4198 aiunt,
899 4147 1059 4202 quem
1089 4134 1192 4204 ipsi
1225 4121 1514 4189 Saturnum
1537 4135 1822 4206 appellant,
1845 4151 2004 4207 quem

440 4232 596 4278 tanta
631 4222 932 4279 stoliditate
964 4234 1178 4281 veteres
1201 4227 1477 4292 colebant,
1511 4237 1570 4283 ut
1595 4229 1695 4300 ipsi
1723 4229 2004 4285 carissima

440 4315 544 4371 sibi
571 4314 903 4387 iugularem,
940 4332 1005 4371 ac
1038 4328 1323 4374 sexcentas
1357 4319 1492 4375 alias
1532 4321 1812 4376 hominum
1852 4323 2007 4377 victi-

2094 1849 2226 1918 γόνυ
2253 1850 2454 1904 κλίνειν
2473 1851 2550 1922 τῷ
2575 1851 2692 1924 Θεῷ
2715 1854 2770 1905 ἐν
2803 1854 2918 1917 ταῖς
2947 1856 3273 1925 προσευχαῖς
3295 1851 3678 1924 ἐδιδάχθησαν,

2094 1943 2271 1996 καίτοι
2341 1943 2609 1998 Ἰουδαίων
2651 1942 2812 1998 τοῦτο
2868 1946 3040 1999 ποιεῖν
3092 1946 3192 1998 οὑκ
3229 1944 3463 1998 εἰδότων.
3506 1961 3528 1995 ι
3561 1943 3682 1996 Καὶ

2095 2034 2327 2105 ὀμεῖται.
2362 2052 2382 2086 ι
2421 2034 2482 2088 Oi
2522 2033 2631 2105 γὰρ
2670 2035 2770 2106 ἐμὲ
2816 2035 2906 2088 τὸν
2937 2034 3069 2090 Θεὸν
3107 2033 3419 2103 ἐπιγνόντες
3452 2035 3512 2089 ἐν
3538 2035 3682 2088 πᾶσι

2093 2128 2205 2188 τοῖς
2241 2125 2418 2179 ἔθνεσι
2453 2123 2540 2179 διὰ
2572 2124 2828 2188 παντοίας
2853 2123 3104 2194 γλώσσης
3148 2124 3242 2178 καὶ
3269 2125 3505 2194 ὁμιλίας,
3539 2121 3680 2194 βαρ-

2095 2217 2264 2289 ϐάρου
2315 2235 2374 2271 τε
2425 2217 2520 2272 καὶ
2579 2216 2894 2288 Ἑλληνικῆς
2946 2217 3004 2269 ἐν
3043 2219 3154 2281 τοῖς
3178 2217 3363 2288 ὅρκοις
3401 2216 3501 2287 ἐμὲ
3535 2215 3684 2287 μάρ-

2094 2328 2233 2383 τυρα
2279 2309 2720 2384 παραλήψονται,
2769 2309 3089 2382 βεϐαιοῦντα
3152 2308 3252 2372 τάς
3306 2307 3516 2362 ἑαυτῶν
3583 2307 3683 2360 πί-

2097 2418 2262 2464 στεις.

2171 2508 2191 2540 ι
2224 2488 2447 2557 Λέγωνο
2481 2487 2804 2559 Δικαιοσύνη
2844 2486 2938 2540 καὶ
2991 2485 3117 2551 δόξα
3162 2486 3300 2559 πρὸς
3337 2485 3500 2540 αὑτὸν
3529 2481 3679 2556 ἥξει,

2097 2579 2191 2634 καὶ
2245 2580 2692 2651 αίσχυνθήσονται
2731 2579 2930 2644 πάντες
2961 2581 3009 2632 oi
3047 2579 3370 2652 διορίζοντες
3393 2577 3615 2642 αὐτούς.
3652 2595 3675 2628 ι

2097 2670 2276 2724 Πᾶσαι
2303 2673 2359 2726 αἱ
2390 2672 2448 2725 ἐν
2467 2669 2773 2743 ἀνθρώποις
2795 2671 2985 2743 ἀρεταὶ
3014 2671 3163 2735 τέλος
3191 2669 3322 2724 αὐτὸ
3343 2668 3547 2736 ἕξουσι,
3581 2668 3684 2722 καὶ

2099 2763 2248 2816 πᾶσα
2285 2763 2439 2833 ίσχὺς
2462 2762 2762 2834 ἀνθρώπων
2790 2763 2897 2817 τῶν
2920 2764 3059 2834 ὑπὲρ
3085 2761 3392 2826 θεοσεϐείας
3415 2763 3686 2831 ἀγωνισα-

2100 2852 2276 2924 μένων
2313 2852 2450 2924 πρὸς
2472 2853 2634 2906 αὑτὸν
2667 2851 2964 2918 ἐλεύσεται,
3008 2853 3103 2907 καὶ
3143 2853 3235 2906 τὸν
3266 2852 3375 2906 τῶν
3416 2853 3686 2924 καμάτων

2098 2942 2310 3014 καρπὸν
2338 2943 2439 3013 τήν
2469 2960 2528 2995 τε
2561 2943 2793 3015 ἀμοιϐὴν
2818 2945 2917 3014 τῆς
2943 2945 3146 3016 ἀρετῆς
3175 2943 3458 3015 λήψονται.

2134 3069 2140 3075 -
2174 3051 2194 3084 ι
2216 3031 2562 3105 ἈπὸΚυρίου
2579 3033 3045 3106 δικαιωθήσονται,
3077 3033 3170 3087 καὶ
3197 3037 3253 3088 ἐν
3281 3034 3358 3105 τῷ
3389 3033 3505 3104 Θεῷ
3537 3033 3686 3087 ἐνδο-

2103 3121 2426 3195 ξασθήσεται
2448 3125 2555 3178 πᾶν
2571 3123 2630 3176 τὸ
2649 3124 2868 3196 σπέρμα
2900 3125 3007 3177 τῶν
3021 3123 3154 3178 υἱῶν
3168 3123 3400 3195 Ἰσραήλ.
3415 3143 3431 3174 ι
3453 3122 3562 3176 Καὶ
3581 3122 3686 3176 θέα

2099 3211 2199 3282 τὴν
2218 3211 2501 3284 ἀκρίϐειαν
2517 3212 2611 3266 τοῦ
2639 3213 2796 3282 λόγου
2814 3231 2828 3244 ·
2849 3215 2909 3267 οὐ
2926 3215 3035 3286 γὰρ
3061 3233 3079 3266 ι
3103 3213 3194 3266 τὸν
3229 3212 3442 3284 Ἰσραὴλ
3464 3233 3480 3263 ι
3501 3209 3683 3276 εἶπεν,

2099 3301 2222 3354 οὐδὲ
2272 3319 2291 3353 ι
2330 3300 2391 3354 τὸ
2429 3301 2649 3373 σπέρμα
2701 3302 2936 3374 Ἰσραὴλ,
2974 3321 2992 3355 ι
3050 3302 3184 3357 ἀλλὰ
3213 3301 3275 3355 τὺ
3317 3300 3537 3372 σπέρμα
3568 3301 3687 3354 τῶν

2101 3391 2231 3446 υίῶν
2273 3392 2508 3464 Ἰσραήλ.
2547 3393 2665 3446 Υἱοὶ
2696 3393 2751 3447 δὲ
2801 3394 3018 3466 Ἰσραὴλ
3061 3393 3350 3464 ἐτύγχανον
3387 3395 3436 3446 οί
3475 3391 3688 3464 πρῶτοι

2101 3485 2342 3556 κήρυκες
2365 3485 2459 3537 τοῦ
2484 3485 2750 3555 σωτηρίου
2776 3486 3128 3555 Εὐαγγελίου,
3161 3479 3235 3540 ὧν
3261 3485 3323 3540 τὺ
3339 3487 3558 3557 σπέρμα
3585 3487 3688 3539 καὶ

2102 3569 2200 3641 τὴν
2239 3568 2488 3643 διαδοχὴν
2533 3571 2984 3644 δικαιωθήσεσθαι
3018 3577 3112 3630 καὶ
3142 3576 3563 3647 δοξασθήσεσθαι
3606 3575 3687 3628 εἴ-

2107 3679 2291 3736 ρηται.

2595 3755 2989 3810 ΚΕΦΑΛΛΙΟΝ
3035 3755 3186 3823 Μετ’.

2180 3859 2200 3896 ι
2234 3843 2438 3898 Ἔπεσε
2487 3845 2616 3917 Βὴλ,
2683 3847 2968 3920 συνετρίϐη
3025 3847 3237 3917 Δαγών.
3301 3846 3550 3915 Ἐγένετο
3615 3848 3690 3902 τὰ

2105 3935 2320 4005 γλυπτὰ
2345 3937 2523 3992 αὐτῶν
2557 3941 2636 4004 είς
2660 3940 2823 4012 θηρία
2846 3941 2939 3994 καὶ
2958 3939 3026 3994 τὰ
3046 3941 3235 4012 κτήνη.
3266 3959 3286 3992 ι
3322 3939 3432 4009 Βὴλ
3463 3938 3691 3993 εἴδωλον

2104 4023 2195 4098 ἦν,
2223 4029 2362 4100 ὅπερ
2396 4030 2651 4102 Ἕλληνες
2681 4031 2821 4084 οὕτω
2853 4029 3108 4086 καλοῦσι·
3145 4030 3538 4103 ἑρμηνεύοντες
3583 4033 3691 4084 αὐ-

2104 4122 2197 4175 τὸν
2229 4118 2366 4176 εἶναι
2417 4122 2509 4175 τὸν
2548 4125 2679 4194 παρ’
2710 4125 2894 4187 αὐτοῖς
2928 4123 3258 4194 καλούμενον
3297 4122 3525 4194 Κρόνον,
3553 4125 3692 4194 περὶ

2105 4211 2165 4265 ὃν
2192 4212 2363 4274 οὕτως
2391 4207 2531 4283 ἦσαν
2555 4214 2604 4264 οί
2636 4212 2854 4266 παλαιοὶ
2883 4213 3227 4284 ἐπτοημένοι,
3273 4213 3348 4276 ὡς
3375 4214 3691 4281 κατασφάτ-

2107 4320 2220 4356 τειν
2249 4303 2445 4367 αὐτοὺς
2489 4303 2558 4356 τά
2607 4304 2814 4357 ἐαυτῶν
2849 4304 3099 4372 φίλτατα,
3139 4305 3234 4358 καὶ
3275 4304 3442 4368 ἄλλας
3485 4305 3692 4376 μυρίας

439 4420 558 4459 mas
589 4403 698 4475 ipsi
726 4405 978 4460 omnibus
1007 4408 1057 4460 in
1085 4407 1220 4464 locis
1253 4407 1532 4465 oll‘errent.
1564 4412 1745 4482 Dagon
1783 4414 1910 4469 item
1939 4414 1998 4469 si-

2107 4393 2551 4466 ἀνθρωποθυσίας
2581 4393 2730 4465 αύτῷ
2760 4395 2900 4448 κατὰ
2932 4395 3107 4454 πάντα
3139 4395 3302 4448 τόπον
3332 4396 3686 4467 προσφέρειν.

444 4495 748 4551 mulacrum
785 4507 902 4552 erat
939 4497 1394 4570 alienigenarum,
1429 4502 1868 4558 Ascalonitarum
1903 4505 2005 4560 sci-

440 4586 568 4641 licet
608 4595 664 4642 et
696 4587 1021 4644 Gazensium
1051 4607 1066 4646 :
1110 4606 1247 4660 quos
1283 4594 1371 4647 ubi
1408 4595 1688 4662 speciatim
1739 4611 2008 4650 memora-

437 4677 536 4742 vit,
565 4678 761 4734 deinde
791 4681 1090 4750 generatim
1135 4685 1201 4736 de
1232 4685 1484 4739 omnibus
1522 4686 1720 4755 ubique
1749 4687 1851 4740 diis
1893 4690 2007 4744 haec

441 4769 724 4841 subiungit
763 4789 777 4825 :
810 4790 829 4824 ι
867 4771 1029 4826 Facta
1058 4785 1186 4828 sunt
1217 4777 1482 4846 sculptilia
1513 4794 1698 4833 eorum
1730 4781 1782 4834 in
1811 4780 2008 4838 bestias

437 4870 495 4916 et
525 4861 579 4916 itt
603 4862 866 4932 jumenta.
916 4881 935 4915 ι
969 4864 1122 4932 Quod
1154 4866 1339 4922 videre
1377 4877 1464 4922 est
1495 4869 1548 4922 in
1600 4879 1707 4924 tota
1739 4869 2008 4942 Egypto,

437 4953 530 5008 ubi
561 4953 744 5008 omnia
797 4953 1032 5010 ferarum
1071 4971 1135 5012 ac
1162 4957 1524 5025 iumentorum
1565 4975 1761 5030 genera
1792 4971 1851 5016 ut
1883 4965 2010 5018 deos

441 5045 689 5100 venerari
720 5045 922 5101 solent.

512 5220 676 5276 νεεδ.
710 5220 765 5276 2.
803 5241 822 5274 ι
862 5221 1103 5281 Portatis
1139 5239 1203 5280 ea
1245 5227 1480 5297 alligata,
1513 5228 1668 5297 quasi
1701 5244 1838 5283 onus
1865 5229 2008 5284 labo-

440 5315 604 5379 ranti,
639 5313 932 5380 deﬁcienti,
956 5325 1011 5370 et
1046 5317 1286 5380 sitienti;
1332 5333 1429 5372 nec
1453 5319 1648 5372 valenti
1686 5319 1846 5373 simul
1881 5321 2007 5388 :qni

441 5415 550 5456 non
584 5415 840 5472 poterunt
874 5405 1072 5460 salvari
1101 5424 1129 5462 a
1166 5410 1324 5463 bello.
1377 5409 1480 5479 Ipsi
1530 5425 1659 5464 vero
1689 5412 1884 5480 captivi
1917 5415 1986 5466 ab

444 5493 588 5548 ducti
640 5506 789 5552 sunt.
825 5516 843 5549 ι
891 5497 1016 5553 Haec
1077 5501 1252 5568 reipsa
1309 5501 1507 5556 nostris
1554 5504 1885 5569 temporibus
1943 5505 2009 5555 ad

446 5581 677 5638 litteram
704 5597 1004 5642 evenerunt
1044 5607 1058 5642 :
1091 5605 1156 5644 ac
1205 5592 1500 5646 secundum
1557 5592 1886 5662 intelligendi
1925 5607 2008 5646 ra-

448 5676 647 5732 tionem
687 5693 875 5750 grave,
913 5681 1104 5737 durum
1135 5691 1190 5737 et
1245 5681 1568 5740 diabolicum
1615 5699 1788 5752 onus,
1839 5685 2008 5741 idolo-

2107 4482 2298 4553 Δαγὼν
2325 4485 2382 4538 δὲ
2409 4485 2500 4538 καὶ
2522 4485 2652 4537 αὐτὸ
2680 4483 2864 4548 ξόανον
2892 4479 2960 4556 ἦν
2986 4483 3095 4536 τῶν
3122 4483 3431 4552 ἀλλοφύλων
3455 4482 3564 4534 τῶν
3584 4484 3692 4552 τὴν

2120 4578 2432 4632 Ἀσκάλωνα
2483 4577 2577 4631 καὶ
2625 4577 2722 4649 τὴν
2748 4577 2925 4641 Γάζαν
2956 4576 3271 4631 οἰκούντων·
3309 4577 3402 4629 καὶ
3428 4573 3493 4647 δὴ
3533 4591 3691 4646 μερι-

2107 4669 2218 4733 κῶς
2233 4670 2434 4723 τούτων
2451 4669 2829 4740 μνημονεύσας
2857 4669 2885 4720 ό
2916 4667 3092 4735 λόγος,
3116 4667 3241 4739 ἐξῆς
3256 4665 3692 4737 καθολικώτερον

2110 4763 2237 4833 περὶ
2258 4764 2472 4817 πάντων
2494 4762 2602 4814 τῶν
2627 4761 2937 4832 ἁπανταχοῦ
2960 4762 3202 4814 θεοποιου
3211 4761 3383 4831 μένων
3401 4760 3563 4828 emes
3572 4776 3657 4830 ρει
3674 4777 3686 4788 ·

2115 4870 2133 4902 ι
2180 4853 2426 4922 Ἐγένετο
2454 4853 2522 4905 τὰ
2553 4853 2766 4922 γλυπτά
2792 4852 2968 4907 αὐτῶν
2991 4854 3069 4915 είς
3099 4852 3264 4923 θηρία
3309 4853 3400 4903 xal
3425 4852 3617 4920 κτήνη.
3666 4870 3686 4902 ι

2109 4945 2220 4998 Καὶ
2251 4945 2422 4997 ταῦτα
2462 4945 2518 4998 δέ
2555 4947 2670 4999 ἐστι
2703 4945 2824 4998 καθ’
2852 4944 2980 5016 ὅλης
3009 4942 3235 4997 συνιδεῖν
3265 4947 3364 5014 τῆς
3386 4944 3689 5012 Αἰγύπτου,

2111 5034 2238 5089 ἔνθα
2290 5036 2505 5088 πάντων
2551 5035 2756 5107 θηρίων
2803 5036 2894 5088 καὶ
2951 5035 3164 5105 κτηνῶν
3207 5034 3361 5101 γένος
3403 5033 3581 5087 σέϐειν
3613 5035 3691 5098 ὡς

2111 5126 2264 5189 θεοὺς
2297 5127 2540 5181 εἰώθασι.

2187 5257 2205 5288 ι
2242 5239 2437 5311 Δίρετε
2459 5239 2599 5292 αὐτὰ
2624 5239 3024 5310 καταδεδεμένα
3051 5240 3128 5303 ὡς
3154 5241 3373 5311 φορτίον
3401 5241 3688 5304 κοπιῶντι,

2114 5331 2480 5402 ἐκλελυμένῳ,
2521 5333 2615 5386 καὶ
2641 5331 2920 5394 πεινῶντι,
2958 5333 3058 5386 οὐκ
3101 5333 3339 5404 ἰσχύοντι
3364 5332 3502 5404 ἅμα,
3545 5334 3596 5387 οἳ
3625 5335 3688 5388 ού

2112 5417 2432 5488 δυνήσονται
2456 5418 2696 5490 σωθῆναι
2727 5420 2836 5474 ἀπὸ
2865 5420 3124 5492 πολέμου.
3154 5422 3317 5476 Αὐτοὶ
3332 5422 3389 5476 δὲ
3416 5422 3686 5496 αἰχμάλω-

2115 5527 2196 5562 τοι
2219 5509 2482 5582 ἧχθησαν.
2509 5531 2528 5563 t
2550 5512 2733 5566 Ταῦτα
2747 5513 2802 5567 δὲ
2816 5515 3001 5578 αὐτοῖς
3017 5515 3199 5587 ἔργοις
3212 5514 3332 5570 καθ’
3350 5517 3498 5587 ἡμᾶς
3513 5515 3687 5586 ἐπλη-

2119 5598 2275 5668 ροῦτο
2301 5602 2436 5673 πρὸς
2453 5601 2624 5670 λέξιν,
2656 5605 2914 5659 καὶκατὰ
2938 5605 3176 5662 διάνοιαν
3202 5607 3256 5660 δὲ
3283 5606 3422 5679 βαρὺ
3452 5607 3550 5662 καὶ
3573 5607 3671 5661 δυσ

2115 5689 2437 5759 ϐάστακτον,
2459 5694 2552 5748 καὶ
2569 5693 2872 5750 διαϐολικὸν
2889 5697 3108 5768 φορτίον
3125 5700 3242 5761 ταῖς
3265 5697 3371 5751 τῶν
3383 5696 3687 5768 ἀνθρώπω-
