3880 6216
212 256 314 314 ιὲί

1033 314 1036 318 .
1145 263 1652 320 COMMENTARIA
1684 264 1749 320 IN
1787 263 2044 320 lSAlAM.
2069 264 2307 322 —CAP.
2352 263 2562 322 XLVII.

3396 270 3504 328 423

211 378 417 450 ψυχαῖς
458 380 554 450 τῆς
599 380 988 455 είδωλολάτρου
1043 384 1249 457 πλάνης
1297 389 1551 456 ἐπέκειτο
1620 391 1810 449 πάλαι.

1918 404 2035 443 rum
2051 387 2257 443 scilicet
2273 388 2497 453 erroris,
2517 387 2796 444 hominum
2820 388 3343 461 animisimpositum
3363 407 3502 450 erat.

291 489 311 522 ι
367 471 622 525 Ἀκούετε
658 492 781 545 μου,
831 471 979 540 οἶκος
1023 478 1239 544 Ἰακὼϐ,
1287 483 1381 535 καὶ
1418 485 1524 536 πᾶν
1555 483 1616 537 τὸ
1648 485 1812 540 κατά-

210 564 405 618 λοιπον
433 565 531 618 τοῦ
592 567 833 640 Ἰσραὴλ,
887 571 936 624 οἱ
993 573 1278 645 αἰρόμενοι
1320 578 1385 630 ἐκ
1430 579 1662 646 κοιλίας,
1717 586 1812 638 καὶ

210 658 605 730 παιδευόμενοι
641 663 704 714 ἐκ
739 663 956 716 παιδίου
1007 665 1114 730 ἕως
1155 669 1364 740 γήρως.
1423 691 1441 723 ι
1499 674 1640 727 Ἀλλ’
1684 675 1810 730 οὗτε
1855 691 1862 712 ‘

227 750 426 804 ’ἰακὼό
439 753 642 817 αὐτοὺς
660 756 835 821 καλεῖ,
855 757 981 811 οὔτε
1020 762 1238 835 Ἰσραὴλ
1270 765 1548 837 ὀνομάζει,
1575 766 1723 824 οἷκον
1754 772 1811 826 δὲ

208 845 381 898 αὐτὸν
419 847 581 917 μόνον
608 848 704 901 τοῦ
742 850 936 904 Ἰακὼὸ
964 852 1053 907 διὰ
1080 857 1182 926 τῆς
1215 859 1357 912 κατὰ
1403 860 1581 931 σάρκα
1613 864 1812 916 οἰκειό-

206 953 398 1007 τητος,
436 941 531 991 καὶ
559 940 909 996 κατάλοιπον.
936 944 1134 1000 ὡσανεὶ
1167 950 1508 1023 περίττευμα
1525 955 1618 1008 καὶ
1633 957 1811 1028 τρύγα

206 1032 308 1085 τοῦ
375 1033 614 1105 Ἰσραήλ.

289 1142 310 1175 ι
371 1125 514 1194 Ἐγώ
546 1127 684 1198 είμι,
719 1129 815 1181 καὶ
845 1130 950 1194 ἕως
969 1130 1038 1184 ἂν
1071 1136 1497 1210 καταγηράσητε
1529 1141 1640 1209 ἐγώ
1667 1144 1806 1211 εἰμι,

209 1216 329 1286 ἐγὼ
359 1217 628 1290 ἀνέχομαι
663 1220 840 1293 ὑμῶν,
881 1223 993 1292 ἐγὼ
1029 1226 1286 1300 ἐποίησα,
1330 1231 1426 1284 κα)¹
1457 1233 1567 1302 ἐγὼ
1597 1235 1806 1308 ἀνήσω,

207 1311 328 1379 ἐγὼ
353 1312 724 1385 ἀναλήψομαι,
773 1317 868 1370 καὶ
906 1317 1066 1372 σώσω
1101 1320 1267 1392 ὑμᾶς.
1316 1325 1434 1379 Τίνι
1476 1345 1546 1399 με
1589 1329 1806 1402 ὡμοιώ-

209 1420 384 1469 σατε;
422 1405 615 1469 Ἴδετε,
666 1409 1028 1480 τεχνάσασθε,
1077 1417 1126 1468 οἱ
1169 1417 1536 1491 πλανώμενοι,
1573 1425 1622 1476 οἱ
1669 1443 1809 1497 συμ-

208 1495 538 1588 βαλλόμενοι
574 1503 797 1571 χρυσίον
849 1505 914 1557 ἐκ
950 1509 1281 1579 μαρσυπίου,
1331 1514 1424 1566 καὶ
1457 1515 1722 1588 ἀργύριον
1743 1495 1807 1573 ἐν

208 1587 385 1682 ζυγῶ-
422 1591 714 1662 στήσουσιν
749 1596 812 1648 ἐν
849 1599 1076 1670 σταθμῷ
1101 1602 1196 1655 καὶ
1229 1587 1636 1677 μισθωσάμενοι
1668 1628 1806 1682 χρυ-

209 1680 403 1750 σοχόον
457 1682 722 1753 ἐποίησαν
774 1689 1148 1760 χειροποίητα,
1183 1691 1280 1745 καὶ
1324 1693 1598 1764 κύψαντες
1635 1680 1806 1770 προσο

1991 477 2154 534 Vens.
2177 479 2232 534 '5.
2260 477 2458 533 Audite
2478 493 2584 543 me,
2620 479 2816 535 domus
2844 477 3033 545 Jacob,
3061 490 3118 536 et
3151 495 3344 538 omnes
3375 485 3505 539 reli-

1914 571 2054 640 quiae
2086 570 2383 640 lsrael,qui
2427 569 2716 640 portamini
2748 586 2814 626 ex
2846 581 3022 640 utero,
3051 583 3106 628 et
3145 573 3434 630 erudimiui
3473 591 3504 630 a

1912 661 2139 732 parvulo
2173 676 2344 731 usque
2399 661 2468 716 ad
2525 671 2916 718 senectutem.»
2957 662 3065 718 Sed
3111 679 3289 736 neque
3333 663 3507 722 Jacob

1915 756 2061 824 ipsos
2088 763 2265 816 vocat,
2305 767 2478 823 neque
2520 752 2690 810 Israel
2715 760 2991 822 nominat;
3024 756 3117 810 sed
3166 755 3506 814 solummodo

1913 846 2133 900 dontum
2159 845 2346 913 Jacob,
2378 845 2449 900 ob
2479 845 2662 902 carnis
2700 846 3104 918 cognationem,
3136 859 3191 904 et
3222 849 3500 920 reliquias,

1913 939 2120 996 scilicet
2154 954 2620 1010 supervacaneum
2650 941 3025 1012 quidpiam,et
3053 941 3236 998 faecem
3268 944 3499 1000 lsraelis.

1986 1123 2274 1187 VensJ-7.
2293 1143 2312 1176 ι
2335 1123 2445 1196 Ego
2469 1139 2613 1193 sum,
2646 1135 2702 1182 et
2733 1127 2905 1184 donec
2920 1127 3218 1184 senescatis
3233 1142 3332 1198 ego
3347 1143 3502 1186 sum:

1910 1231 2012 1288 ego
2040 1218 2320 1274 sustinebo
2366 1234 2486 1287 vos,
2531 1234 2631 1290 ego
2666 1217 2791 1286 feci,
2822 1229 2880 1275 et
2929 1235 3031 1290 ego
3067 1221 3358 1285 dimittam,
3402 1239 3507 1292 ego

1912 1311 2205 1382 suscipiam
2238 1321 2294 1366 et
2331 1312 2556 1368 salvabo
2588 1326 2705 1367 vos.
2741 1312 2840 1368 Cui
2876 1328 2963 1367 me
2991 1313 3382 1370 assimilastis?
3416 1316 3508 1371 Vi-

1912 1404 2058 1467 dete,
2091 1404 2401 1473 excogitate
2429 1403 2524 1473 qui
2564 1403 2784 1465 erratis,
2817 1412 2872 1459 et
2907 1403 2998 1474 qui
3025 1403 3286 1460 confertis
3312 1421 3504 1460 aurum

1910 1504 1976 1542 ex
2016 1492 2322 1561 marsupio,
2372 1502 2426 1546 et
2459 1501 2746 1562 argentum
2794 1494 2846 1546 in
2895 1502 3096 1547 statera
3131 1513 3144 1547 :
3176 1503 3419 1550 statuent
3451 1495 3506 1550 iu

1908 1583 2174 1652 pondere,
2198 1593 2252 1638 et
2281 1585 2651 1639 conducentes
2674 1584 2978 1650 aurificem,
3009 1583 3257 1641 fecerunt
3284 1587 3508 1642 simula-

1912 1689 2027 1740 cra,
2051 1683 2106 1729 et
2136 1674 2463 1730 inclinantes
2489 1691 2550 1731 se
2579 1675 2813 1731 adorant
2870 1676 2981 1730 illa.
3014 1675 3234 1732 Tollunt
3279 1680 3507 1735 humero

206 1772 470 1826 κυνοῦσιν
505 1775 713 1840 αὐτοῖς.
758 1779 1019 1850 Αἴρουσιν
1049 1783 1184 1837 αὐτὸ
1237 1785 1329 1839 ἐπὶ
1370 1787 1464 1840 τοῦ
1495 1789 1670 1861 ὤμου,
1709 1794 1804 1848 καὶ

1913 1775 1962 1821 et
1995 1766 2296 1821 ambulant.
2327 1766 2386 1823 Si
2433 1783 2562 1824 vero
2593 1777 2800 1837 ponant
2842 1768 2971 1823 illud
3003 1769 3054 1823 in
3088 1769 3206 1826 loco
3237 1786 3359 1836 suo,
3384 1788 3502 1826 ma-

208 1865 560 1936 πορεύονται.
620 1869 747 1922 Ἐὰν
775 1871 832 1925 δὲ
860 1871 1026 1928 θῶσιν
1055 1875 1190 1930 αὐτὸ
1217 1879 1310 1932 ἐπὶ
1352 1879 1447 1933 τοῦ
1489 1883 1658 1938 τόπου
1701 1887 1803 1939 αὐ-

204 1955 330 2020 τοῦ,
381 1959 562 2029 μένει,
610 1962 672 2014 οὐ
710 1963 786 2034 μὴ
817 1965 1012 2037 κινηθῇ
1035 1983 1050 1996 θ
1081 1968 1178 2022 καὶ
1205 1969 1264 2033 ὃς
1299 1970 1396 2024 ἐὰν
1441 1971 1617 2049 βοήσῃ
1665 1977 1806 2049 πρὸς

203 2049 416 2115 αὑτὸν,’
451 2052 512 2105 οὐ
554 2051 632 2124 μὴ
674 2055 970 2129 είσακούσῃ
997 2075 1010 2088 ·
1043 2059 1154 2112 ἀπὸ
1198 2063 1388 2116 κακῶν
1435 2047 1506 2117 οὐ·
1533 2065 1608 2139 μὴ
1653 2047 1806 2144 σώσῃ

204 2140 398 2195 αὐτόν.
441 2161 460 2193 ι
505 2142 698 2211 Ὑμεῖς
732 2145 790 2197 δὲ
818 2144 1109 2214 λογίσασθε
1155 2151 1236 2215 είς
1263 2153 1379 2206 οἵαν
1409 2140 1804 2211 ἐκπεπτώκατέ

205 2230 514 2301 θεομαχίαν
548 2234 644 2286 καὶ
697 2233 1058 2303 δυσσέϐειαν,
1110 2239 1483 2312 τολμήσαντες
1535 2246 1804 2318 ὁμοιῶσαι

209 2340 284 2394 με
322 2326 440 2388 τοῖς
466 2326 544 2397 μὴ
570 2322 690 2380 οὖσι
747 2327 926 2394 θεοῖς,
963 2332 1058 2385 καὶ
1091 2333 1264 2388 οὐδενὶ
1298 2336 1442 2409 λόγῳ
1486 2338 1674 2394 θέσθαι
1705 2343 1806 2413 τὴν

206 2416 354 2486 ἐμὴν
385 2415 618 2484 θεότητα
642 2436 655 2449 °
691 2421 934 2494 ἰσότιμον
956 2424 1015 2477 δέ
1049 2442 1116 2496 με
1139 2425 1358 2482 ἔσεσθαι
1379 2432 1446 2502 τῇ
1474 2431 1670 2504 ἀψύχῳ
1700 2433 1803 2507 ὕλῃ

203 2511 593 2568 ἀνεπλάσασθε
624 2529 637 2542 ·
675 2515 901 2586 χρυσίον
949 2519 1045 2571 καὶ
1089 2520 1354 2594 ἀργύριον
1413 2524 1478 2577 ἐκ
1526 2527 1804 2599 συμϐολῆς

205 2605 617 2674 συναγαγόντες
641 2647 656 2671 ,
689 2607 783 2660 καὶ
810 2607 900 2662 διὰ
949 2612 1149 2683 χειρῶν
1192 2615 1549 2688 ἀνθρωπίνων
1582 2620 1806 2674 ἀνειδω-

203 2698 604 2770 λοποιήσαντες
639 2717 653 2732 ⁸
700 2696 783 2765 οἷς
818 2704 911 2757 καὶ
941 2711 1270 2778 προσκυνεῖν
1311 2711 1412 2765 οὐκ
1454 2712 1801 2784 αἰσχύνεσθε,

208 2791 353 2860 μήτε
391 2790 648 2860 βαδίζειν,
688 2796 824 2866 μήτε
875 2798 1145 2853 κινεῖσθαι
1178 2801 1430 2866 δυνατοῖς
1457 2800 1630 2870 οὖσιν,
1687 2807 1803 2861 ἀλλ’

201 2882 297 2934 ἐπ’
325 2881 494 2953 ὤμων
527 2886 886 2957 φερομένοις,
930 2889 1026 2942 καὶ
1073 2890 1163 2960 ὑφ’
1209 2891 1412 2964 ἐτέρων
1440 2893 1803 2966 ὠθουμένοις,

202 2974 306 3028 καὶ
341 2975 469 3045 μήτ’
501 2977 754 3043 ἀκούειν,
802 2981 931 3052 μήτ’
977 2983 1178 3048 αὐτοὺς
1226 2985 1422 3050 σώζειν
1463 2987 1802 3061 δυναμένοις.

201 3064 436 3130 Τούτοις
467 3067 654 3138 ὅμοιον
683 3071 828 3141 κάμὲ
864 3067 1004 3127 εἶναι
1032 3073 1353 3142 ἐλογίσασθε
1378 3116 1394 3142 ,
1445 3076 1522 3141 ὡς
1567 3077 1666 3143 τὰς
1697 3080 1802 3151 qm-
1829 3116 1873 3177 α

200 3160 311 3231 χὰς
338 3165 751 3235 πεπηρωμένοι.

284 3272 305 3306 ι
346 3255 645 3329 Μνήσθητε
670 3259 866 3321 ταῦτα,
889 3261 982 3314 καὶ
995 3262 1309 3330 στενάξατε,
1327 3265 1734 3338 Μετανοήσατε,
1751 3270 1801 3322 oi

198 3347 622 3420 πεπλανημένοι
637 3368 650 3381 ·
675 3354 1043 3426 ἐπιστρέψατε
1063 3360 1128 3428 τῇ
1151 3358 1371 3432 καρδίᾳ,
1400 3360 1495 3413 καὶ
1525 3360 1802 3433 μνήσθητε

196 3439 275 3494 τὰ
295 3441 536 3514 πρότερα
548 3444 656 3498 ἀπὸ
684 3445 778 3499 τοῦ
794 3446 1011 3512 αἰῶνοςο
1034 3449 1117 3503 ὅτι
1145 3450 1258 3520 ἐγώ
1283 3452 1399 3522 εἰμι
1422 3453 1452 3506 ὁ
1483 3451 1620 3516 Θεὸς
1639 3492 1656 3516 ,
1704 3453 1802 3507 καὶ

194 3533 304 3585 οὐκ
335 3531 485 3586 ἐστιν
518 3533 601 3588 ἔτι
653 3535 794 3608 πλὴν
832 3538 970 3609 ἐμοῦ
993 3557 1006 3569 ·
1041 3541 1394 3609 ἀναγγέλλων
1428 3542 1695 3615 πρότερον
1731 3543 1802 3597 τά

197 3623 414 3695 ἔσχατα
434 3627 564 3698 πρὶν
581 3627 856 3696 γενέσθαι·
875 3631 1097 3703 καὶᾶμα
1109 3632 1487 3706 συνετελέσθη.
1512 3654 1532 3686 ι
1559 3634 1732 3691 Τοῦτο
1742 3636 1800 3691 δὲ

206 3734 474 3789 μέγιστον
484 3719 795 3791 ἀνθρώποις
808 3722 1110 3794 μαρτύριον
1118 3722 1208 3777 διὰ
1219 3724 1328 3778 τῶν
1342 3725 1580 3795 ἐμαυτοῦ
1596 3743 1802 3797 προφη-

201 3810 316 3866 τῶειο
358 3812 814 3885 παρεστησάμην,
850 3812 922 3867 τὰ
969 3814 1233 3886 μέλλοντα
1277 3815 1567 3882 θεσπίσας,
1603 3819 1697 3870 καὶ
1732 3818 1800 3872 τὰ

205 3906 448 3975 μακροῖς
471 3904 700 3976 ὕστερον
721 3907 935 3978 χρόνοις
956 3908 1299 3980 γενησόμενα
1321 3908 1514 3964 εἰπών’
1536 3908 1574 3964 ἃ
1606 3912 1702 3964 καὶ
1731 3911 1798 3966 δι’

200 3993 387 4066 ἔργων
412 3995 719 4062 ἐξετέλεσα.
745 4017 764 4048 ι
783 3999 893 4051 Καὶ
904 3994 1054 4051 εἶπαο
1074 3992 1275 4071 Πᾶσαὴ
1292 3999 1454 4072 βουλή
1490 4018 1592 4072 μου
1608 4002 1801 4071 στήσε-

198 4104 293 4141 ται
317 4126 335 4152 ,
365 4087 463 4141 καὶ
478 4089 657 4143 πάντα
677 4091 779 4145 ὅσα
810 4090 1170 4163 βεϐούλευμαι
1191 4093 1419 4164 ποιήσω.
1453 4113 1472 4145 ι
1501 4094 1612 4148 Καὶ
1641 4090 1800 4158 αὖθις

199 4172 508 4227 ἐπιτελέσω
558 4177 670 4239 τοῖς
703 4175 914 4230 ἐπιοῦσι
966 4177 1198 4248 χρόνοις.
1231 4178 1341 4231 Καὶ
1369 4179 1552 4233 πάντα
1579 4181 1680 4234 ὅσα
1708 4178 1799 4251 βε-

200 4265 506 4336 ϐούλευμαι
550 4269 644 4322 καὶ
681 4267 861 4341 ὥρισα
888 4311 904 4335 ,
960 4271 1248 4342 ἀραρότως
1277 4274 1608 4343 γενήσεται,
1661 4272 1798 4343 ἐμοῦ

200 4357 361 4421 τέλος
383 4359 747 4430 ἐπιθήσαντος
772 4365 886 4425 τοῖς
915 4362 1158 4433 ἐμαυτοῦ
1187 4363 1367 4433 λόγοις
1389 4380 1402 4392 '
1437 4365 1524 4418 ὅτε
1554 4365 1650 4418 καὶ
1677 4364 1799 4436 βού-

1909 1867 2020 1923 net,
2050 1874 2156 1914 non
2193 1859 2606 1915 movebiturzct
2631 1860 2677 1916 si
2713 1862 2837 1931 quis
2861 1859 3181 1918 clamaverit
3207 1863 3274 1918 ad
3305 1864 3504 1935 ipsum,

1906 1967 2014 2007 non
2051 1952 2350 2008 exaudiet:
2383 1969 2412 2008 a
2462 1953 2620 2010 malis
2682 1969 2789 2010 non
2834 1955 3088 2011 liberabit
3148 1971 3296 2014 eum.
3333 1976 3351 2010 ρ
3392 1957 3504 2015 Vos

1905 2059 2033 2099 vere
2062 2043 2297 2113 cogitate
2329 2045 2384 2100 in
2412 2055 2674 2116 quantam
2721 2045 2816 2102 Dei
2849 2046 3190 2102 inimicitiam
3228 2060 3282 2104 et
3310 2049 3504 2120 impie-

1910 2145 2073 2190 tatem
2105 2125 2443 2204 decidei‘itis,
2489 2137 2615 2193 dum
2658 2139 2746 2204 iis,
2779 2140 2869 2208 qui
2925 2154 3052 2196 vere
3079 2140 3153 2196 dii
3206 2158 3311 2198 nou
3351 2155 3498 2210 sunt,

1907 2243 1994 2283 me
2040 2228 2277 2284 similem
2319 2229 2521 2297 facere,
2565 2239 2622 2286 et
2660 2231 2919 2288 deitatem
2970 2248 3145 2289 meam
3173 2235 3326 2291 nihili
3362 2251 3500 2305 pen-

1904 2319 2034 2375 dere
2063 2321 2180 2376 ausi
2228 2321 2398 2390 estis;
2443 2337 2508 2378 ac
2538 2325 2833 2380 commenti
2868 2326 3003 2381 estis
3049 2341 3137 2382 me
3190 2328 3503 2384 inanimatae

1906 2414 2153 2469 materia;
2178 2429 2364 2485 parem
2397 2429 2522 2471 esse
2555 2431 2569 2467 :
2603 2430 2795 2472 aurum
2837 2427 2893 2472 et
2926 2428 3210 2489 argentum
3239 2435 3307 2474 ex
3339 2431 3502 2490 pacto

1905 2516 2322 2577 congregantes,
2376 2508 2770 2580 hominumque
2830 2511 3082 2567 manibus
3131 2512 3275 2568 idola
3333 2513 3502 2569 fabri-

1906 2609 2096 2656 cantes
2123 2619 2136 2654 :
2162 2616 2285 2672 qua:
2335 2603 2567 2657 adorare
2600 2618 2707 2658 non
2757 2603 3117 2673 erubescitis;
3151 2623 3274 2660 cum
3319 2617 3498 2664 tamen

1905 2707 2082 2764 neque
2135 2692 2438 2761 ambulare,
2500 2708 2677 2764 neque
2718 2708 2779 2750 se
2817 2694 2937 2752 loco
2977 2711 3198 2752 movere
3239 2697 3494 2767 valeant,

1905 2785 2002 2841 sed
2031 2785 2279 2841 humeris
2320 2794 2625 2857 gestentur,
2652 2795 2712 2842 et
2741 2788 2812 2842 ab
2863 2787 2986 2842 aliis
3035 2799 3303 2860 agantur;
3339 2792 3411 2846 ita
3441 2804 3499 2847 ut

1905 2893 2083 2949 neque
2112 2880 2357 2944 audiant,
2407 2895 2586 2950 neque
2615 2895 2742 2938 sese
2780 2881 2922 2936 tueri
2973 2883 3206 2952 possint.
3267 2883 3361 2940 His
3410 2901 3502 2941 me

1906 2985 2122 3043 quoque
2155 2972 2388 3029 similem
2427 2987 2550 3029 esse
2575 2973 2892 3046 chgitastis,
2923 2967 3110 3046 utpote
3153 2977 3354 3034 animis
3397 2978 3502 3036 ob—

1906 3065 2119 3122 caecati.

1976 3249 2144 3305 Vens.
2175 3248 2335 3304 8-10.
2369 3268 2390 3301 ι
2429 3248 2758 3316 Mementote
2785 3249 3036 3318 istorum,
3057 3261 3114 3306 et
3141 3251 3496 3323 iugemiscitc.

1904 3341 2292 3398 Paenitentiam
2340 3342 2485 3414 agite
2505 3341 2604 3412 qui
2635 3343 2850 3398 erratis.
2894 3343 3286 3400 Convertimini
3312 3346 3499 3414 corde,

1903 3445 1957 3489 et
1986 3443 2322 3491 mementote
2375 3435 2618 3505 priorum
2677 3449 2708 3488 a
2757 3435 3002 3491 saeculo:
3033 3437 3169 3506 quia
3220 3451 3322 3506 ego
3375 3453 3497 3493 sum

1902 3526 2065 3593 Deus,
2085 3536 2141 3583 et
2167 3541 2274 3582 non
2293 3537 2376 3582 est
2400 3527 2540 3582 alius
2572 3535 2773 3597 praeter
2801 3542 2928 3605 me;
2957 3529 3286 3584 annuntians
3313 3530 3497 3586 novis—

1903 3621 2040 3676 sima
2080 3628 2372 3690 antequam
2425 3620 2572 3685 sint;
2615 3630 2672 3675 et
2713 3619 2873 3676 simul
2919 3619 3282 3690 complentur.
3324 3639 3344 3674 ι
3381 3620 3498 3677 Hoc

1909 3712 2206 3766 maximum
2270 3712 2582 3768 hominibus
2637 3712 3006 3768 testimonium
3058 3726 3156 3783 per
3200 3713 3498 3784 prophetas

1904 3818 2056 3859 meos
2089 3804 2318 3872 praebui,
2378 3820 2502 3860 cum
2535 3804 2717 3860 futura
2753 3805 3078 3860 vaticinatus
3109 3820 3251 3870 sum,
3282 3815 3338 3862 et
3372 3822 3498 3877 quas

1904 3899 2177 3954 diuturnis
2215 3907 2405 3969 postea
2436 3899 2774 3968 temporibus
2799 3907 3029 3955 ventura
3059 3909 3220 3955 erunt
3243 3901 3497 3972 praedixi,

1904 3991 2530 4061 etoperibusexsecutus
2550 4007 2693 4046 sum.
2715 4011 2735 4046 ι
2763 3992 2826 4048 Et
2848 3993 2982 4058 dixi,
3006 3991 3179 4049 Omne
3203 3992 3491 4049 consilium

1905 4099 2084 4138 meum
2115 4084 2307 4150 stabit,
2337 4093 2393 4140 et
2425 4085 2610 4140 omnia
2658 4099 2999 4156 quaecunque
3065 4076 3362 4142 deliberavi
3406 4086 3494 4141 fa-

1903 4175 2064 4244 ciam;
2103 4195 2124 4229 ι
2151 4187 2316 4247 atque
2353 4177 2552 4232 iterum
2577 4192 2640 4232 ea
2669 4178 2954 4248 complebo
2975 4178 3028 4233 in
3061 4179 3256 4236 futuris
3289 4189 3496 4251 tempo-

1905 4268 2087 4334 ribus;
2136 4279 2193 4325 et
2230 4285 2568 4340 quaecunque
2622 4271 2919 4327 deliberavi
2970 4286 3035 4326 ac
3081 4271 3324 4339 decrevi,
3366 4286 3494 4326 cou-

1903 4372 2161 4434 gruenter
2191 4364 2463 4431 evenient,
2493 4379 2582 4419 me
2610 4363 2776 4418 dictis
2803 4363 2938 4418 meis
2967 4365 3126 4419 ﬁnem
3166 4373 3220 4418 et
3249 4362 3490 4432 comple-

201 4450 371 4520 λομαι
393 4490 412 4512 ,
463 4450 557 4505 διὰ
585 4451 683 4506 τοῦ
721 4453 908 4507 καλεῖν
952 4455 1080 4518 τοὺς
1126 4455 1368 4526 ἐμαυτοῦ
1395 4456 1675 4528 ὑπηρέτας
1723 4457 1792 4511 δι’

1913 4466 2144 4512 mentum
2171 4465 2476 4513 statuente:
2500 4457 2662 4526 idque
2681 4471 2792 4527 quo
2811 4467 3058 4526 tempore
3103 4456 3333 4519 lubebit,
3357 4471 3493 4512 evo-

199 4542 371 4614 ἀὲρος
397 4543 732 4614 φερομένους
762 4545 966 4616 ὀρνέων
993 4546 1089 4598 καὶ
1122 4546 1388 4600 πετεινῶν
1425 4546 1581 4619 δίκην
1603 4565 1616 4576 ·
1649 4547 1797 4617 λέγω

199 4632 268 4704 δὴ
301 4632 405 4694 τὰς
430 4632 730 4702 ἀγγελικάς
755 4634 1012 4706 δυνάμεις
1035 4636 1130 4690 καὶ
1160 4636 1228 4691 τά
1254 4636 1604 4708 λειτουργικά
1634 4639 1797 4692 πνεύ-

204 4741 354 4794 ματα
381 4722 452 4778 τὰ
481 4726 562 4789 εἰς
581 4724 862 4780 διακονίαν
889 4727 1354 4800 ἀποστελλόμενα.

280 4869 299 4902 ι
337 4850 539 4907 Καλῶν
589 4852 697 4906 ἀπὸ
748 4851 1023 4906 ἀνατολῶν
1060 4854 1341 4918 πετεινὸν,
1399 4858 1496 4910 καὶ
1544 4858 1654 4912 ἀπὸ
1694 4857 1799 4928 γῆς

201 4944 493 5015 πόρρωθεν
515 4960 528 4972 ·
566 4943 696 5016 περὶ
720 4936 796 4997 ὧν
830 4943 1194 5017 βεϐούλευμαι
1223 4945 1497 5017 ἐλάλησα*
1532 4948 1626 5000 καὶ
1659 4948 1798 5018 ἤγα-

201 5053 321 5105 γον,
360 5035 553 5088 ἕκτισα
587 5035 681 5088 καὶ
717 5037 968 5107 ἐποίησα.
1011 5037 1258 5106 Ἥγαγον
1289 5038 1453 5092 αὐτὸν
1474 5082 1488 5102 ,
1527 5039 1621 5092 καὶ
1661 5038 1802 5093 εὐώ-

199 5127 354 5183 δωσα
418 5128 519 5201 τὴν
555 5127 672 5182 ὁδὸν
717 5129 904 5182 αὑτοῦ.
951 5129 1245 5184 Ἀκούσατέ
1276 5148 1400 5202 μου,
1440 5134 1489 5185 οἱ
1520 5131 1797 5186 ἀπολωλε-

202 5221 364 5282 κότες
387 5218 488 5291 τὴν
518 5219 767 5291 καρδίαν,
810 5221 859 5272 οἱ
891 5220 1107 5292 μακράν
1137 5221 1247 5274 ἀπὸ
1280 5221 1380 5292 τῆς
1419 5221 1792 5294 δικαιοσύνης.

1905 4563 2036 4605 cans
2085 4550 2364 4606 ministros
2392 4563 2564 4612 meos,
2619 4549 2710 4619 qui
2762 4549 2944 4604 avium
2987 4547 3376 4618 volucrumque
3408 4548 3492 4601 in-

1903 4651 2020 4698 star
2048 4655 2145 4710 per
2176 4657 2360 4698 aerem
2415 4641 2699 4704 feruntur;
2758 4639 3031 4710 angelicas
3066 4639 3192 4694 dico
3237 4640 3487 4701 virtutes,

1901 4733 2470 4789 et-administratorios
2489 4732 2714 4803 spiritus
2740 4773 2756 4799 ,
2792 4731 2846 4787 in
2877 4731 3234 4787 ministerium
3268 4731 3487 4787 misso~.

1973 4844 2140 4901 Vsus.
2167 4846 2356 4902 "-13.
2393 4867 2413 4899 ι
2450 4847 2663 4903 Vocans
2697 4848 2764 4901 ab
2793 4847 3006 4902 oriente
3034 4844 3333 4912 volucrem,
3365 4855 3421 4901 et
3457 4861 3488 4900 a

1905 4947 2045 4994 terra
2079 4940 2394 5012 longinqua,
2417 4940 2484 4996 de
2508 4939 2707 5011 quibus
2745 4938 3038 4994 deliberavi
3079 4938 3294 4994 locutus
3318 4953 3436 4993 sum
3470 4955 3485 4992 :

1900 5043 1955 5087 et
1984 5035 2207 5100 adduxi,
2243 5034 2424 5089 crcavi
2454 5044 2510 5089 et
2538 5033 2663 5090 feci.
2701 5033 2837 5087 Duxi
2883 5046 3030 5096 eum,
3072 5041 3128 5086 et
3165 5045 3484 5100 prosperum

1903 5126 2002 5180 feci
2035 5127 2142 5180 iter
2172 5127 2309 5194 ejus.
2368 5127 2565 5183 Audite
2619 5141 2704 5180 me
2729 5125 2820 5195 qui
2879 5124 3120 5195 periistis
3167 5125 3354 5186 corde,
3391 5124 3482 5192 qui

1900 5217 2058 5288 longe
2093 5220 2227 5275 estis
2255 5234 2286 5273 a
2312 5219 2541 5290 justitia.
2584 5218 2816 5274 Admovi
2862 5217 3129 5287 justitiam
3183 5231 3383 5279 meam,
3426 5226 3482 5268 et

205 5310 454 5378 Ἥγγισα
479 5309 580 5381 τὴν
603 5309 952 5381 δικαιοσύνην
988 5328 1111 5380 μου,
1145 5313 1239 5364 καὶ
1262 5313 1363 5382 τὴν
1391 5314 1665 5384 σωτηρίαν
1691 5315 1792 5385 τὴν

1913 5312 2149 5378 salutem,
2180 5328 2300 5382 quae
2326 5327 2356 5367 a
2385 5328 2468 5366 me
2490 5323 2594 5377 est,
2624 5326 2728 5366 non
2755 5311 2970 5366 tardare
2997 5309 3220 5364 faciam.
3261 5307 3387 5363 Dedi
3420 5308 3474 5362 in

200 5405 332 5473 παρ’
360 5401 500 5473 ἐμοῦ
515 5403 578 5456 οὐ
605 5402 872 5473 βραδυ-θῶ.
903 5403 1123 5456 Δέδωκα
1155 5404 1216 5455 ὲν
1237 5402 1376 5456 Σιὼν
1405 5405 1680 5475 σωτηρίαν
1712 5405 1792 5477 τῷ

1913 5405 2025 5460 Sion
2061 5405 2289 5461 salutem
2320 5405 2507 5461 lsraeli
2546 5405 2599 5460 in
2626 5404 2875 5477 gloriam.
2925 5421 2943 5456 ›

210 5494 437 5566 Ἰσραὴλ
467 5496 547 5557 είς
565 5494 830 5566 δόξασμα.
880 5515 898 5546 ι

717 5607 1112 5661 ΚΕΦΔΛΑΙΟΝ
1145 5607 1276 5662 MZ'.

277 5735 296 5767 ι
339 5715 651 5787 Κατάϐηθι,
697 5716 920 5771 κάθισον
955 5718 1048 5772 ἐπί
1079 5719 1178 5790 τὴν
1208 5718 1334 5791 γῆν,
1387 5718 1652 5792 παρθένος
1694 5719 1788 5772 θυ-

2447 5608 2676 5666 CAPUT
2736 5605 2943 5663 XLV".

1968 5721 2132 5777 Vsus.
2165 5722 2216 5778 1.
2248 5738 2268 5775 ι
2299 5723 2596 5785 Descende.
2638 5724 2768 5781 sede
2815 5738 2979 5795 super
3040 5731 3269 5784 terram.
3325 5721 3482 5794 virgo
