  <div class='ocr_page' id='page_1' title='image "/cluster/home/n/w/nwhite01/storage/ocr_20150623/24/nnc1.0046978259/229.png"; bbox 0 0 3880 6216; ppageno 0'>
   <div class='ocr_carea' id='block_1_1' title="bbox 386 291 494 348">
    <p class='ocr_par' dir='ltr' id='par_1_1' title="bbox 386 291 494 348">
     <span class='ocr_line' id='line_1_1' title="bbox 386 291 494 348; baseline 0 0"><span class='ocrx_word' id='word_1_1' title='bbox 386 291 494 348; x_wconf 68' lang='grc'><strong>425</strong></span> 
     </span>
    </p>
   </div>
   <div class='ocr_carea' id='block_1_2' title="bbox 1065 284 2963 349">
    <p class='ocr_par' dir='ltr' id='par_1_2' title="bbox 1065 284 2963 349">
     <span class='ocr_line' id='line_1_2' title="bbox 1065 284 2963 349; baseline -0.002 -3"><span class='ocrx_word' id='word_1_2' title='bbox 1065 288 1338 347; x_wconf 84' lang='lat' dir='ltr'><strong>EUSEBII</strong></span> <span class='ocrx_word' id='word_1_3' title='bbox 1377 286 1854 349; x_wconf 63' lang='lat' dir='ltr'><strong>CESARIENSIS</strong></span> <span class='ocrx_word' id='word_1_4' title='bbox 1893 286 2043 343; x_wconf 85' lang='lat' dir='ltr'><strong>OPP.</strong></span> <span class='ocrx_word' id='word_1_5' title='bbox 2085 285 2268 343; x_wconf 76' lang='lat' dir='ltr'><strong>PARS</strong></span> <span class='ocrx_word' id='word_1_6' title='bbox 2307 286 2398 343; x_wconf 92' lang='lat' dir='ltr'><strong>III.</strong></span> <span class='ocrx_word' id='word_1_7' title='bbox 2438 317 2507 327; x_wconf 90' lang='lat'><strong>-—-</strong></span> <span class='ocrx_word' id='word_1_8' title='bbox 2546 284 2963 343; x_wconf 75' lang='lat' dir='ltr'><strong>EXEUETICA.</strong></span> 
     </span>
    </p>
   </div>
   <div class='ocr_carea' id='block_1_3' title="bbox 3550 281 3661 336">
    <p class='ocr_par' dir='ltr' id='par_1_3' title="bbox 3550 281 3661 336">
     <span class='ocr_line' id='line_1_3' title="bbox 3550 281 3661 336; baseline 0.018 -3"><span class='ocrx_word' id='word_1_9' title='bbox 3550 281 3661 336; x_wconf 65' lang='grc' dir='ltr'><strong>ιιι</strong></span> 
     </span>
    </p>
   </div>
   <div class='ocr_carea' id='block_1_4' title="bbox 383 403 1968 484">
    <p class='ocr_par' dir='ltr' id='par_1_4' title="bbox 383 409 1968 484">
     <span class='ocr_line' id='line_1_4' title="bbox 383 409 1968 484; baseline -0.001 -15"><span class='ocrx_word' id='word_1_10' title='bbox 383 413 491 469; x_wconf 86' lang='lat' dir='ltr'><strong>lilia</strong></span> <span class='ocrx_word' id='word_1_11' title='bbox 531 410 838 484; x_wconf 80' lang='lat' dir='ltr'><strong>Babylonis.</strong></span> <span class='ocrx_word' id='word_1_12' title='bbox 880 430 898 463; x_wconf 76' lang='grc' dir='ltr'><strong>ι</strong></span> <span class='ocrx_word' id='word_1_13' title='bbox 930 409 1031 466; x_wconf 78' lang='lat' dir='ltr'><strong>Hie</strong></span> <span class='ocrx_word' id='word_1_14' title='bbox 1061 428 1160 467; x_wconf 87' lang='lat' dir='ltr'><strong>ceu</strong></span> <span class='ocrx_word' id='word_1_15' title='bbox 1198 421 1486 481; x_wconf 81' lang='lat' dir='ltr'><strong>personam</strong></span> <span class='ocrx_word' id='word_1_16' title='bbox 1536 413 1828 482; x_wconf 83' lang='lat' dir='ltr'><strong>quamdam</strong></span> <span class='ocrx_word' id='word_1_17' title='bbox 1881 427 1968 467; x_wconf 85' lang='lat' dir='ltr'><strong>re-</strong></span> 
     </span>
    </p>
   </div>
   <div class='ocr_carea' id='block_1_5' title="bbox 2077 403 3662 484">
    <p class='ocr_par' dir='ltr' id='par_1_5' title="bbox 2077 403 3662 480">
     <span class='ocr_line' id='line_1_5' title="bbox 2077 403 3662 480; baseline -0.004 -16"><span class='ocrx_word' id='word_1_18' title='bbox 2077 409 2251 480; x_wconf 79' lang='grc' dir='ltr'>γάτηρ</span> <span class='ocrx_word' id='word_1_19' title='bbox 2277 407 2615 471; x_wconf 84' lang='grc' dir='ltr'>Βαϐυλῶνος.</span> <span class='ocrx_word' id='word_1_20' title='bbox 2660 427 2679 458; x_wconf 73' lang='grc' dir='ltr'><strong>ι</strong></span> <span class='ocrx_word' id='word_1_21' title='bbox 2720 404 3228 478; x_wconf 82' lang='grc' dir='ltr'>Προσωποποιεῖται</span> <span class='ocrx_word' id='word_1_22' title='bbox 3257 403 3314 457; x_wconf 85' lang='grc' dir='ltr'>δὲ</span> <span class='ocrx_word' id='word_1_23' title='bbox 3355 405 3415 457; x_wconf 79' lang='grc' dir='ltr'><strong>ἐν</strong></span> <span class='ocrx_word' id='word_1_24' title='bbox 3447 403 3662 468; x_wconf 79' lang='grc' dir='ltr'><strong>τούτοις</strong></span> 
     </span>
    </p>
   </div>
   <div class='ocr_carea' id='block_1_6' title="bbox 381 502 1973 576">
    <p class='ocr_par' dir='ltr' id='par_1_6' title="bbox 381 502 1973 576">
     <span class='ocr_line' id='line_1_6' title="bbox 381 502 1973 576; baseline -0.001 -16"><span class='ocrx_word' id='word_1_25' title='bbox 381 523 544 576; x_wconf 86' lang='lat' dir='ltr'><strong>gnum</strong></span> <span class='ocrx_word' id='word_1_26' title='bbox 571 521 761 561; x_wconf 85' lang='lat' dir='ltr'><strong>eorum</strong></span> <span class='ocrx_word' id='word_1_27' title='bbox 793 505 1105 570; x_wconf 79' lang='lat' dir='ltr'><strong>alloquitur,</strong></span> <span class='ocrx_word' id='word_1_28' title='bbox 1143 504 1288 574; x_wconf 89' lang='lat' dir='ltr'><strong>quod</strong></span> <span class='ocrx_word' id='word_1_29' title='bbox 1322 505 1488 558; x_wconf 86' lang='lat' dir='ltr'><strong>etiam</strong></span> <span class='ocrx_word' id='word_1_30' title='bbox 1541 503 1704 557; x_wconf 77' lang='lat' dir='ltr'><strong>tiliam</strong></span> <span class='ocrx_word' id='word_1_31' title='bbox 1745 502 1973 574; x_wconf 83' lang='lat' dir='ltr'><strong>Babylo—</strong></span> 
     </span>
    </p>
   </div>
   <div class='ocr_carea' id='block_1_7' title="bbox 382 597 1970 667">
    <p class='ocr_par' dir='ltr' id='par_1_7' title="bbox 382 597 1970 667">
     <span class='ocr_line' id='line_1_7' title="bbox 382 597 1970 667; baseline 0 -15"><span class='ocrx_word' id='word_1_32' title='bbox 382 599 468 654; x_wconf 81' lang='lat' dir='ltr'><strong>nis</strong></span> <span class='ocrx_word' id='word_1_33' title='bbox 492 607 651 653; x_wconf 85' lang='lat' dir='ltr'><strong>vocat</strong></span> <span class='ocrx_word' id='word_1_34' title='bbox 681 616 693 652; x_wconf 95' lang='lat'>:</span> <span class='ocrx_word' id='word_1_35' title='bbox 727 597 990 667; x_wconf 75' lang='lat' dir='ltr'><strong>virginem</strong></span> <span class='ocrx_word' id='word_1_36' title='bbox 1044 598 1174 651; x_wconf 93' lang='lat' dir='ltr'><strong>item</strong></span> <span class='ocrx_word' id='word_1_37' title='bbox 1219 607 1402 661; x_wconf 87' lang='lat' dir='ltr'><strong>vocat,</strong></span> <span class='ocrx_word' id='word_1_38' title='bbox 1443 597 1587 667; x_wconf 89' lang='lat' dir='ltr'><strong>quod</strong></span> <span class='ocrx_word' id='word_1_39' title='bbox 1635 597 1858 666; x_wconf 79' lang='lat' dir='ltr'><strong>virginis</strong></span> <span class='ocrx_word' id='word_1_40' title='bbox 1888 597 1970 651; x_wconf 89' lang='lat' dir='ltr'><strong>in-</strong></span> 
     </span>
    </p>
   </div>
   <div class='ocr_carea' id='block_1_8' title="bbox 381 681 2023 760">
    <p class='ocr_par' dir='ltr' id='par_1_8' title="bbox 381 681 2023 760">
     <span class='ocr_line' id='line_1_8' title="bbox 381 681 2023 760; baseline -0.001 -15"><span class='ocrx_word' id='word_1_41' title='bbox 381 700 516 756; x_wconf 85' lang='lat' dir='ltr'><strong>star,</strong></span> <span class='ocrx_word' id='word_1_42' title='bbox 554 691 888 745; x_wconf 73' lang='lat' dir='ltr'><strong>ornamentis</strong></span> <span class='ocrx_word' id='word_1_43' title='bbox 915 699 970 743; x_wconf 90' lang='lat' dir='ltr'><strong>et</strong></span> <span class='ocrx_word' id='word_1_44' title='bbox 996 690 1193 744; x_wconf 86' lang='lat' dir='ltr'><strong>decore</strong></span> <span class='ocrx_word' id='word_1_45' title='bbox 1225 687 1448 758; x_wconf 82' lang='lat' dir='ltr'><strong>fulgeat,</strong></span> <span class='ocrx_word' id='word_1_46' title='bbox 1492 689 1972 760; x_wconf 84' lang='lat' dir='ltr'><strong>velitquejuvenis</strong></span> <span class='ocrx_word' id='word_1_47' title='bbox 2013 681 2023 702; x_wconf 86' lang='grc'><strong>’</strong></span> 
     </span>
    </p>
   </div>
   <div class='ocr_carea' id='block_1_9' title="bbox 381 781 1969 852">
    <p class='ocr_par' dir='ltr' id='par_1_9' title="bbox 381 781 1969 852">
     <span class='ocr_line' id='line_1_9' title="bbox 381 781 1969 852; baseline 0.001 -16"><span class='ocrx_word' id='word_1_48' title='bbox 381 790 435 836; x_wconf 88' lang='lat' dir='ltr'><strong>et</strong></span> <span class='ocrx_word' id='word_1_49' title='bbox 473 782 650 852; x_wconf 89' lang='lat' dir='ltr'><strong>puella</strong></span> <span class='ocrx_word' id='word_1_50' title='bbox 696 782 865 836; x_wconf 87' lang='lat' dir='ltr'><strong>videri</strong></span> <span class='ocrx_word' id='word_1_51' title='bbox 922 797 986 834; x_wconf 86' lang='lat' dir='ltr'><strong>ac</strong></span> <span class='ocrx_word' id='word_1_52' title='bbox 1037 783 1363 836; x_wconf 83' lang='lat' dir='ltr'><strong>existimari.</strong></span> <span class='ocrx_word' id='word_1_53' title='bbox 1424 781 1562 837; x_wconf 87' lang='lat' dir='ltr'><strong>Hinc</strong></span> <span class='ocrx_word' id='word_1_54' title='bbox 1602 797 1744 847; x_wconf 90' lang='lat' dir='ltr'><strong>eam,</strong></span> <span class='ocrx_word' id='word_1_55' title='bbox 1783 799 1879 836; x_wconf 87' lang='lat' dir='ltr'><strong>ceu</strong></span> <span class='ocrx_word' id='word_1_56' title='bbox 1918 783 1969 837; x_wconf 89' lang='lat' dir='ltr'><strong>in</strong></span> 
     </span>
    </p>
   </div>
   <div class='ocr_carea' id='block_1_10' title="bbox 381 871 1972 942">
    <p class='ocr_par' dir='ltr' id='par_1_10' title="bbox 381 871 1972 942">
     <span class='ocr_line' id='line_1_10' title="bbox 381 871 1972 942; baseline 0.001 -15"><span class='ocrx_word' id='word_1_57' title='bbox 381 873 598 928; x_wconf 86' lang='lat' dir='ltr'><strong>sublimi</strong></span> <span class='ocrx_word' id='word_1_58' title='bbox 641 873 758 927; x_wconf 88' lang='lat' dir='ltr'><strong>loco</strong></span> <span class='ocrx_word' id='word_1_59' title='bbox 786 872 1087 939; x_wconf 85' lang='lat' dir='ltr'><strong>sedentem,</strong></span> <span class='ocrx_word' id='word_1_60' title='bbox 1131 887 1356 942; x_wconf 84' lang='lat' dir='ltr'><strong>surgere</strong></span> <span class='ocrx_word' id='word_1_61' title='bbox 1396 871 1552 940; x_wconf 79' lang='lat' dir='ltr'><strong>jubet</strong></span> <span class='ocrx_word' id='word_1_62' title='bbox 1599 887 1662 926; x_wconf 85' lang='lat' dir='ltr'><strong>ac</strong></span> <span class='ocrx_word' id='word_1_63' title='bbox 1683 872 1749 927; x_wconf 88' lang='lat' dir='ltr'><strong>de</strong></span> <span class='ocrx_word' id='word_1_64' title='bbox 1776 873 1972 928; x_wconf 85' lang='lat' dir='ltr'><strong>throno</strong></span> 
     </span>
    </p>
   </div>
   <div class='ocr_carea' id='block_1_11' title="bbox 381 950 1974 1034">
    <p class='ocr_par' dir='ltr' id='par_1_11' title="bbox 381 950 1974 1034">
     <span class='ocr_line' id='line_1_11' title="bbox 381 950 1974 1034; baseline -0.001 -15"><span class='ocrx_word' id='word_1_65' title='bbox 381 980 480 1020; x_wconf 88' lang='lat' dir='ltr'><strong>suo</strong></span> <span class='ocrx_word' id='word_1_66' title='bbox 511 950 859 1028; x_wconf 79' lang='lat' dir='ltr'><strong>descendere,</strong></span> <span class='ocrx_word' id='word_1_67' title='bbox 895 975 1059 1031; x_wconf 90' lang='lat' dir='ltr'><strong>atque</strong></span> <span class='ocrx_word' id='word_1_68' title='bbox 1117 965 1264 1017; x_wconf 90' lang='lat' dir='ltr'><strong>humi</strong></span> <span class='ocrx_word' id='word_1_69' title='bbox 1314 965 1526 1026; x_wconf 84' lang='lat' dir='ltr'><strong>sedere,</strong></span> <span class='ocrx_word' id='word_1_70' title='bbox 1588 979 1650 1019; x_wconf 89' lang='lat' dir='ltr'><strong>ac</strong></span> <span class='ocrx_word' id='word_1_71' title='bbox 1684 964 1974 1034; x_wconf 87' lang='lat' dir='ltr'><strong>turpitudi-</strong></span> 
     </span>
    </p>
   </div>
   <div class='ocr_carea' id='block_1_12' title="bbox 381 1055 1973 1126">
    <p class='ocr_par' dir='ltr' id='par_1_12' title="bbox 381 1055 1973 1126">
     <span class='ocr_line' id='line_1_12' title="bbox 381 1055 1973 1126; baseline 0.001 -16"><span class='ocrx_word' id='word_1_72' title='bbox 381 1072 504 1111; x_wconf 89' lang='lat' dir='ltr'><strong>nem</strong></span> <span class='ocrx_word' id='word_1_73' title='bbox 546 1056 786 1110; x_wconf 85' lang='lat' dir='ltr'><strong>revelare</strong></span> <span class='ocrx_word' id='word_1_74' title='bbox 831 1070 1007 1125; x_wconf 84' lang='lat' dir='ltr'><strong>suam,</strong></span> <span class='ocrx_word' id='word_1_75' title='bbox 1045 1071 1208 1126; x_wconf 90' lang='lat' dir='ltr'><strong>quam</strong></span> <span class='ocrx_word' id='word_1_76' title='bbox 1252 1071 1317 1110; x_wconf 81' lang='lat' dir='ltr'><strong>ex</strong></span> <span class='ocrx_word' id='word_1_77' title='bbox 1359 1055 1450 1110; x_wconf 89' lang='lat' dir='ltr'><strong>illa</strong></span> <span class='ocrx_word' id='word_1_78' title='bbox 1494 1056 1548 1111; x_wconf 91' lang='lat' dir='ltr'><strong>in</strong></span> <span class='ocrx_word' id='word_1_79' title='bbox 1581 1057 1820 1112; x_wconf 89' lang='lat' dir='ltr'><strong>deterius</strong></span> <span class='ocrx_word' id='word_1_80' title='bbox 1854 1072 1973 1111; x_wconf 86' lang='lat' dir='ltr'><strong>mu-</strong></span> 
     </span>
    </p>
   </div>
   <div class='ocr_carea' id='block_1_13' title="bbox 381 1149 871 1218">
    <p class='ocr_par' dir='ltr' id='par_1_13' title="bbox 381 1149 871 1218">
     <span class='ocr_line' id='line_1_13' title="bbox 381 1149 871 1218; baseline 0 -17"><span class='ocrx_word' id='word_1_81' title='bbox 381 1149 585 1204; x_wconf 83' lang='lat' dir='ltr'><strong>tatione</strong></span> <span class='ocrx_word' id='word_1_82' title='bbox 616 1151 871 1218; x_wconf 90' lang='lat' dir='ltr'><strong>patietur.</strong></span> 
     </span>
    </p>
   </div>
   <div class='ocr_carea' id='block_1_14' title="bbox 463 1324 1968 1397">
    <p class='ocr_par' dir='ltr' id='par_1_14' title="bbox 463 1324 1968 1397">
     <span class='ocr_line' id='line_1_14' title="bbox 463 1324 1968 1397; baseline -0.003 -11"><span class='ocrx_word' id='word_1_83' title='bbox 463 1324 618 1387; x_wconf 70' lang='lat' dir='ltr'><strong>VERS.</strong></span> <span class='ocrx_word' id='word_1_84' title='bbox 651 1332 707 1395; x_wconf 73' lang='lat'><strong>2,</strong></span> <span class='ocrx_word' id='word_1_85' title='bbox 740 1333 796 1387; x_wconf 81' lang='lat'><strong>5.</strong></span> <span class='ocrx_word' id='word_1_86' title='bbox 837 1350 855 1383; x_wconf 75' lang='grc' dir='ltr'><strong>ι</strong></span> <span class='ocrx_word' id='word_1_87' title='bbox 893 1330 1033 1386; x_wconf 88' lang='lat' dir='ltr'><strong>Sede</strong></span> <span class='ocrx_word' id='word_1_88' title='bbox 1065 1333 1119 1385; x_wconf 92' lang='lat' dir='ltr'><strong>in</strong></span> <span class='ocrx_word' id='word_1_89' title='bbox 1171 1341 1338 1397; x_wconf 88' lang='lat' dir='ltr'><strong>terra,</strong></span> <span class='ocrx_word' id='word_1_90' title='bbox 1393 1331 1501 1386; x_wconf 85' lang='lat' dir='ltr'><strong>ﬁlia</strong></span> <span class='ocrx_word' id='word_1_91' title='bbox 1535 1329 1911 1387; x_wconf 68' lang='lat' dir='ltr'><strong>Chaldaeorum</strong></span> <span class='ocrx_word' id='word_1_92' title='bbox 1953 1346 1968 1383; x_wconf 90' lang='lat'><strong>:</strong></span> 
     </span>
    </p>
   </div>
   <div class='ocr_carea' id='block_1_15' title="bbox 380 1421 1970 1496">
    <p class='ocr_par' dir='ltr' id='par_1_15' title="bbox 380 1421 1970 1496">
     <span class='ocr_line' id='line_1_15' title="bbox 380 1421 1970 1496; baseline -0.004 -15"><span class='ocrx_word' id='word_1_93' title='bbox 380 1428 568 1496; x_wconf 84' lang='lat' dir='ltr'><strong>accipe</strong></span> <span class='ocrx_word' id='word_1_94' title='bbox 602 1424 822 1490; x_wconf 86' lang='lat' dir='ltr'><strong>molam,</strong></span> <span class='ocrx_word' id='word_1_95' title='bbox 855 1433 909 1477; x_wconf 91' lang='lat' dir='ltr'><strong>et</strong></span> <span class='ocrx_word' id='word_1_96' title='bbox 943 1423 1083 1479; x_wconf 91' lang='lat' dir='ltr'><strong>mole</strong></span> <span class='ocrx_word' id='word_1_97' title='bbox 1129 1425 1387 1480; x_wconf 81' lang='lat' dir='ltr'><strong>farinam.</strong></span> <span class='ocrx_word' id='word_1_98' title='bbox 1426 1422 1628 1478; x_wconf 77' lang='lat' dir='ltr'><strong>Revela</strong></span> <span class='ocrx_word' id='word_1_99' title='bbox 1662 1421 1970 1491; x_wconf 82' lang='lat' dir='ltr'><strong>operimen-</strong></span> 
     </span>
    </p>
   </div>
   <div class='ocr_carea' id='block_1_16' title="bbox 381 1510 1973 1587">
    <p class='ocr_par' dir='ltr' id='par_1_16' title="bbox 381 1510 1973 1587">
     <span class='ocr_line' id='line_1_16' title="bbox 381 1510 1973 1587; baseline -0.004 -15"><span class='ocrx_word' id='word_1_100' title='bbox 381 1530 495 1572; x_wconf 90' lang='lat' dir='ltr'><strong>tum</strong></span> <span class='ocrx_word' id='word_1_101' title='bbox 533 1530 704 1583; x_wconf 89' lang='lat' dir='ltr'><strong>tuum,</strong></span> <span class='ocrx_word' id='word_1_102' title='bbox 737 1517 927 1587; x_wconf 80' lang='lat' dir='ltr'><strong>detege</strong></span> <span class='ocrx_word' id='word_1_103' title='bbox 958 1531 1145 1580; x_wconf 86' lang='lat' dir='ltr'><strong>canos,</strong></span> <span class='ocrx_word' id='word_1_104' title='bbox 1181 1517 1389 1571; x_wconf 82' lang='lat' dir='ltr'><strong>denuda</strong></span> <span class='ocrx_word' id='word_1_105' title='bbox 1430 1515 1613 1579; x_wconf 86' lang='lat' dir='ltr'><strong>tibias,</strong></span> <span class='ocrx_word' id='word_1_106' title='bbox 1672 1514 1840 1568; x_wconf 89' lang='lat' dir='ltr'><strong>transi</strong></span> <span class='ocrx_word' id='word_1_107' title='bbox 1874 1510 1973 1565; x_wconf 78' lang='lat' dir='ltr'><strong>[Iu-</strong></span> 
     </span>
    </p>
   </div>
   <div class='ocr_carea' id='block_1_17' title="bbox 379 1602 1973 1678">
    <p class='ocr_par' dir='ltr' id='par_1_17' title="bbox 379 1602 1973 1678">
     <span class='ocr_line' id='line_1_17' title="bbox 379 1602 1973 1678; baseline -0.005 -14"><span class='ocrx_word' id='word_1_108' title='bbox 379 1613 517 1666; x_wconf 85' lang='lat' dir='ltr'><strong>vios.</strong></span> <span class='ocrx_word' id='word_1_109' title='bbox 555 1630 573 1663; x_wconf 73' lang='grc' dir='ltr'><strong>ι</strong></span> <span class='ocrx_word' id='word_1_110' title='bbox 611 1610 881 1678; x_wconf 81' lang='lat' dir='ltr'><strong>Deposita,</strong></span> <span class='ocrx_word' id='word_1_111' title='bbox 911 1609 1103 1678; x_wconf 89' lang='lat' dir='ltr'><strong>inquit,</strong></span> <span class='ocrx_word' id='word_1_112' title='bbox 1143 1608 1284 1678; x_wconf 88' lang='lat' dir='ltr'><strong>regia</strong></span> <span class='ocrx_word' id='word_1_113' title='bbox 1315 1607 1399 1660; x_wconf 91' lang='lat' dir='ltr'><strong>illa</strong></span> <span class='ocrx_word' id='word_1_114' title='bbox 1438 1605 1738 1674; x_wconf 82' lang='lat' dir='ltr'><strong>voluptate,</strong></span> <span class='ocrx_word' id='word_1_115' title='bbox 1762 1602 1973 1657; x_wconf 64' lang='lat' dir='ltr'><strong>ancillae</strong></span> 
     </span>
    </p>
   </div>
   <div class='ocr_carea' id='block_1_18' title="bbox 380 1694 1970 1762">
    <p class='ocr_par' dir='ltr' id='par_1_18' title="bbox 380 1694 1970 1762">
     <span class='ocr_line' id='line_1_18' title="bbox 380 1694 1970 1762; baseline -0.008 -3"><span class='ocrx_word' id='word_1_116' title='bbox 380 1705 556 1759; x_wconf 88' lang='lat' dir='ltr'><strong>instar</strong></span> <span class='ocrx_word' id='word_1_117' title='bbox 577 1717 895 1758; x_wconf 63' lang='lat' dir='ltr'><strong>mrumnosm</strong></span> <span class='ocrx_word' id='word_1_118' title='bbox 917 1717 982 1756; x_wconf 92' lang='lat' dir='ltr'><strong>ac</strong></span> <span class='ocrx_word' id='word_1_119' title='bbox 1005 1699 1160 1754; x_wconf 68' lang='lat' dir='ltr'><strong>molae</strong></span> <span class='ocrx_word' id='word_1_120' title='bbox 1182 1698 1494 1762; x_wconf 87' lang='lat' dir='ltr'><strong>servientis,</strong></span> <span class='ocrx_word' id='word_1_121' title='bbox 1522 1697 1588 1751; x_wconf 88' lang='lat' dir='ltr'><strong>ad</strong></span> <span class='ocrx_word' id='word_1_122' title='bbox 1624 1694 1970 1750; x_wconf 88' lang='lat' dir='ltr'><strong>serviendum</strong></span> 
     </span>
    </p>
   </div>
   <div class='ocr_carea' id='block_1_19' title="bbox 2076 495 3667 572">
    <p class='ocr_par' dir='ltr' id='par_1_19' title="bbox 2076 495 3667 572">
     <span class='ocr_line' id='line_1_19' title="bbox 2076 495 3667 572; baseline 0.001 -18"><span class='ocrx_word' id='word_1_123' title='bbox 2076 501 2173 572; x_wconf 83' lang='grc' dir='ltr'>τὴν</span> <span class='ocrx_word' id='word_1_124' title='bbox 2219 500 2496 570; x_wconf 83' lang='grc' dir='ltr'>βασιλείαν</span> <span class='ocrx_word' id='word_1_125' title='bbox 2549 501 2751 564; x_wconf 83' lang='grc' dir='ltr'>αὐτῶν,</span> <span class='ocrx_word' id='word_1_126' title='bbox 2795 495 3072 568; x_wconf 71' lang='grc' dir='ltr'>θυγατέρα</span> <span class='ocrx_word' id='word_1_127' title='bbox 3110 497 3427 564; x_wconf 88' lang='grc' dir='ltr'>Βαϐυλῶνος</span> <span class='ocrx_word' id='word_1_128' title='bbox 3461 499 3667 572; x_wconf 84' lang='grc' dir='ltr'>ὀνομά-</span> 
     </span>
    </p>
   </div>
   <div class='ocr_carea' id='block_1_20' title="bbox 2073 590 3661 663">
    <p class='ocr_par' dir='ltr' id='par_1_20' title="bbox 2073 590 3661 663">
     <span class='ocr_line' id='line_1_20' title="bbox 2073 590 3661 663; baseline 0.001 -18"><span class='ocrx_word' id='word_1_129' title='bbox 2073 592 2181 656; x_wconf 81' lang='grc' dir='ltr'><strong>ζων</strong></span> <span class='ocrx_word' id='word_1_130' title='bbox 2212 594 2383 663; x_wconf 80' lang='grc' dir='ltr'>αὑτήν</span> <span class='ocrx_word' id='word_1_131' title='bbox 2411 609 2422 620; x_wconf 82' lang='lat'><strong><em>°</em></strong></span> <span class='ocrx_word' id='word_1_132' title='bbox 2460 591 2618 646; x_wconf 87' lang='grc' dir='ltr'>καλεῖ</span> <span class='ocrx_word' id='word_1_133' title='bbox 2665 593 2724 645; x_wconf 81' lang='grc' dir='ltr'>δὲ</span> <span class='ocrx_word' id='word_1_134' title='bbox 2765 591 2934 663; x_wconf 77' lang='grc' dir='ltr'>αὐτὴν</span> <span class='ocrx_word' id='word_1_135' title='bbox 2971 591 3066 645; x_wconf 75' lang='grc' dir='ltr'>καὶ</span> <span class='ocrx_word' id='word_1_136' title='bbox 3108 590 3412 662; x_wconf 83' lang='grc' dir='ltr'>παρθένον,</span> <span class='ocrx_word' id='word_1_137' title='bbox 3466 593 3556 646; x_wconf 80' lang='grc' dir='ltr'><strong>διὰ</strong></span> <span class='ocrx_word' id='word_1_138' title='bbox 3601 593 3661 647; x_wconf 72' lang='grc' dir='ltr'>τὲ</span> 
     </span>
    </p>
   </div>
   <div class='ocr_carea' id='block_1_21' title="bbox 2071 683 3660 758">
    <p class='ocr_par' dir='ltr' id='par_1_21' title="bbox 2071 683 3660 758">
     <span class='ocr_line' id='line_1_21' title="bbox 2071 683 3660 758; baseline 0.001 -19"><span class='ocrx_word' id='word_1_139' title='bbox 2071 685 2405 758; x_wconf 76' lang='grc' dir='ltr'>ὡραϊζεσθαι</span> <span class='ocrx_word' id='word_1_140' title='bbox 2433 686 2528 739; x_wconf 71' lang='grc' dir='ltr'>καὶ</span> <span class='ocrx_word' id='word_1_141' title='bbox 2564 683 3005 748; x_wconf 74' lang='grc' dir='ltr'><strong>καλλωπίζεσθαι</strong></span> <span class='ocrx_word' id='word_1_142' title='bbox 3033 683 3308 755; x_wconf 90' lang='grc' dir='ltr'>παρθένου</span> <span class='ocrx_word' id='word_1_143' title='bbox 3332 684 3506 755; x_wconf 88' lang='grc' dir='ltr'>δίκην,</span> <span class='ocrx_word' id='word_1_144' title='bbox 3546 685 3660 756; x_wconf 85' lang='grc' dir='ltr'>βού-</span> 
     </span>
    </p>
   </div>
   <div class='ocr_carea' id='block_1_22' title="bbox 2071 772 3660 848">
    <p class='ocr_par' dir='ltr' id='par_1_22' title="bbox 2071 772 3660 848">
     <span class='ocr_line' id='line_1_22' title="bbox 2071 772 3660 848; baseline 0.001 -18"><span class='ocrx_word' id='word_1_145' title='bbox 2071 777 2256 831; x_wconf 90' lang='grc' dir='ltr'>λεσθαί</span> <span class='ocrx_word' id='word_1_146' title='bbox 2281 795 2339 831; x_wconf 90' lang='grc' dir='ltr'><strong>τε</strong></span> <span class='ocrx_word' id='word_1_147' title='bbox 2362 777 2815 847; x_wconf 85' lang='grc' dir='ltr'>φαίνεσθαινέαν,</span> <span class='ocrx_word' id='word_1_148' title='bbox 2842 777 2938 830; x_wconf 71' lang='grc' dir='ltr'>καὶ</span> <span class='ocrx_word' id='word_1_149' title='bbox 2965 776 3132 848; x_wconf 85' lang='grc' dir='ltr'><strong>κόρην</strong></span> <span class='ocrx_word' id='word_1_150' title='bbox 3159 772 3297 830; x_wconf 82' lang='grc' dir='ltr'>εἶναι</span> <span class='ocrx_word' id='word_1_151' title='bbox 3321 777 3660 848; x_wconf 75' lang='grc' dir='ltr'>νομίζεσθαι.</span> 
     </span>
    </p>
   </div>
   <div class='ocr_carea' id='block_1_23' title="bbox 2071 867 3667 942">
    <p class='ocr_par' dir='ltr' id='par_1_23' title="bbox 2071 867 3667 942">
     <span class='ocr_line' id='line_1_23' title="bbox 2071 867 3667 942; baseline -0.001 -18"><span class='ocrx_word' id='word_1_152' title='bbox 2071 867 2185 924; x_wconf 78' lang='lat' dir='ltr'><strong>EIO&#39;</strong></span> <span class='ocrx_word' id='word_1_153' title='bbox 2217 871 2293 936; x_wconf 86' lang='grc' dir='ltr'>ὼς</span> <span class='ocrx_word' id='word_1_154' title='bbox 2326 872 2384 922; x_wconf 87' lang='grc' dir='ltr'><strong>ἐν</strong></span> <span class='ocrx_word' id='word_1_155' title='bbox 2418 869 2542 942; x_wconf 72' lang='grc' dir='ltr'>ὕψει</span> <span class='ocrx_word' id='word_1_156' title='bbox 2569 869 2912 941; x_wconf 77' lang='grc' dir='ltr'><strong>καθημένην,</strong></span> <span class='ocrx_word' id='word_1_157' title='bbox 2946 869 3297 940; x_wconf 84' lang='grc' dir='ltr'>διαναστῆναι</span> <span class='ocrx_word' id='word_1_158' title='bbox 3323 871 3459 940; x_wconf 79' lang='grc' dir='ltr'>αὐτῇ</span> <span class='ocrx_word' id='word_1_159' title='bbox 3498 887 3667 942; x_wconf 83' lang='grc' dir='ltr'>προσ-</span> 
     </span>
    </p>
   </div>
   <div class='ocr_carea' id='block_1_24' title="bbox 2069 960 3667 1034">
    <p class='ocr_par' dir='ltr' id='par_1_24' title="bbox 2069 960 3667 1034">
     <span class='ocr_line' id='line_1_24' title="bbox 2069 960 3667 1034; baseline 0.001 -19"><span class='ocrx_word' id='word_1_160' title='bbox 2069 963 2256 1016; x_wconf 88' lang='grc' dir='ltr'>τάττει</span> <span class='ocrx_word' id='word_1_161' title='bbox 2282 963 2380 1016; x_wconf 71' lang='grc' dir='ltr'>καὶ</span> <span class='ocrx_word' id='word_1_162' title='bbox 2423 961 2732 1032; x_wconf 80' lang='grc' dir='ltr'>καταϐῆναι</span> <span class='ocrx_word' id='word_1_163' title='bbox 2781 961 2891 1015; x_wconf 81' lang='grc' dir='ltr'>ἀπὸ</span> <span class='ocrx_word' id='word_1_164' title='bbox 2930 960 3026 1014; x_wconf 82' lang='grc' dir='ltr'><strong>τοῦ</strong></span> <span class='ocrx_word' id='word_1_165' title='bbox 3075 963 3276 1034; x_wconf 77' lang='grc' dir='ltr'>ἑαυτῆς</span> <span class='ocrx_word' id='word_1_166' title='bbox 3303 962 3513 1033; x_wconf 84' lang='grc' dir='ltr'>θρόνου,</span> <span class='ocrx_word' id='word_1_167' title='bbox 3565 964 3667 1016; x_wconf 81' lang='grc' dir='ltr'>κα).</span> 
     </span>
    </p>
   </div>
   <div class='ocr_carea' id='block_1_25' title="bbox 2071 1053 3667 1128">
    <p class='ocr_par' dir='ltr' id='par_1_25' title="bbox 2071 1053 3667 1128">
     <span class='ocr_line' id='line_1_25' title="bbox 2071 1053 3667 1128; baseline 0.003 -21"><span class='ocrx_word' id='word_1_168' title='bbox 2071 1053 2403 1124; x_wconf 81' lang='grc' dir='ltr'>καθεσθῆναι</span> <span class='ocrx_word' id='word_1_169' title='bbox 2437 1054 2530 1107; x_wconf 80' lang='grc' dir='ltr'>ἐπὶ</span> <span class='ocrx_word' id='word_1_170' title='bbox 2567 1054 2666 1124; x_wconf 85' lang='grc' dir='ltr'>τῆς</span> <span class='ocrx_word' id='word_1_171' title='bbox 2703 1053 2828 1123; x_wconf 83' lang='grc' dir='ltr'>γῆς,</span> <span class='ocrx_word' id='word_1_172' title='bbox 2873 1053 2969 1106; x_wconf 73' lang='grc' dir='ltr'>καὶ</span> <span class='ocrx_word' id='word_1_173' title='bbox 3000 1053 3317 1124; x_wconf 81' lang='grc' dir='ltr'>ἀποκρύψαι</span> <span class='ocrx_word' id='word_1_174' title='bbox 3342 1055 3540 1126; x_wconf 77' lang='grc' dir='ltr'>ἑαυτῆς</span> <span class='ocrx_word' id='word_1_175' title='bbox 3561 1056 3667 1128; x_wconf 79' lang='grc' dir='ltr'>τὴν</span> 
     </span>
    </p>
   </div>
   <div class='ocr_carea' id='block_1_26' title="bbox 2070 1145 3669 1220">
    <p class='ocr_par' dir='ltr' id='par_1_26' title="bbox 2070 1145 3669 1220">
     <span class='ocr_line' id='line_1_26' title="bbox 2070 1145 3669 1220; baseline 0.003 -22"><span class='ocrx_word' id='word_1_176' title='bbox 2070 1145 2476 1218; x_wconf 79' lang='grc' dir='ltr'><strong>ἀσχημοσύνην,</strong></span> <span class='ocrx_word' id='word_1_177' title='bbox 2513 1147 2579 1218; x_wconf 81' lang='grc' dir='ltr'>ἢν</span> <span class='ocrx_word' id='word_1_178' title='bbox 2596 1146 2841 1200; x_wconf 87' lang='grc' dir='ltr'>πείσεται</span> <span class='ocrx_word' id='word_1_179' title='bbox 2873 1148 2935 1199; x_wconf 85' lang='grc' dir='ltr'><strong>ἐκ</strong></span> <span class='ocrx_word' id='word_1_180' title='bbox 2962 1147 3060 1218; x_wconf 80' lang='grc' dir='ltr'>τῆς</span> <span class='ocrx_word' id='word_1_181' title='bbox 3087 1147 3181 1200; x_wconf 76' lang='grc' dir='ltr'>ἐπὶ</span> <span class='ocrx_word' id='word_1_182' title='bbox 3211 1147 3272 1201; x_wconf 83' lang='grc' dir='ltr'>τὸ</span> <span class='ocrx_word' id='word_1_183' title='bbox 3292 1151 3472 1220; x_wconf 84' lang='grc' dir='ltr'>χεῖρον</span> <span class='ocrx_word' id='word_1_184' title='bbox 3495 1166 3669 1220; x_wconf 84' lang='grc' dir='ltr'>μετα-</span> 
     </span>
    </p>
   </div>
   <div class='ocr_carea' id='block_1_27' title="bbox 2071 1238 2233 1311">
    <p class='ocr_par' dir='ltr' id='par_1_27' title="bbox 2071 1238 2233 1311">
     <span class='ocr_line' id='line_1_27' title="bbox 2071 1238 2233 1311; baseline 0 -19"><span class='ocrx_word' id='word_1_185' title='bbox 2071 1238 2233 1311; x_wconf 83' lang='grc' dir='ltr'>ϐολῆς</span> 
     </span>
    </p>
   </div>
   <div class='ocr_carea' id='block_1_28' title="bbox 2147 1327 3666 1399">
    <p class='ocr_par' dir='ltr' id='par_1_28' title="bbox 2147 1327 3666 1399">
     <span class='ocr_line' id='line_1_28' title="bbox 2147 1327 3666 1399; baseline -0.003 -15"><span class='ocrx_word' id='word_1_186' title='bbox 2147 1351 2166 1383; x_wconf 75' lang='grc' dir='ltr'><strong>ι</strong></span> <span class='ocrx_word' id='word_1_187' title='bbox 2202 1329 2442 1383; x_wconf 83' lang='grc' dir='ltr'>Κάθισον</span> <span class='ocrx_word' id='word_1_188' title='bbox 2471 1331 2553 1392; x_wconf 83' lang='grc' dir='ltr'><strong>είς</strong></span> <span class='ocrx_word' id='word_1_189' title='bbox 2589 1327 2689 1399; x_wconf 85' lang='grc' dir='ltr'>τὴν</span> <span class='ocrx_word' id='word_1_190' title='bbox 2740 1329 2862 1398; x_wconf 81' lang='grc' dir='ltr'>γῆν,</span> <span class='ocrx_word' id='word_1_191' title='bbox 2909 1327 3147 1399; x_wconf 84' lang='grc' dir='ltr'>θύγατερ</span> <span class='ocrx_word' id='word_1_192' title='bbox 3174 1327 3454 1380; x_wconf 85' lang='grc' dir='ltr'>Χαλδαίων</span> <span class='ocrx_word' id='word_1_193' title='bbox 3486 1345 3500 1358; x_wconf 74' lang='grc' dir='ltr'><strong>ο</strong></span> <span class='ocrx_word' id='word_1_194' title='bbox 3527 1327 3666 1381; x_wconf 90' lang='grc' dir='ltr'>λάϐε</span> 
     </span>
    </p>
   </div>
   <div class='ocr_carea' id='block_1_29' title="bbox 2075 1419 3668 1495">
    <p class='ocr_par' dir='ltr' id='par_1_29' title="bbox 2075 1419 3668 1495">
     <span class='ocr_line' id='line_1_29' title="bbox 2075 1419 3668 1495; baseline -0.004 -17"><span class='ocrx_word' id='word_1_195' title='bbox 2075 1424 2259 1495; x_wconf 86' lang='grc' dir='ltr'>μύλον,</span> <span class='ocrx_word' id='word_1_196' title='bbox 2309 1423 2502 1478; x_wconf 82' lang='grc' dir='ltr'>άλεσον</span> <span class='ocrx_word' id='word_1_197' title='bbox 2560 1421 2806 1493; x_wconf 78' lang='grc' dir='ltr'>ἄλευρον.</span> <span class='ocrx_word' id='word_1_198' title='bbox 2880 1421 3252 1490; x_wconf 73' lang='grc' dir='ltr'>Ἀποκάλυψαι</span> <span class='ocrx_word' id='word_1_199' title='bbox 3295 1419 3356 1472; x_wconf 82' lang='grc' dir='ltr'>τὸ</span> <span class='ocrx_word' id='word_1_200' title='bbox 3418 1420 3668 1473; x_wconf 85' lang='grc' dir='ltr'>κατακά-</span> 
     </span>
    </p>
   </div>
   <div class='ocr_carea' id='block_1_30' title="bbox 2071 1511 3665 1589">
    <p class='ocr_par' dir='ltr' id='par_1_30' title="bbox 2071 1511 3665 1589">
     <span class='ocr_line' id='line_1_30' title="bbox 2071 1511 3665 1589; baseline -0.004 -19"><span class='ocrx_word' id='word_1_201' title='bbox 2071 1518 2263 1589; x_wconf 83' lang='grc' dir='ltr'>λυμμά</span> <span class='ocrx_word' id='word_1_202' title='bbox 2295 1533 2413 1576; x_wconf 89' lang='grc' dir='ltr'>σου,</span> <span class='ocrx_word' id='word_1_203' title='bbox 2461 1514 2804 1584; x_wconf 78' lang='grc' dir='ltr'>ἀνακάλυψαι</span> <span class='ocrx_word' id='word_1_204' title='bbox 2857 1513 2956 1578; x_wconf 84' lang='grc' dir='ltr'><strong>τὰς</strong></span> <span class='ocrx_word' id='word_1_205' title='bbox 3016 1512 3229 1576; x_wconf 76' lang='grc' dir='ltr'>πολιὰς,</span> <span class='ocrx_word' id='word_1_206' title='bbox 3285 1512 3528 1583; x_wconf 88' lang='grc' dir='ltr'>ἀνάσυρε</span> <span class='ocrx_word' id='word_1_207' title='bbox 3562 1511 3665 1577; x_wconf 72' lang='grc' dir='ltr'><strong>τὰς</strong></span> 
     </span>
    </p>
   </div>
   <div class='ocr_carea' id='block_1_31' title="bbox 2073 1604 3663 1680">
    <p class='ocr_par' dir='ltr' id='par_1_31' title="bbox 2073 1604 3663 1680">
     <span class='ocr_line' id='line_1_31' title="bbox 2073 1604 3663 1680; baseline -0.004 -18"><span class='ocrx_word' id='word_1_208' title='bbox 2073 1610 2306 1680; x_wconf 86' lang='grc' dir='ltr'>κνήμας,</span> <span class='ocrx_word' id='word_1_209' title='bbox 2337 1606 2551 1678; x_wconf 87' lang='grc' dir='ltr'>διάϐηθι</span> <span class='ocrx_word' id='word_1_210' title='bbox 2575 1605 2870 1678; x_wconf 87' lang='grc' dir='ltr'>ποταμούς.</span> <span class='ocrx_word' id='word_1_211' title='bbox 2910 1624 2928 1656; x_wconf 73' lang='grc' dir='ltr'><strong>ι</strong></span> <span class='ocrx_word' id='word_1_212' title='bbox 2966 1604 3324 1676; x_wconf 85' lang='grc' dir='ltr'>Ἀποθεμένη,</span> <span class='ocrx_word' id='word_1_213' title='bbox 3363 1605 3524 1676; x_wconf 73' lang='grc' dir='ltr'>φησὶ,</span> <span class='ocrx_word' id='word_1_214' title='bbox 3560 1604 3663 1675; x_wconf 60' lang='grc' dir='ltr'>τὴν</span> 
     </span>
    </p>
   </div>
   <div class='ocr_carea' id='block_1_32' title="bbox 2075 1697 3660 1770">
    <p class='ocr_par' dir='ltr' id='par_1_32' title="bbox 2075 1697 3660 1770">
     <span class='ocr_line' id='line_1_32' title="bbox 2075 1697 3660 1770; baseline -0.003 -17"><span class='ocrx_word' id='word_1_215' title='bbox 2075 1700 2360 1770; x_wconf 82' lang='grc' dir='ltr'>βασιλικὴν</span> <span class='ocrx_word' id='word_1_216' title='bbox 2406 1699 2623 1770; x_wconf 87' lang='grc' dir='ltr'>ἐκείνην</span> <span class='ocrx_word' id='word_1_217' title='bbox 2660 1699 2874 1769; x_wconf 86' lang='grc' dir='ltr'>τρυφὴν</span> <span class='ocrx_word' id='word_1_218' title='bbox 2896 1737 2909 1760; x_wconf 91' lang='grc'><strong>,</strong></span> <span class='ocrx_word' id='word_1_219' title='bbox 2952 1697 3292 1768; x_wconf 85' lang='grc' dir='ltr'>θεραπαίνης</span> <span class='ocrx_word' id='word_1_220' title='bbox 3324 1697 3522 1768; x_wconf 83' lang='grc' dir='ltr'>τρόπον</span> <span class='ocrx_word' id='word_1_221' title='bbox 3557 1714 3660 1749; x_wconf 87' lang='grc' dir='ltr'>κα-</span> 
     </span>
    </p>
   </div>
   <div class='ocr_carea' id='block_1_33' title="bbox 381 1784 1968 1862">
    <p class='ocr_par' dir='ltr' id='par_1_33' title="bbox 381 1784 1965 1862">
     <span class='ocr_line' id='line_1_33' title="bbox 381 1784 1965 1862; baseline -0.009 -11"><span class='ocrx_word' id='word_1_222' title='bbox 381 1797 618 1851; x_wconf 90' lang='lat' dir='ltr'><strong>dominis</strong></span> <span class='ocrx_word' id='word_1_223' title='bbox 653 1795 758 1849; x_wconf 90' lang='lat' dir='ltr'><strong>tuis</strong></span> <span class='ocrx_word' id='word_1_224' title='bbox 791 1805 843 1848; x_wconf 90' lang='lat' dir='ltr'><strong>te</strong></span> <span class='ocrx_word' id='word_1_225' title='bbox 888 1803 1171 1862; x_wconf 84' lang='lat' dir='ltr'><strong>apparatu.</strong></span> <span class='ocrx_word' id='word_1_226' title='bbox 1229 1791 1577 1857; x_wconf 81' lang='lat' dir='ltr'><strong>Acceptaque</strong></span> <span class='ocrx_word' id='word_1_227' title='bbox 1627 1784 1789 1846; x_wconf 85' lang='lat' dir='ltr'><strong>mola,</strong></span> <span class='ocrx_word' id='word_1_228' title='bbox 1824 1784 1965 1838; x_wconf 92' lang='lat' dir='ltr'><strong>mole</strong></span> 
     </span>
    </p>
   </div>
   <div class='ocr_carea' id='block_1_34' title="bbox 2077 1784 3662 1862">
    <p class='ocr_par' dir='ltr' id='par_1_34' title="bbox 2077 1785 3662 1858">
     <span class='ocr_line' id='line_1_34' title="bbox 2077 1785 3662 1858; baseline -0.005 -14"><span class='ocrx_word' id='word_1_229' title='bbox 2077 1789 2338 1853; x_wconf 71' lang='grc' dir='ltr'>κοπαθοῦς</span> <span class='ocrx_word' id='word_1_230' title='bbox 2359 1805 2504 1852; x_wconf 91' lang='grc' dir='ltr'>τινος</span> <span class='ocrx_word' id='word_1_231' title='bbox 2531 1789 2624 1841; x_wconf 75' lang='grc' dir='ltr'>καὶ</span> <span class='ocrx_word' id='word_1_232' title='bbox 2651 1787 2984 1858; x_wconf 87' lang='grc' dir='ltr'>μυλωθρίδος</span> <span class='ocrx_word' id='word_1_233' title='bbox 3011 1787 3429 1858; x_wconf 85' lang='grc' dir='ltr'>παρασκεύασον</span> <span class='ocrx_word' id='word_1_234' title='bbox 3455 1785 3662 1855; x_wconf 78' lang='grc' dir='ltr'>σεαυτῇ</span> 
     </span>
    </p>
   </div>
   <div class='ocr_carea' id='block_1_35' title="bbox 382 1876 1972 1954">
    <p class='ocr_par' dir='ltr' id='par_1_35' title="bbox 382 1876 1972 1954">
     <span class='ocr_line' id='line_1_35' title="bbox 382 1876 1972 1954; baseline -0.009 -10"><span class='ocrx_word' id='word_1_235' title='bbox 382 1890 478 1954; x_wconf 92' lang='lat' dir='ltr'><strong>ibi,</strong></span> <span class='ocrx_word' id='word_1_236' title='bbox 509 1889 614 1943; x_wconf 91' lang='lat' dir='ltr'><strong>hac</strong></span> <span class='ocrx_word' id='word_1_237' title='bbox 646 1889 776 1942; x_wconf 81' lang='lat' dir='ltr'><strong>dura</strong></span> <span class='ocrx_word' id='word_1_238' title='bbox 801 1895 854 1942; x_wconf 91' lang='lat' dir='ltr'><strong>et</strong></span> <span class='ocrx_word' id='word_1_239' title='bbox 875 1885 1146 1940; x_wconf 88' lang='lat' dir='ltr'><strong>laboriosa</strong></span> <span class='ocrx_word' id='word_1_240' title='bbox 1186 1881 1450 1938; x_wconf 85' lang='lat' dir='ltr'><strong>servitute</strong></span> <span class='ocrx_word' id='word_1_241' title='bbox 1473 1895 1593 1934; x_wconf 90' lang='lat' dir='ltr'><strong>cum</strong></span> <span class='ocrx_word' id='word_1_242' title='bbox 1625 1876 1849 1948; x_wconf 92' lang='lat' dir='ltr'><strong>pristina</strong></span> <span class='ocrx_word' id='word_1_243' title='bbox 1878 1891 1972 1930; x_wconf 91' lang='lat' dir='ltr'><strong>vo-</strong></span> 
     </span>
    </p>
   </div>
   <div class='ocr_carea' id='block_1_36' title="bbox 382 1986 1072 2054">
    <p class='ocr_par' dir='ltr' id='par_1_36' title="bbox 382 1986 1072 2054">
     <span class='ocr_line' id='line_1_36' title="bbox 382 1986 1072 2054; baseline -0.003 -18"><span class='ocrx_word' id='word_1_244' title='bbox 382 1986 591 2054; x_wconf 85' lang='lat' dir='ltr'><strong>luptate</strong></span> <span class='ocrx_word' id='word_1_245' title='bbox 620 1987 1072 2036; x_wconf 89' lang='lat' dir='ltr'><strong>commutata.....</strong></span> 
     </span>
    </p>
   </div>
   <div class='ocr_carea' id='block_1_37' title="bbox 451 2241 1967 2313">
    <p class='ocr_par' dir='ltr' id='par_1_37' title="bbox 451 2241 1967 2313">
     <span class='ocr_line' id='line_1_37' title="bbox 451 2241 1967 2313; baseline -0.007 -10"><span class='ocrx_word' id='word_1_246' title='bbox 451 2248 621 2304; x_wconf 70' lang='lat' dir='ltr'><strong>Vens.</strong></span> <span class='ocrx_word' id='word_1_247' title='bbox 657 2247 713 2304; x_wconf 87' lang='lat'><strong>6.</strong></span> <span class='ocrx_word' id='word_1_248' title='bbox 755 2263 773 2298; x_wconf 77' lang='grc' dir='ltr'><strong>ι</strong></span> <span class='ocrx_word' id='word_1_249' title='bbox 805 2245 981 2301; x_wconf 88' lang='lat' dir='ltr'><strong>Iratus</strong></span> <span class='ocrx_word' id='word_1_250' title='bbox 1032 2258 1151 2299; x_wconf 85' lang='lat' dir='ltr'><strong>sum</strong></span> <span class='ocrx_word' id='word_1_251' title='bbox 1214 2251 1404 2297; x_wconf 91' lang='lat' dir='ltr'><strong>contra</strong></span> <span class='ocrx_word' id='word_1_252' title='bbox 1455 2241 1710 2313; x_wconf 89' lang='lat' dir='ltr'><strong>populum</strong></span> <span class='ocrx_word' id='word_1_253' title='bbox 1765 2254 1967 2306; x_wconf 89' lang='lat' dir='ltr'><strong>meum,</strong></span> 
     </span>
    </p>
   </div>
   <div class='ocr_carea' id='block_1_38' title="bbox 382 2331 1970 2404">
    <p class='ocr_par' dir='ltr' id='par_1_38' title="bbox 382 2331 1970 2404">
     <span class='ocr_line' id='line_1_38' title="bbox 382 2331 1970 2404; baseline -0.008 -7"><span class='ocrx_word' id='word_1_254' title='bbox 382 2339 769 2398; x_wconf 89' lang='lat' dir='ltr'><strong>contaminasti</strong></span> <span class='ocrx_word' id='word_1_255' title='bbox 823 2336 1196 2392; x_wconf 59' lang='lat' dir='ltr'><strong>hatreditatem</strong></span> <span class='ocrx_word' id='word_1_256' title='bbox 1223 2349 1422 2390; x_wconf 89' lang='lat' dir='ltr'><strong>meam.</strong></span> <span class='ocrx_word' id='word_1_257' title='bbox 1480 2333 1591 2404; x_wconf 85' lang='lat' dir='ltr'><strong>Ego</strong></span> <span class='ocrx_word' id='word_1_258' title='bbox 1630 2331 1750 2387; x_wconf 89' lang='lat' dir='ltr'><strong>dedi</strong></span> <span class='ocrx_word' id='word_1_259' title='bbox 1799 2345 1893 2385; x_wconf 91' lang='lat' dir='ltr'><strong>eos</strong></span> <span class='ocrx_word' id='word_1_260' title='bbox 1917 2331 1970 2385; x_wconf 91' lang='lat' dir='ltr'><strong>in</strong></span> 
     </span>
    </p>
   </div>
   <div class='ocr_carea' id='block_1_39' title="bbox 382 2421 1971 2490">
    <p class='ocr_par' dir='ltr' id='par_1_39' title="bbox 382 2421 1971 2490">
     <span class='ocr_line' id='line_1_39' title="bbox 382 2421 1971 2490; baseline -0.01 0"><span class='ocrx_word' id='word_1_261' title='bbox 382 2449 602 2490; x_wconf 86' lang='lat' dir='ltr'><strong>manum</strong></span> <span class='ocrx_word' id='word_1_262' title='bbox 660 2441 806 2486; x_wconf 90' lang='lat' dir='ltr'><strong>tuam</strong></span> <span class='ocrx_word' id='word_1_263' title='bbox 837 2447 853 2485; x_wconf 91' lang='lat'><strong>:</strong></span> <span class='ocrx_word' id='word_1_264' title='bbox 885 2440 940 2485; x_wconf 92' lang='lat' dir='ltr'><strong>tu</strong></span> <span class='ocrx_word' id='word_1_265' title='bbox 971 2443 1105 2484; x_wconf 87' lang='lat' dir='ltr'><strong>vero</strong></span> <span class='ocrx_word' id='word_1_266' title='bbox 1139 2442 1248 2483; x_wconf 93' lang='lat' dir='ltr'><strong>non</strong></span> <span class='ocrx_word' id='word_1_267' title='bbox 1287 2425 1481 2481; x_wconf 88' lang='lat' dir='ltr'><strong>dedisti</strong></span> <span class='ocrx_word' id='word_1_268' title='bbox 1530 2425 1612 2479; x_wconf 90' lang='lat' dir='ltr'><strong>eis</strong></span> <span class='ocrx_word' id='word_1_269' title='bbox 1663 2421 1971 2478; x_wconf 85' lang='lat' dir='ltr'><strong>misericor-</strong></span> 
     </span>
    </p>
   </div>
   <div class='ocr_carea' id='block_1_40' title="bbox 382 2517 1972 2595">
    <p class='ocr_par' dir='ltr' id='par_1_40' title="bbox 382 2517 1972 2595">
     <span class='ocr_line' id='line_1_40' title="bbox 382 2517 1972 2595; baseline -0.009 -13"><span class='ocrx_word' id='word_1_270' title='bbox 382 2529 550 2584; x_wconf 88' lang='lat' dir='ltr'><strong>diam.</strong></span> <span class='ocrx_word' id='word_1_271' title='bbox 589 2546 611 2580; x_wconf 72' lang='grc' dir='ltr'><strong>ι</strong></span> <span class='ocrx_word' id='word_1_272' title='bbox 644 2523 774 2582; x_wconf 67' lang='lat' dir='ltr'><strong>Haec</strong></span> <span class='ocrx_word' id='word_1_273' title='bbox 813 2525 1013 2595; x_wconf 87' lang='lat' dir='ltr'><strong>quippe</strong></span> <span class='ocrx_word' id='word_1_274' title='bbox 1046 2531 1163 2578; x_wconf 89' lang='lat' dir='ltr'><strong>erat</strong></span> <span class='ocrx_word' id='word_1_275' title='bbox 1210 2517 1493 2590; x_wconf 87' lang='lat' dir='ltr'><strong>disciplina</strong></span> <span class='ocrx_word' id='word_1_276' title='bbox 1543 2527 1658 2583; x_wconf 86' lang='lat' dir='ltr'><strong>tua,</strong></span> <span class='ocrx_word' id='word_1_277' title='bbox 1697 2530 1803 2587; x_wconf 91' lang='lat' dir='ltr'><strong>qua</strong></span> <span class='ocrx_word' id='word_1_278' title='bbox 1845 2529 1972 2569; x_wconf 83' lang='lat' dir='ltr'><strong>eru-</strong></span> 
     </span>
    </p>
   </div>
   <div class='ocr_carea' id='block_1_41' title="bbox 384 2611 1966 2689">
    <p class='ocr_par' dir='ltr' id='par_1_41' title="bbox 384 2611 1966 2689">
     <span class='ocr_line' id='line_1_41' title="bbox 384 2611 1966 2689; baseline -0.01 -11"><span class='ocrx_word' id='word_1_279' title='bbox 384 2621 622 2678; x_wconf 90' lang='lat' dir='ltr'><strong>diebaris</strong></span> <span class='ocrx_word' id='word_1_280' title='bbox 648 2633 678 2675; x_wconf 86' lang='lat' dir='ltr'><strong>a</strong></span> <span class='ocrx_word' id='word_1_281' title='bbox 715 2618 984 2689; x_wconf 81' lang='lat' dir='ltr'><strong>nrincipio</strong></span> <span class='ocrx_word' id='word_1_282' title='bbox 1022 2613 1307 2685; x_wconf 86' lang='lat' dir='ltr'><strong>temporis,</strong></span> <span class='ocrx_word' id='word_1_283' title='bbox 1337 2621 1391 2667; x_wconf 92' lang='lat' dir='ltr'><strong>et</strong></span> <span class='ocrx_word' id='word_1_284' title='bbox 1415 2627 1446 2666; x_wconf 93' lang='lat' dir='ltr'><strong>a</strong></span> <span class='ocrx_word' id='word_1_285' title='bbox 1467 2611 1753 2682; x_wconf 76' lang='lat' dir='ltr'><strong>iuventute</strong></span> <span class='ocrx_word' id='word_1_286' title='bbox 1785 2622 1966 2664; x_wconf 89' lang='lat' dir='ltr'><strong>tua....</strong></span> 
     </span>
    </p>
   </div>
   <div class='ocr_carea' id='block_1_42' title="bbox 921 2768 1401 2843">
    <p class='ocr_par' dir='ltr' id='par_1_42' title="bbox 921 2768 1401 2843">
     <span class='ocr_line' id='line_1_42' title="bbox 921 2768 1401 2843; baseline -0.013 -15"><span class='ocrx_word' id='word_1_287' title='bbox 921 2771 1154 2843; x_wconf 80' lang='lat' dir='ltr'><strong>CAPUT</strong></span> <span class='ocrx_word' id='word_1_288' title='bbox 1189 2768 1401 2825; x_wconf 81' lang='lat' dir='ltr'><strong>XLVIII</strong></span> 
     </span>
    </p>
   </div>
   <div class='ocr_carea' id='block_1_43' title="bbox 453 2878 1968 2955">
    <p class='ocr_par' dir='ltr' id='par_1_43' title="bbox 453 2878 1968 2955">
     <span class='ocr_line' id='line_1_43' title="bbox 453 2878 1968 2955; baseline -0.007 -13"><span class='ocrx_word' id='word_1_289' title='bbox 453 2888 619 2944; x_wconf 75' lang='lat' dir='ltr'><strong>Vens.</strong></span> <span class='ocrx_word' id='word_1_290' title='bbox 658 2888 714 2955; x_wconf 79' lang='lat' dir='ltr'><strong>I,</strong></span> <span class='ocrx_word' id='word_1_291' title='bbox 743 2886 800 2941; x_wconf 76' lang='grc'><strong>2.</strong></span> <span class='ocrx_word' id='word_1_292' title='bbox 833 2905 853 2939; x_wconf 83' lang='grc'><em>‹</em></span> <span class='ocrx_word' id='word_1_293' title='bbox 889 2885 1088 2940; x_wconf 86' lang='lat' dir='ltr'><strong>Audite</strong></span> <span class='ocrx_word' id='word_1_294' title='bbox 1124 2884 1262 2950; x_wconf 66' lang='lat' dir='ltr'><strong>haec,</strong></span> <span class='ocrx_word' id='word_1_295' title='bbox 1304 2885 1500 2937; x_wconf 89' lang='lat' dir='ltr'><strong>domus</strong></span> <span class='ocrx_word' id='word_1_296' title='bbox 1531 2878 1723 2944; x_wconf 83' lang='lat' dir='ltr'><strong>Jacob,</strong></span> <span class='ocrx_word' id='word_1_297' title='bbox 1748 2878 1842 2949; x_wconf 89' lang='lat' dir='ltr'><strong>qui</strong></span> <span class='ocrx_word' id='word_1_298' title='bbox 1873 2891 1968 2931; x_wconf 86' lang='lat' dir='ltr'><strong>vo-</strong></span> 
     </span>
    </p>
   </div>
   <div class='ocr_carea' id='block_1_44' title="bbox 383 2968 1966 3041">
    <p class='ocr_par' dir='ltr' id='par_1_44' title="bbox 383 2968 1966 3041">
     <span class='ocr_line' id='line_1_44' title="bbox 383 2968 1966 3041; baseline -0.011 -3"><span class='ocrx_word' id='word_1_299' title='bbox 383 2981 581 3038; x_wconf 64' lang='lat' dir='ltr'><strong>canini</strong></span> <span class='ocrx_word' id='word_1_300' title='bbox 613 2979 833 3034; x_wconf 88' lang='lat' dir='ltr'><strong>nomine</strong></span> <span class='ocrx_word' id='word_1_301' title='bbox 863 2976 1067 3041; x_wconf 86' lang='lat' dir='ltr'><strong>Israel,</strong></span> <span class='ocrx_word' id='word_1_302' title='bbox 1114 2983 1165 3028; x_wconf 90' lang='lat' dir='ltr'><strong>et</strong></span> <span class='ocrx_word' id='word_1_303' title='bbox 1217 2973 1411 3028; x_wconf 83' lang='lat' dir='ltr'><strong>existis</strong></span> <span class='ocrx_word' id='word_1_304' title='bbox 1437 2986 1504 3026; x_wconf 81' lang='lat' dir='ltr'><strong>ex</strong></span> <span class='ocrx_word' id='word_1_305' title='bbox 1528 2970 1669 3026; x_wconf 81' lang='lat' dir='ltr'><strong>Juda</strong></span> <span class='ocrx_word' id='word_1_306' title='bbox 1693 3010 1708 3033; x_wconf 88' lang='lat'><strong>,</strong></span> <span class='ocrx_word' id='word_1_307' title='bbox 1737 2969 1829 3038; x_wconf 88' lang='lat' dir='ltr'><strong>qui</strong></span> <span class='ocrx_word' id='word_1_308' title='bbox 1879 2968 1966 3039; x_wconf 78' lang='lat' dir='ltr'><strong>ju-</strong></span> 
     </span>
    </p>
   </div>
   <div class='ocr_carea' id='block_1_45' title="bbox 385 3060 1970 3134">
    <p class='ocr_par' dir='ltr' id='par_1_45' title="bbox 385 3060 1970 3134">
     <span class='ocr_line' id='line_1_45' title="bbox 385 3060 1970 3134; baseline -0.009 -5"><span class='ocrx_word' id='word_1_309' title='bbox 385 3073 520 3130; x_wconf 85' lang='lat' dir='ltr'><strong>ratis</strong></span> <span class='ocrx_word' id='word_1_310' title='bbox 547 3073 599 3126; x_wconf 90' lang='lat' dir='ltr'><strong>in</strong></span> <span class='ocrx_word' id='word_1_311' title='bbox 629 3071 853 3125; x_wconf 89' lang='lat' dir='ltr'><strong>nomine</strong></span> <span class='ocrx_word' id='word_1_312' title='bbox 878 3068 1094 3122; x_wconf 90' lang='lat' dir='ltr'><strong>Domini</strong></span> <span class='ocrx_word' id='word_1_313' title='bbox 1126 3067 1220 3121; x_wconf 91' lang='lat' dir='ltr'><strong>Dei</strong></span> <span class='ocrx_word' id='word_1_314' title='bbox 1266 3063 1472 3132; x_wconf 87' lang='lat' dir='ltr'><strong>Israel,</strong></span> <span class='ocrx_word' id='word_1_315' title='bbox 1499 3063 1596 3134; x_wconf 93' lang='lat' dir='ltr'><strong>qui</strong></span> <span class='ocrx_word' id='word_1_316' title='bbox 1639 3060 1970 3117; x_wconf 87' lang='lat' dir='ltr'><strong>recordami-</strong></span> 
     </span>
    </p>
   </div>
   <div class='ocr_carea' id='block_1_46' title="bbox 2070 1877 3666 1952">
    <p class='ocr_par' dir='ltr' id='par_1_46' title="bbox 2070 1877 3666 1952">
     <span class='ocr_line' id='line_1_46' title="bbox 2070 1877 3666 1952; baseline -0.006 -16"><span class='ocrx_word' id='word_1_317' title='bbox 2070 1882 2342 1936; x_wconf 85' lang='grc' dir='ltr'>δουλεύειν</span> <span class='ocrx_word' id='word_1_318' title='bbox 2383 1883 2496 1944; x_wconf 86' lang='grc' dir='ltr'>τοῖς</span> <span class='ocrx_word' id='word_1_319' title='bbox 2545 1880 2748 1952; x_wconf 79' lang='grc' dir='ltr'>ἑαυτῆς</span> <span class='ocrx_word' id='word_1_320' title='bbox 2775 1880 3086 1944; x_wconf 84' lang='grc' dir='ltr'>δεσπόταις.</span> <span class='ocrx_word' id='word_1_321' title='bbox 3119 1878 3302 1933; x_wconf 89' lang='grc' dir='ltr'>Μύλον</span> <span class='ocrx_word' id='word_1_322' title='bbox 3326 1877 3524 1949; x_wconf 78' lang='grc' dir='ltr'>δηλαδή</span> <span class='ocrx_word' id='word_1_323' title='bbox 3565 1895 3666 1928; x_wconf 65' lang='grc' dir='ltr'><strong>Λιλ-</strong></span> 
     </span>
    </p>
   </div>
   <div class='ocr_carea' id='block_1_47' title="bbox 2071 1955 3669 2046">
    <p class='ocr_par' dir='ltr' id='par_1_47' title="bbox 2071 1955 3669 2046">
     <span class='ocr_line' id='line_1_47' title="bbox 2071 1955 3669 2046; baseline -0.006 -16"><span class='ocrx_word' id='word_1_324' title='bbox 2071 1976 2263 2039; x_wconf 82' lang='grc' dir='ltr'>ϐοὖσα,</span> <span class='ocrx_word' id='word_1_325' title='bbox 2307 1979 2364 2029; x_wconf 84' lang='grc' dir='ltr'><strong>ἐν</strong></span> <span class='ocrx_word' id='word_1_326' title='bbox 2415 1973 2564 2046; x_wconf 81' lang='grc' dir='ltr'>αὐτῷ</span> <span class='ocrx_word' id='word_1_327' title='bbox 2597 1973 2812 2038; x_wconf 84' lang='grc' dir='ltr'>ἄλεσον,</span> <span class='ocrx_word' id='word_1_328' title='bbox 2845 1971 2942 2044; x_wconf 79' lang='grc' dir='ltr'>τὴν</span> <span class='ocrx_word' id='word_1_329' title='bbox 3001 1971 3245 2044; x_wconf 83' lang='grc' dir='ltr'>σκληρὰν</span> <span class='ocrx_word' id='word_1_330' title='bbox 3292 1955 3518 2042; x_wconf 84' lang='grc' dir='ltr'>ταύτην,</span> <span class='ocrx_word' id='word_1_331' title='bbox 3569 1986 3669 2022; x_wconf 78' lang='grc' dir='ltr'><strong>και</strong></span> 
     </span>
    </p>
   </div>
   <div class='ocr_carea' id='block_1_48' title="bbox 2071 2062 3671 2139">
    <p class='ocr_par' dir='ltr' id='par_1_48' title="bbox 2071 2062 3671 2139">
     <span class='ocr_line' id='line_1_48' title="bbox 2071 2062 3671 2139; baseline -0.004 -17"><span class='ocrx_word' id='word_1_332' title='bbox 2071 2070 2332 2122; x_wconf 90' lang='grc' dir='ltr'>ἐπίπονον</span> <span class='ocrx_word' id='word_1_333' title='bbox 2363 2067 2606 2139; x_wconf 79' lang='grc' dir='ltr'>θητείαν,</span> <span class='ocrx_word' id='word_1_334' title='bbox 2639 2067 2738 2138; x_wconf 81' lang='grc' dir='ltr'>τῆς</span> <span class='ocrx_word' id='word_1_335' title='bbox 2767 2066 2934 2119; x_wconf 84' lang='grc' dir='ltr'>πάλαι</span> <span class='ocrx_word' id='word_1_336' title='bbox 2967 2068 3178 2137; x_wconf 83' lang='grc' dir='ltr'>τρυφῆς</span> <span class='ocrx_word' id='word_1_337' title='bbox 3207 2062 3671 2129; x_wconf 64' lang='grc' dir='ltr'>ἀντικαταλλαξορ</span> 
     </span>
    </p>
   </div>
   <div class='ocr_carea' id='block_1_49' title="bbox 2076 2162 2289 2233">
    <p class='ocr_par' dir='ltr' id='par_1_49' title="bbox 2076 2162 2289 2233">
     <span class='ocr_line' id='line_1_49' title="bbox 2076 2162 2289 2233; baseline 0.009 -20"><span class='ocrx_word' id='word_1_338' title='bbox 2076 2162 2289 2233; x_wconf 85' lang='grc' dir='ltr'>μένη...</span> 
     </span>
    </p>
   </div>
   <div class='ocr_carea' id='block_1_50' title="bbox 2147 2247 3668 2326">
    <p class='ocr_par' dir='ltr' id='par_1_50' title="bbox 2147 2247 3668 2326">
     <span class='ocr_line' id='line_1_50' title="bbox 2147 2247 3668 2326; baseline -0.003 -22"><span class='ocrx_word' id='word_1_339' title='bbox 2147 2273 2166 2304; x_wconf 83' lang='grc'><strong><em>‹</em></strong></span> <span class='ocrx_word' id='word_1_340' title='bbox 2205 2252 2572 2326; x_wconf 81' lang='grc' dir='ltr'>Παρωξύνθην</span> <span class='ocrx_word' id='word_1_341' title='bbox 2607 2251 2698 2304; x_wconf 74' lang='grc' dir='ltr'><strong>ἐπὶ</strong></span> <span class='ocrx_word' id='word_1_342' title='bbox 2724 2249 2802 2321; x_wconf 84' lang='grc' dir='ltr'>τῷ</span> <span class='ocrx_word' id='word_1_343' title='bbox 2832 2248 2947 2320; x_wconf 86' lang='grc' dir='ltr'>λαῷ</span> <span class='ocrx_word' id='word_1_344' title='bbox 2978 2266 3102 2320; x_wconf 87' lang='grc' dir='ltr'>μου,</span> <span class='ocrx_word' id='word_1_345' title='bbox 3143 2247 3374 2320; x_wconf 84' lang='grc' dir='ltr'>ὲμίανας</span> <span class='ocrx_word' id='word_1_346' title='bbox 3402 2247 3500 2319; x_wconf 86' lang='grc' dir='ltr'>τὴν</span> <span class='ocrx_word' id='word_1_347' title='bbox 3528 2247 3668 2320; x_wconf 84' lang='grc' dir='ltr'>κλη-</span> 
     </span>
    </p>
   </div>
   <div class='ocr_carea' id='block_1_51' title="bbox 2073 2340 3663 2417">
    <p class='ocr_par' dir='ltr' id='par_1_51' title="bbox 2073 2340 3663 2417">
     <span class='ocr_line' id='line_1_51' title="bbox 2073 2340 3663 2417; baseline -0.003 -19"><span class='ocrx_word' id='word_1_348' title='bbox 2073 2347 2330 2417; x_wconf 84' lang='grc' dir='ltr'>ρονομίαν</span> <span class='ocrx_word' id='word_1_349' title='bbox 2357 2363 2479 2416; x_wconf 91' lang='grc' dir='ltr'>μου.</span> <span class='ocrx_word' id='word_1_350' title='bbox 2519 2343 2660 2412; x_wconf 82' lang='grc' dir='ltr'><strong>Ἐγὼ</strong></span> <span class='ocrx_word' id='word_1_351' title='bbox 2679 2342 2856 2396; x_wconf 76' lang='grc' dir='ltr'>ἔδωκα</span> <span class='ocrx_word' id='word_1_352' title='bbox 2877 2341 3074 2405; x_wconf 78' lang='grc' dir='ltr'>αὐτοὺς</span> <span class='ocrx_word' id='word_1_353' title='bbox 3101 2342 3182 2404; x_wconf 85' lang='grc' dir='ltr'><strong>είς</strong></span> <span class='ocrx_word' id='word_1_354' title='bbox 3207 2341 3306 2413; x_wconf 78' lang='grc' dir='ltr'>τὴν</span> <span class='ocrx_word' id='word_1_355' title='bbox 3332 2340 3492 2412; x_wconf 86' lang='grc' dir='ltr'>χεῖρά</span> <span class='ocrx_word' id='word_1_356' title='bbox 3523 2357 3620 2393; x_wconf 85' lang='grc' dir='ltr'><strong>σου</strong></span> <span class='ocrx_word' id='word_1_357' title='bbox 3650 2355 3663 2367; x_wconf 84' lang='grc'><strong>’</strong></span> 
     </span>
    </p>
   </div>
   <div class='ocr_carea' id='block_1_52' title="bbox 2073 2427 3667 2504">
    <p class='ocr_par' dir='ltr' id='par_1_52' title="bbox 2073 2427 3667 2504">
     <span class='ocr_line' id='line_1_52' title="bbox 2073 2427 3667 2504; baseline -0.004 -13"><span class='ocrx_word' id='word_1_358' title='bbox 2073 2439 2138 2491; x_wconf 87' lang='grc' dir='ltr'>σὺ</span> <span class='ocrx_word' id='word_1_359' title='bbox 2166 2438 2223 2490; x_wconf 82' lang='grc' dir='ltr'>δὲ</span> <span class='ocrx_word' id='word_1_360' title='bbox 2251 2437 2352 2490; x_wconf 85' lang='grc' dir='ltr'>οὐκ</span> <span class='ocrx_word' id='word_1_361' title='bbox 2385 2437 2593 2500; x_wconf 73' lang='grc' dir='ltr'>ἔδωκας</span> <span class='ocrx_word' id='word_1_362' title='bbox 2616 2437 2801 2499; x_wconf 85' lang='grc' dir='ltr'>αὐτοῖς</span> <span class='ocrx_word' id='word_1_363' title='bbox 2842 2435 3008 2497; x_wconf 73' lang='grc' dir='ltr'>ἕλεος.</span> <span class='ocrx_word' id='word_1_364' title='bbox 3050 2452 3067 2485; x_wconf 76' lang='grc' dir='ltr'><strong>ι</strong></span> <span class='ocrx_word' id='word_1_365' title='bbox 3115 2431 3303 2487; x_wconf 78' lang='grc' dir='ltr'>Ταῦτα</span> <span class='ocrx_word' id='word_1_366' title='bbox 3329 2434 3438 2504; x_wconf 82' lang='grc' dir='ltr'><strong>γὰρ</strong></span> <span class='ocrx_word' id='word_1_367' title='bbox 3471 2431 3564 2486; x_wconf 81' lang='grc' dir='ltr'>σοῦ</span> <span class='ocrx_word' id='word_1_368' title='bbox 3591 2427 3667 2504; x_wconf 79' lang='grc' dir='ltr'>ἦν</span> 
     </span>
    </p>
   </div>
   <div class='ocr_carea' id='block_1_53' title="bbox 2069 2523 3669 2598">
    <p class='ocr_par' dir='ltr' id='par_1_53' title="bbox 2069 2523 3669 2598">
     <span class='ocr_line' id='line_1_53' title="bbox 2069 2523 3669 2598; baseline -0.002 -19"><span class='ocrx_word' id='word_1_369' title='bbox 2069 2526 2138 2580; x_wconf 89' lang='grc' dir='ltr'><strong>τά</strong></span> <span class='ocrx_word' id='word_1_370' title='bbox 2164 2526 2481 2598; x_wconf 85' lang='grc' dir='ltr'>μαθήματα,</span> <span class='ocrx_word' id='word_1_371' title='bbox 2515 2525 2551 2581; x_wconf 81' lang='grc' dir='ltr'>ἃ</span> <span class='ocrx_word' id='word_1_372' title='bbox 2581 2525 2883 2598; x_wconf 74' lang='grc' dir='ltr'>ἐμάνθανες</span> <span class='ocrx_word' id='word_1_373' title='bbox 2918 2524 2979 2588; x_wconf 79' lang='grc' dir='ltr'>ἐξ</span> <span class='ocrx_word' id='word_1_374' title='bbox 3005 2523 3182 2594; x_wconf 82' lang='grc' dir='ltr'>ἀρχῆς</span> <span class='ocrx_word' id='word_1_375' title='bbox 3214 2524 3443 2596; x_wconf 82' lang='grc' dir='ltr'>χρόνων,</span> <span class='ocrx_word' id='word_1_376' title='bbox 3476 2525 3574 2578; x_wconf 55' lang='grc' dir='ltr'><strong>καὶ⁵</strong></span> <span class='ocrx_word' id='word_1_377' title='bbox 3597 2526 3669 2577; x_wconf 70' lang='grc' dir='ltr'><strong>ἐκ</strong></span> 
     </span>
    </p>
   </div>
   <div class='ocr_carea' id='block_1_54' title="bbox 2070 2616 2524 2697">
    <p class='ocr_par' dir='ltr' id='par_1_54' title="bbox 2070 2616 2524 2697">
     <span class='ocr_line' id='line_1_54' title="bbox 2070 2616 2524 2697; baseline -0.004 -25"><span class='ocrx_word' id='word_1_378' title='bbox 2070 2616 2322 2697; x_wconf 84' lang='grc' dir='ltr'>νεότητός</span> <span class='ocrx_word' id='word_1_379' title='bbox 2360 2633 2474 2670; x_wconf 90' lang='grc' dir='ltr'>σου.</span> <span class='ocrx_word' id='word_1_380' title='bbox 2487 2657 2498 2670; x_wconf 94' lang='grc'><strong>.</strong></span> <span class='ocrx_word' id='word_1_381' title='bbox 2511 2657 2524 2670; x_wconf 89' lang='grc'><strong>.</strong></span> 
     </span>
    </p>
   </div>
   <div class='ocr_carea' id='block_1_55' title="bbox 2580 2773 3149 2830">
    <p class='ocr_par' dir='ltr' id='par_1_55' title="bbox 2580 2773 3149 2830">
     <span class='ocr_line' id='line_1_55' title="bbox 2580 2773 3149 2830; baseline 0 -2"><span class='ocrx_word' id='word_1_382' title='bbox 2580 2773 2978 2829; x_wconf 82' lang='grc' dir='ltr'><strong>ΚΕΦΑΛΑΙΟΝ</strong></span> <span class='ocrx_word' id='word_1_383' title='bbox 3008 2775 3149 2830; x_wconf 88' lang='lat' dir='ltr'><strong>MH&#39;.</strong></span> 
     </span>
    </p>
   </div>
   <div class='ocr_carea' id='block_1_56' title="bbox 2147 2883 3668 2958">
    <p class='ocr_par' dir='ltr' id='par_1_56' title="bbox 2147 2883 3668 2958">
     <span class='ocr_line' id='line_1_56' title="bbox 2147 2883 3668 2958; baseline 0.003 -23"><span class='ocrx_word' id='word_1_384' title='bbox 2147 2903 2166 2935; x_wconf 69' lang='grc' dir='ltr'><em>ς</em></span> <span class='ocrx_word' id='word_1_385' title='bbox 2217 2884 2510 2940; x_wconf 84' lang='grc' dir='ltr'>Ἀκούσατε</span> <span class='ocrx_word' id='word_1_386' title='bbox 2549 2886 2743 2952; x_wconf 70' lang='grc' dir='ltr'>ταῦτα,</span> <span class='ocrx_word' id='word_1_387' title='bbox 2783 2883 2931 2951; x_wconf 84' lang='grc' dir='ltr'>οἶκος</span> <span class='ocrx_word' id='word_1_388' title='bbox 2993 2885 3210 2951; x_wconf 86' lang='grc' dir='ltr'>Ἰακὼϐ,</span> <span class='ocrx_word' id='word_1_389' title='bbox 3243 2887 3294 2940; x_wconf 72' lang='lat' dir='ltr'><strong>oi</strong></span> <span class='ocrx_word' id='word_1_390' title='bbox 3333 2886 3668 2958; x_wconf 82' lang='grc' dir='ltr'>κεκλημένοι</span> 
     </span>
    </p>
   </div>
   <div class='ocr_carea' id='block_1_57' title="bbox 2070 2976 3667 3053">
    <p class='ocr_par' dir='ltr' id='par_1_57' title="bbox 2070 2976 3667 3053">
     <span class='ocr_line' id='line_1_57' title="bbox 2070 2976 3667 3053; baseline 0.003 -23"><span class='ocrx_word' id='word_1_391' title='bbox 2070 2976 2164 3031; x_wconf 78' lang='grc' dir='ltr'>ἐπὶ</span> <span class='ocrx_word' id='word_1_392' title='bbox 2209 2978 2288 3050; x_wconf 86' lang='grc' dir='ltr'>τῷ</span> <span class='ocrx_word' id='word_1_393' title='bbox 2334 2979 2558 3052; x_wconf 85' lang='grc' dir='ltr'>ὀνόματι</span> <span class='ocrx_word' id='word_1_394' title='bbox 2617 2980 2853 3053; x_wconf 82' lang='grc' dir='ltr'>Ἰσραὴλ,</span> <span class='ocrx_word' id='word_1_395' title='bbox 2890 2981 2986 3034; x_wconf 73' lang='grc' dir='ltr'>καὶ</span> <span class='ocrx_word' id='word_1_396' title='bbox 3021 2981 3080 3048; x_wconf 78' lang='grc' dir='ltr'>ἐξ</span> <span class='ocrx_word' id='word_1_397' title='bbox 3122 2981 3293 3035; x_wconf 86' lang='grc' dir='ltr'>Ἰούδα</span> <span class='ocrx_word' id='word_1_398' title='bbox 3329 2979 3667 3046; x_wconf 70' lang='grc' dir='ltr'>ἐξελθόντες,</span> 
     </span>
    </p>
   </div>
   <div class='ocr_carea' id='block_1_58' title="bbox 2072 3070 3669 3144">
    <p class='ocr_par' dir='ltr' id='par_1_58' title="bbox 2072 3070 3669 3144">
     <span class='ocr_line' id='line_1_58' title="bbox 2072 3070 3669 3144; baseline 0.003 -22"><span class='ocrx_word' id='word_1_399' title='bbox 2072 3071 2123 3122; x_wconf 70' lang='lat' dir='ltr'><strong>oi</strong></span> <span class='ocrx_word' id='word_1_400' title='bbox 2155 3070 2454 3140; x_wconf 85' lang='grc' dir='ltr'>ὀμνύοντες</span> <span class='ocrx_word' id='word_1_401' title='bbox 2501 3070 2578 3142; x_wconf 80' lang='grc' dir='ltr'>τῷ</span> <span class='ocrx_word' id='word_1_402' title='bbox 2611 3073 2839 3143; x_wconf 88' lang='grc' dir='ltr'>ὀνόματι</span> <span class='ocrx_word' id='word_1_403' title='bbox 2868 3072 3073 3143; x_wconf 85' lang='grc' dir='ltr'>Κυρίου</span> <span class='ocrx_word' id='word_1_404' title='bbox 3107 3071 3242 3124; x_wconf 82' lang='grc' dir='ltr'>Θεοῦ</span> <span class='ocrx_word' id='word_1_405' title='bbox 3295 3072 3533 3144; x_wconf 77' lang='grc' dir='ltr'>Ἰσραὴλ,</span> <span class='ocrx_word' id='word_1_406' title='bbox 3571 3090 3669 3143; x_wconf 64' lang='grc' dir='ltr'>μιν</span> 
     </span>
    </p>
   </div>
   <div class='ocr_carea' id='block_1_59' title="bbox 383 3135 1968 3235">
    <p class='ocr_par' dir='ltr' id='par_1_59' title="bbox 383 3152 1968 3231">
     <span class='ocr_line' id='line_1_59' title="bbox 383 3152 1968 3231; baseline -0.007 -11"><span class='ocrx_word' id='word_1_407' title='bbox 383 3166 439 3220; x_wconf 90' lang='lat' dir='ltr'><strong>ni</strong></span> <span class='ocrx_word' id='word_1_408' title='bbox 467 3205 482 3231; x_wconf 92' lang='lat'><strong>,</strong></span> <span class='ocrx_word' id='word_1_409' title='bbox 509 3180 614 3219; x_wconf 93' lang='lat' dir='ltr'><strong>non</strong></span> <span class='ocrx_word' id='word_1_410' title='bbox 646 3177 769 3218; x_wconf 91' lang='lat' dir='ltr'><strong>cum</strong></span> <span class='ocrx_word' id='word_1_411' title='bbox 803 3161 1053 3225; x_wconf 86' lang='lat' dir='ltr'><strong>veritate,</strong></span> <span class='ocrx_word' id='word_1_412' title='bbox 1087 3172 1260 3226; x_wconf 89' lang='lat' dir='ltr'><strong>neque</strong></span> <span class='ocrx_word' id='word_1_413' title='bbox 1297 3173 1422 3212; x_wconf 92' lang='lat' dir='ltr'><strong>cum</strong></span> <span class='ocrx_word' id='word_1_414' title='bbox 1452 3156 1665 3226; x_wconf 88' lang='lat' dir='ltr'><strong>justitia</strong></span> <span class='ocrx_word' id='word_1_415' title='bbox 1696 3173 1710 3209; x_wconf 90' lang='lat'><strong>:</strong></span> <span class='ocrx_word' id='word_1_416' title='bbox 1747 3153 1839 3223; x_wconf 90' lang='lat' dir='ltr'><strong>qui</strong></span> <span class='ocrx_word' id='word_1_417' title='bbox 1875 3152 1968 3209; x_wconf 89' lang='lat' dir='ltr'><strong>ad-</strong></span> 
     </span>
    </p>
   </div>
   <div class='ocr_carea' id='block_1_60' title="bbox 2077 3135 3672 3235">
    <p class='ocr_par' dir='ltr' id='par_1_60' title="bbox 2077 3135 3672 3235">
     <span class='ocr_line' id='line_1_60' title="bbox 2077 3135 3672 3235; baseline 0.005 -23"><span class='ocrx_word' id='word_1_418' title='bbox 2077 3135 2444 3232; x_wconf 83' lang='grc' dir='ltr'>μνησκόμενοι</span> <span class='ocrx_word' id='word_1_419' title='bbox 2475 3135 3020 3234; x_wconf 27' lang='grc' dir='ltr'>ούῠμετδάληθείας,</span> <span class='ocrx_word' id='word_1_420' title='bbox 3068 3164 3189 3217; x_wconf 79' lang='grc' dir='ltr'>οὐδὲ</span> <span class='ocrx_word' id='word_1_421' title='bbox 3223 3163 3362 3235; x_wconf 81' lang='grc' dir='ltr'>μετὰ</span> <span class='ocrx_word' id='word_1_422' title='bbox 3376 3135 3640 3220; x_wconf 47' lang='grc' dir='ltr'>’δικαιοξύ</span> <span class='ocrx_word' id='word_1_423' title='bbox 3669 3199 3672 3202; x_wconf 84' lang='lat'><strong><em>~</em></strong></span> 
     </span>
    </p>
   </div>
   <div class='ocr_carea' id='block_1_61' title="bbox 385 3245 1967 3313">
    <p class='ocr_par' dir='ltr' id='par_1_61' title="bbox 385 3245 1967 3313">
     <span class='ocr_line' id='line_1_61' title="bbox 385 3245 1967 3313; baseline -0.009 -1"><span class='ocrx_word' id='word_1_424' title='bbox 385 3257 605 3312; x_wconf 68' lang='lat' dir='ltr'><strong>haeretis</strong></span> <span class='ocrx_word' id='word_1_425' title='bbox 657 3251 860 3309; x_wconf 89' lang='lat' dir='ltr'><strong>nomini</strong></span> <span class='ocrx_word' id='word_1_426' title='bbox 920 3250 1160 3305; x_wconf 85' lang='lat' dir='ltr'><strong>civitatis</strong></span> <span class='ocrx_word' id='word_1_427' title='bbox 1192 3255 1438 3306; x_wconf 66' lang='lat' dir='ltr'><strong>sanctaz.</strong></span> <span class='ocrx_word' id='word_1_428' title='bbox 1490 3254 1546 3299; x_wconf 93' lang='lat' dir='ltr'><strong>et</strong></span> <span class='ocrx_word' id='word_1_429' title='bbox 1589 3259 1753 3313; x_wconf 90' lang='lat' dir='ltr'><strong>super</strong></span> <span class='ocrx_word' id='word_1_430' title='bbox 1797 3245 1967 3297; x_wconf 90' lang='lat' dir='ltr'><strong>Deum</strong></span> 
     </span>
    </p>
   </div>
   <div class='ocr_carea' id='block_1_62' title="bbox 381 3337 1967 3406">
    <p class='ocr_par' dir='ltr' id='par_1_62' title="bbox 381 3337 1967 3406">
     <span class='ocr_line' id='line_1_62' title="bbox 381 3337 1967 3406; baseline -0.011 0"><span class='ocrx_word' id='word_1_431' title='bbox 381 3348 549 3406; x_wconf 90' lang='lat' dir='ltr'><strong>Israel</strong></span> <span class='ocrx_word' id='word_1_432' title='bbox 595 3344 933 3403; x_wconf 89' lang='lat' dir='ltr'><strong>constabiliti</strong></span> <span class='ocrx_word' id='word_1_433' title='bbox 965 3344 1100 3398; x_wconf 87' lang='lat' dir='ltr'><strong>estis</strong></span> <span class='ocrx_word' id='word_1_434' title='bbox 1133 3361 1146 3397; x_wconf 92' lang='lat'>:</span> <span class='ocrx_word' id='word_1_435' title='bbox 1181 3341 1446 3395; x_wconf 87' lang='lat' dir='ltr'><strong>Dominus</strong></span> <span class='ocrx_word' id='word_1_436' title='bbox 1495 3337 1736 3392; x_wconf 90' lang='lat' dir='ltr'><strong>Sabaoth</strong></span> <span class='ocrx_word' id='word_1_437' title='bbox 1768 3350 1967 3391; x_wconf 89' lang='lat' dir='ltr'><strong>nomen</strong></span> 
     </span>
    </p>
   </div>
   <div class='ocr_carea' id='block_1_63' title="bbox 383 3427 1969 3510">
    <p class='ocr_par' dir='ltr' id='par_1_63' title="bbox 383 3427 1969 3510">
     <span class='ocr_line' id='line_1_63' title="bbox 383 3427 1969 3510; baseline -0.011 -13"><span class='ocrx_word' id='word_1_438' title='bbox 383 3441 481 3508; x_wconf 60' lang='lat' dir='ltr'><strong>illi.</strong></span> <span class='ocrx_word' id='word_1_439' title='bbox 518 3460 538 3494; x_wconf 72' lang='grc' dir='ltr'><strong>ι</strong></span> <span class='ocrx_word' id='word_1_440' title='bbox 575 3440 871 3510; x_wconf 83' lang='lat' dir='ltr'><strong>Postquam</strong></span> <span class='ocrx_word' id='word_1_441' title='bbox 916 3452 982 3491; x_wconf 88' lang='lat' dir='ltr'><strong>ea</strong></span> <span class='ocrx_word' id='word_1_442' title='bbox 1009 3450 1130 3505; x_wconf 73' lang='lat' dir='ltr'><strong>qua:</strong></span> <span class='ocrx_word' id='word_1_443' title='bbox 1159 3431 1418 3503; x_wconf 88' lang='lat' dir='ltr'><strong>Babyloni</strong></span> <span class='ocrx_word' id='word_1_444' title='bbox 1446 3469 1463 3495; x_wconf 89' lang='lat'><strong>,</strong></span> <span class='ocrx_word' id='word_1_445' title='bbox 1506 3445 1572 3485; x_wconf 88' lang='lat' dir='ltr'><strong>ac</strong></span> <span class='ocrx_word' id='word_1_446' title='bbox 1603 3428 1797 3483; x_wconf 89' lang='lat' dir='ltr'><strong>incolis</strong></span> <span class='ocrx_word' id='word_1_447' title='bbox 1827 3427 1969 3496; x_wconf 84' lang='lat' dir='ltr'><strong>regi-</strong></span> 
     </span>
    </p>
   </div>
   <div class='ocr_carea' id='block_1_64' title="bbox 383 3517 1966 3606">
    <p class='ocr_par' dir='ltr' id='par_1_64' title="bbox 383 3517 1966 3606">
     <span class='ocr_line' id='line_1_64' title="bbox 383 3517 1966 3606; baseline -0.013 -15"><span class='ocrx_word' id='word_1_448' title='bbox 383 3538 593 3606; x_wconf 88' lang='lat' dir='ltr'><strong>busque</strong></span> <span class='ocrx_word' id='word_1_449' title='bbox 620 3534 738 3603; x_wconf 90' lang='lat' dir='ltr'><strong>ejus</strong></span> <span class='ocrx_word' id='word_1_450' title='bbox 768 3517 1035 3586; x_wconf 84' lang='lat' dir='ltr'><strong>eventura</strong></span> <span class='ocrx_word' id='word_1_451' title='bbox 1060 3537 1186 3582; x_wconf 89' lang='lat' dir='ltr'><strong>sunt</strong></span> <span class='ocrx_word' id='word_1_452' title='bbox 1216 3521 1608 3597; x_wconf 61' lang='lat' dir='ltr'><strong>prauuntiavit</strong></span> <span class='ocrx_word' id='word_1_453' title='bbox 1633 3559 1648 3585; x_wconf 89' lang='lat'><strong>,</strong></span> <span class='ocrx_word' id='word_1_454' title='bbox 1679 3518 1966 3574; x_wconf 74' lang='lat' dir='ltr'><strong>Iudaicum</strong></span> 
     </span>
    </p>
   </div>
   <div class='ocr_carea' id='block_1_65' title="bbox 384 3610 1969 3699">
    <p class='ocr_par' dir='ltr' id='par_1_65' title="bbox 384 3610 1969 3699">
     <span class='ocr_line' id='line_1_65' title="bbox 384 3610 1969 3699; baseline -0.012 -16"><span class='ocrx_word' id='word_1_455' title='bbox 384 3629 639 3699; x_wconf 83' lang='lat' dir='ltr'><strong>populum</strong></span> <span class='ocrx_word' id='word_1_456' title='bbox 684 3624 984 3698; x_wconf 72' lang='lat' dir='ltr'><strong>praemissis</strong></span> <span class='ocrx_word' id='word_1_457' title='bbox 1015 3620 1195 3676; x_wconf 82' lang='lat' dir='ltr'><strong>verbis</strong></span> <span class='ocrx_word' id='word_1_458' title='bbox 1240 3619 1494 3688; x_wconf 80' lang='lat' dir='ltr'><strong>coarguit</strong></span> <span class='ocrx_word' id='word_1_459' title='bbox 1537 3616 1727 3669; x_wconf 87' lang='lat' dir='ltr'><strong>dicens</strong></span> <span class='ocrx_word' id='word_1_460' title='bbox 1763 3631 1777 3668; x_wconf 90' lang='lat'>:</span> <span class='ocrx_word' id='word_1_461' title='bbox 1812 3610 1969 3678; x_wconf 81' lang='lat' dir='ltr'><strong>Quod</strong></span> 
     </span>
    </p>
   </div>
   <div class='ocr_carea' id='block_1_66' title="bbox 383 3707 1970 3790">
    <p class='ocr_par' dir='ltr' id='par_1_66' title="bbox 383 3707 1970 3790">
     <span class='ocr_line' id='line_1_66' title="bbox 383 3707 1970 3790; baseline -0.012 -13"><span class='ocrx_word' id='word_1_462' title='bbox 383 3735 550 3790; x_wconf 85' lang='lat' dir='ltr'><strong>penes</strong></span> <span class='ocrx_word' id='word_1_463' title='bbox 576 3734 660 3774; x_wconf 88' lang='lat' dir='ltr'><strong>me</strong></span> <span class='ocrx_word' id='word_1_464' title='bbox 684 3717 901 3786; x_wconf 78' lang='lat' dir='ltr'><strong>iustitia</strong></span> <span class='ocrx_word' id='word_1_465' title='bbox 937 3717 1051 3782; x_wconf 91' lang='lat' dir='ltr'><strong>sit,</strong></span> <span class='ocrx_word' id='word_1_466' title='bbox 1090 3715 1205 3768; x_wconf 65' lang='lat' dir='ltr'><strong>haec</strong></span> <span class='ocrx_word' id='word_1_467' title='bbox 1251 3709 1524 3766; x_wconf 65' lang='lat' dir='ltr'><strong>Chaldaeis</strong></span> <span class='ocrx_word' id='word_1_468' title='bbox 1557 3707 1786 3762; x_wconf 84' lang='lat' dir='ltr'><strong>inferam</strong></span> <span class='ocrx_word' id='word_1_469' title='bbox 1811 3745 1828 3771; x_wconf 93' lang='lat'><strong>,</strong></span> <span class='ocrx_word' id='word_1_470' title='bbox 1863 3719 1970 3759; x_wconf 90' lang='lat' dir='ltr'><strong>non</strong></span> 
     </span>
    </p>
   </div>
   <div class='ocr_carea' id='block_1_67' title="bbox 383 3801 1971 3884">
    <p class='ocr_par' dir='ltr' id='par_1_67' title="bbox 383 3801 1971 3884">
     <span class='ocr_line' id='line_1_67' title="bbox 383 3801 1971 3884; baseline -0.01 -17"><span class='ocrx_word' id='word_1_471' title='bbox 383 3813 528 3884; x_wconf 90' lang='lat' dir='ltr'><strong>quod</strong></span> <span class='ocrx_word' id='word_1_472' title='bbox 555 3821 608 3866; x_wconf 94' lang='lat' dir='ltr'><strong>tu</strong></span> <span class='ocrx_word' id='word_1_473' title='bbox 647 3811 856 3865; x_wconf 79' lang='lat' dir='ltr'><strong>auxilio</strong></span> <span class='ocrx_word' id='word_1_474' title='bbox 883 3808 1086 3877; x_wconf 85' lang='lat' dir='ltr'><strong>dignus</strong></span> <span class='ocrx_word' id='word_1_475' title='bbox 1124 3806 1221 3861; x_wconf 86' lang='lat' dir='ltr'><strong>sis.</strong></span> <span class='ocrx_word' id='word_1_476' title='bbox 1247 3804 1315 3859; x_wconf 89' lang='lat' dir='ltr'><strong>Et</strong></span> <span class='ocrx_word' id='word_1_477' title='bbox 1335 3804 1450 3858; x_wconf 66' lang='lat' dir='ltr'><strong>haec</strong></span> <span class='ocrx_word' id='word_1_478' title='bbox 1481 3801 1779 3872; x_wconf 70' lang='lat' dir='ltr'><strong>praedicere</strong></span> <span class='ocrx_word' id='word_1_479' title='bbox 1805 3814 1971 3854; x_wconf 89' lang='lat' dir='ltr'><strong>oceu-</strong></span> 
     </span>
    </p>
   </div>
   <div class='ocr_carea' id='block_1_68' title="bbox 384 3891 1967 3976">
    <p class='ocr_par' dir='ltr' id='par_1_68' title="bbox 384 3891 1967 3976">
     <span class='ocr_line' id='line_1_68' title="bbox 384 3891 1967 3976; baseline -0.009 -18"><span class='ocrx_word' id='word_1_480' title='bbox 384 3905 548 3976; x_wconf 88' lang='lat' dir='ltr'><strong>pavi,</strong></span> <span class='ocrx_word' id='word_1_481' title='bbox 577 3914 867 3973; x_wconf 86' lang='lat' dir='ltr'><strong>antequam</strong></span> <span class='ocrx_word' id='word_1_482' title='bbox 922 3915 1010 3955; x_wconf 88' lang='lat' dir='ltr'><strong>res</strong></span> <span class='ocrx_word' id='word_1_483' title='bbox 1043 3899 1338 3960; x_wconf 90' lang='lat' dir='ltr'><strong>eveniant,</strong></span> <span class='ocrx_word' id='word_1_484' title='bbox 1377 3893 1729 3965; x_wconf 73' lang='lat' dir='ltr'><strong>praescientia</strong></span> <span class='ocrx_word' id='word_1_485' title='bbox 1783 3891 1967 3946; x_wconf 87' lang='lat' dir='ltr'><strong>divina</strong></span> 
     </span>
    </p>
   </div>
   <div class='ocr_carea' id='block_1_69' title="bbox 383 3985 1971 4063">
    <p class='ocr_par' dir='ltr' id='par_1_69' title="bbox 383 3985 1971 4063">
     <span class='ocr_line' id='line_1_69' title="bbox 383 3985 1971 4063; baseline -0.008 -12"><span class='ocrx_word' id='word_1_486' title='bbox 383 3997 749 4057; x_wconf 84' lang='lat' dir='ltr'><strong>vaticinatus;</strong></span> <span class='ocrx_word' id='word_1_487' title='bbox 791 4003 850 4046; x_wconf 91' lang='lat' dir='ltr'><strong>ut</strong></span> <span class='ocrx_word' id='word_1_488' title='bbox 874 4001 1163 4063; x_wconf 87' lang='lat' dir='ltr'><strong>postquam</strong></span> <span class='ocrx_word' id='word_1_489' title='bbox 1207 3989 1274 4044; x_wconf 88' lang='lat' dir='ltr'><strong>ad</strong></span> <span class='ocrx_word' id='word_1_490' title='bbox 1312 4003 1427 4042; x_wconf 89' lang='lat' dir='ltr'><strong>rem</strong></span> <span class='ocrx_word' id='word_1_491' title='bbox 1461 3996 1516 4042; x_wconf 85' lang='lat' dir='ltr'><strong>et</strong></span> <span class='ocrx_word' id='word_1_492' title='bbox 1561 3986 1849 4040; x_wconf 90' lang='lat' dir='ltr'><strong>terminum</strong></span> <span class='ocrx_word' id='word_1_493' title='bbox 1877 3985 1971 4039; x_wconf 87' lang='lat' dir='ltr'><strong>de-</strong></span> 
     </span>
    </p>
   </div>
   <div class='ocr_carea' id='block_1_70' title="bbox 386 4078 1967 4152">
    <p class='ocr_par' dir='ltr' id='par_1_70' title="bbox 386 4078 1967 4152">
     <span class='ocr_line' id='line_1_70' title="bbox 386 4078 1967 4152; baseline -0.005 -10"><span class='ocrx_word' id='word_1_494' title='bbox 386 4090 544 4142; x_wconf 87' lang='lat' dir='ltr'><strong>ducta</strong></span> <span class='ocrx_word' id='word_1_495' title='bbox 577 4086 783 4140; x_wconf 88' lang='lat' dir='ltr'><strong>fuerint</strong></span> <span class='ocrx_word' id='word_1_496' title='bbox 831 4099 894 4139; x_wconf 92' lang='lat' dir='ltr'><strong>ea</strong></span> <span class='ocrx_word' id='word_1_497' title='bbox 922 4125 938 4150; x_wconf 87' lang='lat'><strong>,</strong></span> <span class='ocrx_word' id='word_1_498' title='bbox 984 4098 1107 4152; x_wconf 77' lang='lat' dir='ltr'><strong>qua:</strong></span> <span class='ocrx_word' id='word_1_499' title='bbox 1160 4091 1352 4136; x_wconf 88' lang='lat' dir='ltr'><strong>contra</strong></span> <span class='ocrx_word' id='word_1_500' title='bbox 1397 4079 1680 4134; x_wconf 67' lang='lat' dir='ltr'><strong>Chaldaeos</strong></span> <span class='ocrx_word' id='word_1_501' title='bbox 1712 4078 1967 4148; x_wconf 67' lang='lat' dir='ltr'><strong>praedicta</strong></span> 
     </span>
    </p>
   </div>
   <div class='ocr_carea' id='block_1_71' title="bbox 387 4171 1964 4244">
    <p class='ocr_par' dir='ltr' id='par_1_71' title="bbox 387 4171 1964 4244">
     <span class='ocr_line' id='line_1_71' title="bbox 387 4171 1964 4244; baseline -0.003 -12"><span class='ocrx_word' id='word_1_502' title='bbox 387 4178 561 4243; x_wconf 85' lang='lat' dir='ltr'><strong>fuere,</strong></span> <span class='ocrx_word' id='word_1_503' title='bbox 599 4191 667 4231; x_wconf 85' lang='lat' dir='ltr'><strong>ne</strong></span> <span class='ocrx_word' id='word_1_504' title='bbox 696 4177 890 4232; x_wconf 88' lang='lat' dir='ltr'><strong>horum</strong></span> <span class='ocrx_word' id='word_1_505' title='bbox 925 4189 1149 4230; x_wconf 87' lang='lat' dir='ltr'><strong>causam</strong></span> <span class='ocrx_word' id='word_1_506' title='bbox 1179 4173 1247 4228; x_wconf 89' lang='lat' dir='ltr'><strong>iis</strong></span> <span class='ocrx_word' id='word_1_507' title='bbox 1271 4213 1288 4240; x_wconf 92' lang='lat'><strong>,</strong></span> <span class='ocrx_word' id='word_1_508' title='bbox 1313 4186 1452 4244; x_wconf 89' lang='lat' dir='ltr'><strong>quos</strong></span> <span class='ocrx_word' id='word_1_509' title='bbox 1488 4174 1622 4228; x_wconf 89' lang='lat' dir='ltr'><strong>deos</strong></span> <span class='ocrx_word' id='word_1_510' title='bbox 1659 4171 1964 4236; x_wconf 87' lang='lat' dir='ltr'><strong>arbitraris,</strong></span> 
     </span>
    </p>
   </div>
   <div class='ocr_carea' id='block_1_72' title="bbox 383 4269 657 4325">
    <p class='ocr_par' dir='ltr' id='par_1_72' title="bbox 383 4269 657 4325">
     <span class='ocr_line' id='line_1_72' title="bbox 383 4269 657 4325; baseline -0.011 0"><span class='ocrx_word' id='word_1_511' title='bbox 383 4269 657 4325; x_wconf 79' lang='lat' dir='ltr'><strong>ascribas.</strong></span> 
     </span>
    </p>
   </div>
   <div class='ocr_carea' id='block_1_73' title="bbox 457 4425 1967 4491">
    <p class='ocr_par' dir='ltr' id='par_1_73' title="bbox 457 4425 1967 4491">
     <span class='ocr_line' id='line_1_73' title="bbox 457 4425 1967 4491; baseline -0.003 -7"><span class='ocrx_word' id='word_1_512' title='bbox 457 4427 623 4484; x_wconf 74' lang='lat' dir='ltr'><strong>Vnus.</strong></span> <span class='ocrx_word' id='word_1_513' title='bbox 649 4427 760 4484; x_wconf 79' lang='lat'><strong>5-5.</strong></span> <span class='ocrx_word' id='word_1_514' title='bbox 805 4445 824 4479; x_wconf 86' lang='grc'><strong><em>‹</em></strong></span> <span class='ocrx_word' id='word_1_515' title='bbox 862 4425 1052 4482; x_wconf 87' lang='lat' dir='ltr'><strong>Priora</strong></span> <span class='ocrx_word' id='word_1_516' title='bbox 1077 4426 1257 4482; x_wconf 87' lang='lat' dir='ltr'><strong>adhuc</strong></span> <span class='ocrx_word' id='word_1_517' title='bbox 1291 4425 1633 4491; x_wconf 87' lang='lat' dir='ltr'><strong>annuntiavi,</strong></span> <span class='ocrx_word' id='word_1_518' title='bbox 1663 4435 1720 4481; x_wconf 81' lang='lat' dir='ltr'><strong>et.</strong></span> <span class='ocrx_word' id='word_1_519' title='bbox 1769 4439 1836 4479; x_wconf 79' lang='lat' dir='ltr'><strong>ex</strong></span> <span class='ocrx_word' id='word_1_520' title='bbox 1869 4439 1967 4480; x_wconf 89' lang='lat' dir='ltr'><strong>ore</strong></span> 
     </span>
    </p>
   </div>
   <div class='ocr_carea' id='block_1_74' title="bbox 386 4518 1964 4589">
    <p class='ocr_par' dir='ltr' id='par_1_74' title="bbox 386 4518 1964 4589">
     <span class='ocr_line' id='line_1_74' title="bbox 386 4518 1964 4589; baseline -0.002 -14"><span class='ocrx_word' id='word_1_521' title='bbox 386 4535 510 4576; x_wconf 91' lang='lat' dir='ltr'><strong>meo</strong></span> <span class='ocrx_word' id='word_1_522' title='bbox 535 4521 819 4584; x_wconf 58' lang='lat' dir='ltr'><strong>exierunt:</strong></span> <span class='ocrx_word' id='word_1_523' title='bbox 834 4530 890 4576; x_wconf 92' lang='lat' dir='ltr'><strong>et</strong></span> <span class='ocrx_word' id='word_1_524' title='bbox 923 4521 1174 4574; x_wconf 87' lang='lat' dir='ltr'><strong>auditum</strong></span> <span class='ocrx_word' id='word_1_525' title='bbox 1209 4519 1410 4574; x_wconf 76' lang='lat' dir='ltr'><strong>factum</strong></span> <span class='ocrx_word' id='word_1_526' title='bbox 1439 4530 1556 4575; x_wconf 88' lang='lat' dir='ltr'><strong>est:</strong></span> <span class='ocrx_word' id='word_1_527' title='bbox 1586 4530 1808 4589; x_wconf 87' lang='lat' dir='ltr'><strong>repente</strong></span> <span class='ocrx_word' id='word_1_528' title='bbox 1837 4518 1964 4584; x_wconf 80' lang='lat' dir='ltr'><strong>feci,</strong></span> 
     </span>
    </p>
   </div>
   <div class='ocr_carea' id='block_1_75' title="bbox 384 4609 1970 4682">
    <p class='ocr_par' dir='ltr' id='par_1_75' title="bbox 384 4609 1970 4682">
     <span class='ocr_line' id='line_1_75' title="bbox 384 4609 1970 4682; baseline -0.002 -14"><span class='ocrx_word' id='word_1_529' title='bbox 384 4623 442 4668; x_wconf 85' lang='lat' dir='ltr'><strong>et</strong></span> <span class='ocrx_word' id='word_1_530' title='bbox 463 4623 754 4668; x_wconf 87' lang='lat' dir='ltr'><strong>venerunt.</strong></span> <span class='ocrx_word' id='word_1_531' title='bbox 797 4613 925 4668; x_wconf 89' lang='lat' dir='ltr'><strong>Scio</strong></span> <span class='ocrx_word' id='word_1_532' title='bbox 959 4613 1082 4682; x_wconf 91' lang='lat' dir='ltr'><strong>quia</strong></span> <span class='ocrx_word' id='word_1_533' title='bbox 1111 4613 1282 4667; x_wconf 87' lang='lat' dir='ltr'><strong>durus</strong></span> <span class='ocrx_word' id='word_1_534' title='bbox 1320 4627 1378 4667; x_wconf 89' lang='lat' dir='ltr'><strong>es</strong></span> <span class='ocrx_word' id='word_1_535' title='bbox 1403 4651 1418 4676; x_wconf 87' lang='lat'><strong>,</strong></span> <span class='ocrx_word' id='word_1_536' title='bbox 1450 4622 1504 4666; x_wconf 93' lang='lat' dir='ltr'><strong>et</strong></span> <span class='ocrx_word' id='word_1_537' title='bbox 1532 4626 1730 4666; x_wconf 90' lang='lat' dir='ltr'><strong>nervus</strong></span> <span class='ocrx_word' id='word_1_538' title='bbox 1759 4609 1970 4665; x_wconf 80' lang='lat' dir='ltr'><strong>ferreus</strong></span> 
     </span>
    </p>
   </div>
   <div class='ocr_carea' id='block_1_76' title="bbox 385 4703 1966 4772">
    <p class='ocr_par' dir='ltr' id='par_1_76' title="bbox 385 4703 1966 4772">
     <span class='ocr_line' id='line_1_76' title="bbox 385 4703 1966 4772; baseline -0.003 -10"><span class='ocrx_word' id='word_1_539' title='bbox 385 4705 584 4762; x_wconf 91' lang='lat' dir='ltr'><strong>collum</strong></span> <span class='ocrx_word' id='word_1_540' title='bbox 613 4715 786 4772; x_wconf 88' lang='lat' dir='ltr'><strong>tuum,</strong></span> <span class='ocrx_word' id='word_1_541' title='bbox 811 4715 864 4760; x_wconf 93' lang='lat' dir='ltr'><strong>et</strong></span> <span class='ocrx_word' id='word_1_542' title='bbox 892 4705 1039 4760; x_wconf 83' lang='lat' dir='ltr'><strong>frons</strong></span> <span class='ocrx_word' id='word_1_543' title='bbox 1070 4715 1160 4760; x_wconf 82' lang='lat' dir='ltr'><strong>tua</strong></span> <span class='ocrx_word' id='word_1_544' title='bbox 1189 4720 1358 4760; x_wconf 73' lang='lat' dir='ltr'><strong>aenea.</strong></span> <span class='ocrx_word' id='word_1_545' title='bbox 1408 4706 1471 4758; x_wconf 85' lang='lat' dir='ltr'><strong>Et</strong></span> <span class='ocrx_word' id='word_1_546' title='bbox 1511 4703 1826 4758; x_wconf 87' lang='lat' dir='ltr'><strong>annuntiavi</strong></span> <span class='ocrx_word' id='word_1_547' title='bbox 1867 4704 1966 4757; x_wconf 87' lang='lat' dir='ltr'><strong>tibi</strong></span> 
     </span>
    </p>
   </div>
   <div class='ocr_carea' id='block_1_77' title="bbox 386 4797 1962 4868">
    <p class='ocr_par' dir='ltr' id='par_1_77' title="bbox 386 4797 1962 4868">
     <span class='ocr_line' id='line_1_77' title="bbox 386 4797 1962 4868; baseline 0 -18"><span class='ocrx_word' id='word_1_548' title='bbox 386 4807 591 4866; x_wconf 84' lang='lat' dir='ltr'><strong>vetera,</strong></span> <span class='ocrx_word' id='word_1_549' title='bbox 625 4808 918 4868; x_wconf 88' lang='lat' dir='ltr'><strong>antequam</strong></span> <span class='ocrx_word' id='word_1_550' title='bbox 956 4800 1179 4853; x_wconf 86' lang='lat' dir='ltr'><strong>veniant</strong></span> <span class='ocrx_word' id='word_1_551' title='bbox 1223 4797 1275 4851; x_wconf 90' lang='lat' dir='ltr'><strong>in</strong></span> <span class='ocrx_word' id='word_1_552' title='bbox 1312 4809 1380 4851; x_wconf 93' lang='lat' dir='ltr'><strong>te.</strong></span> <span class='ocrx_word' id='word_1_553' title='bbox 1413 4798 1670 4852; x_wconf 67' lang='lat' dir='ltr'><strong>Auditum</strong></span> <span class='ocrx_word' id='word_1_554' title='bbox 1707 4797 1802 4852; x_wconf 90' lang='lat' dir='ltr'><strong>tibi</strong></span> <span class='ocrx_word' id='word_1_555' title='bbox 1837 4797 1962 4862; x_wconf 81' lang='lat' dir='ltr'><strong>feci,</strong></span> 
     </span>
    </p>
   </div>
   <div class='ocr_carea' id='block_1_78' title="bbox 388 4889 1960 4959">
    <p class='ocr_par' dir='ltr' id='par_1_78' title="bbox 388 4889 1960 4959">
     <span class='ocr_line' id='line_1_78' title="bbox 388 4889 1960 4959; baseline 0.001 -16"><span class='ocrx_word' id='word_1_556' title='bbox 388 4904 456 4944; x_wconf 86' lang='lat' dir='ltr'><strong>ne</strong></span> <span class='ocrx_word' id='word_1_557' title='bbox 485 4890 623 4944; x_wconf 79' lang='lat' dir='ltr'><strong>forte</strong></span> <span class='ocrx_word' id='word_1_558' title='bbox 665 4890 816 4945; x_wconf 86' lang='lat' dir='ltr'><strong>dicas</strong></span> <span class='ocrx_word' id='word_1_559' title='bbox 845 4931 858 4953; x_wconf 89' lang='lat'><strong>,</strong></span> <span class='ocrx_word' id='word_1_560' title='bbox 907 4891 1190 4959; x_wconf 81' lang='lat' dir='ltr'><strong>Seulptilia</strong></span> <span class='ocrx_word' id='word_1_561' title='bbox 1227 4899 1281 4943; x_wconf 84' lang='lat' dir='ltr'><strong>et</strong></span> <span class='ocrx_word' id='word_1_562' title='bbox 1330 4889 1624 4944; x_wconf 81' lang='lat' dir='ltr'><strong>conﬂatilia</strong></span> <span class='ocrx_word' id='word_1_563' title='bbox 1670 4890 1960 4944; x_wconf 88' lang='lat' dir='ltr'><strong>mandave-</strong></span> 
     </span>
    </p>
   </div>
   <div class='ocr_carea' id='block_1_79' title="bbox 385 4981 1966 5052">
    <p class='ocr_par' dir='ltr' id='par_1_79' title="bbox 385 4981 1966 5052">
     <span class='ocr_line' id='line_1_79' title="bbox 385 4981 1966 5052; baseline -0.001 -14"><span class='ocrx_word' id='word_1_564' title='bbox 385 4991 514 5038; x_wconf 84' lang='lat' dir='ltr'><strong>runt</strong></span> <span class='ocrx_word' id='word_1_565' title='bbox 543 4983 694 5036; x_wconf 90' lang='lat' dir='ltr'><strong>mihi.</strong></span> <span class='ocrx_word' id='word_1_566' title='bbox 732 5001 750 5034; x_wconf 74' lang='grc' dir='ltr'><strong>ι</strong></span> <span class='ocrx_word' id='word_1_567' title='bbox 791 4981 868 5036; x_wconf 87' lang='lat' dir='ltr'><strong>Ne</strong></span> <span class='ocrx_word' id='word_1_568' title='bbox 904 4983 1044 5039; x_wconf 73' lang='lat' dir='ltr'><strong>ferte</strong></span> <span class='ocrx_word' id='word_1_569' title='bbox 1087 4984 1247 5037; x_wconf 89' lang='lat' dir='ltr'><strong>rebus</strong></span> <span class='ocrx_word' id='word_1_570' title='bbox 1288 4982 1670 5036; x_wconf 89' lang='lat' dir='ltr'><strong>evenientibns</strong></span> <span class='ocrx_word' id='word_1_571' title='bbox 1697 5023 1712 5047; x_wconf 91' lang='lat'><strong>,</strong></span> <span class='ocrx_word' id='word_1_572' title='bbox 1755 4990 1810 5035; x_wconf 90' lang='lat' dir='ltr'><strong>te</strong></span> <span class='ocrx_word' id='word_1_573' title='bbox 1849 4983 1966 5052; x_wconf 89' lang='lat' dir='ltr'><strong>ipse</strong></span> 
     </span>
    </p>
   </div>
   <div class='ocr_carea' id='block_1_80' title="bbox 388 5074 1964 5145">
    <p class='ocr_par' dir='ltr' id='par_1_80' title="bbox 388 5074 1964 5145">
     <span class='ocr_line' id='line_1_80' title="bbox 388 5074 1964 5145; baseline 0.001 -18"><span class='ocrx_word' id='word_1_574' title='bbox 388 5074 684 5144; x_wconf 88' lang='lat' dir='ltr'><strong>decipiens,</strong></span> <span class='ocrx_word' id='word_1_575' title='bbox 713 5086 870 5145; x_wconf 90' lang='lat' dir='ltr'><strong>putes</strong></span> <span class='ocrx_word' id='word_1_576' title='bbox 909 5091 1001 5130; x_wconf 88' lang='lat' dir='ltr'><strong>eos</strong></span> <span class='ocrx_word' id='word_1_577' title='bbox 1047 5091 1184 5145; x_wconf 89' lang='lat' dir='ltr'><strong>quos</strong></span> <span class='ocrx_word' id='word_1_578' title='bbox 1229 5076 1465 5130; x_wconf 89' lang='lat' dir='ltr'><strong>errando</strong></span> <span class='ocrx_word' id='word_1_579' title='bbox 1494 5075 1625 5129; x_wconf 88' lang='lat' dir='ltr'><strong>deos</strong></span> <span class='ocrx_word' id='word_1_580' title='bbox 1654 5075 1964 5142; x_wconf 88' lang='lat' dir='ltr'><strong>arbitraris,</strong></span> 
     </span>
    </p>
   </div>
   <div class='ocr_carea' id='block_1_81' title="bbox 389 5165 1964 5238">
    <p class='ocr_par' dir='ltr' id='par_1_81' title="bbox 389 5165 1964 5238">
     <span class='ocr_line' id='line_1_81' title="bbox 389 5165 1964 5238; baseline 0.004 -20"><span class='ocrx_word' id='word_1_581' title='bbox 389 5166 502 5221; x_wconf 73' lang='lat' dir='ltr'><strong>haec</strong></span> <span class='ocrx_word' id='word_1_582' title='bbox 548 5165 817 5222; x_wconf 79' lang='lat' dir='ltr'><strong>ell&#39;ecisse.</strong></span> <span class='ocrx_word' id='word_1_583' title='bbox 863 5168 1060 5222; x_wconf 84' lang='lat' dir='ltr'><strong>Verum</strong></span> <span class='ocrx_word' id='word_1_584' title='bbox 1100 5167 1215 5222; x_wconf 69' lang='lat' dir='ltr'><strong>haec</strong></span> <span class='ocrx_word' id='word_1_585' title='bbox 1261 5168 1622 5238; x_wconf 65' lang='lat' dir='ltr'><strong>praescientiaa</strong></span> <span class='ocrx_word' id='word_1_586' title='bbox 1669 5184 1803 5224; x_wconf 65' lang='lat' dir='ltr'><strong>mea:</strong></span> <span class='ocrx_word' id='word_1_587' title='bbox 1855 5185 1964 5224; x_wconf 92' lang='lat' dir='ltr'><strong>non</strong></span> 
     </span>
    </p>
   </div>
   <div class='ocr_carea' id='block_1_82' title="bbox 388 5257 1965 5332">
    <p class='ocr_par' dir='ltr' id='par_1_82' title="bbox 388 5257 1965 5332">
     <span class='ocr_line' id='line_1_82' title="bbox 388 5257 1965 5332; baseline 0.004 -23"><span class='ocrx_word' id='word_1_588' title='bbox 388 5257 588 5324; x_wconf 83' lang='lat' dir='ltr'><strong>latent,</strong></span> <span class='ocrx_word' id='word_1_589' title='bbox 626 5269 678 5313; x_wconf 85' lang='lat' dir='ltr'><strong>te</strong></span> <span class='ocrx_word' id='word_1_590' title='bbox 711 5275 778 5314; x_wconf 90' lang='lat' dir='ltr'><strong>ne</strong></span> <span class='ocrx_word' id='word_1_591' title='bbox 819 5276 886 5314; x_wconf 80' lang='lat' dir='ltr'><strong>ex</strong></span> <span class='ocrx_word' id='word_1_592' title='bbox 919 5261 1002 5315; x_wconf 86' lang='lat' dir='ltr'><strong>his</strong></span> <span class='ocrx_word' id='word_1_593' title='bbox 1045 5262 1262 5330; x_wconf 88' lang='lat' dir='ltr'><strong>quidem</strong></span> <span class='ocrx_word' id='word_1_594' title='bbox 1293 5261 1476 5316; x_wconf 86' lang='lat' dir='ltr'><strong>verbis</strong></span> <span class='ocrx_word' id='word_1_595' title='bbox 1506 5263 1784 5332; x_wconf 87' lang='lat' dir='ltr'><strong>quidpiam</strong></span> <span class='ocrx_word' id='word_1_596' title='bbox 1822 5263 1965 5316; x_wconf 89' lang='lat' dir='ltr'><strong>utili-</strong></span> 
     </span>
    </p>
   </div>
   <div class='ocr_carea' id='block_1_83' title="bbox 389 5348 1963 5422">
    <p class='ocr_par' dir='ltr' id='par_1_83' title="bbox 389 5348 1963 5422">
     <span class='ocr_line' id='line_1_83' title="bbox 389 5348 1963 5422; baseline 0.004 -21"><span class='ocrx_word' id='word_1_597' title='bbox 389 5348 515 5403; x_wconf 88' lang='lat' dir='ltr'><strong>tatis</strong></span> <span class='ocrx_word' id='word_1_598' title='bbox 581 5362 961 5422; x_wconf 90' lang='lat' dir='ltr'><strong>percepturum</strong></span> <span class='ocrx_word' id='word_1_599' title='bbox 1023 5367 1164 5407; x_wconf 84' lang='lat' dir='ltr'><strong>esse.</strong></span> <span class='ocrx_word' id='word_1_600' title='bbox 1228 5353 1611 5407; x_wconf 81' lang='lat' dir='ltr'><strong>Verumtamen</strong></span> <span class='ocrx_word' id='word_1_601' title='bbox 1676 5352 1963 5408; x_wconf 89' lang='lat' dir='ltr'><strong>clementia</strong></span> 
     </span>
    </p>
   </div>
   <div class='ocr_carea' id='block_1_84' title="bbox 388 5446 1966 5510">
    <p class='ocr_par' dir='ltr' id='par_1_84' title="bbox 388 5446 1966 5510">
     <span class='ocr_line' id='line_1_84' title="bbox 388 5446 1966 5510; baseline 0.004 -17"><span class='ocrx_word' id='word_1_602' title='bbox 388 5452 564 5495; x_wconf 78' lang='grc' dir='ltr'>ιιιοιιιε</span> <span class='ocrx_word' id='word_1_603' title='bbox 597 5459 734 5508; x_wconf 90' lang='lat' dir='ltr'><strong>mea,</strong></span> <span class='ocrx_word' id='word_1_604' title='bbox 767 5447 930 5500; x_wconf 89' lang='lat' dir='ltr'><strong>etiam</strong></span> <span class='ocrx_word' id='word_1_605' title='bbox 959 5463 1100 5500; x_wconf 91' lang='lat' dir='ltr'><strong>nunc</strong></span> <span class='ocrx_word' id='word_1_606' title='bbox 1131 5446 1420 5510; x_wconf 87' lang='lat' dir='ltr'><strong>testilicor,</strong></span> <span class='ocrx_word' id='word_1_607' title='bbox 1454 5460 1518 5499; x_wconf 90' lang='lat' dir='ltr'><strong>ac</strong></span> <span class='ocrx_word' id='word_1_608' title='bbox 1561 5447 1824 5500; x_wconf 91' lang='lat' dir='ltr'><strong>annuntio</strong></span> <span class='ocrx_word' id='word_1_609' title='bbox 1872 5447 1966 5500; x_wconf 92' lang='lat' dir='ltr'><strong>tibi</strong></span> 
     </span>
    </p>
   </div>
   <div class='ocr_carea' id='block_1_85' title="bbox 384 5535 1969 5610">
    <p class='ocr_par' dir='ltr' id='par_1_85' title="bbox 384 5535 1969 5610">
     <span class='ocr_line' id='line_1_85' title="bbox 384 5535 1969 5610; baseline 0.006 -26"><span class='ocrx_word' id='word_1_610' title='bbox 384 5546 470 5596; x_wconf 90' lang='lat' dir='ltr'><strong>ea,</strong></span> <span class='ocrx_word' id='word_1_611' title='bbox 506 5550 624 5603; x_wconf 68' lang='lat' dir='ltr'><strong>qua:</strong></span> <span class='ocrx_word' id='word_1_612' title='bbox 646 5535 900 5609; x_wconf 83' lang='lat' dir='ltr'><strong>Babyloni</strong></span> <span class='ocrx_word' id='word_1_613' title='bbox 925 5549 979 5595; x_wconf 88' lang='lat' dir='ltr'><strong>et</strong></span> <span class='ocrx_word' id='word_1_614' title='bbox 1001 5538 1266 5596; x_wconf 67' lang='lat' dir='ltr'><strong>Chaldaeis</strong></span> <span class='ocrx_word' id='word_1_615' title='bbox 1299 5546 1350 5595; x_wconf 87' lang='lat' dir='ltr'><strong>te</strong></span> <span class='ocrx_word' id='word_1_616' title='bbox 1375 5540 1775 5610; x_wconf 83' lang='lat' dir='ltr'><strong>oppugnaturis</strong></span> <span class='ocrx_word' id='word_1_617' title='bbox 1803 5554 1969 5595; x_wconf 87' lang='lat' dir='ltr'><strong>even-</strong></span> 
     </span>
    </p>
   </div>
   <div class='ocr_carea' id='block_1_86' title="bbox 389 5635 680 5684">
    <p class='ocr_par' dir='ltr' id='par_1_86' title="bbox 389 5635 680 5684">
     <span class='ocr_line' id='line_1_86' title="bbox 389 5635 680 5684; baseline 0.014 -4"><span class='ocrx_word' id='word_1_618' title='bbox 389 5635 507 5681; x_wconf 90' lang='lat' dir='ltr'><strong>tura</strong></span> <span class='ocrx_word' id='word_1_619' title='bbox 531 5643 680 5684; x_wconf 74' lang='grc' dir='ltr'>ειιηι.</span> 
     </span>
    </p>
   </div>
   <div class='ocr_carea' id='block_1_87' title="bbox 2070 3257 3670 3330">
    <p class='ocr_par' dir='ltr' id='par_1_87' title="bbox 2070 3257 3670 3330">
     <span class='ocr_line' id='line_1_87' title="bbox 2070 3257 3670 3330; baseline 0.002 -21"><span class='ocrx_word' id='word_1_620' title='bbox 2070 3273 2201 3326; x_wconf 78' lang='grc' dir='ltr'>νηςο</span> <span class='ocrx_word' id='word_1_621' title='bbox 2243 3257 2339 3310; x_wconf 76' lang='grc' dir='ltr'>καὶ</span> <span class='ocrx_word' id='word_1_622' title='bbox 2383 3257 2734 3328; x_wconf 89' lang='grc' dir='ltr'>ἀντεχόμενοι</span> <span class='ocrx_word' id='word_1_623' title='bbox 2780 3257 2859 3328; x_wconf 83' lang='grc' dir='ltr'>τῷ</span> <span class='ocrx_word' id='word_1_624' title='bbox 2909 3259 3134 3326; x_wconf 75' lang='grc' dir='ltr'>ὀνόματι</span> <span class='ocrx_word' id='word_1_625' title='bbox 3179 3259 3281 3328; x_wconf 80' lang='grc' dir='ltr'>τῆς</span> <span class='ocrx_word' id='word_1_626' title='bbox 3315 3258 3524 3322; x_wconf 85' lang='grc' dir='ltr'>πόλεως</span> <span class='ocrx_word' id='word_1_627' title='bbox 3566 3259 3670 3330; x_wconf 67' lang='grc' dir='ltr'>τῆς</span> 
     </span>
    </p>
   </div>
   <div class='ocr_carea' id='block_1_88' title="bbox 2071 3348 3665 3423">
    <p class='ocr_par' dir='ltr' id='par_1_88' title="bbox 2071 3348 3665 3423">
     <span class='ocr_line' id='line_1_88' title="bbox 2071 3348 3665 3423; baseline 0.001 -22"><span class='ocrx_word' id='word_1_628' title='bbox 2071 3348 2254 3416; x_wconf 84' lang='grc' dir='ltr'>ἁγίας,</span> <span class='ocrx_word' id='word_1_629' title='bbox 2303 3350 2396 3403; x_wconf 74' lang='grc' dir='ltr'>καὶ</span> <span class='ocrx_word' id='word_1_630' title='bbox 2445 3351 2538 3404; x_wconf 73' lang='grc' dir='ltr'>ἐπὶ</span> <span class='ocrx_word' id='word_1_631' title='bbox 2578 3349 2658 3422; x_wconf 84' lang='grc' dir='ltr'>τῷ</span> <span class='ocrx_word' id='word_1_632' title='bbox 2695 3350 2814 3421; x_wconf 83' lang='grc' dir='ltr'><strong>Θεῷ</strong></span> <span class='ocrx_word' id='word_1_633' title='bbox 2861 3351 3079 3423; x_wconf 81' lang='grc' dir='ltr'>Ἰσραὴλ</span> <span class='ocrx_word' id='word_1_634' title='bbox 3121 3351 3665 3423; x_wconf 78' lang='grc' dir='ltr'>ἀντιστηριζόμενοι¹</span> 
     </span>
    </p>
   </div>
   <div class='ocr_carea' id='block_1_89' title="bbox 2069 3440 3668 3517">
    <p class='ocr_par' dir='ltr' id='par_1_89' title="bbox 2069 3440 3668 3517">
     <span class='ocr_line' id='line_1_89' title="bbox 2069 3440 3668 3517; baseline 0.004 -26"><span class='ocrx_word' id='word_1_635' title='bbox 2069 3440 2277 3510; x_wconf 82' lang='grc' dir='ltr'>Κύριος</span> <span class='ocrx_word' id='word_1_636' title='bbox 2307 3441 2534 3496; x_wconf 87' lang='grc' dir='ltr'>Σαϐαὼθ</span> <span class='ocrx_word' id='word_1_637' title='bbox 2577 3442 2749 3514; x_wconf 67' lang='grc' dir='ltr'>ὄνομα</span> <span class='ocrx_word' id='word_1_638' title='bbox 2783 3443 2952 3514; x_wconf 84' lang='grc' dir='ltr'>αύτῷ.</span> <span class='ocrx_word' id='word_1_639' title='bbox 2995 3463 3014 3495; x_wconf 74' lang='grc' dir='ltr'><strong>ι</strong></span> <span class='ocrx_word' id='word_1_640' title='bbox 3053 3443 3134 3496; x_wconf 79' lang='grc' dir='ltr'>Τά</span> <span class='ocrx_word' id='word_1_641' title='bbox 3166 3444 3569 3514; x_wconf 82' lang='grc' dir='ltr'>ἐπελευσόμενα</span> <span class='ocrx_word' id='word_1_642' title='bbox 3596 3447 3668 3517; x_wconf 76' lang='grc' dir='ltr'>τῇ</span> 
     </span>
    </p>
   </div>
   <div class='ocr_carea' id='block_1_90' title="bbox 2071 3530 3672 3604">
    <p class='ocr_par' dir='ltr' id='par_1_90' title="bbox 2071 3530 3672 3604">
     <span class='ocr_line' id='line_1_90' title="bbox 2071 3530 3672 3604; baseline 0.004 -22"><span class='ocrx_word' id='word_1_643' title='bbox 2071 3530 2370 3594; x_wconf 90' lang='grc' dir='ltr'>Βαϐυλῶνι,</span> <span class='ocrx_word' id='word_1_644' title='bbox 2405 3535 2518 3595; x_wconf 87' lang='grc' dir='ltr'>τοῖς</span> <span class='ocrx_word' id='word_1_645' title='bbox 2549 3550 2610 3584; x_wconf 89' lang='grc' dir='ltr'><strong>τε</strong></span> <span class='ocrx_word' id='word_1_646' title='bbox 2645 3535 2925 3604; x_wconf 80' lang='grc' dir='ltr'>οἰκήτορσι</span> <span class='ocrx_word' id='word_1_647' title='bbox 2961 3534 3054 3588; x_wconf 70' lang='grc' dir='ltr'>καὶ</span> <span class='ocrx_word' id='word_1_648' title='bbox 3102 3537 3216 3598; x_wconf 89' lang='grc' dir='ltr'>τοῖς</span> <span class='ocrx_word' id='word_1_649' title='bbox 3250 3534 3530 3604; x_wconf 80' lang='grc' dir='ltr'>βασιλεῦσι</span> <span class='ocrx_word' id='word_1_650' title='bbox 3563 3537 3672 3588; x_wconf 80' lang='grc' dir='ltr'>αύ-</span> 
     </span>
    </p>
   </div>
   <div class='ocr_carea' id='block_1_91' title="bbox 2068 3620 3672 3693">
    <p class='ocr_par' dir='ltr' id='par_1_91' title="bbox 2068 3620 3672 3693">
     <span class='ocr_line' id='line_1_91' title="bbox 2068 3620 3672 3693; baseline 0.006 -22"><span class='ocrx_word' id='word_1_651' title='bbox 2068 3620 2166 3691; x_wconf 82' lang='grc' dir='ltr'>τῆς</span> <span class='ocrx_word' id='word_1_652' title='bbox 2199 3623 2673 3693; x_wconf 87' lang='grc' dir='ltr'>προαναφωνήσας</span> <span class='ocrx_word' id='word_1_653' title='bbox 2705 3623 2734 3675; x_wconf 88' lang='grc' dir='ltr'>ὁ</span> <span class='ocrx_word' id='word_1_654' title='bbox 2760 3622 2940 3689; x_wconf 83' lang='grc' dir='ltr'>λόγος,</span> <span class='ocrx_word' id='word_1_655' title='bbox 2984 3624 3076 3677; x_wconf 85' lang='grc' dir='ltr'>τὸν</span> <span class='ocrx_word' id='word_1_656' title='bbox 3110 3623 3219 3678; x_wconf 88' lang='grc' dir='ltr'><strong>τῶν</strong></span> <span class='ocrx_word' id='word_1_657' title='bbox 3257 3623 3526 3678; x_wconf 81' lang='grc' dir='ltr'>Ἰουδαίων</span> <span class='ocrx_word' id='word_1_658' title='bbox 3558 3625 3672 3680; x_wconf 65' lang='grc' dir='ltr'><strong>ἀπα</strong></span> 
     </span>
    </p>
   </div>
   <div class='ocr_carea' id='block_1_92' title="bbox 2071 3711 3673 3786">
    <p class='ocr_par' dir='ltr' id='par_1_92' title="bbox 2071 3711 3673 3786">
     <span class='ocr_line' id='line_1_92' title="bbox 2071 3711 3673 3786; baseline 0.004 -20"><span class='ocrx_word' id='word_1_659' title='bbox 2071 3711 2278 3782; x_wconf 86' lang='grc' dir='ltr'>ελέγχει</span> <span class='ocrx_word' id='word_1_660' title='bbox 2319 3711 2446 3766; x_wconf 76' lang='grc' dir='ltr'>λαὸν</span> <span class='ocrx_word' id='word_1_661' title='bbox 2484 3711 2574 3766; x_wconf 86' lang='grc' dir='ltr'><strong>διὰ</strong></span> <span class='ocrx_word' id='word_1_662' title='bbox 2609 3713 2718 3766; x_wconf 88' lang='grc' dir='ltr'><strong>τῶν</strong></span> <span class='ocrx_word' id='word_1_663' title='bbox 2752 3715 3130 3786; x_wconf 82' lang='grc' dir='ltr'>προκειμένων</span> <span class='ocrx_word' id='word_1_664' title='bbox 3161 3716 3408 3784; x_wconf 79' lang='grc' dir='ltr'>φάσκων,</span> <span class='ocrx_word' id='word_1_665' title='bbox 3453 3718 3534 3770; x_wconf 81' lang='grc' dir='ltr'>ὅτι</span> <span class='ocrx_word' id='word_1_666' title='bbox 3577 3717 3673 3772; x_wconf 63' lang='grc' dir='ltr'><strong>διὰ</strong></span> 
     </span>
    </p>
   </div>
   <div class='ocr_carea' id='block_1_93' title="bbox 2068 3801 3666 3874">
    <p class='ocr_par' dir='ltr' id='par_1_93' title="bbox 2068 3801 3666 3874">
     <span class='ocr_line' id='line_1_93' title="bbox 2068 3801 3666 3874; baseline 0.003 -19"><span class='ocrx_word' id='word_1_667' title='bbox 2068 3802 2130 3855; x_wconf 89' lang='grc' dir='ltr'>τὸ</span> <span class='ocrx_word' id='word_1_668' title='bbox 2168 3801 2298 3873; x_wconf 85' lang='grc' dir='ltr'>παρ’</span> <span class='ocrx_word' id='word_1_669' title='bbox 2332 3803 2457 3874; x_wconf 78' lang='grc' dir='ltr'>ἐμοὶ</span> <span class='ocrx_word' id='word_1_670' title='bbox 2496 3802 2704 3856; x_wconf 88' lang='grc' dir='ltr'>δίκαιον</span> <span class='ocrx_word' id='word_1_671' title='bbox 2749 3805 2936 3869; x_wconf 84' lang='grc' dir='ltr'>ἐπάξω</span> <span class='ocrx_word' id='word_1_672' title='bbox 2969 3805 3141 3858; x_wconf 78' lang='grc' dir='ltr'>ταῦτα</span> <span class='ocrx_word' id='word_1_673' title='bbox 3186 3807 3326 3860; x_wconf 77' lang='grc' dir='ltr'>κατὰ</span> <span class='ocrx_word' id='word_1_674' title='bbox 3367 3807 3475 3862; x_wconf 87' lang='grc' dir='ltr'><strong>τῶν</strong></span> <span class='ocrx_word' id='word_1_675' title='bbox 3517 3809 3666 3862; x_wconf 82' lang='grc' dir='ltr'>Χαλ-</span> 
     </span>
    </p>
   </div>
   <div class='ocr_carea' id='block_1_94' title="bbox 2068 3890 3669 3966">
    <p class='ocr_par' dir='ltr' id='par_1_94' title="bbox 2068 3890 3669 3966">
     <span class='ocr_line' id='line_1_94' title="bbox 2068 3890 3669 3966; baseline 0.004 -20"><span class='ocrx_word' id='word_1_676' title='bbox 2068 3891 2254 3947; x_wconf 89' lang='grc' dir='ltr'>δαίων·</span> <span class='ocrx_word' id='word_1_677' title='bbox 2279 3895 2341 3947; x_wconf 85' lang='grc' dir='ltr'>οὐ</span> <span class='ocrx_word' id='word_1_678' title='bbox 2371 3894 2477 3966; x_wconf 84' lang='grc' dir='ltr'>μὴν</span> <span class='ocrx_word' id='word_1_679' title='bbox 2501 3895 2586 3947; x_wconf 82' lang='grc' dir='ltr'>ὅτι</span> <span class='ocrx_word' id='word_1_680' title='bbox 2619 3896 2684 3948; x_wconf 82' lang='grc' dir='ltr'>σὺ</span> <span class='ocrx_word' id='word_1_681' title='bbox 2710 3893 2965 3966; x_wconf 81' lang='grc' dir='ltr'>βοηθείας</span> <span class='ocrx_word' id='word_1_682' title='bbox 2985 3890 3128 3965; x_wconf 84' lang='grc' dir='ltr'>ἦσθα</span> <span class='ocrx_word' id='word_1_683' title='bbox 3161 3896 3329 3961; x_wconf 81' lang='grc' dir='ltr'>ἄξιος.</span> <span class='ocrx_word' id='word_1_684' title='bbox 3360 3899 3471 3952; x_wconf 77' lang='grc' dir='ltr'><strong>Καὶ</strong></span> <span class='ocrx_word' id='word_1_685' title='bbox 3492 3899 3669 3954; x_wconf 78' lang='grc' dir='ltr'>ταῦτα</span> 
     </span>
    </p>
   </div>
   <div class='ocr_carea' id='block_1_95' title="bbox 2070 3987 3667 4062">
    <p class='ocr_par' dir='ltr' id='par_1_95' title="bbox 2070 3987 3667 4062">
     <span class='ocr_line' id='line_1_95' title="bbox 2070 3987 3667 4062; baseline 0.003 -23"><span class='ocrx_word' id='word_1_686' title='bbox 2070 3987 2359 4058; x_wconf 87' lang='grc' dir='ltr'>προλαϐὼν</span> <span class='ocrx_word' id='word_1_687' title='bbox 2411 3989 2674 4058; x_wconf 88' lang='grc' dir='ltr'>προεῖπον</span> <span class='ocrx_word' id='word_1_688' title='bbox 2725 3987 2857 4058; x_wconf 72' lang='grc' dir='ltr'>πρὶν</span> <span class='ocrx_word' id='word_1_689' title='bbox 2907 3987 3163 4056; x_wconf 86' lang='grc' dir='ltr'>γενέσθαι</span> <span class='ocrx_word' id='word_1_690' title='bbox 3215 3988 3285 4042; x_wconf 81' lang='grc' dir='ltr'><strong>τὰ</strong></span> <span class='ocrx_word' id='word_1_691' title='bbox 3337 3991 3667 4062; x_wconf 84' lang='grc' dir='ltr'>πράγματα,</span> 
     </span>
    </p>
   </div>
   <div class='ocr_carea' id='block_1_96' title="bbox 2071 4079 3669 4158">
    <p class='ocr_par' dir='ltr' id='par_1_96' title="bbox 2071 4079 3669 4158">
     <span class='ocr_line' id='line_1_96' title="bbox 2071 4079 3669 4158; baseline 0.003 -24"><span class='ocrx_word' id='word_1_692' title='bbox 2071 4079 2378 4154; x_wconf 85' lang='grc' dir='ltr'>προγνώσει</span> <span class='ocrx_word' id='word_1_693' title='bbox 2427 4079 2581 4152; x_wconf 84' lang='grc' dir='ltr'>θεῖκῇ</span> <span class='ocrx_word' id='word_1_694' title='bbox 2632 4080 2927 4143; x_wconf 85' lang='grc' dir='ltr'>θεσπίσας·</span> <span class='ocrx_word' id='word_1_695' title='bbox 2981 4080 3047 4133; x_wconf 82' lang='grc' dir='ltr'>ἵν’</span> <span class='ocrx_word' id='word_1_696' title='bbox 3094 4082 3314 4136; x_wconf 80' lang='grc' dir='ltr'>ἐπειδὰν</span> <span class='ocrx_word' id='word_1_697' title='bbox 3360 4085 3442 4148; x_wconf 85' lang='grc' dir='ltr'><strong>είς</strong></span> <span class='ocrx_word' id='word_1_698' title='bbox 3487 4086 3669 4158; x_wconf 79' lang='grc' dir='ltr'>πέρας</span> 
     </span>
    </p>
   </div>
   <div class='ocr_carea' id='block_1_97' title="bbox 2069 4171 3667 4244">
    <p class='ocr_par' dir='ltr' id='par_1_97' title="bbox 2069 4171 3667 4244">
     <span class='ocr_line' id='line_1_97' title="bbox 2069 4171 3667 4244; baseline 0.003 -18"><span class='ocrx_word' id='word_1_699' title='bbox 2069 4173 2233 4243; x_wconf 86' lang='grc' dir='ltr'>ἀχθῇ,</span> <span class='ocrx_word' id='word_1_700' title='bbox 2261 4173 2357 4226; x_wconf 76' lang='grc' dir='ltr'><strong>καὶ</strong></span> <span class='ocrx_word' id='word_1_701' title='bbox 2390 4172 2456 4226; x_wconf 85' lang='grc' dir='ltr'><strong>δι’</strong></span> <span class='ocrx_word' id='word_1_702' title='bbox 2496 4172 2674 4244; x_wconf 80' lang='grc' dir='ltr'>ἔργων</span> <span class='ocrx_word' id='word_1_703' title='bbox 2711 4173 2937 4244; x_wconf 81' lang='grc' dir='ltr'>χωρήσῃ</span> <span class='ocrx_word' id='word_1_704' title='bbox 2968 4171 3037 4226; x_wconf 83' lang='grc' dir='ltr'><strong>τὰ</strong></span> <span class='ocrx_word' id='word_1_705' title='bbox 3070 4174 3211 4228; x_wconf 87' lang='grc' dir='ltr'><strong>κατά</strong></span> <span class='ocrx_word' id='word_1_706' title='bbox 3235 4173 3344 4229; x_wconf 85' lang='grc' dir='ltr'><strong>τῶν</strong></span> <span class='ocrx_word' id='word_1_707' title='bbox 3376 4176 3667 4233; x_wconf 75' lang='grc' dir='ltr'>Χαλδαίων</span> 
     </span>
    </p>
   </div>
   <div class='ocr_carea' id='block_1_98' title="bbox 2069 4256 3670 4336">
    <p class='ocr_par' dir='ltr' id='par_1_98' title="bbox 2069 4256 3670 4336">
     <span class='ocr_line' id='line_1_98' title="bbox 2069 4256 3670 4336; baseline 0.003 -21"><span class='ocrx_word' id='word_1_708' title='bbox 2069 4263 2545 4334; x_wconf 81' lang='grc' dir='ltr'>προηγορευμένα,</span> <span class='ocrx_word' id='word_1_709' title='bbox 2599 4261 2674 4334; x_wconf 87' lang='grc' dir='ltr'>μὴ</span> <span class='ocrx_word' id='word_1_710' title='bbox 2722 4256 2804 4325; x_wconf 78' lang='grc' dir='ltr'>οἷς</span> <span class='ocrx_word' id='word_1_711' title='bbox 2849 4263 3094 4332; x_wconf 76' lang='grc' dir='ltr'>νομίζεις</span> <span class='ocrx_word' id='word_1_712' title='bbox 3141 4262 3284 4327; x_wconf 81' lang='grc' dir='ltr'>θεοῖς</span> <span class='ocrx_word' id='word_1_713' title='bbox 3332 4263 3432 4336; x_wconf 85' lang='grc' dir='ltr'>τὴν</span> <span class='ocrx_word' id='word_1_714' title='bbox 3481 4267 3670 4320; x_wconf 75' lang='grc' dir='ltr'>αἰτίαν</span> 
     </span>
    </p>
   </div>
   <div class='ocr_carea' id='block_1_99' title="bbox 2069 4351 2346 4423">
    <p class='ocr_par' dir='ltr' id='par_1_99' title="bbox 2069 4351 2346 4423">
     <span class='ocr_line' id='line_1_99' title="bbox 2069 4351 2346 4423; baseline -0.007 -17"><span class='ocrx_word' id='word_1_715' title='bbox 2069 4351 2346 4423; x_wconf 83' lang='grc' dir='ltr'>ἀναθείης.</span> 
     </span>
    </p>
   </div>
   <div class='ocr_carea' id='block_1_100' title="bbox 2147 4439 3669 4513">
    <p class='ocr_par' dir='ltr' id='par_1_100' title="bbox 2147 4439 3669 4513">
     <span class='ocr_line' id='line_1_100' title="bbox 2147 4439 3669 4513; baseline 0.003 -21"><span class='ocrx_word' id='word_1_716' title='bbox 2147 4458 2166 4492; x_wconf 86' lang='grc'>‹</span> <span class='ocrx_word' id='word_1_717' title='bbox 2207 4440 2287 4492; x_wconf 83' lang='grc' dir='ltr'><strong>Τὰ</strong></span> <span class='ocrx_word' id='word_1_718' title='bbox 2317 4440 2562 4511; x_wconf 88' lang='grc' dir='ltr'>πρότερα</span> <span class='ocrx_word' id='word_1_719' title='bbox 2589 4439 2668 4493; x_wconf 75' lang='grc' dir='ltr'>ἔτι</span> <span class='ocrx_word' id='word_1_720' title='bbox 2703 4441 3019 4512; x_wconf 81' lang='grc' dir='ltr'>ἀνήγγειλα,</span> <span class='ocrx_word' id='word_1_721' title='bbox 3049 4442 3144 4495; x_wconf 73' lang='grc' dir='ltr'>καὶ</span> <span class='ocrx_word' id='word_1_722' title='bbox 3173 4443 3236 4494; x_wconf 85' lang='grc' dir='ltr'><strong>ἐκ</strong></span> <span class='ocrx_word' id='word_1_723' title='bbox 3264 4441 3360 4494; x_wconf 79' lang='grc' dir='ltr'><strong>τοῦ</strong></span> <span class='ocrx_word' id='word_1_724' title='bbox 3396 4443 3669 4513; x_wconf 84' lang='grc' dir='ltr'>στόματός</span> 
     </span>
    </p>
   </div>
   <div class='ocr_carea' id='block_1_101' title="bbox 2077 4529 3666 4605">
    <p class='ocr_par' dir='ltr' id='par_1_101' title="bbox 2077 4529 3666 4605">
     <span class='ocr_line' id='line_1_101' title="bbox 2077 4529 3666 4605; baseline 0.002 -22"><span class='ocrx_word' id='word_1_725' title='bbox 2077 4548 2178 4602; x_wconf 90' lang='grc' dir='ltr'><strong>μου</strong></span> <span class='ocrx_word' id='word_1_726' title='bbox 2209 4529 2420 4602; x_wconf 83' lang='grc' dir='ltr'>ἐξῆλθε,</span> <span class='ocrx_word' id='word_1_727' title='bbox 2453 4529 2547 4582; x_wconf 78' lang='grc' dir='ltr'>καὶ</span> <span class='ocrx_word' id='word_1_728' title='bbox 2581 4530 2845 4583; x_wconf 77' lang='grc' dir='ltr'>ἀκουστὸν</span> <span class='ocrx_word' id='word_1_729' title='bbox 2877 4531 3112 4599; x_wconf 83' lang='grc' dir='ltr'>ἐγένετο·</span> <span class='ocrx_word' id='word_1_730' title='bbox 3149 4532 3378 4598; x_wconf 79' lang='grc' dir='ltr'>ἐξάπινα</span> <span class='ocrx_word' id='word_1_731' title='bbox 3407 4533 3666 4605; x_wconf 80' lang='grc' dir='ltr'>ἐποίησα.</span> 
     </span>
    </p>
   </div>
   <div class='ocr_carea' id='block_1_102' title="bbox 2073 4613 3746 4696">
    <p class='ocr_par' dir='ltr' id='par_1_102' title="bbox 2073 4613 3746 4696">
     <span class='ocr_line' id='line_1_102' title="bbox 2073 4613 3746 4696; baseline 0.004 -20"><span class='ocrx_word' id='word_1_732' title='bbox 2073 4625 2169 4676; x_wconf 80' lang='grc' dir='ltr'>καὶ</span> <span class='ocrx_word' id='word_1_733' title='bbox 2213 4623 2434 4693; x_wconf 74' lang='grc' dir='ltr'>ἐπῆλθε.</span> <span class='ocrx_word' id='word_1_734' title='bbox 2471 4621 2749 4686; x_wconf 85' lang='grc' dir='ltr'>Γινώσκω,</span> <span class='ocrx_word' id='word_1_735' title='bbox 2798 4625 2878 4677; x_wconf 84' lang='grc' dir='ltr'>ὅτι</span> <span class='ocrx_word' id='word_1_736' title='bbox 2925 4624 3161 4695; x_wconf 84' lang='grc' dir='ltr'>σκληρὸς</span> <span class='ocrx_word' id='word_1_737' title='bbox 3206 4619 3275 4687; x_wconf 82' lang='grc' dir='ltr'>εἴ,</span> <span class='ocrx_word' id='word_1_738' title='bbox 3331 4625 3426 4679; x_wconf 74' lang='grc' dir='ltr'>καὶ</span> <span class='ocrx_word' id='word_1_739' title='bbox 3467 4626 3667 4696; x_wconf 81' lang='grc' dir='ltr'>νεῦρον</span> <span class='ocrx_word' id='word_1_740' title='bbox 3720 4613 3746 4638; x_wconf 54' lang='lat'><strong>‘</strong></span> 
     </span>
    </p>
   </div>
   <div class='ocr_carea' id='block_1_103' title="bbox 2075 4715 3668 4788">
    <p class='ocr_par' dir='ltr' id='par_1_103' title="bbox 2075 4715 3668 4788">
     <span class='ocr_line' id='line_1_103' title="bbox 2075 4715 3668 4788; baseline 0.001 -19"><span class='ocrx_word' id='word_1_741' title='bbox 2075 4715 2327 4787; x_wconf 78' lang='grc' dir='ltr'>σιδηροῦν</span> <span class='ocrx_word' id='word_1_742' title='bbox 2355 4718 2382 4769; x_wconf 87' lang='grc' dir='ltr'>ὁ</span> <span class='ocrx_word' id='word_1_743' title='bbox 2413 4717 2682 4788; x_wconf 86' lang='grc' dir='ltr'>τράχηλός</span> <span class='ocrx_word' id='word_1_744' title='bbox 2713 4735 2828 4781; x_wconf 90' lang='grc' dir='ltr'>σου,</span> <span class='ocrx_word' id='word_1_745' title='bbox 2875 4717 2970 4770; x_wconf 77' lang='grc' dir='ltr'>καὶ</span> <span class='ocrx_word' id='word_1_746' title='bbox 3000 4716 3061 4769; x_wconf 84' lang='grc' dir='ltr'>τὸ</span> <span class='ocrx_word' id='word_1_747' title='bbox 3105 4717 3354 4786; x_wconf 87' lang='grc' dir='ltr'>μέτωπόν</span> <span class='ocrx_word' id='word_1_748' title='bbox 3400 4735 3493 4770; x_wconf 90' lang='grc' dir='ltr'><strong>σου</strong></span> <span class='ocrx_word' id='word_1_749' title='bbox 3529 4719 3668 4788; x_wconf 77' lang='grc' dir='ltr'>χαλ-</span> 
     </span>
    </p>
   </div>
   <div class='ocr_carea' id='block_1_104' title="bbox 2074 4804 3666 4878">
    <p class='ocr_par' dir='ltr' id='par_1_104' title="bbox 2074 4804 3666 4878">
     <span class='ocr_line' id='line_1_104' title="bbox 2074 4804 3666 4878; baseline 0.002 -19"><span class='ocrx_word' id='word_1_750' title='bbox 2074 4804 2224 4860; x_wconf 80' lang='grc' dir='ltr'>κοῦν.</span> <span class='ocrx_word' id='word_1_751' title='bbox 2252 4807 2362 4859; x_wconf 78' lang='grc' dir='ltr'><strong>Καὶ</strong></span> <span class='ocrx_word' id='word_1_752' title='bbox 2386 4807 2687 4877; x_wconf 80' lang='grc' dir='ltr'>ἀνήγγειλά</span> <span class='ocrx_word' id='word_1_753' title='bbox 2715 4824 2795 4860; x_wconf 90' lang='grc' dir='ltr'><strong>σοι</strong></span> <span class='ocrx_word' id='word_1_754' title='bbox 2825 4806 3050 4870; x_wconf 79' lang='grc' dir='ltr'>παλαιὰ,</span> <span class='ocrx_word' id='word_1_755' title='bbox 3088 4807 3216 4878; x_wconf 69' lang='grc' dir='ltr'>πρὶν</span> <span class='ocrx_word' id='word_1_756' title='bbox 3248 4807 3420 4859; x_wconf 85' lang='grc' dir='ltr'>ἐλθεῖν</span> <span class='ocrx_word' id='word_1_757' title='bbox 3448 4808 3541 4859; x_wconf 76' lang='grc' dir='ltr'>ἐπὶ</span> <span class='ocrx_word' id='word_1_758' title='bbox 3570 4809 3666 4862; x_wconf 88' lang='grc' dir='ltr'>σέ·</span> 
     </span>
    </p>
   </div>
   <div class='ocr_carea' id='block_1_105' title="bbox 2073 4897 3670 4970">
    <p class='ocr_par' dir='ltr' id='par_1_105' title="bbox 2073 4897 3670 4970">
     <span class='ocr_line' id='line_1_105' title="bbox 2073 4897 3670 4970; baseline 0.004 -20"><span class='ocrx_word' id='word_1_759' title='bbox 2073 4897 2338 4951; x_wconf 81' lang='grc' dir='ltr'>ἀκουστὸν</span> <span class='ocrx_word' id='word_1_760' title='bbox 2373 4915 2454 4951; x_wconf 91' lang='grc' dir='ltr'><strong>σοι</strong></span> <span class='ocrx_word' id='word_1_761' title='bbox 2477 4899 2729 4969; x_wconf 87' lang='grc' dir='ltr'>ἐποίησα.</span> <span class='ocrx_word' id='word_1_762' title='bbox 2761 4901 2969 4970; x_wconf 77' lang='grc' dir='ltr'>μήποτε</span> <span class='ocrx_word' id='word_1_763' title='bbox 3002 4898 3162 4970; x_wconf 82' lang='grc' dir='ltr'>εἴπῃς</span> <span class='ocrx_word' id='word_1_764' title='bbox 3185 4940 3199 4963; x_wconf 86' lang='grc'><strong>,</strong></span> <span class='ocrx_word' id='word_1_765' title='bbox 3228 4901 3310 4953; x_wconf 83' lang='grc' dir='ltr'>ὅτι</span> <span class='ocrx_word' id='word_1_766' title='bbox 3340 4900 3421 4953; x_wconf 83' lang='grc' dir='ltr'><strong>Τὰ</strong></span> <span class='ocrx_word' id='word_1_767' title='bbox 3447 4901 3670 4968; x_wconf 78' lang='grc' dir='ltr'>γλυπτὰ</span> 
     </span>
    </p>
   </div>
   <div class='ocr_carea' id='block_1_106' title="bbox 2071 4987 3667 5064">
    <p class='ocr_par' dir='ltr' id='par_1_106' title="bbox 2071 4987 3667 5064">
     <span class='ocr_line' id='line_1_106' title="bbox 2071 4987 3667 5064; baseline 0.004 -23"><span class='ocrx_word' id='word_1_768' title='bbox 2071 4989 2164 5041; x_wconf 70' lang='grc' dir='ltr'><strong>καὶ</strong></span> <span class='ocrx_word' id='word_1_769' title='bbox 2195 4987 2264 5041; x_wconf 88' lang='grc' dir='ltr'><strong>τά</strong></span> <span class='ocrx_word' id='word_1_770' title='bbox 2293 4990 2534 5059; x_wconf 84' lang='grc' dir='ltr'>χωνευτά</span> <span class='ocrx_word' id='word_1_771' title='bbox 2576 4989 2876 5043; x_wconf 86' lang='grc' dir='ltr'>ἐνετείλατό</span> <span class='ocrx_word' id='word_1_772' title='bbox 2919 5007 3029 5060; x_wconf 90' lang='grc' dir='ltr'>μοι.</span> <span class='ocrx_word' id='word_1_773' title='bbox 3064 5009 3080 5042; x_wconf 73' lang='grc' dir='ltr'><strong>ι</strong></span> <span class='ocrx_word' id='word_1_774' title='bbox 3115 4992 3343 5061; x_wconf 82' lang='grc' dir='ltr'>Μήποτε</span> <span class='ocrx_word' id='word_1_775' title='bbox 3373 4991 3480 5044; x_wconf 87' lang='grc' dir='ltr'><strong>τῶν</strong></span> <span class='ocrx_word' id='word_1_776' title='bbox 3516 5010 3667 5064; x_wconf 83' lang='grc' dir='ltr'>πρα-</span> 
     </span>
    </p>
   </div>
   <div class='ocr_carea' id='block_1_107' title="bbox 2069 5081 3670 5156">
    <p class='ocr_par' dir='ltr' id='par_1_107' title="bbox 2069 5081 3670 5156">
     <span class='ocr_line' id='line_1_107' title="bbox 2069 5081 3670 5156; baseline 0.002 -23"><span class='ocrx_word' id='word_1_777' title='bbox 2069 5081 2296 5150; x_wconf 88' lang='grc' dir='ltr'>γμάτων</span> <span class='ocrx_word' id='word_1_778' title='bbox 2328 5081 2684 5146; x_wconf 81' lang='grc' dir='ltr'>ἐπελθόντων,</span> <span class='ocrx_word' id='word_1_779' title='bbox 2719 5081 2944 5135; x_wconf 87' lang='grc' dir='ltr'>ἀπατῶν</span> <span class='ocrx_word' id='word_1_780' title='bbox 2978 5081 3192 5146; x_wconf 73' lang='grc' dir='ltr'>σαυτὸν,</span> <span class='ocrx_word' id='word_1_781' title='bbox 3225 5083 3353 5146; x_wconf 80' lang='grc' dir='ltr'>τοὺς</span> <span class='ocrx_word' id='word_1_782' title='bbox 3385 5084 3670 5156; x_wconf 82' lang='grc' dir='ltr'>πεπλανη-</span> 
     </span>
    </p>
   </div>
   <div class='ocr_carea' id='block_1_108' title="bbox 2073 5171 3666 5246">
    <p class='ocr_par' dir='ltr' id='par_1_108' title="bbox 2073 5171 3666 5246">
     <span class='ocr_line' id='line_1_108' title="bbox 2073 5171 3666 5246; baseline 0.003 -22"><span class='ocrx_word' id='word_1_783' title='bbox 2073 5171 2249 5243; x_wconf 85' lang='grc' dir='ltr'>μένως</span> <span class='ocrx_word' id='word_1_784' title='bbox 2300 5173 2688 5244; x_wconf 75' lang='grc' dir='ltr'>νομιζομένους</span> <span class='ocrx_word' id='word_1_785' title='bbox 2740 5190 2822 5226; x_wconf 89' lang='grc' dir='ltr'><strong>σοι</strong></span> <span class='ocrx_word' id='word_1_786' title='bbox 2871 5173 3025 5237; x_wconf 81' lang='grc' dir='ltr'>θεοὺς</span> <span class='ocrx_word' id='word_1_787' title='bbox 3075 5173 3476 5246; x_wconf 84' lang='grc' dir='ltr'>πεποιημένους</span> <span class='ocrx_word' id='word_1_788' title='bbox 3520 5177 3666 5229; x_wconf 72' lang='grc' dir='ltr'>αὐτὰ</span> 
     </span>
    </p>
   </div>
   <div class='ocr_carea' id='block_1_109' title="bbox 2067 5264 3665 5338">
    <p class='ocr_par' dir='ltr' id='par_1_109' title="bbox 2067 5264 3665 5338">
     <span class='ocr_line' id='line_1_109' title="bbox 2067 5264 3665 5338; baseline 0.003 -21"><span class='ocrx_word' id='word_1_789' title='bbox 2067 5264 2369 5336; x_wconf 83' lang='grc' dir='ltr'>νομίσειας.</span> <span class='ocrx_word' id='word_1_790' title='bbox 2423 5265 2570 5338; x_wconf 81' lang='grc' dir='ltr'>Πλὴν</span> <span class='ocrx_word' id='word_1_791' title='bbox 2623 5267 2715 5319; x_wconf 73' lang='grc' dir='ltr'><strong>καὶ</strong></span> <span class='ocrx_word' id='word_1_792' title='bbox 2766 5265 2925 5319; x_wconf 82' lang='grc' dir='ltr'>τοῦτο</span> <span class='ocrx_word' id='word_1_793' title='bbox 2974 5267 3073 5336; x_wconf 82' lang='grc' dir='ltr'>τὴν</span> <span class='ocrx_word' id='word_1_794' title='bbox 3116 5267 3257 5337; x_wconf 88' lang='grc' dir='ltr'>ἐμὴν</span> <span class='ocrx_word' id='word_1_795' title='bbox 3294 5267 3354 5319; x_wconf 83' lang='grc' dir='ltr'><strong>ού</strong></span> <span class='ocrx_word' id='word_1_796' title='bbox 3405 5267 3665 5321; x_wconf 85' lang='grc' dir='ltr'>λανθάνει</span> 
     </span>
    </p>
   </div>
   <div class='ocr_carea' id='block_1_110' title="bbox 2069 5356 3666 5430">
    <p class='ocr_par' dir='ltr' id='par_1_110' title="bbox 2069 5356 3666 5430">
     <span class='ocr_line' id='line_1_110' title="bbox 2069 5356 3666 5430; baseline 0.004 -22"><span class='ocrx_word' id='word_1_797' title='bbox 2069 5356 2400 5427; x_wconf 88' lang='grc' dir='ltr'>πρόγνωσιν,</span> <span class='ocrx_word' id='word_1_798' title='bbox 2433 5358 2494 5410; x_wconf 86' lang='grc' dir='ltr'><strong>τὺ</strong></span> <span class='ocrx_word' id='word_1_799' title='bbox 2530 5359 2651 5430; x_wconf 87' lang='grc' dir='ltr'>μηδ’</span> <span class='ocrx_word' id='word_1_800' title='bbox 2699 5361 2765 5412; x_wconf 84' lang='grc' dir='ltr'><strong>ἐκ</strong></span> <span class='ocrx_word' id='word_1_801' title='bbox 2811 5357 3014 5411; x_wconf 90' lang='grc' dir='ltr'>τούτων</span> <span class='ocrx_word' id='word_1_802' title='bbox 3062 5357 3515 5430; x_wconf 79' lang='grc' dir='ltr'>ὠφεληθήσεσθαι</span> <span class='ocrx_word' id='word_1_803' title='bbox 3548 5361 3666 5414; x_wconf 88' lang='grc' dir='ltr'><strong>τῶν</strong></span> 
     </span>
    </p>
   </div>
   <div class='ocr_carea' id='block_1_111' title="bbox 2066 5447 3665 5524">
    <p class='ocr_par' dir='ltr' id='par_1_111' title="bbox 2066 5447 3665 5524">
     <span class='ocr_line' id='line_1_111' title="bbox 2066 5447 3665 5524; baseline 0.004 -24"><span class='ocrx_word' id='word_1_804' title='bbox 2066 5447 2262 5518; x_wconf 84' lang='grc' dir='ltr'>λόγων.</span> <span class='ocrx_word' id='word_1_805' title='bbox 2308 5448 2504 5521; x_wconf 85' lang='grc' dir='ltr'>’Ὁμως</span> <span class='ocrx_word' id='word_1_806' title='bbox 2537 5451 2581 5503; x_wconf 87' lang='grc' dir='ltr'>δ’</span> <span class='ocrx_word' id='word_1_807' title='bbox 2614 5447 2707 5504; x_wconf 79' lang='grc' dir='ltr'><strong>οὖν</strong></span> <span class='ocrx_word' id='word_1_808' title='bbox 2744 5451 2839 5504; x_wconf 75' lang='grc' dir='ltr'>ἐπὶ</span> <span class='ocrx_word' id='word_1_809' title='bbox 2872 5451 2972 5522; x_wconf 85' lang='grc' dir='ltr'>μὲν</span> <span class='ocrx_word' id='word_1_810' title='bbox 3011 5453 3076 5522; x_wconf 81' lang='grc' dir='ltr'>τῇ</span> <span class='ocrx_word' id='word_1_811' title='bbox 3119 5451 3313 5504; x_wconf 81' lang='grc' dir='ltr'>ἐαυτοῦ</span> <span class='ocrx_word' id='word_1_812' title='bbox 3347 5451 3665 5524; x_wconf 83' lang='grc' dir='ltr'>φιλανθρω-</span> 
     </span>
    </p>
   </div>
   <div class='ocr_carea' id='block_1_112' title="bbox 2067 5541 3662 5614">
    <p class='ocr_par' dir='ltr' id='par_1_112' title="bbox 2067 5541 3662 5614">
     <span class='ocr_line' id='line_1_112' title="bbox 2067 5541 3662 5614; baseline 0.004 -22"><span class='ocrx_word' id='word_1_813' title='bbox 2067 5541 2187 5612; x_wconf 79' lang='grc' dir='ltr'>πίᾳ,</span> <span class='ocrx_word' id='word_1_814' title='bbox 2221 5541 2301 5595; x_wconf 74' lang='grc' dir='ltr'>ἔτι</span> <span class='ocrx_word' id='word_1_815' title='bbox 2345 5543 2441 5596; x_wconf 74' lang='grc' dir='ltr'>καὶ</span> <span class='ocrx_word' id='word_1_816' title='bbox 2487 5541 2583 5595; x_wconf 82' lang='grc' dir='ltr'><strong>νῦν</strong></span> <span class='ocrx_word' id='word_1_817' title='bbox 2630 5542 3002 5614; x_wconf 89' lang='grc' dir='ltr'>μαρτύρομαι,</span> <span class='ocrx_word' id='word_1_818' title='bbox 3047 5544 3142 5597; x_wconf 72' lang='grc' dir='ltr'>καὶ</span> <span class='ocrx_word' id='word_1_819' title='bbox 3172 5543 3555 5614; x_wconf 82' lang='grc' dir='ltr'>διαστέλλομαί</span> <span class='ocrx_word' id='word_1_820' title='bbox 3599 5562 3662 5598; x_wconf 73' lang='grc' dir='ltr'><strong>σε</strong></span> 
     </span>
    </p>
   </div>
   <div class='ocr_carea' id='block_1_113' title="bbox 2065 5631 3666 5706">
    <p class='ocr_par' dir='ltr' id='par_1_113' title="bbox 2065 5631 3666 5706">
     <span class='ocr_line' id='line_1_113' title="bbox 2065 5631 3666 5706; baseline 0.005 -20"><span class='ocrx_word' id='word_1_821' title='bbox 2065 5631 2134 5686; x_wconf 75' lang='grc' dir='ltr'>τὰ</span> <span class='ocrx_word' id='word_1_822' title='bbox 2183 5633 2575 5706; x_wconf 87' lang='grc' dir='ltr'>συμϐησόμενα</span> <span class='ocrx_word' id='word_1_823' title='bbox 2621 5637 2688 5706; x_wconf 82' lang='grc' dir='ltr'>τῇ</span> <span class='ocrx_word' id='word_1_824' title='bbox 2735 5633 3017 5688; x_wconf 88' lang='grc' dir='ltr'>Βαϐυλῶνι</span> <span class='ocrx_word' id='word_1_825' title='bbox 3067 5636 3163 5689; x_wconf 76' lang='grc' dir='ltr'>καὶ</span> <span class='ocrx_word' id='word_1_826' title='bbox 3209 5639 3320 5699; x_wconf 84' lang='grc' dir='ltr'>τοῖς</span> <span class='ocrx_word' id='word_1_827' title='bbox 3369 5635 3666 5703; x_wconf 81' lang='grc' dir='ltr'>Χαλδαίοις</span> 
     </span>
    </p>
   </div>
   <div class='ocr_carea' id='block_1_114' title="bbox 2063 5725 3016 5798">
    <p class='ocr_par' dir='ltr' id='par_1_114' title="bbox 2063 5725 3016 5798">
     <span class='ocr_line' id='line_1_114' title="bbox 2063 5725 3016 5798; baseline 0.004 -21"><span class='ocrx_word' id='word_1_828' title='bbox 2063 5726 2176 5787; x_wconf 87' lang='grc' dir='ltr'>τοῖς</span> <span class='ocrx_word' id='word_1_829' title='bbox 2205 5725 2460 5795; x_wconf 72' lang='grc' dir='ltr'>μέλλουσί</span> <span class='ocrx_word' id='word_1_830' title='bbox 2501 5744 2558 5779; x_wconf 85' lang='grc' dir='ltr'><strong>σε</strong></span> <span class='ocrx_word' id='word_1_831' title='bbox 2590 5727 3016 5798; x_wconf 85' lang='grc' dir='ltr'>καταπολεμεῖν.</span> 
     </span>
    </p>
   </div>
  </div>
