3880 6216
196 229 307 284 423

1098 239 1600 300 COMMENTARIA
1639 245 1706 302 IN
1743 247 2001 307 ISAIAM.
2040 282 2111 292 —
2148 253 2302 314 CAP.
2341 255 2574 315 XLVIII.

3349 269 3455 327 £20

271 364 294 398 σ
338 346 638 403 Ἠκούσατε
683 351 880 415 πάντα,
924 354 1017 407 καὶ
1052 354 1210 426 ὑμεῖς
1234 358 1335 412 οὑκ
1365 359 1589 428 ἔγνωτε.
1635 362 1773 416 Ἀλλ’

1951 366 2115 423 Vens.
2148 367 2269 423 6-8.
2306 389 2326 422 ι
2369 372 2610 428 Audistis
2647 375 2850 441 omnia,
2905 385 2961 432 et
2992 393 3088 435 vos
3117 395 3224 437 non
3247 397 3454 456 cngno-

193 441 438 494 ἀκουστά
472 458 552 495 σοι
575 443 806 514 ἐποίησα
837 445 906 500 τά
931 446 1095 499 καινά
1123 449 1232 502 ἀπὸ
1261 448 1356 504 τοῦ
1391 451 1506 516 νῦν,
1529 452 1564 506 ἀ
1596 453 1780 523 μέλλει

191 532 475 602 γίνεσθαι·
512 534 607 587 καὶ
630 535 730 589 οὐκ
757 534 939 602 εἶπας,
971 539 1086 592 Νῦν
1113 539 1341 609 γίνεται,
1368 542 1464 595 καὶ
1495 543 1556 594 οὐ
1591 543 1779 611 πάλαι,

193 626 383 680 καὶού
415 625 710 698 προτέραις
743 627 977 700 ἡμέραις
1010 631 1250 701 ἤκουσας
1276 635 1435 690 αὐτά.
1468 637 1560 708 Μὴ
1594 637 1778 708 εἴπῃς,

190 719 304 773 Ναὶ
350 718 602 786 γινώσκω
641 719 799 774 αὑτά.
841 720 970 774 Οῠτ’
1020 723 1213 793 ἔγνως,
1257 725 1369 780 οὔτ’
1411 729 1646 799 ἠπίστω,
1685 730 1775 783 ὅτε

191 811 290 864 ἀπ’
319 813 496 882 ἀρχῆς
528 811 717 882 ἡνοιξά
750 830 832 866 σοι
866 813 934 868 τὰ
966 808 1114 868 ὦτα·
1159 817 1329 886 ἔγνων
1369 820 1498 894 γὰρ,
1543 822 1623 874 ὅτι
1656 822 1782 876 ἀθε-

191 904 301 956 τῶν
329 903 636 975 ἀθετήσεις,
668 906 762 957 καὶ
790 905 991 976 ἄνομος
1021 905 1100 960 ἔτι
1131 908 1197 961 ὲκ
1221 909 1430 976 κοιλίας
1455 912 1722 986 κληθήσῃ.
1753 933 1774 967 ι

191 993 285 1064 Μὴ
326 993 437 1064 γὰρ
472 993 668 1046 σαυτὸν
708 995 895 1050 ἀπάτα
917 1013 930 1026 ·
965 997 1043 1069 μὴ
1079 997 1228 1067 λέγε,
1261 1000 1343 1054 ὅτι
1387 1004 1482 1056 καὶ
1528 1005 1634 1072 πρὸ
1677 1005 1778 1076 τῆς

191 1084 332 1155 ὲμῆς
358 1084 695 1155 προφητείας
719 1086 1018 1154 ἐγίνωσκες
1050 1090 1190 1145 αὑτά
1205 1108 1218 1121 ·
1241 1091 1406 1146 πόθεν
1423 1094 1530 1166 γάρ
1549 1112 1628 1148 σοι
1647 1114 1780 1168 παρ-

185 1175 256 1247 ῆν
287 1175 461 1229 ταῦτα
496 1175 823 1244 γινώσκειν;
865 1179 1013 1250 Πλὴν
1039 1181 1189 1236 οὐδέν
1221 1199 1280 1238 σε
1315 1186 1380 1238 ὲκ
1408 1185 1610 1242 τούτων
1636 1186 1779 1259 ὠφε-

186 1266 524 1341 ληθήσεσθαι
551 1268 659 1323 τῶν
679 1269 855 1339 λόγων
885 1272 1210 1345 πέπεισμαι.

264 1489 285 1522 ι
325 1471 552 1525 Ἕνεκεν
587 1469 681 1524 τοῦ
711 1470 846 1543 ἐμοῦ
877 1471 1138 1544 ὀνόματος
1165 1471 1326 1542 δείξω
1373 1493 1456 1530 σοι
1483 1475 1574 1531 τὸν
1605 1477 1776 1550 θυμόν

188 1578 315 1630 μου,
344 1563 440 1615 καὶ
470 1562 536 1616 τά
568 1561 755 1629 ἔνδοξά
798 1579 900 1634 μου
940 1564 1132 1628 ἐπάξω
1172 1566 1266 1620 ἐπὶ
1299 1567 1380 1632 σὲ,
1428 1569 1516 1622 ἵνα
1565 1570 1639 1642 μὴ
1689 1570 1778 1638 ἐξ-

182 1653 495 1727 ολοθρεύσω
530 1671 610 1706 σε.
643 1673 662 1706 ι
700 1655 890 1726 Ὅμως
917 1655 1048 1724 γοῦν
1074 1657 1135 1710 οὑ
1165 1657 1254 1712 διὰ
1288 1659 1369 1726 σὲ,
1404 1661 1542 1715 ἀλλά
1567 1661 1655 1716 διὰ
1678 1663 1775 1727 τὴν

182 1746 426 1812 ἐμαυτοῦ
467 1746 874 1820 φιλανθρωπίαν
919 1747 1168 1804 ἐντεῦθεν
1214 1751 1315 1824 ἤδη
1362 1752 1458 1806 καὶ
1505 1757 1770 1825 προεῖπον

181 1837 281 1890 καὶ
307 1837 559 1902 ἐπέδειξα
585 1856 668 1892 σοι
692 1839 760 1893 τὰ
801 1839 1086 1905 μέλλοντα,
1119 1841 1215 1895 καὶ
1242 1843 1332 1896 τὸν
1363 1843 1506 1898 κατὰ
1542 1844 1651 1897 τῶν
1678 1863 1774 1899 πο-

179 1923 390 1997 λεμίων
424 1927 686 1999 μέλλοντα
707 1929 917 1982 ἐπιέναι
945 1930 1186 2002 ὄλεθρον,
1215 1933 1533 1999 σπουδάζων
1556 1934 1644 1989 διὰ
1671 1936 1774 1990 πά-

183 2036 287 2092 σης
319 2020 649 2090 προφάσεως
683 2019 920 2092 σωθῆναί
949 2039 1030 2075 σε.

255 2129 278 2162 σ
325 2110 461 2164 Ἰδοὺ
492 2111 752 2182 πέπραχά
781 2127 840 2164 σε
868 2111 964 2183 οὐχ
1003 2112 1188 2167 ἕνεκεν
1212 2115 1478 2187 ἀργυρίου
1504 2133 1520 2149 ·
1558 2117 1770 2185 ἐξειλά-

184 2203 378 2275 μηνοδὲ
408 2220 468 2256 σε
495 2203 559 2256 ὲκ
590 2203 820 2274 καμίνου
850 2207 1151 2276 πτωχείας·
1183 2206 1368 2262 ἕνεκεν
1402 2209 1537 2281 ἐμοῦ
1559 2213 1770 2284 ποιήσω

182 2313 290 2358 σοι,
325 2295 407 2347 ὅτι
451 2293 513 2346 τὸ
554 2294 685 2366 ὲμὸν
728 2295 899 2366 ὄνομα
935 2296 1279 2370 βεϐηλοῠται,
1324 2301 1419 2354 καὶ
1467 2301 1566 2373 τὴν
1611 2302 1768 2370 δόξαν

181 2405 288 2458 μου
321 2386 494 2458 ἑτέρῳ
519 2389 576 2441 οὗ
612 2387 786 2446 δώσω.
821 2408 840 2440 ι
877 2390 989 2460 Οὐχ
1010 2390 1195 2444 ἕνεκεν
1227 2392 1494 2464 ἀργυρίου
1527 2395 1767 2466 ἐπίπρα-

180 2479 313 2532 σκόν
339 2495 427 2530 σε·
463 2478 548 2531 ἐπ’
579 2478 818 2551 ὠφελείᾳ
856 2480 915 2534 δὲ
947 2484 1014 2551 τῇ
1049 2484 1113 2553 σῇ
1147 2483 1242 2535 καὶ
1275 2484 1448 2537 ταῦτα
1479 2483 1766 2558 ἔπραττον,

176 2568 257 2631 0'»;
290 2569 356 2622 ἂν
403 2566 588 2621 τοῦτον
620 2569 1012 2643 σωφρονισθείη
1043 2572 1134 2626 τὸν
1174 2572 1406 2644 τρόπον·
1439 2575 1524 2627 ὅτι
1557 2574 1632 2647 μὴ
1663 2577 1762 2647 τὴν

174 2659 271 2714 διὰ
307 2659 483 2728 λόγων
517 2660 612 2714 καὶ
641 2661 1014 2733 παραινέσεων
1045 2663 1290 2730 ὑπεδέξω
1337 2665 1606 2721 παιδείαν.
1641 2669 1767 2732 Τοῖς

172 2751 237 2808 ἢ
284 2752 569 2824 πολεμίοις
613 2753 712 2824 οὐχ
757 2754 945 2808 ἕνεκεν
993 2755 1258 2828 ἀργυρίου
1299 2757 1640 2829 ἐπίπρασκόν
1681 2777 1764 2828 σε,

174 2843 318 2899 ἀλλὰ
338 2845 449 2900 τῶν
474 2845 582 2899 σῶν
609 2847 1022 2918 ἁμαρτημάτων
1049 2850 1142 2901 καὶ
1172 2849 1540 2921 ἀσεϐημάτων
1565 2851 1727 2923 χάριν
1753 2869 1763 2880 °

174 2940 301 3003 τοῖς
341 2937 452 3008 γάρ
480 2937 774 3010 ἁμαρτίαις
810 2937 963 3009 ὑμῶν
1001 2939 1299 3012 ὲπράθητε.
1332 2941 1441 2994 Καὶ
1478 2943 1626 3012 ὅμως
1654 2944 1789 2997 οὐδ’·

1733 1703 1848 1764 "B

1884 458 2061 514 vistis.
2095 460 2201 516 Sed
2229 462 2413 517 audita
2446 464 2541 520 tibi
2575 464 2675 521 ieci
2711 483 2848 522 nova
2896 470 2965 525 ab
3018 471 3123 526 hoc
3168 481 3448 544 tempore,

1882 564 2003 620 quae
2033 552 2216 607 futura
2247 564 2390 610 sunt.
2425 555 2492 610 Et
2523 572 2629 612 non
2655 558 2866 627 dixisti,
2896 561 3049 618 Nunc
3076 564 3228 633 iiunt,
3262 577 3317 622 et
3343 585 3450 626 non

1881 642 2010 696 olim
2037 685 2052 708 ,
2089 655 2143 700 et
2175 660 2280 701 non
2315 647 2369 702 in
2404 648 2650 717 pristinis
2676 651 2866 708 diebus
2897 654 3094 709 audisti
3123 671 3206 710 ea.
3254 657 3337 714 Ne
3372 659 3456 716 di-

1881 750 1998 802 cas,
2028 736 2202 792 Etiam
2244 754 2515 810 cognosco
2543 757 2626 796 ea.
2658 742 2845 814 Neque
2877 747 3071 801 novisti
3099 786 3114 812 ,
3145 764 3320 820 neque
3345 753 3456 808 sci-

1879 827 2003 882 visti
2029 869 2044 894 ,
2069 831 2286 898 quando
2315 847 2345 886 a
2388 833 2658 904 principio
2689 837 2878 904 aperui
2923 837 3018 892 tibi
3051 853 3210 894 aures
3260 857 3274 895 :
3323 843 3450 896 novi

1879 917 2024 972 enim
2061 920 2205 990 quod
2229 925 2594 991 praevaricans
2634 927 3101 994 praevaricaberis,
3143 939 3198 986 et
3231 931 3452 1001 iniquus

1879 1012 2054 1068 adhuc
2091 1013 2161 1069 ab
2202 1024 2358 1070 utero
2392 1016 2692 1072 vocaberis.
2731 1037 2751 1071 ι
2785 1018 2864 1074 Ne
2902 1021 3132 1090 teipsum
3163 1023 3402 1094 decipias
3433 1039 3448 1079 :

1879 1117 1950 1158 ne
1977 1103 2126 1161 dicas
2172 1115 2224 1161 te
2254 1107 2419 1162 etiam
2465 1115 2592 1162 ante
2619 1110 2958 1181 prOphetiam
2990 1127 3164 1168 meam
3204 1113 3318 1171 haec
3343 1115 3455 1172 sci-

1878 1194 2023 1250 visse
2052 1213 2066 1251 :
2098 1211 2222 1250 nam
2269 1197 2412 1254 unde
2462 1198 2558 1254 tibi
2610 1199 2724 1256 haec
2755 1202 2996 1258 notitia?
3026 1203 3290 1262 Caeterum
3327 1221 3452 1277 per-

1878 1301 2096 1344 suasum
2131 1290 2306 1347 habeo
2333 1300 2386 1346 te
2417 1306 2486 1347 ex
2519 1291 2668 1348 hisce
2704 1295 2888 1351 verbis
2916 1297 3167 1355 utilitatis
3204 1299 3341 1356 nihil
3364 1316 3454 1358 ao-

1877 1390 2031 1450 ceptu
2041 1397 2180 1437 rum.

1950 1473 2114 1529 Vens.
2152 1473 2204 1529 9.
2235 1493 2254 1526 ‹
2289 1473 2520 1546 Propter
2561 1491 2758 1533 nomen
2802 1494 2980 1534 meum
3026 1480 3307 1537 ostendam
3355 1481 3450 1540 tibi

1877 1563 2014 1618 iram
2047 1581 2264 1632 meam,
2311 1577 2366 1622 et
2410 1567 2647 1638 gloriosa
2685 1583 2804 1626 mea
2852 1571 3102 1626 inducam
3147 1587 3308 1642 super
3349 1582 3403 1631 te
3429 1616 3446 1643 ,

1877 1666 1940 1710 ut
1985 1671 2092 1713 non
2141 1658 2417 1714 destruam
2468 1667 2539 1714 te.
2597 1678 2616 1711 ›
2654 1661 2909 1716 Attamen
2961 1679 3065 1717 non
3117 1675 3338 1735 propter
3371 1673 3446 1732 te,

1877 1751 1973 1804 sed
2040 1749 2109 1804 ob
2151 1749 2492 1806 clementiam
2543 1767 2716 1809 meam
2771 1754 2882 1824 jam
2940 1755 3067 1812 hinc
3116 1759 3338 1828 praedixi
3391 1767 3450 1816 et

1883 1841 2099 1895 ostendi
2123 1841 2214 1896 tibi
2242 1840 2620 1913 futura,atque
2650 1846 2940 1914 perniciem
2973 1847 3205 1904 inimicis
3226 1852 3330 1905 tuis
3354 1850 3448 1907 ob-

1875 1940 2156 1985 venturam
2190 1949 2205 1988 :
2239 1935 2385 1987 omni
2427 1934 2590 1990 modo
2639 1936 3030 2008 occasioneque
3071 1947 3226 1996 utens
3257 1941 3325 1996 ad
3355 1955 3446 1998 sa-

1871 2019 2041 2076 lutem
2075 2031 2246 2077 tuam.

1947 2109 2107 2167 Vens.
2135 2111 2223 2178 10,
2261 2111 2347 2168 Η.
2387 2131 2406 2166 ι
2443 2113 2582 2171 Ecce
2608 2116 2821 2172 vendidi
2861 2126 2935 2184 te,
2962 2133 3070 2175 non
3105 2130 3326 2190 propter
3353 2138 3444 2178 ar-

1870 2210 2090 2269 gentum
2125 2220 2138 2258 :
2175 2207 2293 2258 erui
2338 2214 2522 2260 autem
2568 2215 2620 2262 te
2659 2208 2727 2263 de
2773 2199 2994 2266 fornace
3024 2214 3390 2271 mendicitatis
3424 2232 3440 2269 :

1869 2303 2088 2363 propter
2117 2311 2204 2351 me
2230 2295 2430 2352 faciam
2467 2299 2584 2365 tibi,
2617 2299 2744 2368 quia
2795 2317 2994 2358 nomen
3039 2319 3214 2359 meum
3259 2307 3442 2377 profa-

1871 2394 2056 2436 natum
2086 2394 2190 2452 est,
2221 2395 2278 2440 et
2300 2387 2530 2457 gloriam
2554 2403 2727 2443 meam
2761 2389 2916 2444 alteri
2948 2406 3051 2445 non
3080 2392 3238 2448 dabo.
3275 2412 3294 2445 ι
3321 2392 3438 2449 Νοιι

1868 2476 1938 2530 ob
1971 2488 2256 2546 argentum
2315 2480 2532 2534 vendidi
2586 2489 2673 2546 te,
2722 2481 2817 2535 sed
2864 2482 2931 2536 ad
2971 2483 3256 2540 utilitatem
3291 2494 3440 2542 tuam

1868 2565 1922 2620 i'd
1951 2564 2109 2621 eﬂ'eci
2139 2607 2156 2634 ,
2205 2578 2264 2622 ut
2296 2569 2397 2624 hoc
2432 2571 2589 2627 modo
2622 2573 2689 2626 ad
2735 2587 2922 2627 sanam
2951 2585 3184 2630 mentem
3218 2579 3445 2636 reduca-

1867 2659 1945 2714 ris
1977 2673 1994 2712 :
2028 2661 2288 2730 quoniam
2323 2661 2506 2718 verbis
2535 2670 2592 2718 et
2619 2665 2842 2720 monitis
2889 2665 3107 2720 allatam
3137 2668 3441 2727 institutio-

1867 2762 1990 2802 nem
2052 2763 2160 2804 non
2206 2750 2502 2808 admisisti.
2552 2750 2791 2809 inimicis
2839 2765 3018 2812 autem
3072 2772 3176 2813 non
3225 2761 3441 2831 argenti

1865 2841 2039 2909 gratia
2069 2841 2286 2897 vendidi
2339 2851 2428 2910 te;
2480 2845 2575 2900 sed
2622 2855 2970 2914 peccatorum
3004 2858 3058 2903 et
3101 2850 3436 2918 impietatum

1866 2939 2078 2986 tuarum
2109 2947 2269 2988 causa
2305 2951 2318 2987 :
2353 2949 2476 2990 nam
2505 2939 2743 3006 peccatis
2789 2939 2984 2994 vestris
3027 2941 3231 2997 venditi
3282 2949 3438 3000 estis.

173 3031 354 3095 οὕτως
379 3032 523 3085 ἐάσω
557 3031 700 3101 ὑμᾶς
731 3032 846 3095 τοῖς
879 3029 1094 3102 ἐχθροῖς
1120 3031 1410 3085 δουλεύειν·
1443 3032 1578 3086 ἀλλά
1605 3033 1764 3087 πάλιν

1875 3021 2118 3077 Attamen
2168 3037 2236 3077 ne
2288 3023 2363 3078 ita
2411 3026 2626 3094 quidem
2659 3042 2754 3084 vos
2800 3029 3034 3086 inimicis
3078 3034 3284 3089 servire
3317 3049 3442 3105 per-

174 3121 548 3196 λυτρώσομαι,
593 3124 688 3177 καὶ
726 3122 914 3197 ὥσπερ
968 3124 1076 3176 ἀπὸ
1110 3125 1340 3194 καμίνου
1391 3125 1666 3196 πτωχείας
1703 3128 1768 3181 ὲκ

172 3215 280 3285 ⁴ιῆς
322 3216 430 3270 ὑπὸ
462 3217 574 3279 τοῖς
606 3214 968 3280 Βαϐυλωνίοις
1001 3215 1298 3282 κακώσεως
1345 3213 1502 3283 αὖθις
1548 3219 1764 3274 ἐλευθεο

175 3306 364 3382 ρὼσω.

252 3419 275 3452 ι
325 3398 525 3454 Ἀκουέ
557 3417 678 3478 μου,
727 3398 944 3465 Ἰακὼϐ,
979 3401 1074 3454 καὶ
1118 3400 1336 3474 Ἰσραὴλ
1361 3399 1419 3455 ὃν
1455 3399 1564 3472 ἐγὼ
1592 3401 1760 3457 καλῶ.

185 3489 337 3560 Ἐγώ
369 3493 487 3560 εἰμι
528 3490 765 3562 πρῶτος,
783 3490 878 3544 καὶ
903 3488 1014 3558 ὲγὼ
1035 3493 1148 3562 είμι
1179 3492 1259 3555 είς
1289 3491 1380 3544 τὸν
1405 3492 1596 3557 αἰῶνα,
1622 3494 1762 3565 καὶὴ

171 3584 298 3656 χείρ
333 3601 439 3655 μου
466 3582 792 3653 ὲθεμελίωσε
819 3583 918 3655 τὴν
946 3587 1071 3656 γῆν,
1109 3583 1202 3637 καλ⁹
1231 3585 1264 3654 ἡ
1293 3583 1443 3648 δεξιά
1479 3601 1581 3654 μου
1613 3585 1766 3638 ἐστε-

175 3674 353 3745 ρέωσε
399 3672 489 3726 τὸν
535 3671 795 3744 οὐρανόν·
840 3672 1054 3726 καλέσω
1089 3673 1308 3737 αὐτοὺς,
1343 3675 1436 3727 καὶ
1476 3675 1762 3746 στήσονται

172 3765 316 3836 ἅμα.
365 3784 385 3817 ι
430 3765 518 3817 Ἐν
555 3763 765 3830 τούτοις
796 3766 921 3829 τοὺς
949 3764 1347 3836 κατορθοῦντας
1391 3766 1760 3831 ἀνακαλεῖται,

169 3856 263 3911 διὰ
295 3856 407 3910 τῶν
451 3855 759 3928 ἔμπροσθεν
791 3856 1010 3928 ἑτέρους
1049 3857 1175 3920 τοὺς
1215 3858 1343 3927 παρ’
1372 3855 1556 3921 αὐτοῖς
1583 3857 1763 3912 διαϐε-

173 3949 275 4020 ϐλη
285 3948 480 4019 μένους
504 3947 795 4019 ὀνομάσας·
829 3947 945 4001 ἀλλ’
974 3947 1208 4001 ἐνταῦθα
1229 3949 1340 4012 τοῖς
1361 3947 1632 4018 κρείττοσι
1657 3949 1764 4003 δια-

170 4042 414 4110 λέγεται,
463 4039 557 4105 οὒς
605 4059 622 4091 ι
674 4039 909 4112 κλητοὺς
953 4057 973 4092 ι
1014 4039 1290 4110 ὀνομάζει.
1338 4035 1517 4094 ’Ἦσαν
1552 4039 1662 4112 γὰρ
1702 4041 1763 4107 ἐξ

169 4133 384 4186 ἐκείνου
419 4131 606 4185 πολλοὶ
645 4131 853 4202 κλητοὶ,
887 4129 1061 4198 ὀλίγοι
1110 4129 1168 4183 δὲ
1208 4129 1486 4183 ἐκλεκτοί·
1533 4129 1673 4202 πλὴν
1711 4133 1760 4184 οἱ

167 4224 517 4296 δηλούμενοι,
549 4223 648 4278 οὐκ
673 4219 812 4296 ἦσαν
843 4221 1091 4275 ἐκλεκτοὶ
1111 4261 1129 4289 ,
1159 4220 1297 4274 ἀλλά
1324 4221 1532 4294 κλητοί.

1871 3113 2111 3178 mittam;
2157 3115 2254 3169 sed
2286 3114 2480 3171 iterum
2515 3119 2777 3174 redimam
2805 3158 2822 3186 ,
2860 3131 2953 3186 et,
2987 3138 3084 3178 ceu
3115 3140 3181 3179 ex
3214 3124 3437 3183 fornace

1869 3204 2271 3273 mendicitatis,
2319 3222 2385 3262 ex
2420 3207 2510 3264 illa
2543 3209 2852 3269 calamitate
2881 3213 3207 3287 Babylonica
3243 3219 3436 3275 iterum

1865 3299 2118 3368 eripiam.

1934 3389 2104 3447 Vens.
2135 3391 2224 3455 i2,
2267 3393 2354 3449 15.
2391 3410 2411 3445 ι
2450 3393 2588 3450 Audi
2617 3410 2728 3463 me,
2762 3395 2965 3462 Iacob,
2999 3407 3052 3454 et
3082 3400 3246 3456 Israel
3278 3416 3436 3472 quem

1863 3495 1964 3552 ego
1992 3498 2147 3538 voco.
2193 3483 2306 3554 Ego
2337 3499 2456 3539 sum
2501 3487 2707 3556 primus
2729 3527 2748 3554 ,
2797 3499 2846 3542 et
2877 3504 2979 3558 ego
3009 3505 3129 3544 sum
3183 3493 3234 3544 in
3263 3508 3439 3548 saecu-

1863 3569 1972 3625 lum
1999 3609 2016 3638 ,
2050 3585 2106 3628 et
2134 3589 2328 3631 manus
2361 3590 2480 3630 mea
2528 3575 2773 3632 fundavit
2823 3586 3024 3632 terram
3055 3619 3072 3644 ,
3123 3590 3178 3635 et
3213 3585 3434 3636 dextera

1864 3679 1985 3718 mea
2035 3664 2269 3719 ﬁrmavit
2315 3667 2510 3722 ccelum
2545 3686 2558 3722 :
2598 3671 2805 3723 vocabo
2840 3684 2934 3725 eos
2958 3711 2973 3733 .
2998 3681 3053 3725 et
3081 3676 3304 3726 stabunt
3357 3674 3437 3728 si-

1865 3757 1996 3811 mul.
2041 3776 2061 3810 ι
2097 3755 2152 3811 1η
2185 3759 2270 3814 his
2294 3775 2388 3814 eos
2415 3771 2630 3827 evocat,
2659 3761 2749 3829 qui
2782 3763 2918 3816 bene
2945 3779 3003 3818 se
3042 3775 3266 3834 gerunt,
3292 3776 3436 3834 post-

1862 3859 2026 3912 quam
2059 3846 2111 3900 in
2141 3847 2574 3916 prmeedentibus
2601 3849 2738 3905 alios
2761 3890 2777 3916 ,
2822 3853 2913 3921 qui
2944 3856 3084 3922 apud
3119 3855 3264 3923 ipsos
3298 3856 3436 3911 male

1864 3936 2196 4003 audiebant,
2232 3948 2575 3995 evocaverat.
2608 3937 2805 3996 Verum
2836 3943 2924 3997 hic
2965 3947 3435 4010 praestantioribus

1865 4027 2124 4098 loquitur,
2155 4046 2292 4100 quos
2325 4050 2343 4082 σ
2375 4041 2596 4092 vocatos
2633 4051 2653 4084 ›
2691 4034 2947 4104 appellat.
2977 4035 3110 4089 Nam
3149 4047 3275 4094 tunc
3302 4054 3436 4108 quo-

1863 4136 1970 4190 que
2017 4132 2173 4177 erant
2228 4124 2382 4178 multi
2418 4126 2636 4191 vocati,
2674 4127 2833 4195 pauci
2886 4129 3042 4183 electi
3096 4148 3108 4184 :
3167 4124 3436 4187 memora:

1864 4211 1902 4265 ti
1956 4226 2120 4280 porro
2169 4212 2414 4270 homines
2461 4230 2568 4271 non
2621 4215 2818 4284 electi,
2867 4219 2961 4273 sed
3013 4225 3219 4274 tantum
3257 4222 3433 4276 vocali

1862 4311 2042 4359 erant.

247 4421 268 4453 ι
306 4401 419 4456 Καὶ
443 4401 868 4473 συναχθήσονται
900 4399 1126 4466 πάντες,
1159 4401 1254 4455 καὶ
1285 4399 1629 4455 ἀκούσονται.
1659 4399 1756 4464 Τίς

1932 4394 2098 4451 Vens.
2148 4397 2234 4452 Η.
2279 4414 2322 4450 ι’
2355 4397 2420 4452 Et
2465 4399 2943 4470 congregabuntur
2971 4417 3164 4457 omnes
3190 4441 3206 4468 ,
3255 4411 3308 4456 et
3337 4418 3435 4456 an-

168 4493 358 4557 αῠτοῖς
381 4492 668 4564 ἀνήγγειλε
689 4492 862 4547 ταῦτα
883 4509 898 4558 ;
930 4512 949 4544 ι
993 4493 1079 4555 Ὠς
1102 4491 1212 4562 γὰρ
1234 4491 1472 4564 δεσπότῃ
1495 4490 1760 4562 προστάτ-

1875 4486 2026 4541 lient.
2054 4489 2186 4555 Quis
2214 4489 2347 4560 ipsis
2379 4489 2493 4544 haec
2521 4490 2902 4545 annuntiavit?
2941 4511 2959 4544 ι
3002 4491 3130 4546 Nam
3163 4493 3432 4562 praedicta:

167 4601 317 4637 τοντι
349 4583 718 4637 ὑπακούουσιν
765 4585 822 4637 αἱ
861 4583 1243 4656 προλεχθεῖσαι
1283 4582 1576 4653 δυνάμεις’

168 4677 267 4730 καὶ
307 4675 658 4746 συναχθεῖσαι
710 4676 803 4728 ἐπὶ
844 4676 908 4728 τὸ
950 4675 1084 4728 αὐτὸ
1125 4674 1346 4728 ἑστᾶσιν
1393 4673 1756 4744 ἀκουσόμεναι

167 4767 280 4821 τῶν
304 4765 475 4820 αὐτοῦ
507 4767 703 4835 λόγων.
731 4766 903 4820 Τοῦτό
928 4785 1010 4820 τοι
1042 4766 1228 4839 ἐδήλου
1268 4765 1362 4819 καὶ
1394 4768 1452 4819 ὲν
1483 4765 1625 4837 ἀρχῇ
1657 4767 1757 4836 τῆς

172 4857 361 4926 βίϐλου
389 4857 617 4926 φάσκων
643 4858 670 4910 ὁ
695 4858 872 4927 λόγος,
907 4877 926 4909 ι
966 4859 1184 4922 Ἀκουε,
1213 4857 1428 4930 οὐρανὲ,
1455 4858 1547 4912 καὶ
1574 4857 1758 4911 ἐνωτί-

170 4947 291 5011 Coa,
319 4948 353 5019 ἡ
383 4948 478 5018 γῆ,
513 4949 595 5002 ὄτι
617 4947 822 5020 Κύριος
847 4947 1125 5020 ἐλάλησεν.
1167 4968 1187 5001 ι

247 5059 266 5090 ι
289 5038 548 5106 Ἀγαπῶν
574 5055 634 5092 σε
654 5040 884 5112 ἐποίησα
896 5040 954 5093 τὸ
975 5039 1186 5112 θέλημά
1204 5057 1298 5094 σου
1329 5039 1422 5093 ὲπὶ
1441 5039 1755 5106 Βαϐυλῶνα,
1779 5103 1791 5112 ι

169 5129 264 5182 τοῦ
323 5126 457 5199 ἆραι
504 5130 726 5202 σπέρμα
772 5131 1075 5185 Χαλδαίων.
1149 5129 1288 5200 Ἐγὼ
1331 5130 1590 5201 ἐλάλησα,
1646 5129 1756 5200 ἐγὼ

172 5217 435 5272 ἐκάλεσα.
474 5220 718 5288 Ἤγαγον
763 5221 943 5284 αὐτὸν,
979 5219 1074 5273 καὶ
1103 5219 1358 5274 εὐώδωσα
1384 5219 1481 5292 τὴν
1511 5221 1628 5274 ὁδὸν
1658 5220 1754 5273 αὐ-

170 5309 287 5364 τοῦ.
342 5311 727 5382 Πῳσαγάγετε
771 5311 907 5384 πρὸς
949 5313 1037 5384 μὲ,
1093 5313 1184 5365 καὶ
1233 5311 1499 5366 ἀκούσατε
1543 5313 1750 5367 ταῦτα⁸

174 5400 289 5453 Οὐκ
323 5401 418 5453 ἀπ’
445 5402 618 5472 ἀρχῆς
658 5402 715 5454 ὲν
742 5405 923 5474 κρυφῇ
968 5402 1266 5473 λελάληκα·
1313 5403 1474 5473 ⁴Ιςνίκα
1517 5404 1750 5472 ἐγένετο,

175 5493 293 5546 ἐκεῖ
337 5493 507 5564 ἥμην.
558 5493 665 5547 Καὶ
693 5493 786 5548 νῦν
829 5494 1033 5566 Κύριος
1077 5493 1280 5566 Κύριος
1318 5494 1624 5566 ἀπέστρεψέ
1660 5512 1749 5566 με,

249 5699 429 5756 "lsa.
465 5701 612 5765 ι,1.

507 5793 774 5855 Ριτιιοι.
820 5793 938 5854 Gtt.
987 5794 1041 5854 Χ
1057 5792 1221 5856 XIV.

1619 4581 1757 4635 ἀλλά
1854 4579 2083 4634 virtutes
2128 4589 2187 4634 ut
2229 4580 2439 4650 jubenti
2483 4582 2709 4635 Domino
2745 4592 2974 4652 parent;
3004 4585 3132 4651 quin
3163 4584 3326 4637 etiam
3377 4585 3429 4636 in

1857 4687 2023 4727 unum
2055 4682 2418 4744 congregatae,
2443 4682 2590 4728 Stant
2621 4683 2678 4727 ut
2701 4673 2821 4743 ejus
2846 4687 3152 4728 sermonem
3183 4675 3427 4730 audiant.

1856 4761 1913 4816 1d
1942 4777 2075 4817 sane
2118 4763 2276 4818 initio
2305 4763 2616 4818 declarabat
2664 4766 2747 4820 his
2795 4765 3008 4830 verbis,
3047 4781 3066 4814 ι
3106 4765 3264 4828 Audi,
3314 4778 3427 4818 cte-

1859 4852 1968 4907 lum
1995 4893 2011 4918 ,
2044 4861 2100 4908 et
2129 4855 2353 4908 auribus
2382 4855 2634 4923 percipe,
2667 4865 2811 4910 terra
2839 4894 2854 4921 ,
2884 4854 3012 4924 quia
3045 4853 3304 4910 Dominus
3353 4856 3434 4912 lo-

1861 4953 2017 4998 cutus
2037 4954 2121 4998 est
2143 4944 2209 5000 3'.
2253 4963 2272 4998 ι

1932 5035 2096 5091 Vens.
2130 5037 2317 5092 15-20.
2360 5054 2380 5088 ι
2421 5037 2658 5110 Diligens
2690 5046 2738 5093 te
2781 5037 2886 5094 feci
2920 5038 3251 5091 voluntatem
3283 5045 3428 5090 luam

1857 5143 2020 5198 super
2049 5129 2396 5203 Babylonem,
2426 5141 2484 5185 ut
2510 5130 2776 5186 auferrem
2817 5146 3000 5186 semen
3029 5129 3425 5184 Chalda‘orutn.

1861 5223 1972 5291 Ego
2005 5221 2216 5278 locutus
2249 5238 2366 5278 sum
2394 5263 2409 5289 ,
2441 5233 2497 5278 et
2529 5237 2630 5293 ego
2659 5223 2868 5278 vocavi.
2923 5221 3136 5274 Adduxi
3179 5234 3304 5274 eum
3328 5258 3343 5281 ,
3375 5228 3431 5272 et

1859 5329 2176 5384 prosperam
2199 5313 2300 5369 feci
2324 5315 2462 5368 viam
2490 5315 2626 5385 ejus.
2655 5313 2920 5368 Adducite
2946 5312 3010 5366 ad
3041 5328 3147 5375 me,
3166 5320 3221 5366 et
3250 5310 3432 5365 audite

1859 5405 1974 5458 haec
2004 5442 2018 5467 ,
2056 5402 2169 5457 Non
2207 5404 2277 5458 ab
2336 5405 2491 5458 initio
2541 5406 2592 5458 in
2642 5403 2960 5458 abscondito
3003 5403 3216 5457 locutus
3259 5416 3377 5456 sum
3412 5417 3428 5456 :

1859 5510 1981 5552 cum
2032 5493 2221 5552 ﬁerent
2248 5535 2263 5565 ,
2294 5496 2366 5552 ibi
2409 5510 2583 5553 eram.
2613 5494 2676 5550 Et
2707 5511 2847 5549 nunc
2887 5495 3142 5549 Dominus
3173 5491 3434 5552 Domina:

3044 5798 3115 5859 150
