3880 6216
439 264 547 322 ιΞῖ

1078 260 1347 321 EUSEBII
1382 259 1860 320 CAESARIENSIS
1897 259 2048 319 OPP.
2090 258 2274 316 PARS
2311 258 2399 316 ill.
2438 289 2510 302 —
2546 255 2959 317 EXEGETICA.

3583 259 3683 321 ιει

441 383 644 441 avertit
672 395 779 448 me,
794 390 851 438 et
880 379 1120 450 Spiritus
1149 379 1286 448 ejus.
1318 377 1410 435 Sic
1439 380 1570 435 dicit
1602 380 1889 447 Dominus,
1917 380 2007 451 qui

2121 379 2207 433 καὶ
2244 378 2306 432 τὸ
2343 377 2567 449 Πνεῦμα
2608 377 2795 432 αὐτοῦ.
2827 377 2984 431 Οὕτω
3014 375 3162 446 λέγει
3202 374 3429 450 Κύριος,
3456 378 3486 433 6
3524 379 3692 451 ῥυσά-

440 476 584 531 eruit
617 482 690 539 te,
719 472 955 536 Sanctus
983 471 1147 527 Israel
1180 490 1196 529 :
1237 471 1349 542 Ego
1377 488 1496 528 sum
1544 472 1687 529 Deus
1734 481 1858 527 tuus
1881 511 1898 537 ,
1950 486 2015 525 o-

441 565 619 621 stendi
644 565 762 632 tibi,
792 574 850 620 ut
875 565 1147 619 invenires
1172 565 1314 619 viam
1358 565 1411 619 iu
1457 578 1562 632 qua
1592 564 1919 619 ambulares.
1953 563 2018 618 Et

440 660 486 713 si
520 658 768 714 audisses
800 657 1052 711 mandata
1083 670 1200 710 mea
1227 694 1242 721 ,
1279 654 1470 710 fuisset
1503 656 1660 726 quasi
1690 654 1886 711 ﬂuvius
1911 671 2017 725 pax

440 760 555 812 tua,
581 760 637 804 et
664 749 872 819 justitia
905 759 995 801 tua
1019 744 1288 801 utﬂuctus
1323 747 1490 801 maris
1519 764 1534 801 :
1566 756 1621 802 et
1651 745 2014 815 iuissetqnasi

440 852 605 892 arena
640 851 823 892 semen
850 846 1020 899 tuum,
1064 847 1120 891 et
1156 835 1370 891 fructus
1400 835 1606 890 ventris
1633 835 1708 890 tui
1732 836 1870 890 sicut
1899 835 2025 907 pul-‘

440 929 521 981 vis
547 935 706 982 terra:
740 945 753 981 :
793 942 969 996 neque
997 941 1141 980 nunc
1167 925 1644 991 exterminaberis,
1679 941 1854 995 neque
1896 941 2018 997 per-

441 1018 542 1071 ibit
594 1033 788 1073 nomen
821 1027 973 1071 tuum
1025 1018 1080 1072 in
1128 1027 1421 1088 conspectu
1453 1033 1592 1072 meo.
1645 1017 1921 1087 Egredere
1950 1033 2019 1073 ex

442 1109 718 1180 Babylone
741 1148 755 1173 ,
788 1108 1002 1177 fugiens
1026 1125 1055 1163 a
1087 1110 1376 1168 Chaldaeis.
1416 1110 1616 1166 Vocem
1660 1110 2019 1177 iucunditatis

442 1201 760 1256 annuntiate
798 1215 970 1269 usque
1016 1203 1083 1256 ad
1115 1212 1419 1257 extremum
1459 1212 1616 1257 terrae
1647 1220 1662 1256 :
1692 1203 1859 1259 dicite
1881 1243 1897 1269 ,
1931 1203 2020 1257 Li-

440 1293 655 1347 beravit
692 1293 965 1350 ‘Dominus
1016 1310 1233 1351 servum
1285 1311 1442 1351 suum
1490 1294 1680 1352 Jacob.
1738 1313 1759 1348 ι
1818 1295 2020 1363 Quam-

440 1384 655 1449 obrem,
687 1399 809 1439 cum
842 1383 952 1453 jam
992 1385 1122 1441 hinc
1152 1385 1411 1456 pollicear
1445 1401 1529 1440 me
1557 1402 1659 1442 non
1692 1388 2022 1443 extermina-

443 1484 623 1530 turum
656 1485 706 1531 te
727 1491 956 1547 ,neque
985 1492 1185 1532 nomen
1215 1487 1369 1533 tuum
1393 1477 1696 1533 deleturum
1730 1492 1874 1544 esse,
1905 1477 2017 1533 dixi

441 1568 540 1623 tibi
565 1607 583 1635 ,
628 1577 687 1624 ut
715 1570 895 1624 exires
923 1569 990 1624 de
1024 1568 1302 1641 Babylone
1325 1608 1343 1637 ,
1399 1570 1653 1624 dimissus
1681 1584 1748 1625 ac
1775 1568 1915 1624 liber
1947 1569 2017 1624 ab

2122 470 2283 542 μενός
2330 487 2412 535 σε,
2466 470 2651 538 Ἄγιος
2679 470 2924 542 Ἰσραήλ⁹
2994 468 3135 538 Ἐγώ
3177 471 3295 541 είμι
3336 472 3365 524 6
3411 469 3544 536 Θεός
3578 490 3692 542 σου,

2116 562 2327 634 δέδειχά
2371 579 2455 616 σοι
2491 563 2551 617 τὸ
2589 563 2770 635 εὑρεῖν
2805 579 2863 615 σε
2908 561 3006 634 τὴν
3039 562 3157 616 ὁδὸν
3200 564 3258 617 ἐν
3364 565 3608 639 πορεύσῃ
3644 569 3697 620 ἐν
3725 627 3736 636 ,

2117 652 2276 724 αὐτῇ.
2310 652 2419 705 Καὶ
2456 654 2505 706 εί
2535 653 2774 725 ἡκούσας
2804 650 2914 705 τῶν
2953 649 3184 704 ἐντολῶν
3220 667 3345 723 μου,
3382 651 3604 719 ἐγένετο
3636 653 3697 706 ἂν

2117 744 2251 797 ὡσεὶ
2285 744 2531 815 ποταμὸς
2568 747 2601 816 η
2643 746 2832 817 εἰρήνη
2877 761 2994 809 σου,
3029 745 3124 798 καὶ
3168 745 3203 816 ἡ
3243 743 3555 817 δικαιοσύνη
3609 761 3698 798 σου

2117 834 2193 899 ὡς
2222 834 2373 907 κῦμα
2402 834 2679 908 θαλάσσης
2697 853 2712 867 ο
2744 837 2839 889 καὶ
2864 836 3081 905 ἐγένετο
3116 835 3181 890 άν
3204 837 3338 889 ὡσεὶ
3367 839 3400 908 ή
3428 837 3612 909 ἄμμος
3641 836 3700 888 τὸ

2119 928 2341 999 σπέρμα
2387 944 2502 993 σου,
2555 929 2646 985 καὶ
2689 928 2759 982 τὰ
2796 929 2995 999 ἐγγονα
3033 929 3132 1001 τῆς
3175 929 3382 992 κοιλίας
3425 946 3519 983 σου
3559 929 3636 995 ὡς
3669 930 3696 982 6

2119 1018 2248 1090 χοῦς
2281 1019 2382 1089 τῆς
2418 1020 2541 1091 γῆς.
2597 1020 2734 1073 Οὐδέ
2774 1019 2871 1075 νῦν
2901 1021 2962 1073 οὐ
3019 1020 3093 1093 μὴ
3144 1020 3559 1093 ἐξολοθρευθῇς,
3591 1022 3698 1075 οὐδ’

2119 1111 2399 1166 ἀπολεῖται
2433 1111 2494 1165 τὸ
2536 1111 2708 1183 ὄνομά
2753 1129 2847 1165 σου
2892 1111 3121 1166 ἐνώπιον
3162 1112 3318 1184 ἐμοῦ.
3367 1112 3591 1178 Ἔξελθε
3637 1115 3700 1167 ἐκ

2119 1204 2457 1270 Βαϐυλῶνος,
2497 1203 2714 1274 φεύγων
2758 1204 2866 1258 ἀπὸ
2914 1205 3023 1258 τῶν
3054 1204 3355 1259 Χαλδαίων.
3393 1206 3579 1277 Φωνὴν
3609 1208 3701 1262 εύ-

2122 1294 2396 1368 φροσύνης
2427 1295 2787 1365 άνᾳγγείλατε
2815 1296 2920 1359 ἐως
2948 1296 3176 1368 ἐσχάτου
3200 1298 3301 1369 τῆς
3324 1298 3455 1369 γῆς·
3491 1298 3699 1368 λέγετε,

2133 1388 2433 1461 Ἐῥρύσατο
2466 1390 2672 1462 Κύριος
2712 1389 2805 1443 τὸν
2831 1389 3018 1444 δοῦλον
3052 1390 3218 1445 αὑτοῦ
3268 1391 3492 1445 Ἰακώϐ·
3531 1411 3550 1444 ι
3587 1392 3701 1446 Διό-

2121 1500 2231 1556 περ
2262 1482 2513 1539 ἐντεῦθεν
2557 1483 2657 1555 ἥδη
2705 1483 3175 1556 ἐπαγγελλόμενος
3215 1484 3290 1557 μὴ
3325 1483 3704 1558 ἐξολοθρεῦσαί

2121 1590 2203 1639 σε,
2256 1574 2379 1646 μηδ’
2420 1572 2697 1644 ἐξαλεῖψαι
2736 1574 2797 1628 τὸ
2842 1575 3012 1646 ὄνομά
3047 1593 3162 1641 σου,
3210 1573 3342 1630 εἶπά
3384 1592 3467 1629 σοι
3500 1576 3704 1643 ἐξιέναι

442 1660 787 1715 inimicorum
838 1671 1007 1715 metu.
1041 1660 1277 1730 Accepta
1315 1669 1496 1715 autem
1555 1660 1621 1713 ad
1656 1661 1872 1730 propria
1923 1675 2013 1716 re-

2121 1666 2227 1722 άπὸ
2255 1665 2593 1731 Βαϐυλῶνος,
2623 1666 2822 1736 ἄφετον
2847 1669 2943 1722 καὶ
2975 1667 3257 1741 ἐλεύθερον
3282 1668 3376 1722 τοῦ
3407 1667 3517 1721 τῶν
3546 1667 3704 1722 πολε-

441 1750 688 1804 vertendi
725 1761 992 1819 potestate
1025 1791 1041 1817 ,
1094 1765 1165 1806 ne
1211 1751 1404 1820 supine
1444 1759 1501 1805 et
1547 1752 1844 1807 oscitanter
1874 1753 2014 1806 viam

2123 1758 2262 1831 μίων
2294 1757 2460 1828 φόϐου
2493 1758 2807 1829 γενόμενον.
2862 1759 3056 1814 Λαϐὼν
3094 1761 3150 1813 δὲ
3193 1758 3294 1832 τὴν
3323 1757 3573 1825 ἐξουσίαν
3602 1761 3706 1829 τῆς

419 1855 664 1912 «capesse
688 1868 715 1905 ,ο
740 1845 834 1897 sed
885 1857 1006 1896 cum
1050 1841 1198 1897 omni
1234 1842 1538 1911 diligentia.
1591 1840 1727 1897 Nam
1762 1851 2018 1899 occurret

441 1936 541 1989 t-ibi
579 1949 681 1989 vox
715 1934 1127 2004 laetitiae,.qu-am
1154 1934 1241 1989 vel
1277 1933 1391 2002 jam
1426 1933 1556 1987 hinc
1589 1933 1824 1987 audias:
1855 1932 2018 2002 quin-

438 2025 607 2079 etiam
633 2039 823 2080 omnes
853 2025 946 2093 qui
979 2040 1262 2080 sermones
1296 2039 1447 2080 meos
1486 2024 1801 2091 audierint,
1837 2025 1904 2079 de
1932 2039 2020 2079 sa-

441 2115 556 2170 lute
583 2124 680 2169 tua
713 2130 817 2170 una
839 2116 1182 2185 gaudebunt.
1220 2115 1286 2170 Et
1327 2116 1441 2170 haec
1469 2115 1687 2185 quidem
1720 2117 2018 2169 secundum

441 2206 765 2270 historiam,
815 2222 921 2260 non
980 2205 1186 2260 reditus
1233 2204 1651 2273 ex-captivitate
1686 2202 2020 2275 Babylonica

444 2310 688 2370 tempore
714 2309 866 2368 gesta
913 2308 1077 2364 sunt,
1118 2313 1241 2354 cum
1271 2297 1304 2352 ii
1331 2335 1349 2363 ,
1392 2297 1484 2366 qui
1516 2311 1546 2350 a
1594 2295 1740 2367 Cyro
1765 2306 1823 2351 et
1856 2297 2020 2351 Dario

439 2389 729 2447 Persarum
762 2391 980 2460 regibus
1009 2389 1260 2445 libertate
1286 2388 1474 2444 donati
1493 2387 1741 2455 fuerant,
1771 2397 2019 2445 reverte-

443 2491 592 2537 runt.
644 2484 721 2537 Ac
750 2483 1048 2538 secundum
1080 2482 1415 2552 intelligendi
1449 2482 1714 2535 rationein
1741 2519 1758 2546 ,
1810 2493 1932 2535 cum
1966 2481 2019 2534 in

444 2574 675 2632 historia
728 2575 797 2629 ad
854 2574 1087 2629 litteram
1139 2574 1367 2644 reperiri
1429 2582 1666 2642 nequeat
1718 2582 1873 2643 petra
1930 2572 2020 2627 illa

441 2683 617 2740 aquas
641 2669 896 2723 emittens
925 2666 977 2722 in
1005 2667 1178 2722 reditu
1209 2666 1390 2737 populi
1418 2705 1436 2731 ,
1465 2667 1706 2722 dicemus
1745 2665 1799 2720 in
1829 2664 1895 2720 iis
1929 2666 2021 2735 qui

442 2777 474 2817 a
505 2760 776 2832 spirituali
801 2760 1117 2829 captivitate
1164 2759 1218 2814 in
1254 2767 1578 2828 perpetuum
1610 2756 1827 2813 liberati
1852 2765 2018 2821 sunt,

443 2856 512 2911 de
539 2852 739 2925 quibus
762 2851 1011 2907 Christus
1037 2851 1292 2917 dicebat,
1343 2868 1363 2902 ι
1404 2849 1794 2920 Evangelizare
1821 2863 2023 2919 panpe-

443 2945 596 3000 ribus
622 2945 771 2999 misit
797 2958 903 3007 me,
935 2942 1231 3012 praedicare
1257 2941 1485 3010 captivis
1515 2939 1970 3005 dimissionem",
1995 2958 2015 2993 ι

2117 1850 2200 1912 είς
2241 1847 2310 1902 τὰ
2352 1849 2527 1902 οἰκεῖα
2569 1848 2854 1912 ἐπανόδου,
2903 1849 2977 1921 μὴ
3025 1850 3233 1914 ὑπτίως
3280 1851 3414 1923 μηδέ
3451 1850 3704 1923 νωχελῶς

2118 1939 2273 1995 ποιοῦ
2309 1939 2407 2012 τὴν
2441 1941 2688 2013 πορείαν,
2718 1943 2816 1996 σὺν
2854 1941 3040 2014 ἁπάσῃ
3072 1941 3129 1995 δὲ
3167 1943 3391 2015 σπουδῇ.
3437 1943 3705 2015 ’Δπαντή-

2121 2052 2204 2088 σει
2237 2034 2347 2108 γάρ
2389 2053 2471 2089 σοι
2502 2037 2653 2108 φωνὴ
2699 2035 3058 2108 εὐφροσύνης,
3094 2037 3345 2091 ἐντεῦθεν
3378 2038 3481 2110 ἥδη
3514 2039 3704 2093 ἀκουο-

2123 2129 2311 2202 μένηςο
2341 2126 2478 2182 ἀλλὰ
2513 2131 2608 2183 καὶ
2634 2130 2835 2193 πάντες
2861 2129 2911 2183 οἱ
2952 2129 3061 2184 τῶν
3095 2130 3246 2202 ἐμῶν
3270 2129 3443 2200 λόγων
3475 2132 3699 2186 ἀκούον.

2118 2234 2210 2281 τες
2245 2218 2685 2289 συγχαρήσονταί
2733 2236 2826 2272 σου
2870 2221 2937 2291 τῇ
2989 2212 3251 2292 σωτηρίᾳ.
3292 2221 3404 2275 Καὶ
3433 2222 3609 2275 ταῦτα
3648 2222 3704 2277 δὲ

2120 2310 2258 2383 πρὸς
2304 2310 2402 2380 μὲν
2441 2310 2684 2382 ἱστορίαν
2727 2311 2828 2365 οὐκ
2862 2311 3167 2384 ἐπληροῦτο
3208 2312 3348 2368 κατὰ
3378 2314 3470 2368 τὸν
3512 2315 3702 2386 χρόνον

2119 2400 2221 2471 τῆς
2253 2398 2363 2452 ἀπὸ
2408 2398 2728 2463 Βαϐυλῶνος
2774 2398 3054 2464 ἐπανόδου,
3096 2399 3205 2454 τῶν
3245 2400 3703 2474 ἡλευθερωμένων

2121 2492 2226 2547 ὑπὸ
2257 2492 2441 2564 Κύρου
2473 2493 2566 2546 καὶ
2593 2493 2816 2565 Δαρείου
2854 2492 2963 2546 τῶν
2997 2493 3435 2565 βασιλευσάντων
3466 2498 3525 2549 ἐν
3562 2495 3701 2569 Πέρ-

2121 2597 2262 2644 σαιςο
2287 2575 2387 2634 ita}.
2415 2581 2551 2652 πρὸς
2578 2582 2636 2635 δέ
2671 2582 2935 2649 διάνοιαν,
2970 2583 3092 2636 ἐπεὶ
3127 2583 3202 2656 μὴ
3237 2583 3353 2637 ἐστι
3387 2585 3527 2656 πρὸς
3560 2585 3701 2651 λέξιν

2121 2668 2299 2740 εὑρεῖν
2337 2670 2396 2724 ἐν
2425 2672 2492 2742 τῇ
2525 2671 2737 2744 ἱστορίᾳ
2764 2671 2973 2744 πέτραν
3010 2672 3225 2728 ὑδάτων
3257 2673 3531 2747 ῥεύσασαν
3564 2676 3703 2731 κατὰ

2118 2758 2221 2829 τὴν
2279 2758 2539 2813 ἐπάνοδον
2600 2760 2697 2814 τοῦ
2745 2760 2898 2828 λαοῦ,
2943 2762 3188 2834 φήσομεν
3248 2761 3381 2833 γοῦν
3432 2767 3546 2829 τοῖς
3605 2765 3704 2836 τῆς

2120 2850 2496 2921 αἰχμαλωσίας
2525 2852 2612 2906 ἀεὶ
2637 2853 3121 2926 ὴλευθερωμένοις,
3164 2856 3293 2928 περὶ
3317 2849 3392 2911 ὧν
3416 2857 3446 2910 6
3470 2855 3704 2929 Χριστὸς

2121 2940 2324 3011 ἔλεγεν,
2355 2961 2373 2995 ι
2395 2943 2863 3013 Εὐαγγελίσασθαι
2883 2949 3117 3018 πτωχοῖς
3146 2947 3457 3002 ἀπέσταλκέ
3484 2966 3576 3020 με,
3610 2967 3703 3021 κη-

443 3051 627 3091 veram
674 3034 1010 3104 deprehendi
1044 3033 1482 3104 promissionem.
1529 3029 1626 3085 His
1661 3029 1858 3101 quippe
1887 3031 2016 3100 ipsis

2126 3030 2282 3102 ρῦξαι
2308 3032 2672 3103 αἰχμαλώτοις
2701 3036 2915 3104 ἄφεσιν,
2950 3056 2969 3089 ι
3009 3037 3368 3109 ἐπαληθεύειν
3399 3038 3498 3105 τὴν
3525 3041 3703 3110 ἐπαγ·

442 3126 774 3198 apostolicus
814 3140 880 3179 ex
926 3139 1053 3179 vera
1087 3134 1239 3193 petra
1289 3133 1447 3194 potus
1485 3122 1821 3177 instillatur:
1860 3141 1879 3175 ι
1915 3124 2016 3177 Pe-

446 3228 529 3273 tra
580 3227 758 3272 autem
792 3224 913 3272 erat
964 3216 1214 3272 Christus
1254 3214 1322 3283 “,
1380 3232 1400 3267 ι
1447 3214 1746 3271 secundum
1781 3213 2018 3285 Aposto-

443 3306 574 3362 lum.

516 3397 682 3454 Vnus.
713 3397 804 3452 2i.
852 3416 872 3451 ι
904 3396 1056 3465 Quod
1088 3395 1133 3451 si
1162 3394 1424 3464 sitierint,
1462 3410 1560 3467 per
1588 3395 1863 3452 desertum
1919 3396 1992 3451 du

444 3500 533 3549 cet
567 3505 700 3547 eos:
748 3479 947 3563 aquam
984 3506 1051 3547 ex
1093 3498 1250 3560 petra
1307 3489 1502 3545 educet
1548 3489 1680 3545 illis.
1725 3489 2020 3545 Scindetur

316 3644 327 3653 η
442 3596 619 3658 petra,
659 3595 713 3641 et
744 3585 881 3640 ﬂuet
927 3600 1089 3655 aqua,
1137 3592 1192 3639 et
1249 3583 1400 3639 bibet
1429 3583 1663 3655 populus
1698 3599 1871 3640 mcus.
1899 3582 2016 3639 Non

441 3689 527 3734 est
582 3678 835 3750 gaudium
889 3677 1092 3747 impiis,
1130 3674 1262 3730 dicit
1314 3675 1596 3730 Dominus.
1631 3693 1651 3728 ι
1688 3675 1902 3729 Etenim
1931 3675 2018 3744 pie

442 3771 729 3842 agentibus
785 3769 965 3825 omnis
1004 3784 1035 3823 a
1091 3767 1201 3824 Deo
1252 3766 1405 3823 adest
1440 3766 1714 3836 voluptas,
1761 3767 2018 3839 gaudium

442 3874 501 3919 et
522 3864 968 3927 latitiamecnon
1004 3860 1108 3914 alia
1125 3859 1339 3923 omnia,
1372 3874 1494 3928 qua:
1526 3858 1579 3913 in
1604 3858 1889 3929 promissis
1923 3858 2021 3913 ha-

443 3958 678 4021 bentur,
713 3955 894 4024 impiis
938 3967 1068 4007 vero
1108 3951 1255 4006 nulla
1302 3949 1698 4022 promissorum
1738 3949 1881 4006 ratio
1921 3950 2022 4006 ha-

440 4049 625 4105 betur.

1003 4136 1230 4194 CAPUT
1270 4137 1461 4197 XLIX.

511 4229 678 4285 Vnus.
710 4229 763 4284 1.
802 4247 823 4282 ι
851 4229 1050 4284 Audite
1091 4245 1201 4296 me,
1226 4230 1415 4286 insulae
1436 4268 1452 4294 ,
1483 4238 1538 4286 et
1567 4228 1851 4295 attendite,
1881 4243 2013 4298 gen-

2123 3123 2329 3193 γελίαν.
2364 3124 2588 3189 Τούτοις
2607 3125 2716 3199 γὰρ
2746 3129 2928 3193 αὐτοῖς
2957 3130 3017 3183 τὸ
3067 3129 3421 3185 ἀποστολικὸν
3456 3130 3615 3202 πόμα
3645 3131 3703 3187 τὸ
3759 3170 3768 3182 .

2121 3215 2187 3269 ἐκ
2210 3216 2312 3287 τῆς
2342 3216 2604 3289 ἀληθινῆς
2631 3219 2835 3291 πέτρας
2861 3221 3120 3294 ἐξομϐρεῖ
3137 3239 3152 3254 ·
3190 3242 3210 3276 ι
3256 3223 3320 3277 Ἥ
3348 3223 3525 3297 πέτρα
3554 3223 3615 3278 δὲ
3635 3217 3703 3297 ἦν

2119 3310 2149 3362 6
2174 3310 2460 3381 Χριστὸς,›
2498 3311 2639 3365 κατὰ
2668 3311 2760 3364 τὸν
2804 3313 3145 3368 Ἀπόστολον.

2197 3423 2216 3455 ι
2247 3404 2358 3457 Καὶ
2382 3404 2474 3458 ἐὰν
2508 3403 2796 3476 διψήσωσι,
2826 3405 2892 3458 δι’
2922 3407 3130 3479 ἐρήμου
3155 3407 3275 3476 ἄξει
3302 3409 3534 3475 αὐτούς·
3561 3409 3703 3483 ὕδωρ

2121 3494 2185 3547 ἐκ
2235 3492 2440 3565 πέτρας
2485 3493 2662 3560 ἐξάξει
2708 3495 2913 3560 αὐτοῖς.
2959 3496 3316 3568 Σχισθήσεται
3361 3500 3563 3570 πέτρα,
3616 3485 3704 3554 κάι

2122 3584 2382 3656 ρυήσεται
2427 3583 2593 3655 ὕδωρ,
2644 3586 2739 3638 καὶ¹
2787 3586 2966 3639 πίεται
3013 3587 3042 3639 6
3091 3587 3218 3651 λαός
3265 3606 3388 3660 μου.
3427 3591 3545 3644 Οὐκ
3592 3590 3704 3645 ἔστι

2119 3674 2350 3746 χαίρειν,
2391 3674 2539 3743 λέγει
2584 3674 2810 3747 Κύριος,
2853 3679 2965 3740 τοῖς
3007 3677 3279 3732 ἀσεϐέσιν.
3333 3696 3354 3731 ι
3403 3679 3703 3735 Εὐσεϐοῦσι

2117 3764 2226 3837 γὰρ
2260 3767 2409 3819 πᾶσα
2438 3765 2701 3839 πάρεστιν
2733 3768 2766 3838 ἡ
2802 3768 2953 3841 παρὰ
2984 3770 3078 3822 τοῦ
3109 3768 3245 3823 Θεοῦ
3275 3770 3458 3843 τρυφὴ
3487 3771 3587 3825 καὶ
3615 3772 3705 3824 εύ-

2118 3855 2381 3928 φροσύνη,
2424 3858 2519 3911 καὶ
2564 3858 2665 3912 ὅσα
2702 3859 3035 3930 ἐπήγγελται
3080 3860 3261 3929 ἀγαθὰ
3291 3861 3447 3916 ἄλλα·
3492 3865 3611 3928 τοῖς
3647 3861 3704 3917 δέ

2116 3948 2369 4003 ἀσεϐέσιν
2390 3948 2575 4012 οὐδεὶς
2606 3948 2766 4019 λόγος
2795 3951 2933 4022 πρὸς
2960 3951 3031 4006 τὰ
3056 3952 3468 4025 ἐπηγγελμένα.

2624 4152 3020 4207 1(ΕιίηὶΛΑῐΟΝ
3055 4150 3191 4208 ΜΘ’.

2191 4263 2235 4297 ι·
2273 4244 2566 4299 Ἀκούσατέ
2610 4262 2733 4316 μου,
2781 4244 2955 4317 νῆσοι,
2990 4246 3087 4300 καὶ
3131 4244 3450 4318 προσέχετε,
3484 4243 3637 4317 ἔθνη.
3678 4262 3699 4297 ι

438 4328 544 4376 tes.
576 4339 596 4374 ι
632 4319 835 4390 Aperte
883 4319 1152 4389 signiﬁcat
1197 4334 1257 4375 se
1288 4336 1392 4375 non
1422 4318 1640 4376 Judaaos
1671 4321 1724 4375 in
1757 4320 2012 4390 praesenti

2121 4338 2417 4408 Μονονουχὶ
2453 4336 2640 4407 σαφῶς
2668 4337 3126 4410 διαστελλόμενος,
3157 4316 3260 4404 ότι,
3293 4337 3373 4410 μὴ
3392 4336 3530 4409 πρὸς
3573 4316 3705 4392 Ἰου-

437 4414 787 4484 compellare,
822 4428 998 4483 neque
1027 4414 1094 4467 ad
1127 4414 1353 4483 quasvis
1384 4414 1571 4469 obvias
1605 4412 1809 4470 insulas
1840 4414 2010 4469 verba

2121 4428 2297 4493 δαίους
2452 4398 2699 4502 παρόντα
2737 4398 3021 4494 συντείνει,
3062 4398 3186 4500 μηδ’
3358 4398 3524 4500 ἐτυχε
3566 4427 3705 4501 πρός

437 4507 639 4571 facere,
673 4505 766 4559 sed
802 4504 868 4558 ad
893 4512 1085 4573 gentes
1114 4514 1170 4558 et
1200 4503 1267 4558 ad
1316 4504 1408 4559 Dei
1443 4502 1718 4559 Ecclesias
1745 4505 1799 4559 in
1830 4503 2013 4559 medio

437 4596 680 4668 gentium
740 4596 967 4666 positas.
1020 4594 1366 4666 Quapropter
1417 4595 1714 4651 secundum
1759 4594 2013 4667 Symmaé

434 4691 623 4752 clunn,
653 4689 735 4744 sic
770 4688 970 4757 legitur
1000 4706 1015 4743 :
1048 4686 1286 4742 «Audite
1318 4702 1424 4753 me,
1463 4686 1675 4751 insulae,
1720 4686 2013 4742 etauscul-

436 4790 568 4846 tate,
598 4793 815 4852 gentes.
847 4802 867 4836 ι
909 4783 1051 4849 Quid
1086 4780 1250 4852 igitur
1276 4780 1535 4836 Ecclesiae
1582 4796 1694 4837 sua:
1729 4781 2012 4837 declarare

432 4884 673 4942 expetat,
726 4874 801 4929 ita
853 4875 1040 4930 subdit
1077 4891 1142 4927 τι
1193 4872 1298 4930 Per
1333 4872 1562 4928 multum
1601 4882 1816 4943 tempus
1845 4873 2012 4929 stabit

436 4962 721 5018 Dominus.
755 4984 775 5017 ι
807 4965 885 5019 Ac
910 4965 1089 5033 primo
1114 4965 1514 5021 observandum
1537 4975 1643 5029 est,
1674 4968 1791 5020 haec
1813 4974 1871 5019 et
1891 4978 2012 5035 quas

434 5065 621 5123 postea
644 5056 1075 5126 subsequuntur,
1117 5071 1184 5110 ex
1216 5071 1445 5127 persona
1485 5056 1698 5110 Domini
1749 5054 2008 5127 proferri.

434 5146 538 5202 Ubi
568 5149 680 5216 ipse
707 5148 992 5213 Dominus,
1023 5149 1115 5216 qui
1148 5161 1457 5202 sermonem
1491 5161 1719 5203 exorsus
1754 5157 1859 5214 est,
1889 5161 2011 5216 quae

434 5240 766 5307 adjiciuntur
783 5239 942 5310 quasi
973 5240 1038 5293 de
1064 5239 1170 5293 alio
1199 5240 1339 5294 dicta
1369 5239 1615 5294 declarat
1641 5258 1656 5295 :
1700 5240 1809 5294 imo
1843 5241 2008 5294 etiam

431 5344 555 5385 sese
585 5330 824 5400 genitum
858 5344 980 5384 esse
1004 5330 1232 5396 fatetur,
1260 5341 1316 5386 et
1352 5346 1569 5386 servum
1607 5340 1909 5403 nuncupat,
1954 5341 2013 5386 et

433 5419 605 5475 multa
638 5420 743 5475 alia
776 5422 828 5474 in
865 5424 1222 5490 sequentibus
1265 5423 1462 5491 aperit.
1506 5419 1588 5477 Ne
1624 5421 1761 5490 jam,
1807 5425 2007 5492 inquit,

434 5512 561 5566 dum
599 5511 994 5582 luec_eloquor,
1025 5516 1313 5570 verborum
1346 5514 1601 5571 eliectum
1644 5532 1744 5573 vos
1793 5517 2010 5575 visuros

450 5691 457 5696 ’
504 5687 550 5719 ⁸³
580 5687 708 5745 Luc.
752 5708 825 5760 tv,
868 5694 952 5749 28.
1029 5695 1075 5728 ⁸³
1110 5695 1275 5751 lCor.
1312 5698 1440 5762 νηί.

2114 4537 2268 4585 τινας
2315 4521 2638 4592 προχείρους
2682 4521 2983 4604 νοουμένας
3020 4522 3240 4593 νήσους,
3290 4520 3427 4575 ἀλλὰ
3460 4520 3602 4592 πρὸς
3636 4519 3706 4575 τὰ

2113 4610 2241 4684 ἔθνη
2286 4613 2380 4665 καὶ
2425 4612 2526 4677 τὰς
2582 4612 2784 4684 μεταξὺ
2840 4612 2949 4667 τῶν
3000 4612 3170 4666 ἐθνῶν
3223 4612 3705 4685 μεσολαϐουμένας

2114 4703 2208 4758 τοῦ
2238 4703 2372 4757 Θεοῦ
2410 4704 2757 4776 Ἐκκλησίας.
2789 4704 2952 4759 Ὅθεν
2983 4705 3078 4758 καὶ
3111 4704 3251 4759 κατὰ
3279 4704 3370 4758 τὸν
3403 4704 3705 4777 Σύμμαχον

2113 4792 2300 4845 τοῦτον
2332 4793 2547 4865 εἴρηται
2572 4794 2664 4848 τδν
2696 4795 2926 4868 τρόπον,
2976 4814 2995 4848 ι
3041 4795 3336 4849 Ἀκούσατέ
3369 4812 3491 4867 μου,
3523 4799 3702 4868 νῆσοι,

2117 4882 2210 4936 καὶ
2245 4883 2610 4957 ἀκροάσασθε,
2637 4885 2784 4957 ἔθνη.
2831 4906 2850 4939 ι
2885 4887 2951 4940 Τί
2980 4887 3159 4942 τοίνυν
3188 4886 3435 4958 βούλεται
3467 4887 3702 4954 διδάξειν

2116 4974 2213 5046 τὴν
2251 4976 2577 5049 Ἐκκλησίαν
2598 4978 2788 5042 αὑτοῦ,
2807 4979 3070 5048 ἐπιλέγει,
3102 4999 3121 5031 ι
3156 4979 3255 5034 Διὰ
3280 4981 3471 5053 χρόνου
3499 4978 3701 5034 πολλοῦ

2119 5065 2372 5136 στήσεται
2412 5067 2636 5139 Κύριος.
2677 5088 2695 5120 ι
2735 5069 2845 5123 Καὶ
2882 5070 3096 5148 πρῶτον
3126 5069 3505 5141 ἐπιτηρητέον,
3534 5069 3612 5133 ὡς
3639 5070 3701 5121 ἐκ

2116 5153 2409 5226 προσώπου
2448 5156 2543 5210 τοῦ
2586 5159 2791 5231 Κυρίου
2839 5159 3013 5214 ταῦτα
3057 5160 3278 5232 φέρεται
3328 5162 3422 5214 καὶ
3462 5160 3534 5214 τὰ
3572 5160 3700 5232 ἑξῆς

2112 5246 2323 5312 τούτοις
2355 5250 2758 5322 ἐπιφερόμενα·
2787 5252 2844 5305 ἐν
2872 5247 2953 5315 οἷς
2976 5251 3138 5315 αὐτὸς
3167 5254 3196 5306 6
3226 5251 3323 5305 τοῦ
3353 5251 3515 5322 λόγου
3562 5269 3689 5305 κατ-

2113 5338 2286 5410 άρξας
2318 5339 2521 5412 Κύριος
2556 5342 2631 5406 ὡς
2684 5343 2811 5417 περὶ
2860 5344 3045 5416 ἐτέρου
3080 5343 3321 5399 διδάσκει
3348 5344 3417 5398 τὰ
3447 5344 3697 5414 ἐπιλεγό-

2118 5446 2284 5499 μενα·
2323 5431 2459 5484 ἀλλὰ
2500 5431 2595 5486 καὶ
2638 5433 3000 5503 γεγεννῆσθαι
3050 5435 3242 5490 ἐαυτὸν
3277 5434 3553 5508 ὁμολογεῖ,
3599 5438 3697 5491 καὶ

2112 5518 2295 5576 δοῦλον
2328 5523 2517 5592 ἐαυτὸν
2556 5524 2831 5596 ὀνομάζει,
2860 5527 2952 5579 καὶ
2979 5527 3081 5582 ὅσα
3109 5527 3245 5583 ἄλλα
3279 5529 3579 5602 παρίστησι
3606 5525 3698 5588 διὰ
