3880 6216
182 281 292 337 429

1071 270 1585 330 ΟΟΜΜΕΝΤΑΒΙΑ
1625 270 1691 326 IN
1730 269 1990 328 ISAIAM.
2031 301 2099 314 -—
2133 271 2289 327 CAP.
2331 268 2520 326 XLIX.

3335 264 3448 325 ιω

182 398 295 451 τῶν
325 394 456 465 ἑξῆς
490 392 923 464 ἐπιφερομένων.
969 389 1061 462 Μὴ
1101 389 1218 454 νῦν,
1257 388 1444 458 φησιν,
1484 386 1575 440 ὅτε
1602 384 1775 440 ταῦτα

1891 399 2001 440 esse
2036 395 2285 454 sperate:
2318 399 2445 439 nam
2499 382 2816 438 diuturnum
2871 380 3174 437 intercedet
3206 388 3442 451 tempus,

182 489 556 560 διεξέρχομαι,
612 484 1022 557 προσδοκήσητε
1066 481 1175 535 τῶν
1217 480 1392 549 λόγων
1431 477 1660 550 ὄψεσθαι
1705 477 1774 532 τά

181 568 609 652 ἀποτελέσματα
629 595 643 609 ’
679 577 889 649 μακρὸς
917 575 1025 647 γὰρ
1053 574 1206 629 ἔσται
1239 570 1441 644 μεταξὺ
1480 570 1671 644 χρόνος
1713 572 1773 623 ὲν

181 671 228 744 ᾧ
269 678 339 730 δι’
372 674 551 747 ἔργων
599 672 924 742 συστήσεται
969 667 1037 722 τὰ
1082 665 1555 739 προφητευόμενα.
1606 683 1625 715 ι
1678 664 1775 717 Ἐκ

183 767 399 830 κοιλίας
434 764 639 836 μητρός
676 780 776 835 μου
812 762 1042 816 ἐκάλεσε
1074 759 1137 813 τὸ
1168 758 1339 830 ὄνομά
1382 775 1504 829 μου.
1554 777 1572 810 ι
1604 755 1776 810 Τοῦτο

182 860 298 931 γὰρ
335 856 683 927 παιδεύοητε,
715 849 760 908 ὦ
793 853 941 925 ἔθνη,
973 852 1068 907 καὶ
1100 852 1278 923 ὑμεῖς,
1317 850 1373 903 αἱ
1407 849 1578 921 νῆσοι.
1615 849 1774 901 Ποῖον

183 949 242 1002 δὲ
264 947 448 1011 τοῦτο,
480 946 515 1018 ἦ
543 947 626 1000 ὅτι
655 943 859 1016 Κύριος
892 944 920 996 ὃ
952 943 1170 996 πάντων
1198 940 1486 1010 δεσπότης,
1523 939 1617 993 καὶ
1649 939 1775 1008 πρὶν

186 1044 270 1106 είς
297 1039 622 1114 ἀνθρὼπους
662 1037 761 1109 ἐμὲ
785 1036 877 1091 τὸν
914 1032 1119 1106 Κύριον
1158 1030 1442 1094 εἰσελθεῖν,
1473 1028 1554 1083 ἔτι
1579 1030 1776 1101 κυόμε-

186 1150 302 1197 νον,
339 1132 439 1185 καὶ
483 1129 625 1184 κατά
660 1127 896 1213 γαστρὸς
937 1124 1322 1187 ἀνεκαλέσατο,
1372 1122 1533 1187 αύτδς
1581 1122 1638 1175 δέ
1685 1138 1775 1193 μοι

184 1223 287 1276 καὶ
312 1222 485 1292 δνομα
514 1210 853 1291 ἐδωρήσατο;
891 1218 1016 1270 Ὅτι
1052 1215 1150 1287 μὲν
1178 1215 1254 1279 ὼς
1280 1212 1429 1284 αὐτῷ
1465 1213 1610 1285 μόνῳ
1635 1210 1775 1282 γνὼ-

1872 488 2163 547 antequam
2208 490 2271 531 ea
2325 490 2449 546 quae
2497 474 2553 530 in
2590 473 2874 547 prophetia
2909 473 3287 539 enuntiantur,
3317 490 3447 530 eve-

1874 569 2046 624 niant.
2116 586 2135 619 ι
2182 567 2263 624 Ex
2319 578 2476 623 utero
2531 566 2724 623 matris
2780 580 2913 622 mea:
2970 567 3187 622 vocavit
3246 582 3447 622 nomen

1875 677 2077 716 meum.
2106 679 2125 712 ι
2157 658 2215 715 ιιι
2257 659 2504 723 ediscite,
2550 668 2765 729 gentes,
2797 668 2856 714 et
2879 674 2997 724 vos,
3037 658 3245 714 insulae.
3273 660 3447 726 Quid-

1876 769 1998 808 nam
2032 738 2181 817 illud,
2220 753 2323 807 nisi
2353 751 2497 821 quod
2532 751 2791 806 Dominus
2834 752 3075 806 omnium
3115 752 3444 813 dominatur.

1876 845 1962 900 vel
1993 855 2281 915 antequam
2308 859 2408 915 ego
2443 843 2705 899 Dominus
2735 844 2802 898 ad
2834 843 3081 898 homines
3102 843 3446 907 accederem,

1876 950 1933 995 et
1961 945 2086 995 dum
2116 939 2173 993 in
2212 948 2365 993 utero
2394 947 2661 1007 gestarcr,
2722 951 2806 991 me
2842 936 3141 1003 vocaverit,
3204 936 3451 1005 mihique

1878 1046 2076 1087 nomen
2131 1030 2430 1085 indiderit?
2481 1028 2617 1096 Quia
2674 1029 3133 1100 quemadmodum
3187 1029 3289 1100 ipsi
3345 1030 3447 1085 soli

1875 1122 1989 1193 jam
2025 1132 2215 1177 notum
2257 1122 2386 1176 illud
2429 1130 2542 1188 est;
2593 1122 2671 1178 sic
2701 1131 2757 1177 et
2809 1123 2959 1177 vobis
3011 1123 3163 1191 ipsis,
3196 1123 3453 1178 omnibus

1882 1227 2076 1282 nempe
2098 1213 2368 1283 gentibus,
2398 1227 2499 1267 suo
2538 1223 2778 1281 tempore
2801 1213 3150 1269 manifestum
3177 1214 3305 1269 erit.

188 1316 357 1391 ριμόν
390 1317 535 1368 ἐστι·
571 1312 714 1367 κατά
742 1311 933 1385 καιρὸν
972 1310 1030 1365 δὲ
1069 1309 1165 1364 καὶ
1210 1309 1347 1381 ύμῖν
1389 1309 1594 1374 αὐτοῖς,
1631 1307 1774 1378 λέγω
1807 1308 1940 1362 πᾶσι
1968 1310 2081 1372 τοῖς
2104 1307 2303 1374 ἔθνεσι,
2330 1306 2561 1380 φανερὸν
2588 1309 2899 1381 γενήσεται.

269 1519 289 1552 ι
325 1500 437 1554 Καὶ
465 1498 627 1569 ἔθηκε
657 1497 718 1551 τὸ
750 1495 925 1568 στόμα
961 1512 1063 1567 μου
1092 1495 1170 1559 ὡς
1205 1494 1479 1566 μάχαιραν
1511 1478 1711 1561 ὀξεῖαν,
1749 1513 1769 1547 ι

203 1587 370 1642 Ἀλλά
401 1588 497 1641 καὶ
537 1587 732 1656 έθηκεν
758 1587 787 1639 ὁ
814 1584 974 1647 αὐτὸς
999 1583 1132 1647 Θεὸς
1161 1584 1256 1636 καὶ
1305 1582 1496 1652 Πατὴρ
1540 1580 1605 1633 τὸ
1646 1579 1777 1651 ἐμὸν

1952 1491 2117 1548 Vens.
2142 1493 2200 1547 2.
2249 1512 2269 1545 ι
2298 1492 2364 1547 Ει
2393 1492 2570 1563 posuit
2613 1507 2676 1549 os
2720 1506 2903 1547 meum
2943 1499 3005 1546 ut
3045 1490 3286 1563 gladium
3325 1507 3453 1548 acu»

1885 1594 2020 1641 tum.
2046 1604 2066 1637 ι
2103 1585 2209 1639 Sed
2235 1585 2395 1638 etiam
2432 1585 2573 1640 idem
2604 1585 2744 1639 Deus
2794 1592 2848 1639 et
2875 1583 3058 1651 Pater,
3086 1585 3190 1640 mei
3231 1586 3329 1641 ista
3366 1586 3453 1641 lo-

190 1680 288 1736 τοῦ
343 1680 515 1734 ταῦτα
568 1679 819 1748 λέγοντος
872 1676 1079 1747 Κυρίου
1138 1674 1332 1745 στόμα,
1385 1673 1462 1737 ὡς
1507 1671 1778 1744 μάχαιραν

1891 1677 2105 1746 quentis
2131 1676 2395 1732 Dominus
2427 1692 2490 1732 os
2528 1677 2710 1747 posuit
2738 1685 2796 1731 ut
2821 1676 3061 1747 gladium
3114 1688 3358 1743 acutum,
3388 1693 3455 1733 ae

192 1773 399 1839 ὀξεῖαν,
434 1744 708 1841 τμητικην
732 1763 917 1829 οὖσαν,
945 1744 1025 1830 εἰς
1051 1764 1115 1818 τὺ
1133 1744 1362 1837 διαιρεῖν
1387 1762 1482 1817 καλ⁸
1502 1760 1781 1833 ἀφορίζειν

1891 1770 2029 1825 lenui
2067 1771 2133 1824 ad
2157 1770 2477 1825 scissionem
2516 1770 2652 1833 acie,
2680 1769 2746 1823 ad
2782 1769 3114 1839 separandos
3155 1778 3211 1824 et
3255 1784 3452 1839 seque-

188 1865 325 1927 τοὺς
354 1861 539 1926 ἀξίους
559 1858 653 1912 τοῦ
683 1857 818 1912 Θεοῦ
846 1856 955 1912 ἀπὸ
976 1855 1085 1911 τῶν
1116 1855 1191 1927 μὴ
1218 1854 1475 1908 τοιούτων
1495 1869 1510 1883 ·
1540 1853 1570 1907 ὃ
1593 1853 1657 1924 δὴ
1686 1851 1782 1906 καὶ

191 1958 256 2010 ὲν
288 1952 639 2023 Εύαγγελῖοις
668 1952 697 2004 ό
737 1950 900 2013 αὐτος
932 1948 1232 2021 ἐμαρτύρει
1270 1946 1445 2015 λέγων
1466 1985 1480 2010 ,
1516 1964 1536 1997 ι
1571 1945 1665 2017 Μὴ
1696 1962 1784 2000 νο-

193 2048 424 2122 μίσητε,
448 2048 529 2101 ὅτι
554 2041 717 2117 ἦλθον
749 2041 929 2112 βαλεῖν
974 2041 1199 2113 εἰρήνην
1222 2039 1318 2091 ἐπὶ
1341 2039 1439 2108 τῆς
1466 2036 1592 2107 γῆς,
1632 2054 1651 2087 ι
1688 2036 1783 2088 καὶ

191 2140 269 2195 τά
318 2139 469 2209 ἑξῆς.
522 2157 540 2189 ι
583 2137 692 2190 Καὶ
743 2133 849 2187 ὑπὸ
893 2131 992 2203 τὴν
1028 2131 1236 2202 σκέπην
1284 2129 1383 2200 τῆς
1408 2127 1591 2200 χειρὸς
1616 2126 1780 2180 αὐτοῦ

192 2234 406 2306 ἔκρυψέ
442 2250 508 2304 με
533 2248 547 2263 ο
584 2230 748 2302 ἔθηκέ
780 2245 847 2299 με
886 2227 962 2291 ὡς
996 2225 1147 2297 βέλος
1190 2223 1463 2286 ἐκλεκτὸν,
1501 2221 1594 2275 καὶ
1628 2222 1687 2274 ὲν
1715 2222 1780 2293 τῇ

195 2327 452 2399 φαρέτρα
490 2322 657 2379 αὐτοῦ
703 2320 905 2394 ἔκρυψέ
943 2336 1031 2390 με.
1074 2337 1093 2370 ι
1140 2317 1251 2387 Τὴν
1291 2314 1522 2387 κρύφιον
1548 2312 1784 2375 καὶτοῖς

196 2417 418 2480 πολλοῖς
441 2413 806 2468 λανθάνουσαν
831 2409 1141 2479 οἰκονομίαν
1166 2407 1266 2477 τῆς
1294 2404 1561 2473 ὲνσάρκου
1591 2418 1787 2474 παρουο

198 2508 326 2572 σέας
350 2505 515 2561 αὐτοῦ
540 2499 644 2559 ὧδέ
666 2522 741 2575 πη
774 2501 1161 2571 αἰνιττόμενος.
1192 2498 1404 2566 Ὥσπερ
1428 2494 1483 2547 δὲ
1515 2494 1786 2564 μάχαιραν

195 2599 384 2667 ὀξεῖαν
409 2598 511 2669 τὴν
534 2595 784 2666 γλῶσσαν
808 2589 975 2647 αὐτοῦ
1001 2588 1310 2659 ὠνόμασεν,
1336 2585 1480 2639 οὕτω
1508 2585 1600 2638 καὶ
1634 2584 1785 2655 βέλος

198 2690 462 2746 ἐκλεκτόν
490 2704 622 2759 φησι
650 2682 924 2739 τεθεῖσθαι
953 2680 1141 2734 ἑαυτὸν
1173 2677 1280 2731 ὑπὸ
1319 2675 1414 2731 τοῦ
1444 2675 1683 2750 Πατρόςο
1719 2672 1784 2727 ἵν’

196 2786 292 2839 ὅτε
325 2781 587 2853 βούλοιτο,
617 2774 896 2847 τιτρώσκη
933 2773 1057 2835 τοὺς
1098 2770 1282 2835 ἀξίους
1318 2768 1426 2822 τῶν
1464 2765 1629 2822 αὑτοῦ
1661 2766 1786 2820 κέν-

195 2891 375 2948 τρων·
407 2872 568 2927 ὁποία
595 2867 664 2943 ἦν
691 2872 725 2941 ἡ
748 2867 893 2938 ψυχὴ
919 2867 954 2936 ἡ
976 2864 1230 2932 λέγουσα,
1267 2881 1285 2914 ι
1322 2862 1445 2915 Ὅτι
1472 2858 1785 2932 τετρωμένη

199 2967 428 3035 ἀγάπης
460 2963 588 3032 ἐγώ.
633 2982 652 3014 ι
693 2959 839 3031 Πλὴν
866 2957 1002 3011 ἀλλὰ
1026 2956 1121 3009 καὶ
1152 2954 1312 3007 τοῦτο
1349 2952 1409 3005 τὸ
1447 2951 1600 3022 βέλος
1622 2949 1699 3012 ὡς
1730 2951 1788 3001 έν

199 3058 456 3130 φαρέτρα
484 3055 577 3108 καὶ
612 3052 755 3123 θήκῃ
790 3049 959 3121 βελῶν
995 3045 1315 3118 ἀπέκρυψεν
1341 3046 1369 3097 ό
1395 3043 1526 3107 Θεὸς
1553 3041 1647 3094 καὶ
1670 3040 1786 3095 Πα-

195 3151 310 3221 τήρ
327 3166 341 3179 ο
364 3149 451 3202 ῖνα
483 3147 557 3217 μὴ
588 3145 788 3207 πάντες
816 3141 945 3195 αὐτὸ
971 3139 1238 3210 θεωρῶσι,
1269 3135 1407 3207 μηδὲ
1432 3134 1711 3205 νομιῶσιν,
1739 3135 1787 3187 εί

201 3242 284 3313 μὴ
315 3241 465 3311 μόνοι
493 3239 544 3291 οἱ
577 3236 741 3301 ἄξιοι.
780 3231 1145 3302 Καταλλήλως
1170 3229 1227 3282 δὲ
1253 3230 1348 3281 ὲπὶ
1368 3230 1434 3299 τῇ
1473 3225 1567 3280 τοῦ
1603 3226 1789 3296 βέλους

197 3328 480 3400 ἐπηγορία
503 3326 581 3397 τῷ
611 3326 712 3396 τῆς
737 3324 1014 3396 φαρέτρας
1042 3321 1262 3390 ὀνόματι
1294 3315 1577 3389 κέχρηται.
1615 3316 1786 3387 Φαρέ-

195 3436 340 3493 τραν
385 3419 443 3472 δὲ
483 3418 577 3471 καὶ
615 3415 910 3487 βελοθηκην
955 3414 1057 3466 οὐκ
1099 3410 1163 3464 ἂν
1216 3409 1482 3480 ἁμάρτοις
1523 3405 1691 3461 εἰπὼν
1726 3406 1788 3459 τὸ

199 3511 435 3584 σαρκίον
461 3511 490 3563 ὃ
522 3508 807 3578 ἀνείληφεν
835 3507 864 3558 ό
896 3504 992 3560 τοῦ
1028 3501 1162 3556 Θεοῦ
1190 3501 1361 3569 Λόγος
1390 3498 1669 3569 ἐπιδημῶν
1694 3499 1789 3552 ἀν-

200 3603 470 3676 θρώποις.
498 3599 749 3653 Τοιοῦτον
773 3598 830 3651 δὲ
856 3593 1363 3664 κατεσκευασμένον
1394 3591 1485 3644 τὸν
1508 3590 1682 3644 ταῦτα
1709 3588 1789 3642 λέ·-

198 3711 377 3765 γοντα
408 3692 613 3763 Κύριον
638 3692 668 3745 ό
689 3689 820 3761 ἐμὸς
853 3688 985 3752 Θεὸς
1015 3686 1110 3740 καὶ
1143 3684 1331 3756 Πατὴρ
1362 3678 1482 3739 εἶπέ
1519 3699 1625 3753 μοι·

281 3996 301 4029 ι
348 3978 549 4042 Δοῦλός
581 3995 683 4047 μου
714 3973 768 4031 εἴ
799 3978 885 4042 σὺ,
933 3977 1169 4049 Ἰσραὴλ,
1204 3977 1297 4031 καὶ
1327 3978 1384 4030 ὲν
1418 3975 1501 4029 σοὶ
1528 3975 1788 4047 δοξασθή-

203 4087 394 4142 σομαι.
436 4089 458 4122 ι
502 4070 721 4142 Ἐπειδὴ
751 4071 858 4145 γὰρ
891 4071 1161 4142 προῆλΘες
1192 4073 1256 4123 ἐκ
1306 4070 1512 4133 κοιλίας
1558 4069 1785 4143 μητρὸς,

200 4165 299 4216 καὶ
342 4162 559 4231 γένεσιν
593 4163 892 4234 ὑπέμεινας
927 4162 1027 4233 τὴν
1071 4165 1135 4216 ὲκ
1182 4162 1492 4236 σπέρματος
1548 4160 1785 4233 Ἰσραὴλ,

199 4256 306 4308 οὐκ
337 4257 400 4309 ὲν
445 4255 615 4328 ἑτέρῳ
656 4256 823 4325 γένει,
870 4255 990 4309 οὐδὲ
1023 4257 1081 4308 ὲν
1113 4256 1429 4325 ἀλλοφύλοις
1472 4255 1647 4309 ἔθνεσι
1690 4254 1787 4325 τὴν

202 4343 626 4418 ὲνανθρώπησιν
652 4348 921 4418 ἐποιήσωο
952 4347 1066 4401 ἀλλ’
1092 4350 1150 4400 ὲν
1177 4348 1255 4419 τῷ
1292 4347 1506 4419 Ἰσραὴλ
1533 4348 1598 4399 ὲκ
1623 4346 1789 4416 σπέρ-

1882 1863 2137 1918 strandos
2160 1877 2280 1929 eos,
2333 1863 2424 1933 qui
2472 1860 2586 1917 Deo
2630 1861 2778 1932 digni
2814 1870 2962 1930 sunt,
2993 1862 3061 1917 ab
3088 1862 3180 1926 iis,
3209 1862 3301 1931 qui
3341 1878 3454 1919 non

1883 1954 2001 2024 pari
2034 1954 2197 2008 modo
2231 1968 2291 2008 se
2318 1953 2546 2008 habent.
2582 1953 2738 2021 Quod
2766 1955 2929 2009 etiam
2981 1955 3096 2024 ipse
3125 1955 3177 2008 in
3205 1954 3452 2025 Evange-

1883 2046 1970 2102 liis
1996 2045 2394 2101 testiﬂcabatur
2418 2046 2604 2101 dicens
2641 2065 2654 2102 :
2691 2063 2710 2098 ι
2731 2045 2908 2101 Nolite
2938 2055 3163 2117 putare.
3191 2048 3454 2119 quoniam

1883 2139 2129 2194 venerim
2159 2153 2348 2209 pacem
2379 2139 2600 2194 mittere
2634 2154 2798 2210 super
2826 2148 3030 2195 terram
3075 2139 3144 2207 ⁸⁸,
3180 2158 3200 2192 ι
3246 2148 3301 2194 et
3344 2154 3453 2194 ca:-

1886 2241 2024 2287 tera.
2070 2248 2090 2284 ι
2127 2230 2194 2287 Ει
2242 2233 2344 2287 sub
2394 2240 2707 2300 legumento
2762 2246 2956 2286 manus
3008 2245 3120 2287 sua:
3167 2230 3459 2291 abscondit

1886 2340 2003 2379 me:
2037 2325 2218 2394 posuit
2246 2338 2330 2378 me
2355 2324 2511 2393 quasi
2539 2324 2793 2394 sagittam
2827 2323 3082 2386 electam,
3126 2332 3181 2378 et
3226 2325 3278 2377 in
3312 2325 3452 2395 pha-

1886 2424 2030 2469 retra
2064 2430 2160 2468 sua
2199 2416 2490 2469 abscondit
2538 2429 2645 2469 me.
2678 2433 2699 2469 ι
2731 2414 3012 2471 Occultam
3040 2431 3103 2469 ac
3134 2416 3319 2471 nmltis
3357 2417 3460 2471 ho-

1888 2506 2126 2558 minibus
2151 2502 2410 2558 latentem
2439 2506 2801 2560 mcenomiam
2842 2506 2925 2561 sui
2960 2507 3014 2560 in
3057 2522 3224 2563 carne
3253 2509 3461 2564 adven-

1888 2601 1972 2649 Ius
2004 2595 2088 2650 bis
2114 2595 2444 2651 subindicat.
2474 2596 2629 2652 Sicut
2654 2606 2832 2653 autem
2860 2598 3102 2670 linguam
3152 2616 3309 2655 suam
3333 2602 3456 2673 gla-

1888 2687 2034 2741 dium
2085 2698 2307 2742 acutum
2358 2690 2596 2754 vocavit,
2640 2690 2715 2744 ita
2757 2698 2813 2744 et
2864 2703 2925 2745 se
2955 2707 2985 2745 a
3015 2689 3175 2747 Patre
3203 2693 3457 2764 sagittam

1887 2778 2114 2833 electam
2146 2779 2380 2849 positum
2420 2780 2589 2836 fuisse
2624 2790 2890 2848 testatur;
2930 2791 2989 2836 ut
3025 2784 3236 2851 quoties
3272 2784 3457 2852 vellet,

1889 2869 2078 2925 feriret
2122 2885 2237 2935 eos,
2283 2872 2375 2940 qtti
2428 2871 2735 2939 huiusmodi
2778 2873 2987 2944 spiculo
3031 2875 3179 2945 digni
3216 2887 3455 2933 essent:

1887 2963 2062 3032 qualis
2089 2972 2211 3018 erat
2239 2964 2420 3017 anima
2450 2963 2708 3039 illa,qute
2746 2965 2982 3031 dicebat,
3035 2984 3053 3019 ι
3088 2966 3228 3034 Quia
3269 2969 3461 3023 vulne-

1890 3065 2005 3110 rata
2032 3069 2217 3110 amore
2241 3069 2342 3125 ego
2376 3054 2443 3110 ⁸⁸.
2478 3073 2496 3107 ι
2524 3055 2791 3112 Caeterum
2823 3056 2964 3112 hanc
2987 3059 3264 3129 sagittam,
3300 3060 3455 3130 quasi

1894 3149 1949 3203 in
1982 3149 2239 3219 pharetra
2267 3156 2325 3202 et
2353 3148 2677 3219 sagittarum
2712 3151 2868 3205 theca
2911 3149 3056 3206 Deus
3092 3150 3254 3208 Pater
3297 3167 3457 3224 repo-

1893 3241 2033 3306 suit;
2068 3256 2136 3295 ne
2156 3240 2303 3294 illam
2332 3255 2523 3297 omnes
2547 3243 2798 3297 viderent
2821 3258 2885 3298 ac
2908 3243 3182 3299 aestimare
3213 3254 3459 3317 possent,

1893 3333 2070 3403 dignis
2108 3343 2318 3388 tantum
2347 3336 2611 3404 exceptis.
2637 3334 3017 3391 Cousentanee
3044 3343 3226 3391 autem
3259 3337 3327 3391 ad
3372 3352 3466 3391 su-

1893 3424 2040 3493 gittze
2079 3424 2427 3488 vocabulum,
2463 3426 2732 3493 pharetrae
2763 3428 2981 3481 nomine
3012 3442 3142 3483 usus
3176 3438 3279 3484 est.
3318 3428 3464 3483 l’ha-

1893 3523 2095 3569 tetram
2122 3530 2251 3569 vero
2279 3527 2335 3570 et
2366 3516 2683 3586 sagittarum
2712 3517 2926 3573 thecam
2962 3521 3275 3589 neutiquam
3302 3523 3467 3576 aber-

1844 3648 1853 3656 .
1892 3620 2004 3672 res,
2031 3607 2075 3661 si
2109 3607 2258 3662 dicas
2283 3621 2405 3663 esse
2427 3623 2674 3675 carnem,
2709 3624 2870 3679 quam
2921 3610 3013 3666 Dei
3052 3612 3284 3668 Verbum
3320 3615 3463 3685 apud

1894 3699 2140 3754 homines
2160 3702 2514 3769 peregrinaris
2530 3702 2841 3771 assumpsit.
2868 3701 2965 3757 liis
2998 3704 3173 3757 modis
3190 3704 3464 3761 instructo

1892 3791 2046 3859 mihi,
2075 3793 2168 3861 qui
2205 3794 2317 3849 haec
2343 3793 2557 3864 loquor,
2580 3792 2825 3861 Domino,
2846 3793 2989 3850 Deus
3007 3802 3063 3849 et
3081 3793 3243 3850 Pater
3272 3795 3413 3851 dixit
3439 3812 3463 3857 ξ

1967 3980 2129 4035 Vens.
2162 3979 2215 4034 '5.
2252 3997 2270 4031 ι
2295 3978 2495 4035 Servus
2521 3993 2676 4036 meus
2702 3993 2761 4035 es
2783 3986 2862 4046 tu,
2896 3977 3082 4045 lsrael,
3103 3978 3237 4036 etin
3268 3986 3320 4035 te
3343 3977 3472 4051 glo-

1896 4071 2096 4124 riabor.
2126 4088 2145 4121 ι
2187 4069 2323 4136 Quia
2369 4071 2516 4125 enim
2562 4086 2628 4124 ex
2690 4082 2846 4125 utero
2880 4072 3074 4126 matris
3104 4072 3377 4142 prodiisti,
3405 4082 3468 4130 et

1893 4172 2072 4215 ortum
2102 4175 2173 4215 ex
2202 4162 2409 4218 semine
2444 4162 2609 4217 Israel
2645 4161 2844 4232 tulisti;
2870 4177 2975 4217 non
3011 4163 3120 4219 alio
3152 4165 3204 4218 in
3238 4179 3465 4235 genere,

1895 4270 2071 4324 neque
2102 4255 2154 4307 in
2191 4253 2513 4322 alienigenis
2546 4252 2821 4322 gentibus,
2875 4254 3313 4311 incarnationem
3343 4257 3465 4310 edi.

1895 4345 2056 4410 disti;
2106 4345 2202 4399 sed
2256 4346 2309 4399 in
2341 4345 2509 4400 lsrael
2538 4361 2602 4400 ex
2634 4346 2843 4401 semine
2894 4345 3089 4410 David,
3120 4356 3177 4401 et
3205 4361 3273 4401 ex
3318 4346 3464 4400 tribu

206 4455 379 4510 ματος
408 4436 572 4490 Δαυῖδ
599 4438 739 4492 κατά
773 4438 973 4509 σάρκα,
1007 4440 1100 4491 καὶ
1129 4439 1193 4491 ἐκ
1220 4439 1397 4509 φυλῆς
1443 4437 1612 4491 Ἰούδα
1645 4437 1783 4506 γενόι

1892 4433 2029 4489 Juda
2058 4437 2352 4490 secundum
2387 4451 2609 4491 carnem
2641 4450 2818 4501 ortus,
2846 4436 2971 4507 jure
3013 4446 3070 4491 et
3101 4438 3218 4506 ipse
3249 4452 3472 4507 quoque

204 4545 392 4600 μενος,
434 4530 660 4592 εἰκότως
705 4530 800 4583 καὶ
849 4529 1012 4594 αὐτὸς
1070 4529 1283 4602 Ἰσραὴλ
1327 4517 1673 4602 χρηματίσας
1722 4528 1787 4582 ἂν

201 4621 302 4672 καὶ
327 4619 537 4683 δοῦλος,
561 4619 648 4672 διὰ
671 4620 732 4687 τὸ
763 4614 977 4691 μορφήν
1002 4619 1187 4673 δούλου
1215 4619 1582 4691 ἀνειληφέναι,
1611 4618 1788 4672 καίτοι

205 4712 477 4783 μονογενῆ
500 4711 630 4764 ὄντα
650 4711 801 4764 Θεόν·
828 4711 963 4766 ἀλλά
991 4711 1099 4783 γὰρ
1119 4711 1320 4782 ὁμοίως
1346 4714 1457 4775 τοῖς
1483 4709 1789 4782 ἔμπροσθεν

202 4805 304 4858 καὶ
348 4804 588 4859 ἐνταῦθα
637 4805 698 4859 τὸ
751 4804 852 4876 μὲν
905 4805 998 4860 τοῦ
1045 4804 1163 4858 υἱοῦ
1209 4804 1381 4875 ὄνομα
1426 4805 1786 4875 ἀποκρύπτει,

202 4895 393 4950 δοῦλον
415 4896 472 4948 δὲ
506 4896 780 4967 ὀνομάζει,
809 4898 908 4971 τὴν
935 4896 1027 4951 τοῦ
1065 4896 1178 4950 υἱοῦ
1211 4895 1582 4967 προσηγορίαν
1606 4897 1671 4966 τῇ
1694 4895 1791 4948 αύ-

204 4988 300 5041 τοθῖι
353 4988 631 5058 παρουσία
681 4987 776 5042 καὶ
818 4992 883 5061 τῇ
929 4988 995 5041 δι’
1039 4986 1204 5041 αύτοῦ
1261 4988 1425 5040 πᾶσιν
1484 4984 1789 5058 ἀνθρώποις

206 5077 656 5151 ἀνακαλυφθένίσῃ
702 5079 883 5148 χάριτι
912 5079 1324 5150 ταμιευόμενος.
1366 5075 1480 5130 Εἶθ’
1528 5077 1665 5149 ὅπερ
1694 5076 1788 5129 οὑ-

204 5164 318 5217 δινὶ
342 5166 452 5218 τῶν
477 5165 697 5218 πώποτε
714 5166 914 5219 δούλων
937 5167 1169 5237 ὑπῆρξε,
1188 5165 1348 5220 τοῦτο
1370 5166 1459 5219 διὰ
1485 5164 1601 5228 σοῦ,
1630 5164 1785 5237 φησὶ,

203 5260 516 5327 γενήσεται·
549 5258 609 5309 ὲν
642 5258 727 5310 σοὶ
761 5258 869 5329 γὰρ
898 5258 1315 5329 δοξασθήσομαι.
1353 5256 1538 5311 Ταῦτα
1571 5256 1669 5327 μὲν
1697 5252 1790 5311 οὖν

204 5350 236 5403 ὁ
261 5350 396 5413 Θεὸς
427 5352 521 5403 καὶ
552 5350 769 5422 Πατήρο
810 5350 921 5419 ἐγὼ
950 5350 1007 5403 δὲ
1051 5353 1079 5405 ὁ
1126 5351 1300 5404 ταῦτα
1345 5349 1518 5419 λέγων
1562 5349 1786 5422 Κύριος,

207 5441 415 5498 τούτων
443 5442 683 5505 ἀκούσας
704 5441 812 5496 τῶν
840 5442 1038 5512 λόγων,
1065 5443 1451 5514 ἀπεκρινάμην
1476 5442 1570 5496 καὶ
1601 5438 1752 5496 εἶπον
1772 5458 1785 5471 ·

210 5534 320 5587 Καὶ
351 5533 468 5597 πῶς
490 5533 798 5606 ὁοξασθήσῃ
826 5534 885 5588 ὲν
927 5535 1071 5606 ἐμοὶ,
1104 5528 1150 5588 ὦ
1180 5535 1397 5607 Πάτερῑ
1428 5534 1590 5592 ὁπότε
1620 5533 1789 5593 πολλὰ

283 5712 330 5744 ⁸⁵
364 5711 556 5768 Matth.
598 5729 651 5780 ι,
686 5712 776 5769 ὅῑ.
854 5715 904 5748 ⁸⁸
934 5713 1091 5770 Cant.
1122 5730 1177 5779 tt,
1209 5715 1265 5774 5.

1898 4527 2062 4581 Israel
2093 4529 2327 4593 vocaris,
2372 4538 2429 4581 et
2466 4543 2679 4595 servus,
2712 4531 2835 4599 quia
2879 4527 3024 4582 servi
3050 4527 3279 4583 formam
3309 4544 3473 4584 σοί-θα

1894 4619 2043 4687 pisti,
2072 4620 2174 4673 etsi
2208 4621 2518 4689 unigenitus
2544 4620 2619 4673 sis
2652 4620 2815 4676 Deus.
2839 4620 2909 4673 At
2938 4619 3050 4686 hic,
3088 4630 3145 4673 ut
3172 4620 3224 4673 in
3261 4634 3475 4689 praece-

1896 4711 2174 4777 dentibus,
2209 4711 2301 4765 lilii
2338 4714 2555 4781 quidem
2584 4726 2779 4767 nomen
2807 4719 2971 4774 tacet,
3003 4724 3336 4781 servumque
3370 4727 3472 4765 vo-

1895 4812 2020 4870 cat,
2050 4801 2144 4855 lilii
2180 4817 2374 4857 nomen
2399 4803 2657 4860 adventui
2689 4817 2788 4856 suo
2836 4811 2890 4856 et
2930 4800 3118 4871 gratire
3152 4816 3250 4870 per
3286 4803 3471 4870 ipsum

1899 4894 2218 4949 hominibus
2261 4894 2515 4949 omnibus
2555 4893 2835 4959 revelatae,
2892 4907 3199 4948 reservans.
3235 4893 3473 4957 Deinde,

1896 4986 2042 5056 quod
2082 4986 2288 5040 nemini
2334 5001 2570 5055 unquam
2619 4999 2902 5040 servorum
2933 4999 3252 5042 concessum
3283 4994 3389 5048 est,
3413 4985 3468 5037 id

1895 5092 1995 5146 per
2032 5087 2105 5139 te,
2154 5076 2358 5146 inquit,
2410 5085 2739 5147 peragetur:
2792 5090 2917 5130 nam
2961 5075 3016 5131 in
3067 5085 3121 5130 te
3161 5076 3469 5146 gloriabor.

1894 5168 2024 5223 Haec
2058 5168 2277 5237 quidem
2317 5169 2463 5224 Deus
2509 5179 2566 5223 et
2606 5168 2786 5224 Pater.
2840 5170 2952 5241 Ego
2997 5183 3152 5234 vero,
3202 5167 3298 5237 qui
3350 5166 3469 5221 han:

1898 5261 2041 5326 dico,
2073 5260 2355 5325 Dominus,
2388 5259 2473 5313 his
2500 5258 2703 5314 auditis
2736 5261 2940 5324 verbis,
2976 5260 3049 5314 ita
3084 5258 3369 5328 respondi:
3402 5260 3472 5316 Et

1895 5351 2166 5420 quomodo
2194 5350 2249 5404 in
2279 5366 2369 5406 me
2392 5350 2739 5420 gloriaberis,
2792 5366 2823 5405 ο
2867 5350 3063 5406 Pater!
3116 5364 3241 5406 cum
3283 5351 3472 5406 multm

1894 5443 2170 5501 laboribus
2201 5442 2587 5512 doloribusque
2610 5458 2708 5514 pro
2734 5442 2908 5499 salute
2939 5442 3219 5499 hominum
3247 5442 3475 5513 perluu-

1895 5545 2035 5601 ctus,
2070 5534 2204 5590 nihil
2232 5534 2595 5605 perlecerim?
2621 5534 2772 5591 multi
2810 5548 3047 5608 namque
3072 5549 3137 5592 ex
3167 5532 3275 5592 illis
3301 5533 3356 5594 in
3380 5533 3472 5596 itt-
