3880 6216
432 284 534 342 451

1072 275 1343 334 EUSEBII
1379 274 1854 334 CESARIENSI’S
1890 277 2047 339 OPP.
2092 279 2276 338 PARS
2313 280 2402 339 III.
2441 265 2512 326 -ῖ-
2548 281 2966 340 EXEGETICA.

3592 285 3698 344 632

406 397 750 457 *credulitate
801 403 1163 462 manserunt;
1212 402 1377 466 atque
1430 393 1486 449 in
1535 394 1728 466 primis
1794 391 2000 452 Judaei:

2119 399 2335 471 καμὼν,
2390 402 2486 457 καὶ
2538 401 2766 476 μυρίους
2809 403 3009 467 κόπους
3062 401 3360 475 ὑπομείνας
3409 402 3548 476 ὑπὲρ
3596 406 3698 480 τῆς

425 508 596 565 quare
624 492 782 548 dico:

2121 493 2231 548 τῶν
2265 493 2567 566 ἀνθρώπων
2618 496 2916 568 σωτηρίας,
2951 495 3106 551 οὐδὲν
3152 497 3354 568 ἤνυσεν
3387 498 3438 550 οί
3480 497 3699 585 πλείους

423 584 533 660 γάρ
574 581 754 638 αὐτῶν
787 581 1150 654 ὲναπέμειναν
1180 582 1249 653 τῇ
1280 580 1539 656 ἀπιστία·
1571 585 1666 639 καὶ
1695 584 1910 658 πρῶτόν
1941 602 2004 655 γε
2043 594 2104 640 τὸ
2147 587 2417 643 Ἰουδαίων
2446 587 2617 652 ἔθνος·
2648 588 2730 643 διό
2760 603 2927 661 φημι·

501 700 664 756 Vnus.
688 697 812 753 4-5.
848 715 868 749 ι
897 695 1026 751 Sine
1050 710 1213 750 causa
1254 695 1518 765 laboravi,
1548 698 1603 754 in
1631 716 1834 756 vanum
1875 711 1932 758 et
1957 702 2009 757 in

428 793 655 850 nihilum
687 790 808 847 dedi
857 788 1229 845 fortitudinem
1265 803 1464 845 meam.
1508 789 1807 862 Propterea
1854 795 2007 864 iudi-

429 888 573 942 cium
600 898 777 940 meum
802 897 831 936 a
866 882 1128 950 Domino,
1165 894 1220 939 et
1248 882 1402 938 labor
1432 898 1587 941 meus
1613 884 1669 939 in
1713 896 2006 956 conspectu

426 977 527 1033 Dei
554 974 685 1031 mei.
711 974 780 1029 Et
809 988 954 1028 nunc
999 973 1080 1029 sic
1139 973 1271 1028 dicit
1302 974 1592 1042 Dominus,
1627 978 1720 1048 qui
1755 977 2009 1035 formavit

428 1083 517 1124 me
542 1084 610 1124 ex
646 1075 804 1121 utero
833 1080 1049 1121 servum
1081 1063 1208 1130 sibi,
1239 1075 1299 1121 ut
1331 1082 1722 1139 congregarem
1741 1069 1912 1128 Jacob
1943 1073 2007 1128 ad

427 1177 581 1227 eum,
606 1169 662 1216 et
694 1159 899 1226 Israel;
931 1159 1312 1231 congregabor
1336 1171 1394 1216 et
1421 1161 1774 1232 gloriﬁcabor
1804 1166 1859 1221 in
1885 1181 2009 1223 con-

413 1262 617 1324 spectu
646 1252 883 1318 Domini,
912 1258 969 1308 et
992 1250 1137 1308 Deus
1167 1266 1322 1308 meus
1354 1254 1461 1311 erit
1489 1256 1625 1311 mihi
1661 1255 1946 1314 fortitudo.
1980 1279 2001 1314 ι

427 1344 657 1404 Etiamsi
683 1345 829 1402 enim
860 1341 1109 1400 homines
1138 1358 1246 1400 non
1267 1353 1414 1403 recte
1453 1355 1638 1419 agant,
1676 1364 1779 1407 nec
1817 1366 1885 1406 ex
1926 1351 2008 1407 la-

408 1440 650 1497 "boribus
686 1438 858 1506 meis,
886 1452 1022 1508 quos
1052 1438 1293 1506 ipsorum
1322 1454 1487 1496 causa
1534 1456 1826 1513 perpessus
1860 1460 2005 1512 sum,

425 1534 642 1603 dignam
673 1530 969 1585 utilitatem
997 1530 1309 1601 accipiant;
1347 1541 1404 1585 at
1442 1546 1543 1603 ego
1573 1533 1665 1600 iis,
1694 1550 1815 1605 qua:
1841 1551 2008 1605 penes

423 1641 514 1682 me
545 1632 727 1690 erant,
757 1620 1101 1694 perfunctus,
1133 1622 1187 1678 in
1218 1633 1519 1693 conspectu
1554 1624 1649 1681 Dei
1681 1627 1786 1681 mei
1825 1636 2006 1698 pater-
2033 1652 2078 1711 Β

406 1732 550 1773 “nam
578 1717 788 1788 explevi
829 1716 1164 1773 voluntatem
1199 1733 1215 1771 :
1262 1717 1620 1787 quamobrem
1661 1718 1751 1786 iis,
1797 1720 1888 1789 qui
1934 1734 2003 1776 ex

422 1810 834 1867 circumcisione
869 1822 1015 1875 sunt,
1042 1810 1275 1879 primum
1309 1808 1602 1867 salutarem
1635 1820 1690 1867 et
1718 1821 2003 1882 paternam

408 1903 654 1977 :gratiam
684 1901 994 1973 prmdicavi.
1030 1898 1168 1956 Nam
1214 1900 1309 1971 qui
1338 1901 1593 1957 formavit
1625 1916 1712 1957 me
1753 1904 1822 1958 ab
1851 1916 2004 1960 utero

423 2012 642 2054 servum
672 1994 799 2057 sibi,
834 2002 891 2049 et
921 2009 989 2049 ex
1027 1993 1224 2049 Israele
1253 2008 1448 2064 corpus
1488 2009 1669 2049 meum
1702 1996 2003 2052 concinna-

408 2090 521 2157 ‘vit,
549 2089 596 2144 is
627 2086 797 2142 voluit
829 2095 888 2140 ut
914 2085 1049 2154 ipsis
1077 2084 1353 2155 prioribus
1392 2087 1623 2157 gratiam
1657 2101 1832 2142 meam
1864 2104 2005 2158 prae-

417 2181 685 2246 dicarem,
713 2188 772 2234 ut
802 2175 972 2233 Jacob
1001 2187 1056 2233 et
1084 2177 1255 2233 Israel
1304 2179 1373 2232 ad
1422 2193 1548 2235 eum
1586 2193 1999 2252 congregarem.

410 2265 552 2329 lure
590 2273 772 2340 itaque
810 2269 925 2326 haec
950 2270 1151 2325 monita
1183 2270 1348 2326 tradit
1380 2288 1393 2325 :
1429 2289 1449 2323 ι
1490 2270 1548 2325 In
1584 2271 1726 2326 viam
1761 2273 2000 2343 gentium

412 2379 489 2420 ne
516 2362 781 2431 abieritis,
809 2371 865 2418 et
891 2362 945 2416 iu
979 2361 1255 2418 civitatem
1306 2361 1775 2420 Samaritanorum.
1822 2380 1889 2420 ue
1920 2366 2003 2421 in-

421 2457 739 2513 traveritis:
772 2455 846 2510 ite
877 2457 1058 2526 potius
1092 2456 1159 2511 ad
1198 2469 1350 2518 oves,
1387 2469 1508 2525 quas
1563 2456 1864 2527 perierunt,
1902 2458 2000 2514 do-

419 2566 542 2606 mus
572 2547 738 2605 Israel
763 2544 829 2602 ⁸⁷.
866 2565 887 2600 ι
919 2546 1068 2602 Patri
1108 2561 1238 2618 ergo
1294 2547 1522 2617 placuit,
1558 2555 1618 2602 ut
1667 2548 1735 2602 ad
1776 2562 2002 2619 congre-

416 2642 655 2714 gaudum
681 2640 853 2696 'Jacob
885 2648 942 2695 et
963 2638 1156 2703 Israel,
1206 2638 1275 2694 ad
1318 2638 1569 2695 homines
1597 2639 1890 2697 transitum
1920 2639 2000 2695 fa-

407 2750 625 2800 cerem,
662 2735 805 2790 unde
834 2733 930 2798 ait,
962 2749 983 2785 ι
1015 2729 1071 2786 In
1108 2740 1162 2785 te
1192 2729 1485 2800 gloriabor.
1534 2747 1554 2783 ι
1618 2729 1732 2800 Ego
1757 2746 1889 2787 vero
1917 2733 1999 2788 in-

418 2828 790 2884 credulitatem
817 2834 874 2880 et
899 2823 1155 2880 duritiem
1194 2821 1425 2892 Israelis.
1461 2824 1833 2894 conspicatus,
1881 2823 1996 2892 jam

410 2922 627 2991 pridem
663 2918 774 2975 dixi
796 2934 822 2974 ':
852 2934 873 2969 ι
907 2916 1038 2972 Sine
1068 2930 1231 2970 causa
1287 2913 1529 2970 laboravi
1570 2930 1586 2969 :
1624 2914 1675 2968 in
1708 2928 1906 2969 vanum
1940 2924 1997 2971 et

2188 721 2207 754 ι
2240 701 2429 768 Κενῶς
2449 703 2736 767 ἐκοπίασα,
2762 703 2845 767 εἰς
2873 702 3100 775 μάταιον
3123 702 3220 757 καὶ
3240 703 3322 767 είς
3341 698 3493 759 οῦδὲν
3520 704 3698 758 ἔδωκα

2109 796 2209 867 τὴν
2229 792 2380 864 ἰσχύν
2407 811 2531 865 μου.
2560 794 2659 849 Διά
2675 793 2835 848 τοῦτο
2859 797 2892 865 ἡ
2939 795 3123 866 κρίσις
3158 811 3259 866 μου
3295 796 3444 866 παρὰ
3484 795 3697 867 Κυρίῳ,

2108 892 2204 940 καὶ
2229 887 2257 939 6
2283 888 2444 951 πόνος
2466 904 2567 959 μου
2592 886 2834 941 ἐναντίον
2857 885 2950 940 τοῦ
2974 886 3108 940 Θεοῦ
3141 903 3264 957 μου.
3292 886 3401 940 Καὶ
3433 886 3527 941 νῦν
3558 881 3699 939 οὕτω

2108 978 2255 1048 λέγει
2285 978 2510 1051 Κύριος,
2541 981 2570 1034 6
2602 979 2815 1041 πλάσας
2842 995 2910 1050 με
2944 980 3009 1032 ὲκ
3041 976 3252 1043 κοιλίας
3279 977 3465 1032 δοῦλον
3494 976 3694 1049 ἑαυτῷ,

2107 1069 2202 1123 τοῦ
2228 1073 2550 1139 συναγαγεῖν
2577 1070 2669 1123 τὸν
2684 1069 2879 1124 Ἰακὼϐ
2912 1070 3051 1143 πρὸς
3088 1064 3272 1136 αὑτὸν,
3321 1068 3416 1123 καὶ
3453 1069 3692 1142 Ἰσραήλ“

2108 1161 2517 1235 συναχθήσομαι
2565 1164 2661 1218 καὶ
2706 1162 3114 1236 δοξασθήσομαι
3168 1162 3412 1217 ἐναντίον
3460 1161 3694 1234 Κυρίου,

2108 1255 2204 1310 καὶ
2235 1256 2264 1308 6
2293 1254 2425 1319 Θεός
2476 1272 2578 1326 μου
2619 1253 2772 1311 ἔσται
2821 1273 2911 1326 μοι
2958 1254 3130 1326 ἰσχύς.
3166 1273 3186 1306 ι
3221 1255 3284 1308 Εἰ
3318 1253 3427 1326 γὰρ
3470 1253 3567 1307 καὶ
3615 1253 3697 1326 μὴ

2107 1346 2388 1420 ἄνθρωποι
2425 1347 2758 1420 κατορθῶσι,
2794 1347 2919 1419 μηδ’
2967 1345 3133 1413 ἀξίως
3164 1345 3274 1399 τῶν
3308 1345 3456 1417 ὲμῶν
3488 1345 3694 1409 πόνων,

2106 1432 2181 1494 ὧν
2207 1440 2479 1512 ὑπέμεινα
2511 1440 2579 1494 δι’
2606 1440 2825 1505 αὐτοὺς,
2873 1438 3231 1510 ὠφελοῦνται·
3277 1438 3393 1493 ἀλλ’
3443 1437 3577 1507 ἐγὼ,
3622 1437 3695 1491 τὰ

2106 1534 2238 1605 παρ’
2263 1533 2503 1606 ἐμαυτοῦ
2536 1532 2770 1606 πράξας,
2800 1533 3043 1589 ἐναντίον
3069 1530 3163 1585 τοῦ
3196 1530 3332 1585 Θεοῦ
3362 1549 3462 1603 μου
3485 1530 3547 1585 τὸ
3582 1547 3695 1584 παρ

2104 1626 2291 1698 τρικὸν
2322 1625 2613 1680 ὲτελείωσα
2643 1625 2923 1699 βούλημα·
2958 1624 3040 1678 διὸ
3076 1623 3314 1698 πρώτοις
3344 1625 3528 1688 αὐτοῖς
3560 1623 3696 1695 ἐκή-

2109 1716 2244 1789 ρυξα
2270 1719 2385 1782 τοῖς
2415 1718 2481 1771 ὲκ
2506 1717 2809 1790 περιτομῆς
2836 1717 2936 1790 τὴν
2968 1712 3246 1788 σωτηρίαν
3282 1716 3376 1770 καὶ
3421 1712 3693 1787 πατρικὴν

2103 1808 2286 1881 χάριν.
2326 1808 2385 1861 '0
2409 1808 2519 1880 γὰρ
2550 1807 2760 1872 πλάσας
2793 1825 2861 1878 με
2894 1809 2961 1861 ὲκ
3004 1806 3214 1872 κοιλίας
3244 1806 3431 1860 δοῦλον
3482 1805 3690 1878 ἑαυτῷ,

2103 1901 2200 1954 καὶ
2223 1902 2288 1954 ὲκ
2314 1899 2410 1954 τοῦ
2447 1899 2664 1972 Ἰσραὴλ
2681 1899 2743 1953 τὸ
2762 1898 2923 1971 σῶμά
2950 1918 3049 1971 μου
3073 1898 3511 1963 κατασκευάσας,
3539 1897 3695 1971 πρώ-

2102 2010 2217 2058 τοις
2243 1993 2429 2056 αύτοῖς
2461 1991 2696 2065 κηρῦξαι
2734 1991 3054 2063 βεϐούληται
3085 1990 3186 2063 τὴν
3222 1990 3461 2062 ἐμαυτοῦ
3502 1992 3691 2063 χάριν,

2103 2085 2183 2148 εἰς
2210 2084 2271 2137 τὸ
2316 2086 2643 2153 συναγαγεῖν
2670 2083 2763 2138 τὸν
2809 2083 3000 2138 Ἰακὼό
3043 2082 3181 2155 πρὸς
3224 2082 3407 2144 αὐτὸν,
3454 2084 3551 2136 καὶ
3596 2081 3691 2136 τὸν

2115 2176 2150 2229 ‘I
2160 2176 2350 2247 σραήλ.
2370 2175 2610 2240 Εἰκότως
2623 2171 2717 2230 οῦν
2736 2177 2996 2248 παραινεῖ
3007 2175 3203 2245 λέγων,
3221 2195 3238 2228 ι
3267 2176 3360 2240 Εἰς
3380 2175 3499 2229 ὁδὸν
3514 2175 3691 2229 ὲθνῶν

2104 2266 2179 2337 μὴ
2215 2264 2509 2336 ἀπέλθητε,
2537 2265 2633 2319 καὶ
2663 2266 2745 2330 είς
2792 2264 2945 2317 πόλιν
2989 2263 3345 2336 Σαμαρειτῶν
3387 2263 3463 2336 μὴ
3508 2263 3690 2317 εἰσέλ-

2102 2355 2234 2428 θητε
2254 2373 2267 2387 ο
2303 2354 2602 2429 πορεύεσθε
2631 2356 2687 2410 δὲ
2721 2355 2921 2427 μᾶλλον
2954 2357 3034 2419 εἰς
3062 2354 3132 2410 τὰ
3172 2355 3421 2427 προϐατα
3445 2355 3516 2409 τά
3549 2356 3692 2409 ἀπο-

2100 2447 2309 2504 λωλότα
2347 2450 2497 2503 οίκυυ
2557 2448 2792 2521 Ἰσραήλ.
2834 2468 2853 2501 ι
2899 2447 2957 2502 ὐ
2991 2449 3090 2521 μὲν
3130 2443 3223 2502 οῦν
3262 2448 3453 2521 Πατὴρ
3500 2450 3582 2512 εἰς
3625 2448 3688 2502 τὸ

2102 2543 2430 2610 συναγαγεῖν
2467 2541 2549 2594 τὸν
2613 2540 2811 2595 Ἰακὼὸ
2859 2541 2956 2595 καί⁵
2999 2541 3091 2595 τὸν
3137 2539 3371 2614 Ἰσραὴλ,
3414 2541 3687 2613 ηὐδόκησε

2099 2631 2197 2704 τὴν
2222 2634 2305 2715 εἰς
2350 2632 2673 2703 ἀνθρώπους
2705 2633 2938 2706 πάροδον
2987 2651 3056 2705 με
3087 2633 3439 2705 ποιήσασθαι,
3486 2635 3685 2701 είπὼν,

2105 2741 2125 2776 ι
2175 2724 2262 2776 Ἐν
2298 2723 2382 2776 σοὶ
2424 2723 2846 2796 δοξασθήσομαι·
2882 2744 2900 2775 ι
2935 2722 3047 2793 ἐγὼ
3073 2724 3131 2778 δὲ
3161 2724 3261 2796 τὴν
3300 2723 3564 2779 ἀπιστίαν
3592 2722 3688 2778 καὶ

2099 2816 2197 2889 τὴν
2249 2815 2680 2890 σκληροκαρδίαν
2709 2815 2927 2889 θεωρῶν
2952 2816 3047 2870 τοῦ
3087 2814 3331 2889 Ἰσραὴλ,
3377 2811 3533 2870 εἶπον
3581 2816 3685 2888 ἤδη

2101 2908 2389 2981 πρότερον,
2421 2910 2526 2973 ὅτι,
2560 2928 2578 2960 t
2612 2908 2801 2973 Κενῶς
2845 2909 3135 2962 ἐκοπίασα·
3166 2910 3246 2971 είς
3274 2906 3450 2979 μάτην
3481 2906 3578 2961 καὶ
3606 2907 3687 2971 εἰς

418 3015 474 3069 in
504 3012 730 3068 nihilum
763 3009 885 3065 dedi
916 3006 1290 3063 fortitudinem
1323 3020 1519 3061 meam.
1554 3023 1574 3058 ι
1620 3004 1677 3060 In
1702 3005 1824 3060 aliis
1854 3021 1992 3075 quo-

2109 2999 2248 3054 οὐδὲν
2276 2999 2452 3053 ἔδωκα
2488 3000 2588 3072 τὴν
2624 2999 2777 3070 ἰσχύν
2825 3017 2947 3071 μου.
2984 3018 3002 3051 ι
3054 2999 3164 3053 Καὶ
3197 3000 3255 3052 ὲν
3286 2997 3496 3070 ἑτέροις
3537 2995 3686 3052 τοῦτ’

415 3120 524 3177 que
558 3105 790 3174 idipsum
826 3100 1069 3156 declarat
1109 3098 1194 3154 bis
1221 3096 1405 3153 verbis
1444 3114 1459 3154 :
1492 3115 1512 3149 ι
1544 3097 1675 3165 Quae
1706 3097 1912 3152 utilitas
1943 3098 1997 3151 in

417 3198 679 3269 sanguine
704 3210 847 3262 meo,
877 3193 1004 3247 dum
1031 3191 1299 3246 descendo
1339 3190 1393 3244 in
1423 3189 1827 3259 corruptionem
1856 3188 1946 3243 ⁸⁸2
1971 3205 1992 3240 ι

418 3290 545 3348 Sola
575 3290 773 3361 quippe
815 3284 948 3340 mihi
980 3297 1069 3350 ea,
1108 3298 1231 3353 qua:
1259 3282 1328 3337 ab
1358 3281 1478 3351 ipso
1528 3292 1634 3347 est,
1671 3281 1844 3350 gloria
1875 3295 1995 3335 ser-

418 3394 597 3452 vatur,
616 3393 671 3439 et
697 3386 811 3452 ipse
825 3379 1045 3451 quidem
1074 3385 1158 3432 est
1179 3373 1463 3432 fortitudo.
1489 3374 1823 3429 Admiranda
1852 3374 1996 3428 enim

418 3487 477 3533 et
508 3475 773 3546 stupenda
801 3473 921 3544 ejus
949 3484 1138 3541 Opera,
1184 3468 1406 3524 virtutis
1449 3467 1568 3539 ejus
1617 3476 1995 3538 argumentum

418 3582 594 3626 erant.

487 3682 654 3737 Vsus.
700 3681 753 3736 6.
800 3680 919 3736 1Et
950 3677 1088 3733 dixit
1134 3675 1293 3738 mihi,
1347 3674 1601 3747 Magnum
1649 3682 1736 3731 est
1781 3673 1877 3729 tibi
1932 3680 1995 3727 ut

415 3776 629 3831 voceris
680 3786 817 3843 puer
875 3785 1049 3835 meus,
1097 3778 1155 3824 ut
1202 3776 1416 3824 statuas
1475 3768 1649 3821 tribus
1694 3763 1885 3830 Iacob,
1942 3774 1999 3819 et

417 3862 808 3931 dispersionem
836 3859 1002 3914 Israel
1033 3867 1346 3913 convertas.
1376 3875 1396 3909 ι
1429 3854 1563 3910 Nam
1595 3870 1785 3910 revera
1820 3854 1997 3909 maxi-

2102 3090 2234 3145 αὐτὸ
2260 3089 2409 3163 δηλοί
2438 3088 2631 3156 εἰπὼν,
2678 3110 2697 3142 ι
2734 3090 2830 3153 Τίς
2860 3088 3098 3159 ὠφέλεια
3132 3089 3191 3142 ὲν
3219 3087 3297 3160 τῷ
3336 3087 3527 3159 αἵματί
3558 3103 3685 3158 μου,

2100 3183 2160 3236 ὲν
2186 3181 2264 3254 τῷ
2293 3181 2644 3237 καταϐαίνειν
2672 3198 2741 3252 με
2769 3183 2849 3246 εἰς
2875 3178 3171 3253 διαφθοράν
3196 3194 3212 3245 ;
3253 3197 3272 3230 ι
3328 3178 3480 3249 Μόνη
3505 3177 3621 3253 γάρ
3651 3179 3686 3250 ﬂ

2101 3276 2233 3348 παρ’
2264 3275 2429 3330 αὑτοῦ
2495 3292 2585 3346 μοι
2648 3273 2775 3339 δόξα
2835 3273 3210 3342 πεφύλακται,
3244 3272 3340 3325 καὶ
3379 3270 3543 3334 αὐτὸς
3586 3268 3688 3341 μέν

2099 3368 2248 3420 ἐστιν
2278 3368 2312 3438 ἡ
2361 3365 2536 3438 ἰσχύς.
2567 3365 2649 3418 Τά
2680 3362 2809 3433 γοῦν
2837 3364 3114 3436 θαυμάσια
3159 3363 3255 3416 καὶ
3287 3360 3359 3416 τά
3401 3361 3688 3432 παράδοξα

2098 3457 2238 3531 ἔργα
2273 3457 2768 3530 διεμπεπραγμένα
2813 3456 2914 3528 τῆς
2952 3455 3115 3510 αὐτοῦ
3162 3452 3442 3517 δυνάμεως
3471 3449 3542 3526 ἦν
3576 3470 3687 3508 πα·-

2100 3552 2427 3623 ραστατικά.

2175 3687 2195 3719 ι
2234 3668 2344 3721 Καὶ
2388 3663 2511 3721 εῐπὲ
2547 3683 2667 3738 μοι,
2710 3667 2870 3737 Μέγα
2908 3668 2991 3721 σοί
3022 3666 3142 3721 ἐστι
3185 3665 3279 3720 τοῦ
3317 3663 3590 3734 κληθῆναι
3625 3678 3687 3718 σε

2098 3759 2263 3813 παῖδά
2296 3777 2419 3830 μου,
2458 3759 2554 3812 τοῦ
2599 3761 2792 3831 στῆσαι
2832 3758 2934 3822 τὰς
2974 3759 3144 3828 φυλάς
3196 3755 3388 3812 Ἰακὼϐ
3407 3796 3424 3819 ,
3458 3756 3556 3810 καὶ
3585 3756 3689 3825 τὴν

2095 3849 2392 3922 διασπορὰν
2432 3849 2526 3904 τοῦ
2574 3848 2792 3921 Ἰσραὴλ
2840 3849 3185 3921 ἐπιστρέψαι.
3238 3867 3257 3900 ι
3304 3846 3416 3902 Καὶ
3457 3851 3571 3920 γὰρ
3609 3845 3688 3912 ὥς

415 3967 565 4009 mum
608 3959 730 4005 erat
777 3947 1080 4004 Salvatoris
1127 3947 1300 4002 nostri
1353 3961 1510 4017 opus,
1570 3946 1716 4017 quod
1765 3945 1995 4001 formam

2109 3940 2312 4013 άληθῶς
2340 3941 2596 4013 μέγιστον
2628 3941 2787 4013 ἔργον
2806 3941 2901 3996 τοῦ
2925 3941 3176 4013 Σωτῆρος
3200 3942 3232 4013 η
3240 3941 3356 4012 μῶν
3377 3941 3439 3994 τὺ
3469 3938 3688 4012 μορφὴν

416 4045 559 4101 servi
601 4041 900 4112 acceperit,
938 4049 994 4095 et
1032 4040 1324 4094 humanam
1359 4037 1767 4110 generationem
1808 4037 1996 4092 subie-

2109 4032 2282 4086 δούλου
2320 4032 2644 4097 ἀναλαϐεῖν,
2687 4033 2784 4087 καὶ⁴
2826 4033 2926 4105 τὴν
2955 4033 3013 4086 ὲν
3053 4030 3361 4103 ἀνθρώποις
3390 4030 3687 4102 ὑπομένειν

415 4138 510 4192 rit.
549 4135 723 4191 Causa
753 4146 918 4204 porro
948 4146 1047 4187 cur
1084 4130 1337 4187 Salvator
1392 4143 1586 4185 servus
1627 4126 1853 4183 effectus
1900 4129 1994 4193 sit,

2109 4122 2372 4192 γέννησιν.
2431 4122 2474 4173 Τ
2477 4122 2505 4174 ὸ
2555 4121 2613 4174 δὲ
2664 4121 2835 4176 αἴτιον
2886 4120 2981 4174 τοῦ
3038 4120 3222 4175 δοῦλον
3285 4119 3541 4191 γενέσθαι
3592 4119 3688 4174 τὸν

417 4229 537 4282 haec
575 4234 726 4290 erat,
775 4222 856 4278 uti
913 4221 1127 4277 scilicet
1175 4221 1349 4275 tribus
1385 4218 1553 4274 Jacob
1582 4228 1891 4283 statueret,
1939 4227 1998 4273 et

2109 4214 2349 4285 Σωτῆρα,
2375 4211 2534 4267 τοῦτο
2558 4206 2647 4284 ἦν’
2664 4211 2808 4281 λέγω
2827 4212 2892 4285 δὴ
2918 4212 3111 4283 στῆσαι
3135 4211 3236 4276 τάς
3260 4210 3430 4281 φυλὰς
3465 4208 3686 4274 ’1ακὼ6,

417 4310 786 4381 dispersiones
811 4308 1028 4365 lsraelis
1058 4318 1424 4366 converteret.
1453 4307 1576 4363 Ideo
1607 4307 1737 4376 ipsis
1759 4308 1992 4378 primum

2109 4303 2316 4367 καὶτὰς
2337 4303 2638 4376 διασπορὰς
2670 4303 2765 4357 τοῦ
2812 4304 3028 4377 Ἰσραὴλ
3066 4303 3412 4375 ἐπιστρέψαι.
3457 4301 3552 4356 Διὸ
3588 4303 3689 4357 αὐ-

416 4405 768 4477 przedicabat,
802 4402 895 4474 qui
928 4403 1127 4458 animis
1155 4401 1353 4471 captivi
1384 4410 1562 4466 erant,
1592 4401 1988 4467 dimissionem,

2109 4399 2213 4460 τοῖς
2238 4393 2474 4467 πρώτοις
2496 4396 2814 4467 ἐκήρυττεν,
2856 4393 3221 4477 αἰχμαλώτοις
3242 4391 3361 4448 οὖσι
3382 4393 3480 4458 τὰς
3504 4394 3689 4466 ψυχὰς

418 4504 476 4551 et
501 4495 664 4551 cmcis
690 4496 841 4549 visus
867 4492 1291 4547 restitutionem.
1343 4490 1612 4557 Quoniam
1657 4490 1730 4545 illi
1762 4492 1993 4561 gratiam

420 4600 527 4640 non
576 4592 975 4652 susceperunt,
1052 4591 1453 4653 consequenter
1504 4581 1706 4636 dicitur
1753 4592 1939 4651 postea
1974 4598 1993 4637 ξ

424 4699 445 4733 ι
472 4678 613 4734 Ecce
641 4676 796 4749 posui
831 4686 883 4731 te
911 4676 965 4730 in
999 4684 1387 4732 testamentum
1415 4675 1656 4745 generis.
1709 4673 1762 4728 in
1821 4674 1994 4730 lucem

416 4771 696 4842 gentium;
749 4777 810 4824 ut
860 4768 937 4823 sis
982 4767 1038 4822 in
1083 4767 1316 4824 salutem
1363 4778 1536 4838 usque
1586 4764 1653 4820 ad
1688 4773 1993 4820 extremum

418 4874 599 4921 terra.
627 4884 647 4918 ι

491 4978 656 5035 Vsus.
682 4979 796 5047 7,8.
832 4995 854 5031 t
881 4976 976 5033 Sic
997 4976 1443 5052 dicitDominus,
1467 4974 1558 5047 qui
1582 4972 1726 5029 eruit
1750 4981 1822 5038 te,
1855 4971 1997 5028 Deus

416 5073 607 5129 Israel.
637 5091 658 5126 ι
721 5073 841 5141 Ipse
895 5086 1151 5142 namque.
1208 5071 1303 5141 qui
1349 5071 1477 5127 olim
1528 5069 1691 5125 Israel
1739 5068 1884 5125 eruit
1930 5069 1998 5123 de

420 5181 584 5219 manu
634 5163 1006 5236 Egyptiorum
1035 5203 1050 5228 ,
1108 5162 1259 5217 vobis
1313 5176 1533 5232 quoque
1567 5160 1820 5232 gentibus
1882 5160 1997 5214 haec

420 5258 728 5317 annuntiat,
759 5264 816 5311 et
838 5255 1085 5326 praecipit
1117 5255 1330 5321 dicens,
1382 5271 1403 5305 ι
1435 5253 1788 5310 Sanctificate
1842 5267 1996 5316 eum,

417 5346 510 5419 qui
547 5351 775 5420 despicit
817 5351 1058 5405 animam
1108 5364 1298 5415 suam;
1331 5366 1350 5399 ι
1401 5356 1608 5418 quanto
1651 5347 1797 5402 enim
1829 5345 1999 5416 magis

420 5438 510 5494 ille
572 5455 693 5496 sese
741 5439 1045 5495 bumiliavit
1103 5451 1274 5507 usque
1321 5438 1392 5492 ad
1435 5449 1691 5503 mortem,
1738 5447 1794 5493 et
1845 5452 1994 5493 mor-

446 5724 489 5756 ⁸⁷
526 5722 715 5780 Matth.
751 5743 805 5796 χ,
843 5728 894 5795 5,
920 5732 972 5786 6.
1011 5727 1055 5759 ⁸⁸
1088 5724 1227 5781 Psal.
1269 5739 1417 5790 xxix,
1454 5722 1540 5778 IO.

2103 4482 2201 4554 τὴν
2230 4480 2447 4551 ἄφεσιν,
2468 4480 2560 4533 καὶ
2586 4479 2808 4550 τυφλοῖς
2836 4476 2954 4534 οὖσι
2982 4481 3083 4551 τὴν
3116 4480 3431 4550 ἀνάϐλεψιν.
3461 4480 3685 4553 Ἐπειδὴ

2107 4573 2180 4645 μὴ
2221 4572 2577 4645 παρεδέχοντο
2605 4572 2705 4644 τὴν
2743 4571 2903 4643 χάριν
2938 4573 3154 4636 ἐκεῖνοι,
3189 4570 3495 4635 ἀκολούθως
3532 4571 3686 4643 εἰρη-

2101 4682 2191 4718 ται
2229 4662 2387 4735 ἑξῆςο
2443 4683 2461 4714 ι
2505 4662 2638 4717 Ἰδοὺ
2677 4662 2904 4717 τέθεικά
2943 4680 3002 4716 σε
3045 4664 3126 4726 εἰς
3165 4661 3430 4734 διαθήκην
3464 4660 3685 4731 γένους,

2101 4759 2181 4821 εἰς
2207 4756 2322 4826 φῶς
2357 4754 2528 4810 ἐθνῶν
2548 4795 2563 4821 ,
2598 4755 2692 4810 τοῦ
2722 4751 2858 4809 εἷναί
2886 4772 2943 4809 σε
2972 4756 3051 4819 εἰς
3079 4754 3349 4826 σωτηρίαν
3375 4754 3479 4818 ἕως
3517 4755 3686 4825 ἐσχά-

2100 4866 2195 4903 του
2220 4866 2345 4922 γης.
2384 4868 2403 4901 ι

2177 4994 2197 5027 ι
2247 4972 2435 5041 υῦτως
2478 4976 2627 5046 λέγει
2663 4973 2891 5047 Κύριος,
2939 4975 2970 5029 6
3015 4975 3320 5046 ρυσάμενός
3368 4991 3449 5039 σε,
3479 4976 3510 5029 6
3549 4974 3684 5041 Θεὸς

2113 5066 2350 5137 Ἰσραήλ.
2398 5084 2417 5117 ι
2460 5066 2633 5130 Αὐτὸς
2673 5065 2802 5137 γὰρ,
2846 5065 3033 5136 φησὶν,
3068 5066 3294 5130 ἐκεῖνος,
3334 5067 3363 5120 6
3391 5064 3561 5120 παλαι
3588 5066 3684 5119 τὸν

2114 5157 2331 5229 Ἰσραὴλ
2367 5157 2669 5229 ῥυσάμενος
2704 5159 2769 5211 ὲκ
2802 5158 2984 5229 χειρὸς
3014 5158 3327 5226 Αἰγυπτίων
3347 5197 3362 5220 ,
3389 5158 3553 5222 αὐτὸς
3588 5158 3685 5212 καί

2102 5253 2232 5324 ὑμῖν
2261 5254 2375 5316 τοῖς
2403 5251 2583 5305 ἔθνεσι
2620 5252 2794 5307 ταῦτα
2835 5253 3168 5324 προσφωνεῖ,
3205 5250 3299 5305 καὶ
3338 5250 3682 5305 διατάττεται

2100 5343 2297 5413 λέγων’
2320 5362 2338 5395 t
2361 5344 2650 5413 Ἀγιάσατε
2673 5344 2764 5397 τὸν
2782 5343 3109 5413 φαυλίζοντα
3135 5342 3233 5415 τὴν
3256 5342 3435 5414 ψυχὴν
3453 5342 3638 5397 αὐτοῦ·
3656 5360 3675 5392 ι

2098 5434 2221 5488 ὅσον
2235 5433 2306 5504 γά
2314 5451 2344 5506 ρ
2356 5434 2544 5488 ἑαυτὸν
2558 5433 2888 5488 ἐταπείνωσε
2904 5433 3063 5506 μέχρι
3077 5433 3328 5496 θανάτου.
3344 5433 3437 5488 καὶ
3449 5433 3680 5489 θανάτου
