3880 6216
222 351 335 408 455

1122 345 1638 403 COMMENTARIA
1674 343 1744 399 IN
1784 341 2038 399 ISAIAM.
2077 369 2147 382 -ο
2181 337 2334 395 CAP.
2375 335 2563 393 XLIX.

3375 335 3499 392 ιδι.

223 465 488 538 σταυροῦ,
515 465 736 520 τοσοῦτο
768 465 924 536 ὑμεῖς
945 464 1108 519 αὐτὸν
1134 464 1434 532 δοξάζετε.ι
1457 465 1561 519 Τὸν
1591 463 1800 534 βδελυσ-

1911 468 2015 515 tem
2042 456 2254 520 crucis,
2288 461 2438 508 tanto
2466 450 2640 521 magis
2682 465 2780 506 vos
2815 451 2989 522 ipsum
3015 451 3302 506 celebrate.
3336 468 3355 501 ι
3379 449 3483 516 Qui

221 562 451 628 σύμενον
491 558 595 611 ὑπδ
624 557 732 610 τῶν
748 556 966 622 Ἐθνῶν,
998 556 1106 610 τῶν
1137 557 1336 612 δούλων
1368 557 1477 610 τῶν
1512 556 1804 628 ἀρχόντων.

219 652 474 714 Βασιλεῖς
517 649 734 719 ὅψονται
786 649 982 713 αὑτὸν,
1039 649 1136 703 καὶ
1174 650 1569 722 ἀναστήσονται
1617 648 1809 720 ἄρχον-

218 762 336 808 τες.
381 744 473 797 καὶ
510 730 992 815 προσκυνήσουσιό
1021 741 1190 812 αὐτῷ,
1230 741 1415 796 ἕνεκεν
1447 743 1684 813 Κυρίου·
1723 740 1807 792 ὄτι

221 836 415 899 πιστός
434 837 581 888 ἐστιν
609 837 638 888 6
655 835 842 904 Ἀγιος
888 834 1124 906 Ἰσραὴλ,
1156 834 1248 886 καὶ
1263 831 1593 904 ἐξελεξάμην
1616 848 1674 884 σε
1699 829 1807 884 τῶν

218 927 429 981 δούλων
458 925 565 979 τῶν
593 926 886 998 ἀρχόντων·
927 945 946 978 ι
981 925 1125 994 λέγω
1165 924 1230 996 δή
1269 927 1382 988 τοῖς
1410 926 1663 995 πονηροῖς
1694 920 1808 975 δαί-

226 1035 424 1089 μοσιν,
463 1019 513 1071 οῖ
568 1017 680 1090 γὰρ
719 1017 799 1072 ἑτι
859 1017 1072 1081 τούτοις
1130 1013 1653 1086 καταδεδουλωμένοι
1717 1012 1806 1066 τὸν

219 1110 459 1182 Χριστὸν
489 1109 585 1163 τοῦ
617 1109 752 1162 Θεοῦ
803 1107 1268 1180 βλασφημοῦνται.
1319 1106 1703 1160 Βδελύσσονται
1748 1105 1806 1158 δὲ

220 1203 485 1274 σύροντες
531 1203 627 1256 καὶ
675 1203 1064 1272 χλευάζοντες,
1099 1201 1194 1255 καὶ
1236 1198 1585 1270 φαυλίζοντες
1640 1197 1805 1252 αὑτοῦ

218 1293 318 1346 τὸν
369 1292 616 1346 θάνατον.
669 1292 827 1346 Ἀλλὰ
884 1293 994 1363 γὰρ
1043 1291 1201 1362 ὑμεῖς
1249 1285 1331 1355 οἷς
1385 1291 1586 1359 ὁλόγος
1640 1307 1808 1361 προσ-

220 1389 426 1456 φωνεῖ,
468 1385 656 1439 τοῦτον
689 1384 852 1439 αὐτὸν
893 1384 1157 1452 ἁγιάσατε
1191 1381 1524 1448 δοξάζοντες.
1562 1383 1682 1436 ἐπεὶ
1713 1381 1807 1436 καὶ

222 1498 245 1529 ε
290 1481 401 1532 πᾶν
429 1478 558 1547 γόνυ
594 1476 801 1548 κάμψει
832 1475 979 1547 αύτῷ
1021 1475 1358 1547 ἐπουρανίων
1383 1474 1480 1528 καὶ
1513 1473 1803 1542 ἐπιγείων,

217 1571 318 1625 καὶ
352 1569 741 1642 καταχθονίων.
774 1569 868 1623 καὶ
897 1570 1047 1622 πᾶσα
1085 1569 1308 1638 γλῶσσα
1333 1567 1803 1638 ἐξομολογήσεται,

215 1664 304 1717 ὅτι
329 1662 533 1734 Κύριος
567 1660 775 1732 Ἰησοῦς
796 1661 1031 1733 Χριστὸς
1057 1663 1137 1723 είς
1159 1661 1315 1728 δόξαν
1345 1659 1480 1714 Θεοῦ
1504 1652 1744 1731 Πατρὸς,
1781 1680 1800 1712 ι

214 1755 352 1809 ὅταν
388 1753 520 1827 ἔλθῃ
564 1755 622 1807 ἐν
657 1757 724 1826 τῇ
770 1754 898 1826 δόξᾳ
937 1753 1031 1807 τοῦ
1067 1753 1279 1825 Πατρὸς
1307 1753 1471 1807 αὐτοῦ
1523 1752 1662 1822 μετά
1695 1751 1806 1806 τῶν

1907 560 1992 607 est
2041 547 2427 605 abominationi
2474 544 2758 615 gentibus,
2819 542 2993 598 servis
3019 543 3342 612 principum.
3379 540 3490 596 Re-

1907 659 2002 714 ges
2065 641 2324 696 videbunt
2373 652 2534 702 eum,
2587 644 2644 689 et
2692 643 3016 704 consurgent
3067 634 3390 704 principes:
3429 643 3488 689 et

1908 736 2208 789 adorabunt
2266 745 2387 786 eum
2436 737 2655 798 propter
2706 726 3016 790 Dominum,
3046 727 3169 795 quia
3207 725 3378 781 ﬁdelis
3402 735 3487 780 est

1911 825 2145 881 Sanctus
2186 821 2372 886 Israel.
2399 830 2453 876 et
2485 817 2620 889 elegi
2663 826 2716 873 te
2747 832 2776 870 a
2805 817 2976 872 servis
3004 816 3342 885 principum;
3376 833 3394 866 ι
3431 816 3486 871 id

1907 925 2017 981 est,
2054 912 2412 984 malignorum
2447 909 2748 964 damonum
2782 925 2796 962 :
2848 920 2972 959 nam
2996 905 3032 960 ii
3062 905 3155 976 qui
3180 905 3249 959 ab
3273 905 3404 974 ipsis
3429 905 3484 960 in

1907 1007 2226 1065 servitutem
2257 1001 2458 1059 redacti
2481 1008 2630 1065 sunt,
2656 1000 2710 1054 in
2734 999 3009 1054 Christum
3043 997 3136 1052 Dei
3171 998 3506 1067 blaspheme

1907 1101 2050 1156 dicta
2074 1096 2377 1169 proferunt.
2405 1093 2583 1162 Ipsum
2628 1101 2807 1146 autem
2847 1090 3236 1145 abominationi
3261 1089 3482 1155 habent,

1908 1189 2279 1250 traducentes,
2335 1184 2626 1239 irridentes
2679 1197 2742 1237 ac
2790 1181 3192 1249 vilipendentes
3249 1191 3484 1249 mortem

1906 1281 2042 1348 ejus.
2068 1280 2137 1333 At
2167 1293 2286 1344 vos,
2317 1291 2456 1347 quos
2487 1288 2668 1330 sermo
2698 1273 3004 1344 compellat,
3029 1273 3278 1328 eumdem
3307 1273 3484 1343 ipsum

1907 1371 2244 1428 sanctiﬁcate
2290 1379 2348 1426 et
2379 1368 2551 1440 gloria
2578 1365 2796 1432 aﬂieite,
2840 1366 3092 1436 quoniam
3121 1364 3224 1435 ipsi
3276 1385 3296 1419 ι
3323 1382 3512 1422 omne-

1907 1480 2048 1534 genu
2097 1463 2347 1519 ﬂectetur
2388 1459 2687 1517 caelestium
2711 1497 2728 1524 ,
2771 1459 3114 1515 terrestrium
3153 1468 3206 1514 et
3239 1457 3483 1514 inferno--

1907 1571 2026 1610 rum
2057 1595 2072 1621 ,
2102 1565 2156 1610 et
2179 1553 2357 1609 omnis
2397 1552 2577 1622 lingua
2623 1551 2970 1606 conﬁtebitur
3027 1549 3153 1621 quia
3226 1551 3509 1608 Dominus.

1905 1646 2062 1703 Jesus
2092 1647 2340 1704 Christus
2372 1646 2425 1699 in
2463 1644 2632 1715 gloria
2667 1653 2751 1698 est
2778 1644 2872 1699 Dei
2906 1643 3085 1699 Patris
3110 1643 3180 1708 ⁸³,
3215 1661 3235 1696 ι
3268 1646 3504 1714 quando-

1907 1741 2086 1796 veniet
2105 1740 2158 1794 in
2185 1738 2354 1811 gloria
2384 1736 2569 1793 Patris
2585 1736 2665 1792 sui
2691 1751 2814 1791 cum
2841 1734 3048 1805 angelis
3078 1732 3216 1804 ejus,
3246 1745 3299 1790 et
3327 1737 3484 1790 sede-

216 1846 471 1915 άγγέλων
491 1822 821 1911 ⁷αύδτοῦξκαὶ
855 1822 1055 1916 καθίσῃ
1098 1822 1200 1899 ἐπὶ.
1226 1844 1414 1917 θρόνου
1443 1843 1600 1913 δόξης
1635 1844 1800 1899 αὐτοῦ

1909 1833 1987 1888 hit
2007 1833 2059 1886 in
2095 1833 2293 1888 throno
2315 1831 2503 1902 gloria
2534 1828 2651 1898 ejus
2675 1829 2924 1898 judicans
2946 1829 3098 1883 vivos
3127 1837 3182 1882 et
3217 1838 3478 1883 mortuos.

216 1937 423 2006 κρίνων
447 1936 655 2001 ζῶντας
680 1937 774 1989 καὶ
793 1935 1020 2008 νεκρούς
1036 1953 1050 1967 ·
1073 1937 1194 1990 τότε
1217 1936 1324 2010 γάρ
1346 1936 1544 2000 πάντες
1569 1953 1805 2007 προσκυ-

215 2027 478 2097 νήσουσιν
502 2027 651 2099 αύτῷ
687 2029 872 2081 ’ἐνεκεν
897 2029 1102 2100 Κυρίου
1132 2028 1227 2084 τοῦ
1260 2029 1474 2099 Πατρὸς
1507 2027 1692 2092 αὑτοῦ,
1723 2029 1804 2081 ὅτι

217 2120 414 2182 πιστός
447 2121 593 2172 ἐστιν
623 2121 653 2172 6
673 2120 864 2188 ’Ἄγιος
889 2119 1121 2192 ’Ἰσραὴλ
1159 2122 1187 2174 6
1229 2119 1583 2190 ἐκλεξάμενος
1620 2119 1800 2173 αὐτόν.

230 2210 381 2263 Ἀντὶ
409 2210 466 2264 δὲ
498 2209 615 2276 τοῦ,
654 2229 673 2263 ι
719 2211 828 2265 Καὶ
859 2209 1189 2282 ἐξελεξάμην
1226 2229 1376 2277 σε,,)
1416 2213 1445 2265 6
1487 2211 1800 2282 Σύμμαχος,

222 2320 244 2351 ι
293 2301 606 2368 Ἐξελέξατό
633 2320 714 2366 σε,
745 2321 764 2355 ι
792 2304 1000 2374 εἴρηκε.
1031 2303 1216 2357 Ταῦτα
1248 2304 1348 2374 μὲν
1372 2298 1464 2358 οὖν
1487 2305 1600 2366 τοῖς
1628 2302 1804 2356 ἔθνεσι

216 2395 620 2466 παραδέδοται·
656 2395 726 2449 τά
780 2396 837 2450 δὲ
875 2395 1235 2467 ἐπιλεγόμενα
1290 2397 1370 2461 είς
1428 2394 1593 2451 αὑτοῦ
1638 2397 1806 2467 πρόσ-

215 2504 370 2541 ωπον
394 2488 488 2542 τοῦ
517 2488 768 2560 Σωτῆρος
796 2487 1127 2552 θεσπίζεται·
1154 2481 1197 2557 ᾧ
1218 2487 1312 2542 καί
1344 2506 1474 2560 φησι
1504 2488 1564 2542 τὸ
1582 2487 1805 2558 Πνεῦμα

215 2580 281 2631 τὸ
314 2581 654 2650 προφητικὸν
693 2583 756 2634 ἐκ
797 2579 1085 2653 προσώπου
1115 2581 1209 2643 τοῦ
1249 2583 1498 2653 Πατρός·
1543 2601 1563 2634 ι
1610 2581 1805 2653 Καιρῷ

214 2668 397 2738 δεκτῷ
439 2671 721 2742 ἐπήκουσά
765 2688 892 2735 σου,
928 2671 1022 2726 καὶ
1053 2672 1110 2723 ἐν
1143 2672 1326 2744 ἡμέρᾳ
1370 2674 1642 2744 σωτηρίας
1687 2673 1806 2728 ἐϐο-

215 2760 404 2831 ήθησά
446 2778 546 2814 σοι.
598 2782 617 2814 ι
673 2763 886 2833 Σφόδρα
943 2763 1001 2817 δὲ
1068 2763 1396 2833 θαυμαστῶς
1449 2764 1666 2836 εἴρηται
1719 2767 1802 2830 τὸ,

221 2871 243 2904 r
291 2853 488 2925 Καιρῷ
523 2855 696 2926 δεκτῷ
727 2855 1011 2928 ἐπήκουσά
1041 2873 1133 2909 σου
1157 2873 1170 2886 ·
1217 2875 1235 2908 ι
1267 2852 1420 2920 οὗτος
1455 2856 1513 2910 δὲ
1547 2853 1615 2929 ἦν
1644 2859 1672 2911 6
1705 2857 1806 2928 τῆς

215 2945 574 3008 ἀναστάσεως
595 2945 759 2998 αὐτοῦ
790 2947 1000 3018 χρόνος.
1033 2947 1190 3000 Κατά
1220 2947 1317 3017 μὲν
1343 2946 1451 3019 γὰρ
1487 2947 1578 3001 τὸν
1615 2949 1804 3023 καιρὸν

213 3035 314 3088 τοῦ
375 3035 582 3100 πάθους
628 3037 924 3110 ἀνεϐόησεν
979 3039 1248 3110 δΣωτήρ
1296 3038 1500 3092 εἰπών·
1557 3057 1574 3100 t
1634 3040 1801 3106 Ἠλεὶ,

1905 1923 2057 1978 Tunc
2085 1923 2228 1978 enim
2260 1936 2452 1979 omnes
2494 1921 2671 1992 ipsum
2699 1921 3028 1987 adorabunt,
3053 1929 3276 1991 propter
3301 1920 3498 1976 Donni-

1905 2031 2032 2071 num
2084 2015 2300 2070 Patrem
2328 2014 2446 2084 ejus
2468 2055 2484 2081 ,
2519 2014 2644 2083 quia
2671 2013 2847 2069 ﬁdelis
2868 2025 2949 2069 est
2999 2014 3234 2070 Sanctus
3291 2013 3482 2082 Israel,

1903 2109 1996 2181 qui
2021 2109 2181 2179 elegit
2209 2123 2356 2164 eum.
2390 2107 2496 2162 Pro
2521 2107 2612 2162 illo
2645 2115 2880 2174 autem,r
2910 2105 2977 2160 Et
2999 2105 3137 2176 elegi
3166 2114 3239 2172 te,
3271 2123 3290 2158 ι
3324 2103 3484 2176 Sym-

1905 2202 2132 2257 machus
2164 2202 2349 2268 habet,
2391 2219 2409 2254 ι
2436 2199 2613 2270 Elegit
2638 2205 2712 2255 te.
2751 2216 2770 2250 ι
2834 2197 2962 2253 limo
3009 2197 3193 2268 itaque
3229 2197 3486 2268 gentibus

1905 2296 2107 2350 tradita
2157 2303 2322 2361 sum;
2360 2306 2482 2363 qua}
2537 2305 2668 2346 vero
2714 2288 3100 2358 subjiciuntur,
3145 2288 3212 2342 de
3251 2301 3482 2357 persona

1907 2387 2211 2443 Salvatoris
2265 2384 2705 2457 praenuntiantur
2733 2399 2747 2436 :
2780 2381 2866 2435 cui
2907 2380 3072 2435 etiam
3125 2378 3483 2448 propheticus

1907 2480 2142 2551 Spiritus
2180 2495 2245 2534 ex
2277 2491 2507 2548 persona
2542 2473 2722 2536 Patris
2755 2472 2852 2539 ait,
2917 2490 2936 2523 ι
2958 2471 3226 2540 Tempore
3256 2479 3483 2539 accepto

1905 2557 2253 2633 exaudis-ite,
2313 2569 2455 2624 etin
2492 2568 2580 2622 die
2629 2564 2824 2622 salutis
2871 2563 3050 2632 adjuvi
3113 2571 3231 2617 te.»
3287 2561 3508 2619 Mirum.

1905 2676 2086 2720 autem
2119 2665 2171 2718 in
2201 2665 2416 2718 modum
2452 2661 2676 2725 dicitur,
2719 2678 2736 2710 ι
2771 2657 3038 2725 Tempore
3059 2665 3284 2727 accepto
3313 2669 3483 2710 exat),-

1905 2758 2010 2812 divi
2054 2767 2142 2821 te;
2175 2774 2194 2808 ι
2245 2753 2375 2808 illud
2415 2767 2580 2822 porro
2631 2759 2751 2808 erat
2803 2759 3015 2818 tempus
3063 2747 3503 2805 resurrectionis.-

1903 2849 2042 2919 ejus.
2094 2846 2228 2900 Nam
2283 2844 2556 2916 passionis
2613 2851 2860 2912 tempore
2905 2841 3162 2897 clamavit
3220 2839 3480 2896 Servatur

1905 2942 1990 2998 his
2032 2941 2210 2997 verbis
2239 2958 2252 2996 :
2287 2958 2306 2992 ι
2330 2939 2432 3006 ΕΙῘ,
2466 2939 2587 3006 Eli,
2631 2939 2758 2994 lima
2795 2937 3190 2993 sabachthani?
3224 2955 3243 2989 ι
3273 2936 3324 2991 id
3360 2948 3484 3002 est,

1911 3036 2095 3091 «Deus
2148 3049 2326 3098 meus,
2383 3033 2526 3087 Deus
2593 3045 2777 3095 meus,
2837 3037 2898 3083 ut
2950 3029 3081 3098 qmid
3146 3027 3480 3097 dereliquisti

229 3127 418 3182 Ἠλεὶ·
461 3128 596 3200 λιμὰ
634 3130 997 3201 σαϐαχθανεί·
1059 3152 1078 3184 ι
1123 3132 1391 3196 τουτέστι,
1448 3150 1468 3185 ι
1525 3133 1626 3187 Θεέ
1677 3151 1800 3206 μου,

1907 3143 1996 3183 me
2038 3127 2168 3181 "ii
2219 3125 2526 3193 Quinetiam
2561 3131 2814 3194 precatur
2843 3121 2928 3178 his
2971 3119 3149 3174 verbis
3191 3136 3205 3172 :
3252 3136 3270 3170 ι
3297 3118 3506 3183 Pater,,

213 3217 320 3272 Θεέ
362 3237 484 3290 μου,
518 3221 605 3274 ῖνα
640 3221 694 3274 τί
727 3239 794 3294 με
826 3223 1215 3291 ἐγκατέλιπες;
1251 3245 1270 3277 ι
1325 3225 1486 3280 Ἀλλά
1516 3226 1611 3280 καὶ
1637 3243 1803 3298 προσ-

215 3310 439 3380 εύχεται
488 3312 696 3381 λέγων·
760 3333 780 3366 ι
841 3315 1046 3388 Πάτερ,
1087 3319 1134 3369 εί
1189 3316 1447 3382 δυνατὸν,
1489 3317 1803 3389 παρελθέτω

212 3402 315 3454 ἀπ’
344 3402 480 3468 ἐμοῦ
524 3403 586 3456 τὸ
625 3405 886 3476 ποτήριον
923 3406 1112 3459 τοῦτο·
1159 3425 1180 3458 ι
1212 3403 1312 3460 εἶθ’
1350 3407 1428 3472 ὡς
1473 3407 1802 3462 ἀνανεύοντα

211 3491 309 3544 τὸν
353 3493 577 3565 Πατέρα
620 3493 787 3566 ἐώρα,
819 3495 1102 3568 ἐπήγαγε·
1142 3517 1161 3548 ι
1193 3498 1396 3570 Πάτερ,
1436 3500 1485 3552 εί
1527 3499 1600 3571 μή
1643 3499 1802 3554 δυνα-

208 3582 306 3636 τὸν
333 3584 626 3654 παρελθεῖν
652 3586 803 3653 αὐτὸ,
829 3588 1114 3659 γενηθήτω
1135 3589 1194 3642 τὸ
1221 3576 1432 3661 θέλημά
1456 3608 1571 3646 σου.
1607 3611 1626 3643 ι
1654 3590 1798 3644 Ταύ-

208 3692 314 3747 την
352 3673 448 3730 οὖν
482 3677 580 3750 τήν
613 3680 778 3752 εὐχὴν
828 3683 908 3746 είς
947 3681 1140 3753 καιρὸν
1193 3683 1480 3754 δεχόμενος
1517 3685 1546 3737 6
1584 3683 1794 3756 Πατὴρ,

215 3770 361 3840 μετὰ
397 3771 460 3823 τὸ
481 3770 652 3835 πάθος
685 3772 778 3826 καὶ
819 3773 954 3842 μετά
991 3774 1091 3844 τὴν
1122 3775 1204 3838 είς
1225 3775 1371 3847 ᾆδουο
1388 3775 1635 3840 κάθοδον,
1675 3793 1799 3829 και-

214 3861 310 3934 ρὸν
349 3861 452 3932 τῆς
487 3863 834 3927 ἀναστάσεως
867 3866 1032 3919 αὐτοῦ
1070 3867 1286 3931 δεικνύς
1345 3885 1480 3939 φησι
1518 3867 1656 3938 πρὸς
1701 3869 1799 3922 αύ-

209 3953 325 4006 τόν·
375 3973 393 4005 ι
435 3955 626 4027 Καιρῷ
671 3956 844 4028 δεκτῷ
875 3958 1154 4030 ἐπήκουσά
1194 3977 1310 4025 σου,
1351 3979 1369 4012 ι
1413 3961 1508 4014 καὶ
1546 3959 1615 4014 τὰ
1646 3959 1794 4030 ἑξῆς.

215 4063 236 4097 ι
259 4047 374 4099 Καὶ
405 4045 617 4101 ἔπλασά
651 4064 732 4111 σε,
768 4051 861 4102 καὶ
892 4049 1069 4104 ἔδωκά
1104 4068 1162 4104 σε
1194 4053 1276 4116 εἰς
1300 4051 1570 4123 διαθήκην
1598 4051 1790 4116 ἐθνῶν,

208 4137 305 4192 τοῦ
350 4141 692 4210 καταστῆσαι
723 4141 824 4211 τὴν
863 4142 988 4214 γῆν,
1025 4144 1118 4196 καὶ
1155 4142 1558 4216 κληρονομῆσαι
1595 4143 1796 4214 κληρο·

207 4231 410 4302 τομίας
448 4231 706 4303 ἐρήμους.
759 4253 778 4284 ι
817 4234 1076 4289 Τοιαῦται
1102 4237 1159 4289 δὲ
1190 4231 1330 4308 ἦσαν
1370 4237 1426 4290 αἱ
1470 4235 1577 4289 τῶν
1621 4234 1799 4290 ἀθέων

1905 3219 1951 3276 si
2003 3218 2258 3289 possibile
2305 3225 2410 3283 est,
2474 3223 2721 3270 transeat
2777 3230 2805 3268 a
2857 3229 2943 3269 u-e
2996 3212 3140 3268 calix
3179 3211 3284 3266 iste
3325 3211 3409 3276 ⁹⁸;
3452 3230 3474 3264 ι

1905 3311 2098 3370 deinde
2128 3319 2185 3366 ut
2215 3309 2546 3364 abnuentem
2587 3307 2800 3362 Patrem
2833 3306 2991 3371 vidit,
3026 3307 3101 3360 ait
3129 3323 3143 3359 :
3170 3323 3189 3358 ι
3228 3304 3406 3367 Pater,
3435 3306 3482 3360 si

1904 3421 2012 3460 non
2047 3413 2222 3475 potest
2248 3403 2338 3460 hic
2369 3405 2626 3468 transire,
2661 3404 2758 3458 ﬁat
2787 3404 3036 3456 voluntas
3062 3409 3152 3456 tua
3178 3402 3248 3452 ⁸⁸.
3274 3418 3295 3454 ι
3331 3399 3483 3455 Hane

1903 3498 2086 3566 itaque
2125 3498 2430 3551 orationem
2469 3494 2536 3552 ad
2575 3505 2790 3563 tempus
2844 3493 3119 3563 accipiens
3149 3491 3336 3555 Pater,
3359 3502 3502 3562 post.

1902 3589 2229 3662 passionem.
2282 3598 2333 3644 et
2365 3596 2488 3659 post
2511 3587 2832 3642 descensum
2877 3585 2930 3638 in
2966 3584 3238 3638 infernum
3262 3625 3278 3645 ,
3306 3583 3488 3652 ipsum

1903 3682 2333 3739 resurrectionis
2393 3683 2511 3752 ejus
2567 3690 2783 3749 tempus
2835 3677 3189 3748 signiﬁcans,
3243 3675 3318 3728 ait
3366 3674 3482 3739 illi,

1909 3793 1928 3827 ι
1953 3775 2218 3844 Tempore
2242 3783 2464 3844 accepto
2488 3771 2742 3828 exaudiri
2773 3781 2844 3836 te,
2870 3789 2889 3823 ι
2920 3779 2973 3824 et
2991 3777 3208 3825 caetera.
3239 3786 3258 3819 ι
3282 3767 3347 3822 Ει
3365 3767 3480 3823 for-

1905 3867 2048 3920 mavi
2075 3876 2145 3930 te,
2164 3873 2219 3920 et
2246 3865 2366 3922 dedi
2387 3873 2438 3918 te
2452 3865 2504 3919 in
2529 3872 2909 3918 testamentum
2924 3860 3185 3932 gentium,
3203 3869 3261 3915 ut
3278 3859 3498 3916 consti-

1905 3966 2088 4011 tuercs
2117 3965 2342 4021 terram,
2376 3963 2430 4010 et
2452 3955 2762 4024 possideres
2788 3953 3134 4008 baereditates
3163 3954 3424 4009 desertas.
3455 3971 3478 4009 ι

1905 4048 2064 4103 Tales
2091 4058 2250 4102 erant
2287 4047 2598 4118 impiorum,
2632 4057 2691 4102 et
2717 4046 2901 4101 multis
2921 4044 3239 4101 numinibus
3267 4047 3483 4102 dedito-

1905 4155 2026 4196 rum
2070 4140 2345 4194 hominum
2408 4141 2622 4204 animae,
2675 4141 2902 4194 deserta:
2955 4154 2986 4193 a
3035 4137 3173 4204 Deo,
3241 4154 3305 4195 ac
3356 4154 3492 4195 vere

1911 4251 1929 4283 ι
1961 4233 2272 4295 destructas,
2299 4250 2317 4282 ι
2355 4231 2650 4286 secundum
2688 4232 2930 4303 reliquos
2958 4231 3285 4302 interpretes

209 4326 306 4379 καὶ
335 4323 616 4378 πολυθέων
653 4325 843 4396 ψυχαὶ,
872 4325 1068 4398 ἔρημοι
1097 4326 1231 4380 Θεοῦ
1271 4327 1364 4381 καὶ
1389 4325 1603 4398 ἀληθῶς
1635 4346 1653 4378 ι
1686 4323 2051 4396 ἠφανισμέναι
2089 4341 2137 4390 ,ι
2177 4322 2321 4381 κατά
2349 4325 2475 4387 τοὺς
2503 4323 2745 4389 λοιπούς.

289 4486 309 4518 ι
340 4467 584 4536 Λέγοντα
603 4470 716 4531 τοῖς
741 4469 797 4520 ἐν
818 4467 1058 4539 δεσμοῖς,
1078 4466 1374 4532 Ἐξέλθετε,
1398 4469 1493 4522 καὶ
1513 4471 1624 4532 τοῖς
1648 4468 1705 4520 ἐν
1725 4463 1800 4536 τῷ

1975 4465 2137 4520 Vens.
2185 4464 2240 4520 9.
2301 4483 2319 4516 ι
2346 4465 2628 4520 Dicentem
2677 4465 2747 4520 iis
2791 4466 2885 4537 qui
2917 4466 3085 4522 vincti
3115 4474 3263 4533 sunt,
3299 4466 3481 4532 Exite,

210 4557 420 4619 σκότει,
453 4558 915 4628 ἀνακαλυφθῆναι.
943 4579 962 4611 ι
985 4591 1055 4600 -—
1076 4579 1092 4610 ι
1124 4556 1307 4630 *Ημεν
1332 4558 1439 4630 γάρ
1475 4577 1605 4613 ποτε
1628 4559 1794 4612 τέκνα

205 4651 400 4722 ὀργῆς,
426 4649 521 4702 καὶ
539 4644 678 4720 ἦμέν
705 4667 834 4703 ποτε
865 4651 1073 4714 σκότος·
1105 4650 1199 4704 νῦν
1223 4650 1280 4704 δὲ
1313 4651 1426 4719 φῶς
1450 4654 1506 4706 ἐν
1530 4651 1736 4723 Κυρίῳ.
1769 4669 1788 4701 ι

207 4736 640 4807 Εύαγγελίζεται
669 4738 795 4801 τοὺς
833 4738 938 4790 τῶν
982 4741 1263 4816 προτέρων
1302 4740 1538 4812 δεσμῶν,
1573 4741 1667 4794 καὶ
1698 4739 1794 4794 τοῦ

209 4829 483 4900 προτέρου
515 4828 738 4892 σκότους
762 4829 1264 4902 ῆλευθερωμένους,
1287 4831 1480 4900 λέγων·
1515 4852 1533 4883 ι
1586 4832 1673 4886 Ἐν
1699 4832 1797 4885 πά-

209 4937 336 4984 σαις
382 4921 506 4983 ταῖς
539 4919 676 4982 ὁδοῖς
719 4919 1168 4992 βοσκηθήσονται,
1210 4923 1304 4975 καὶ
1342 4925 1400 4976 ἐν
1435 4923 1632 4987 πάσαις
1673 4927 1795 4987 ταῖς

205 5011 418 5085 τρίϐοις
459 5013 493 5083 ἡ
527 5013 665 5082 νομὴ
719 5012 919 5066 αὐτῶν.
985 5033 1004 5066 ι
1062 5013 1200 5066 Ὀδοὶ
1231 5013 1286 5066 δὲ
1338 5015 1432 5067 καὶ
1476 5015 1672 5087 τρίϐοι,
1728 5014 1794 5079 ἃς

207 5105 505 5158 διώδευσαν
537 5106 586 5158 οἱ
621 5105 788 5160 πάλαι
819 5106 913 5160 τοῦ
945 5107 1080 5160 Θεοῦ
1113 5107 1328 5180 ἄνδρες,
1365 5110 1419 5161 αξ
1451 5107 1798 5167 θεόπνευστοί,

209 5200 316 5250 εἰσι
357 5197 609 5268 Γραφαὶ,
657 5198 715 5249 ἐν
749 5193 836 5261 αἷς
882 5197 1196 5269 βοσκόμενοι
1225 5201 1272 5252 οἰ
1320 5199 1419 5270 τῆς
1462 5200 1792 5268 ἐπαγγελίας

207 5288 489 5359 τυχόντες.
516 5288 615 5358 τῆς
654 5287 836 5341 ἐνθέου
868 5290 962 5343 καὶ
994 5289 1216 5359 λογικῆς
1252 5291 1457 5361 τροφῆς
1493 5290 1794 5344 ἀπολαύου-

212 5396 317 5446 σιν,
356 5379 570 5450 ἀγαθὴν
608 5379 781 5450 νομὴν
825 5380 1030 5453 ταύτην
1064 5381 1376 5454 εὑράμενοι,
1413 5384 1506 5438 καὶ
1533 5383 1601 5436 τὰ
1645 5383 1789 5455 ἑξῆς.

285 5578 308 5613 σ
352 5561 429 5614 Ού
465 5561 836 5624 πεινάσουσιν,
881 5563 1001 5616 οὐδὲ
1042 5563 1384 5635 διψήσουσιν,
1411 5563 1532 5617 οὑδὲ
1567 5565 1795 5630 πατάξει

212 5653 411 5718 αὐτοὺς
439 5655 468 5707 ό
501 5653 748 5724 καύσων,
781 5653 884 5708 οὐδ’
929 5657 957 5709 6
986 5655 1152 5726 ἥλιος.
1191 5656 1328 5710 Ἀλλ’
1354 5659 1382 5710 6
1414 5657 1578 5712 ἐλεῶν
1605 5659 1799 5721 αὐτοὺς

1899 4566 1954 4612 et
1985 4557 2048 4612 iis
2079 4556 2170 4626 qui
2207 4558 2256 4610 in
2280 4557 2554 4624 tenebris,
2595 4567 2652 4611 ut
2695 4559 3005 4613 revelentur
3096 4599 3111 4616 .
3151 4577 3170 4610 ι
3203 4587 3275 4599 -
3302 4577 3321 4610 ι
3350 4558 3483 4612 Era-

1901 4665 2022 4703 mus
2051 4649 2196 4704 enim
2226 4650 2518 4719 aliquando
2554 4649 2647 4704 lilii
2681 4651 2813 4714 iraa,
2855 4660 2911 4706 et
2937 4666 3155 4706 eramus
3189 4650 3497 4721 aliquando.

1902 4741 2173 4808 tenebrae;
2210 4757 2352 4796 nunc
2398 4751 2579 4796 autem
2627 4741 2721 4797 lux
2773 4742 2826 4796 in
2879 4741 3107 4797 Domino
3159 4743 3229 4797 ".
3261 4761 3280 4795 ι
3332 4742 3482 4798 Bona

1903 4836 2091 4888 nuntia
2133 4836 2342 4904 profert
2399 4835 2464 4889 iis
2505 4837 2597 4902 qul
2641 4850 2706 4889 ex
2764 4833 3014 4905 pristinis
3068 4834 3174 4889 illis
3231 4834 3480 4898 vinculis,

1902 4940 2075 4994 exque
2130 4927 2325 4992 priscis
2389 4925 2627 4981 tenebris
2657 4925 2813 4980 liberi
2871 4933 3196 4990 evaserant,
3243 4925 3424 4978 dicens
3463 4944 3492 4983 ιε

1908 5035 1927 5068 ι
1958 5017 2012 5070 In
2037 5018 2288 5073 omnibus
2309 5018 2413 5074 viis
2442 5027 2755 5086 pascentur,
2807 5025 2862 5072 et
2906 5018 2957 5071 in
2991 5018 3244 5072 omnibus
3275 5017 3484 5072 semitis

1903 5123 2101 5178 pascua
2137 5125 2344 5165 eorum.
2384 5129 2402 5161 ι
2455 5110 2568 5163 Viae
2599 5111 2914 5178 sentitzeque
2967 5124 3103 5177 quas
3152 5108 3486 5178 pertransis-

1903 5216 2023 5260 runt
2056 5205 2127 5260 illi
2168 5204 2296 5258 olim
2360 5203 2452 5256 Dei
2511 5201 2639 5264 viri,
2688 5211 2815 5254 sunt
2871 5201 3168 5270 Scriptura:
3217 5199 3482 5252 divinitus

1897 5299 2198 5369 inspiratae,
2283 5295 2680 5365 nbipasccnlcs
2733 5295 2792 5358 ii,
2834 5295 2924 5363 qui
2972 5293 3238 5363 promissa
3273 5303 3480 5357 tenent,

1893 5391 2076 5445 divino
2103 5401 2157 5444 et
2187 5388 2494 5443 rationabili
2522 5388 2644 5442 cibo
2670 5387 2941 5452 fruuntur,
2975 5385 3091 5441 ham
3112 5385 3251 5441 bona
3281 5401 3482 5456 pascua

1895 5483 2062 5547 nacti,
2091 5493 2145 5536 et
2173 5490 2389 5535 caetera.

1967 5575 2131 5630 Vens.
2168 5573 2252 5628 10.
2317 5592 2336 5625 ι
2367 5572 2483 5626 Non
2517 5573 2792 5637 csurient,
2833 5586 3007 5641 neque
3044 5571 3271 5642 sitient,
3307 5586 3484 5645 neque

1904 5667 2175 5736 percutiet
2197 5681 2289 5722 eos
2319 5674 2501 5731 aestus,
2531 5681 2706 5736 neque
2736 5665 2839 5721 sol.
2889 5663 2996 5722 Sed
3040 5666 3141 5736 qui.
3186 5667 3484 5725 miseretur

282 5875 332 5909 ⁸⁸
363 5875 556 5948 Philip.
597 5893 656 5949 ιι,
693 5877 774 5937 l0.
852 5881 896 5916 ”
925 5881 1118 5942 Matth.
1157 5901 1325 5954 χιι-ιι,
1361 5884 1448 5942 46.
1523 5886 1563 5921 ’³
1597 5883 1786 5942 Matth.

1908 5901 1979 5953 Vt,
2026 5887 2115 5946 39.
2194 5890 2238 5924 "
2279 5889 2409 5949 ibid.
2453 5889 2544 5946 42.
2623 5890 2672 5923 ³⁵
2701 5888 2902 5962 Epiros.
2959 5908 3021 5962 ιι,
3051 5895 3102 5963 5;
3137 5911 3194 5964 ν,
3221 5896 3272 5952 8.
