3880 6216
414 324 525 388 435

1091 322 1362 393 unseen
1397 332 1881 399 CESARIENSIS
1919 342 2085 407 ore.
2114 345 2297 404 PARS
2334 346 2423 404 ιιι.
2465 380 2532 390 -
2572 348 2985 409 EXEGETICA.

3570 361 3676 418 456

418 466 610 507 eorum
657 451 1023 508 consolabitur
1056 467 1187 521 eos,
1249 466 1306 512 et
1360 472 1456 528 per
1502 457 1681 517 fontes
1722 478 1985 533 aquarum

2099 468 2479 540 παρακαλέσει,
2529 469 2623 523 καὶ
2652 469 2740 525 διὰ
2782 472 2975 543 πηγῶν
3012 472 3219 528 ὑδάτων
3248 472 3365 540 ἄξει
3396 477 3615 544 αὑτούς.
3652 502 3675 535 ι

418 543 583 598 ducet
610 556 723 597 eos.
758 560 777 595 ι
808 540 1022 599 ιλΕδιιιιη
1071 553 1126 598 et
1172 544 1363 610 solem,
1397 549 1649 606 humana:
1680 553 1995 608 vitaaardo-

416 650 532 689 rem
564 643 744 699 vocat,
777 649 841 689 ac
869 637 1254 706 temporariam
1288 636 1405 707 ejus
1427 680 1441 703 ,
1473 654 1597 711 qua:
1639 645 1781 713 apud
1821 646 1999 704 homi-

418 743 515 782 nes
536 726 628 781 lux
649 727 972 793 aestimatur,
1007 744 1246 783 usuram.
1299 730 1405 786 Sed
1457 732 1593 799 haec,
1647 735 1857 804 inquit,
1888 754 1996 795 non

415 819 738 875 comburent
779 833 894 875 eos.
941 819 1090 876 Multi
1126 837 1257 878 vero
1316 832 1441 878 sunt
1492 824 1669 881 fontes
1728 827 1890 884 Israel
1944 840 2000 885 et

398 905 596 963 ‘foutes
635 907 901 964 Salutaris
926 922 943 973 ;
973 908 1062 963 alii
1088 908 1318 978 Veteris,
1361 912 1451 967 alii
1489 927 1620 968 vero
1652 912 1784 970 Novi
1811 916 1999 973 Testa-

416 997 610 1054 menti.
646 1016 665 1049 ι
693 998 759 1053 Et
790 1013 1007 1069 ponam,
1038 1000 1152 1065 ait,
1195 1015 1385 1056 omnes
1427 1013 1638 1059 montes
1677 1004 1732 1058 in
1785 1006 1947 1071 viam,
1972 1027 1992 1061 ι

416 1097 476 1144 ιιι
531 1088 668 1143 nihil
719 1089 853 1161 ipsis
884 1090 1121 1159 acclive,
1173 1092 1305 1147 nihil
1355 1092 1583 1148 arduum
1638 1110 1998 1167 asperumque

416 1189 742 1251 superesset.
798 1181 1100 1249 Quinetiam
1145 1198 1362 1239 onmem
1401 1170 1656 1243 semitam
1710 1189 1761 1243 in
1801 1206 1997 1261 pascua

418 1271 550 1342 ipsis
575 1287 633 1328 se
669 1273 968 1344 positurum
1000 1288 1121 1330 esse
1144 1275 1425 1344 pollicetur
1453 1279 1539 1336 his
1567 1281 1746 1336 verbis
1767 1299 1787 1335 :
1901 1287 1904 1290 ’

491 1362 655 1419 Vens.
714 1365 804 1425 11.
857 1366 1177 1436 «Ειροηοιη
1200 1383 1415 1424 omnem
1456 1383 1693 1428 montem
1729 1375 1783 1428 in
1824 1375 1991 1444 viam,

415 1466 473 1511 et
497 1470 710 1511 omnem
740 1457 983 1512 semitam
1013 1459 1065 1513 in
1100 1475 1295 1531 pascua
1327 1462 1478 1532 ipsis.
1513 1482 1534 1518 ι
1570 1463 1687 1522 Jam
1725 1468 1872 1537 prius
1898 1486 1995 1523 au-

418 1547 653 1603 divimus
676 1548 851 1604 tribus
897 1560 1153 1620 oportere
1180 1554 1354 1610 modis
1401 1554 1531 1612 Sion
1584 1569 1640 1615 et
1694 1559 1994 1619 Jerusalem

417 1638 753 1710 intelligere:
785 1657 893 1695 uno
928 1642 1143 1711 quidem
1191 1645 1382 1702 humili
1424 1659 1480 1705 et
1518 1650 1777 1721 Judaico;
1825 1657 1995 1714 altero

418 1738 598 1785 autem
625 1733 784 1789 modo
820 1735 1085 1805 accipitur
1114 1752 1210 1806 pro
1240 1748 1351 1794 toto
1373 1742 1476 1809 piae
1508 1744 1789 1816 religionis
1836 1750 1993 1805 insti-

2099 561 2369 615 Καύσωνα
2395 561 2453 615 δὲ
2487 563 2580 617 καὶ
2614 563 2765 635 ἣλιον
2801 565 2893 618 τὸν
2925 564 3164 636 φλογμὸν
3202 567 3296 620 τοῦ
3327 568 3522 640 θνητοῦ
3559 570 3682 643 βίου

2097 652 2395 715 ἀποκαλεῖ,
2423 654 2517 708 καὶ
2558 655 2653 708 τοῦ
2683 655 3034 727 νομιζομένου
3071 658 3129 712 ὲν
3161 658 3467 731 ἀνθρώποις
3500 661 3681 732 φωτός

2097 745 2195 817 τὴν
2225 745 2560 817 πρόσκαιρον
2592 748 2909 804 ἀπόλαυσιν.
2954 749 3089 803 Ἀλλ’
3125 751 3281 817 οὐδὲ,
3314 753 3468 825 φησι,
3503 755 3685 809 ταῦτα

2098 836 2429 908 καθάψονται
2482 839 2680 893 αὐτῶν.
2720 839 2918 894 Πολλαὶ
2962 841 3019 895 δὲ
3067 843 3238 914 πηγαὶ
3300 843 3530 916 Ἰσραὴλ,
3582 847 3684 900 καὶ

2098 928 2272 999 πηγαὶ
2311 929 2619 1001 Σωτηρίου’
2664 932 2722 986 αἱ
2757 931 2855 1003 μὲν
2881 935 2981 1005 τῆς
3009 935 3253 998 Παλαιᾶς
3292 937 3582 1009 Διαθήκης,
3617 939 3680 992 αἱ

2096 1017 2154 1072 δὲ
2196 1018 2295 1091 τῆς
2318 1021 2542 1092 Καινῆς.
2580 1040 2600 1074 ι
2637 1023 2747 1077 Καὶ
2780 1024 2929 1096 θήσω
2965 1025 3042 1090 δὲ,
3093 1028 3246 1099 φησὶ,
3282 1030 3390 1081 πᾶν
3424 1028 3549 1102 ὅρος
3593 1033 3681 1095 είς

2096 1108 2233 1173 ὁδὸν,
2265 1128 2283 1162 ι
2316 1108 2400 1163 ἵνα
2424 1111 2589 1183 μηδὲν
2619 1113 2801 1177 αὐτοῖς
2830 1113 3053 1178 ἄναντες
3075 1112 3131 1188 ᾖ,
3167 1116 3299 1188 μηδὲ
3325 1118 3607 1185 δύσϐατον,
3637 1120 3676 1192 ἦ

2095 1199 2289 1273 τραχύ.
2341 1202 2497 1255 ’Ἀλλά
2528 1203 2623 1256 καὶ
2669 1205 2850 1258 πᾶσαν
2883 1204 3066 1274 τρίϐον
3110 1207 3271 1260 πάλιν
3310 1209 3388 1272 είς
3422 1207 3680 1282 βόσκημα

2096 1291 2282 1365 θήσειν
2304 1294 2490 1359 αὐτοῖς
2519 1296 2933 1366 ἐπαγγέλλεται,
2966 1298 3139 1367 λέγων
3157 1315 3171 1328 ·

2172 1403 2190 1437 ι
2227 1386 2337 1439 Καὶ
2366 1386 2516 1458 θήσω
2546 1389 2652 1442 πᾶν
2693 1389 2818 1461 ὅρος
2856 1391 2937 1454 είς
2966 1389 3104 1454 ὁδὸν,
3148 1391 3243 1445 καὶ
3281 1393 3467 1447 πᾶσαν
3489 1393 3683 1466 τρίϐον

2095 1479 2176 1541 εἰς
2205 1478 2453 1550 βόσκημα
2476 1480 2679 1545 αὐτοῖς.
2720 1500 2739 1533 ι
2780 1482 2919 1552 Ἤδη
2947 1483 3042 1536 καὶ
3071 1483 3333 1559 πρότερον
3360 1487 3489 1557 ἡμῖν
3518 1487 3683 1559 εἴρη-

2093 1586 2217 1633 ται,
2269 1570 2346 1634 ὡς
2401 1571 2542 1625 κατὰ
2591 1573 2827 1644 τρόπους
2876 1578 3026 1647 τρεῖς
3074 1577 3339 1647 προσήκει
3378 1581 3517 1632 νοεῖν
3573 1580 3684 1650 τὴν

2095 1659 2232 1713 Σιὼν
2261 1662 2352 1715 καὶ
2379 1663 2478 1733 τὴν
2519 1664 2874 1737 Ἰερουσαλήμ
2895 1682 2908 1696 ³
2935 1665 3055 1719 καθ’
3087 1666 3183 1722 ἕνα
3212 1667 3309 1740 μὲν
3334 1670 3551 1740 τρόπον,
3579 1687 3686 1724 τα-

2097 1749 2280 1803 πεινὸν
2305 1751 2398 1804 καὶ
2440 1752 2727 1808 Ἰουδαϊκόν
2747 1768 2762 1784 ⁸
2787 1756 2909 1809 καθ’
2935 1755 3121 1828 ἕτερον
3152 1757 3231 1823 δὲ,
3266 1760 3373 1812 πᾶν
3400 1760 3460 1812 τὸ
3485 1759 3683 1813 θεοσε-

419 1831 536 1877 ιιιιο
566 1838 630 1879 ex
665 1825 958 1882 coalitione
986 1839 1041 1883 et
1074 1829 1462 1898 conjunctione
1503 1835 1804 1893 animarum
1830 1842 1987 1896 intel«

2099 1839 2191 1901 ϐὲς
2236 1841 2536 1912 πολίτευμα
2570 1843 2905 1915 συγκρίματι
2935 1819 3124 1915 ψυέῶν
3164 1819 3482 1918 νοούμενον·
3528 1849 3685 1904 κατὰ

417 1916 595 1982 lecto;
626 1917 732 1973 alio
753 1919 973 1975 demum
994 1964 1009 1989 ,
1034 1925 1126 1993 qui
1157 1938 1424 1995 supernus
1451 1940 1554 1995 εει,
1588 1946 1685 2000 pro
1712 1933 1914 1989 caelein
1938 1945 1993 1992 et

415 2010 661 2081 angelica
684 2016 1130 2084 conversatione,
1163 2015 1230 2072 de
1263 2033 1365 2088 qua
1397 2021 1472 2075 ait
1504 2021 1826 2088 Apostolus:
1854 2044 1872 2078 ι
1897 2026 1990 2083 llla

419 2113 623 2168 autem,
654 2119 773 2173 quae
795 2121 1010 2161 sursum
1040 2117 1123 2163 est
1150 2106 1453 2167 Jerusalem
1480 2156 1496 2176 ,
1525 2113 1696 2170 libera
1734 2130 1836 2183 est,
1871 2135 1991 2187 quze

414 2203 503 2250 est
553 2204 725 2251 mater
769 2209 949 2253 nostra
979 2201 1066 2267 ⁹⁵;
1097 2220 1116 2252 ι
1172 2210 1261 2269 et,
1321 2205 1681 2263 «Accessistis
1741 2210 1807 2265 ad
1859 2210 1988 2267 Sion

416 2295 658 2341 montem
685 2278 741 2343 ét
768 2291 1041 2346 civitatem
1077 2293 1170 2348 Dei
1204 2295 1438 2352 viventis
1461 2336 1477 2362 ,
1525 2297 1823 2357 Jerusalem
1875 2317 1990 2358 cte-

415 2376 606 2432 lestem
633 2380 703 2434 ".
730 2399 749 2433 ι
786 2381 991 2449 Quibus
1017 2386 1085 2441 ad
1111 2386 1271 2440 istum
1315 2389 1531 2444 modum
1555 2405 1616 2447 se
1645 2393 1986 2464 habentibus,

416 2482 661 2538 przesens
688 2487 890 2542 sermo,
919 2476 1020 2545 piae
1057 2477 1336 2548 religionis
1369 2481 1617 2539 instituto
1644 2526 1660 2550 ,
1690 2487 1830 2555 quod
1859 2487 1985 2543 olim

418 2562 560 2630 apud
591 2561 809 2621 Iudaeos
844 2576 993 2633 erat,
1048 2570 1143 2624 sed
1176 2583 1343 2639 penes
1373 2572 1518 2642 ipsos
1556 2562 1892 2638 destructum
1932 2586 1988 2631 et

416 2668 517 2707 ceu
555 2654 608 2708 in
643 2657 875 2712 exitium
932 2659 1240 2725 deductum,
1293 2662 1345 2716 in
1400 2665 1640 2734 gentium
1686 2665 1985 2723 Ecclesium

416 2754 685 2801 mutatum
741 2746 938 2814 fuerat,
994 2750 1109 2807 haec
1155 2753 1501 2810 vaticinatur.
1544 2755 1754 2813 Montes
1803 2760 1985 2828 igitur,

417 2845 604 2907 utpote
633 2840 1003 2909 rationabiles,
1045 2847 1112 2900 de
1152 2846 1432 2902 hominum
1467 2848 1639 2903 salute
1670 2853 1903 2918 gaudere
1931 2861 1987 2908 et

415 2928 695 2984 exsultare
743 2931 916 3000 jubet.
957 2933 1165 2990 Montes
1192 2948 1373 2992 autem
1419 2938 1491 2993 illi
1538 2940 1739 2995 fuerint
1771 2943 1982 3007 animae,

416 3033 540 3088 quae
567 3021 742 3076 adhuc
778 3024 992 3093 quidem
1029 3027 1081 3079 in
1115 3035 1255 3081 terra
1309 3028 1536 3097 vivunt,
1574 3032 1667 3087 sed
1726 3035 1982 3089 virtutum

417 3112 678 3167 exercitio
708 3114 994 3170 admodum
1033 3117 1295 3174 sublimes
1338 3131 1502 3189 sunt;
1542 3124 1655 3178 sive
1690 3125 1888 3181 divinre
1930 3135 1985 3182 et

418 3204 676 3261 caelestes
732 3206 988 3272 virtutes,
1035 3210 1192 3281 queis
1241 3214 1475 3283 gaudere
1522 3225 1577 3272 et
1626 3217 1795 3273 lauari
1853 3235 1990 3291 prae-

417 3296 571 3366 cipit.

488 3389 685 3449 Vens...
718 3391 804 3448 l2.
872 3412 893 3447 ι
923 3395 1061 3452 Ecce
1118 3399 1171 3453 lii
1229 3400 1296 3456 de
1332 3400 1492 3473 longe
1533 3405 1790 3461 venient:
1818 3408 1874 3463 hi
1923 3410 1992 3466 ah

416 3479 687 3551 Aquilone
711 3494 766 3540 et
799 3487 975 3553 mari;
1029 3489 1121 3543 alii
1153 3491 1221 3546 de
1263 3500 1406 3549 terra
1455 3493 1765 3551 Persarum.
1799 3517 1818 3551 ι
1864 3498 1992 3567 Qui-

420 3589 545 3628 nam
586 3574 642 3629 hi
686 3586 865 3642 erant,
901 3581 1005 3635 nisi
1060 3584 1308 3653 superius
1362 3589 1669 3656 memorati,
1732 3591 1991 3648 nimirum

415 3665 510 3734 qui
539 3681 570 3721 e
598 3677 832 3737 quatuor
850 3671 1087 3728 universi
1118 3675 1434 3734 climatibns
1470 3681 1651 3736 vocati
1682 3681 1921 3739 fuerant?

493 3803 656 3859 Vens.
714 3804 805 3861 i3.
850 3825 869 3858 ι
895 3806 1201 3878 Laetamini,
1236 3813 1355 3868 caeli
1381 3852 1398 3879 ,
1445 3823 1499 3869 et
1540 3815 1771 3872 exsultet
1809 3825 1990 3882 terra,

413 3906 706 3965 erumpant
766 3909 975 3955 montes
1016 3900 1070 3954 in
1117 3904 1394 3971 laetitiam;
1443 3908 1569 3974 quia
1616 3908 1871 3964 misertus
1909 3920 1995 3965 est

417 3980 563 4040 Dens
588 3987 768 4057 populi
814 3990 919 4055 sui,
967 4000 1022 4046 et
1061 3992 1301 4049 humiles
1330 3996 1512 4065 populi
1558 3999 1641 4052 sui
1684 4000 1993 4059 consolatus

416 4082 523 4128 est.
555 4093 576 4127 ι
635 4077 821 4147 Neque
866 4079 1012 4134 enim
1066 4078 1207 4137 Deus
1245 4084 1469 4140 cteleste
1515 4085 1644 4142 illud
1687 4088 1989 4145 institutum

417 4163 671 4221 oblivisci
752 4178 931 4237 potest
981 4187 999 4226 :
1047 4174 1403 4243 exemploque
1476 4177 1646 4233 utitur
1708 4181 1987 4236 naturali:

416 4253 885 4320 Quemadmodum
916 4261 1194 4318 enimnon
1226 4273 1406 4332 potest
1438 4275 1611 4322 mater
1635 4268 1807 4324 lilium
1830 4286 1989 4326 suum

414 4344 700 4413 oblivisci,
751 4356 807 4404 et
858 4350 995 4406 sicut
1033 4367 1138 4407 non
1189 4363 1366 4423 potest
1408 4372 1527 4425 quae
1563 4361 1786 4429 genuit,
1848 4363 1989 4418 uteri

419 4439 501 4494 sui
531 4440 734 4510 prolem
768 4457 876 4498 non
909 4444 1200 4511 miserari;
1236 4446 1308 4500 ita
1341 4448 1457 4503 ﬁeri
1496 4453 1719 4521 nequit,
1759 4464 1817 4509 ut
1863 4470 1987 4526 ego,

2095 1928 2150 1982 δὲ
2173 1930 2263 1984 τὸν
2289 1931 2734 2005 ὲπαναϐεϐηκότα
2760 1934 2959 2007 τρόπον
2983 1941 3016 2010 ἡ
3048 1939 3104 1990 ὲν
3131 1938 3378 2011 οὐρανοῖς
3409 1940 3681 2014 ἀγγελικὴ

2096 2021 2355 2089 πολιτεία,
2390 2024 2517 2096 περὶ
2551 2021 2620 2097 ἦς
2652 2044 2815 2097 φησιν
2849 2029 2878 2079 ό
2914 2029 3262 2095 Ἀπόστολοςο
3301 2051 3320 2083 ι
3365 2032 3429 2085 Ἡ
3465 2033 3521 2086 δὲ
3558 2032 3683 2087 ἄνω

2107 2115 2464 2187 Ἰερουσαλὴμ
2489 2117 2746 2189 ἐλευθέρα
2768 2122 2932 2185 ἐστὶν,
2955 2122 3077 2193 ἣτις
3099 2124 3217 2177 ἐστὶ
3243 2127 3423 2197 μήτηρ
3443 2126 3621 2197 ήμῶνο
3652 2142 3677 2178 ι

2094 2206 2207 2272 καὶ,
2263 2225 2282 2259 ι
2343 2207 2784 2280 Προσεληλύθατε
2838 2210 2979 2266 Σιὼν
3019 2214 3156 2286 ὄρει,
3205 2216 3299 2268 καὶ
3353 2215 3502 2268 πόλει
3535 2214 3681 2270 Θεοῦ

2093 2293 2296 2361 ζῶντος
2353 2297 2704 2371 Ἰερουσαλήμ
2741 2302 3064 2374 ἐπουρανίῳ.
3108 2322 3127 2355 ι
3166 2297 3265 2358 Ὧν
3304 2303 3477 2368 οὕτως
3517 2304 3679 2375 ἐχόν-

2092 2401 2219 2451 των,
2258 2388 2287 2439 ὁ
2316 2385 2504 2459 παρὼν
2550 2387 2705 2457 λόγος
2735 2389 2871 2460 πρὸς
2902 2390 2965 2443 τὸ
3003 2390 3249 2456 θεοσεϐὲς
3281 2392 3601 2464 πολίτευμα,
3645 2392 3679 2447 ὅ

2092 2475 2259 2529 πάλαι
2291 2477 2389 2548 μὲν
2430 2477 2580 2551 παρὰ
2627 2479 2897 2544 Ἰουδαίοις
2940 2483 3314 2555 συνειστήκει,
3346 2483 3679 2554 καθαιρεθὲν

2091 2566 2148 2620 δὲ
2190 2569 2284 2622 καὶ
2321 2568 2509 2642 ὥσπερ
2554 2571 2761 2624 πτῶσιν
2796 2572 3065 2638 πεπονθὸς
3113 2576 3243 2647 παρ’
3285 2576 3464 2640 αὐτοῖς
3499 2593 3678 2646 μετα-

2092 2659 2350 2731 ϐέϐληται
2381 2662 2475 2715 ἐπὶ
2505 2662 2604 2734 τὴν
2635 2663 2695 2729 ἐξ
2735 2662 2905 2718 ἐθνῶν
2949 2667 3295 2738 Ἐκκλησίαν,
3334 2668 3405 2721 τά
3449 2669 3681 2741 προκεξο

2095 2769 2228 2822 μενα
2258 2752 2523 2817 θεσπίζει.
2553 2753 2763 2809 Οὐκοῦν
2792 2757 2885 2809 καὶ
2911 2756 2978 2810 τὰ
3014 2757 3116 2829 όρη
3137 2757 3213 2822 ὡς
3239 2758 3429 2828 λογικὰ
3460 2760 3680 2830 χαίρειν

2089 2841 2184 2896 καὶ
2222 2841 2485 2913 άγαλλιᾷν
2515 2844 2608 2896 ἐπὶ
2647 2846 2714 2915 τῇ
2747 2844 2856 2899 τῶν
2891 2844 3190 2917 ἀνθρώπων
3222 2848 3466 2920 σωτηρίᾳ
3498 2866 3678 2921 προσ-

2088 2936 2359 2988 τάττεται.
2409 2932 2533 2989 Εἶεν
2564 2935 2610 2989 δ’
2643 2935 2710 2990 ἂν
2756 2937 2854 3010 ὅρη
2905 2937 3095 3010 ψυχαὶ,
3141 2940 3234 2994 ἐπὶ
3284 2941 3387 3011 γῆς
3439 2940 3538 3011 μὲν
3587 2941 3679 3000 ἔτι

2091 3026 2325 3098 βιοῦσαι,
2365 3029 2570 3102 σφόδρα
2598 3028 2655 3082 δὲ
2684 3032 2763 3094 είς
2794 3030 2926 3101 ὕψος
2962 3032 3268 3104 ἐπηρμέναι
3310 3032 3401 3087 διὰ
3424 3035 3523 3105 τῆς
3559 3036 3679 3094 τῶν

2089 3117 2300 3190 ἀρετῶν
2327 3118 2747 3191 κατορθώσεωςο
2771 3120 2803 3192 ἢ
2830 3122 2924 3174 καὶ
2950 3120 3087 3176 Θεῖαι
3121 3124 3216 3176 καὶ
3241 3124 3487 3196 οὐράνιαι
3516 3125 3681 3182 δυνά-

2098 3227 2236 3282 μεις,
2262 3205 2351 3275 αἶς
2374 3210 2757 3283 εὐφραίνεσθαι
2786 3212 3217 3284 παρακελεύεται

2168 3415 2188 3449 ι
2237 3396 2366 3452 Ἰδοὺ
2407 3391 2551 3452 οὗτοι
2588 3397 2866 3470 πόρρωθεν
2896 3397 3131 3470 ἥξουσιν,
3170 3392 3315 3454 οὗτοι
3348 3399 3455 3453 ἀπὸ
3486 3399 3678 3470 Βορῤᾶ

2092 3488 2187 3542 καὶ
2222 3487 2515 3561 θαλάσσης,
2562 3489 2710 3543 ἄλλοι
2742 3490 2799 3543 δὲ
2837 3491 2901 3544 ὲκ
2929 3492 3033 3561 γῆς
3067 3490 3308 3564 Περσῶν.
3360 3510 3378 3544 ι
3422 3491 3578 3555 Τίνες
3613 3492 3677 3545 δὲ

2091 3577 2230 3653 ἦσαν
2259 3575 2404 3636 οὗτοι
2440 3581 2555 3637 ἀλλ’
2587 3581 2620 3654 ἢ
2658 3584 2706 3636 οί
2742 3582 3208 3655 προδηλωθέντες,
3242 3582 3439 3655 δηλαδὴ
3468 3584 3517 3636 oi
3559 3583 3678 3636 άπὸ

2091 3670 2201 3726 τῶν
2224 3672 2504 3744 τεσσάρων
2531 3672 2811 3744 κλιμάτων
2842 3673 2937 3727 τοῦ
2967 3673 3166 3738 παντὸς
3197 3673 3635 3745 ἀνακεκλημένοι
3658 3688 3677 3740 ;

2169 3823 2189 3857 ι
2224 3805 2611 3878 Εὐφραίνεσθε,
2657 3810 2909 3881 οὐρανοὶ,
2957 3810 3053 3866 καὶ
3099 3811 3447 3881 ἀγαλλιάσθω
3486 3814 3520 3884 ἡ
3570 3814 3677 3885 γῆ,

2095 3895 2410 3966 ρηξάτωσαν
2451 3899 2518 3954 τὰ
2555 3900 2656 3975 ὅρη
2698 3902 3053 3977 εὐφροσύνην,
3087 3904 3168 3959 ὅτι
3207 3904 3437 3980 ἠλέησεν
3478 3906 3508 3960 ὁ
3536 3904 3679 3973 Θεὸς

2093 3987 2183 4045 τὸν
2209 3989 2334 4043 λαὸν
2362 3992 2548 4057 αὐτοῦ,
2587 3996 2680 4048 κα.)⁵
2717 3998 2845 4061 τοὺς
2889 3999 3176 4063 ταπεινοὺς
3205 3999 3300 4053 τοῦ
3333 4000 3464 4054 λαοῦ
3501 4001 3677 4055 αὑτοῦ

2093 4082 2486 4154 παρεκάλεσεν.
2526 4104 2545 4138 ι
2584 4086 2722 4140 Οὔτε
2750 4087 2859 4160 γάρ
2886 4088 3112 4144 δυνατὸν
3139 4090 3309 4163 λήθην
3340 4093 3678 4164 ποιήσασθαι

2093 4173 2183 4227 τὸν
2210 4175 2342 4230 Θεὸν
2369 4176 2462 4230 τοῦ
2503 4180 2560 4232 ὲν
2596 4179 2842 4258 οὐρανοῖς
2885 4181 3280 4254 πολιτεύματος
3302 4200 3317 4215 ο
3358 4186 3451 4240 καὶ
3486 4202 3679 4258 παρα-

2087 4265 2352 4339 ρείγματι
2402 4268 2665 4342 κέχρηται
2712 4253 2957 4344 ῴυσικῷο
3000 4274 3088 4338 Ὠς
3122 4274 3230 4349 γάρ
3261 4276 3521 4331 ἀδύνατον
3560 4253 3677 4351 μη-

2092 4355 2225 4427 τέρα
2253 4357 2346 4410 τοῦ
2378 4358 2506 4412 ἰδίου
2538 4361 2729 4415 τέκνου
2759 4362 2963 4429 λαθεῖν,
3002 4366 3093 4419 καὶ
3124 4366 3201 4430 ὡς
3229 4367 3289 4420 οὐ
3332 4368 3555 4422 δυνατὸν
3595 4370 3677 4441 μὴ

2093 4447 2308 4519 ὲλεῆσαι
2334 4450 2433 4522 τήν
2459 4455 2796 4525 γεννήσασαν
2822 4457 2893 4510 τὰ
2918 4458 3082 4513 τέκνα
3113 4458 3283 4530 αὐτῆς
3313 4459 3415 4530 τῆς
3437 4459 3673 4526 κοιλίαςο

419 4530 512 4597 qui
561 4532 911 4590 rationabiles
945 4535 1223 4592 hominum
1279 4538 1492 4596 animas
1536 4558 1634 4612 pro
1684 4544 1810 4600 ﬁliis
1854 4525 1987 4604 meis

2099 4539 2265 4605 οὕτως
2293 4544 2437 4614 κάμὲ
2468 4545 2568 4610 τὰς
2600 4549 2658 4600 ὲν
2691 4548 2996 4620 ἀνθρώποις
3024 4525 3250 4621 λογικὰς
3274 4525 3452 4625 φυγὰς
3478 4554 3676 4629 ὥσπερ

415 4622 695 4688 constitui,
738 4625 841 4693 pia:
897 4626 1172 4697 religionis
1221 4631 1528 4687 institutum
1578 4636 1633 4690 in
1679 4637 1988 4695 hominibus

415 4713 718 4770 stabilitum
749 4718 1066 4774 obliviscar.
1102 4720 1281 4788 Quare
1316 4725 1428 4779 ait:

487 4849 656 4908 Vens.
712 4852 814 4921 14,
874 4854 961 4909 15.
1033 4874 1053 4908 ο
1106 4856 1250 4912 Dixit
1302 4857 1472 4925 Sion,
1545 4859 1842 4933 Dereliquit
1901 4881 1986 4920 me

417 4933 715 5006 Dominus,
763 4948 818 4994 et
872 4939 1131 4997 Dominus
1171 4943 1371 5003 oblitus
1413 4958 1499 5003 est
1550 4953 1676 5004 mei.
1716 4951 1986 5023 Numquid

413 5027 772 5084 obliviscetur
834 5033 1029 5087 mulier
1082 5034 1177 5089 lilii
1237 5038 1340 5103 sui,
1381 5047 1439 5094 ιιι
1500 5057 1606 5095 ιιοιι
1669 5044 1988 5099 misereatur

414 5128 606 5187 partus
631 5121 771 5176 uteri
802 5123 931 5177 sui?
960 5124 1182 5181 Etiamsi
1202 5138 1382 5181 autem
1413 5129 1604 5184 borum
1631 5132 1794 5186 oblita
1823 5133 1989 5189 fuerit

418 5211 647 5275 mulier,
684 5226 785 5283 ego
810 5221 989 5269 tamen
1032 5217 1108 5272 tui
1145 5234 1249 5272 non
1277 5220 1592 5285 obliviscar,
1627 5223 1760 5277 dicit
1806 5225 1987 5279 Ποιιιίο

415 5316 586 5355 Ilus.»
623 5304 789 5369 Queis
844 5317 1030 5373 aperte
1088 5311 1356 5381 signiﬁcat
1413 5326 1596 5365 veram
1647 5313 1774 5369 Sion
1819 5315 1987 5370 ruina:

412 5399 472 5441 et
504 5393 671 5446 exitio
702 5394 988 5450 obnoxiam
1023 5413 1130 5452 non
1178 5415 1323 5465 esse,
1369 5400 1463 5455 sed
1511 5418 1727 5472 semper
1764 5419 1988 5460 manere

412 5489 474 5534 et
540 5485 857 5541 consistere.
925 5487 1111 5560 itaque
1168 5492 1212 5545 si
1266 5493 1389 5562 quis
1441 5508 1559 5547 eam
1626 5497 1987 5565 contemplari

413 5574 717 5643 cupiat,ue
752 5578 998 5634 deorsum
1032 5583 1324 5653 respiciat,
1373 5600 1548 5655 neque
1596 5585 1738 5642 illam
1789 5588 1842 5643 in
1883 5589 1984 5644 Pa-

487 5774 541 5807 "
575 5775 695 5832 Cal.
736 5793 811 5845 1v,
836 5780 926 5836 ‘26.
1006 5785 1048 5817 ³³
1082 5785 1243 5843 ilcbr.
1278 5803 1372 5855 xu,
1406 5790 1493 5846 22.

2090 4630 2258 4686 τέκνα
2280 4635 2703 4706 συστησάμενον,
2736 4639 2993 4705 ἀδύνατόν
3021 4643 3169 4697 ἐστιν
3192 4644 3541 4699 ἐπιλαθέσθαι
3570 4647 3675 4701 τοῦ

2091 4725 2149 4777 ἐν
2182 4724 2486 4798 ἀνθρώποις
2513 4728 2794 4794 θεοσεϐοῦς
2827 4734 3233 4807 πολιτεύματος,
3271 4737 3361 4792 Διό
3395 4754 3596 4810 φησιν·

2166 4878 2185 4910 ι
2222 4853 2356 4912 Εἶπε
2390 4860 2547 4926 Σιὼν,
2587 4863 2942 4933 Ἐγκατέλιπέ
2965 4886 3030 4938 με
3063 4869 3283 4940 Κύριος,
3308 4872 3403 4924 καὶ
3425 4872 3528 4934 ὅτι,
3554 4873 3677 4927 Κύ-

2092 4969 2207 5024 ριος
2234 4953 2524 5008 ὲπελέιθετό
2554 4973 2675 5026 μου.
2708 4958 2797 5029 Μὴ
2825 4960 3138 5032 ἐπιλήσεται
3163 4962 3298 5034 γυνὴ
3322 4962 3417 5017 τοῦ
3449 4964 3671 5020 παιδίου

2090 5045 2278 5116 αὐτῆς,
2314 5045 2347 5116 ἢ
2377 5045 2471 5098 τοῦ
2510 5046 2586 5118 μὴ
2620 5047 2838 5120 ἐλεῆσαι
2868 5050 2937 5103 τὰ
2968 5051 3165 5121 ἔκγονα
3193 5054 3292 5124 τῆς
3324 5055 3530 5119 κοιλίας
3563 5058 3670 5111 αὖ·

2088 5136 2223 5205 τῆς;
2251 5136 2312 5188 Εἰ
2335 5136 2391 5190 δὲ
2422 5138 2515 5191 καὶ¹
2540 5137 2712 5192 ταῦτα
2741 5139 3048 5195 ἐπιλάθοιτο
3085 5143 3242 5214 γυνὴ,
3276 5144 3391 5197 ἀλλ’
3421 5143 3533 5213 ἐγὼ
3563 5146 3670 5199 οὐκ

2092 5226 2420 5298 ἐπιλήσομαί
2449 5244 2563 5290 σου,
2588 5224 2709 5280 εἷπε
2726 5230 2948 5300 Κύριος.
2981 5251 2999 5284 ι
3036 5234 3115 5286 Δι’
3141 5227 3215 5287 ὧν
3248 5233 3507 5307 ἄντικρυς
3521 5251 3670 5307 παρ-

2095 5315 2270 5389 ίστησι
2318 5319 2418 5391 τὴν
2458 5317 2717 5391 ἀληθινὴν
2755 5319 2895 5376 Σιὼν
2940 5323 3188 5379 ἄπτωτον
3219 5322 3358 5380 εἶναι
3404 5328 3499 5381 καὶ
3529 5328 3670 5382 ἀκα-

2095 5407 2361 5481 θαίρετον,
2392 5409 2478 5462 ἀεὶ
2510 5411 2774 5481 μένουσαν
2817 5413 2912 5467 καὶ
2942 5413 3030 5469 διὰ
3060 5418 3260 5481 παντὸς
3298 5420 3665 5475 συνεστῶσαν.

2098 5501 2261 5554 an“:
2295 5501 2349 5554 εἴ
2378 5519 2458 5565 τις
2504 5502 2562 5555 ὲν
2606 5499 2806 5575 Θεωρία
2854 5505 3025 5577 αὐτῆς
3070 5508 3319 5576 γενέσθαι
3360 5509 3535 5575 ποθεῖ,
3590 5511 3664 5582 μὴ

2095 5592 2244 5648 κάτω
2272 5592 2701 5667 περιϐλεπέσθω,
2741 5595 2859 5665 μηδ’
2889 5598 2982 5653 ἐπὶ
3013 5598 3110 5673 τῆς
3142 5601 3515 5657 Παλαιστίνων
3559 5601 3667 5673 χώε-
3784 5629 3789 5634 ι
