3880 6216
241 319 350 377 437

1129 319 1636 378 COMMENTARIA
1675 319 1744 376 ΙΝ
1783 319 2042 378 ιεΑιΑΜ.
2099 352 2152 362 —
2193 321 2345 378 CAP.
2388 321 2574 379 XLIX.

3391 323 3494 380 ηε

244 453 347 507 ρας
375 433 546 506 αὐτὴν
577 432 947 505 άναζητείτωο
982 433 1228 489 ἀκουέτω
1258 436 1315 489 δὲ
1341 435 1435 489 τοῦ
1463 434 1599 488 Θεοῦ
1639 435 1826 505 λέγον-

1938 439 2261 494 laestinorum
2302 437 2520 507 regione
2566 435 2882 507 perquirat;
2933 433 3026 490 sed
3079 433 3271 489 audiat
3326 433 3496 491 Deum

240 543 336 591 Ιτος
357 528 524 598 αὐτῇ·

208 681 214 692 ⁸
319 639 340 670 ι
392 619 522 672 Ἰδοὺ
548 619 641 672 ἐπὶ
681 617 790 672 τῶν
825 618 1023 690 χειρῶν
1072 636 1174 690 μου
1217 619 1588 692 ἐζωγράφησά
1617 637 1710 672 σου
1757 635 1827 672 τα

239 711 423 780 τείχη,
462 720 557 763 καὶ
586 709 818 762 ἐνώπιόν
857 727 959 781 μου
993 706 1043 763 εί
1070 711 1156 764 διὰ
1187 713 1408 775 παντός.
1448 732 1465 764 ι
1499 715 1690 785 Χείρες
1717 710 1826 783 γὰρ

240 805 322 867 ὼς
361 803 579 874 ἀληθῶς
627 801 762 855 Θεοῦ
812 804 912 874 τὴν
957 803 1212 876 τοιαύτην
1254 805 1595 877 οἰκοδομοῦσι
1649 805 1822 871 πόλιν,

242 895 453 967 μᾶλλον
492 894 552 947 δὲ
597 893 945 948 διατυποῦσιν
978 893 1147 966 αὐτὴν
1195 896 1290 948 καὶ
1334 896 1823 968 διαζωγράφουσιν,

238 987 436 1056 ῶσπερ
460 987 518 1039 ὲν
551 985 774 1048 πίνακος
804 989 1009 1057 γραφῇ,
1046 988 1141 1040 καὶ
1171 986 1588 1059 διαχαράττουσι
1612 987 1709 1059 τὴν
1737 987 1828 1041 θέ-

241 1098 335 1133 σιν
363 1081 458 1134 καὶ
485 1079 611 1142 τοὺς
637 1081 834 1143 τόπους
856 1079 958 1149 τῆς
986 1078 1128 1132 κατὰ
1149 1079 1285 1132 Θεοῦ
1314 1080 1588 1144 πολιτείας
1625 1081 1682 1133 ἐν
1707 1082 1827 1144 ταῖς

242 1172 356 1226 τῶν
389 1170 693 1243 ἀνθρώπων
718 1171 918 1240 ψυχαῖς
952 1169 1313 1242 συνεστώσης.
1347 1173 1414 1224 ’Ὀ
1452 1173 1516 1243 δὴ
1547 1172 1639 1224 καὶ
1667 1171 1828 1235 αύτὺς

241 1265 347 1332 τῆς
398 1263 593 1316 ἐαυτοῦ
637 1263 843 1326 πόλεως
886 1263 1197 1334 οἰκοδόμος,
1235 1263 1436 1334 δηλαδὴ
1485 1265 1514 1316 ὁ
1553 1263 1647 1318 τοῦ
1691 1262 1826 1317 Θεοῦ

243 1357 440 1424 Λόγος,
481 1355 746 1418 ἐδίδασκε,
777 1355 971 1423 λέγων,
1009 1373 1027 1407 ι
1083 1355 1206 1408 Ἐπὶ
1235 1356 1334 1426 τὴν
1373 1355 1580 1427 πέτραν
1622 1355 1826 1410 οἰκοδο-

245 1449 411 1519 μήσω
444 1464 545 1518 μου
578 1447 677 1518 τὴν
718 1447 1065 1518 Ἐκκλησίαν,
1097 1448 1192 1500 καὶ
1224 1447 1390 1501 πύλαι
1423 1447 1551 1520 ᾅδου
1581 1447 1642 1500 ού
1693 1465 1828 1500 κατ-

242 1538 472 1610 ισχύσου
480 1555 564 1591 σιν
590 1538 777 1608 αὐτῆς.
793 1557 811 1590 ι

322 1648 344 1680 ι
384 1630 494 1682 Καὶ
522 1629 658 1699 ταχὺ
687 1629 1089 1702 οἰκοδομηθήσῃ
1129 1631 1219 1701 ὑφ’
1251 1625 1328 1685 ὧν
1369 1631 1702 1704 καθῃρέθης,
1734 1631 1828 1686 καὶ

1923 533 2006 587 sic
2041 548 2158 584 eam
2193 531 2554 599 alloquentem
2599 547 2612 582 :

1996 618 2160 672 Vens.
2196 617 2283 672 16.
2315 635 2334 669 ι
2367 617 2504 672 Ecce
2541 631 2702 684 super
2727 631 2916 670 manus
2948 631 3096 672 meas
3131 618 3348 688 depinxi
3378 635 3498 675 mu-

1926 729 2019 769 ros
2055 723 2192 777 tuos,
2242 722 2298 768 et
2346 713 2400 766 in
2453 721 2744 780 conspectu
2794 726 2912 766 meo
2946 727 3004 767 es
3034 727 3267 781 semper.
3299 731 3320 766 ι
3358 711 3494 768 Nam

1926 821 2119 860 manus
2152 805 2246 859 Dei
2273 818 2459 860 revera
2490 801 2794 871 hujusmodi
2829 805 3014 858 urbem
3053 804 3338 866 aediﬁcant,
3387 805 3496 859 imo

1925 897 2105 968 potius
2157 895 2330 966 ipsam
2384 893 2656 950 delineant
2713 903 2769 948 et
2831 894 3166 964 depingunt,
3220 896 3373 964 quasi
3440 896 3497 950 in

1928 987 2124 1043 tabella
2161 1002 2281 1057 quae
2312 986 2642 1056 depingitur,
2693 1000 2757 1040 ac
2787 985 2954 1040 divini
2991 985 3223 1040 instituti
3271 987 3324 1040 in
3381 987 3498 1040 ani-

1929 1081 2121 1134 mabus
2148 1079 2428 1133 hominum
2459 1077 2680 1133 stabiliti
2723 1076 3046 1147 positionem
3082 1085 3137 1130 et
3162 1075 3299 1141 loca,
3329 1076 3499 1130 liuea-

1929 1171 2130 1226 mentis
2156 1171 2460 1240 designant.
2497 1169 2653 1236 Quod
2684 1170 2848 1223 etiam
2884 1169 2997 1238 ipse
3019 1183 3238 1237 quoque
3262 1169 3498 1224 civitatis

1929 1261 2183 1318 fundator
2219 1273 2274 1316 et
2300 1261 2505 1330 Opil'ex,
2558 1261 2808 1315 videlicet
2857 1260 2952 1316 Dei
3009 1259 3267 1324 Verbum,
3317 1259 3502 1315 docuit

1928 1355 2016 1410 his
2069 1354 2282 1420 verbis,
2321 1354 2544 1425 «Supra
2597 1362 2805 1424 petram
2859 1351 3137 1407 aediﬁcabo
3198 1350 3498 1407 Ecclesiam

1928 1462 2141 1512 meam,
2178 1456 2232 1502 et
2263 1457 2432 1518 porta:
2461 1446 2620 1502 inferi
2675 1460 2782 1502 non
2821 1445 3192 1516 praevalebunt
3240 1445 3501 1502 adversus

1927 1553 2047 1593 eam
2075 1539 2140 1592 “.
2170 1557 2188 1591 ι

2005 1629 2168 1685 Vens.
2228 1630 2316 1685 17.
2366 1629 2638 1700 ιϐἰιοηυε
2679 1628 3052 1694 aediﬁcaberis,
3087 1643 3118 1683 a
3163 1628 3359 1699 quibus
3406 1629 3503 1684 de-

242 1719 296 1773 οι
342 1718 730 1790 ἐρημώσαντές
777 1735 836 1771 σε
881 1721 1254 1787 ἐξελεύσονται
1302 1723 1367 1776 ἐκ
1401 1721 1517 1776 σοῦ.
1562 1742 1582 1776 ι
1619 1723 1828 1794 ’Ὠσπερ

1938 1730 2132 1778 structa
2153 1739 2232 1790 es,
2251 1733 2305 1779 et
2322 1723 2411 1792 qui
2433 1733 2484 1778 te
2509 1722 2909 1784 desolaverunt,
2935 1721 3357 1792 egredienturex
3389 1730 3497 1777 te.»

240 1785 389 1881 γάρ-
426 1785 668 1864 ίίουδαϊοι
723 1811 822 1881 τῆς
879 1785 1250 1884 καθαιρέσεως
1308 1811 1476 1883 αὐτῆς
1539 1785 1826 1880 γεγόνασιν

1938 1785 2394 1883 Quemadmodum
2439 1816 2580 1871 enim
2621 1813 2789 1869 Judaei
2835 1785 2995 1882 hujus
3028 1813 3222 1868 excidii
3251 1821 3501 1868 auctores

241 1900 434 1961 αἴτιοι,
466 1899 608 1970 οὕτω
634 1900 796 1953 πάλιν
823 1901 882 1968 ἐξ
914 1901 1081 1971 αὐτῆς
1109 1897 1248 1972 ἦσαν
1277 1901 1325 1953 οἱ
1355 1900 1456 1970 τῆς
1481 1899 1606 1963 νέας
1627 1899 1828 1954 οἰκοδο-

245 1991 358 2062 μῆς
381 1993 630 2062 ἐργάται’
657 1993 942 2046 ἀπόστολοι
963 1993 1204 2064 δηλονότι
1237 1991 1331 2045 τοῦ
1367 1994 1619 2064 Σωτῆρος
1648 1993 1680 2062 ἡ
1689 1991 1824 2063 μῶν,

245 2083 492 2154 μαθηταί
535 2099 597 2136 τε
634 2083 731 2136 καὶ
773 2083 1176 2152 εὐαγγελισταὶ,
1211 2082 1280 2136 δι’
1326 2075 1401 2135 ῶν
1445 2083 1478 2154 ή
1535 2081 1828 2153 Ἐκκλησία

237 2174 341 2229 τοῦ
368 2174 506 2228 Θεοῦ
529 2176 764 2247 ἀνεγήγε
775 2193 915 2246 ρται.

322 2284 342 2316 ι
385 2261 557 2336 Ἀρον
592 2267 776 2337 κύκλῳ
809 2268 934 2330 τοὺς
962 2266 1274 2339 ὀφθαλμούς
1305 2285 1421 2334 σου,
1449 2270 1542 2322 καὶ
1578 2269 1653 2322 ἴδε
1695 2269 1829 2323 πάν-

241 2375 342 2420 τας
360 2374 375 2386 ·
414 2357 523 2410 ἰδοὺ
555 2357 901 2430 συνήχθησαν
927 2361 1021 2412 καὶ
1052 2359 1284 2430 ἦλθοσαν
1312 2359 1447 2429 πρὸς
1473 2359 1551 2413 σέ.
1581 2359 1667 2413 Ζῶ
1696 2359 1826 2429 ἐγὼ,

241 2451 395 2519 λέγει
431 2451 654 2523 Κύριος,
691 2454 773 2506 ὅτι
806 2453 1017 2517 πάντας
1050 2454 1246 2518 αὐτοὺς
1273 2453 1350 2517 ὡς
1377 2454 1580 2526 κόσμον
1613 2455 1827 2526 ἐνδύσῃ,

241 2545 342 2597 καὶ
394 2543 713 2614 περιθήσεις
768 2545 964 2608 αὐτοὺς
1007 2545 1082 2608 ὡς
1124 2546 1327 2615 κόσμον
1376 2546 1595 2618 νύμφῃ·
1647 2548 1725 2600 ὅτι
1762 2545 1832 2600 τὰ

241 2631 433 2703 ἔρημά
467 2648 594 2697 σου,
631 2634 725 2686 καὶ
758 2634 828 2687 τὰ
873 2635 1301 2706 κατεφθαρμένα
1339 2636 1432 2690 καὶ
1482 2638 1827 2702 πεπτωκότα,

239 2724 326 2778 δτι
372 2723 469 2778 νῦν
515 2730 908 2799 στενοχωρήσει
952 2728 1059 2782 ἀπὸ
1106 2728 1214 2781 τῶν
1268 2728 1686 2793 κατοικούντων,
1738 2731 1832 2784 καὶ

246 2818 728 2890 μακρυνθήσονται
786 2821 894 2874 ἀπὸ
960 2820 1054 2874 σοῦ
1111 2822 1162 2875 οἱ
1224 2821 1612 2885 καταπίνοντές
1669 2839 1748 2875 σε.
1807 2842 1825 2874 ι

241 2909 540 2979 Θαυμάσαι
578 2910 636 2964 δὲ
663 2912 999 2976 ἐστιν,ὅπως
1045 2913 1182 2984 πρὸς
1217 2916 1285 2984 τῇ
1313 2912 1520 2984 διανοίᾳ
1559 2915 1650 2966 καὶ
1695 2913 1833 2967 κατὰ

241 2999 342 3070 τὴν
377 3003 616 3075 ἱστορίαν
640 3004 668 3056 ὁ
699 3005 856 3072 λόγος
886 3003 1186 3076 ἐπληροῦτο
1215 3004 1306 3058 τοῦ
1334 3005 1533 3069 παντὸς
1566 3005 1830 3059 Ἰουδαίων

243 3091 456 3157 ἔθνους,
485 3094 623 3166 μετὰ
646 3097 745 3168 τὴν
781 3095 1034 3150 σύστασιν
1066 3097 1164 3166 τῆς
1195 3097 1254 3161 ἐξ
1292 3096 1461 3150 ἐθνῶν
1505 3097 1831 3168 Ἐκκλησίας
1856 3131 1898 3189 C

242 3185 589 3256 ἀποϐλήτους
636 3189 958 3258 γενομένους
1004 3188 1106 3258 τῆς
1155 3187 1418 3259 αἰσθητῆς
1468 3188 1678 3252 πόλεως
1731 3191 1829 3261 τῆς

243 3277 389 3330 κατὰ
429 3277 796 3350 Παλαιστίνην
825 3279 1102 3350 κειμένης,
1140 3279 1277 3350 πρὸς
1313 3279 1376 3332 τὸ
1406 3279 1500 3333 καὶ
1526 3279 1619 3332 τοῦ
1646 3279 1829 3333 θεοσε-

245 3365 378 3430 ϐοῦς
404 3368 796 3441 πολιτεύματος
823 3371 1090 3423 ἐκπεσεῖν.

323 3477 341 3508 α
385 3456 602 3529 Ἐροῦσι
633 3459 741 3531 γὰρ
766 3463 846 3524 είς
870 3459 940 3512 τὰ
961 3454 1078 3513 ὦτά
1107 3477 1200 3513 σου
1231 3462 1276 3513 οἱ
1303 3460 1410 3514 υἱοί
1437 3478 1550 3527 σου,
1576 3461 1668 3525 οὓς
1695 3463 1830 3516 ἁπο-

242 3549 525 3614 λὼλεκας·
577 3553 770 3617 Στενός
821 3571 910 3622 μοι
955 3555 983 3606 ὁ
1021 3553 1218 3616 τόπος·
1257 3553 1480 3624 ποίησόν
1526 3571 1614 3625 μοι
1644 3555 1828 3620 τόπον,

245 3641 338 3695 ἴνα
376 3629 709 3714 κατοικησω.
761 3644 869 3696 Καὶ
919 3645 1064 3716 ἐρεῖς
1103 3647 1160 3696 ἐν
1209 3647 1274 3715 τῇ
1329 3645 1522 3717 καρδίᾳ
1569 3662 1682 3698 σου’
1737 3647 1832 3710 Τίς

243 3732 510 3804 ἐγέννησε
553 3751 642 3804 μοι
681 3735 937 3801 τούτους-;
991 3735 1130 3805 Ἐγὼ
1162 3737 1219 3790 δὲ
1261 3737 1482 3801 ἄτεκνος
1530 3738 1621 3790 καὶ
1663 3740 1827 3810 χήρα”

242 3825 474 3888 τούτους
523 3826 580 3880 δὲ
627 3827 710 3890 τίς
744 3827 1000 3899 ἐξέθρεψέ
1052 3847 1170 3900 μοι;
1221 3827 1332 3897 ἐγὼ
1368 3828 1426 3882 δὲ
1470 3829 1830 3902 κατελείφθην

247 3916 412 3986 μόνη,
444 3911 587 3970 οὗτοι
623 3916 680 3970 δέ
724 3935 813 3988 μοι
857 3917 962 3971 ποῦ
994 3914 1170 3989 ἦσαν;
1202 3938 1220 3970 ι
1265 3919 1372 3972 Τοῦ
1417 3921 1481 3972 ἐκ
1526 3921 1832 3991 περιτομῆς

244 4007 380 4059 λαοῦ
421 4009 483 4061 τὸ
512 4007 643 4060 πολὺ
676 4008 876 4079 πλῆθος
906 4011 1004 4081 τῆς
1060 4010 1385 4080 Ἐκκλησίας
1426 4010 1548 4065 καθ’
1579 4011 1706 4082 ὅλης
1730 4010 1831 4081 τῆς

248 4099 576 4170 οἰκουμένης
637 4100 699 4164 ἐξ
767 4102 1020 4155 ἁπάντων
1091 4102 1576 4175 ἀντεισαχθὴσεται
1639 4103 1825 4158 ἐθνῶν.

245 4186 432 4244 Ἶισαν
462 4192 572 4262 γάρ
607 4209 735 4245 ποτε
767 4195 824 4245 ἐν
851 4192 1095 4264 ἀπωλείᾳ
1119 4195 1168 4246 οἱ
1201 4195 1290 4248 διὰ
1322 4195 1420 4267 τῆς
1444 4195 1712 4266 σωτηρίου
1741 4195 1832 4266 χά-

247 4301 400 4356 ριτος
449 4287 517 4354 τῇ
575 4285 820 4356 πολιτείᾳ
866 4286 962 4339 τοῦ
1023 4275 1158 4339 Θεοῦ
1210 4287 1677 4359 προσδραμόντεςο
1736 4287 1831 4351 οὓς

243 4377 488 4449 ὁρῶσαή
545 4377 839 4448 Ἐκκλησία
875 4376 969 4430 τοῦ
1003 4377 1138 4432 Θεοῦ
1163 4379 1543 4450 ἀποθαυμάσει
1574 4379 1826 4448 λέγουσα,

1931 1907 2082 1962 fuere
2107 1948 2122 1972 ,
2151 1907 2230 1962 sic
2269 1923 2484 1962 rursum
2521 1922 2587 1960 ex
2640 1905 2727 1960 illa
2778 1907 3096 1975 prodierunt
3132 1907 3254 1962 novi
3286 1905 3502 1961 aedificii

1930 2000 2168 2054 artiﬁces
2199 2019 2211 2054 :
2251 1999 2476 2070 apostoli
2503 1999 2751 2054 videlicet
2774 1991 3073 2054 Salvatoris
3103 1998 3308 2062 nostri,
3338 1997 3504 2052 disci-

1930 2092 2040 2161 puli
2093 2101 2148 2146 et
2201 2091 2569 2162 evangelistae,
2605 2105 2838 2161 quorum
2891 2103 3056 2159 opera
3108 2087 3351 2144 Ecclesia
3401 2087 3500 2143 Dei

1929 2185 2163 2241 excitata
2193 2183 2314 2237 fuit.

2001 2277 2164 2331 Vens.
2213 2275 2300 2340 l8,
2356 2274 2441 2331 l9.
2478 2294 2496 2327 ι
2526 2273 2669 2330 Leva
2706 2274 2756 2329 in
2780 2274 3009 2330 circuitu
3049 2273 3236 2330 oculos
3267 2280 3404 2337 tuos,
3443 2280 3504 2328 et

1929 2366 2051 2421 vide
2080 2381 2271 2419 omnes
2298 2384 2310 2420 :
2339 2381 2466 2419 ecce
2515 2365 2825 2434 congregati
2848 2373 3010 2430 sunt,
3041 2372 3095 2418 et
3133 2370 3396 2417 venerunt
3430 2362 3501 2415 ad

1932 2469 2002 2513 te.
2041 2456 2176 2512 Vivo
2197 2473 2315 2528 ego,
2343 2458 2472 2511 dicit
2494 2456 2771 2522 Dominus,
2803 2455 3052 2525 quoniam
3083 2455 3337 2509 omnibus
3371 2453 3497 2517 illis,

1933 2559 2204 2618 tamquam
2231 2555 2570 2614 ornamento,
2601 2547 2861 2612 indueris,
2895 2557 2951 2600 et
2975 2546 3351 2613 circumpones
3380 2543 3502 2598 illos

1932 2651 2204 2708 tamquam
2239 2649 2488 2693 ornatum
2539 2651 2750 2706 Sponsa:
2781 2654 2795 2691 :
2830 2637 3085 2706 quoniam
3134 2635 3349 2688 deserta
3405 2643 3500 2688 tua

1928 2737 1986 2782 et
2010 2727 2269 2798 dissipata
2303 2739 2411 2791 tua,
2447 2736 2502 2782 et
2523 2742 2639 2795 quae
2661 2727 2993 2791 ceciderunt,
3021 2740 3161 2780 nunc
3186 2724 3500 2796 angustiora

1930 2818 2062 2873 ﬁent
2093 2834 2203 2888 prze
2237 2817 2657 2882 habitatoribus,
2713 2826 2767 2871 et
2814 2815 2970 2886 longe
3021 2816 3347 2870 arcebuntur
3378 2830 3406 2868 a
3445 2824 3500 2870 te

1930 2911 2019 2979 qui
2047 2911 2336 2964 absorbent
2370 2918 2443 2963 te.
2470 2928 2489 2962 ι
2525 2908 2707 2962 Mirari
2727 2908 2870 2961 subit
2905 2922 3012 2976 quo
3036 2915 3192 2977 pacto
3215 2907 3358 2971 bare,
3384 2915 3495 2960 tum

1931 3005 2105 3074 quoad
2139 3002 2472 3072 spiritualem
2509 3000 2839 3070 intelligendi
2874 3001 3156 3064 rationem,
3187 3009 3294 3052 tum
3324 3003 3501 3068 quoad

1931 3092 2238 3158 historiam,
2271 3090 2538 3159 completa
2570 3090 2709 3155 sint;
2747 3103 2934 3157 nempe
2959 3103 3079 3142 cum
3099 3104 3229 3158 gens
3256 3086 3500 3150 .ludaica,

1933 3195 2055 3256 post
2083 3184 2360 3238 fundatam
2394 3181 2690 3236 Ecclesiam
2730 3195 2794 3235 ex
2827 3178 3100 3250 gentibus,
3142 3193 3172 3232 a
3201 3179 3386 3233 sensili
3413 3180 3503 3232 illa

1932 3277 2068 3332 urbe
2095 3276 2397 3331 Palaestinae
2428 3272 2650 3345 expulsa
2693 3282 2812 3339 est,
2853 3271 2997 3342 quod
3029 3285 3058 3324 a
3095 3271 3194 3341 pia:
3227 3270 3503 3339 religionis

1931 3371 2077 3425 cultu
2108 3369 2323 3438 delapsa
2363 3378 2528 3422 esset.

2003 3463 2167 3517 Vens.
2209 3461 2298 3526 20,
2346 3460 2436 3514 2|.
2495 3477 2514 3510 ι
2542 3458 2729 3512 Dicent
2759 3456 2902 3512 enim
2953 3456 3018 3510 ad
3069 3469 3229 3509 aures
3257 3464 3373 3508 tuas
3408 3454 3506 3508 ﬁlii

1933 3554 2033 3617 tui,
2073 3569 2207 3622 quos
2238 3550 2517 3620 perdidisti
2555 3569 2568 3604 :
2603 3551 2876 3618 Angustus
2917 3549 3046 3602 mihi
3079 3549 3228 3602 locus
3255 3557 3338 3601 est
3371 3561 3387 3599 :
3420 3546 3504 3601 fac

1932 3645 2062 3700 mihi
2093 3645 2292 3709 locum,
2325 3653 2384 3696 ut
2415 3642 2670 3697 habitem.
2693 3641 2760 3695 Et
2782 3643 2931 3695 dices
2957 3641 3008 3694 iu
3038 3641 3199 3694 corde
3227 3648 3350 3693 tuo:
3375 3638 3508 3706 Quis

1932 3738 2114 3807 genuit
2161 3737 2290 3790 mihi
2323 3735 2499 3790 istos?
2541 3744 2597 3788 at
2643 3749 2743 3804 ego
2781 3734 2983 3801 absque
3010 3732 3197 3786 liberis
3227 3740 3280 3786 et
3308 3731 3502 3785 vidua:

1933 3830 2030 3884 hos
2059 3839 2237 3884 autem
2277 3828 2400 3897 quis
2446 3826 2708 3881 enutrivit
2743 3826 2869 3878 mihi
2894 3825 2928 3894 ἳξ
2962 3825 3070 3895 Ego
3121 3832 3302 3877 autem
3343 3823 3521 3876 dorem

1931 3919 2058 3975 licta
2113 3936 2230 3974 sum
2265 3918 2428 3974 sola:
2463 3919 2515 3972 lti
2550 3933 2680 3972 vero
2733 3917 2820 3971 ubi
2875 3925 3032 3971 erant
3090 3915 3266 3970 mihi?
3296 3933 3314 3966 ι
3373 3913 3530 3970 Vice

1933 4014 2111 4084 populi
2143 4028 2210 4068 ex
2245 4011 2660 4066 circumcisione
2683 4050 2699 4072 ,
2736 4009 3029 4064 multitudo
3080 4022 3275 4078 magna
3334 4016 3506 4061 totum

1929 4122 2027 4177 per
2053 4105 2239 4160 orbem
2274 4105 2326 4158 in
2359 4104 2652 4158 Ecclesiam
2681 4117 2744 4156 ex
2777 4102 3033 4156 omnibus
3073 4100 3324 4170 gentibus
3350 4099 3509 4154 indu-

1933 4209 2109 4253 cetur.
2142 4197 2280 4252 Olim
2321 4197 2525 4266 quippe
2578 4195 2630 4248 in
2681 4194 2922 4264 pernicie
2975 4203 3135 4246 erant
3167 4193 3226 4256 ii,
3261 4192 3354 4262 qui
3413 4206 3510 4261 per

1932 4291 2222 4345 salutarem
2263 4289 2494 4358 gratiam
2528 4286 2594 4339 ad
2630 4287 2828 4340 divina
2877 4283 3154 4354 religionis
3199 4284 3502 4337 institutum

1931 4384 2287 4431 accurrerunt
2315 4394 2329 4430 :
2359 4375 2555 4445 quibus
2583 4374 2893 4443 conspectis
2940 4373 3179 4428 Ecclesia
3213 4372 3305 4426 Dei
3332 4372 3504 4425 admi-

249 4486 268 4516 σ
305 4467 404 4530 Τίς
428 4467 685 4538 ἐγέννησέ
711 4485 799 4538 μοι
825 4467 1044 4531 τούτους
1065 4485 1079 4533 ;
1107 4488 1126 4521 ι
1153 4471 1214 4522 τὸ
1238 4469 1385 4534 ξένον
1406 4472 1505 4541 τῆς
1529 4471 1636 4523 τῶν
1659 4469 1827 4523 ἐθνῶν

1938 4467 2175 4522 rabunda
2215 4466 2379 4530 dicet,
2415 4485 2433 4518 ι
2458 4466 2592 4532 Quis
2622 4465 2754 4519 mihi
2795 4467 2957 4519 hosce
2978 4463 3205 4533 genuit?
3233 4481 3251 4510 ι
3288 4462 3356 4514 ad
3407 4479 3506 4514 nu-

243 4551 496 4624 κλήσεως
527 4555 967 4628 ἐκπληττομένη·
989 4557 1326 4629 ¹ὁμολογήσει
1363 4576 1423 4612 τε
1460 4559 1558 4630 τὴν
1593 4560 1828 4631 ἐπισυμ-

243 4642 424 4700 ϐᾶσαν
460 4646 599 4718 αὐτῇ
630 4649 696 4701 ἐκ
727 4647 822 4700 τοῦ
866 4647 1132 4703 Ἰουδαίων
1163 4649 1348 4714 ἔθνους
1375 4651 1647 4705 ἀτεκνίαν.

323 4841 344 4874 ι
383 4823 572 4890 Οὕτως
609 4825 756 4894 λέγει
796 4827 998 4898 Κύριος
1039 4829 1242 4902 Κύριος
1265 4846 1278 4858 ·
1327 4830 1454 4884 Ἰδοὺ
1483 4829 1624 4902 αἴρω
1651 4831 1731 4893 είς
1757 4831 1827 4886 τὰ

243 4914 374 4989 ἔθνη
411 4918 512 4988 τὴν
543 4918 703 4989 χεῖρά
735 4937 858 4989 μου,
898 4920 991 4974 καὶ
1040 4923 1120 4985 είς
1165 4921 1264 4986 τὰς
1305 4923 1502 4993 νήσους
1535 4921 1652 4994 ἀρῶ
1695 4922 1825 4976 σύσ-

248 5011 426 5080 σημόν
461 5027 586 5081 μου,
616 5012 710 5064 καὶ
749 5011 934 5076 ἄξουσι
956 5015 1084 5077 τοὺς
1106 5013 1256 5078 υἱούς
1288 5031 1379 5068 σου
1407 5016 1464 5068 ἐν
1493 5015 1700 5086 κόλπῳ,
1729 5014 1828 5080 τὰς

246 5103 303 5155 δὲ
340 5102 648 5173 θυγατέρας
700 5120 792 5155 σου
849 5105 934 5157 ἐπ’
975 5103 1141 5176 ῶμων
1189 5106 1410 5177 ἀροῦσι·
1469 5127 1487 5158 ι
1539 5106 1825 5173 διδάσκων,

247 5196 329 5247 ὅτι
372 5194 524 5258 υἱοὺς
557 5195 728 5266 αὐτῆς
754 5197 846 5248 καὶ
888 5196 1210 5268 θυγατέρας,
1252 5201 1380 5269 περὶ
1420 5195 1494 5252 ὧν
1532 5194 1704 5266 εἶπεν,
1745 5201 1828 5253 ὅτι

253 5307 275 5342 ι
325 5283 491 5344 Οὗτοι
518 5289 576 5343 δέ
623 5307 711 5360 μοι
763 5290 865 5343 ποῦ
913 5287 1088 5362 ἦσανς
1136 5311 1154 5344 ι
1205 5293 1270 5344 ἐκ
1317 5290 1419 5361 τῆς
1455 5291 1685 5362 ἐκλογῆς
1720 5290 1828 5345 τῶν

248 5381 420 5448 ἐθνῶν
449 5383 587 5454 πρὸς
609 5382 777 5454 αὐτὴν
802 5383 1035 5450 συνάξει.
1067 5383 1224 5446 Τίνες
1259 5382 1314 5436 δὲ
1339 5382 1496 5436 τοῦτο
1526 5383 1825 5456 πράξωσιν,

247 5473 285 5546 ἢ
323 5475 547 5538 πάντως
583 5492 684 5528 που
710 5477 758 5528 οἱ
783 5477 909 5540 τοὺς
945 5475 1333 5547 εἰσαγομένους
1365 5476 1444 5539 είς
1467 5475 1568 5546 τὴν
1603 5475 1832 5546 Ἐκκλη-

253 5564 372 5620 σίαν
395 5564 490 5620 τοῦ
525 5566 658 5620 Θεοῦ
695 5568 1157 5640 χειραγωγοῦντες
1191 5566 1280 5623 διὰ
1301 5567 1398 5640 τὴν
1413 5567 1626 5639 φρενῶν
1648 5567 1833 5640 νηπιόο

252 5673 391 5726 τητα
406 5672 427 5723 ;

322 5752 375 5785 "
406 5751 596 5808 Matth.
629 5767 740 5823 xvr,
770 5755 862 5813 18.

1932 4575 2052 4614 vam
2077 4569 2130 4614 et
2159 4559 2476 4613 insolentem
2511 4559 2749 4629 gentium
2775 4557 3112 4612 vocationem
3141 4555 3368 4608 attonita
3398 4571 3412 4607 ι
3442 4573 3507 4608 ac

1933 4651 2275 4706 sterilitatem
2314 4650 2416 4705 sibi
2469 4666 2499 4704 ιι
2553 4648 2778 4704 .ludaica
2831 4656 2992 4717 gente
3039 4646 3320 4701 inductam
3373 4643 3511 4700 fate-

1931 4745 2099 4800 bitur.

2006 4837 2171 4890 Vens.
2219 4836 2308 4891 22.
2361 4855 2381 4889 ι
2429 4835 2523 4891 Sic
2557 4835 2689 4890 dicit
2727 4832 2988 4896 Dominus
3042 4829 3510 4886 DominuszEcco

1934 4928 2086 4982 elevo
2119 4945 2280 4998 super
2329 4938 2515 4999 gentes
2557 4942 2771 4980 manum
2826 4941 3038 4988 meam,
3097 4933 3152 4977 et
3198 4923 3263 4977 ad
3307 4923 3511 4977 insulas

1937 5020 2129 5075 levabo
2177 5021 2387 5091 signum
2425 5033 2644 5072 meum:
2679 5024 2733 5068 et
2773 5016 3044 5068 adducent
3087 5013 3226 5067 ﬁlios
3277 5019 3399 5065 tuos
3455 5012 3514 5064 in

1935 5113 2078 5177 sinu,
2109 5119 2161 5164 et
2187 5111 2327 5165 ﬁlias
2355 5120 2476 5163 tuas
2511 5107 2750 5162 humeris
2777 5104 3068 5173 portabunt
3105 5121 3118 5155 :
3150 5121 3169 5154 ι
3208 5102 3429 5164 docens,
3453 5115 3513 5154 se

1937 5204 2076 5259 ﬁlios
2100 5215 2153 5256 et
2183 5203 2320 5255 lilias
2345 5201 2500 5270 ejus,
2551 5199 2617 5252 de
2655 5197 2854 5266 quibus
2889 5195 3045 5257 dixit,
3083 5211 3102 5244 ι
3130 5192 3193 5246 Hi
3253 5206 3382 5245 vero
3422 5191 3511 5243 ubi

1935 5305 2089 5350 erant
2117 5294 2340 5348 mihi?)
2401 5308 2467 5346 ex
2511 5289 2777 5344 electione
2820 5287 3058 5356 gentium
3112 5282 3512 5338 adEcclesiam

1937 5389 2297 5443 deducturum
2333 5398 2476 5440 esse.
2507 5381 2737 5449 Quinam
2770 5395 2900 5435 vero
2934 5379 2987 5433 id
3016 5376 3190 5432 acturi
3227 5385 3374 5441 sunt,
3409 5376 3510 5428 nisi

1937 5480 2029 5549 qui
2056 5479 2194 5535 alios
2221 5479 2287 5534 ad
2323 5476 2620 5532 Ecclesiam
2646 5474 2739 5528 Dei
2770 5473 3093 5527 accedentes
3121 5484 3280 5522 manu
3311 5469 3515 5523 ducunt

1941 5573 2011 5629 ob
2037 5585 2224 5628 eorum
2253 5569 2456 5626 mentis
2483 5565 2904 5624 imbecillitatem
2937 5572 2993 5619 et
3036 5562 3320 5618 infantiam
3344 5559 3375 5618 ι
