3880 6216
425 287 533 345 ‘59

1097 283 1369 341 EUSEBH
1405 285 1892 345 CESARIENSIS
1923 285 2076 346 OPP.
2117 291 2300 349 PARS
2338 292 2428 350 lli.
2469 323 2542 335 —
2583 293 2992 354 EXEGETICA.

3575 303 3679 359 ιιι)

499 400 662 455 \‘ens.
711 398 801 454 9.5.
850 416 868 450 ι
902 400 966 454 Ει
995 410 1157 456 erunt
1201 417 1357 472 reges
1387 404 1597 458 nutritii
1634 405 1743 470 tui,
1773 416 1828 461 et
1857 408 1983 478 regi-

2178 428 2198 462 ι
2243 411 2355 465 Καὶ
2394 411 2606 468 ἔσονται
2648 412 2882 483 βασιλεῖς,
2915 414 3122 486 τιθηνοί
3157 432 3272 480 σου,
3303 417 3359 471 αι
3397 417 3454 472 δὲ
3486 419 3684 490 ἄρχοντ-

423 507 508 546 nre
541 507 727 547 eorum
757 533 773 558 ,
807 493 1047 548 nutrices
1073 504 1196 549 lllIB.
1230 514 1250 547 ›
1280 497 1430 561 Quod
1461 497 1527 550 ad
1549 498 1782 553 litteram
1813 501 2001 570 imple-

424 595 536 639 tum
563 584 694 655 ipsis
719 586 891 641 oculis
929 587 1236 653 cernimus,
1270 589 1397 642 dum
1443 590 1500 653 ii,
1545 591 1636 660 qui
1688 607 1998 661 supremum

422 677 707 745 imperium
773 678 1060 744 obtinent,
1130 677 1429 734 Ecclesiam
1491 679 1583 736 Dei
1651 683 1997 738 nutritiorum

419 770 596 823 instar
645 778 860 838 gestant
906 779 962 824 et
1017 768 1243 824 fovent:
1282 784 1348 824 ac
1397 769 1598 838 reginae
1639 771 1904 840 gentium,
1944 773 1998 827 id

417 870 524 927 est,
577 862 913 930 singularum
959 861 1202 932 gentium
1231 870 1289 915 et
1315 863 1724 932 provinciarum
1752 862 1996 932 praefecti

417 961 475 1006 et
523 953 895 1022 magistratus,
945 967 1183 1021 superno
1226 969 1393 1023 regno
1431 954 1833 1021 ministrantes,
1871 965 1996 1011 tan-

417 1059 581 1116 quam
638 1045 897 1110 nutrices,
946 1044 1278 1114 pauperibus
1333 1044 1592 1100 Ecclesia:
1646 1045 1996 1115 imperatorio

415 1146 551 1192 nutu
609 1150 884 1190 annonam
945 1136 1300 1206 suppeditant
1328 1155 1343 1191 :
1373 1151 1544 1206 quare
1589 1139 1832 1192 nutrices
1875 1138 1994 1207 ejus

419 1236 702 1292 vocantur,
731 1229 847 1282 sive
886 1227 1183 1282 secundum
1217 1226 1622 1299 Symmachum,
1682 1249 1701 1281 ι
1728 1229 1810 1284 lac
1851 1245 1994 1299 pra:-

413 1320 606 1376 hentes
634 1336 650 1386 ;
682 1339 701 1373 ι
735 1320 814 1375 sic
855 1320 998 1374 enim
1043 1320 1231 1388 habet,
1267 1339 1286 1373 ι
1319 1321 1385 1375 Ει
1421 1325 1618 1393 reginae
1666 1337 1852 1378 eorum
1909 1323 1992 1378 lac

411 1413 798 1483 praebebunt.)
869 1412 1003 1478 Quis
1071 1422 1251 1467 autem
1306 1425 1633 1469 memoratos
1709 1415 1990 1483 praefectos

412 1521 644 1562 cernens
678 1509 732 1561 in
774 1507 1015 1561 Ecclesia
1053 1507 1146 1561 Dei
1179 1523 1316 1578 genu
1352 1507 1603 1574 ﬂectere,
1652 1523 1716 1563 ac
1753 1509 1805 1561 in
1839 1506 1988 1562 fron-

413 1611 518 1654 tem
555 1599 704 1654 humi
740 1598 1096 1668 procumbere
1120 1637 1136 1663 ,
1182 1614 1289 1653 non
1319 1599 1553 1654 fateatur
1585 1599 1725 1654 hanc
1755 1599 1988 1668 pr0phe-

409 1692 541 1746 tiam
570 1691 636 1746 ad
675 1690 914 1744 litteram
953 1690 1276 1760 completam
1307 1704 1446 1754 esse,
1472 1705 1592 1760 qua:
1628 1691 1830 1745 diserte
1860 1690 1935 1743 ait
1970 1709 1983 1746 :

2109 518 2197 554 σαι
2230 502 2429 570 αὐτῶν,
2451 505 2640 576 τροφοί
2666 522 2776 558 σου.
2813 525 2832 558 ι
2879 507 3055 576 Ὅπερ
3081 508 3173 561 καὶ
3210 507 3344 562 αὐτὸ
3374 511 3515 564 κατά
3538 511 3681 577 λέξιν

2105 595 2477 666 πληρούμενον
2503 599 2686 664 αὐτοῖς
2722 599 2902 669 ἴδομεν
2941 600 3258 672 ὀφθαλμοῖς,
3289 602 3396 656 τῶν
3428 605 3684 674 κρατούνο

2103 700 2212 738 των
2240 687 2338 756 τῆς
2370 688 2630 742 ἀνωτάτω
2663 689 2838 760 ἀρχῆς
2874 688 3106 759 τιθηνῶν
3148 690 3347 760 τρόπον
3386 690 3681 744 διαϐαστά-

2104 777 2301 842 ζόντων
2325 779 2424 850 τὴν
2449 778 2542 832 τοῦ
2563 779 2700 834 Θεοῦ
2734 780 3059 851 Ἐκκλησίαν
3078 797 3091 810 ·
3112 781 3168 834 αἱ
3189 780 3246 834 δὲ
3266 781 3471 836 τούτων
3491 782 3686 854 ἄρχου-

2103 887 2215 936 σαι,
2243 871 2440 943 δηλαδὴ
2467 874 2520 926 αἱ
2552 872 2673 926 καθ’
2701 873 2930 928 ἕκαστον
2959 872 3132 936 έθνος,
3164 873 3259 927 καὶ
3297 873 3418 928 καθ’
3441 875 3684 946 ἑκάστην

2101 962 2368 1034 ἐπαρχίαν
2409 963 2577 1034 ἀρχαὶ
2608 964 2704 1018 καὶ
2735 965 2995 1030 ἐξουσίαι,
3031 967 3096 1035 τῇ
3136 965 3397 1020 ἀνωτάτω
3431 965 3684 1036 βασιλείᾳ

2099 1053 2509 1125 διακονούμεναι
2557 1055 2771 1126 τροφῶν
2809 1057 2964 1128 δίκην
3017 1057 3517 1130 ὲξυπηρετούμεναι
3565 1063 3684 1124 τοῖς

2099 1145 2300 1200 ὲνδεέσι
2323 1150 2423 1218 τῆς
2468 1149 2812 1220 Ἐκκλησίας,
2845 1149 3072 1220 νεύματι
3112 1149 3394 1222 βασιλικῷ,
3425 1151 3492 1206 τὰ
3525 1169 3684 1222 σιτη-

2102 1234 2252 1306 ρέσια
2285 1235 2614 1307 χορηγοῦσαι
2633 1237 2841 1301 αὐτοῖς·
2865 1237 2943 1291 διὸ
2964 1239 3135 1310 τροφὴ
3165 1239 3240 1309 (l)
3279 1241 3448 1313 αὐτῆς
3463 1240 3687 1312 ὠνομά-

2100 1323 2338 1396 σθησαν,
2372 1325 2404 1396 ἢ
2438 1325 2580 1381 κατά
2608 1326 2700 1380 τὸν
2746 1327 3060 1398 Σύμμαχον,
3115 1347 3133 1379 ι
3173 1327 3451 1399 γαλοῦχοι,
3499 1347 3520 1380 ι
3573 1331 3686 1399 φή-

2100 1432 2288 1479 σαντα,
2327 1433 2344 1466 ι
2397 1417 2508 1470 Καὶ
2549 1418 2812 1488 ἄρχουσαι
2843 1415 3025 1470 αὐτῶν
3061 1416 3480 1489 γαλουχήσουσι.
3529 1437 3549 1471 a
3582 1419 3685 1481 Τίς

2095 1507 2150 1560 δὲ
2175 1506 2471 1578 ὀφθαλμοῖς
2509 1509 2652 1579 ὁρῶν
2683 1507 2782 1572 τὰς
2821 1507 3118 1581 εἰρημένας
3148 1507 3323 1579 ἀρχὰς
3346 1509 3404 1563 ὲν
3435 1511 3502 1580 τῇ
3551 1511 3684 1563 Ἐκ-

2097 1599 2295 1671 κλησία
2331 1599 2426 1653 τοῦ
2465 1599 2602 1652 Θεοῦ
2628 1600 2756 1668 γόνυ
2791 1599 3170 1672 καμπτούσας,
3199 1600 3294 1653 καὶ
3325 1599 3386 1654 τὸ
3427 1601 3685 1670 μέτωπον

2095 1689 2404 1760 ὲρειδούσας
2445 1690 2540 1743 ἐπὶ
2585 1689 2678 1743 τοῦ
2713 1689 2971 1760 ἐδάφους,
3002 1691 3100 1760 οὐχ
3144 1689 3494 1761 ὁμολογήσειε
3535 1691 3685 1762 πρὸς

414 1800 432 1832 ι
461 1781 638 1850 Super
688 1779 881 1834 faciem
915 1787 1074 1835 terra
1113 1779 1420 1835 adorabunt
1467 1793 1556 1846 te,
1597 1789 1652 1835 et
1705 1779 1978 1850 pulverem

2093 1783 2226 1849 λέξιν
2259 1784 2352 1836 καὶ
2389 1783 2523 1856 πρὸς
2555 1783 2794 1854 ἱστορίαν
2834 1782 2988 1846 τέλος
3028 1782 3311 1853 εἰληφέναι
3337 1783 3541 1852 ταύτην
3574 1784 3684 1853 τὴν

406 1873 606 1942 pedum
637 1881 854 1928 tuorum
889 1872 1121 1944 lingent.
1163 1872 1229 1927 Et
1265 1874 1408 1929 scies
1437 1874 1562 1943 quia
1595 1887 1695 1943 ego
1736 1889 1853 1927 sum
1883 1873 1987 1928 Do.

407 1964 614 2031 minus,
647 1973 831 2020 etnon
869 1964 1297 2030 confundentur,
1340 1967 1432 2036 qui
1475 1975 1797 2037 exspectant
1841 1968 1932 2022 te?
1961 1987 1982 2020 ι

405 2051 512 2106 l’ar
546 2064 630 2108 est
660 2053 804 2108 enim
834 2069 941 2107 non
968 2053 1023 2107 in
1052 2055 1339 2123 segnitiem
1374 2055 1547 2110 delabi
1572 2097 1588 2123 ,
1638 2070 1814 2125 neque
1839 2070 1989 2126 spem

403 2146 800 2215 promissorum
826 2147 1079 2201 amittere
1111 2157 1237 2202 ante
1263 2161 1442 2201 rerum
1473 2158 1748 2203 eventum.

2093 1876 2447 1947 προφητείαν,
2465 1875 2761 1946 διαρρήδην
2787 1877 3056 1946 φήσασαν,
3081 1895 3098 1926 ι
3123 1875 3243 1928 Ἐπὶ
3263 1875 3549 1946 πρόσωπον
3573 1877 3685 1944 τῆς

2092 1969 2196 2038 γῆς
2225 1967 2660 2038 προσκυνήσουσί
2692 1983 2794 2030 σοι,
2826 1967 2918 2021 καὶ
2945 1966 3036 2020 τὸν
3076 1966 3205 2038 χοῦν
3235 1967 3344 2021 τῶν
3373 1966 3548 2020 ποδῶν
3577 1983 3681 2020 σου

2094 2058 2349 2125 λείξουσι.
2379 2061 2489 2113 Καὶ
2508 2058 2716 2132 γνώσῃ,
2741 2061 2824 2113 ὅτι
2845 2059 2955 2129 ἐγὼ
2977 2060 3201 2130 Κύριος,
3227 2061 3322 2113 καὶ
3341 2060 3444 2112 οὐκ
3461 2061 3686 2130 αἰσχυν-

2097 2147 2352 2220 θήσονται
2393 2150 2443 2202 οἱ
2487 2149 2847 2221 ύπομένοντές
2894 2166 2989 2216 σε;
3041 2169 3061 2203 ›
3117 2149 3296 2204 Καλὸν
3337 2150 3444 2222 γὰρ
3479 2149 3541 2202 τὸ
3596 2149 3680 2220 μὴ

401 2239 689 2313 ὀλιγωρεῖν
719 2241 852 2314 μηδὲ
881 2241 1282 2310 ἀπογινώσκειν
1322 2242 1420 2314 τὴν
1451 2242 1642 2298 ἐλπίδα
1678 2245 1787 2298 τῶν
1819 2243 2246 2316 ἐπηγγελμένων
2281 2244 2387 2316 πρὸ
2424 2246 2524 2316 τῆς
2552 2245 2660 2298 τῶν
2695 2244 3033 2316 πραγμάτων
3065 2243 3364 2306 ἐκϐάσεως.

475 2331 639 2390 Vens.
669 2334 758 2388 24.
797 2353 816 2386 ι
849 2333 984 2388 Num
1029 2337 1260 2406 accipiet
1297 2337 1421 2406 quis
1448 2352 1478 2392 a
1503 2339 1717 2408 gigante
1756 2339 1928 2408 spolia
1960 2339 1983 2393 Ἰ

403 2434 460 2480 et
502 2426 546 2479 si
581 2425 705 2495 quis
745 2427 1018 2495 captivum
1064 2428 1279 2482 duxerit
1315 2429 1548 2497 injuste,
1575 2430 1872 2485 salvabitur
1903 2431 1926 2485 ?
1958 2451 1977 2484 ι

402 2515 686 2586 Gigantem
733 2525 890 2572 vocat
928 2518 1201 2574 diabolum
1247 2527 1301 2572 et
1333 2519 1699 2573 adversariam
1743 2531 1984 2589 potestao

402 2611 530 2655 leni.
565 2600 837 2672 Numquid
890 2603 1074 2672 igitur,
1110 2605 1220 2668 ait,
1268 2615 1459 2659 contra
1505 2605 1775 2676 gigantem
1808 2609 1988 2676 quivis

396 2693 679 2762 ροηδε-ειη,
715 2708 778 2748 ac
801 2693 934 2749 tanti
955 2694 1165 2750 roboris
1197 2694 1313 2749 viro
1341 2695 1515 2763 spolia
1545 2696 1754 2763 eripere
1777 2697 1987 2752 valeat?

397 2784 552 2853 Quod
574 2787 620 2842 si
641 2787 762 2856 quis
786 2787 944 2840 talem
973 2786 1249 2842 hominem
1281 2787 1551 2856 captivum
1580 2788 1849 2843 abducere
1871 2797 1986 2843 ten-

398 2880 616 2945 taverit,
651 2880 752 2934 etsi
787 2877 936 2947 juste
977 2887 1120 2948 agat,
1159 2893 1228 2932 an
1261 2894 1358 2947 pro
1391 2879 1604 2933 insonte
1645 2879 1984 2934 habebitur?

397 2973 591 3027 Annon
631 2987 662 3026 a
707 2973 950 3042 gigante,
989 2981 1173 3041 utpote
1211 2986 1241 3024 a
1281 2971 1539 3036 fortiore,
1574 2981 1880 3040 correptus,
1913 2973 1984 3028 de

399 3065 574 3120 salute
621 3065 1020 3133 periclitabitur
1057 3064 1081 3118 ἰ
1117 3063 1222 3119 Pro
1264 3063 1353 3118 illo
1379 3072 1584 3131 autent,
1619 3083 1638 3116 ι
1685 3065 1918 3134 injuste,
1958 3085 1978 3117 ι
2012 3051 2056 3112 C

399 3156 664 3212 Hebraica
697 3157 881 3222 lectio,
919 3174 938 3208 ι
967 3158 1136 3227 juste,
1167 3175 1186 3209 ι
1221 3155 1404 3211 habet.
1425 3156 1558 3210 Nam
1597 3157 1688 3226 qui
1715 3158 1983 3228 gigantem

397 3249 676 3319 captivum
729 3249 974 3316 duxerit,
1012 3249 1161 3320 juste
1192 3263 1323 3305 sane
1367 3258 1513 3322 agat,
1550 3251 1860 3320 pariterque
1893 3251 1982 3320 qui

397 3342 516 3410 ejus
548 3342 718 3411 spolia
751 3343 1056 3412 diripuerit.

473 3438 506 3488 ν
518 3447 636 3488 ess.
660 3433 750 3488 25.
771 3453 790 3486 ι
810 3433 1182 3502 Quoniam-sic
1206 3434 1336 3490 dicit
1373 3433 1633 3492 Dominus
1655 3435 1740 3492 :Si
1757 3437 1878 3506 quis
1895 3453 1985 3495 ce~

395 3523 545 3594 perit
567 3523 1105 3595 gigantem,accipiet
1126 3527 1297 3596 spolia
1327 3546 1342 3584 :
1367 3529 1456 3598 qui
1485 3539 1665 3586 autem
1704 3534 1984 3602 acceperit

395 3631 424 3670 a
450 3617 931 3683 forti,salvabitur.
961 3619 1074 3691 Ego
1091 3629 1272 3676 autem
1301 3622 1567 3690 judicium
1599 3633 1748 3678 tuum
1769 3625 1983 3694 judica-

396 3709 488 3773 bo,
523 3721 576 3766 et
597 3710 734 3767 ﬁlios
762 3727 912 3768 meos
943 3729 1155 3768 eruam.
1195 3734 1214 3768 ι
1251 3714 1454 3783 Aperte
1479 3716 1766 3772 declarans
1798 3716 1978 3784 nobis,

395 3803 448 3859 id
485 3806 659 3862 solum
691 3807 807 3862 ﬁeri
835 3823 1017 3878 posse,
1059 3818 1118 3863 ut
1140 3809 1382 3880 praedicti
1427 3809 1662 3865 hominis
1685 3811 1856 3882 spolia
1880 3829 1980 3866 au-

395 3895 682 3966 ferantur;
712 3900 848 3956 ﬁlios
879 3916 1008 3956 suos
1054 3901 1139 3955 his
1177 3901 1527 3971 signiﬁcans;
1558 3919 1727 3973 quare
1763 3905 1977 3970 subdit,

402 4007 422 4040 ι
457 3989 625 4044 Filios
653 4005 838 4045 eruam
865 4008 882 4052 ;
911 3991 1146 4060 aquibus
1171 3992 1392 4062 ereptis,
1413 3994 1504 4062 qui
1541 3993 1687 4063 ipsos
1717 3995 1980 4051 violenter

397 4081 766 4144 abstulerant,
793 4096 919 4136 suas
949 4083 1050 4152 ipsi
1085 4097 1278 4137 carnes
1313 4085 1616 4140 comedent.
1652 4085 1786 4141 Cum
1833 4089 1977 4143 enim

399 4171 625 4226 aliorum
665 4186 857 4229 carnes
895 4189 1000 4228 non
1041 4173 1183 4229 ultra
1221 4176 1512 4232 comedere
1555 4187 1816 4247 possent,
1849 4193 1978 4234 suas

398 4263 710 4329 comedent,
749 4272 958 4319 etcum
1001 4265 1306 4320 animarum
1351 4265 1626 4321 hominum
1662 4255 1985 4339 sanguinem.

397 4353 616 4410 ebibere
641 4371 747 4410 non
777 4359 1013 4425 valeant,
1044 4358 1364 4430 sanguinem
1385 4373 1540 4414 suum
1565 4360 1775 4428 bibent,
1805 4370 1864 4416 ut
1885 4361 1974 4417 illo

396 4445 749 4502 inebricntnr.

469 4539 634 4594 Vens.
659 4539 750 4595 26.
794 4559 814 4594 ι
849 4541 916 4597 Et
937 4542 1221 4598 comedent
1243 4541 1334 4612 qui
1361 4541 1749 4598 tribulaverunt
1775 4553 1828 4601 te
1848 4559 1973 4600 car-

395 4643 495 4684 nes
521 4646 669 4696 suas,
700 4641 755 4686 et
789 4633 992 4700 bibent,
1027 4636 1180 4704 quasi
1203 4635 1392 4689 vinum‘
1416 4650 1636 4700 novum,
1658 4637 1972 4707 sanguinem

395 4735 575 4788 suum,
601 4731 656 4776 et
685 4723 1117 4781 inebriabuntur.
1154 4746 1171 4779 ι
1203 4725 1329 4782 ΙΙωο
1368 4737 1596 4796 possunt
1623 4729 1690 4781 ad
1716 4743 1972 4796 persecu—

395 4821 542 4868 tores
578 4813 830 4869 Ecclesite
847 4816 1073 4886 Dei,qui
1105 4833 1200 4888 per
1229 4829 1466 4887 tempora
1490 4818 1727 4885 fuerunt,
1752 4821 1966 4888 referri,

391 4902 586 4973 hisque
630 4920 815 4960 eorum
857 4907 979 4962 ﬁnis
1026 4919 1081 4962 et
1121 4910 1296 4966 exitus
1325 4911 1672 4977 describitur,
1699 4915 1970 4980 quomodo

393 4995 604 5051 scilicet
644 4997 880 5053 futurum
925 5000 1019 5062 sit,
1055 5010 1114 5054 ut
1151 5016 1346 5057 carnes
1387 5017 1516 5058 suas
1554 5003 1864 5070 comedaut,
1917 5016 1973 5060 et

391 5085 710 5156 sanguinem
749 5103 906 5142 suum
949 5089 1156 5145 bibant.

467 5195 487 5229 ι
541 5178 606 5232 Et
648 5181 842 5234 sentiet
906 5183 1084 5237 omnis
1125 5198 1291 5248 caro,
1352 5187 1475 5254 quia
1514 5202 1614 5256 ego
1675 5187 1970 5253 Dominus,

389 5267 480 5330 qui
529 5268 645 5322 erui
706 5277 782 5332 te,
839 5279 892 5325 et
933 5271 1112 5342 adjuvi
1161 5274 1531 5332 fortitudinem
1581 5275 1767 5332 Jacoh.
1827 5297 1846 5329 ι
1886 5278 1974 5331 ln-

389 5369 711 5424 corporeum
759 5359 966 5416 Numen
1004 5372 1107 5426 est,
1160 5367 1398 5420 materiae
1447 5381 1677 5435 expers,
1731 5367 1973 5422 intactile

389 5456 441 5500 et
467 5449 716 5518 simplex,
743 5467 842 5508 nec
876 5455 1165 5523 quispiam,
1203 5455 1249 5508 si
1284 5457 1500 5524 quidem
1532 5459 1606 5512 uti
1635 5457 1722 5512 fas-
1741 5467 1823 5511 est
1845 5472 1972 5526 ege-

2165 2354 2183 2387 ι
2219 2335 2309 2408 Μὴ
2337 2334 2565 2407 λήψεταί
2617 2353 2700 2398 τις
2748 2337 2899 2407 παρά
2929 2335 3183 2404 γίγαντος
3215 2335 3418 2400 σκῦλα;
3450 2335 3544 2388 καὶ
3578 2335 3684 2387 ἐὰν

2093 2427 2504 2498 αἱχμαλωτεύσῃ
2527 2445 2609 2491 τις
2647 2428 2848 2490 ἀδίκως
2865 2467 2880 2490 ,
2907 2427 3210 2498 σωθήσεται
3234 2443 3248 2492 ;
3283 2446 3300 2478 ι
3323 2427 3554 2496 γίγαντα
3577 2443 3682 2498 ση-

2095 2519 2301 2589 μαίνων
2345 2520 2438 2572 τὸν
2478 2519 2721 2573 διάϐολον
2769 2521 2864 2574 καὶ
2889 2519 2986 2589 τὴν
3017 2519 3396 2590 ἀντικειμένην
3419 2518 3677 2589 δύναμιν.

2094 2612 2241 2680 Μήτι
2270 2607 2361 2665 οῦν
2386 2611 2465 2681 τῷ
2495 2611 2729 2682 τυχόντι,
2761 2612 2916 2680 φησὶ,
2941 2611 3160 2664 δυνατόν
3185 2612 3302 2664 ἐστι
3331 2611 3545 2679 γίγαντι
3568 2627 3682 2663 πα-

2098 2701 2452 2773 ρατάξασθαι,
2493 2702 2585 2756 καὶ
2621 2703 2909 2756 σκυλεῦσαι
2934 2702 3024 2756 τὸν
3045 2701 3217 2766 οὕτως
3243 2703 3494 2772 ἰσχυρόν;
3525 2703 3587 2755 Εἰ
3620 2701 3681 2755 δὲ

2093 2797 2186 2848 καὶ
2229 2798 2596 2869 ἐπιχειρήσειέ
2637 2815 2722 2861 τις
2769 2797 2862 2851 τὸν
2912 2797 3152 2851 τοιοῦτον
3206 2795 3677 2868 αίχμαλωτεῦσαι,

2089 2888 2315 2952 δικαίως
2333 2889 2390 2942 δὲ
2416 2891 2605 2952 ποιῶν,
2632 2886 2741 2961 ἆρα
2763 2889 3149 2962 ἀθωωθήσεται
3171 2907 3186 2954 ;
3214 2890 3348 2960 Οὐχὶ
3377 2888 3680 2960 κρατηθεὶς

2091 2979 2197 3032 ὑπὸ
2237 2979 2330 3032 τοῦ
2359 2979 2633 3049 γίγαντος,
2675 2981 2751 3044 ὡς
2786 2982 2875 3034 ὑπ’
2923 2981 3289 3052 ἰσχυροτέρου,
3341 2980 3678 3035 κινδυνεύσει

2087 3072 2216 3145 περὶ
2243 3071 2342 3143 τῆς
2369 3071 2532 3124 αὑτοῦ
2555 3072 2862 3144 σωτηρίας;
2903 3075 3046 3128 Ἀντὶ
3081 3073 3137 3128 δὲ
3174 3073 3288 3136 τοῦ,
3317 3092 3338 3124 ι
3375 3073 3596 3136 ἀδίκως,
3649 3092 3670 3125 ο

2085 3165 2117 3233 ἠ
2197 3163 2458 3236 Ἐϐραῐκὴ
2505 3163 2670 3230 λέξις,
2725 3185 2742 3216 ι
2779 3166 3023 3232 δικαίως,
3071 3186 3090 3218 ι
3142 3165 3404 3238 περιέχει.
3445 3166 3503 3219 ὐ
3555 3166 3676 3240 γὰρ

2086 3253 2512 3323 αἰχμαλωτεύων
2535 3255 2784 3324 γίγαντα,
2808 3256 3030 3322 δικαίως
3070 3257 3228 3311 τοῦτο
3267 3259 3528 3328 ποιήσειε,
3571 3257 3680 3312 καὶ

2083 3345 2111 3396 ό
2138 3343 2412 3398 σκυλεύων
2434 3345 2617 3412 αὐτὸν,
2648 3347 2872 3416 ὁμοίως.

2158 3453 2177 3486 ι
2217 3435 2336 3490 Ὅτι
2368 3435 2511 3490 οὕτω
2533 3436 2682 3505 λέγει
2712 3437 2935 3510 Κύριοςο
2981 3441 3108 3495 Ἐάν
3130 3459 3214 3506 τις
3243 3440 3675 3516 αἱχμαλωτεύσῃ

2082 3528 2332 3597 γίγαντα,
2369 3529 2593 3601 λήψεται
2621 3529 2809 3596 σκῦλα,
2857 3531 3152 3603 λαμϐάνων
3183 3535 3241 3587 δὲ
3280 3537 3411 3606 παρ’
3454 3532 3675 3604 ἰσχύοντ-

2083 3638 2200 3684 τος,
2233 3621 2559 3694 σωθήσεται.
2596 3622 2738 3692 Ἐγὼ
2774 3623 2832 3678 δὲ
2866 3623 2964 3696 τὴν
2993 3626 3173 3698 κρίσιν
3205 3643 3299 3680 σου
3333 3624 3521 3698 κρινῶ,
3573 3627 3674 3678 καὶ

2072 3712 2192 3780 ἐγὼ
2209 3713 2334 3777 τοὺς
2355 3713 2503 3778 υἱούς
2530 3732 2630 3786 μου
2663 3714 2927 3787 ῥύσομαι·
2961 3735 2980 3768 ι
3020 3717 3206 3787 σαφῶς
3239 3717 3456 3782 διδάξας
3492 3719 3672 3787 ἡμᾶς,

2079 3797 2217 3857 εἶναι
2245 3804 2402 3858 τοῦτο
2426 3805 2584 3876 μόνον
2616 3807 2862 3874 δυνατὸν,
2899 3808 3192 3877 ἀφελέσθαι
3214 3807 3308 3862 τοῦ
3332 3807 3673 3880 δηλωθέντος

2079 3895 2148 3952 τὰ
2187 3897 2358 3950 σκῦλα
2379 3915 2392 3929 ·
2436 3900 2563 3962 τοὺς
2587 3899 2736 3963 υἱοὺς
2755 3899 2920 3954 αὑτοῦ
2945 3897 3084 3955 εἶναι
3117 3901 3289 3969 λέγων
3310 3918 3323 3931 ·
3362 3901 3442 3954 διὸ
3474 3902 3676 3971 ἐπιφέ-

2080 4003 2194 4056 ρει⁵
2227 4003 2247 4038 ι
2284 3988 2423 4051 Τοὺς
2455 3988 2603 4052 υἱούς
2641 4006 2741 4060 μου
2779 3988 3012 4061 ῥύσομαι
3034 4006 3049 4021 ’
3095 4008 3113 4042 ι
3147 3983 3222 4043 ὧν
3249 3989 3579 4060 ῥυσθέντων,
3618 3994 3672 4044 οἱ

2078 4079 2421 4150 ἀφῃρημένοι
2461 4081 2645 4144 αὐτοῖς
2687 4081 2746 4147 ἐξ
2775 4082 3062 4152 ἐπηρείας,
3112 4082 3268 4136 αὐτοὶ
3309 4081 3410 4146 τὰς
3453 4084 3674 4138 ἑαυτῶν

2079 4169 2289 4242 σάρκας
2312 4171 2607 4240 φάγονται·
2642 4172 2824 4224 οὐκέτι
2862 4172 2972 4244 γὰρ
3007 4173 3209 4245 ἐτέρων
3229 4174 3440 4245 σάρκας
3459 4174 3674 4229 ἐσθίειν

2075 4260 2381 4332 δυνάμενοι,
2406 4262 2504 4327 τὰς
2531 4263 2738 4317 ἑαυτῶν
2769 4264 3055 4333 φάγονταιο
3087 4265 3196 4318 οὐδ’
3225 4265 3467 4319 ἐκπίνειν
3486 4265 3569 4319 ἔτι
3605 4268 3674 4321 τὸ

2078 4348 2216 4424 αἷμα
2243 4353 2352 4407 τῶν
2385 4354 2740 4425 ἀνθρωπίνων
2783 4355 2971 4426 ψυχῶν
3011 4356 3317 4427 δυνάμενοι,
3360 4355 3422 4409 τὸ
3452 4357 3672 4410 ἑαυτῶν

2075 4439 2213 4516 αἷμα
2247 4444 2481 4511 πίονται,
2532 4447 2608 4510 ὡς
2641 4448 2735 4500 καὶ
2771 4447 3101 4518 μεθυσθῆναι
3139 4450 3336 4513 αὐτοὺς
3379 4449 3439 4514 ἐξ
3470 4450 3669 4504 αὑτοῦ.

2083 4561 2101 4585 ο
2151 4557 2169 4588 ι
2205 4537 2312 4591 Καὶ
2335 4538 2602 4608 φάγονται
2629 4542 2678 4593 οἱ
2703 4539 2989 4609 θλίψαντές
3021 4558 3080 4594 σε
3102 4541 3200 4605 τὰς
3228 4543 3436 4614 σάρκας
3457 4543 3669 4607 αὐτῶν,

2074 4629 2167 4682 καὶ
2202 4629 2412 4683 πίονται
2439 4632 2516 4695 ὡς
2539 4627 2680 4686 οἶνον
2695 4632 2813 4686 νέον
2831 4633 2892 4686 τὸ
2910 4628 3047 4703 αἷμα
3062 4634 3255 4696 αὐτῶν,
3279 4635 3372 4690 καὶ
3392 4635 3670 4706 μεθυσθή-

2075 4736 2278 4777 σονται.
2321 4739 2341 4774 ι
2377 4721 2612 4776 Δύναται
2647 4723 2820 4778 ταῦτα
2851 4725 2944 4778 ἐπὶ
2974 4726 3100 4788 τοὺς
3144 4726 3284 4780 κατά
3311 4727 3501 4798 καιρὸν
3529 4727 3661 4780 διώ-

2071 4829 2281 4877 κωντας
2314 4813 2414 4886 τὴν
2445 4814 2541 4868 τοῦ
2585 4816 2720 4870 Θεοῦ
2771 4817 3092 4890 Ἐκκλησίαν
3128 4819 3523 4890 ἀναφέρεσθαι,
3560 4837 3659 4873 του

2076 4902 2233 4972 λόγου
2267 4906 2328 4958 τὸ
2361 4905 2519 4970 τέλος
2550 4907 2732 4960 αὐτῶν
2781 4907 2876 4961 καὶ
2905 4908 3003 4980 τὴν
3035 4909 3412 4980 καταστροφὴν
3442 4910 3670 4980 διαγρα-

2079 5014 2290 5066 φοντος,
2321 4999 2413 5052 καὶ
2444 4999 2521 5061 ὡς
2551 4999 2650 5063 τὰς
2678 5001 2884 5054 ἑαυτῶν
2913 5001 3121 5071 σάρκας
3157 5002 3442 5070 φάγονται,
3475 5001 3570 5055 καὶ
3601 5002 3667 5056 τὸ

2079 5082 2217 5156 αἷμα
2244 5086 2426 5141 αὐτῶν
2453 5087 2685 5142 πίονται,

2154 5196 2173 5229 ι
2210 5179 2320 5231 Καὶ
2348 5179 2764 5250 αἱσθανθήσεται
2789 5183 2938 5235 πᾶσα
2971 5182 3124 5253 σὰρξ,
3149 5183 3229 5236 ὅτι
3262 5180 3370 5251 ἐγὼ
3389 5182 3597 5254 Κύριος
3630 5184 3661 5236 ό

2083 5268 2386 5340 ρυσάμενός
2412 5287 2492 5334 σε,
2511 5272 2604 5325 καὶ
2625 5273 3152 5344 ἀντιλαμϐανόμενος
3187 5273 3368 5344 ἰσχύος
3393 5273 3609 5327 Ἰακώϐ.
3634 5294 3653 5326 ι

2092 5360 2404 5430 Ἀσώματον
2419 5363 2480 5416 τὸ
2506 5363 2682 5427 Θείον,
2715 5365 2896 5428 ἀῦλον,
2929 5367 3135 5435 ἀναφὲς
3162 5367 3255 5420 καὶ
3280 5366 3483 5420 ἁπλοῦν
3503 5385 3516 5397 ·
3561 5369 3661 5419 καὶ

2075 5453 2175 5506 οὐκ
2203 5453 2279 5507 ἀνα
2298 5471 2383 5518 τις
2409 5457 2497 5508 ἐπ’
2524 5458 2694 5529 αὐτῷ,
2720 5460 2786 5513 τὰ
2809 5461 2992 5514 εἰκότα
3019 5459 3182 5530 δρῶν,
3210 5459 3512 5528 φαντασίαν
3531 5458 3660 5512 τινὰ

391 5538 480 5601 rit,
505 5541 737 5608 speciem
777 5544 843 5598 de
876 5543 964 5598 illo
995 5559 1314 5613 corpoream
1341 5537 1682 5618 imaginetur.
1713 5548 1964 5602 Attamen

2093 5543 2230 5598 ta't6oe
2256 5549 2592 5620 σωματικήν.
2637 5549 2785 5622 Πλὴν
2815 5553 2876 5605 τὸ
2900 5553 3137 5624 Γράμμα
3172 5552 3234 5605 τὸ
3265 5550 3408 5621 ἱερὸν
3445 5550 3660 5623 ἀνθρω-

391 5643 544 5686 sacra
575 5632 848 5702 Scriptura
877 5635 975 5691 hos
999 5637 1300 5706 alloquens,
1321 5636 1554 5693 humano
1585 5653 1734 5692 more
1758 5639 1824 5694 de
1850 5637 1965 5710 ipso

2093 5636 2242 5703 τίνως
2271 5639 2399 5712 ἡμῖν
2423 5640 2490 5696 τὰ
2519 5641 2644 5714 περὶ
2667 5642 2829 5698 αὐτοῦ
2855 5642 3175 5714 διαλέγεται.
3205 5642 3280 5698 Ού
3308 5641 3418 5716 γάρ
3442 5637 3511 5715 ἦν
3541 5641 3660 5697 ἑτέ·

463 5719 540 5794 (jl)
574 5721 735 5780 Forte
776 5725 1056 5796 legendum
1087 5727 1296 5801 τροφοί,
1329 5737 1384 5785 ut
1407 5744 1588 5800 supra.
1623 5728 1780 5785 Ευιτ.
