3880 6216
208 328 309 383 ιιι

1137 322 1645 381 COMMENTARIA
1683 323 1752 379 IN
1791 322 2052 384 ιεΑιΔιι.
2085 356 2157 370 -—-
2192 321 2346 379 CAP.
2387 319 2470 380 Ι..-

3364 311 3475 368 MS

211 462 324 517 ρως
348 443 642 515 δυνηθῆναι
669 444 810 496 νοεῖν
828 442 954 507 τοὺς
974 444 1034 498 ἐν
1062 443 1247 507 αὐτοῖς
1273 443 1369 499 καὶ⁸
1388 443 1618 514 παχέσιν
1643 444 1768 499 ὄντα

1874 504 1877 511 ,
1907 443 2182 500 edisserit.
2208 440 2396 511 Neque
2413 436 2556 493 enim
2586 433 2719 488 alias
2755 447 2878 488 eum
2924 430 3221 501 Intelligere
3252 439 3472 500 possunt

207 535 484 607 σώμασιν,
538 536 587 587 εἰ
622 535 699 608 μὴ
727 534 980 607 καθάπερ
1032 537 1092 590 ἐν
1137 535 1289 602 τάξει
1333 536 1793 608 παραδειγμάτων

205 625 597 699 παρεκομίσθη
625 626 694 680 τὰ
721 626 843 681 καθ’
877 629 1056 699 ἡμᾶς·
1095 628 1161 681 ἶν’
1199 630 1264 682 ἐκ
1305 627 1414 682 τῶν
1446 629 1509 681 ἐν
1541 628 1793 699 αἰσθήσει

203 720 303 773 καὶ
334 718 548 791 ὁρατῶν
575 717 923 790 πραγμάτων
948 718 1055 773 κᾶν
1101 720 1301 773 οὑτωσὶ
1328 721 1393 772 ἐκ
1429 719 1628 791 μέρους
1655 722 1792 775 νοεῖν

206 811 525 883 ἰσχύσωμεν
551 810 624 866 τὰ
647 810 776 882 περὶ
797 813 899 882 τῆς
920 810 1072 875 θείας
1094 810 1299 875 οὐσίας.

740 988 1139 1045 ΚΕΦΑΛΔιΟΝ
1172 989 1263 1053 Ν’.,

278 1098 303 1134 ¢
335 1079 528 1149 Οὕτως
557 1082 707 1152 λέγει
740 1081 978 1154 Κύριοςθ
1011 1084 1170 1138 Ποῖον
1201 1084 1264 1138 τὸ
1294 1084 1498 1155 βιϐλίον
1530 1083 1625 1138 τοῦ
1653 1085 1790 1138 ἀπο-

200 1173 431 1228 στασίου
455 1174 562 1246 τῆς
580 1174 787 1247 μητρὸς
811 1174 986 1247 ὑμῶν,
1039 1167 1085 1244 ᾧ
1121 1172 1480 1239 ἐξαπέστειλα
1511 1176 1718 1247 αὐτήνς
1753 1174 1787 1245 ἢ

199 1265 309 1318 τίνι
354 1265 609 1338 ύποχρέῳ
643 1265 903 1338 πέπρακα
941 1267 1120 1339 ύμᾶςς
1168 1266 1299 1321 Ἰδοὺ
1347 1269 1467 1332 ταῖς
1493 1267 1789 1339 ἁμαρτίαις

199 1353 360 1423 ὑμῶν
383 1354 740 1422 ἐξατέστειλα
773 1357 875 1429 τὴν
921 1357 1135 1429 μητέρα
1167 1357 1341 1431 ὑμῶν.
1377 1360 1443 1412 Τί
1481 1360 1563 1414 ὅτι
1602 1355 1785 1431 ἦλθον,

197 1447 299 1501 καὶ
345 1447 449 1502 οὐκ
493 1443 563 1519 ἦν
614 1451 645 1502 6
689 1449 1016 1518 ὐπακούων;
1059 1451 1152 1521 Μὴ
1202 1450 1304 1505 οὐκ
1362 1452 1537 1522 ἰσχύει
1582 1452 1617 1522 ἡ
1665 1451 1788 1522 χείρ

199 1554 309 1607 μου
355 1539 453 1594 τοῦ
492 1540 793 1612 ῥύσασθαι;
831 1542 925 1614 Μὴ
980 1543 1081 1599 οὐκ
1127 1543 1294 1613 ἰσχύω
1332 1542 1428 1596 τοῦ
1474 1541 1785 1608 ἐξελέσθαι;

208 1628 346 1684 Ἰδοὺ
376 1630 456 1701 τῷ
475 1632 690 1704 ἐλεγμῷ
720 1650 821 1704 μου
859 1633 1197 1707 ἔξερημὼσω
1223 1634 1323 1707 τὴν
1347 1634 1620 1689 θάλασσαν
1639 1652 1651 1662 ·
1692 1636 1787 1689 καὶ

193 1716 355 1791 θήσω
382 1723 662 1793 ποταμοὺς
681 1723 942 1795 ἐρήμους,
970 1726 1064 1780 καὶ
1090 1725 1514 1798 ξηρανθήσονται
1536 1728 1585 1781 οἰ
1605 1727 1787 1799 ἰχθύες

1895 537 1932 591 ii
1964 537 2057 606 qui
2097 536 2149 589 in
2196 544 2443 601 corpOre,
2476 530 2697 596 ipsoque
2722 538 2911 579 crasso
2947 532 3003 576 et
3046 522 3336 585 materiali,
3375 522 3471 575 de-

1892 637 2063 699 gunt,
2104 627 2206 683 nisi
2255 641 2320 678 ea
2369 635 2488 692 quae
2524 632 2693 689 penes
2738 631 2838 671 nos
2888 625 3017 671 sunt
3050 615 3118 669 ad
3163 613 3472 682 exemplum

1891 728 2316 789 nsurparentnr;
2360 725 2419 769 ut
2447 729 2515 769 ex
2556 714 2621 768 iis
2669 727 2791 783 quae
2832 711 2934 766 sub
2970 722 3187 764 sensum
3219 716 3275 761 et
3315 720 3472 774 aspe-

1890 822 2035 867 ctum
2061 809 2259 864 cadunt
2276 848 2292 873 ,
2309 822 2373 861 ea
2395 821 2517 876 quae
2538 805 2774 860 divinam
2805 798 3160 856 substantiam
3196 804 3471 867 spectant,

1890 902 2082 971 saltem
2119 916 2186 955 ex
2217 910 2390 971 parte,
2408 898 2645 970 cogitare
2674 906 2974 965 possemus.

1885 964 1901 1011 ’
2217 964 2232 971 ’
2378 964 2384 966 ⁷
2480 964 2754 1044 ὀΑρυΤ
2792 984 2854 1044 L.

1958 1085 2127 1140 Vens.
2158 1083 2274 1139 1-7.
2297 1101 2316 1134 ι
2341 1081 2433 1136 Sic
2450 1080 2579 1136 dicit
2607 1077 2865 1133 Dominus
2884 1094 2897 1129 :
2915 1072 3099 1141 Qualis
3113 1068 3353 1126 bicliber
3378 1080 3468 1122 re-

1889 1177 2034 1248 pudii
2063 1175 2256 1231 matris
2282 1182 2494 1238 vestrae,
2527 1185 2636 1240 quo
2668 1167 2847 1223 dimisi
2882 1180 3003 1220 eam
3031 1163 3171 1218 iant
3200 1161 3286 1217 cui
3316 1158 3471 1215 debi-

1891 1271 1992 1325 tori
2014 1266 2230 1322 vcndidi
2257 1280 2353 1320 vos
2384 1265 2408 1319 ’ἰ
2436 1264 2576 1318 Ecce
2631 1258 2872 1331 peccatis
2914 1255 3118 1311 vestris
3155 1250 3466 1308 venumdati

1887 1361 2042 1427 estis,
2076 1369 2132 1413 et
2168 1360 2221 1413 in
2265 1356 2643 1427 iniquitatibus
2676 1350 2874 1406 vestris
2902 1348 3080 1404 dimisi
3119 1353 3351 1400 matrem
3374 1357 3470 1397 ve-

1887 1461 2078 1505 stram.
2115 1447 2255 1516 Quid
2303 1447 2423 1515 quia
2450 1444 2598 1508 veni,
2639 1451 2696 1497 et
2734 1455 2842 1495 non
2887 1446 3009 1494 erat
3048 1435 3142 1506 qui
3177 1430 3470 1489 obedirct?

1886 1537 2078 1595 Annon
2117 1545 2298 1607 potest
2328 1548 2525 1589 manus
2564 1545 2683 1586 mea
2718 1529 2947 1584 liberare
2972 1526 2996 1580 ?
3024 1526 3218 1579 Annon
3247 1535 3466 1592 possum

1885 1631 2130 1687 eruere?
2164 1628 2305 1683 Ecce
2343 1624 2769 1682 comminatione
2807 1634 2928 1675 mea
2964 1619 3235 1673 desertum
3270 1614 3466 1669 iaciam

1887 1736 2058 1786 mare,
2079 1731 2135 1777 et
2166 1733 2360 1789 ponam
2391 1714 2582 1771 ﬂuvios
2615 1715 2892 1780 desertos,
2921 1718 2976 1766 et
3002 1717 3254 1764 arescent
3285 1706 3467 1776 pisces

193 1813 383 1868 αὐτῶν
410 1813 522 1869 ἀπὺ
553 1814 648 1869 τοῦ
678 1816 752 1887 μὴ
786 1811 924 1871 εἶναι
949 1816 1136 1881 ὕδατα,
1174 1818 1271 1871 καὶ
1293 1817 1690 1874 ἀποθανοῦνται
1721 1820 1768 1874 ἐι

1883 1831 2091 1881 eorum,
2120 1828 2189 1871 eo
2213 1813 2355 1884 quod
2387 1827 2491 1867 non
2518 1810 2592 1865 sit
2625 1822 2789 1878 aqua,
2823 1816 2880 1863 et
2920 1803 3221 1860 morientur
3241 1802 3351 1857 siti.
3380 1800 3467 1856 ln-

188 1902 359 1975 δίψει.
399 1905 636 1962 Ἐνδύσω
676 1907 769 1962 τὸν
812 1908 1038 1979 οὐρανὸν
1075 1909 1286 1974 σκότος,
1329 1911 1423 1965 καὶ
1465 1910 1542 1974 ὡς
1577 1911 1779 1966 σάκκον

189 1994 349 2069 θήσω
400 1997 464 2053 τὸ
504 1998 843 2071 περιϐόλαιον
871 2001 1059 2055 αὐτοῦ.
1094 2003 1301 2074 Κύριος
1346 2003 1549 2075 Κύριος
1596 2003 1779 2059 δίδωσί

193 2104 289 2159 μοι
330 2087 584 2158 γλῶσσαν
617 2090 885 2156 παιδείας,
933 2092 1030 2146 τοῦ
1062 2093 1265 2162 γνῶναι
1304 2095 1467 2165 ἡνίκα
1496 2095 1583 2149 δεῖ
1606 2098 1778 2151 εἰπεῖν

185 2176 370 2248 λόγον.
405 2179 610 2251 Ἔθηκό
649 2197 739 2250 μοι
767 2182 934 2254 πρωῒ,
962 2184 1273 2256 προσέθηκὲ
1304 2200 1394 2256 μοι
1420 2185 1579 2241 ὠτίον
1616 2187 1779 2242 ἀκού-

185 2281 293 2334 ειν,
350 2270 446 2324 καὶ
497 2273 528 2342 ἡ
562 2271 779 2327 παιδεία
811 2274 1019 2346 Κυρίου
1059 2276 1266 2348 Κυρίου
1298 2276 1501 2346 ἀνοίγει
1551 2293 1655 2349 μου
1705 2278 1775 2333 τὰ

182 2354 324 2415 ὦτα.
374 2359 517 2431 Ἐγὼ
551 2360 609 2416 δὲ
639 2363 740 2418 οὐκ
766 2364 998 2429 ἀπειθῶ,
1025 2366 1146 2419 οὐδὲ
1171 2366 1455 2436 ἀντιλέγω.
1484 2366 1586 2421 Τὸν
1607 2367 1774 2423 νῶτόν

186 2468 296 2523 μου
322 2452 501 2508 ιδωκα
533 2455 614 2519 εἰς
637 2456 926 2525 μάστιγας,
953 2456 1057 2522 τὰς
1076 2457 1137 2512 δὲ
1162 2459 1418 2527 σιαγόνας
1447 2476 1548 2529 μου
1573 2462 1654 2524 εἰς
1678 2463 1776 2533 ῥα-

182 2543 469 2614 πίσματω
521 2545 584 2598 τὸ
615 2545 675 2599 δὲ
714 2547 1008 2620 πρόσωπόν
1056 2565 1160 2619 μου
1191 2550 1291 2603 οὐκ
1327 2549 1645 2622 ἀπέστρεψα
1676 2551 1771 2605 ἀπ’

181 2634 448 2705 αίσχύνης
462 2636 887 2709 ἐμπτυσμὼτωψ
908 2639 1003 2692 καὶ
1018 2640 1220 2712 Κύριος
1234 2640 1440 2712 Κύριός
1456 2659 1557 2712 μου
1577 2642 1772 2714 βοηθός

184 2742 280 2796 μοι
309 2726 546 2800 ἐγενήθη
567 2744 583 2759 ·
607 2728 697 2783 διὰ
724 2728 883 2784 τοῦτο
912 2733 1013 2785 οὐκ
1036 2732 1360 2805 ἐνετράπην,
1383 2732 1497 2789 ἀλλ’
1519 2733 1691 2806 ἔθηκα
1709 2736 1772 2789 τὸ

179 2816 477 2887 πρόσωπόν
545 2836 648 2891 μου
701 2820 779 2887 ὡς
838 2822 1065 2894 στερεὰν
1118 2823 1348 2896 πέτραν.
1387 2841 1407 2876 ι
1452 2824 1545 2881 Διὸ
1582 2824 1676 2879 καὶ
1707 2825 1771 2880 τὺ

180 2911 478 2982 πρόσωπόν
510 2929 612 2985 μου
643 2914 720 2979 ὡς
745 2914 973 2988 στερεὰν
1005 2917 1212 2989 πέτραν
1252 2917 1574 2991 παρέστησα
1602 2935 1767 2974 πεπι-

181 3006 498 3077 στευμένος,
523 3005 599 3070 ὡς
623 3007 686 3060 οὐ
721 3015 878 3080 φέρει
903 3025 993 3080 μοι
1012 3009 1274 3082 αἰσχύνην
1300 3012 1334 3082 ἡ
1362 3011 1497 3083 πρὸς
1527 3011 1618 3065 τὸν
1655 3013 1768 3066 Πα-

177 3098 315 3201 τέρα
352 3098 566 3201 ῦπακρή
591 3115 605 3129 ·
642 3099 1013 3201 καὶ-πλησίον.
1035 3118 1135 3172 μου
1180 3101 1391 3157 ἑστῶτα
1444 3103 1536 3157 καὶ
1577 3103 1766 3177 ὥσπερ
1791 3143 1834 3201 C

179 3187 630 3257 ἀγωνοθετοῦντα
666 3193 782 3254 τοῖς
822 3191 1148 3262 γινομένοις,
1208 3193 1303 3247 καί⁸
1359 3195 1460 3266 τὴν
1501 3195 1641 3267 ἐμὴν
1682 3195 1764 3250 δι-

176 3279 443 3334 καιοῦντα
471 3280 749 3352 ὑπομονὴν
782 3281 876 3336 διὰ
900 3282 1102 3346 παντὸς
1130 3281 1338 3353 ἐώρων.
1362 3285 1427 3337 Εἰ
1461 3284 1519 3338 δέ
1539 3302 1624 3350 τις
1651 3284 1763 3356 ἔχοι

173 3368 279 3434 τὰς
301 3371 424 3424 κατ’
451 3371 586 3441 ἐμοῦ
616 3371 823 3443 ῦϐρεις,
847 3374 939 3427 καὶ
962 3374 1053 3428 τὸν
1081 3373 1308 3433 θάνατον
1345 3375 1509 3429 αὑτὸν
1542 3376 1765 3440 ἐνδίκως

170 3457 539 3530 ἐπενηνέχθαι
578 3478 668 3531 μοι
696 3461 861 3531 φάναι
884 3462 974 3517 διά
1000 3480 1127 3517 τινα
1158 3464 1627 3536 πλημμελήματα,
1655 3465 1766 3520 δει-

170 3549 360 3605 κνύτω
386 3550 669 3623 παρελθὼν
690 3554 772 3617 εἰς
805 3553 988 3625 μέσον,
1012 3555 1066 3608 εί
1082 3572 1166 3618 τις
1183 3556 1333 3610 αἰτία
1354 3555 1387 3628 ἢ
1410 3556 1680 3628 πρόφασις
1703 3556 1764 3624 ἐξ

169 3638 314 3711 ἐμοῦ
351 3640 450 3712 τῆς
491 3640 746 3713 τοιαύτης
797 3644 918 3697 κατ’
956 3642 1102 3715 ἐμοῦ
1141 3642 1354 3716 ῦὸρεως
1379 3644 1636 3714 γέγονεν’
1681 3648 1763 3710 εἰς

172 3732 346 3802 μέσον
401 3732 687 3803 παρελθὼν
737 3736 918 3815 στήτω
965 3734 1060 3789 καὶ
1099 3734 1383 3807 ἐλεγχέτω.
1438 3736 1664 3802 Οὐδενὸς
1700 3737 1760 3791 δὲ

169 3822 393 3894 ἔχοντος
426 3824 633 3895 μέμψιν
665 3824 962 3896 μετελθεῖν,
1013 3827 1150 3898 μήτε
1180 3830 1244 3899 τῇ
1278 3827 1595 3901 διδασκαλίᾳ
1624 3831 1759 3902 μήτε

167 3918 295 3979 ταῖς
327 3915 563 3987 πράξεσι
589 3920 710 3983 ταῖς
732 3918 822 3971 ὑπ’
844 3919 979 3990 ἐμοῦ
1009 3919 1447 3992 πεπραγμέναις,
1477 3921 1700 3984 εἰκότως
1731 3921 1761 3974 6

167 4002 383 4075 Κύριος
403 4003 599 4076 βοηθός
630 4023 720 4078 μοι
747 4008 1036 4079 παρέσται.

244 4115 270 4150 σ
302 4098 430 4151 Ὀτι
478 4097 686 4167 ἐγγίζει
732 4102 763 4154 6
799 4099 1096 4166 δικαιώσας
1138 4118 1229 4171 με.
1266 4102 1365 4166 Τίς
1392 4103 1760 4176 ὁκρινόμενός

170 4205 299 4259 μοις
326 4190 628 4262 ἀντιστήτω
659 4208 750 4262 μοι
790 4193 924 4263 ἃμα.
965 4195 1076 4247 Καὶ
1102 4193 1187 4257 τίς
1213 4196 1242 4248 6
1278 4194 1595 4266 κρινόμενός
1632 4204 1755 4266 μοι;

167 4280 451 4348 ἐγγισάτω
487 4299 597 4353 μοι.
639 4300 659 4334 ι
699 4283 1100 4354 Ἐπαμύνοντος
1135 4284 1265 4358 γὰρ,
1304 4287 1457 4358 φησὶ,
1503 4285 1596 4340 τοῦ
1620 4284 1758 4341 Θεοῦ

166 4373 268 4425 καὶ
302 4373 536 4444 Πατρὸς,
573 4375 669 4428 καὶ
704 4377 882 4429 πᾶσαν
908 4376 1061 4448 ὑμῶν
1092 4378 1356 4450 ἐπήρειαν
1379 4379 1753 4445 άιρανίζοντος,

1881 1910 2041 1965 (luam
2081 1907 2279 1962 malum
2324 1904 2588 1966 tenebris,
2619 1911 2675 1956 et
2706 1900 2860 1970 quasi
2893 1912 3113 1954 saccum
3150 1910 3346 1966 ponam
3377 1893 3464 1949 in-

1879 2001 2193 2056 dumentum
2251 1996 2390 2067 ejus.
2437 1994 2698 2049 Dominus
2734 1992 2994 2049 Dominus
3043 1988 3136 2044 dat
3176 1986 3305 2041 milii
3355 1984 3464 2040 lin-

1877 2107 2037 2164 guam
2072 2089 2408 2158 disciplinae,
2465 2097 2526 2140 ut
2567 2087 2737 2141 sciam
2777 2082 2993 2152 quando
3037 2087 3284 2150 oporteat
3315 2076 3461 2148 loqui

1875 2184 2120 2239 verbum.
2152 2181 2337 2237 Posuit
2370 2179 2500 2235 mihi
2544 2190 2742 2232 mane:
2777 2174 2983 2230 addidit
3016 2171 3147 2226 mihi
3178 2185 3364 2223 aurem
3392 2170 3463 2227 ad

1877 2275 2228 2339 audiendum,
2248 2282 2304 2329 et
2327 2269 2608 2341 disciplina
2633 2267 2843 2323 Domini
2882 2265 3059 2336 aperit
3097 2277 3258 2318 aures
3286 2276 3460 2317 meas.

1874 2368 1991 2437 Ego
2022 2376 2205 2422 autem
2242 2378 2348 2419 non
2395 2375 2600 2423 renuo,
2630 2373 2807 2428 neque
2853 2356 3192 2413 contradico.
3230 2352 3457 2409 Dorsum

1873 2474 2052 2515 meum
2090 2456 2215 2512 dedi
2244 2456 2311 2511 ad
2358 2452 2593 2524 ﬂagella,
2640 2459 2696 2504 et
2724 2463 2892 2520 genas
2939 2461 3089 2502 meas
3116 2447 3184 2502 ad
3225 2446 3455 2516 alapas:

1872 2553 2067 2609 faciem
2094 2562 2272 2606 autem
2301 2562 2478 2604 meam
2507 2560 2611 2600 non
2643 2542 2815 2598 averti
2837 2557 2866 2595 a
2896 2541 3097 2611 probro
3128 2547 3411 2608 spntorum
3437 2554 3454 2593 :

1870 2652 1927 2700 et
1958 2642 2220 2697 Dominus
2260 2639 2517 2694 Dominus
2556 2648 2709 2688 mens
2751 2632 3043 2687 auxiliator
3097 2631 3229 2685 milii
3277 2619 3458 2685 facins

1870 2744 1986 2799 est;
2007 2733 2128 2787 ideo
2150 2746 2257 2786 non
2280 2744 2400 2785 sum
2429 2726 2708 2791 confusus,
2727 2725 2821 2780 sed
2844 2723 2997 2793 posui
3028 2722 3220 2778 faciem
3252 2735 3453 2789 meam,

1868 2827 2009 2881 sicut
2044 2825 2252 2878 ﬁrmam
2274 2829 2502 2890 petram.
2546 2837 2565 2871 ι
2607 2816 2733 2872 Ideo
2772 2815 2965 2871 faciem
2993 2827 3166 2868 meam
3199 2824 3455 2883 tanquam

1869 2916 2081 2972 ﬁrmam
2118 2924 2324 2985 petram
2355 2912 2547 2976 obtuli,
2595 2908 2833 2965 conﬁsus
2875 2922 3049 2963 meam
3078 2920 3204 2976 erga
3236 2903 3454 2961 Patrem

1862 3008 2273 3078 obsequentiam
2313 3019 2419 3059 non
2459 3002 2710 3058 dedecori
2754 2999 2888 3057 mihi
2936 2999 3090 3058 fore:
3123 3013 3283 3068 quem
3313 3013 3344 3052 ο
3369 2998 3454 3053 vi—

1867 3101 1990 3156 cino
2024 3099 2151 3155 mibi
2179 3105 2473 3160 astantem,
2499 3093 2834 3151 concertanti
2867 3093 3088 3164 praemia
3111 3091 3451 3160 largientem,

1868 3191 2291 3262 patientiamque
2340 3200 2517 3242 meam
2562 3185 2990 3254 approbantem,
3038 3197 3256 3252 semper
3317 3181 3448 3236 vidi.

1867 3281 2017 3348 Quod
2059 3280 2104 3335 si
2137 3283 2262 3348 quis
2312 3276 2674 3334 contumelias
2708 3275 2988 3344 ipsamque
3040 3283 3268 3328 mortem
3303 3275 3452 3342 juste

1865 3370 1998 3427 milii
2035 3370 2108 3425 ob
2158 3368 2366 3424 scelera
2398 3366 2643 3435 quaedam
2692 3364 2894 3418 illatam
2937 3379 3060 3419 esse
3094 3364 3451 3434 comprobare

1863 3464 2055 3535 possit,
2092 3462 2144 3517 in
2186 3462 2421 3515 medium
2451 3458 2712 3529 prodiens
2739 3456 3011 3521 ostendat,
3054 3455 3103 3511 si
3130 3471 3291 3526 quam
3319 3470 3452 3512 cau-

1862 3572 1978 3612 sam
2010 3554 2095 3610 vel
2126 3552 2468 3610 occasionem
2503 3550 2669 3604 tautis
2700 3548 3045 3604 contumeliis
3086 3547 3324 3603 dederim
3352 3546 3448 3613 ;in

1864 3648 2118 3713 medium,
2147 3646 2383 3713 inquam,
2413 3642 2685 3713 prodiens,
2706 3650 2834 3706 stet,
2865 3656 3057 3709 meque
3077 3649 3288 3709 arguat.
3309 3638 3446 3696 Cum

1863 3751 2041 3796 autem
2075 3754 2234 3794 nemo
2274 3736 2404 3791 mihi
2437 3734 2643 3790 crimen
2693 3732 2891 3787 oll‘crre
2931 3732 3134 3801 possit,
3159 3747 3335 3800 neque
3379 3733 3450 3788 do

1859 3833 2129 3899 doctrina,
2155 3845 2334 3898 neque
2366 3830 2434 3882 de
2455 3827 2710 3896 operibus
2736 3842 2766 3878 a
2796 3840 2880 3879 me
2903 3825 3090 3888 editis,
3113 3823 3236 3893 jure
3258 3821 3446 3880 Domi-

1860 3940 1964 3981 nus
1995 3924 2207 3993 adjutor
2246 3920 2377 3975 mihi
2412 3918 2602 3972 aderit.

1936 4016 2099 4072 Vens.
2129 4014 2183 4069 8.
2221 4032 2240 4066 ι
2279 4012 2414 4079 Quia
2441 4011 2595 4080 juxta
2636 4020 2721 4066 εει
2747 4009 2838 4078 qui
2876 4007 3144 4079 justiﬁcat
3180 4022 3286 4062 me.
3313 4006 3445 4074 Quis

1859 4109 2054 4174 estqui
2092 4104 2264 4172 litiget
2288 4100 2538 4157 mecum?
2566 4109 2673 4156 stet
2694 4111 2887 4156 contra
2917 4115 3001 4154 me
3032 4097 3215 4153 simul.
3237 4099 3299 4153 Et
3324 4098 3447 4168 quis

1859 4207 1943 4254 est
1969 4200 2060 4268 qui
2094 4197 2269 4268 litiget
2315 4210 2524 4250 mecum
2549 4195 2573 4249 ἰ
2597 4196 2821 4251 accedat
2849 4194 2914 4247 ad
2947 4208 3054 4249 me.
3086 4210 3107 4246 ι
3143 4192 3277 4245 Nam
3307 4191 3446 4245 ulci-

1859 4301 2063 4354 scente,
2095 4290 2289 4355 inquit,
2313 4290 2419 4343 Deo
2461 4297 2516 4342 et
2550 4288 2735 4353 Patre,
2780 4300 3106 4352 omnemque
3137 4283 3443 4337 molestiam

1858 4395 1888 4433 a
1921 4380 2075 4434 vobis
2100 4378 2303 4432 illatam
2332 4377 2633 4443 auferente,
2664 4389 2952 4445 meamque
2978 4374 3204 4445 gloriam
3233 4372 3438 4427 consti-

164 4466 266 4519 καὶ
308 4465 412 4537 τὴν
450 4467 591 4538 ἐμὴν
626 4467 873 4531 ἱστάντος
899 4469 1076 4534 δόξαν,
1108 4469 1193 4535 τίς
1230 4470 1382 4525 ἔσται
1417 4472 1670 4531 τοσοῦτος
1697 4476 1756 4527 ἐν

1874 4480 2068 4537 Luente,
2100 4471 2223 4540 quis
2259 4471 2312 4523 in
2344 4470 2495 4524 vobis
2524 4469 2652 4533 erit,
2693 4468 2782 4537 qui
2819 4465 3138 4520 immutabili
3162 4465 3277 4532 ejus
3307 4479 3442 4518 con-

165 4561 323 4630 ὑμῖν,
357 4560 436 4623 ὠς
457 4559 837 4629 ἀντιτάξεσθαι
863 4564 929 4633 τῇ
961 4561 1286 4635 ἁνικήτῳβ)
1316 4562 1498 4636 βουλῇ,
1533 4566 1628 4619 καὶ
1653 4582 1755 4618 κα-

164 4653 347 4707 κῶσαι
361 4652 623 4708 δύνασθαι
637 4654 728 4709 τὸν
758 4658 887 4728 παρ’
908 4658 1075 4711 αὑτοῦ
1119 4656 1515 4729 βοηθούμενον;
1547 4660 1754 4716 Οὐκοῦν

165 4748 334 4819 εἴπερ
383 4746 528 4810 τινὲς
581 4741 722 4818 ἦσαν
755 4750 1043 4819 νουπχείς,
1097 4750 1148 4802 οἱ
1189 4749 1538 4821 Γραμματείς
1566 4767 1626 4803 τε
1659 4753 1754 4805 καὶ

164 4838 475 4908 Φαρισαῖοι,
504 4837 827 4907 ἀπόσχοιντο
851 4836 917 4891 ἂν
942 4837 1052 4890 τῶν
1077 4839 1200 4892 κατ’
1232 4837 1394 4892 αὑτοῦ
1420 4839 1751 4912 σκεμμάτων

163 4946 227 4983 τε
249 4928 349 4983 ml.
376 4929 816 5000 ἐγχειρημάτων,
837 4928 928 4983 διὰ
954 4929 1246 5001 προφητῶν
1272 4929 1442 4999 ἁγίων
1478 4948 1755 5002 προεγνω-

168 5020 356 5083 κότες,
423 5019 502 5083 ὡς
553 5020 655 5073 οὐκ
710 5018 779 5073 ἂν
848 5021 1126 5091 ἰσχύσειαν
1183 5020 1439 5092 ἀδικῆσαι
1493 5022 1748 5093 Χριστὸν,

162 5110 303 5165 θεὸν
346 5109 481 5165 ὅντα
520 5110 617 5166 καὶ
652 5109 879 5183 Κύριον,
941 5112 1037 5166 καὶ
1072 5111 1202 5167 Υίὸν
1234 5111 1487 5183 ἀληθινόν
1513 5113 1606 5168 τοῦ
1633 5114 1750 5169 Πα-

164 5202 301 5273 τρες

242 5312 265 5346 ι
316 5292 680 5366 Ἰδοῦιύριος
705 5294 910 5369 Κύριος
948 5293 1204 5366 βοηθήσει
1227 5311 1354 5366 μοι’
1388 5295 1474 5359 τίς
1507 5295 1748 5351 κακώσει

169 5403 278 5458 pe;
314 5386 450 5440 Ἰδοὺ
473 5385 683 5450 πάντες
711 5388 873 5456 ὑμεῖς
907 5387 984 5451 ὡς
1028 5387 1242 5458 ἱμάτιον
1279 5384 1747 5459 παλαιωθήσεσθε,

165 5480 266 5534 καὶ
315 5477 417 5549 σὴς
448 5478 829 5548 καταφάγεται
867 5479 1031 5549 ὑμᾶς.
1063 5498 1083 5532 ι
1124 5479 1202 5532 Δι’
1230 5472 1307 5534 ὧν
1353 5479 1604 5550 σημαίνει
1649 5479 1749 5552 τὴν

167 5574 478 5629 παλαίωσιν
506 5574 605 5646 τῆς
630 5574 751 5629 κατ’
783 5573 950 5630 αὐτοῦ
978 5573 1297 5646 σωματικῆς
1319 5572 1575 5648 λατρείας
1594 5591 1610 5605 ο
1646 5575 1752 5628 πά-

168 5681 236 5720 νυ
282 5663 395 5736 γὰρ
441 5664 504 5718 τὸ
535 5663 929 5735 παλαιούμενον
970 5666 1063 5717 καὶ
1094 5664 1371 5734 γηράσκον
1408 5665 1577 5736 ἐγγὺς
1611 5665 1749 5738 ἀφα-

244 5754 329 5833 (1)
362 5757 629 5831 ’Δκινήτῳ
655 5757 779 5832 legit
808 5758 1091 5828 interpres.
1127 5756 1283 5816 Eon.
1650 5796 1653 5797 ν

1862 4564 1986 4620 silio
2031 4573 2087 4618 et
2137 4562 2400 4616 voluntati
2438 4561 2707 4616 obsistere
2744 4558 2955 4621 valeat,
2991 4566 3048 4612 ct
3079 4556 3195 4623 ejus
3240 4557 3445 4612 auxilio

1861 4655 2124 4711 fruentem
2154 4653 2472 4724 opprimat?
2505 4653 2692 4723 itaque
2720 4650 2767 4705 si
2800 4652 2891 4720 qui
2934 4650 2986 4704 in
3030 4643 3340 4705 Scribarum
3388 4660 3446 4707 et

1862 4746 2255 4801 Pharisaeorum
2288 4758 2449 4814 grege
2489 4743 2779 4813 prudentes
2796 4741 3039 4795 homines
3071 4740 3318 4804 fuissent,
3346 4739 3445 4797 ala-

1858 4839 2122 4895 stitissent
2151 4839 2335 4908 utique
2352 4854 2381 4890 a
2408 4835 2860 4890 machinamentis
2878 4843 2934 4888 et
2953 4833 3447 4902 conspirationibus

1856 4937 2121 4987 adversus
2149 4947 2271 4986 eum
2314 4929 2597 4993 conﬂatis;
2634 4942 2760 4981 cum
2805 4935 3120 4983 sanctorum
3154 4914 3443 4997 propheta-

1857 5038 1975 5077 rum
2035 5021 2344 5077 testimonio
2379 5020 2767 5090 prospicerent,
2807 5032 2868 5071 se
2907 5033 3011 5072 non
3050 5032 3209 5087 posse
3249 5012 3467 5070 lardere'

1853 5114 2150 5179 Christum,
2173 5114 2265 5183 qui
2300 5111 2440 5168 Deus
2467 5121 2522 5167 et
2544 5112 2818 5178 Dominus,
2846 5125 2910 5165 ac
2947 5126 3106 5165 verus
3141 5108 3317 5164 Patris
3348 5109 3439 5163 Fi-

1854 5205 1960 5261 lius
1994 5216 2159 5261 esset.

1927 5296 2091 5352 Vsus.
2123 5296 2179 5351 9.
2224 5315 2244 5350 ι
2289 5296 2429 5353 Ecce
2485 5298 2747 5354 Dominus
2788 5297 3049 5353 Dominus
3091 5291 3443 5347 auxiliabitur

1856 5386 1990 5442 mihi
2026 5405 2040 5441 :
2081 5387 2203 5457 quis
2247 5387 2405 5442 laedet
2441 5401 2526 5443 me
2569 5387 2767 5445 lEcce
2807 5405 2902 5444 vos
2943 5400 3133 5441 omnes
3181 5395 3436 5453 tanquam

1859 5479 2649 5548 vestimentum'velerascetis,
2694 5491 2747 5537 et
2793 5483 2938 5537 tinea
2981 5479 3232 5536 comedet
3265 5491 3380 5535 vos.
3408 5496 3430 5532 ι

1857 5572 2021 5641 Qneis
2050 5572 2318 5642 significat
2365 5573 2751 5645 antiquandam
2797 5574 2912 5631 fore
2960 5588 3276 5643 corporeum
3315 5571 3433 5628 cul-

1858 5673 1968 5722 tum
2013 5684 2027 5723 :
2081 5665 2340 5739 quidquid
2381 5665 2525 5723 enim
2560 5669 2875 5743 antiqualur
2907 5675 2962 5724 et
3012 5664 3283 5735 senescit,
3314 5664 3436 5724 rui-
