3880 6216
446 267 556 325 ηδ

1119 264 1393 323 EUSEBII
1431 266 1921 325 CAESABlENSlS
1972 266 2115 325 DPP.
2155 265 2338 325 PARS
2374 264 2465 322 Ill.
2523 296 2573 309 -
2613 262 3028 322 EXEGETICA.

3601 214 3791 318 ut.

446 406 530 445 me
548 389 848 459 proximum
880 396 986 444 est.
1023 386 1130 446 Per
1166 392 1367 445 tineam
1392 406 1522 447 vero
1554 393 1701 462 ipsos
1735 393 2017 449 comeden-

2147 391 2336 463 Ιισμοῦ.
2371 391 2519 461 Σῆτα
2561 389 2619 444 δὲ
2666 388 2886 444 καὶτὸν
2935 384 3458 459 καταϐιϐρὼσκοντα
3509 382 3712 447 αὐτοὺς

446 492 577 543 tem.
605 479 993 535 conscientiam
1031 480 1296 536 scelerum
1322 483 1393 537 ab
1426 483 1557 550 ipsis
1594 493 2025 555 perpetratorum

443 573 733 645 signiﬁcat,
764 587 884 641 qua:
926 573 1097 626 instar
1121 574 1323 628 vermis
1361 575 1597 629 animam
1641 576 1855 631 exedet.
1888 575 2030 630 Gen-

2129 482 2227 554 τὴν
2259 482 2565 553 συνείδησιν
2599 474 2674 535 ὧν
2709 481 3076 552 τετολμήκασι
3104 477 3274 549 δηλοῖ,
3309 477 3465 550 δίκην
3496 475 3719 547 σκώλη-

2129 589 2225 636 κος
2286 570 2680 642 κατεσθιούσης
2733 570 2834 642 τὴν
2878 570 3077 641 ψυχήν.
3138 568 3405 641 Ὀρῶντες
3451 567 3561 639 γὰρ
3611 566 3719 637 τὴν

442 665 575 717 tium
598 662 794 734 quippe
809 662 1217 718 conversionem
1235 663 1300 717 ad
1323 661 1511 731 Demn,
1535 678 1597 719 ac
1618 665 1849 729 ruinam,
1868 679 2028 735 quam

2147 662 2237 715 τῶν
2288 661 2457 716 ἐθνῶν
2503 662 2642 733 πρὸς
2678 661 2810 716 Θεὸν
2848 660 3204 733 ἐπιστροφὴν,
3236 660 3332 714 καὶ
3374 658 3473 730 τὴν
3504 658 3721 712 ἑαυτῶν

442 751 742 822 impietatis
773 767 884 807 suae
906 753 1082 820 fcausa
1122 752 1520 821 sustinuerunt,
1546 755 1966 827 conspicientes,
1999 770 2031 811 a

443 844 777 897 conscientia
801 844 1147 900 stimulantur
1172 855 1226 902 et
1257 846 1598 905 devorantur.

517 934 682 990 Vsus.
713 936 800 990 10.
825 955 843 988 ι
865 936 995 1003 Quis
1017 947 1103 992 est
1133 938 1189 991 in
1222 939 1377 993 vobis
1400 939 1489 1007 qui
1523 941 1676 995 timet
1709 939 2030 995 Dominum?

444 1022 634 1078 audiat
659 1038 842 1080 vocem
884 1027 1033 1094 pueri
1064 1026 1201 1097 ejus.
1257 1027 1607 1085 Ambulantes
1658 1029 1715 1083 in
1773 1028 2029 1097 tenebris,

440 1125 503 1172 et
537 1132 643 1171 non
676 1127 759 1172 est
791 1118 870 1172 eis
900 1117 1013 1183 lux,
1059 1120 1316 1175 conﬁdite
1353 1120 1406 1175 in
1440 1122 1662 1175 nomine
1708 1121 1947 1189 Domini,
1978 1133 2034 1179 et

448 1206 742 1263 iunitimiui
776 1208 903 1264 Deo.
934 1229 953 1262 ι
980 1209 1165 1283 Neque
1194 1214 1341 1268 enim
1373 1214 1495 1268 volo
1520 1223 1747 1268 mortem
1779 1224 2033 1282 peccato-

447 1303 548 1363 ris,
572 1300 714 1354 sicut
746 1303 1118 1370 pmnitentiam
1162 1305 1301 1373 ejus.
1327 1304 1508 1371 Quare
1543 1306 1706 1358 etiam
1754 1321 1896 1361 nunc
1938 1320 2034 1361 vos

446 1399 636 1452 evoco,
664 1389 755 1456 qui
805 1389 859 1441 in
894 1389 1136 1447 tenebris
1183 1393 1504 1461 ignorantia:
1551 1394 1865 1448 versamini.
1898 1392 2033 1449 Cum

448 1487 629 1532 autem
655 1495 878 1547 puerum
907 1480 998 1535 Dei
1017 1496 1136 1536 sesc
1158 1494 1458 1552 nuncupat,
1484 1483 1886 1553 intelligendum
1907 1499 2036 1554 pra:-

445 1567 563 1629 bet.
589 1583 670 1632 se,
698 1571 789 1641 qui
820 1572 980 1626 homo
1004 1572 1181 1628 factus
1203 1584 1308 1639 est,
1331 1590 1517 1630 verum
1544 1576 1634 1631 Dei
1654 1588 1709 1631 et
1726 1577 1901 1633 Patris
1931 1579 2032 1633 ηιξ..

447 1676 539 1714 um
556 1665 867 1732 essezquod
893 1680 1018 1721 vero
1037 1683 1136 1721 vox
1160 1668 1276 1735 ejus
1289 1670 1553 1722 audienda
1582 1669 1742 1733 foret,
1760 1670 1813 1724 id
1833 1687 2033 1741 nequa-

2131 753 2468 817 ἀπόπτωσιν,
2527 754 2594 824 ἠν
2635 752 2934 824 ὑπέμειναν
2966 751 3053 805 διὰ
3100 750 3200 815 τὰς
3227 749 3480 813 ἀσεϐείας
3504 748 3718 811 αὐτῶν,

2134 844 2354 916 ὑπὸτῆς
2382 844 2741 915 συνειδήσεως
2768 842 3160 915 τιτρώσκονται
3185 843 3281 897 κα)⁵
3308 841 3717 895 κατεσθίονται.

2207 957 2227 990 ι
2264 936 2357 1001 Τίς
2379 937 2436 989 ὲν
2457 938 2584 1008 ὑμῖν
2606 938 2634 990 ὁ
2657 934 2990 1006 φοϐούμενος
3015 934 3111 989 τὸν
3137 934 3341 1007 Κύριον
3364 951 3379 1001 ;
3407 933 3729 988 ὑπακουσά-

2131 1044 2210 1081 τω
2256 1027 2357 1098 τῆς
2390 1026 2575 1098 φωνῆς
2597 1024 2693 1079 τοῦ
2728 1024 2919 1089 παιδὸς
2950 1024 3139 1081 αὑτοῦ.
3171 1021 3621 1096 Οίπορευόμενοι
3662 1025 3729 1075 ἐν

2135 1119 2338 1185 σκότει,
2364 1118 2458 1172 καὶ
2491 1119 2590 1172 οὐκ
2616 1117 2763 1171 ἔστιν
2794 1117 2979 1181 αὐτοῖς
3005 1117 3149 1187 φῶς,
3179 1115 3474 1170 πεποίθατε
3511 1115 3609 1168 ἐπὶ
3639 1113 3729 1185 τῷ

2132 1211 2354 1282 ὀνόματι
2381 1209 2607 1282 Κυρίου,
2658 1211 2754 1264 καὶ
2793 1208 3245 1281 ἀντιστηρίσασθε
3275 1206 3369 1261 ἐπὶ
3407 1206 3486 1278 τῷ
3700 1224 3724 1257 ι

2134 1304 2212 1358 Οὐ
2237 1301 2345 1373 γὰρ
2377 1300 2634 1372 βούλομαι
2658 1300 2750 1354 τὸν
2774 1298 3001 1354 θάνατον
3025 1296 3118 1352 τοῦ
3147 1294 3494 1369 ἀμαρτωλοῦ,
3513 1295 3592 1359 ὡς
3618 1293 3732 1366 τὴν

2138 1393 2428 1466 μετάνοιαν
2460 1391 2647 1447 αὐτοῦ.
2681 1392 2843 1447 Ὅθεν
2873 1390 2955 1444 ἔτι
2995 1391 3091 1445 καὶ
3121 1388 3217 1443 νῦν
3250 1389 3396 1459 ὑμᾶς
3415 1386 3733 1442 ἀνακαλοῦ-

2139 1499 2257 1554 μαι,
2284 1484 2343 1536 ἐν
2370 1482 2448 1553 τῷ
2475 1482 2576 1552 τῆς
2604 1480 2826 1550 ἀγνοίας
2857 1481 3033 1551 σκότῳ
3059 1479 3443 1550 τυγχάνοντας.
3495 1478 3732 1533 Ἑαυτὸν
3838 1552 3841 1561 Ι

2135 1575 2193 1629 δὲ
2243 1575 2408 1628 παῖδα
2451 1573 2587 1627 Θεοῦ
2640 1573 2836 1643 λέγων,
2876 1572 3063 1644 ἐφίησι
3090 1576 3251 1637 νοεῖν,
3284 1572 3388 1636 ὅτι,
3432 1569 3734 1642 ἄνθρωπος

2137 1669 2398 1739 γεγονὼς,
2432 1667 2544 1731 υἱός
2577 1669 2724 1721 ἐστιν
2755 1665 3010 1737 ἀληθινὸς
3047 1666 3141 1719 τοῦ
3175 1664 3308 1719 Θεοῦ
3347 1664 3440 1718 καὶ
3462 1664 3689 1735 Πατρός
3713 1679 3737 1695 ο

447 1767 611 1820 quam
642 1754 772 1822 legis
802 1760 1164 1827 transgressio
1197 1769 1336 1825 erat,
1379 1760 1475 1814 sed
1506 1760 1854 1817 conﬁrmatio
1878 1740 2033 1833 legis,

2147 1763 2231 1816 καὶ
2254 1760 2316 1815 τὸ
2341 1761 2571 1816 ἀκοῦσαι
2598 1761 2698 1831 τῆς
2719 1759 2883 1813 αὑτοῦ
2909 1759 3092 1830 φωνῆς
3124 1758 3185 1811 οὐ
3220 1757 3384 1828 νόμου
3408 1755 3739 1828 παράϐασις

449 1860 570 1914 qua:
594 1862 690 1914 per
725 1847 948 1916 liguram
979 1858 1033 1903 et
1061 1851 1331 1915 umbram,
1372 1851 1656 1906 veritatem
1687 1852 1990 1909 delineabat
2016 1873 2031 1910 :

446 1952 569 2004 qua}
597 1947 677 1992 est
699 1937 811 2006 ipse
843 1937 981 1994 Deus
1008 1949 1064 1996 et
1083 1940 1202 2010 ejus
1228 1941 1500 1997 vaticinia.

520 2118 686 2175 Vsus.
717 2120 801 2174 ll.
841 2137 860 2171 ι
890 2117 1031 2174 Ecce
1069 2134 1164 2174 vos
1186 2133 1375 2176 omnes
1407 2120 1588 2191 ignem
1622 2120 1946 2187 accenditis,
1978 2128 2037 2176 et

449 2213 814 2268 corroboratis
862 2212 1129 2265 ﬂammam
1164 2230 1183 2265 ε
1221 2212 1491 2269 ambulate
1539 2213 1593 2267 in
1647 2212 1850 2267 lumine
1897 2212 2037 2283 ignis

450 2303 616 2358 vestri
656 2311 712 2358 et
757 2304 809 2357 in
845 2301 1059 2356 ﬂamma
1086 2318 1249 2371 quam
1280 2303 1660 2358 succendistis.
1694 2302 1924 2371 Propter
1951 2316 2035 2356 me

454 2394 594 2450 facta
631 2406 754 2451 sunt
779 2397 892 2451 haec
920 2397 1092 2458 vobis,
1119 2405 1174 2450 et
1210 2397 1260 2450 in
1291 2410 1524 2450 maerore
1554 2396 1856 2451 dormietis.
1884 2414 1904 2449 ι
1931 2393 2034 2450 So-

449 2486 561 2542 lum
587 2489 848 2554 accedite,
888 2499 944 2544 et
972 2488 1208 2550 obedite,
1233 2501 1297 2542 ac
1321 2488 1548 2542 salutem
1585 2486 1856 2556 pollicenti
1883 2487 2037 2541 vobis

451 2578 676 2633 credite.
705 2577 832 2643 Sed,
869 2588 929 2632 ut
965 2579 1144 2640 video,
1163 2592 1259 2631 vos
1289 2576 1357 2631 ab
1392 2578 1539 2630 omni
1572 2576 1712 2631 bona
1741 2590 1836 2644 spe
1863 2575 2037 2630 seclu—

452 2670 631 2736 sistis,
672 2680 911 2726 vestrum
939 2680 1120 2725 autem
1148 2670 1326 2737 ignem
1362 2669 1572 2740 augetis
1605 2678 1660 2723 et
1689 2669 1955 2723 roboratis
1980 2667 2035 2722 in

452 2763 836 2818 incredulitate
858 2772 1060 2828 vestra,
1091 2772 1146 2817 et
1174 2764 1225 2817 in
1257 2763 1609 2830 blasphemiis
1632 2762 1832 2817 vestris
1856 2776 2039 2829 perse-

452 2847 728 2923 verantes,
776 2855 1034 2926 illumque
1077 2855 1269 2910 aeterni
1305 2853 1549 2924 supplicii
1598 2853 1774 2922 ignem
1818 2857 1908 2921 qui
1943 2868 2038 2908 vos

453 2959 754 3020 exspectat,
791 2950 962 3019 magis
1011 2948 1286 3019 magisque
1338 2945 1655 3009 ascenditis,
1688 2945 2036 3015 quamobrem

2133 1852 2223 1927 ἦν,
2253 1854 2392 1910 ἀλλά
2427 1854 2718 1926 βεϐαίωσις
2745 1852 2936 1924 νόμου,
2966 1850 3056 1905 διὰ
3086 1849 3257 1903 τύπου
3284 1849 3378 1902 καὶ
3402 1849 3564 1911 σκιᾶς
3588 1864 3738 1919 προ-

2134 1950 2540 2021 αναγράφοντος
2561 1948 2659 2020 τὴν
2681 1944 2939 2018 ἀλήθειαν
2958 1985 2975 2012 ,
2999 1944 3119 2015 ἥτις
3145 1943 3293 1997 ἐστὶν
3317 1943 3346 1995 ὁ
3369 1940 3501 2004 Θεὸς
3528 1940 3630 1994 καὶ
3658 1938 3737 1994 τὰ

2136 2042 2301 2098 αὐτοῦ
2333 2041 2701 2113 θεσπίσματα.

2211 2153 2232 2187 ι
2278 2134 2408 2189 Ἰδοὺ
2439 2134 2641 2197 πάντες
2669 2134 2828 2205 ύμεϊς
2866 2130 2980 2207 πῦρ
3006 2148 3210 2197 κα.ετε,
3254 2147 3349 2184 και
3393 2126 3733 2198 κατισχύετε

2137 2225 2341 2296 φλόγαο
2378 2224 2678 2296 πορεύεσθε
2707 2223 2785 2294 τῷ
2822 2224 2962 2293 φωτὶ
3002 2221 3095 2276 τοῦ
3127 2220 3301 2293 πυρὸς
3324 2219 3499 2291 ὑμῶν,
3527 2218 3629 2272 καὶ
3658 2220 3730 2289 τῇ

2137 2316 2297 2387 φλογὶ
2392 2315 2743 2383 ἐξεκαύσατε.
2777 2316 2854 2368 Δι’
2876 2314 2980 2386 ἐ.μέ
3012 2312 3228 2384 ἐγένετο
3255 2310 3430 2366 ταῦτα
3456 2311 3609 2381 ὑμῖν,
3633 2308 3732 2361 καὶ

2137 2412 2196 2464 ὲν
2223 2408 2368 2482 λύπῃ
2401 2406 2822 2479 κοιμηθήσεσθε.
2861 2428 2882 2458 ι
2913 2408 3089 2461 Μόνον
3121 2406 3305 2477 ἥκετε,
3345 2403 3441 2457 καὶ⁵
3478 2399 3733 2455 ὑπακού-

2138 2518 2290 2565 σατε,
2331 2498 2784 2570 ἐπαγγελλομένῳ
2811 2515 2871 2552 τε
2906 2498 3034 2569 ὑμῖν
3057 2496 3333 2567 σωτηρίαν
3369 2493 3727 2548 πιστεύσατε.

2150 2592 2287 2646 Ἀλλ’
2314 2592 2390 2655 ὼς
2428 2591 2561 2663 όρῶ,
2611 2590 2791 2661 πάσης
2840 2588 2937 2660 μὲν
2979 2587 3191 2658 ἀγαθῆς
3237 2585 3451 2649 ἐλπίδος
3497 2583 3730 2646 ἑαυτοὺς

2137 2684 2474 2751 ἀποκλείετε,
2499 2683 2560 2737 τὸ
2579 2683 2637 2737 δὲ
2659 2681 2839 2735 αύτῶν
2869 2680 2980 2754 πῦρ
3013 2679 3280 2753 σωρεύετε
3314 2677 3410 2737 καὶ
3445 2677 3731 2747 κατισχύε-

2135 2794 2195 2831 τε
2227 2779 2293 2848 τῇ
2328 2774 2537 2830 ἑαυτῶν
2559 2774 2912 2846 ἐπιμένοντες
2940 2770 3168 2842 ἀπιστίᾳ
3189 2770 3283 2824 καὶ
3302 2771 3424 2831 ταῖς
3444 2769 3565 2821 κατ’
3586 2765 3728 2839 ἐμοῦ

2140 2864 2532 2936 βλασφημίαις,
2556 2865 2652 2917 καὶ
2678 2862 2741 2915 τὸ
2767 2859 3059 2933 περιμένον
3087 2859 3233 2929 ὑμᾶς
3259 2856 3361 2927 τῆς
3385 2854 3606 2909 αἰωνίου
3635 2869 3729 2907 ποο-

2137 2958 2348 3021 λάσεως
2374 2957 2484 3030 πῦρ
2515 2953 2773 3028 μειζόνως
2797 2953 3122 3019 ἐξάπτοντες
3141 2968 3153 2981 ’
3177 2951 3257 3005 διὸ
3294 2951 3390 3004 καὶ
3421 2968 3440 3001 ι
3492 2950 3551 3002 ἐν
3579 2947 3730 3021 λύπῃ

459 3059 483 3095 ι
517 3041 571 3095 in
603 3055 835 3097 maerore
882 3039 1196 3103 dormietis;
1236 3055 1255 3089 ι
1298 3038 1413 3092 sive
1443 3035 1739 3091 secundum
1792 3035 2039 3104 Symma-

2147 3049 2549 3122 κοιμηθήσεσθε
2571 3065 2585 3080 ο
2629 3067 2649 3102 ι
2684 3047 2718 3119 ἢ
2752 3046 2894 3102 κατά
2937 3046 3029 3099 τὸν
3057 3042 3376 3114 Σύμμαχον,
3415 3060 3435 3093 ι
3469 3041 3531 3095 ἐν
3564 3040 3727 3111 ὀδύνῃ

458 3133 642 3197 chum,
679 3149 699 3184 ι
742 3132 795 3186 in
828 3132 1016 3186 dolore
1050 3130 1350 3186 dormietis.
1385 3147 1406 3182 ο

1049 3241 1281 3298 CAPUT
1321 3242 1408 3298 LI.

531 3359 692 3415 Vens.
717 3358 1027 3423 LtAudite,
1049 3358 1137 3426 qui
1161 3356 1544 3427 persequimini
1567 3355 1922 3423 quodjustum
1940 3364 2043 3419 est,

455 3461 513 3507 et
540 3453 629 3522 qui
658 3452 907 3522 quaeritis
956 3451 1264 3506 Dominum.
1303 3467 1322 3501 ι
1369 3449 1503 3514 Quia
1556 3448 1777 3502 immani
1818 3449 2045 3502 stultitia

454 3544 713 3600 obcaecati
741 3542 1047 3597 Iudaeorum
1081 3541 1261 3611 populi
1306 3542 1648 3611 unigenitum
1677 3540 1769 3596 Dei
1808 3541 2045 3596 Verbum

454 3636 513 3691 in
543 3635 715 3690 forma
768 3646 978 3701 nostra,
1009 3635 1065 3689 id
1096 3642 1180 3689 est
1218 3633 1489 3688 hominem
1526 3632 1727 3687 factum
1777 3634 2044 3699 videntes,

454 3730 573 3795 ejus
602 3728 914 3799 mysterium
945 3743 1048 3781 non
1075 3725 1451 3780 intellexerunt
1483 3726 1612 3781 :sed
1638 3728 1872 3782 amentia
1899 3725 2047 3781 ducti

456 3837 575 3885 sua,
600 3820 914 3889 plermnque
948 3819 1121 3888 ipsum
1153 3817 1483 3886 blasphemis
1505 3816 1666 3871 dictis
1707 3816 2049 3886 impudenter

457 3912 800 3966 incessebant
834 3927 849 3965 :
882 3925 1030 3974 nam,
1065 3921 1123 3962 ut
1148 3908 1308 3977 paulo
1335 3917 1462 3961 ante
1489 3908 1898 3974 dixi,eximiam
1930 3906 2046 3977 glo-

458 4005 595 4057 riam
642 4012 699 4058 et
752 4003 1007 4057 virtutem
1060 4016 1213 4057 suam
1269 4000 1399 4069 ipsis
1451 4001 1736 4071 perspicue
1785 3999 2046 4064 declarat,

458 4101 619 4163 atque
655 4108 841 4149 eorum
893 4093 1154 4163 quosdam
1192 4109 1261 4147 ne
1299 4109 1357 4148 se
1381 4094 1529 4163 parvi
1561 4093 1917 4157 mStimarent,
1955 4091 2049 4146 de-

457 4191 626 4239 terret
671 4186 755 4240 his
802 4185 1005 4248 verbis,
1041 4203 1061 4236 ι
1098 4184 1364 4240 Coulidite
1413 4185 1466 4239 in
1517 4184 1779 4250 Domino;
1820 4202 1838 4235 ι
1892 4199 2051 4254 aper-

457 4277 667 4333 tissime
703 4278 867 4348 igitur
893 4293 952 4332 se
987 4276 1270 4331 Dominum
1302 4266 1364 4332 et
1394 4277 1561 4331 Deum
1596 4292 1716 4332 esse
1750 4276 1900 4342 dicit,
1931 4276 2047 4345 qui,

2147 3141 2572 3216 κοιμηθήσεσθε.
2611 3158 2632 3194 ι

2647 3252 3045 3308 ΚΕΦΑΛΑῙΟΝ
3089 3236 3217 3305 Νλι.

2222 3388 2241 3420 ε
2294 3369 2608 3433 Ἀκούσατε,
2642 3368 2692 3420 οί
2720 3367 3008 3430 διώκοντες
3030 3364 3090 3419 τὸ
3114 3364 3339 3428 δίκαιον,
3370 3362 3465 3417 καὶ
3502 3358 3734 3433 ζητοῦν-

2144 3476 2237 3523 τες
2255 3460 2347 3512 τὸν
2372 3460 2594 3532 Κύριονζ
2626 3479 2645 3512 ι
2685 3457 2905 3528 Ἐπειδὴ
2928 3460 2993 3511 ἐκ
3022 3456 3222 3527 πολλῆς
3245 3455 3383 3525 ἄγαν
3398 3452 3734 3524 ἀϐελτηρίας

2146 3551 2196 3602 οἱ
2224 3548 2331 3603 τῶν
2368 3540 2633 3604 Ἰουδαίων
2660 3549 2821 3621 δῆμοι
2844 3548 2935 3636 rex
2966 3549 3226 3619 μονογενῆ
3258 3545 3352 3599 τοῦ
3385 3543 3522 3599 Θεοῦ
3557 3544 3733 3613 Λόγον

2142 3639 2381 3713 ὁρῶντες
2414 3642 2471 3694 ἐν
2505 3640 2632 3694 εἴδει
2675 3639 2753 3711 τῷ
2784 3638 2903 3694 καθ’
2936 3640 3104 3711 ἡμᾶς,
3146 3636 3395 3690 τουτέστι
3439 3636 3734 3708 γενόμενον

2148 3732 2454 3805 ἄνθρωπον,
2488 3733 2547 3785 οὐ
2582 3732 2831 3785 συνίεσαν
2870 3730 2969 3801 μὲν
2999 3728 3059 3783 τὸ
3090 3730 3176 3783 ἐπ’
3210 3727 3358 3799 αύτῷ
3392 3727 3694 3799 μυστήριον
3715 3741 3731 3756 ·

2148 3824 2533 3889 ἀσυνετοῦντες
2578 3823 2637 3877 δὲ
2682 3821 3008 3894 πλεισταχοῦ
3067 3819 3447 3892 παλιμφήμοις
3498 3816 3735 3870 ἐλύπουν

2151 3918 2356 3984 φωναῖς
2383 3914 2612 3978 ἀναιδῶς
2631 3931 2645 3944 ·
2680 3913 2931 3986 καθάπερ
2965 3912 3074 3985 γὰρ
3108 3912 3245 3983 ἔφην
3275 3909 3498 3982 ἀρτίως,
3526 3907 3736 3982 ἐναργῆ

2151 4009 2472 4080 καθίστησιν
2504 4006 2687 4068 αὐτοῖς
2718 4005 2817 4078 τὴν
2853 4002 3404 4077 σεμνοπρεπεστάτην
3433 4000 3603 4055 αὐτοῦ
3645 4001 3734 4055 δό-

2152 4100 2247 4166 ξαν
2278 4119 2339 4154 τε
2369 4094 2462 4154 καὶ
2491 4100 2739 4170 δύναμιν,
2771 4097 2867 4151 καὶ
2902 4097 2995 4151 τοῦ
3028 4095 3200 4168 μικρὰ
3228 4096 3443 4166 φρονεῖν
3469 4093 3556 4147 ἐπ’
3584 4091 3737 4163 αὐτῷ

2152 4190 2436 4263 βούλεσθαί
2465 4208 2615 4253 τινας
2638 4188 2985 4260 ἀποκομίζει,
3029 4186 3224 4256 λέγων,
3257 4205 3275 4237 ι
3300 4184 3609 4238 Πεποίθατε
3645 4183 3737 4237 ἐπὶ

2151 4283 2230 4354 τῷ
2247 4283 2452 4356 Κυρίῳ.
2498 4302 2516 4335 i
2560 4281 2962 4353 Ἐναργέστατα
2989 4280 3053 4350 δὴ
3072 4275 3165 4335 οὖν
3190 4277 3394 4351 Κύριον
3417 4275 3615 4331 ἑαυτὸν
3645 4276 3738 4330 καὶ

457 4370 534 4423 uti
560 4370 671 4438 jam
698 4371 843 4435 dixi,
875 4369 1121 4424 homines
1151 4371 1410 4437 deterret,
1449 4386 1515 4424 ne
1556 4371 1621 4423 de
1661 4384 1719 4424 se
1758 4368 2039 4422 humiliore

2153 4376 2284 4431 Θεὸν
2314 4373 2450 4428 εἷναί
2477 4391 2661 4446 φησιν,
2685 4370 3056 4444 ἀποκομίζων,
3095 4371 3171 4436 ὡς
3203 4371 3359 4442 ἔφην,
3386 4368 3480 4423 τοῦ
3525 4386 3736 4440 χαμαι-

456 4463 619 4519 modo
664 4462 899 4518 sentiant
931 4471 988 4516 et
1016 4463 1323 4531 loquantur.
1363 4477 1382 4511 ‹
1428 4459 1704 4530 ReSpicite
1739 4460 1791 4514 in
1831 4459 2039 4514 lirmam

2148 4461 2326 4525 πετῶς
2355 4438 2679 4533 περὶαύτοῦ
2714 4438 2998 4530 βούλεσθαι
3041 4438 3258 4532 φρονεῖν
3288 4438 3350 4512 τε
3394 4458 3492 4511 καὶ
3528 4438 3735 4527 λέγειν.

455 4566 691 4625 petram,
723 4570 885 4625 quam
918 4557 1216 4615 excidistis.
1249 4568 1304 4611 et
1333 4558 1385 4612 in
1417 4557 1623 4611 foveam
1658 4554 1831 4619 lacus,
1876 4569 2037 4622 quam

457 4641 736 4702 eﬂodistis.
774 4665 794 4700 ι
825 4647 1050 4702 Videtur
1072 4649 1155 4703 his
1180 4650 1529 4704 subindicare
1565 4648 1708 4701 illam
1740 4647 1910 4717 ipsam
1942 4661 2041 4714 pe-

456 4745 598 4791 tram
622 4778 636 4801 ,
660 4753 780 4803 qua:
810 4738 1109 4795 Salvatoris
1137 4754 1336 4811 corpus
1362 4742 1593 4811 excepit,
1625 4741 1678 4794 in
1702 4756 1805 4811 qua
1840 4737 2039 4810 Juseph

458 4826 771 4895 speluncam
799 4829 1080 4883 excavavit
1115 4828 1167 4882 iu
1195 4845 1333 4885 novo
1366 4843 1720 4886 monumento
1750 4844 1867 4885 suo.

2153 4573 2172 4607 ι
2218 4553 2555 4626 Ἐμϐλέψατε
2589 4554 2667 4617 εἰς
2699 4552 2796 4624 τὴν
2833 4549 3058 4623 στερεάν
3093 4552 3321 4624 πέτραν,
3358 4550 3425 4622 ἢν
3464 4550 3736 4622 ἐλατομή-

2147 4665 2296 4711 σατε,
2330 4647 2424 4701 καὶ
2449 4647 2531 4711 εἰς
2555 4645 2647 4699 τὸν
2678 4646 2898 4717 βόθυνον
2925 4647 3020 4701 τοῦ
3048 4647 3277 4710 λάκκου,
3316 4644 3376 4698 δν
3400 4642 3673 4715 ὠρύξατε.
3707 4661 3730 4697 ι

2147 4741 2364 4793 Ἔοικεν
2395 4741 2423 4792 ὁ
2442 4739 2597 4808 λόγος
2626 4738 2715 4792 διὰ
2736 4739 2941 4793 τούτων
2962 4737 3295 4794 αἰνίττεσθαι
3325 4736 3493 4808 αὐτὴν
3519 4737 3734 4807 ἐκείνην

2142 4830 2240 4901 τὴν
2270 4829 2333 4884 τὸ
2368 4829 2526 4900 σῶμα
2554 4829 2648 4882 τοῦ
2678 4831 2929 4903 Σωτῆρος
2969 4828 3375 4902 ὑποδεξαμένην
3402 4828 3636 4900 πέτραν,
3678 4829 3733 4887 ἐν

458 4913 539 4993 ﬁs
577 4920 776 4991 Ἰωσὴφ
807 4921 868 4974 τὸ
897 4923 1160 4995 σπήλαιον
1192 4922 1400 4998 ὤρυξεν
1445 4925 1503 4978 ἐν
1544 4922 1624 4995 τῷ
1665 4922 1833 4994 καινῷ
1877 4922 2047 4977 αὐτοῦ
2079 4924 2351 4995 μνημείῳ.

537 5032 694 5088 Vens.
730 5034 785 5087 2.
830 5052 847 5086 ι
879 5035 1218 5107 Respicitein
1239 5038 1511 5093 Abraham
1538 5048 1747 5109 patrem
1775 5050 2036 5109 vestrum,

457 5127 590 5181 etin
622 5126 813 5181 Saram
847 5142 966 5197 qua:
1004 5129 1290 5198 parturivit
1319 5146 1415 5185 vos
1449 5152 1461 5186 :
1494 5132 1618 5200 quia
1654 5148 1790 5187 unus
1827 5143 1965 5200 erat,
1997 5144 2050 5189 et

460 5218 642 5271 vocavi
670 5232 817 5283 eum,
849 5227 901 5272 et
944 5216 1194 5274 benedixi
1226 5218 1308 5284 ei,
1337 5229 1391 5274 et
1416 5218 1575 5275 dilexi
1609 5235 1755 5286 eum,
1781 5231 1836 5277 et
1868 5223 2048 5277 multi-

461 5307 654 5377 plicavi
702 5324 847 5366 eum.
891 5326 911 5362 ι
966 5311 1428 5378 Quemadmodum
1473 5311 1638 5381 igitur
1676 5313 1731 5367 in
1758 5315 2047 5369 iAhrabam

462 5396 566 5453 feci
583 5441 602 5470 ,
629 5400 707 5456 sic
724 5415 792 5457 ne
812 5401 1108 5472 desperetis
1136 5417 1200 5458 ex
1226 5403 1326 5458 bac
1343 5413 1515 5472 petra,
1535 5419 1696 5473 quam
1719 5420 1814 5461 vos
1847 5407 2048 5461 excidi-

464 5489 585 5556 stis,
619 5494 906 5561 quamdam
940 5493 1130 5549 salutis
1152 5508 1301 5564 spem
1334 5494 1586 5551 omnibus
1623 5495 2043 5565 hominibusm-

466 5588 643 5636 turam
666 5598 818 5649 esse;
844 5586 985 5654 quod
1015 5586 1087 5639 illi
1116 5602 1221 5641 non
1247 5588 1495 5656 privandi
1525 5588 1635 5644 sint
1666 5589 1754 5643 illa
1772 5588 1841 5644 ad
1870 5587 2045 5643 Abra-

463 5674 592 5734 ham
630 5677 792 5744 facta,
822 5687 875 5733 et
926 5693 1023 5749 per
1052 5694 1137 5736 me
1178 5680 1430 5738 ontnibus
1468 5681 1717 5753 statibus
1760 5697 1859 5752 per
1886 5683 2043 5754 hujus

2221 5060 2240 5094 ι
2291 5040 2631 5111 Ἐμϐλὲψατε
2661 5041 2742 5103 είς
2780 5038 3032 5111 Ἀϐραὰμ
3059 5036 3151 5092 τὸν
3181 5035 3396 5107 πατέρα
3429 5034 3608 5106 ὑμῶν,
3645 5036 3733 5090 καὶ

2146 5135 2225 5197 είς
2256 5132 2473 5204 Σάρραν
2488 5132 2588 5203 τὴν
2603 5130 2900 5184 ὠδίνουσαν
2935 5130 3110 5200 ὑμᾶς’
3142 5128 3225 5182 ὅτι
3257 5123 3338 5191 εἷς
3363 5121 3453 5199 ἦν,
3484 5127 3578 5180 καὶ
3603 5127 3729 5180 ἐκά-

2142 5222 2274 5276 λεσα
2304 5221 2490 5285 αὐτὸν,
2534 5221 2628 5273 καὶ
2666 5219 2944 5289 εύλόγησα
2977 5218 3167 5283 αὐτὸν,
3206 5217 3300 5272 καὶ
3339 5217 3605 5287 ἠγάπησα
3636 5214 3731 5269 αύ-

2140 5314 2252 5378 τὸν,
2300 5313 2394 5367 καὶ
2445 5311 2722 5382 ὲπλήθυνα
2780 5310 2962 5367 αὐτόν.
3016 5329 3036 5364 ι
3087 5311 3298 5381 ’Ὠσπερ
3340 5303 3435 5363 οὖν
3487 5309 3585 5362 ἐπὶ
3641 5306 3727 5361 τὸν

2156 5402 2405 5475 Ἀϐραὰμ
2426 5402 2727 5473 πεποίηκα,
2758 5401 2931 5465 οὕτως
2960 5401 3036 5473 μὴ
3068 5399 3501 5470 ἀπογινώσκετε,
3532 5398 3611 5461 ὡς
3636 5395 3726 5451 καὶ

2148 5495 2258 5550 ἀπὸ
2280 5495 2380 5565 τῆς
2407 5494 2614 5567 πέτρας
2634 5493 2857 5564 ταύτης,
2888 5495 2955 5565 ἢν
2981 5493 3140 5565 ὑμεῖς
3160 5492 3313 5546 αὐτοὶ
3333 5490 3722 5561 ἐλατομήσατε,

2149 5587 2301 5640 ἔσται
2324 5603 2406 5650 τις
2435 5585 2593 5649 ἐλπὶς
2624 5584 2844 5654 ἀπάσης
2875 5583 3184 5656 ἀνθρώποις
3214 5581 3510 5654 σωτηρξας,
3543 5580 3620 5645 ὡς
3653 5576 3721 5649 μὴ

2150 5678 2540 5750 ἀπολειφθῆναι
2569 5677 2667 5748 τῆς
2701 5676 2837 5749 πρὸς
2865 5676 2975 5739 τὸν,
2993 5676 3245 5750 Ἀϐραὰμ
3266 5673 3602 5746 ἐπαγγελίας
3629 5671 3722 5745 τὴν
