3880 6216
195 335 311 393 145

1171 335 1679 395 COMMENTARIA
1714 338 1781 394 IN
1819 339 2074 396 ISAIAM.
2117 368 2184 382 -—
2222 341 2376 400 CAP.
2416 343 2502 401 LI.

3346 353 3465 415 H6

195 455 570 534 δοθησομένην
601 455 774 541 ἄπεισι
800 458 913 522 τοῖς
936 457 1144 513 ἔθνεσιν
1166 461 1224 527 ἐξ
1246 460 1379 532 ἐμοῦ
1400 462 1486 517 διὰ
1515 463 1613 534 τῆς
1639 465 1769 537 εἱρη·

1884 475 2047 533 βου-αι
2073 467 2299 536 gratiam
2327 469 2525 535 danda,
2561 470 2932 540 promissione.
2950 471 3107 530 Petra
3141 474 3319 547 itaque
3341 486 3467 537 eras

202 549 376 622 μένης
398 551 606 620 πέτρας
629 550 812 622 χάριν.
845 546 955 603 Ἦν
994 551 1095 622 μὲν
1125 547 1218 606 οὖν
1237 553 1412 625 πέτρα
1442 555 1617 609 καὶτὸ
1639 559 1780 629 σπή-

196 642 352 696 λαιον
377 640 766 712 δ’ἐλατόμησεν
803 643 832 696 6
867 642 1064 714 Ἰωσὴφ
1093 646 1174 708 εἰς
1196 648 1493 718 μνημεῖον·
1524 647 1657 701 ἀλλὰ
1689 650 1781 702 καὶ

195 732 288 786 τὸν
313 732 549 803 Χριστὸν
592 731 755 785 αὐτὸν
801 728 940 787 οἶδεν
980 736 1009 787 6
1038 733 1183 799 θεῖος
1213 736 1532 802 ’Δπόστολος
1576 738 1780 810 πέτραν

196 825 510 895 ὀνομάζειν,
560 825 766 895 λέγων,
807 845 825 878 ι
872 827 938 880 Ἦ
989 826 1047 881 δὲ
1098 827 1273 899 πέτρα
1319 823 1388 900 ἦν
1415 829 1718 900 ὁΧριστός.
1756 849 1775 884 ›

207 917 434 989 Ἐπειδὴ
491 920 680 989 χεῖρας
731 916 1082 982 ἐπιϐαλόντες
1113 918 1176 972 τὸ
1224 918 1382 990 σῶμα
1410 919 1505 973 τοῦ
1544 920 1779 993 Χριστοῦ

196 1008 545 1080 ἐλωϐήσαντο
577 1010 718 1065 κατὰ
749 1010 809 1064 τὸ
837 1009 1011 1074 πάθος
1040 1012 1088 1063 οἱ
1120 1012 1213 1066 τὸν
1242 1010 1468 1065 θάνατον
1491 1012 1655 1067 αὐτοῦ
1688 1032 1780 1068 τυ-

202 1101 518 1172 ρεύσαντες,
569 1103 795 1167 εἰκότως
832 1104 971 1175 πρὸς
999 1104 1195 1168 αὐτοὺς
1225 1105 1437 1176 εἴρηται
1462 1105 1544 1171 τὸ,
1594 1124 1613 1158 ι
1649 1106 1779 1177 Ἐμ-

198 1192 434 1263 ϐλέψατε
458 1196 538 1258 εἰς
557 1195 656 1265 τὴν
685 1196 913 1267 στερεὰν
934 1195 1159 1268 πέτραν,
1187 1197 1252 1269 ἣν
1277 1197 1664 1268 ὲλατομήσατε,
1688 1199 1783 1252 καὶ⁵

197 1286 276 1347 εἰς
309 1284 403 1338 τὸν
434 1284 656 1355 βόθυνον
707 1284 802 1339 τοῦ
846 1286 1073 1354 λάκκου,
1116 1287 1174 1340 δν
1200 1286 1470 1358 ὠρύξατε.
1499 1307 1520 1340 ι
1554 1289 1780 1360 Μήποτε

198 1369 422 1439 βόθυνον
465 1372 670 1426 λάκκου
722 1375 942 1444 ᾐνίξατο
986 1376 1085 1447 τὴν
1129 1376 1430 1447 τρωθεῖσαν
1465 1376 1559 1431 τοῦ
1595 1377 1781 1449 σώμα-

194 1478 290 1525 τος
309 1462 477 1517 αὐτοῦ
506 1463 766 1537 πλευρὰν,
800 1465 857 1533 ἐξ
883 1462 952 1538 ἧς
971 1461 1109 1538 αἷμα
1130 1468 1227 1521 καὶ
1250 1465 1395 1539 ὕδωρ
1418 1466 1704 1539 προῆλθεν.

273 1662 296 1695 ι
330 1642 441 1697 Καὶ
469 1645 530 1697 σὲ
568 1644 665 1699 νῦν
703 1646 1088 1718 παρακαλέσω,
1112 1648 1271 1715 Σιὼν,
1298 1648 1394 1703 καὶ
1431 1649 1780 1721 παρεκάλεσα

196 1735 376 1790 πάντα
416 1736 485 1789 τὰ
518 1736 698 1808 ἔρημα
728 1740 894 1810 αὐτῆς
917 1757 931 1770 ·
980 1740 1075 1792 καὶ
1108 1739 1258 1813 θήσω
1288 1740 1356 1794 τὰ
1377 1739 1557 1812 ἔρημα
1608 1742 1780 1813 αὐτῆς

1883 557 1996 621 illa,
2030 568 2086 612 et
2117 557 2392 627 Spelunca,
2432 574 2593 629 quam
2620 559 2815 632 Joseph
2852 565 3336 623 in-tnonumentmn
3363 586 3465 624 ex-

1882 647 2111 703 cavavit.
2155 648 2226 702 At
2267 647 2542 704 Christum
2594 652 2756 706 etiam
2796 654 3005 711 divinus
3040 658 3325 727 Apostolus
3366 672 3479 732 pe-,'

1884 747 2020 793 tram
2061 739 2330 810 appellare
2360 744 2528 809 novit,
2567 743 2751 797 dicens
2775 744 2844 809 ³⁷,
2877 763 2896 796 ι
2935 745 3093 801 Petra
3120 762 3297 804 autem
3341 762 3464 811 erat

1852 844 1857 847 '
1882 830 2149 886 Christus.
2174 849 2193 883 ι
2215 831 2346 898 Quia
2371 832 2581 902 injectis
2606 835 2853 891 manibus
2878 853 3073 908 corpus
3095 836 3292 896 Christi
3326 853 3467 898 tem-

1882 934 2014 990 pore
2061 921 2331 990 passionis
2360 923 2750 990 deformarunt,
2789 930 2878 997 qui
2914 941 3139 985 mortem
3180 932 3295 1000 ejus
3339 950 3457 990 ma-

1882 1012 2081 1068 chinati
2114 1022 2260 1080 sunt,
2288 1016 2482 1071 merito
2522 1018 2721 1073 dicitur
2752 1021 2906 1090 ipsis,
2929 1040 2947 1073 ι
2974 1021 3247 1092 lteSpicite
3279 1028 3330 1081 in
3369 1028 3487 1109 αι’-Ι

1882 1116 2022 1156 mam
2054 1113 2283 1174 petram,
2315 1120 2474 1176 quam
2527 1110 2827 1175 excidistis,
2855 1121 2908 1166 et
2953 1113 3005 1167 in
3048 1111 3255 1169 foveam
3288 1116 3457 1184 lacus,

1880 1207 2040 1262 quam
2064 1194 2345 1251 etfodistis.
2376 1216 2396 1249 ι
2426 1198 2561 1253 Num
2592 1200 2753 1255 etiam
2779 1218 2874 1272 per
2900 1202 3108 1258 foveam
3139 1206 3287 1262 lacus
3319 1208 3460 1264 latus

1881 1286 2125 1354 corporis
2146 1287 2262 1355 ejus
2283 1287 2620 1346 vulneratum
2653 1294 2983 1361 subindicat,
3015 1311 3081 1352 ex
3111 1314 3216 1369 quo
3240 1302 3461 1373 sanguis

1879 1385 1933 1431 et
1960 1391 2098 1447 aqua
2137 1378 2503 1449 proﬂuxerunt
2536 1382 2557 1444 ξ

1955 1637 2116 1695 Vnus.
2142 1642 2195 1697 ’5.
2220 1660 2240 1694 ι
2274 1642 2338 1698 Ει
2357 1653 2407 1699 te
2430 1661 2569 1702 nunc
2598 1649 2940 1715 consolabor,
2970 1652 3186 1719 Sion,et
3216 1658 3461 1714 consola-

1882 1736 1969 1783 tus
1993 1746 2109 1784 sum
2143 1734 2321 1789 omnia
2368 1738 2577 1793 deserta
2612 1740 2764 1809 ejus:
2793 1754 2848 1797 et
2869 1760 3063 1815 ponam
3102 1749 3311 1805 deserta
3343 1753 3459 1822 ejus

194 1824 273 1887 ὡς
304 1825 654 1896 παράδεισον,
687 1829 781 1881 καὶ
808 1828 878 1882 τὰ
909 1829 1048 1902 πρὸς
1074 1829 1283 1902 δυσμὰς
1311 1832 1480 1904 αὐτῆς
1505 1833 1583 1896 ὡς
1605 1835 1769 1906 παρά-

1882 1831 2134 1892 tanquam
2163 1829 2492 1895 paradisum;
2533 1843 2584 1886 et
2630 1849 2750 1903 qua:
2781 1847 2906 1890 sunt
2953 1841 3020 1892 ad
3061 1855 3312 1898 occasum
3342 1845 3458 1913 ejus

193 1913 375 1969 δεισον
411 1918 636 1989 Κυρίου.
680 1920 1030 1992 Εὐφροσύνην
1063 1923 1157 1976 καὶ
1183 1924 1491 1996 άγαλλίαμα
1516 1928 1778 2000 εὑρήσου-

195 2021 283 2059 σιν
309 2009 369 2060 ὲν
388 2009 547 2080 αὐτῇ,
572 2011 955 2084 ἐξομολόγησιν
976 2013 1072 2066 καὶ
1101 2015 1283 2089 φωνὴν
1305 2018 1582 2082 αἰνέσεως.
1616 2038 1635 2071 ι
1691 2022 1779 2086 Ὠς

197 2100 258 2151 ἐν
300 2098 605 2169 παραθέσει
636 2100 693 2154 δὲ
731 2102 829 2173 τῆς
878 2103 1045 2156 πάλαι
1081 2106 1313 2177 ἐχούσης
1344 2106 1435 2160 τὸν
1466 2106 1653 2180 ἄνδρα,
1685 2109 1780 2165 νῦν

191 2190 228 2259 ἡ
258 2190 323 2256 ἐξ
372 2190 543 2244 ἐθνῶν
613 2193 905 2265 Ἐκκλησία
966 2194 1127 2249 πάλιν
1190 2195 1394 2269 ἔρημος
1450 2198 1775 2273 ὠνομάσθη·

191 2279 390 2352 ὥσπερ
423 2277 516 2335 οὖν
553 2284 648 2337 καὶ
674 2285 846 2350 αὐτὸς
879 2289 907 2342 6
947 2290 1234 2362 προφήτης
1262 2291 1527 2358 θεσπίζει,
1579 2294 1771 2364 λέγων·

195 2389 222 2425 ι
250 2373 601 2446 Εὐφράνθητι
654 2378 861 2449 στείρα,
886 2381 919 2451 ὴ
951 2380 1011 2433 οὐ
1038 2381 1295 2437 τίκτουσα
1327 2400 1341 2414 ·
1362 2384 1525 2455 ῥῆξον
1546 2388 1637 2439 καὶ¹
1651 2386 1778 2459 βόη-

192 2480 312 2527 σον,
340 2465 376 2535 ἠ
408 2465 508 2518 οὐκ
528 2465 790 2521 ὠδίνουσα
806 2486 821 2500 ·
849 2470 930 2524 ὅτι
946 2470 1117 2525 πολλὰ
1138 2472 1210 2527 τὰ
1237 2474 1401 2527 τέκνα
1420 2475 1519 2545 τῆς
1541 2477 1639 2548 ὲρή
1650 2494 1772 2547 μου,

193 2552 403 2622 μᾶλλον
433 2553 468 2620 ἢ
500 2555 602 2626 τῆς
633 2556 863 2630 ἐχούσης
890 2559 982 2614 τὸν
1021 2561 1211 2633 ἄνδρα.
1249 2581 1269 2614 ι
1306 2563 1405 2627 Τίς
1425 2564 1481 2618 δὲ
1506 2560 1574 2636 ἦν
1611 2568 1643 2637 ἡ
1684 2567 1774 2621 τὸν

190 2645 379 2717 ἄνδραο
419 2645 617 2716 ἔχουσα
660 2650 774 2704 ἀλλ’
825 2651 859 2722 ἢ
893 2653 925 2723 ἡ
967 2652 1030 2706 τὸ
1068 2652 1271 2724 βιϐλίον
1315 2655 1410 2709 τοῦ
1444 2656 1772 2713 ἀποστασίου

194 2738 542 2811 ποιησαμένη
560 2757 575 2805 ;

271 2846 294 2880 ι
341 2829 638 2884 Ἀκούσατὲ
672 2849 794 2904 μου,
830 2834 1100 2891 ἀκούσατέ
1127 2854 1250 2908 μου,
1278 2838 1405 2903 λαός
1438 2858 1560 2912 μου,
1595 2845 1688 2898 καὶ
1723 2846 1772 2899 οἱ

194 2915 464 2987 βασιλεῖς,
486 2920 623 2991 πρὸς
647 2923 716 2993 μὲ
738 2924 1087 2980 ἐνωτίσασθε.
1118 2947 1139 2979 ›
1165 2928 1313 2982 Ἔδει
1336 2930 1443 3003 γὰρ
1458 2933 1628 3006 καινῷ
1659 2935 1773 3008 λαῷ

184 3010 288 3063 καὶ
319 3007 380 3074 ἐξ
407 3009 574 3064 ὲθνῶν
602 3015 935 3087 στησομένῳ,
967 3018 1060 3072 καὶ
1107 3018 1271 3090 νόμον
1317 3022 1535 3096 δοθῆναι
1567 3028 1769 3102 καινόν.

202 3102 266 3155 '0
302 3102 419 3172 γὰρ
447 3102 536 3157 διὰ
563 3105 806 3170 Μωσέως
841 3107 1016 3174 δοθεὶς
1070 3110 1440 3185 ἀκατάλληλος
1473 3111 1541 3188 ἦν
1566 3121 1632 3189 τῇ
1663 3120 1771 3172 τῶν

190 3191 365 3245 ἐθνῶν
393 3195 657 3267 πολιτείᾳ,
704 3198 882 3252 πᾶσαν
915 3201 1271 3273 περιγράφων
1307 3203 1406 3277 τὴν
1452 3210 1768 3282 σωματικὴν

186 3281 495 3354 θρησκείαν
523 3288 602 3349 εἰς
632 3286 728 3341 ἕνα
765 3291 928 3345 τόπον
955 3295 1070 3357 τοῖς
1103 3295 1525 3370 Ἱεροσολύμοις·
1579 3302 1768 3377 διόπερ

186 3375 507 3443 ἀναγκαίως
527 3379 894 3451 αἰνιττόμενος
918 3382 1016 3455 τὴν
1042 3386 1249 3458 Καινὴν
1273 3389 1570 3465 Διαθήκην,
1601 3395 1695 3448 καὶ
1708 3375 1769 3449 τῦ

186 3464 544 3534 εὐαγγελικὸν
566 3471 826 3544 κήρυγμα
851 3475 1069 3545 φάσκει,
1094 3496 1113 3530 ι
1145 3480 1265 3534 Ὅτι
1295 3483 1456 3555 νόμος
1481 3488 1611 3560 παρ’
1632 3489 1767 3560 ἐμοῦ

184 3555 567 3628 ἐξελεύσεται,
624 3564 716 3617 καὶ
758 3566 792 3637 ἡ
837 3567 1018 3638 κρίσις
1063 3586 1161 3641 μου
1204 3573 1285 3637 εἰς
1331 3573 1447 3645 φῶς
1491 3555 1689 3633 ἐθνῶν·
1742 3600 1763 3634 ›

184 3649 353 3703 πάλιν
399 3651 632 3707 ἐνταῦθα
660 3654 775 3726 φῶς
813 3660 925 3722 τοῖς
952 3656 1182 3716 ⁸ἔθνεσιν
1218 3663 1663 3740 ὑπισχνούμενος,
1705 3673 1767 3726 οὐ

180 3740 299 3813 μὴν
326 3740 409 3812 τῷ
444 3743 677 3816 Ἰσραήλ.

259 3850 281 3882 ι
353 3831 595 3901 Ἑγγίζει
645 3837 783 3907 ταχὺ
842 3839 876 3910 ἡ
948 3840 1263 3918 δικαιοσύνη
1317 3864 1458 3918 μου,
1517 3851 1610 3905 καὶ
1677 3853 1769 3921 ἐξ-

176 3920 489 3978 ελεύσεται.
509 3925 585 3990 ὡς
618 3927 734 3998 φῶς
762 3929 822 3983 τὸ
855 3932 1128 4006 Σωτήριόν
1159 3955 1261 4007 μυυ
1290 3940 1384 3993 καὶ
1409 3942 1489 4007 είς
1516 3943 1608 3998 τὸν
1637 3944 1771 4018 βρα-

181 4014 343 4086 κίονά
365 4035 471 4088 μου
496 4017 624 4090 ἔθνη
652 4020 928 4079 ἐλπιοῦσιν
947 4042 961 4056 ·
994 4028 1094 4098 ἐμὲ
1118 4030 1269 4102 νῆσοι
1293 4014 1647 4104 ὑπομενοῦσι,
1674 4014 1770 4090 καὶ

179 4106 262 4169 εἰς
298 4105 394 4158 τὸν
431 4105 691 4179 βραχίονά
726 4127 825 4181 μου
853 4112 1118 4170 ὲλπιοῦσι.
1156 4136 1174 4168 ι
1201 4119 1455 4192 Δευτεροί
1484 4121 1575 4176 τὸν
1613 4122 1770 4193 λόγον

174 4199 259 4260 εἰς
296 4196 593 4267 βεϐαίωσιν
627 4200 728 4271 τῆς
758 4202 1119 4274 ἐπαγγελίας·
1155 4207 1501 4283 δικαιοσύνης
1528 4212 1639 4285 γὰρ
1668 4232 1767 4268 πε-

170 4289 442 4363 πλήρωτο
472 4293 502 4364 ἡ
526 4294 659 4346 πᾶσι
693 4296 805 4359 mi;
830 4295 1038 4351 ἔθνεσιν
1077 4298 1136 4365 ἐξ
1165 4300 1279 4356 [σου
1311 4303 1626 4379 δωρουμένη
1673 4307 1770 4377 χά-

174 4398 299 4452 ρις·
334 4380 498 4435 τοῦτο
534 4382 590 4436 δὲ
616 4379 685 4454 ἦν
719 4385 748 4437 ὁ
776 4386 1011 4458 Χριστὸς
1036 4390 1130 4444 τοῦ
1165 4391 1322 4455 Θεοῦ,
1367 4394 1425 4449 ὃν
1460 4395 1638 4451 λαϐὼν
1670 4398 1771 4451 Συ-

1882 1921 2131 1983 tanquam
2163 1920 2468 1986 paradisum
2507 1922 2740 1981 Domini.
2769 1926 3029 1985 Lmtitiam
3059 1941 3114 1985 et
3142 1936 3461 1993 exsultatio.

1878 2019 1999 2058 nem
2024 2005 2294 2062 invenient
2325 2009 2376 2062 in
2405 2026 2488 2076 ea,
2508 2013 2900 2072 confessionem
2926 2030 2981 2074 et
3013 2037 3194 2078 vocem
3227 2025 3452 2082 laudis.»

1877 2093 2043 2160 Quasi
2084 2098 2150 2149 ad
2189 2099 2478 2156 discrimen
2514 2104 2628 2171 ejus
2657 2121 2777 2175 quae
2825 2108 2953 2163 olim
3001 2113 3172 2167 virum
3206 2115 3455 2183 habebat,

1877 2201 2019 2242 nunc
2054 2187 2291 2245 Ecclesia
2314 2207 2378 2246 cx
2414 2196 2663 2263 gentibus
2699 2199 2971 2255 desertum
3005 2204 3177 2259 denuo
3210 2219 3456 2273 vocatur,

1875 2282 2322 2346 quemadmodum
2353 2286 2492 2340 idem
2525 2290 2781 2357 propheta
2814 2295 3167 2353 vaticinatur:
3190 2317 3207 2350 ι
3227 2299 3453 2368 Laetare,

1876 2372 2093 2436 sterilis,
2118 2388 2240 2443 qua:
2264 2390 2367 2429 non
2409 2378 2554 2446 paris
2587 2397 2601 2432 :
2637 2396 2859 2450 erumpe
2889 2395 2943 2439 et
2973 2386 3165 2456 clama,
3202 2407 3320 2461 quae
3347 2409 3455 2449 non

1877 2463 2133 2530 parturis,
2162 2464 2285 2534 quia
2338 2467 2488 2521 multi
2524 2469 2617 2524 lilii
2666 2472 2915 2541 deserta,
2952 2479 3123 2549 magis
3155 2496 3312 2549 quam
3339 2485 3457 2551 ejus

1876 2566 1992 2619 qua:
2022 2553 2183 2608 habet
2213 2556 2407 2610 virum.
2431 2577 2450 2609 ι
2478 2557 2732 2624 Quasnam
2765 2575 2882 2617 erat
2913 2565 2995 2619 illa
3022 2583 3140 2637 quae
3159 2571 3331 2626 virum
3358 2572 3458 2629 ha-

1877 2640 2054 2707 bebat,
2092 2643 2193 2699 nisi
2225 2658 2344 2715 quae
2383 2646 2622 2704 libellum
2653 2654 2861 2722 repudii
2887 2656 3103 2712 edidit?

1944 2819 2110 2875 Vens.
2146 2821 2200 2876 4.
2227 2842 2245 2876 ι
2280 2825 2475 2881 Audite
2503 2843 2608 2895 me,
2652 2832 2833 2887 audite
2878 2850 2984 2900 me,
3026 2838 3218 2908 popule
3256 2840 3356 2908 mi,
3395 2849 3456 2901 et

1874 2924 2050 2980 reges,
2081 2913 2147 2967 ad
2176 2929 2259 2968 me
2282 2919 2563 2975 attendite.
2601 2940 2621 2975 ι
2662 2922 2812 2999 Novo
2850 2928 2991 2981 enim
3040 2931 3258 3000 populo,
3289 2949 3352 2989 ac
3380 2950 3453 2991 ex

1872 3004 2124 3070 gentibus
2156 3009 2536 3066 constituendo
2576 3029 2770 3069 novam
2805 3018 2932 3073 dare
2959 3020 3130 3091 legem
3159 3014 3293 3093 opus
3311 3034 3450 3084 erat.

1872 3091 2005 3146 Nam
2028 3109 2148 3163 qum
2180 3111 2277 3164 per
2302 3098 2538 3171 Moysem
2567 3104 2687 3158 data
2723 3106 2916 3173 fuerat,
2942 3112 3178 3181 gentium
3198 3091 3452 3174 instituto

1872 3183 2233 3255 incongruens
2263 3201 2397 3257 erat,
2434 3201 2617 3263 utpote
2645 3212 2765 3266 quae
2793 3209 2958 3255 totum
2984 3219 3300 3276 corporeum
3331 3211 3450 3265 cul-

1871 3286 1979 3330 tum
1996 3293 2101 3332 uno
2123 3279 2261 3345 loco,
2285 3285 2490 3339 scilicet
2512 3286 2915 3363 Hierosolymis,
2939 3296 3446 3361 circumscriberet:

1867 3380 2198 3439 quapropter
2246 3372 2453 3431 Novum
2513 3376 2913 3462 Testamentum
2960 3397 3017 3441 et
3082 3393 3448 3462 evangelicam

1867 3461 2304 3526 przedicationem
2345 3467 2716 3533 subindicans,
2754 3476 3062 3530 necessario
3115 3461 3272 3546 οῖιίι
3312 3481 3449 3550 Quia

1868 3548 1954 3604 lex
1995 3566 2025 3604 a
2063 3567 2148 3607 me
2201 3558 2526 3627 egredietur,
2568 3572 2621 3617 et
2650 3564 2910 3633 judicium
2957 3561 3133 3622 meum
3180 3571 3233 3624 in
3264 3572 3441 3629 lucem

1867 3641 2138 3710 gentium;
2182 3663 2202 3696 ι
2235 3647 2321 3703 hic
2372 3665 2585 3707 rursum
2634 3654 2807 3711 lucem
2849 3660 3116 3729 gentibus,
3166 3678 3272 3719 non
3318 3680 3448 3723 vero

1866 3732 2048 3789 lsraeIi
2085 3740 2427 3805 promittens.

1943 3826 2188 3885 “135.5.
2242 3851 2263 3884 ι
2311 3834 2726 3908 Appropinquat
2771 3841 2881 3897 cito
2923 3843 3136 3913 ju5titia
3183 3864 3299 3905 mea
3327 3891 3343 3916 ,
3391 3860 3448 3909 et

1869 3921 2173 3988 egredietur
2220 3928 2373 3993 quasi
2433 3928 2519 3983 lux
2558 3931 2805 3987 Salutare
2860 3951 3076 4003 meum,
3127 3948 3183 3993 et
3227 3941 3280 3995 in
3313 3942 3444 3999 bra-

1868 4012 2052 4068 chium
2095 4030 2271 4071 meum
2304 4030 2491 4087 gentes
2534 4026 2829 4092 sperabunt
2856 4041 2871 4081 :
2896 4042 2982 4083 me
3026 4030 3215 4087 insulae
3246 4047 3444 4105 exspo-

1869 4104 2129 4170 ctabunt,
2183 4117 2239 4163 et
2289 4109 2341 4163 in
2393 4112 2670 4168 brachium
2728 4132 2905 4171 meum
2955 4121 3270 4190 sperabunt.
3306 4104 3445 4181 »Μ

1871 4197 2245 4263 promissionis
2278 4201 2746 4262 conﬁrmationem
2788 4213 3057 4279 promissa
3087 4215 3246 4270 iterat
3273 4235 3287 4272 :
3318 4233 3442 4274 nam

1863 4286 2088 4356 justitia:
2115 4291 2268 4361 plena
2306 4305 2424 4349 erat
2458 4298 2633 4367 gratia
2683 4304 2937 4358 omnibus
2970 4307 3220 4375 gentibus
3260 4325 3446 4378 aequa-

1871 4381 1996 4437 liter
2023 4385 2341 4455 distributa;
2392 4405 2453 4444 ea
2486 4400 2608 4446 erat
2630 4392 2878 4450 Christus
2923 4396 3016 4451 Dei
3040 4438 3054 4461 ,
3101 4415 3260 4468 quem
3293 4404 3439 4458 acci-

178 4471 330 4542 μεὼν
356 4476 419 4527 ὲν
434 4472 702 4542 ἀγκάλαις
727 4476 1138 4550 ἀναγέγραπται
1158 4476 1395 4554 εἰρηκώς
1412 4526 1428 4552 ,
1451 4504 1469 4537 ι
1494 4487 1609 4542 Νῦν
1632 4489 1768 4542 ἀπο-

1881 4475 2024 4544 piens
2079 4478 2313 4548 Symeon
2364 4481 2418 4535 in
2479 4483 2635 4539 ulnas
2683 4500 2847 4554 suas,
2905 4488 3108 4545 dixisse
3157 4492 3438 4559 scribitur,

174 4564 329 4629 λύεις
361 4565 460 4619 τὸν
493 4564 677 4620 δοῦλόν
707 4584 823 4632 σου,
852 4570 1117 4636 Δέσποτα,
1156 4573 1237 4627 ὅτι
1266 4571 1406 4631 εἶδον
1426 4579 1477 4631 οἱ
1498 4578 1763 4651 ὀφθαλμοί

174 4674 280 4728 μου
304 4656 369 4709 τὺ
392 4656 670 4730 Σωτήριόν
696 4676 811 4725 σου,
852 4680 869 4712 ι
906 4663 1000 4716 xui.
1023 4662 1093 4717 τὰ
1127 4664 1274 4737 ἑξῆς.

247 4766 269 4799 ι
306 4747 516 4817 ’Δρατε
542 4750 622 4810 εἰς
645 4750 737 4803 τὸν
771 4752 998 4824 οὐρανὸν
1050 4755 1177 4819 τοὺς
1229 4754 1538 4828 ὀφθαλμοὺς
1586 4758 1761 4830 ὑμῶν,

172 4840 269 4892 καὶ
304 4837 617 4909 ὲμϐλέψατε
650 4842 730 4905 εἰς
748 4842 846 4914 τὴν
876 4843 979 4915 γῆν
1010 4845 1192 4899 κάτω·
1227 4847 1306 4900 ὅτι
1344 4850 1373 4901 6
1413 4849 1639 4921 οὐρανὸς
1686 4851 1762 4917 ὼς

174 4932 387 4994 καπνὸς
417 4931 742 5005 ἑστερεώθη,
772 4936 804 5005 ἡ
833 4934 890 4988 δὲ
917 4936 987 5008 γῆ
1018 4938 1092 5001 ὡς
1131 4938 1343 5009 ἱμάτιον
1380 4941 1757 5014 παλαιωθήσε-

172 5039 262 5075 ται
281 5040 296 5052 ·
332 5024 386 5075 οἱ
413 5023 471 5076 δὲ
505 5026 885 5090 κατοικοῦντες
907 5028 1097 5100 ὥσπερ
1119 5029 1292 5084 ταῦτα
1332 5032 1756 5088 ἀποθανοῦνται·

174 5110 235 5162 τὸ
263 5110 325 5163 δὲ
368 5112 644 5185 Σωτήριόν
690 5133 791 5185 μου
831 5118 913 5181 εἰς
963 5118 1055 5172 τὸν
1100 5119 1273 5175 αἰῶνα
1308 5121 1491 5178 ἔσται·
1539 5128 1571 5197 ἡ
1607 5126 1662 5180 δὲ
1689 5128 1764 5181 δι-

175 5198 439 5271 καιοσύνη
468 5218 571 5272 μου
595 5204 657 5256 οὐ
688 5203 762 5276 μὴ
789 5203 1010 5279 ἐκλείψῃ
1031 5223 1046 5239 ·
1090 5227 1110 5261 ι
1151 5211 1262 5281 τὴν·
1284 5211 1513 5285 θεότητα
1540 5215 1635 5268 τοῦ
1661 5217 1765 5271 Λό-

177 5306 275 5358 γου
314 5296 693 5367 σημαινούσης
720 5298 820 5367 τῆς
858 5301 1226 5371 προφητείας·
1256 5304 1332 5368 ὡς
1372 5305 1481 5378 γὰρ
1519 5308 1620 5378 τὴν
1669 5310 1763 5364 ἀν-

178 5379 509 5455 θρωπότητα
535 5386 726 5456 ἐδήλου
748 5388 835 5442 διὰ
850 5390 943 5443 τοῦ
972 5411 990 5442 ι
1024 5393 1320 5465 Σωτηρίου,
1335 5416 1352 5450 ι
1374 5398 1516 5454 οὕτω
1544 5403 1638 5457 καὶ⁹
1662 5403 1761 5477 τὴν

179 5473 410 5546 θεότητα
436 5476 627 5532 τοῦτον
662 5478 883 5551 ᾐνίξατο
914 5482 1006 5538 τὸν
1029 5486 1248 5556 τρόπον.

253 5584 274 5617 ι
315 5567 612 5623 Ἀκούσατέ
637 5587 758 5641 μου,
789 5574 837 5625 οἱ
862 5572 1065 5639 εἰδότες
1090 5578 1291 5651 κρίσιν,
1321 5580 1467 5651 λαὸς,
1503 5575 1563 5639 οῦ
1596 5586 1757 5659 νόμος

249 5745 343 5803 ’Ἰ
386 5746 512 5803 Cor.
556 5764 610 5813 ι.
646 5750 699 5807 ιι.
776 5753 821 5787 ⁸⁸
848 5751 982 5811 Luc.
1015 5773 1073 5825 ιι,
1104 5758 1192 5815 Ξθ.

1873 4587 1894 4620 ι
1937 4569 2091 4625 Nunc
2120 4572 2346 4628 dimittis
2371 4589 2585 4630 servum
2618 4587 2763 4632 tuum
2788 4618 2804 4640 ,
2840 4580 3064 4637 Donnine
3090 4622 3105 4647 ,
3137 4585 3261 4652 quia
3288 4587 3436 4643 vide-

1870 4669 1996 4713 runt
2031 4663 2171 4717 oculi
2207 4666 2308 4720 mei
2339 4666 2586 4723 Salutare
2612 4678 2763 4725 tuum
2788 4673 2856 4741 “,
2892 4691 2912 4725 ι
2950 4684 3006 4729 et
3031 4687 3246 4733 caetera.

1942 4750 2109 4809 Vens.
2140 4754 2193 4810 6.
2252 4775 2271 4809 ι
2327 4758 2552 4816 Elevate
2583 4761 2637 4816 in
2667 4763 2863 4819 caalnm
2898 4767 3082 4824 oculos
3107 4780 3323 4827 vestros
3349 4813 3367 4841 ,
3390 4786 3439 4828 et

1872 4847 2127 4916 reSpic'tte
2153 4849 2204 4903 in
2235 4860 2435 4907 terram
2464 4853 2721 4910 deorsum
2753 4873 2769 4923 ;
2801 4861 3052 4927 quoniam
3083 4864 3281 4918 caelum
3320 4875 3439 4920 tan-

1864 4953 2023 5007 quam
2054 4939 2232 4998 fumus
2260 4942 2529 4999 ﬁrmatum
2557 4955 2675 5012 est,
2713 4959 2855 5003 terra
2893 4962 3069 5005 autem
3107 4955 3249 5009 sicut
3280 4958 3413 5010 resd

1869 5041 2107 5087 mentum
2138 5045 2479 5093 veterascet:
2513 5039 2602 5107 qui
2632 5051 2811 5094 autem
2859 5042 3162 5097 inhabitant
3184 5060 3300 5099 eam
3332 5049 3433 5100 sic-

1871 5132 1929 5177 ut
1960 5124 2062 5180 ista
2095 5128 2396 5182 morientur
2431 5144 2447 5181 :
2482 5129 2729 5186 Salutare
2775 5148 2903 5187 vero
2948 5150 3124 5189 meum
3167 5137 3220 5190 in
3266 5152 3438 5191 siccu-

1872 5212 1980 5268 lum
2008 5218 2139 5283 erit;
2189 5218 2399 5289 justitia
2435 5232 2614 5277 autem
2645 5240 2764 5280 mea
2808 5242 2912 5280 non
2941 5228 3171 5283 delieiet.
3206 5248 3226 5281 ι
3257 5228 3436 5284 Deita-

1873 5316 1979 5363 tem
2027 5309 2190 5366 Verbi
2231 5314 2504 5384 signiﬁcat
2551 5319 2834 5387 prophetia
2889 5336 2904 5373 :
2960 5322 3103 5374 sicut
3154 5322 3298 5375 enim
3338 5338 3436 5394 per

1864 5399 2035 5466 illud,
2076 5419 2095 5454 ι
2134 5403 2424 5473 Salutare,
2489 5426 2509 5461 ι
2560 5409 2950 5467 humanitatem
3003 5413 3306 5483 iudicabat;
3352 5418 3434 5476 sic

1865 5491 1973 5548 isto
2004 5494 2160 5550 modo
2182 5496 2439 5554 deitatem
2477 5499 2786 5559 adumbrat.

1940 5586 2099 5646 Vnus.
2126 5589 2177 5645 7.
2203 5609 2222 5644 ι
2257 5590 2450 5651 Audite
2480 5595 2699 5668 me,qni
2725 5596 2879 5654 scitis
2899 5595 3181 5671 judicium,
3212 5603 3432 5677 pepule,
