3880 6216
478 311 585 369 ΗἸ

1149 303 1419 362 EUSEBII
1454 302 1937 362 CESARIENSIS
1972 299 2123 359 OPP.
2161 296 2344 354 PARS
2380 293 2471 353 lli.
2508 326 2579 337 —
2615 294 3030 353 EXEGETICA.

3619 295 3725 350 με

476 432 632 502 cujus
660 430 743 484 lcx
773 441 892 483 mea
921 425 978 482 in
1008 423 1172 483 corde
1201 422 1401 483 vestro.
1433 442 1453 478 ι
1490 421 1717 478 Videbat
1741 420 1884 477 e'nim
1908 435 2001 475 eos
2026 460 2034 486 ς

2151 432 2252 486 μου
2271 415 2329 467 ὲν
2353 415 2420 485 τῇ
2445 411 2639 485 καρδίᾳ
2665 410 2838 483 ὑμῶν.
2871 429 2892 465 ι
2929 409 3107 483 Ἐὼρα
3139 410 3269 482 γάρ,
3298 409 3380 464 δτι
3404 409 3453 463 οἱ
3483 408 3725 475 θέλοντες

476 523 567 593 qui
598 522 684 592 pie
728 519 912 574 vivere
939 516 1209 574 voluerint
1254 518 1306 571 in
1339 517 1556 573 Christo
1581 557 1597 583 ,
1623 516 2043 587 persecutionem

474 630 757 688 passuros,
783 611 1137 669 contumeliis
1171 609 1500 679 alliciendos,
1532 625 1595 665 ac
1626 608 1957 677 contemptui
1979 607 2047 667 ab

475 709 789 764 hominibus
834 705 1115 763 habendos
1144 718 1298 770 esse;
1353 703 1590 769 itemque
1631 701 1807 757 omnis
1832 699 2046 770 generis

475 801 795 857 vexationes
835 798 1268 866 tentationesque
1296 809 1648 865 perpessuros
1678 809 1818 851 esse.
1848 792 2048 860 Quam-

473 896 662 949 obrem
690 931 710 960 ,
763 901 823 947 ut
870 892 1014 960 ipsos
1047 888 1254 943 muniat
1279 896 1335 942 et
1370 887 1566 948 ﬁrmet,
1612 886 1724 956 jam
1758 884 1880 940 hinc
1911 899 2049 955 pra:-

472 985 652 1052 cipit,
705 1001 724 1035 ι
785 979 865 1037 Ne
922 980 1155 1035 timentis
1214 978 1562 1049 Opprobrium
1616 977 1940 1045 hominum,
1992 986 2048 1037 et

476 1086 795 1146 contemptu
841 1090 1034 1133 eorum
1090 1088 1161 1131 ne
1205 1070 1521 1129 vincamini.
1578 1087 1598 1122 ι
1658 1068 1911 1136 Etenim,
1959 1070 2046 1124 in-

475 1171 621 1242 quit,
654 1169 816 1227 tinem
854 1182 952 1225 eos
999 1173 1346 1237 excepturum
1374 1163 1769 1221 consideratum
1809 1168 2041 1233 oportet.

549 1356 712 1411 Vens.
739 1355 795 1423 8,
825 1354 880 1410 9.
918 1371 938 1406 ι
973 1351 1108 1418 Nam
1144 1351 1288 1408 sicut
1316 1351 1716 1416 vestimentum,
1746 1363 1777 1404 a
1805 1357 2047 1421 tempore

476 1455 852 1511 consumetur,
878 1455 935 1502 et
969 1446 1111 1501 sicut
1153 1445 1298 1513 lana,
1342 1443 1651 1501 comedetur
1675 1458 1706 1497 a
1737 1443 1877 1497 tinea
1912 1442 2044 1512 :ju-

476 1541 627 1596 stitia
655 1549 835 1596 autem
879 1553 998 1594 mea
1032 1538 1084 1593 in
1136 1537 1388 1594 saeculum
1425 1539 1530 1593 erit
1575 1555 1591 1593 :
1639 1536 1890 1591 Salutare
1916 1552 2045 1594 vero

474 1648 656 1688 meum
689 1633 742 1686 in
770 1631 1151 1704 generationes
1183 1631 1613 1701 gcnerationum.
1644 1629 1919 1699 Exsurge,
1944 1646 2043 1686 ex-

2146 505 2386 571 εὐσεσῶς
2413 506 2511 576 ζῇν
2543 508 2600 558 ἐν
2627 503 2850 576 Χριστῷ
2889 502 3276 575 διωχθήσονται
3316 504 3409 557 καὶ
3432 503 3726 573 ὀνειδισθή-

2147 614 2351 661 σονται,
2374 597 2468 651 καὶ
2484 595 2939 668 φαυλισθήσονται
2960 595 3068 649 ὑπὸ
3098 593 3419 666 ἀνθρώπων,
3450 594 3726 666 διωγμούς

2144 707 2205 744 τε
2229 689 2515 753 παντοίους
2545 689 2638 743 καὶ
2680 688 3019 761 πειρασμοῦς
3052 685 3401 759 ὑπομενοῦσι.
3436 687 3527 740 Διὸ
3567 704 3727 758 περι-

2148 783 2402 854 φράττων
2462 782 2659 846 αὐτοὺς
2729 780 2978 836 ἐντεῦθεν
3042 780 3142 853 ἥδη
3210 779 3579 852 παραγγέλλει
3639 780 3729 834 λέ-

2144 891 2277 944 γων·
2321 892 2340 926 ι
2384 873 2475 946 Μὴ
2523 872 2772 943 φοϐεῖσθε
2815 873 3113 943 ὀνειδισμὸν
3158 872 3479 946 ἀνθρώπων,
3518 872 3730 944 καὶτῷ

2144 965 2435 1036 φαυλισμῷ
2483 964 2661 1018 αὐτῶν
2708 963 2782 1037 μὴ
2812 964 3065 1036 ἡττᾶσθε.
3109 983 3128 1017 ι
3158 964 3278 1036 Χρὴ
3322 963 3433 1037 γὰρ
3488 967 3737 1038 ἀφορᾷν,

2146 1057 2302 1131 φησι,
2334 1056 2426 1112 ἐπὶ
2455 1056 2515 1111 τὸ
2536 1056 2906 1129 διαδεξόμενον
2938 1057 3133 1122 αὐτοὺς
3163 1056 3333 1121 τέλος.

2220 1375 2240 1410 ι
2292 1356 2380 1420 Ὦς
2416 1355 2525 1426 γὰρ
2576 1353 2788 1426 ἱμάτιον
2836 1350 3174 1427 βρωθησεται
3212 1350 3320 1406 ὑπὸ
3366 1352 3596 1424 χρόνου,
3632 1353 3732 1407 καῖ

2145 1446 2221 1511 ὡς
2269 1447 2394 1519 ἔρια
2456 1445 2794 1518 βρωθήσεται
2841 1445 2947 1498 ὑπὸ
2992 1444 3169 1514 σητός·
3222 1444 3256 1515 ἡ
3303 1443 3360 1497 δὲ
3405 1444 3728 1514 δικαιοσύνη

2147 1555 2250 1610 μου
2279 1542 2359 1603 εἰς
2384 1538 2475 1593 τὸν
2536 1536 2708 1591 αἰῶνα
2740 1536 2911 1590 ἔσται·
2952 1535 3012 1589 τὸ
3070 1535 3127 1588 δὲ
3181 1535 3453 1606 Σωτήριόν
3508 1552 3614 1606 μου
3646 1537 3732 1599 είς

2143 1629 2336 1698 γενεὰς
2401 1628 2624 1698 γενεῶν.
2684 1627 3022 1701 Ἐξεγείρου,
3079 1624 3372 1696 ὲξεγείρου,
3453 1627 3733 1697 Ἰερουσα-

472 1741 634 1799 surge
661 1767 677 1792 ,
704 1725 1006 1782 Jerusalem
1034 1765 1050 1788 ,
1080 1736 1137 1781 et
1165 1726 1393 1782 induere
1424 1724 1797 1782 fortitudinem
1830 1726 2034 1782 brachii

2142 1721 2274 1793 λὴμ.
2297 1721 2390 1776 καὶ
2408 1720 2622 1775 ἔνδυσαι
2650 1719 2748 1792 τὴν
2792 1721 2943 1790 ἰσχὺν
2974 1719 3068 1773 τοῦ
3124 1716 3406 1789 βραχίονός
3438 1733 3557 1772 σου.
3608 1717 3732 1784 Ἐξ-

474 1820 576 1877 tui.
601 1819 848 1890 Exsurge
893 1818 1037 1874 sicut
1061 1818 1114 1873 in
1148 1819 1414 1890 principio
1439 1820 1568 1886 diei,
1596 1821 1738 1876 sicut
1763 1820 2043 1890 generatio

472 1911 677 1967 saeculi.
714 1930 734 1965 ι
770 1911 886 1967 Hoc
912 1912 1381 1979 additamentum,
1417 1930 1436 1966 ι
1469 1911 1768 1969 Jerusalem
1796 1953 1811 1980 ,
1851 1932 1871 1967 ι
1904 1923 1961 1969 ιιι
1989 1914 2043 1969 ἰιι

471 2002 739 2060 Hebraica
779 2003 1013 2060 lectione
1060 2003 1260 2068 fertur.
1306 2005 1362 2061 in
1396 2007 1623 2077 reliquis
1654 2008 2044 2077 interpretibus

473 2113 582 2153 non
622 2107 933 2169 comparet;
970 2098 1065 2154 sed
1087 2113 1277 2155 omnes
1304 2100 1383 2154 sic
1409 2099 1695 2155 ediderunt
1727 2118 1743 2154 :
1779 2118 1799 2153 ι
1836 2101 2044 2156 Exsur-

471 2205 561 2261 ge,
593 2204 847 2260 exsurge,
872 2191 1099 2248 induere
1129 2191 1519 2255 fortitudinem,
1543 2191 1827 2248 brachium
1859 2191 2042 2248 Domi-

472 2282 552 2337 ni.
588 2301 609 2335 ι
645 2282 954 2339 Secundum
985 2299 1175 2340 omnes
1202 2285 1370 2355 igitur
1392 2299 1500 2339 non
1525 2281 1828 2347 Jerusalem
1861 2298 2043 2340 sermo

467 2374 759 2444 compellat
783 2415 799 2440 ,
831 2375 926 2430 sed
955 2376 1240 2432 brachium
1272 2377 1519 2443 Domini;
1548 2377 1676 2434 hinc
1705 2391 2043 2448 consequen-

466 2473 553 2522 ter
577 2480 677 2536 par
702 2476 786 2523 est
818 2475 877 2531 ut
903 2468 1069 2523 etiam
1100 2481 1199 2523 nos
1229 2469 1296 2523 ad
1329 2467 1615 2523 brachium
1654 2467 1909 2534 Domini,
1960 2468 2042 2534 ip-

470 2558 586 2613 sius
637 2558 850 2614 Domini
906 2558 1382 2628 compellationem
1429 2559 1732 2616 referamus
1760 2602 1777 2625 .
1815 2560 1883 2615 de
1933 2574 2041 2626 quo

471 2642 957 2721 superius'dictum
994 2659 1079 2708 est
1102 2691 1119 2720 ,
1155 2670 1175 2705 ι
1208 2652 1272 2708 Ει
1302 2653 1356 2708 in
1386 2654 1669 2710 brachium
1702 2667 1884 2709 meum
1909 2667 2041 2722 gen-

474 2751 557 2798 tes
576 2736 887 2814 sperabunt.
928 2763 948 2797 ι

539 2856 707 2917 Vens.
740 2859 809 2915 ιο
832 2901 848 2928 ,
877 2861 963 2916 ll.
1002 2881 1023 2915 ι
1062 2862 1253 2918 Nonne
1282 2870 1338 2915 tu
1365 2875 1425 2917 es
1449 2902 1467 2928 ,
1499 2875 1620 2933 quae
1653 2861 1924 2918 desertum
1960 2858 2041 2916 fe-

467 2949 593 3005 cisti
627 2966 798 3017 mare,
830 2968 999 3022 aquas
1034 2955 1217 3027 abyssi
1244 2954 1486 3011 multas?
1512 2969 1632 3025 qua:
1670 2953 1893 3024 posuisti
1916 2968 2039 3023 pro-

468 3040 691 3099 fundum
726 3045 893 3099 maris
921 3047 1062 3100 viam
1095 3048 1361 3103 transitus
1390 3047 1477 3113 iis,
1499 3047 1591 3117 qui
1622 3046 1835 3103 liberati
1862 3056 2034 3101 et-re-

2145 1813 2364 1886 εγείρου
2380 1813 2456 1881 ὡς
2485 1815 2544 1867 ὲν
2585 1813 2727 1884 ἀρχῇ
2767 1810 3003 1883 ἡμέρας,
3038 1809 3113 1873 ὡς
3155 1810 3318 1879 γενεὰ
3354 1808 3567 1873 αἰῶνος.
3594 1827 3616 1861 ι
3660 1809 3729 1863 Ἦ

2147 1902 2455 1976 προσθήκη.
2490 1920 2510 1954 ι
2554 1901 2929 1974 Ἰερουσαλὴμ,
2966 1919 2985 1952 ι
3019 1898 3094 1964 ὡς
3126 1900 3184 1953 ἐν
3212 1902 3279 1971 τῇ
3313 1899 3572 1973 Ἐὁραῖκῇ
3590 1900 3729 1955 ἀνα-

2143 1994 2360 2065 γνώσει,
2393 1993 2519 2051 οὔτε
2568 1995 2626 2049 ἐν
2662 1997 2776 2063 τοῖς
2818 1994 3023 2059 λοιποῖς
3071 1994 3431 2067 ἑρμηνευταῖς
3467 1990 3724 2064 φέρεται,

2142 2087 2277 2144 ἀλλὰ
2309 2087 2505 2152 πάντες
2533 2086 2707 2151 οὕτως
2730 2084 2995 2151 ἐξέδωκαν
3014 2102 3028 2116 ·
3062 2102 3082 2137 ι
3134 2083 3461 2156 Ἐξεγείρου,
3495 2081 3728 2151 ἐξεγεί-

2144 2200 2260 2256 ρου,
2286 2182 2496 2237 ἔνδυσαι
2523 2182 2743 2253 κράτος,
2783 2179 3021 2252 βραχίων
3061 2179 3288 2249 Κυρίου.
3328 2197 3347 2230 ι
3384 2176 3543 2232 Κατὰ
3576 2177 3723 2232 πάν-

2141 2291 2241 2338 τας
2267 2274 2446 2329 τοίνυν
2486 2272 2548 2328 οὐ
2588 2274 2656 2345 τῇ
2711 2271 3067 2344 Ἰερουσαλὴμ
3114 2269 3143 2322 ὀ
3188 2270 3345 2340 λόγος
3380 2270 3721 2343 προσφωνεῖ,

2140 2363 2277 2419 ἀλλὰ
2308 2362 2385 2434 τῷ
2423 2362 2665 2436 βραχίονι
2711 2363 2938 2435 Κυρίου·
2993 2362 3282 2417 ἀκόλουθον
3320 2359 3365 2417 δ’
3407 2360 3474 2417 ἂν
3502 2362 3587 2433 εἴη
3626 2363 3722 2418 καὶ

2140 2457 2287 2529 ἡμᾶς
2336 2457 2417 2523 είς
2461 2456 2553 2509 τὸν
2611 2455 2869 2527 βραχίονα
2935 2456 3140 2527 Κυρίου
3192 2456 3293 2529 τὴν
3342 2454 3435 2509 τοῦ
3505 2457 3718 2527 Κυρίου

2142 2545 2524 2619 προσφώνησιν
2551 2547 2860 2617 ἀναφέρειν,
2903 2546 3030 2618 περὶ
3072 2540 3133 2601 οῦ
3176 2544 3432 2618 ἀνωτέρω
3457 2545 3678 2619 εἴρηται
3698 2587 3717 2615 ,

2146 2657 2168 2693 ι
2199 2638 2309 2693 Καὶ
2336 2638 2430 2692 ἐπὶ
2455 2637 2545 2693 τὸν
2576 2636 2834 2710 βραχίονά
2866 2654 2968 2710 μου
2987 2636 3115 2709 ἔθνη
3144 2635 3440 2695 ἐλπιοῦσιν.
3473 2656 3494 2692 ι

2214 2877 2235 2912 ι
2270 2859 2345 2913 Οὐ
2378 2860 2443 2914 σὺ
2472 2854 2576 2933 sli)
2608 2858 2890 2933 ὲρημοῦσα
2933 2858 3225 2922 θάλασσαν,
3271 2858 3417 2933 ὕδωρ
3467 2856 3712 2916 ἀϐύπου

2138 2951 2371 3022 πλῆθοςς
2391 2953 2425 3024 ἡ
2447 2950 2600 3006 θεῖσα
2616 2952 2686 3006 τὰ
2709 2951 2846 3022 βάθη
2865 2952 2964 3023 τῆς
2983 2950 3257 3023 θαλάσσης
3278 2952 3393 3006 ὀδὸν
3409 2951 3715 3016 διαϐάσεως

2140 3042 2423 3114 ρυομένοις
2472 3043 2567 3097 καὶ
2619 3043 3081 3117 λελυτρωμένοιςς
3154 3042 3290 3099 Ὑπὸ
3332 3043 3440 3115 γὰρ
3496 3044 3710 3115 Κυρίου

464 3132 667 3204 dempti
716 3135 981 3193 fuerunt?
1024 3140 1070 3194 Α
1116 3140 1345 3195 Domino
1388 3105 1534 3196 enim
1578 3138 1926 3206 reducentur,
1979 3149 2034 3194 et

2141 3105 2670 3209 ἀποστραφήσονται,
2703 3105 2798 3191 καί
2818 3105 3041 3207 ἥξουσιν
3063 3105 3143 3199 είς
3181 3134 3317 3190 Σιὼν
3345 3105 3472 3207 ’μετ’
3510 3105 3714 3206 εὐφρο-

465 3228 685 3282 venient
711 3229 764 3283 in
801 3229 932 3285 Sion
961 3246 1083 3286 cum
1116 3230 1300 3286 laetitia
1326 3239 1383 3286 et
1423 3231 1791 3289 exsultatione
1832 3230 2035 3299 sempi-

466 3325 642 3375 terna.
674 3320 731 3375 lu
756 3323 935 3393 capite
959 3325 1102 3378 enim
1129 3339 1316 3379 eorum
1352 3324 1472 3380 laus
1496 3362 1512 3388 ,
1547 3333 1602 3378 ct
1626 3323 1809 3378 laetitia
1838 3339 2032 3394 appre-

466 3408 670 3467 hendet
701 3426 796 3469 eos
838 3431 855 3470 :
898 3414 1034 3487 fugit
1069 3416 1224 3471 dolor
1250 3424 1306 3471 et
1337 3430 1559 3482 maror,
1589 3425 1645 3471 et
1682 3417 1915 3487 gemitus
1950 3437 1963 3473 :
2006 3437 2028 3472 ι

464 3507 686 3575 quando
727 3508 873 3563 omni
913 3509 1109 3565 timore
1137 3509 1417 3579 exempti,
1454 3523 1563 3564 non
1597 3508 1737 3564 ultra
1783 3508 2035 3572 inimicos

471 3606 531 3652 et
561 3599 906 3658 adversarios
928 3601 1376 3658 reformidabunt.

531 3711 699 3770 Vens.
727 3713 815 3769 12.
842 3714 975 3769 Nam
1014 3734 1034 3768 ι
1071 3731 1137 3771 ex
1171 3716 1377 3773 caelesti
1402 3715 1531 3771 Sion
1563 3716 1826 3775 abscessit
1856 3716 2029 3787 dolor,

461 3816 668 3858 mmror
713 3815 768 3860 ct
805 3806 1057 3876 gemitus.
1088 3807 1199 3875 Ego
1233 3825 1375 3877 sum,
1408 3823 1509 3878 ego
1532 3824 1673 3875 sum,
1712 3810 1803 3879 qui
1837 3823 2035 3867 conso-

463 3894 545 3950 lor
602 3905 673 3952 te.
730 3897 881 3953 Scito
926 3914 1048 3967 qua:
1102 3899 1312 3968 fueris,
1357 3909 1414 3956 et
1444 3900 1692 3956 timueris
1719 3900 1785 3955 ab
1813 3901 2033 3956 homine

465 3987 703 4051 mortali,
727 3997 783 4043 et
810 4003 840 4042 a
876 3989 988 4043 ﬁlio
1018 3990 1275 4055 hominis,
1303 3993 1393 4061 qui
1421 3992 1575 4061 quasi
1602 3992 1784 4048 fenum
1807 3994 2031 4063 arefacti

463 4086 614 4134 sunt.
649 4098 669 4130 ι
700 4078 820 4149 Ipse
844 4096 1076 4151 namque
1106 4093 1192 4138 est
1216 4085 1527 4153 propitiatio
1556 4093 1765 4151 nostra,
1794 4087 1885 4157 qui
1909 4101 2034 4141 con-

466 4168 679 4225 solatur
722 4172 970 4230 humiles.
1022 4174 1103 4230 Tu
1133 4175 1280 4231 enim
1329 4176 1396 4230 ad
1450 4177 1742 4246 imaginem
1776 4192 1953 4232 meam
1998 4191 2030 4231 α

463 4277 555 4320 me
578 4264 740 4327 facta,
773 4271 1009 4322 maximo
1040 4269 1237 4323 donata
1269 4283 1328 4324 es
1358 4268 1588 4335 honore,
1617 4269 1759 4329 quod
1790 4283 1876 4324 me
1903 4283 2030 4322 con-

460 4354 755 4413 solatorem
785 4359 1013 4417 haberes
1049 4374 1427 4433 :quapropter
1455 4363 1599 4429 dico,
1658 4382 1679 4416 ι
1728 4360 1842 4432 Ego
1880 4378 2021 4427 sum,

2136 3226 2303 3298 σύνης
2332 3228 2426 3282 καὶ
2453 3227 2854 3299 ἀγαλλιάματος
2882 3229 3121 3281 αἰωνίου.
3177 3226 3298 3281 Ἐπὶ
3331 3225 3571 3297 κεφαλῆς
3599 3225 3714 3299 γάρ

2132 3317 2314 3372 αὐτῶν
2345 3318 2570 3383 αἴνεσις,
2604 3319 2700 3372 καὶ
2723 3316 3027 3389 εὐφροσύνη
3068 3314 3435 3388 καταλήψεται
3470 3314 3708 3378 αὐτούς·

2135 3409 2348 3483 ἀπέδρα
2387 3409 2546 3481 ὀδύνη
2594 3409 2690 3463 καὶ
2714 3408 2878 3480 λύπη,
2907 3409 3001 3463 καὶ⁸
3040 3407 3404 3478 στεναγμός·›
3438 3408 3528 3461 ὅτε
3572 3408 3709 3470 καὶ,

2136 3501 2336 3564 παντὸς
2381 3499 2549 3570 φόϐου
2594 3499 2752 3564 ἐκτὸς
2810 3499 3124 3570 γενόμενοι,
3176 3497 3359 3553 οὐκέτι
3410 3496 3714 3569 πολεμίους

2131 3594 2255 3649 οὐδὲ
2280 3592 2507 3666 ὲχθροίις
2533 3591 2875 3663 φοϐήσονται.

2207 3746 2227 3779 ι
2273 3727 2364 3781 Ἐν
2401 3744 2419 3780 ι
2452 3724 2562 3796 γὰρ
2598 3744 2619 3778 ‹
2650 3728 2716 3797 τῇ
2761 3724 3066 3796 ἐπουρανίῳ
3107 3724 3244 3778 Σιὼν
3294 3724 3506 3796 ἀπέδρα
3543 3723 3711 3797 ὀδύνη

2132 3819 2227 3874 καὶ
2262 3817 2428 3891 λύπη,
2481 3820 2576 3872 καὶ
2634 3818 2951 3888 στεναγμός.
3010 3816 3149 3887 Ἐγώ
3190 3819 3327 3888 ειμι,
3363 3817 3474 3886 ἐγώ
3503 3819 3647 3889 είμι,
3682 3821 3712 3872 ὁ

2132 3909 2464 3982 παρακαλῶν
2502 3926 2581 3963 σε.
2616 3909 2788 3962 Γνῶθι
2836 3909 2922 3973 τίς
2961 3905 3116 3974 οὖσα,
3158 3909 3428 3981 ὲφοὸἡθης
3466 3910 3576 3964 ἀπὸ
3610 3912 3713 3964 ἀν-

2128 3999 2350 4073 θρώπου
2398 3999 2616 4071 θνητοῦ,
2667 4000 2762 4054 καὶ
2809 3999 2921 4054 ἀπὸ
2964 3999 3080 4053 υίοῦ
3133 3999 3441 4073 ἀνθρώπου,
3486 4001 3538 4056 οῖ
3569 4001 3711 4056 ὡσεὶ

2129 4090 2321 4162 χόρτος
2351 4090 2743 4162 έξηράνθησαν.
2783 4108 2803 4142 ι
2843 4089 3016 4153 Αὐτὸς
3062 4090 3170 4163 γάρ
3213 4093 3360 4145 ἐστιν
3405 4094 3433 4145 ὀ
3478 4093 3713 4165 ἱλασμὸς

2128 4181 2306 4253 ἡμῶν,
2335 4183 2429 4237 καὶ
2450 4184 2479 4236 ὀ
2504 4181 2835 4253 παρακαλῶν
2860 4185 2986 4246 τοὺς
3008 4182 3310 4248 ταπεινούς.
3345 4184 3417 4238 Σὺ
3461 4184 3562 4255 μὲν
3596 4185 3712 4259 γάρ

2128 4274 2249 4328 κατ’
2271 4274 2454 4328 εἰκόνα
2480 4273 2743 4345 γενομένη
2786 4276 2915 4345 παρ’
2954 4273 3112 4346 ἐμοῦ,
3167 4275 3429 4346 μεγίστης
3467 4275 3712 4345 ἠξίωσαι

2127 4365 2315 4438 τιμῆς,
2337 4365 2414 4431 ὡς
2440 4365 2871 4438 παρακαλεῖσθαι
2905 4367 2998 4420 ὑπ’
3031 4366 3187 4438 ἐμοῦ·
3213 4366 3293 4421 διό
3316 4385 3477 4439 φημι,
3502 4386 3522 4419 ι
3559 4369 3711 4438 Ἐγὼ

461 4450 555 4517 qui
578 4450 831 4508 consolor
860 4461 964 4509 te.»
995 4452 1189 4524 lgrioro
1223 4465 1401 4510 autem
1432 4469 1540 4525 quo
1572 4465 1759 4525 pacto,
1793 4456 2024 4526 dignita-

2141 4457 2241 4526 ειμι
2271 4458 2301 4511 ὀ
2328 4456 2658 4527 παρακαλῶν
2691 4475 2770 4511 σε.
2815 4476 2835 4509 ι
2879 4458 2992 4512 Οὐκ
3029 4455 3145 4512 οῖδα
3176 4458 3232 4512 δὲ
3271 4458 3420 4522 ὅπως
3448 4457 3710 4513 ἐπιλαθο-

458 4540 533 4597 tis
584 4542 870 4600 immemor
920 4555 1066 4612 tum,
1123 4545 1399 4603 formidini
1452 4556 1507 4602 et
1541 4548 1740 4603 terrori
1784 4548 2025 4619 subjecta

461 4631 652 4691 fueris.
689 4634 816 4693 Haec
845 4652 1010 4708 porro
1033 4638 1164 4693 dicit
1185 4639 1338 4709 quasi
1371 4639 1752 4695 formidulosas
1794 4648 1849 4693 et
1876 4639 2025 4695 inlir-

461 4727 686 4794 miores,
709 4730 800 4800 qui
843 4731 896 4786 in
938 4731 1179 4788 Ecclesia
1209 4742 1361 4798 sunt,
1392 4732 1671 4801 alloquens
1706 4749 1721 4786 :
1748 4747 1870 4787 nam
1902 4749 2026 4803 per-

456 4816 611 4888 lecti,
659 4832 715 4876 et
744 4823 839 4894 qui
886 4824 1130 4896 martyrii
1159 4838 1359 4880 corona
1407 4823 1656 4880 exornati
1708 4833 1874 4890 sunt,
1906 4826 2024 4896 ejus

456 4922 584 4970 sunt
622 4915 847 4987 gloriam
887 4917 1187 4974 consecuti.
1235 4918 1512 4988 Siquidem
1543 4933 1665 4975 cum
1709 4935 1809 4989 par
1834 4920 2024 4980 fuisset

459 5012 512 5060 te
538 5016 684 5062 metu
717 5016 772 5064 et
798 5009 1158 5065 commotione
1192 5024 1418 5065 vacuum
1447 5024 1687 5077 manere,
1715 5020 1902 5080 utpote
1927 5029 2024 5084 po-

454 5100 642 5167 pulum
666 5117 866 5171 meum,
898 5103 964 5157 ad
994 5103 1154 5158 linem
1187 5103 1560 5171 corruptibilis
1591 5103 1869 5158 hominum
1900 5106 2023 5162 illa:

450 5193 871 5261 respicientem;
925 5205 1089 5265 atque
1139 5196 1357 5252 eosdem
1393 5195 1541 5265 ipsos
1569 5235 1584 5261 ,
1623 5210 1759 5266 quos
1792 5196 2021 5252 extime-

448 5288 645 5347 Scebas
667 5327 685 5352 .
727 5303 758 5344 a
787 5288 971 5346 futura
998 5290 1240 5362 pernicie
1271 5291 1542 5359 eximere;
1574 5299 1630 5346 tu
1663 5299 1877 5350 contra.
1900 5289 2020 5348 illos

452 5377 827 5450 reformidans,

521 5535 687 5590 Vens.
713 5536 800 5592 15.
840 5556 861 5589 ‹
916 5537 1130 5595 Oblitus
1163 5554 1223 5597 es
1252 5539 1377 5608 Dei,
1407 5540 1499 5612 qui
1549 5540 1677 5597 fecit
1701 5548 1775 5610 te,
1810 5556 1902 5612 qn.
1931 5541 2013 5597 fe-

451 5625 528 5680 cit
549 5626 762 5691 coelum,
796 5630 890 5699 qui
937 5630 1186 5688 fundavit
1217 5644 1419 5688 terram
1452 5652 1467 5690 :
1495 5642 1550 5690 et
1583 5634 1813 5690 timuisti
1863 5649 2006 5690 sem-

452 5733 552 5790 per
596 5720 845 5782 omnibus
887 5722 1076 5784 diebus
1122 5723 1316 5786 faciem
1366 5726 1460 5784 ira:
1508 5727 1818 5787 tribulantis
1868 5736 1939 5785 te.
1984 5746 2004 5782 ι

2130 4547 2266 4621 μένη
2289 4549 2390 4620 τῆς
2427 4549 2630 4619 σαυτῆς
2661 4549 2838 4616 ἀξίας,
2877 4550 3045 4623 δειλίᾳ
3086 4551 3336 4622 ύπήχθης
3368 4552 3463 4605 καὶ
3498 4551 3710 4623 ἐφοϐή-

2125 4639 2245 4712 θης.
2273 4640 2515 4709 Δέγειδὲ
2544 4640 2717 4695 ταῦτα
2761 4641 2837 4705 ὡς
2885 4640 3020 4713 πρὸς
3058 4641 3186 4704 τοὺς
3227 4640 3559 4711 δειλοτέρους
3606 4643 3709 4697 καὶ

2124 4730 2543 4802 ἀσθενεστέρους
2568 4731 2668 4801 τῆς
2728 4730 3083 4803 Ἑκκλησίας·
3137 4732 3185 4784 oi
3227 4730 3337 4802 γὰρ
3378 4729 3705 4785 τελειωθέν-

2122 4842 2234 4889 τες,
2263 4825 2357 4879 καὶ
2391 4828 2502 4888 τοῖς
2529 4826 2586 4878 ὲν
2617 4822 2897 4896 μαρτυρίῳ
2927 4822 3211 4893 στεφάνοις
3252 4822 3706 4894 κατακοσμηθένε-

2121 4934 2233 4980 τες,
2259 4914 2446 4987 ἔτυχον
2481 4916 2582 4986 τῆς
2614 4914 2744 4986 παρ’
2772 4913 2934 4968 αὑτοῦ
2976 4913 3152 4983 δόξης.
3186 4912 3315 4967 Δέον
3345 4912 3455 4984 γὰρ
3494 4914 3703 4983 ἄφοὸὀν

2125 5023 2185 5060 σε
2210 5008 2303 5061 καὶ
2327 5007 2596 5078 ἀτάραχον
2614 5005 2910 5076 διαμένειν,
2932 5004 3009 5068 ὡς
3027 5005 3092 5060 ἂν
3118 5003 3251 5075 ἐμὸν
3276 5004 3408 5058 ὄντα
3437 5002 3590 5068 λαὸν,
3618 5006 3702 5069 είς

2121 5099 2181 5153 τὸ
2205 5097 2355 5163 τέλος
2403 5097 2688 5169 ἀφορῶντα
2706 5099 2806 5167 τῆς
2831 5096 3075 5169 φθαρτῆς
3102 5096 3211 5150 τῶν
3248 5093 3553 5167 ἀνθρώπων
3594 5096 3700 5165 φύ-

2122 5205 2282 5253 σεως,
2312 5191 2405 5244 καὶ
2431 5187 2525 5244 τοῦ
2560 5188 2843 5260 μέλλοντος
2863 5188 3085 5260 ὀλέθρου
3108 5185 3448 5253 διαδέξασθαι
3467 5186 3697 5249 τούτους

2118 5278 2347 5343 αὐτοὺς,
2407 5277 2503 5356 οὓς
2558 5277 2856 5350 ἐφοεήθης’
2917 5277 2982 5331 σὺ
3039 5276 3098 5330 δὲ
3138 5275 3363 5341 τούτους
3411 5276 3513 5348 μὲν
3561 5277 3693 5346 ἐφο-

2119 5369 2316 5443 δήθης.

2191 5566 2211 5599 ι
2250 5543 2541 5603 Ἐπελάθου
2571 5544 2631 5601 δὲ
2661 5546 2795 5602 Θεὸν
2826 5546 2917 5602 τὸν
2948 5547 3250 5619 ποιήσαντά
3285 5538 3367 5612 σε,
3403 5545 3497 5600 τὸν
3528 5545 3687 5615 ποιής

2118 5654 2288 5692 σαντα
2316 5637 2407 5691 τὸν
2435 5638 2661 5711 οὐρανὸν
2702 5638 2795 5692 καὶ
2827 5637 3227 5708 θεμελιώσαντα
3265 5637 3366 5708 τὴν
3408 5634 3517 5707 γῆν
3531 5652 3547 5666 ν
3592 5636 3687 5689 καὶ

2118 5727 2310 5800 ὲφοὸοῦ
2335 5728 2421 5785 ἀεὶ
2452 5728 2632 5796 πάσας
2660 5728 2759 5795 τὰς
2783 5727 2998 5803 ἡμέρας
3040 5726 3101 5784 τὸ
3135 5726 3422 5800 πρόσωπον
3458 5725 3555 5783 τοῦ
3592 5726 3686 5780 θυ-
