3880 6216
165 280 273 336 ‘49

1157 271 1664 331 COMMENTARIA
1702 273 1770 329 IN
1809 271 2070 331 ISAIAM.
2111 307 2180 317 —
2213 274 2367 331 CAP.
2407 275 2493 330 LI.

3324 273 3433 332 650

168 397 273 472 μοῦ
301 396 399 450 τοῦ
429 393 704 457 θλίϐοντός
727 409 809 446 σε.
830 433 834 439 .
855 409 873 444 ι
908 391 1000 446 Διὸ
1038 391 1134 446 καὶ
1174 393 1300 455 τοὺς
1331 389 1472 444 κατὰ
1501 392 1602 463 τῆς
1643 390 1748 445 Ἐκ·

1867 391 1992 446 ldeo
2025 391 2093 445 ad
2151 391 2527 460 probationem
2570 389 2896 445 athletarum
2948 391 3194 445 meorum
3246 405 3432 462 perse-

164 488 401 559 κλησίας
433 488 533 558 τῆς
565 487 702 557 ἐμῆς
742 485 1018 554 διωγμοὺς
1069 485 1149 547 είς
1191 482 1422 555 δοκιμὴν
1465 483 1575 537 τῶν
1605 483 1754 555 ἐμῶν

162 579 420 652 ἀθλητῶν
449 578 653 648 ἀφίημι
686 578 782 631 καὶ
802 575 1070 647 συγχωρῶ
1098 574 1366 643 γίνεσθαι.

240 693 260 726 ι
310 676 408 728 Ὃν
437 673 638 744 τρόπον
675 671 784 742 γὰρ
822 669 1179 722 ἐϐουλεύσατο
1225 668 1320 722 τοῦ
1363 664 1496 741 ἆραί
1533 684 1617 733 σε,
1661 669 1756 723 καὶ

164 767 258 819 νῦν
292 765 402 820 ποῦ
433 767 462 817 6
495 765 664 835 θυμὸς
693 762 786 815 τοῦ
815 761 1088 826 θλίϐοντός
1132 777 1226 827 σε;
1274 762 1362 813 Ἐν
1394 762 1504 830 γὰρ
1533 759 1611 831 τῷ
1646 760 1753 813 σώ-

166 859 353 926 ζεσθαί
386 876 468 922 σε,
498 859 559 910 ού
593 858 868 927 στήσεται,
899 855 1018 908 οὐδὲ
1049 857 1275 925 χρονιεῖ·
1313 855 1396 908 ὅτι
1434 851 1545 922 ἐγὼ
1571 856 1598 906 6
1621 853 1754 917 Θεός

167 971 283 1014 σου,
318 955 347 1006 6
368 951 657 1022 ταράσσων
679 949 777 1018 τὴν
805 947 1101 1011 Θάλασσαν,
1139 947 1234 999 καὶ
1265 946 1412 1016 ἠχῶν
1443 945 1512 999 τὰ
1533 945 1754 1017 κύματα

165 1046 355 1116 αὐτῆς,
379 1042 584 1112 Κύριος
621 1039 846 1094 Σαϐαὼθ
874 1039 1045 1110 ὄνομά
1081 1058 1192 1110 μοι.
1221 1040 1384 1112 Θήσω
1408 1041 1533 1103 τοὺς
1563 1039 1754 1108 λόγους

168 1153 268 1208 μου
299 1138 380 1198 εἰς
415 1135 476 1187 τὺ
498 1132 675 1204 στόμα
703 1150 818 1194 σου,
853 1132 946 1184 καὶ
977 1131 1082 1184 ὑπὸ
1101 1133 1200 1201 τὴν
1235 1132 1396 1184 σκιὰν
1424 1133 1524 1204 τῆς
1569 1130 1754 1202 χειρός

169 1247 267 1300 μου
303 1227 566 1281 σκεπάσω
600 1242 680 1287 σε,
711 1226 767 1278 ἐν
867 1223 1071 1295 ἕστησα
1096 1223 1188 1276 τὸν
1225 1223 1450 1295 οὐρανὸν
1493 1224 1588 1276 καὶ
1636 1223 1754 1276 ἐθει⁸

169 1321 410 1393 μελίωσα
440 1321 540 1391 τὴν
570 1319 694 1389 γῆν.
740 1336 760 1369 ι
812 1317 900 1379 Ὧς
932 1314 998 1369 ἂν
1030 1316 1104 1388 μή
1137 1333 1190 1368 τι
1225 1315 1417 1378 πάθοις
1455 1314 1564 1368 τῶν
1596 1315 1752 1367 ἐναν-

163 1412 292 1465 τίων
322 1410 429 1463 ὑπὸ
459 1408 568 1462 τῶν
592 1406 990 1478 πολεμούντων,
1027 1406 1116 1459 ἵνα
1136 1405 1195 1459 δὲ
1224 1405 1303 1458 ἔτι
1327 1405 1524 1476 μᾶλλον
1551 1403 1755 1478 θαρσα-

163 1500 258 1554 λέα
297 1500 433 1570 γένῃ
465 1498 558 1552 καὶ
576 1495 839 1568 ἀτρεμὴς,
873 1496 968 1548 καὶ
999 1495 1269 1558 ἄπτωτος,
1308 1495 1562 1565 μάνθανε,
1595 1495 1670 1558 ὠς
1693 1495 1753 1547 ἐν

164 1593 358 1663 τῇὲμῇ
395 1591 560 1662 χειρὶ,
601 1592 657 1642 ἐν
766 1587 969 1657 ἕστησα
1009 1587 1100 1640 τὸν
1149 1587 1374 1659 οὐρανὸν
1422 1587 1516 1640 καὶ
1555 1587 1750 1657 ἐθεμε-

163 1683 336 1736 λίωσα
364 1682 464 1753 τὴν
495 1681 621 1751 γῆν,
652 1679 746 1732 καὶ
776 1679 868 1732 τὸν
895 1678 1188 1750 σύμπαντα
1215 1678 1415 1749 κόσμον
1450 1680 1514 1731 ἐκ
1546 1677 1641 1731 τοῦ
1675 1677 1748 1749 μὴ

163 1774 317 1837 ὄντος
341 1777 422 1835 εἰς
455 1773 516 1826 τὸ
549 1768 687 1826 εἶναι
718 1772 1059 1843 παρήγαγον,
1092 1773 1150 1824 ἐν
1175 1770 1345 1842 ταύτῃ
1374 1769 1668 1823 σκεπάσειν
1690 1785 1750 1821 σε

163 1866 595 1937 ἐπαγγέλλομαι.
633 1865 698 1917 Τί
718 1861 811 1917 οὖν
843 1863 949 1934 χρὴ
989 1863 1227 1934 ἀγωνιᾷν
1267 1863 1301 1933 ἢ
1336 1861 1616 1931 φοϐεῖσθαι
1659 1859 1754 1930 φό-

164 1959 255 2012 ϐον
302 1956 663 2028 ἀνθρώπινον,
716 1955 832 2010 δέον
881 1954 1203 2026 ὑποτρέχειν
1239 1954 1336 2026 τὴν
1388 1953 1526 2026 ἐμὴν
1572 1955 1750 2021 σκιάν,

166 2051 302 2122 μηδὲ
329 2051 634 2120 ἀναχωρεῖν
661 2048 851 2118 αὐτῆς,
895 2045 1033 2100 ἀλλὰ
1085 2046 1180 2100 καὶ
1231 2046 1358 2109 τοὺς
1405 2044 1595 2115 λόγους
1649 2063 1751 2118 μου

162 2146 397 2198 πάντοτε
420 2143 606 2214 φέρειν
629 2140 716 2194 διὰ
741 2140 1005 2211 στόματος
1028 2157 1043 2206 ἱ

236 2257 257 2288 ‹
294 2237 411 2289 Καὶ
438 2238 554 2306 ἐρεῖ
583 2233 744 2298 Σιὼν,
773 2234 914 2297 Λαός
941 2250 1042 2304 μου
1065 2225 1116 2284 εἴ
1148 2230 1232 2285 σύ.
1278 2229 1584 2303 Ἐξεγείρου
1614 2270 1628 2296 ,
1666 2233 1753 2298 ἐξ-

153 2330 406 2401 εγείρου,
443 2327 730 2399 ἀνάστηθι,
768 2325 1146 2397 Ἰερουσαλὴμ,
1183 2326 1216 2394 ἡ
1243 2323 1442 2378 πιοῦσα
1466 2325 1530 2378 ἐκ
1571 2325 1753 2396 χειρὸς

159 2423 369 2495 Κυρίου
417 2421 477 2474 τὸ
501 2422 760 2492 ποτήριον
801 2419 895 2472 τοῦ
936 2417 1109 2490 θυμοῦ
1140 2416 1334 2470 αὑτοῦ·
1383 2417 1443 2471 τὸ
1493 2403 1751 2488 ποτήριον

155 2517 268 2588 γὰρ
302 2515 404 2584 τῆς
443 2513 720 2578 πτώσεως,
754 2513 816 2566 τὸ
850 2512 1006 2566 κόνδυ
1047 2510 1138 2564 τοῦ
1187 2508 1358 2580 θυμοῦ
1401 2509 1611 2573 ἐξέπιες
1657 2507 1751 2562 καὶ

157 2607 524 2672 ἐξεκένωσας.
554 2626 573 2659 ›
605 2607 791 2659 Ἔοικε
822 2603 1108 2675 σημαίνειν
1135 2602 1224 2656 διὰ
1249 2601 1450 2654 τούτων
1467 2600 1565 2672 τὴν
1591 2599 1752 2670 ἐσχά-

157 2718 259 2771 την
294 2699 469 2768 αὐτῆς
502 2697 730 2764 πτῶσιν,
761 2698 826 2768 ἣν
859 2695 1096 2749 πέπονθε
1133 2693 1270 2766 μετὰ
1310 2693 1381 2746 τὰ
1409 2691 1751 2763 τολμηθέντα

155 2797 218 2846 ὲν
252 2794 394 2862 αὖτῇ
419 2791 558 2845 κατὰ
582 2789 677 2844 τοῦ
704 2790 956 2860 Σωτῆρος
989 2787 1146 2860 ἡμῶν
1166 2805 1178 2817 ·
1211 2786 1290 2840 διὸ
1325 2786 1421 2839 καὶ
1453 2785 1551 2854 τῆς
1580 2784 1750 2856 ὀργῆς

158 2885 254 2938 τοῦ
282 2883 423 2938 Θεοῦ
456 2883 743 2955 ἐπειράθη.
769 2880 1016 2953 Χρηστὺς
1048 2879 1103 2932 δὲ
1133 2878 1208 2932 ὣν
1252 2879 1280 2932 6
1322 2877 1480 2945 λόγος
1504 2877 1596 2930 καὶ
1631 2876 1751 2946 φιλ-

157 2978 452 3050 ἅνθρωπος
471 3015 486 3038 ,
555 2975 650 3028 καὶ
674 2972 688 2988 ’
716 2975 792 3045 μὴ
864 2972 1182 3044 βουλόμενος
1228 2970 1321 3023 τὸν
1373 2970 1602 3024 θάνατον
1651 2967 1747 3022 τοῦ

1860 485 2108 540 cutiones
2170 493 2358 540 contra
2422 482 2724 539 Ecelesiam
2787 497 2964 538 meam
3022 483 3252 539 excitari
3299 499 3431 555 per«

1859 577 2036 630 mitto.

1927 667 2095 723 Vens.
2130 669 2221 734 H,
2255 667 2342 724 16.
2378 687 2396 720 ι
2435 667 2588 722 Sicut
2619 665 2765 721 enim
2799 668 3058 737 cogitavit
3097 668 3287 725 tollere
3339 678 3429 735 te,

1855 769 1907 814 et
1939 761 2188 817 nuncubi
2216 771 2298 815 est
2326 759 2476 815 furor
2499 757 2810 814 tribulantis
2830 761 2915 816 te?
2936 759 3068 815 Cum
3088 762 3234 816 enim
3253 762 3434 816 salva-

1856 852 2025 917 heris,
2060 869 2166 908 non
2200 853 2406 920 stabit,
2433 867 2608 922 neque
2632 851 2719 906 diu
2749 854 3084 922 permanebit
3116 871 3130 908 :
3169 857 3294 924 quia
3329 869 3434 923 ego

1856 946 1999 1000 Deus
2035 956 2178 1010 tuus,
2212 947 2302 1016 qui
2348 947 2614 1000 conturbo
2648 960 2819 1010 mare,
2843 955 2898 999 et
2943 959 3138 1001 sonare
3165 945 3306 1000 facio
3333 944 3434 999 ﬂu-

1855 1047 1974 1092 ctus
2002 1038 2119 1108 ejus
2153 1078 2168 1104 ,
2201 1039 2460 1093 Dominus
2512 1037 2751 1093 Sabaoth
2796 1053 2988 1092 nomen
3023 1039 3178 1092 mihi.
3229 1037 3431 1093 Ponam

1852 1132 2017 1186 verba
2050 1147 2170 1185 mea
2223 1132 2277 1186 in
2311 1147 2408 1186 ore
2439 1139 2531 1184 tuo
2555 1169 2570 1194 ,
2604 1138 2660 1185 et
2692 1129 2792 1184 sub
2822 1129 3011 1184 umbra
3048 1146 3244 1185 manus
3297 1146 3433 1186 mea:

1852 1233 2130 1293 protegam
2171 1233 2242 1287 te,
2280 1224 2334 1277 in
2365 1239 2470 1293 qua
2501 1224 2667 1278 statui
2695 1223 2891 1278 C(Bllllll
2919 1263 2934 1288 ,
2966 1233 3022 1278 et
3052 1222 3272 1277 fundavi
3325 1231 3433 1278 ter-

1853 1330 1990 1368 ram.
2027 1333 2046 1366 ι
2087 1313 2164 1368 Ne
2195 1315 2327 1384 quid
2359 1315 2572 1370 adversi
2601 1315 2826 1386 patiaris
2855 1316 2922 1369 ab
2952 1316 3384 1386 oppugnantibus
3411 1358 3429 1386 ,

1854 1408 1963 1462 imo
1991 1417 2048 1462 ut
2078 1408 2458 1472 confidentior,
2483 1409 2847 1477 imperterrita
2877 1417 2931 1462 et
2963 1408 3286 1463 inconcussa
3311 1424 3432 1477 per-

1854 1511 1998 1565 stes,
2036 1501 2216 1556 discas
2252 1516 2338 1556 me
2370 1516 2534 1554 manu
2571 1515 2686 1555 mea
2715 1540 2732 1566 ,
2765 1514 2870 1568 qua
2920 1499 3084 1552 statui
3125 1499 3322 1553 caelum
3377 1510 3432 1558 et

1852 1595 2070 1650 fundavi
2106 1607 2308 1650 terram
2341 1633 2357 1660 ,
2407 1604 2460 1650 et
2491 1595 2805 1650 universum
2850 1595 3106 1646 mundum
3141 1608 3209 1647 ex
3257 1593 3428 1651 nihilo

1853 1687 1916 1740 ad
1955 1685 2327 1742 exsistentiam
2357 1688 2610 1757 produxi,
2635 1698 2688 1742 te
2719 1694 3089 1755 protecturum
3117 1701 3237 1742 esse
3272 1689 3430 1757 polli-

1853 1778 1984 1834 ceri.
2021 1779 2158 1846 Quid
2189 1794 2320 1850 ergo
2371 1779 2590 1850 attgeris
2618 1819 2633 1844 ,
2670 1787 2765 1833 aut
2811 1778 3088 1834 hominum
3140 1781 3432 1840 formidine

1852 1874 2154 1942 occuparis,
2184 1889 2306 1928 cum
2349 1874 2416 1928 ad
2447 1873 2693 1927 umbram
2732 1888 2906 1928 meam
2941 1872 3236 1945 confugere
3259 1915 3273 1941 ,
3329 1892 3429 1932 nec

1854 1966 1921 2019 ab
1953 1980 2015 2018 ea
2045 1967 2297 2021 recedere
2322 1975 2592 2037 oporteat,
2612 1977 2774 2037 atque
2803 1980 3084 2022 sermones
3117 1983 3267 2024 meus
3287 1986 3427 2025 sem-

1853 2072 1950 2129 per
1980 2059 2034 2112 in
2068 2073 2164 2114 ore
2189 2060 2334 2114 ferre
2359 2074 2495 2128 opus
2521 2059 2591 2114 sit
2617 2059 2641 2113 ?

1921 2235 2087 2290 Vens.
2133 2235 2218 2290 17.
2254 2253 2271 2288 ι
2310 2236 2376 2291 Et
2409 2237 2554 2292 dicet
2605 2237 2760 2300 Sion.
2802 2238 3037 2309 Populus
3066 2257 3217 2298 meus
3254 2260 3314 2299 es
3342 2255 3421 2302 tn.

1853 2326 2130 2394 Excitare,
2161 2330 2422 2396 excitare,
2447 2344 2701 2400 exsurge,
2735 2331 3059 2398 Jerusalem,
3087 2348 3208 2403 quae
3237 2337 3420 2391 bibisti

1851 2420 2104 2474 de-manu
2133 2419 2345 2475 Domini
2379 2423 2600 2477 calicem
2629 2422 2827 2477 furoris
2849 2423 2963 2490 ejus
2995 2446 3006 2479 :
3033 2425 3254 2480 calicem
3275 2427 3422 2481 enim

1851 2512 2022 2565 ruina!
2049 2552 2064 2576 ,
2099 2521 2154 2568 et
2197 2513 2446 2582 poculum
2493 2513 2693 2569 furoris
2726 2514 2842 2583 ejus
2869 2517 3084 2571 ebibisti
3116 2528 3171 2573 et
3195 2534 3426 2575 evacua-

1851 2604 1942 2659 ειῑ.
1977 2622 1997 2656 ι
2030 2603 2124 2660 His
2144 2605 2358 2660 videtur
2386 2606 2698 2676 significare
2719 2619 3018 2662 extremam
3048 2590 3164 2676 ejus
3186 2611 3417 2675 ruinam,

1850 2711 2011 2766 quam
2059 2705 2182 2767 post
2229 2706 2538 2768 perpetrata
2585 2697 2786 2752 ibidem
2839 2707 3034 2754 contra
3081 2699 3420 2755 Salvatoreut

1852 2799 2092 2846 nostrum
2125 2789 2363 2846 facinora
2399 2804 2653 2861 perpessa
2681 2800 2766 2845 est
2794 2809 2808 2844 :
2837 2806 3008 2860 quare
3046 2791 3181 2845 iram
3217 2791 3306 2846 Dei
3326 2807 3423 2844 ex-

1849 2890 1998 2951 perte
2023 2889 2123 2937 est.
2147 2881 2279 2936 Cum
2295 2888 2472 2937 autem
2493 2882 2580 2937 hic
2599 2897 2778 2937 sermo
2796 2882 2906 2952 (10)
2931 2885 3336 2939 mansuetudine
3367 2895 3424 2940 et

1850 2973 2189 3028 humanitate
2231 2972 2422 3044 plenus
2467 2973 2578 3040 sit,
2621 2988 2796 3043 neque
2840 2976 2968 3030 velit
3018 2975 3160 3031 Deus
3191 2988 3422 3033 mortem

159 3067 514 3141 ἁμαρτωλοῦ,
559 3067 636 3130 ὼς
657 3066 756 3137 τὴν
794 3065 1082 3136 μετάνοιαν
1123 3064 1308 3128 αὐτοῦ,
1363 3064 1615 3136 παραινεῖ
1652 3061 1748 3115 αὐ-

1855 3067 2148 3137 peceatoris
2171 3106 2186 3129 ,
2221 3067 2364 3122 sicut
2414 3067 2789 3137 paenitentiam
2823 3065 2960 3134 ejus,
2995 3068 3243 3122 hortatur
3277 3070 3424 3139 ipsos

157 3164 274 3224 τοῖς
298 3159 549 3213 σπεύδειν
581 3160 661 3222 είς
700 3159 1008 3230 μετάνοιαν,
1040 3158 1374 3229 ὑπογράφων
1420 3155 1632 3224 ἀγαθὰς
1661 3154 1748 3208 ἐλ-

157 3251 323 3314 πίδας
345 3253 395 3304 εί
423 3251 824 3321 μετανοήσειεν.
871 3249 1083 3303 Οὐκοῦν
1132 3249 1486 3320 Ἰερουσαλήμ
1522 3249 1672 3300 ἐστιν
1709 3248 1744 3319 ἡ

157 3344 367 3398 πιοῦσα
393 3344 457 3396 τὸ
489 3343 748 3415 ποτήριον
779 3343 878 3412 τῆς
900 3343 1090 3415 ὀργῆς.
1129 3342 1240 3396 Καὶ
1273 3341 1421 3394 ἔστιν
1452 3339 1612 3412 ἑτέρα
1651 3339 1748 3392 Ἱε-

162 3434 472 3504 ρουσαλὴμ,
515 3434 643 3506 περὶ
674 3428 744 3505 ἦς
770 3431 841 3485 τὰ
873 3432 1106 3503 μάλιστα
1144 3431 1409 3496 θεσπίζει.
1461 3431 1659 3502 Διόπερ
1684 3430 1746 3484 οὐ

158 3527 267 3599 χρὴ
305 3525 644 3595 συγχεῖσθαι,
691 3525 812 3578 οὐδὲ
845 3524 1084 3596 νομίζειν
1130 3523 1259 3595 περὶ
1309 3523 1407 3594 τῆς
1454 3525 1626 3595 αὐτῆς
1662 3522 1748 3576 λέ-

159 3620 378 3688 γεσθαι,
410 3618 530 3671 οὐδὲ
553 3617 790 3671 ἐναντία.
828 3617 893 3670 Ἦ
929 3617 1028 3688 μὲν
1069 3616 1176 3688 γάρ
1219 3617 1366 3670 ἐστιν
1404 3617 1461 3668 ἐν
1505 3615 1744 3688 οὐρανῷ,

157 3708 226 3784 ἦς
256 3711 356 3765 καὶ
387 3709 692 3781 βασιλεύειν
721 3707 938 3778 λέγεται
966 3708 994 3760 ό
1025 3707 1178 3773 Θεὸς,
1209 3703 1275 3780 ἦς
1303 3705 1412 3760 θύετ’
1451 3706 1588 3779 ὀργὴ
1623 3706 1747 3762 οὔτε

161 3801 339 3872 θυμὸς
385 3802 643 3855 ἅπτεται·
690 3799 901 3870 ἀπέδρα
944 3797 1052 3869 γὰρ
1097 3796 1259 3866 ὀδύνη
1305 3797 1402 3850 καὶ
1448 3796 1613 3868 λύπη,
1651 3797 1748 3851 καὶ

163 3892 472 3962 στεναγμὸς
505 3891 562 3959 ἐξ
605 3891 801 3962 αὐτῆςο
835 3892 867 3961 ἡ
898 3889 954 3942 δέ
1001 3891 1116 3942 ἐστι
1148 3885 1461 3941 συνεστῶσα
1507 3888 1600 3940 ἐπὶ
1645 3888 1748 3959 γῆς

160 3984 256 4036 τοῦ
287 3980 426 4036 Θεοῦ
451 3982 624 4046 πόλις,
657 3981 724 4035 δι’
766 3977 834 4054 ἧς
867 3981 1259 4051 ἀπεδείκνυμεν
1294 3980 1654 4050 σημαίνεσθαι
1685 3981 1748 4034 τὸ

163 4074 418 4138 θεοσεϐὲς
456 4075 513 4126 ὲν
548 4073 858 4145 ἀνθρώποις
914 4074 1245 4144 πολίτευμα⁶
1292 4073 1456 4143 ἑτέρα
1486 4072 1542 4124 δὲ
1597 4074 1747 4144 παρὰ

160 4166 371 4229 ταύτας
403 4165 521 4218 ἐστὶ
553 4167 584 4236 ὴ
622 4165 714 4218 τοῦ
751 4163 923 4236 θυμοῦ
945 4165 1039 4219 τοῦ
1069 4165 1205 4219 Θεοῦ
1244 4165 1624 4237 πεπειραμένη
1659 4166 1746 4223 διὰ

159 4259 261 4330 τῆς
284 4259 396 4312 τῶν
424 4259 726 4330 οἰκητόρων
759 4259 1122 4330 παρανομίας.

238 4369 258 4402 ι
299 4350 413 4403 Καὶ
445 4352 544 4404 οὐκ
587 4347 654 4422 ἧν
693 4351 722 4403 ὀ
755 4351 1090 4422 παρακαλῶν
1125 4370 1184 4406 σε
1224 4353 1334 4408 ἀπ’)
1378 4355 1594 4408 πάντων
1638 4354 1746 4408 τῶν

1852 3169 1910 3214 ut
1961 3161 2030 3215 ad
2100 3159 2471 3229 paenitentiam
2537 3159 2802 3230 agendam
2869 3169 3174 3227 maturent,
3227 3161 3422 3217 bonam

1850 3253 1982 3322 ipsis
2008 3267 2178 3322 spem,
2208 3253 2252 3306 si
2285 3251 2632 3321 resipiscant,
2673 3251 2982 3306 ascribens.
3030 3250 3219 3322 Itaque
3267 3249 3425 3307 Jeru-

1849 3345 2015 3400 salem
2045 3353 2150 3409 est,
2176 3359 2296 3414 quae
2327 3344 2554 3398 calicem
2582 3345 2677 3398 ira;
2704 3343 2891 3399 ebibit.
2923 3345 3128 3413 Estque
3153 3357 3286 3399 Sane
3312 3345 3419 3401 alia

1847 3435 2172 3504 Jerusalem,
2201 3438 2268 3491 de
2293 3451 2399 3506 qua
2432 3435 2745 3506 frequenter
2778 3436 3129 3491 vaticinatur.
3168 3438 3421 3507 Quapro-

1847 3539 1970 3600 pter
1997 3545 2102 3584 non
2138 3537 2354 3599 oportet
2402 3542 2497 3583 eas
2548 3527 2906 3584 commiscere
2947 3539 3002 3582 et
3052 3529 3422 3596 confundere,

1849 3637 2019 3693 neque
2045 3634 2238 3690 putare
2261 3621 2328 3675 de
2351 3619 2542 3674 eadem
2574 3619 2853 3674 contraria
2882 3619 3135 3687 proferri.
3162 3618 3296 3674 Nam
3313 3620 3421 3676 alia

1847 3715 1902 3769 in
1930 3714 2070 3770 ctelo
2101 3721 2206 3779 est,
2239 3713 2291 3767 in
2322 3727 2426 3782 qua
2458 3724 2692 3782 regnare
2734 3711 2934 3766 dicitur
2966 3711 3128 3774 Deus,
3154 3721 3208 3764 et
3231 3699 3423 3766 adver-

1848 3822 1941 3862 sus
1971 3823 2132 3876 quam
2168 3820 2267 3883 nec
2291 3806 2370 3859 ira
2405 3819 2505 3859 nec
2536 3803 2689 3858 furor
2711 3803 3061 3868 accenditur;
3092 3803 3160 3857 ab
3181 3817 3241 3856 ea
3269 3820 3420 3858 nam-

1847 3915 1953 3968 que
1975 3898 2148 3964 dolor,
2173 3913 2375 3953 mmror
2417 3911 2483 3951 ac
2521 3896 2758 3967 gemitus
2803 3895 3108 3962 abscessit;
3145 3896 3248 3950 alia
3288 3911 3421 3952 vero

1848 3992 2040 4048 civitas
2070 3991 2163 4046 Dei
2197 3991 2248 4046 in
2281 3997 2426 4045 terra
2463 3982 2770 4044 consistens
2798 3997 2916 4051 est,
2946 4003 3108 4058 quam
3138 3988 3420 4059 significa-

1848 4099 1907 4140 re
1955 4085 2188 4138 diximus
2215 4082 2528 4153 religiosum
2559 4081 2698 4150 apud
2735 4081 2981 4136 homines
3023 4081 3238 4135 vivendi
3271 4081 3424 4136 insti-

1851 4187 2021 4232 tutum
2047 4194 2062 4243 ;
2099 4186 2295 4245 prmter
2326 4175 2488 4229 hasce
2514 4189 2641 4227 vero
2664 4173 2767 4227 alia
2797 4182 2901 4238 est,
2921 4172 3056 4227 iram
3078 4171 3170 4227 Dei
3197 4181 3421 4241 experta

1848 4270 1916 4324 ob
1945 4270 2142 4323 civium
2178 4284 2396 4323 suorum
2431 4268 2799 4336 iniquitatem.

1927 4361 2088 4416 Vens.
2122 4361 2210 4425 18,
2261 4360 2343 4415 19.
2385 4379 2404 4411 ι
2449 4360 2514 4414 Et
2542 4368 2790 4418 πωλεῖ-ιιι
2822 4358 2912 4431 qui
2946 4357 3318 4412 consolaretur
3368 4367 3421 4412 te

157 4443 368 4500 τέκνων
404 4460 519 4507 σου,
561 4435 636 4496 ῶν
669 4443 888 4505 ἔτεκες·
926 4445 1020 4496 καὶ
1064 4443 1162 4497 οὐκ
1206 4439 1274 4515 ἦν
1299 4446 1327 4497 ό
1355 4443 1748 4514 ἀντιλαμϐανό-

1855 4467 1920 4507 ex
1951 4454 2204 4508 omnibus
2233 4453 2358 4506 filiis
2385 4453 2511 4517 tuis,
2547 4469 2686 4524 quos
2715 4454 2970 4524 peperisti
3006 4472 3020 4507 :
3049 4464 3101 4508 et
3153 4470 3257 4507 non
3304 4461 3423 4508 erat

162 4554 326 4608 μενος
357 4537 456 4608 τῆς
481 4537 660 4608 χειρός
679 4552 794 4599 σου,
816 4535 936 4589 οὐδὲ
961 4537 1068 4592 ἀπὸ
1085 4536 1301 4590 πάντων
1329 4537 1435 4590 τῶν
1466 4537 1596 4590 υίῶν
1625 4554 1743 4604 σου,

158 4626 233 4684 ὧν
265 4631 511 4701 ῦψωσας.
553 4629 644 4682 Διὸ
676 4629 846 4683 ταῦτα
897 4629 1248 4700 ὰντικείμενά
1289 4647 1402 4683 σοι’
1439 4629 1521 4692 τίς
1555 4628 1748 4682 συλλυ-

160 4723 472 4796 πηθήσεταί
525 4739 642 4788 σοι;
693 4722 902 4794 Πτῶμα
936 4725 1031 4776 καὶ⁸
1075 4722 1408 4796 σύντριμμα.
1452 4721 1608 4793 λιμὸς
1652 4723 1745 4776 καὶ

164 4818 442 4889 μάχαιραν
477 4816 562 4880 τίς
591 4816 958 4888 παρακαλέσει
988 4831 1047 4869 σε
1073 4833 1088 4882 ;
1127 4836 1144 4868 ι
1181 4817 1333 4870 Πίνει
1361 4817 1419 4870 δέ
1449 4834 1532 4879 τις
1554 4815 1615 4868 τὸ
1646 4833 1745 4868 πο-

158 4912 348 4982 τήριον
381 4907 556 4980 θυμοῦ
582 4911 676 4962 καὶ
704 4909 982 4972 πτώσεως,
1010 4909 1104 4962 καὶ
1146 4908 1313 4962 πίνων
1338 4906 1744 4979 ἐκστραγγίζει,

161 5003 248 5057 ὅτε
275 5004 458 5066 πάσας
490 5003 782 5073 ὑφίσταται
813 5002 911 5067 τὰς
947 5000 1215 5073 τιμωρίας
1251 5001 1346 5055 καὶ
1368 4999 1466 5063 τὰς
1499 4999 1746 5061 κολάσεις

160 5098 260 5161 τὰς
282 5097 632 5167 ἐπαγομένας
671 5096 809 5168 ὑπὲρ
844 5089 918 5149 ὧν
953 5095 1189 5168 ἔπραξεν
1225 5093 1610 5164 ἀτοπημάτων.
1658 5091 1744 5154 Ὠς

159 5189 216 5242 δὲ
244 5190 445 5262 ἰατρῶν
474 5190 662 5253 παῖδες
689 5191 802 5252 τοῖς
827 5187 1155 5259 καχεκτοῦσι
1207 5185 1406 5257 πικρὰς
1439 5182 1746 5256 προσάγου-

161 5297 246 5338 σιν
267 5283 588 5347 ἀντιδόσεις,
611 5283 753 5354 ὑπὲρ
776 5280 869 5336 τοῦ
889 5279 1124 5352 καθᾶραι
1162 5278 1260 5349 τὴν
1307 5279 1366 5332 ἐν
1407 5275 1486 5346 τῷ
1533 5273 1744 5345 σώματι

160 5376 531 5448 προκειμένην
564 5376 835 5430 κάκωσινο
873 5373 1015 5428 οὕτω
1055 5375 1149 5427 καὶ
1190 5373 1319 5444 περὶ
1357 5371 1449 5426 τοῦ
1477 5368 1609 5423 Θεοῦ
1655 5368 1742 5422 λέ-

160 5466 368 5532 λεκται,
398 5487 417 5520 ι
444 5470 708 5541 Ποτήριον
735 5469 795 5523 ἐν
827 5467 972 5540 χειρὶ
1001 5466 1227 5538 Κυρίου,
1259 5465 1402 5520 οίνου
1429 5465 1688 5536 ἀκράτου,
1713 5469 1736 5516 ο·

233 5566 281 5598 ε’
319 5563 469 5621 Psal.
508 5579 689 5627 Lxxtv,
718 5565 774 5620 9.

1853 4546 1943 4614 qui
1996 4545 2426 4616 apprehenderet
2459 4561 2677 4600 manum
2727 4556 2913 4611 tuam,
2952 4560 3018 4599 ne
3049 4560 3116 4600 ex
3169 4546 3423 4602 omnibus

1853 4637 2068 4706 quidem
2106 4637 2229 4692 filiis
2254 4639 2359 4692 tuis
2383 4675 2398 4701 ,
2430 4651 2566 4707 quos
2594 4637 2868 4692 exaltasti.
2912 4636 3091 4702 Quare
3120 4638 3235 4692 haec
3281 4655 3419 4694 con-

1855 4729 2018 4784 traria
2053 4729 2148 4785 tibi
2197 4743 2211 4783 :
2258 4730 2380 4799 quis
2409 4739 2584 4784 tecum
2622 4729 3087 4784 contristabitur?
3142 4730 3316 4786 Ruina
3365 4742 3421 4788 et

1853 4821 2128 4888 contritio,
2163 4821 2333 4875 fames
2359 4829 2414 4876 et
2446 4821 2688 4890 gladius;
2725 4823 2845 4892 quis
2874 4822 3240 4877 consulabitur
3269 4825 3363 4879 te?
3392 4845 3412 4878 ι

1853 4914 1986 4968 Tum
2013 4916 2134 4985 quis
2161 4915 2389 4970 calicem
2444 4915 2537 4969 ira:
2565 4925 2621 4970 et
2655 4916 2824 4968 ruinae
2861 4915 3063 4984 ebibit,
3110 4930 3175 4970 ac
3228 4917 3422 4973 bibens

1851 5008 2104 5078 guttatim
2145 5008 2353 5072 haurit,
2383 5021 2504 5062 cum
2545 5007 2722 5060 omnia
2755 5007 3014 5076 supplicia
3042 5046 3058 5072 ,
3083 5022 3272 5062 omnes
3303 5009 3422 5062 illa-

1853 5109 1935 5154 tos
1947 5101 2224 5155 cruciatus
2251 5101 2480 5155 sustinet
2507 5115 2606 5170 pro
2625 5099 2916 5154 sceleribus
2937 5099 3206 5154 admissis.
3223 5099 3425 5164 Quem-

1849 5193 2135 5247 admodum
2169 5207 2296 5248 vero
2326 5193 2519 5249 medici
2572 5192 2713 5247 male
2744 5191 3071 5246 habentibus
3110 5193 3304 5248 acerba
3335 5209 3424 5245 ['1'-

1851 5284 2024 5337 media
2067 5281 2343 5349 offerunt,
2391 5293 2451 5339 ut
2494 5283 2881 5352 malignitatem
2913 5284 2964 5337 in
2995 5297 3220 5352 corpore
3271 5283 3422 5338 exsi-

1846 5385 2080 5430 stentem
2109 5387 2428 5447 expurgem,
2458 5377 2528 5431 ita
2552 5387 2608 5430 et
2639 5376 2705 5430 de
2738 5377 2846 5431 Deo
2865 5375 3084 5439 dicitur,
3131 5391 3150 5428 ι
3173 5375 3322 5431 Calix
3361 5375 3416 5430 in

1847 5487 2006 5526 manu
2040 5471 2272 5538 Domini,
2299 5472 2406 5528 vini
2431 5473 2563 5528 meri
2583 5472 2650 5540 ”,
2686 5489 2707 5524 ι
2731 5480 3015 5528 eteaatcra.
3047 5470 3262 5526 Atenitn
3298 5471 3420 5526 atti-

224 5660 342 5728 μθ)
361 5659 644 5746 Fortevox
664 5659 876 5746 (ἔτ-γορ,
899 5660 1189 5746 λόγος,ι)ι;ο
1205 5658 1341 5714 Filio
1365 5660 1456 5746 Dei
1489 5663 1748 5746 aptiussn

1855 5672 2031 5746 retur,
2064 5661 2330 5746 siquidem
2357 5659 2444 5717 ille
2480 5659 2638 5731 λόγος
2659 5659 2860 5718 dicitur
2885 5659 2962 5733 μὴ
2983 5657 3301 5732 βουλόμενος
3326 5654 3418 5710 τὸν

160 5730 389 5786 θάνατον
403 5730 497 5784 τοῦ
517 5730 864 5804 ἀμαρτωλοῦ,
888 5733 1029 5803 quod
1052 5730 1117 5788 ae
1142 5730 1270 5799 Deo,
1294 5748 1398 5788 non
1423 5734 1488 5789 de
1514 5730 1748 5804 Scriplut

1860 5736 1927 5791 ici
1955 5737 2111 5792 solet.
2141 5733 2299 5788 Em'r.
