  <div class='ocr_page' id='page_1' title='image "/cluster/home/n/w/nwhite01/storage/ocr_20150623/24/nnc1.0046978259/243.png"; bbox 0 0 3880 6216; ppageno 0'>
   <div class='ocr_carea' id='block_1_1' title="bbox 464 255 572 315">
    <p class='ocr_par' dir='ltr' id='par_1_1' title="bbox 464 255 572 315">
     <span class='ocr_line' id='line_1_1' title="bbox 464 255 572 315; baseline 0.009 -1"><span class='ocrx_word' id='word_1_1' title='bbox 464 255 572 315; x_wconf 74' lang='grc' dir='ltr'>ιδι</span> 
     </span>
    </p>
   </div>
   <div class='ocr_carea' id='block_1_2' title="bbox 1117 254 3021 319">
    <p class='ocr_par' dir='ltr' id='par_1_2' title="bbox 1117 254 3021 319">
     <span class='ocr_line' id='line_1_2' title="bbox 1117 254 3021 319; baseline 0.003 -8"><span class='ocrx_word' id='word_1_2' title='bbox 1117 254 1397 313; x_wconf 82' lang='lat' dir='ltr'><strong>EUSEBII</strong></span> <span class='ocrx_word' id='word_1_3' title='bbox 1432 256 1918 316; x_wconf 67' lang='lat' dir='ltr'><strong>CESARIENSIS</strong></span> <span class='ocrx_word' id='word_1_4' title='bbox 1953 258 2107 319; x_wconf 84' lang='lat' dir='ltr'><strong>OPP.</strong></span> <span class='ocrx_word' id='word_1_5' title='bbox 2147 259 2329 318; x_wconf 82' lang='lat' dir='ltr'><strong>PARS</strong></span> <span class='ocrx_word' id='word_1_6' title='bbox 2366 260 2455 317; x_wconf 84' lang='lat' dir='ltr'><strong>Ill.</strong></span> <span class='ocrx_word' id='word_1_7' title='bbox 2494 291 2566 304; x_wconf 73' lang='grc' dir='ltr'><strong>-ο</strong></span> <span class='ocrx_word' id='word_1_8' title='bbox 2602 258 3021 318; x_wconf 78' lang='lat' dir='ltr'><strong>EXEGETICA.</strong></span> 
     </span>
    </p>
   </div>
   <div class='ocr_carea' id='block_1_3' title="bbox 3630 260 3752 316">
    <p class='ocr_par' dir='ltr' id='par_1_3' title="bbox 3630 260 3752 316">
     <span class='ocr_line' id='line_1_3' title="bbox 3630 260 3752 316; baseline 0 0"><span class='ocrx_word' id='word_1_9' title='bbox 3630 260 3752 316; x_wconf 64' lang='grc'><strong>451</strong></span> 
     </span>
    </p>
   </div>
   <div class='ocr_carea' id='block_1_4' title="bbox 467 344 2030 449">
    <p class='ocr_par' dir='ltr' id='par_1_4' title="bbox 467 344 2030 440">
     <span class='ocr_line' id='line_1_4' title="bbox 467 344 2030 440; baseline -0.001 -9"><span class='ocrx_word' id='word_1_10' title='bbox 467 389 680 431; x_wconf 82' lang='lat' dir='ltr'><strong>marum</strong></span> <span class='ocrx_word' id='word_1_11' title='bbox 722 371 814 429; x_wconf 91' lang='lat' dir='ltr'><strong>ille</strong></span> <span class='ocrx_word' id='word_1_12' title='bbox 851 370 1138 440; x_wconf 86' lang='lat' dir='ltr'><strong>medicus,</strong></span> <span class='ocrx_word' id='word_1_13' title='bbox 1189 344 1415 426; x_wconf 60' lang='lat' dir='ltr'><strong>morbisi</strong></span> <span class='ocrx_word' id='word_1_14' title='bbox 1441 372 1638 428; x_wconf 76' lang='lat' dir='ltr'><strong>animae</strong></span> <span class='ocrx_word' id='word_1_15' title='bbox 1686 373 2030 431; x_wconf 78' lang='lat' dir='ltr'><strong>insidentibu:</strong></span> 
     </span>
    </p>
   </div>
   <div class='ocr_carea' id='block_1_5' title="bbox 2143 344 3749 449">
    <p class='ocr_par' dir='ltr' id='par_1_5' title="bbox 2150 370 3749 449">
     <span class='ocr_line' id='line_1_5' title="bbox 2150 370 3749 449; baseline -0.001 -20"><span class='ocrx_word' id='word_1_16' title='bbox 2150 375 2242 429; x_wconf 76' lang='grc' dir='ltr'>καὶ</span> <span class='ocrx_word' id='word_1_17' title='bbox 2282 375 2350 428; x_wconf 83' lang='grc' dir='ltr'>τὰ</span> <span class='ocrx_word' id='word_1_18' title='bbox 2396 374 2543 447; x_wconf 78' lang='grc' dir='ltr'>ἑξῆς.</span> <span class='ocrx_word' id='word_1_19' title='bbox 2589 375 2894 445; x_wconf 84' lang='grc' dir='ltr'>Ἀναλόγως</span> <span class='ocrx_word' id='word_1_20' title='bbox 2931 392 3042 447; x_wconf 91' lang='grc' dir='ltr'><strong>γαρ</strong></span> <span class='ocrx_word' id='word_1_21' title='bbox 3079 375 3193 439; x_wconf 89' lang='grc' dir='ltr'>τοῖς</span> <span class='ocrx_word' id='word_1_22' title='bbox 3238 370 3628 446; x_wconf 70' lang='grc' dir='ltr'><strong>ὑποκειμένοις</strong></span> <span class='ocrx_word' id='word_1_23' title='bbox 3673 380 3749 449; x_wconf 76' lang='grc' dir='ltr'>τῇ</span> 
     </span>
    </p>
   </div>
   <div class='ocr_carea' id='block_1_6' title="bbox 465 464 2037 538">
    <p class='ocr_par' dir='ltr' id='par_1_6' title="bbox 465 464 2037 538">
     <span class='ocr_line' id='line_1_6' title="bbox 465 464 2037 538; baseline -0.001 -14"><span class='ocrx_word' id='word_1_24' title='bbox 465 476 828 538; x_wconf 83' lang='lat' dir='ltr'><strong>congruentes</strong></span> <span class='ocrx_word' id='word_1_25' title='bbox 858 465 1268 536; x_wconf 82' lang='lat' dir='ltr'><strong>castigationes,</strong></span> <span class='ocrx_word' id='word_1_26' title='bbox 1303 464 1458 533; x_wconf 89' lang='lat' dir='ltr'><strong>quasi</strong></span> <span class='ocrx_word' id='word_1_27' title='bbox 1487 465 1783 534; x_wconf 86' lang='lat' dir='ltr'><strong>quamdam</strong></span> <span class='ocrx_word' id='word_1_28' title='bbox 1824 469 2037 523; x_wconf 83' lang='lat' dir='ltr'><strong>antido-</strong></span> 
     </span>
    </p>
   </div>
   <div class='ocr_carea' id='block_1_7' title="bbox 467 557 2041 628">
    <p class='ocr_par' dir='ltr' id='par_1_7' title="bbox 467 557 2041 628">
     <span class='ocr_line' id='line_1_7' title="bbox 467 557 2041 628; baseline -0.001 -11"><span class='ocrx_word' id='word_1_29' title='bbox 467 572 583 617; x_wconf 87' lang='lat' dir='ltr'><strong>tum</strong></span> <span class='ocrx_word' id='word_1_30' title='bbox 613 561 678 615; x_wconf 89' lang='lat' dir='ltr'><strong>ad</strong></span> <span class='ocrx_word' id='word_1_31' title='bbox 713 559 977 614; x_wconf 85' lang='lat' dir='ltr'><strong>medelam</strong></span> <span class='ocrx_word' id='word_1_32' title='bbox 1007 566 1063 614; x_wconf 91' lang='lat' dir='ltr'><strong>et</strong></span> <span class='ocrx_word' id='word_1_33' title='bbox 1089 557 1467 628; x_wconf 76' lang='lat' dir='ltr'><strong>purgationem</strong></span> <span class='ocrx_word' id='word_1_34' title='bbox 1489 559 1776 628; x_wconf 70' lang='lat' dir='ltr'><strong>praesentis</strong></span> <span class='ocrx_word' id='word_1_35' title='bbox 1813 558 2041 615; x_wconf 81' lang='lat' dir='ltr'><strong>inﬁrmi-</strong></span> 
     </span>
    </p>
   </div>
   <div class='ocr_carea' id='block_1_8' title="bbox 466 651 875 724">
    <p class='ocr_par' dir='ltr' id='par_1_8' title="bbox 466 651 875 724">
     <span class='ocr_line' id='line_1_8' title="bbox 466 651 875 724; baseline -0.007 -15"><span class='ocrx_word' id='word_1_36' title='bbox 466 655 616 718; x_wconf 89' lang='lat' dir='ltr'><strong>tatis,</strong></span> <span class='ocrx_word' id='word_1_37' title='bbox 646 651 875 724; x_wconf 75' lang='lat' dir='ltr'><strong>profert.</strong></span> 
     </span>
    </p>
   </div>
   <div class='ocr_carea' id='block_1_9' title="bbox 539 741 2038 814">
    <p class='ocr_par' dir='ltr' id='par_1_9' title="bbox 539 741 2038 814">
     <span class='ocr_line' id='line_1_9' title="bbox 539 741 2038 814; baseline 0.002 -18"><span class='ocrx_word' id='word_1_38' title='bbox 539 745 703 802; x_wconf 74' lang='lat' dir='ltr'><strong>Vsus.</strong></span> <span class='ocrx_word' id='word_1_39' title='bbox 731 743 821 799; x_wconf 77' lang='grc' dir='ltr'>ει).</span> <span class='ocrx_word' id='word_1_40' title='bbox 859 761 879 796; x_wconf 83' lang='grc' dir='ltr'><strong>ι</strong></span> <span class='ocrx_word' id='word_1_41' title='bbox 928 742 1051 799; x_wconf 89' lang='lat' dir='ltr'><strong>Filii</strong></span> <span class='ocrx_word' id='word_1_42' title='bbox 1095 745 1174 797; x_wconf 90' lang='lat' dir='ltr'><strong>tui</strong></span> <span class='ocrx_word' id='word_1_43' title='bbox 1208 741 1554 814; x_wconf 75' lang='lat' dir='ltr'><strong>indigentes,</strong></span> <span class='ocrx_word' id='word_1_44' title='bbox 1604 743 1935 799; x_wconf 71' lang='lat' dir='ltr'><strong>dormientes</strong></span> <span class='ocrx_word' id='word_1_45' title='bbox 1985 744 2038 799; x_wconf 93' lang='lat' dir='ltr'><strong>in</strong></span> 
     </span>
    </p>
   </div>
   <div class='ocr_carea' id='block_1_10' title="bbox 462 836 2037 910">
    <p class='ocr_par' dir='ltr' id='par_1_10' title="bbox 462 836 2037 910">
     <span class='ocr_line' id='line_1_10' title="bbox 462 836 2037 910; baseline -0.004 -15"><span class='ocrx_word' id='word_1_46' title='bbox 462 839 718 910; x_wconf 73' lang='lat' dir='ltr'><strong>compitis</strong></span> <span class='ocrx_word' id='word_1_47' title='bbox 764 838 1005 892; x_wconf 92' lang='lat' dir='ltr'><strong>omnium</strong></span> <span class='ocrx_word' id='word_1_48' title='bbox 1057 836 1266 889; x_wconf 79' lang='lat' dir='ltr'><strong>viarum</strong></span> <span class='ocrx_word' id='word_1_49' title='bbox 1293 877 1308 901; x_wconf 95' lang='lat'><strong>,</strong></span> <span class='ocrx_word' id='word_1_50' title='bbox 1343 836 1488 891; x_wconf 84' lang='lat' dir='ltr'><strong>sicut</strong></span> <span class='ocrx_word' id='word_1_51' title='bbox 1534 836 1659 891; x_wconf 85' lang='lat' dir='ltr'><strong>beta</strong></span> <span class='ocrx_word' id='word_1_52' title='bbox 1707 837 2037 902; x_wconf 89' lang='lat' dir='ltr'><strong>semicocta,</strong></span> 
     </span>
    </p>
   </div>
   <div class='ocr_carea' id='block_1_11' title="bbox 462 928 2039 1003">
    <p class='ocr_par' dir='ltr' id='par_1_11' title="bbox 462 928 2039 1003">
     <span class='ocr_line' id='line_1_11' title="bbox 462 928 2039 1003; baseline -0.003 -16"><span class='ocrx_word' id='word_1_53' title='bbox 462 934 613 1003; x_wconf 82' lang='lat' dir='ltr'><strong>pleni</strong></span> <span class='ocrx_word' id='word_1_54' title='bbox 664 931 848 987; x_wconf 80' lang='lat' dir='ltr'><strong>furore</strong></span> <span class='ocrx_word' id='word_1_55' title='bbox 901 930 1158 995; x_wconf 88' lang='lat' dir='ltr'><strong>Domini,</strong></span> <span class='ocrx_word' id='word_1_56' title='bbox 1218 928 1540 984; x_wconf 85' lang='lat' dir='ltr'><strong>deﬁcientes</strong></span> <span class='ocrx_word' id='word_1_57' title='bbox 1598 943 1697 998; x_wconf 90' lang='lat' dir='ltr'><strong>per</strong></span> <span class='ocrx_word' id='word_1_58' title='bbox 1754 930 2039 983; x_wconf 89' lang='lat' dir='ltr'><strong>Dominum</strong></span> 
     </span>
    </p>
   </div>
   <div class='ocr_carea' id='block_1_12' title="bbox 466 1023 2041 1093">
    <p class='ocr_par' dir='ltr' id='par_1_12' title="bbox 466 1023 2041 1093">
     <span class='ocr_line' id='line_1_12' title="bbox 466 1023 2041 1093; baseline -0.001 -12"><span class='ocrx_word' id='word_1_59' title='bbox 466 1026 658 1081; x_wconf 83' lang='lat' dir='ltr'><strong>Deum.</strong></span> <span class='ocrx_word' id='word_1_60' title='bbox 708 1044 727 1078; x_wconf 76' lang='grc' dir='ltr'><strong>ι</strong></span> <span class='ocrx_word' id='word_1_61' title='bbox 769 1023 1079 1079; x_wconf 89' lang='lat' dir='ltr'><strong>Secundum</strong></span> <span class='ocrx_word' id='word_1_62' title='bbox 1130 1023 1370 1093; x_wconf 88' lang='lat' dir='ltr'><strong>reliquos</strong></span> <span class='ocrx_word' id='word_1_63' title='bbox 1402 1024 1732 1093; x_wconf 87' lang='lat' dir='ltr'><strong>interpretes</strong></span> <span class='ocrx_word' id='word_1_64' title='bbox 1768 1039 1871 1093; x_wconf 90' lang='lat' dir='ltr'><strong>pro</strong></span> <span class='ocrx_word' id='word_1_65' title='bbox 1905 1024 2000 1079; x_wconf 93' lang='lat' dir='ltr'><strong>illo</strong></span> <span class='ocrx_word' id='word_1_66' title='bbox 2025 1064 2041 1092; x_wconf 95' lang='lat'><strong>,</strong></span> 
     </span>
    </p>
   </div>
   <div class='ocr_carea' id='block_1_13' title="bbox 466 1116 2041 1189">
    <p class='ocr_par' dir='ltr' id='par_1_13' title="bbox 466 1116 2041 1189">
     <span class='ocr_line' id='line_1_13' title="bbox 466 1116 2041 1189; baseline 0.001 -18"><span class='ocrx_word' id='word_1_67' title='bbox 466 1136 490 1171; x_wconf 76' lang='grc' dir='ltr'><strong>ι</strong></span> <span class='ocrx_word' id='word_1_68' title='bbox 534 1119 677 1175; x_wconf 83' lang='lat' dir='ltr'><strong>sicut</strong></span> <span class='ocrx_word' id='word_1_69' title='bbox 725 1118 851 1172; x_wconf 87' lang='lat' dir='ltr'><strong>beta</strong></span> <span class='ocrx_word' id='word_1_70' title='bbox 879 1117 1204 1182; x_wconf 86' lang='lat' dir='ltr'><strong>semicocta,</strong></span> <span class='ocrx_word' id='word_1_71' title='bbox 1247 1136 1266 1170; x_wconf 73' lang='grc' dir='ltr'><strong>ι</strong></span> <span class='ocrx_word' id='word_1_72' title='bbox 1301 1117 1382 1172; x_wconf 90' lang='lat' dir='ltr'><strong>sic</strong></span> <span class='ocrx_word' id='word_1_73' title='bbox 1437 1116 1654 1188; x_wconf 77' lang='lat' dir='ltr'><strong>legitur,</strong></span> <span class='ocrx_word' id='word_1_74' title='bbox 1713 1135 1732 1171; x_wconf 88' lang='grc' dir='ltr'><strong>ι</strong></span> <span class='ocrx_word' id='word_1_75' title='bbox 1784 1127 2041 1189; x_wconf 87' lang='lat' dir='ltr'><strong>tanquam</strong></span> 
     </span>
    </p>
   </div>
   <div class='ocr_carea' id='block_1_14' title="bbox 459 1209 2040 1283">
    <p class='ocr_par' dir='ltr' id='par_1_14' title="bbox 459 1209 2040 1283">
     <span class='ocr_line' id='line_1_14' title="bbox 459 1209 2040 1283; baseline -0.002 -16"><span class='ocrx_word' id='word_1_76' title='bbox 459 1227 599 1283; x_wconf 78' lang='lat' dir='ltr'><strong>oryx</strong></span> <span class='ocrx_word' id='word_1_77' title='bbox 627 1212 891 1266; x_wconf 87' lang='lat' dir='ltr'><strong>irretitus.</strong></span> <span class='ocrx_word' id='word_1_78' title='bbox 930 1229 950 1261; x_wconf 73' lang='grc' dir='ltr'><strong>ι</strong></span> <span class='ocrx_word' id='word_1_79' title='bbox 991 1209 1138 1280; x_wconf 82' lang='lat' dir='ltr'><strong>Oryx</strong></span> <span class='ocrx_word' id='word_1_80' title='bbox 1164 1218 1346 1264; x_wconf 86' lang='lat' dir='ltr'><strong>autem</strong></span> <span class='ocrx_word' id='word_1_81' title='bbox 1383 1218 1467 1265; x_wconf 86' lang='lat' dir='ltr'><strong>est</strong></span> <span class='ocrx_word' id='word_1_82' title='bbox 1496 1212 1613 1266; x_wconf 89' lang='lat' dir='ltr'><strong>avis</strong></span> <span class='ocrx_word' id='word_1_83' title='bbox 1643 1211 1725 1265; x_wconf 88' lang='lat' dir='ltr'><strong>sic</strong></span> <span class='ocrx_word' id='word_1_84' title='bbox 1753 1211 2040 1280; x_wconf 88' lang='lat' dir='ltr'><strong>appellata,</strong></span> 
     </span>
    </p>
   </div>
   <div class='ocr_carea' id='block_1_15' title="bbox 461 1302 2044 1372">
    <p class='ocr_par' dir='ltr' id='par_1_15' title="bbox 461 1302 2044 1372">
     <span class='ocr_line' id='line_1_15' title="bbox 461 1302 2044 1372; baseline -0.001 -12"><span class='ocrx_word' id='word_1_85' title='bbox 461 1311 549 1360; x_wconf 88' lang='lat' dir='ltr'><strong>cui</strong></span> <span class='ocrx_word' id='word_1_86' title='bbox 587 1305 727 1360; x_wconf 88' lang='lat' dir='ltr'><strong>ﬁlios</strong></span> <span class='ocrx_word' id='word_1_87' title='bbox 756 1303 1057 1360; x_wconf 84' lang='lat' dir='ltr'><strong>Jerusalem</strong></span> <span class='ocrx_word' id='word_1_88' title='bbox 1087 1311 1390 1372; x_wconf 83' lang='lat' dir='ltr'><strong>comparat,</strong></span> <span class='ocrx_word' id='word_1_89' title='bbox 1418 1302 1627 1358; x_wconf 87' lang='lat' dir='ltr'><strong>retibus</strong></span> <span class='ocrx_word' id='word_1_90' title='bbox 1658 1302 1861 1358; x_wconf 89' lang='lat' dir='ltr'><strong>diaboli</strong></span> <span class='ocrx_word' id='word_1_91' title='bbox 1902 1303 2044 1359; x_wconf 89' lang='lat' dir='ltr'><strong>irre-</strong></span> 
     </span>
    </p>
   </div>
   <div class='ocr_carea' id='block_1_16' title="bbox 461 1395 1539 1469">
    <p class='ocr_par' dir='ltr' id='par_1_16' title="bbox 461 1395 1539 1469">
     <span class='ocr_line' id='line_1_16' title="bbox 461 1395 1539 1469; baseline -0.002 -17"><span class='ocrx_word' id='word_1_92' title='bbox 461 1399 591 1455; x_wconf 89' lang='lat' dir='ltr'><strong>titos</strong></span> <span class='ocrx_word' id='word_1_93' title='bbox 617 1417 632 1454; x_wconf 89' lang='lat'><strong>:</strong></span> <span class='ocrx_word' id='word_1_94' title='bbox 660 1398 1014 1469; x_wconf 88' lang='lat' dir='ltr'><strong>quamobrem</strong></span> <span class='ocrx_word' id='word_1_95' title='bbox 1050 1397 1144 1452; x_wconf 69' lang='lat' dir='ltr'><strong>ira:</strong></span> <span class='ocrx_word' id='word_1_96' title='bbox 1175 1395 1359 1451; x_wconf 86' lang='lat' dir='ltr'><strong>traditi</strong></span> <span class='ocrx_word' id='word_1_97' title='bbox 1393 1404 1539 1457; x_wconf 78' lang='lat' dir='ltr'><strong>sunt.</strong></span> 
     </span>
    </p>
   </div>
   <div class='ocr_carea' id='block_1_17' title="bbox 538 1579 2041 1650">
    <p class='ocr_par' dir='ltr' id='par_1_17' title="bbox 538 1579 2041 1650">
     <span class='ocr_line' id='line_1_17' title="bbox 538 1579 2041 1650; baseline 0 -14"><span class='ocrx_word' id='word_1_98' title='bbox 538 1579 698 1637; x_wconf 76' lang='lat' dir='ltr'><strong>Vsus.</strong></span> <span class='ocrx_word' id='word_1_99' title='bbox 727 1581 819 1643; x_wconf 63' lang='lat'><strong>2&#39;1.</strong></span> <span class='ocrx_word' id='word_1_100' title='bbox 843 1581 936 1636; x_wconf 75' lang='lat'><strong>22.</strong></span> <span class='ocrx_word' id='word_1_101' title='bbox 966 1601 984 1634; x_wconf 84' lang='grc' dir='ltr'><strong>ι</strong></span> <span class='ocrx_word' id='word_1_102' title='bbox 1007 1581 1298 1650; x_wconf 85' lang='lat' dir='ltr'><strong>Propterea</strong></span> <span class='ocrx_word' id='word_1_103' title='bbox 1326 1579 1473 1645; x_wconf 88' lang='lat' dir='ltr'><strong>audi,</strong></span> <span class='ocrx_word' id='word_1_104' title='bbox 1500 1580 1781 1636; x_wconf 87' lang='lat' dir='ltr'><strong>humiliata</strong></span> <span class='ocrx_word' id='word_1_105' title='bbox 1799 1589 1853 1637; x_wconf 91' lang='lat' dir='ltr'><strong>et</strong></span> <span class='ocrx_word' id='word_1_106' title='bbox 1871 1580 2041 1650; x_wconf 91' lang='lat' dir='ltr'><strong>ebria,</strong></span> 
     </span>
    </p>
   </div>
   <div class='ocr_carea' id='block_1_18' title="bbox 460 1672 2041 1744">
    <p class='ocr_par' dir='ltr' id='par_1_18' title="bbox 460 1672 2041 1744">
     <span class='ocr_line' id='line_1_18' title="bbox 460 1672 2041 1744; baseline 0.001 -16"><span class='ocrx_word' id='word_1_107' title='bbox 460 1687 572 1728; x_wconf 84' lang='lat' dir='ltr'><strong>non</strong></span> <span class='ocrx_word' id='word_1_108' title='bbox 602 1673 727 1727; x_wconf 86' lang='lat' dir='ltr'><strong>vino</strong></span> <span class='ocrx_word' id='word_1_109' title='bbox 765 1691 778 1727; x_wconf 90' lang='lat'>:</span> <span class='ocrx_word' id='word_1_110' title='bbox 829 1673 910 1727; x_wconf 91' lang='lat' dir='ltr'><strong>sic</strong></span> <span class='ocrx_word' id='word_1_111' title='bbox 940 1672 1072 1726; x_wconf 82' lang='lat' dir='ltr'><strong>dicit</strong></span> <span class='ocrx_word' id='word_1_112' title='bbox 1107 1672 1369 1727; x_wconf 87' lang='lat' dir='ltr'><strong>Dominus</strong></span> <span class='ocrx_word' id='word_1_113' title='bbox 1406 1672 1568 1736; x_wconf 92' lang='lat' dir='ltr'><strong>Deus,</strong></span> <span class='ocrx_word' id='word_1_114' title='bbox 1594 1673 1688 1742; x_wconf 89' lang='lat' dir='ltr'><strong>qui</strong></span> <span class='ocrx_word' id='word_1_115' title='bbox 1714 1672 1919 1741; x_wconf 74' lang='lat' dir='ltr'><strong>iudicat</strong></span> <span class='ocrx_word' id='word_1_116' title='bbox 1943 1688 2041 1744; x_wconf 91' lang='lat' dir='ltr'><strong>po-</strong></span> 
     </span>
    </p>
   </div>
   <div class='ocr_carea' id='block_1_19' title="bbox 2138 466 3753 541">
    <p class='ocr_par' dir='ltr' id='par_1_19' title="bbox 2138 466 3753 541">
     <span class='ocr_line' id='line_1_19' title="bbox 2138 466 3753 541; baseline 0.001 -21"><span class='ocrx_word' id='word_1_117' title='bbox 2138 466 2283 539; x_wconf 77' lang='grc' dir='ltr'><strong>ψυχῇ</strong></span> <span class='ocrx_word' id='word_1_118' title='bbox 2332 467 2563 523; x_wconf 81' lang='grc' dir='ltr'><strong>πάθεσιν</strong></span> <span class='ocrx_word' id='word_1_119' title='bbox 2613 469 2643 521; x_wconf 93' lang='lat'><strong>6</strong></span> <span class='ocrx_word' id='word_1_120' title='bbox 2684 469 2792 523; x_wconf 84' lang='grc' dir='ltr'><strong>τῶν</strong></span> <span class='ocrx_word' id='word_1_121' title='bbox 2838 468 3030 541; x_wconf 83' lang='grc' dir='ltr'>ψυχῶν</span> <span class='ocrx_word' id='word_1_122' title='bbox 3081 468 3266 540; x_wconf 76' lang='grc' dir='ltr'>ἰατρὸς</span> <span class='ocrx_word' id='word_1_123' title='bbox 3314 469 3413 532; x_wconf 79' lang='grc' dir='ltr'><strong>τὰς</strong></span> <span class='ocrx_word' id='word_1_124' title='bbox 3458 470 3753 540; x_wconf 74' lang='grc' dir='ltr'><strong>τιμωρίας</strong></span> 
     </span>
    </p>
   </div>
   <div class='ocr_carea' id='block_1_20' title="bbox 2140 559 3753 635">
    <p class='ocr_par' dir='ltr' id='par_1_20' title="bbox 2140 559 3753 635">
     <span class='ocr_line' id='line_1_20' title="bbox 2140 559 3753 635; baseline 0.004 -24"><span class='ocrx_word' id='word_1_125' title='bbox 2140 559 2276 630; x_wconf 81' lang='grc' dir='ltr'>αὐτῇ</span> <span class='ocrx_word' id='word_1_126' title='bbox 2303 561 2588 630; x_wconf 83' lang='grc' dir='ltr'><strong>προσάγει,</strong></span> <span class='ocrx_word' id='word_1_127' title='bbox 2631 559 2818 633; x_wconf 82' lang='grc' dir='ltr'>ὥσπερ</span> <span class='ocrx_word' id='word_1_128' title='bbox 2855 561 3008 625; x_wconf 86' lang='grc' dir='ltr'>τινὰς</span> <span class='ocrx_word' id='word_1_129' title='bbox 3047 561 3355 626; x_wconf 73' lang='grc' dir='ltr'>ἀντιδότους</span> <span class='ocrx_word' id='word_1_130' title='bbox 3405 561 3753 635; x_wconf 84' lang='grc' dir='ltr'>θεραπευτι-</span> 
     </span>
    </p>
   </div>
   <div class='ocr_carea' id='block_1_21' title="bbox 2141 650 3439 727">
    <p class='ocr_par' dir='ltr' id='par_1_21' title="bbox 2141 650 3439 727">
     <span class='ocr_line' id='line_1_21' title="bbox 2141 650 3439 727; baseline 0.005 -24"><span class='ocrx_word' id='word_1_131' title='bbox 2141 650 2244 714; x_wconf 89' lang='grc' dir='ltr'><strong>κάς</strong></span> <span class='ocrx_word' id='word_1_132' title='bbox 2269 652 2364 705; x_wconf 73' lang='grc' dir='ltr'>ἐπὶ</span> <span class='ocrx_word' id='word_1_133' title='bbox 2396 652 2661 724; x_wconf 78' lang='grc' dir='ltr'><strong>καθάρσει</strong></span> <span class='ocrx_word' id='word_1_134' title='bbox 2682 654 2784 725; x_wconf 81' lang='grc' dir='ltr'>τῆς</span> <span class='ocrx_word' id='word_1_135' title='bbox 2817 655 3187 727; x_wconf 79' lang='grc' dir='ltr'><strong>προκειμένης</strong></span> <span class='ocrx_word' id='word_1_136' title='bbox 3220 655 3439 719; x_wconf 82' lang='grc' dir='ltr'><strong>κακίας.</strong></span> 
     </span>
    </p>
   </div>
   <div class='ocr_carea' id='block_1_22' title="bbox 2217 745 3748 818">
    <p class='ocr_par' dir='ltr' id='par_1_22' title="bbox 2217 745 3748 818">
     <span class='ocr_line' id='line_1_22' title="bbox 2217 745 3748 818; baseline 0.004 -22"><span class='ocrx_word' id='word_1_137' title='bbox 2217 763 2236 795; x_wconf 77' lang='grc' dir='ltr'><strong>ι</strong></span> <span class='ocrx_word' id='word_1_138' title='bbox 2274 746 2337 798; x_wconf 81' lang='lat' dir='ltr'><strong>Ol.</strong></span> <span class='ocrx_word' id='word_1_139' title='bbox 2374 745 2479 799; x_wconf 88' lang='grc' dir='ltr'>υἱοί</span> <span class='ocrx_word' id='word_1_140' title='bbox 2514 764 2609 800; x_wconf 92' lang='grc' dir='ltr'><strong>σου</strong></span> <span class='ocrx_word' id='word_1_141' title='bbox 2649 749 2699 799; x_wconf 83' lang='grc' dir='ltr'>οἱ</span> <span class='ocrx_word' id='word_1_142' title='bbox 2743 747 3128 818; x_wconf 85' lang='grc' dir='ltr'>ἀπορούμενοι,</span> <span class='ocrx_word' id='word_1_143' title='bbox 3165 749 3216 802; x_wconf 87' lang='grc' dir='ltr'>οἱ</span> <span class='ocrx_word' id='word_1_144' title='bbox 3251 747 3609 812; x_wconf 79' lang='grc' dir='ltr'><strong>καθεύδοντες</strong></span> <span class='ocrx_word' id='word_1_145' title='bbox 3646 749 3748 802; x_wconf 77' lang='grc' dir='ltr'><strong>ἐπ’</strong></span> 
     </span>
    </p>
   </div>
   <div class='ocr_carea' id='block_1_23' title="bbox 2140 834 3751 910">
    <p class='ocr_par' dir='ltr' id='par_1_23' title="bbox 2140 834 3751 910">
     <span class='ocr_line' id='line_1_23' title="bbox 2140 834 3751 910; baseline 0.001 -20"><span class='ocrx_word' id='word_1_146' title='bbox 2140 834 2309 910; x_wconf 83' lang='grc' dir='ltr'>ἄκρου</span> <span class='ocrx_word' id='word_1_147' title='bbox 2340 839 2519 910; x_wconf 83' lang='grc' dir='ltr'><strong>πάσης</strong></span> <span class='ocrx_word' id='word_1_148' title='bbox 2544 836 2747 905; x_wconf 77' lang='grc' dir='ltr'>ἐξόδου,</span> <span class='ocrx_word' id='word_1_149' title='bbox 2788 840 2864 904; x_wconf 84' lang='grc' dir='ltr'>ὡς</span> <span class='ocrx_word' id='word_1_150' title='bbox 2901 839 3141 893; x_wconf 85' lang='grc' dir='ltr'>σεύτλιον</span> <span class='ocrx_word' id='word_1_151' title='bbox 3185 839 3472 910; x_wconf 81' lang='grc' dir='ltr'>ήμίεφθον,</span> <span class='ocrx_word' id='word_1_152' title='bbox 3513 840 3561 893; x_wconf 81' lang='grc' dir='ltr'>οἱ</span> <span class='ocrx_word' id='word_1_153' title='bbox 3605 838 3751 910; x_wconf 81' lang='grc' dir='ltr'>πλή-</span> 
     </span>
    </p>
   </div>
   <div class='ocr_carea' id='block_1_24' title="bbox 2144 929 3746 1004">
    <p class='ocr_par' dir='ltr' id='par_1_24' title="bbox 2144 929 3746 1004">
     <span class='ocr_line' id='line_1_24' title="bbox 2144 929 3746 1004; baseline 0.002 -22"><span class='ocrx_word' id='word_1_154' title='bbox 2144 945 2259 999; x_wconf 89' lang='grc' dir='ltr'>ρεις</span> <span class='ocrx_word' id='word_1_155' title='bbox 2321 929 2493 1001; x_wconf 90' lang='grc' dir='ltr'>θυμοῦ</span> <span class='ocrx_word' id='word_1_156' title='bbox 2539 933 2780 1004; x_wconf 80' lang='grc' dir='ltr'>Κυρίου,</span> <span class='ocrx_word' id='word_1_157' title='bbox 2842 932 3189 1003; x_wconf 77' lang='grc' dir='ltr'>ἐκλελυμένοι</span> <span class='ocrx_word' id='word_1_158' title='bbox 3242 933 3331 988; x_wconf 87' lang='grc' dir='ltr'><strong>διά</strong></span> <span class='ocrx_word' id='word_1_159' title='bbox 3381 933 3592 1004; x_wconf 78' lang='grc' dir='ltr'>Κυρίου</span> <span class='ocrx_word' id='word_1_160' title='bbox 3640 935 3746 986; x_wconf 82' lang='grc' dir='ltr'><strong>τοῦ</strong></span> 
     </span>
    </p>
   </div>
   <div class='ocr_carea' id='block_1_25' title="bbox 2142 1023 3745 1098">
    <p class='ocr_par' dir='ltr' id='par_1_25' title="bbox 2142 1023 3745 1098">
     <span class='ocr_line' id='line_1_25' title="bbox 2142 1023 3745 1098; baseline 0.002 -21"><span class='ocrx_word' id='word_1_161' title='bbox 2142 1023 2298 1079; x_wconf 92' lang='grc' dir='ltr'>Θεοῦ.</span> <span class='ocrx_word' id='word_1_162' title='bbox 2348 1043 2367 1077; x_wconf 71' lang='grc' dir='ltr'><strong>ι</strong></span> <span class='ocrx_word' id='word_1_163' title='bbox 2411 1026 2569 1080; x_wconf 85' lang='grc' dir='ltr'><strong>Κατὰ</strong></span> <span class='ocrx_word' id='word_1_164' title='bbox 2611 1028 2736 1091; x_wconf 81' lang='grc' dir='ltr'>τοὺς</span> <span class='ocrx_word' id='word_1_165' title='bbox 2784 1026 3006 1090; x_wconf 86' lang='grc' dir='ltr'>λοιποὺς</span> <span class='ocrx_word' id='word_1_166' title='bbox 3049 1025 3392 1098; x_wconf 84' lang='grc' dir='ltr'>ὲρμηνευτάς</span> <span class='ocrx_word' id='word_1_167' title='bbox 3440 1027 3564 1080; x_wconf 71' lang='grc' dir='ltr'>ἀντὶ</span> <span class='ocrx_word' id='word_1_168' title='bbox 3611 1027 3745 1094; x_wconf 85' lang='grc' dir='ltr'>τοῦ,</span> 
     </span>
    </p>
   </div>
   <div class='ocr_carea' id='block_1_26' title="bbox 2149 1117 3744 1192">
    <p class='ocr_par' dir='ltr' id='par_1_26' title="bbox 2149 1117 3744 1192">
     <span class='ocr_line' id='line_1_26' title="bbox 2149 1117 3744 1192; baseline 0.001 -23"><span class='ocrx_word' id='word_1_169' title='bbox 2149 1136 2168 1169; x_wconf 82' lang='grc' dir='ltr'><strong>ι</strong></span> <span class='ocrx_word' id='word_1_170' title='bbox 2209 1118 2285 1182; x_wconf 83' lang='grc' dir='ltr'>ὡς</span> <span class='ocrx_word' id='word_1_171' title='bbox 2316 1118 2558 1174; x_wconf 84' lang='grc' dir='ltr'>σεύτλιον</span> <span class='ocrx_word' id='word_1_172' title='bbox 2590 1118 2877 1192; x_wconf 83' lang='grc' dir='ltr'>ήμίεφθον,</span> <span class='ocrx_word' id='word_1_173' title='bbox 2920 1139 2939 1173; x_wconf 78' lang='grc' dir='ltr'><strong>ι</strong></span> <span class='ocrx_word' id='word_1_174' title='bbox 2969 1150 3043 1161; x_wconf 88' lang='lat'><strong>-—-</strong></span> <span class='ocrx_word' id='word_1_175' title='bbox 3079 1139 3097 1171; x_wconf 90' lang='grc' dir='ltr'><strong>ι</strong></span> <span class='ocrx_word' id='word_1_176' title='bbox 3138 1121 3216 1184; x_wconf 88' lang='grc' dir='ltr'>ὼς</span> <span class='ocrx_word' id='word_1_177' title='bbox 3243 1117 3396 1191; x_wconf 80' lang='grc' dir='ltr'>ϐρυξ,</span> <span class='ocrx_word' id='word_1_178' title='bbox 3437 1137 3456 1170; x_wconf 73' lang='grc' dir='ltr'><strong>ι</strong></span> <span class='ocrx_word' id='word_1_179' title='bbox 3488 1118 3744 1191; x_wconf 75' lang='grc' dir='ltr'>εἴρηται,</span> 
     </span>
    </p>
   </div>
   <div class='ocr_carea' id='block_1_27' title="bbox 2148 1210 3746 1285">
    <p class='ocr_par' dir='ltr' id='par_1_27' title="bbox 2148 1210 3746 1285">
     <span class='ocr_line' id='line_1_27' title="bbox 2148 1210 3746 1285; baseline 0.003 -23"><span class='ocrx_word' id='word_1_180' title='bbox 2148 1228 2169 1262; x_wconf 79' lang='grc' dir='ltr'><strong>ι</strong></span> <span class='ocrx_word' id='word_1_181' title='bbox 2205 1212 2807 1285; x_wconf 84' lang='grc' dir='ltr'>ήμφιϐληστρευμένος.</span> <span class='ocrx_word' id='word_1_182' title='bbox 2847 1232 2866 1265; x_wconf 72' lang='grc' dir='ltr'><strong>ι</strong></span> <span class='ocrx_word' id='word_1_183' title='bbox 2902 1213 3125 1283; x_wconf 88' lang='grc' dir='ltr'>Ὄρνεον</span> <span class='ocrx_word' id='word_1_184' title='bbox 3149 1212 3206 1265; x_wconf 89' lang='grc' dir='ltr'><strong>δέ</strong></span> <span class='ocrx_word' id='word_1_185' title='bbox 3235 1214 3383 1265; x_wconf 70' lang='grc' dir='ltr'>ἐστιν</span> <span class='ocrx_word' id='word_1_186' title='bbox 3406 1211 3558 1284; x_wconf 79' lang='grc' dir='ltr'>δρυξ,</span> <span class='ocrx_word' id='word_1_187' title='bbox 3588 1210 3746 1266; x_wconf 72' lang='grc' dir='ltr'>οὕτω</span> 
     </span>
    </p>
   </div>
   <div class='ocr_carea' id='block_1_28' title="bbox 2144 1299 3747 1379">
    <p class='ocr_par' dir='ltr' id='par_1_28' title="bbox 2144 1299 3747 1379">
     <span class='ocr_line' id='line_1_28' title="bbox 2144 1299 3747 1379; baseline 0 -22"><span class='ocrx_word' id='word_1_188' title='bbox 2144 1304 2496 1377; x_wconf 82' lang='grc' dir='ltr'>καλούμενον,</span> <span class='ocrx_word' id='word_1_189' title='bbox 2520 1299 2565 1375; x_wconf 83' lang='grc' dir='ltr'>ᾧ</span> <span class='ocrx_word' id='word_1_190' title='bbox 2590 1305 2928 1379; x_wconf 87' lang='grc' dir='ltr'>παραϐάλλει</span> <span class='ocrx_word' id='word_1_191' title='bbox 2961 1306 3088 1369; x_wconf 75' lang='grc' dir='ltr'>τοὺς</span> <span class='ocrx_word' id='word_1_192' title='bbox 3119 1305 3271 1370; x_wconf 79' lang='grc' dir='ltr'>υἱοὺς</span> <span class='ocrx_word' id='word_1_193' title='bbox 3307 1306 3405 1377; x_wconf 78' lang='grc' dir='ltr'>τῆς</span> <span class='ocrx_word' id='word_1_194' title='bbox 3457 1305 3747 1377; x_wconf 82' lang='grc' dir='ltr'>Ἰερουσα-</span> 
     </span>
    </p>
   </div>
   <div class='ocr_carea' id='block_1_29' title="bbox 2144 1394 3746 1473">
    <p class='ocr_par' dir='ltr' id='par_1_29' title="bbox 2144 1394 3746 1473">
     <span class='ocr_line' id='line_1_29' title="bbox 2144 1394 3746 1473; baseline 0.002 -25"><span class='ocrx_word' id='word_1_195' title='bbox 2144 1394 2274 1468; x_wconf 81' lang='grc' dir='ltr'>λὴμ,</span> <span class='ocrx_word' id='word_1_196' title='bbox 2303 1398 2705 1473; x_wconf 85' lang='grc' dir='ltr'>ἀμφιϐλήστρῳ</span> <span class='ocrx_word' id='word_1_197' title='bbox 2735 1399 2828 1453; x_wconf 88' lang='grc' dir='ltr'><strong>τοῦ</strong></span> <span class='ocrx_word' id='word_1_198' title='bbox 2862 1398 3109 1453; x_wconf 88' lang='grc' dir='ltr'>διαϐόλου</span> <span class='ocrx_word' id='word_1_199' title='bbox 3148 1397 3578 1471; x_wconf 85' lang='grc' dir='ltr'>περιϐληθέντας</span> <span class='ocrx_word' id='word_1_200' title='bbox 3598 1415 3613 1428; x_wconf 92' lang='grc'><strong>·</strong></span> <span class='ocrx_word' id='word_1_201' title='bbox 3654 1398 3746 1452; x_wconf 83' lang='grc' dir='ltr'><strong>διὸ</strong></span> 
     </span>
    </p>
   </div>
   <div class='ocr_carea' id='block_1_30' title="bbox 2143 1487 2959 1563">
    <p class='ocr_par' dir='ltr' id='par_1_30' title="bbox 2143 1487 2959 1563">
     <span class='ocr_line' id='line_1_30' title="bbox 2143 1487 2959 1563; baseline 0.006 -23"><span class='ocrx_word' id='word_1_202' title='bbox 2143 1487 2240 1541; x_wconf 75' lang='grc' dir='ltr'><strong>καὶ</strong></span> <span class='ocrx_word' id='word_1_203' title='bbox 2270 1487 2347 1560; x_wconf 81' lang='grc' dir='ltr'><strong>τῷ</strong></span> <span class='ocrx_word' id='word_1_204' title='bbox 2375 1488 2533 1561; x_wconf 84' lang='grc' dir='ltr'>θυμῷ</span> <span class='ocrx_word' id='word_1_205' title='bbox 2563 1490 2959 1563; x_wconf 81' lang='grc' dir='ltr'><strong>παρεδόθησαν.</strong></span> 
     </span>
    </p>
   </div>
   <div class='ocr_carea' id='block_1_31' title="bbox 2222 1582 3745 1657">
    <p class='ocr_par' dir='ltr' id='par_1_31' title="bbox 2222 1582 3745 1657">
     <span class='ocr_line' id='line_1_31' title="bbox 2222 1582 3745 1657; baseline 0.005 -24"><span class='ocrx_word' id='word_1_206' title='bbox 2222 1598 2243 1632; x_wconf 78' lang='grc' dir='ltr'><strong>ι</strong></span> <span class='ocrx_word' id='word_1_207' title='bbox 2282 1582 2382 1636; x_wconf 89' lang='grc' dir='ltr'>Διά</span> <span class='ocrx_word' id='word_1_208' title='bbox 2416 1582 2561 1636; x_wconf 80' lang='grc' dir='ltr'>τοῦτ’</span> <span class='ocrx_word' id='word_1_209' title='bbox 2607 1583 2794 1648; x_wconf 84' lang='grc' dir='ltr'>ἄκουε,</span> <span class='ocrx_word' id='word_1_210' title='bbox 2845 1585 3287 1657; x_wconf 84' lang='grc' dir='ltr'>τεταπεινωμένη</span> <span class='ocrx_word' id='word_1_211' title='bbox 3326 1602 3421 1639; x_wconf 82' lang='grc' dir='ltr'><strong>κα.</strong></span> <span class='ocrx_word' id='word_1_212' title='bbox 3452 1584 3745 1657; x_wconf 70' lang='grc' dir='ltr'>μεθύουσα</span> 
     </span>
    </p>
   </div>
   <div class='ocr_carea' id='block_1_32' title="bbox 2144 1671 3740 1751">
    <p class='ocr_par' dir='ltr' id='par_1_32' title="bbox 2144 1671 3740 1751">
     <span class='ocr_line' id='line_1_32' title="bbox 2144 1671 3740 1751; baseline 0.005 -27"><span class='ocrx_word' id='word_1_213' title='bbox 2144 1671 2244 1726; x_wconf 81' lang='grc' dir='ltr'><strong>οὐκ</strong></span> <span class='ocrx_word' id='word_1_214' title='bbox 2274 1673 2382 1727; x_wconf 84' lang='grc' dir='ltr'><strong>ἀπὸ</strong></span> <span class='ocrx_word' id='word_1_215' title='bbox 2407 1675 2550 1729; x_wconf 77' lang='grc' dir='ltr'>οἴνου</span> <span class='ocrx_word' id='word_1_216' title='bbox 2569 1692 2582 1707; x_wconf 90' lang='grc'>·</span> <span class='ocrx_word' id='word_1_217' title='bbox 2606 1676 2746 1730; x_wconf 78' lang='grc' dir='ltr'>οὕτω</span> <span class='ocrx_word' id='word_1_218' title='bbox 2760 1676 2908 1747; x_wconf 82' lang='grc' dir='ltr'>λέγει</span> <span class='ocrx_word' id='word_1_219' title='bbox 2923 1677 3125 1750; x_wconf 87' lang='grc' dir='ltr'>Κύριος</span> <span class='ocrx_word' id='word_1_220' title='bbox 3145 1681 3172 1733; x_wconf 98' lang='lat'><strong>6</strong></span> <span class='ocrx_word' id='word_1_221' title='bbox 3190 1679 3321 1744; x_wconf 86' lang='grc' dir='ltr'>Θεὸς</span> <span class='ocrx_word' id='word_1_222' title='bbox 3348 1681 3376 1733; x_wconf 88' lang='lat'><strong>6</strong></span> <span class='ocrx_word' id='word_1_223' title='bbox 3404 1680 3611 1751; x_wconf 88' lang='grc' dir='ltr'>κρίνων</span> <span class='ocrx_word' id='word_1_224' title='bbox 3635 1678 3740 1733; x_wconf 80' lang='grc' dir='ltr'><strong>τὸν</strong></span> 
     </span>
    </p>
   </div>
   <div class='ocr_carea' id='block_1_33' title="bbox 458 1747 2030 1844">
    <p class='ocr_par' dir='ltr' id='par_1_33' title="bbox 458 1761 2030 1833">
     <span class='ocr_line' id='line_1_33' title="bbox 458 1761 2030 1833; baseline 0.002 -19"><span class='ocrx_word' id='word_1_225' title='bbox 458 1761 645 1833; x_wconf 78' lang='lat' dir='ltr'><strong>pulum</strong></span> <span class='ocrx_word' id='word_1_226' title='bbox 694 1777 853 1816; x_wconf 91' lang='lat' dir='ltr'><strong>suum</strong></span> <span class='ocrx_word' id='word_1_227' title='bbox 890 1779 903 1817; x_wconf 92' lang='lat'>:</span> <span class='ocrx_word' id='word_1_228' title='bbox 937 1762 1078 1817; x_wconf 88' lang='lat' dir='ltr'><strong>Ecce</strong></span> <span class='ocrx_word' id='word_1_229' title='bbox 1129 1764 1313 1832; x_wconf 85' lang='lat' dir='ltr'><strong>accepi</strong></span> <span class='ocrx_word' id='word_1_230' title='bbox 1351 1762 1419 1818; x_wconf 91' lang='lat' dir='ltr'><strong>de</strong></span> <span class='ocrx_word' id='word_1_231' title='bbox 1472 1778 1635 1816; x_wconf 87' lang='lat' dir='ltr'><strong>manu</strong></span> <span class='ocrx_word' id='word_1_232' title='bbox 1671 1772 1759 1817; x_wconf 90' lang='lat' dir='ltr'><strong>tua</strong></span> <span class='ocrx_word' id='word_1_233' title='bbox 1808 1763 2030 1819; x_wconf 87' lang='lat' dir='ltr'><strong>calicem</strong></span> 
     </span>
    </p>
   </div>
   <div class='ocr_carea' id='block_1_34' title="bbox 2143 1747 3742 1844">
    <p class='ocr_par' dir='ltr' id='par_1_34' title="bbox 2143 1747 3742 1844">
     <span class='ocr_line' id='line_1_34' title="bbox 2143 1747 3742 1844; baseline 0.004 -26"><span class='ocrx_word' id='word_1_234' title='bbox 2143 1764 2262 1819; x_wconf 76' lang='grc' dir='ltr'>λαὸν</span> <span class='ocrx_word' id='word_1_235' title='bbox 2298 1767 2483 1822; x_wconf 76' lang='grc' dir='ltr'>αὐτοῦ’</span> <span class='ocrx_word' id='word_1_236' title='bbox 2526 1787 2546 1820; x_wconf 79' lang='grc' dir='ltr'><strong>ι</strong></span> <span class='ocrx_word' id='word_1_237' title='bbox 2588 1770 2717 1823; x_wconf 81' lang='grc' dir='ltr'>Ἰδοὺ</span> <span class='ocrx_word' id='word_1_238' title='bbox 2748 1770 2947 1842; x_wconf 81' lang='grc' dir='ltr'>εἴληφα</span> <span class='ocrx_word' id='word_1_239' title='bbox 2981 1747 3044 1824; x_wconf 78' lang='grc' dir='ltr'>ὲκ</span> <span class='ocrx_word' id='word_1_240' title='bbox 3083 1774 3184 1844; x_wconf 78' lang='grc' dir='ltr'><strong>τῆς</strong></span> <span class='ocrx_word' id='word_1_241' title='bbox 3210 1771 3391 1844; x_wconf 90' lang='grc' dir='ltr'>χειρός</span> <span class='ocrx_word' id='word_1_242' title='bbox 3424 1747 3518 1825; x_wconf 81' lang='grc' dir='ltr'><strong>σου</strong></span> <span class='ocrx_word' id='word_1_243' title='bbox 3546 1770 3614 1825; x_wconf 80' lang='grc' dir='ltr'><strong>τδ</strong></span> <span class='ocrx_word' id='word_1_244' title='bbox 3639 1788 3742 1825; x_wconf 79' lang='grc' dir='ltr'>πο-</span> 
     </span>
    </p>
   </div>
   <div class='ocr_carea' id='block_1_35' title="bbox 462 1853 2040 1925">
    <p class='ocr_par' dir='ltr' id='par_1_35' title="bbox 462 1853 2040 1925">
     <span class='ocr_line' id='line_1_35' title="bbox 462 1853 2040 1925; baseline 0.001 -16"><span class='ocrx_word' id='word_1_245' title='bbox 462 1854 657 1920; x_wconf 71' lang='grc' dir='ltr'>τιιίητε,</span> <span class='ocrx_word' id='word_1_246' title='bbox 685 1853 935 1925; x_wconf 89' lang='lat' dir='ltr'><strong>poculum</strong></span> <span class='ocrx_word' id='word_1_247' title='bbox 980 1857 1073 1908; x_wconf 70' lang='lat' dir='ltr'><strong>iraa</strong></span> <span class='ocrx_word' id='word_1_248' title='bbox 1101 1869 1234 1908; x_wconf 77' lang='lat' dir='ltr'><strong>mea:</strong></span> <span class='ocrx_word' id='word_1_249' title='bbox 1253 1894 1265 1914; x_wconf 89' lang='lat'><strong>,</strong></span> <span class='ocrx_word' id='word_1_250' title='bbox 1299 1867 1399 1907; x_wconf 89' lang='lat' dir='ltr'><strong>nec</strong></span> <span class='ocrx_word' id='word_1_251' title='bbox 1426 1854 1649 1924; x_wconf 86' lang='lat' dir='ltr'><strong>adjicies</strong></span> <span class='ocrx_word' id='word_1_252' title='bbox 1683 1854 1822 1909; x_wconf 90' lang='lat' dir='ltr'><strong>ultra</strong></span> <span class='ocrx_word' id='word_1_253' title='bbox 1852 1855 2040 1911; x_wconf 87' lang='lat' dir='ltr'><strong>bibere</strong></span> 
     </span>
    </p>
   </div>
   <div class='ocr_carea' id='block_1_36' title="bbox 459 1943 2039 2015">
    <p class='ocr_par' dir='ltr' id='par_1_36' title="bbox 459 1943 2039 2015">
     <span class='ocr_line' id='line_1_36' title="bbox 459 1943 2039 2015; baseline 0.001 -13"><span class='ocrx_word' id='word_1_254' title='bbox 459 1945 614 2002; x_wconf 84' lang='lat' dir='ltr'><strong>illud.</strong></span> <span class='ocrx_word' id='word_1_255' title='bbox 676 1964 697 1997; x_wconf 70' lang='grc' dir='ltr'><strong>ι</strong></span> <span class='ocrx_word' id='word_1_256' title='bbox 746 1943 1132 2015; x_wconf 72' lang='lat' dir='ltr'><strong>Hierosolyma:</strong></span> <span class='ocrx_word' id='word_1_257' title='bbox 1173 1944 1455 2014; x_wconf 89' lang='lat' dir='ltr'><strong>pollicetur</strong></span> <span class='ocrx_word' id='word_1_258' title='bbox 1502 1946 1812 2001; x_wconf 82' lang='lat' dir='ltr'><strong>ablaturum</strong></span> <span class='ocrx_word' id='word_1_259' title='bbox 1861 1961 1920 2002; x_wconf 87' lang='lat' dir='ltr'><strong>se</strong></span> <span class='ocrx_word' id='word_1_260' title='bbox 1970 1949 2039 2004; x_wconf 88' lang='lat' dir='ltr'><strong>ab</strong></span> 
     </span>
    </p>
   </div>
   <div class='ocr_carea' id='block_1_37' title="bbox 452 2033 2037 2106">
    <p class='ocr_par' dir='ltr' id='par_1_37' title="bbox 452 2033 2037 2106">
     <span class='ocr_line' id='line_1_37' title="bbox 452 2033 2037 2106; baseline 0.001 -14"><span class='ocrx_word' id='word_1_261' title='bbox 452 2050 523 2092; x_wconf 86' lang='lat' dir='ltr'><strong>ea</strong></span> <span class='ocrx_word' id='word_1_262' title='bbox 579 2051 702 2091; x_wconf 90' lang='lat' dir='ltr'><strong>esse</strong></span> <span class='ocrx_word' id='word_1_263' title='bbox 762 2035 987 2091; x_wconf 75' lang='lat' dir='ltr'><strong>calicem</strong></span> <span class='ocrx_word' id='word_1_264' title='bbox 1042 2033 1281 2100; x_wconf 83' lang='lat' dir='ltr'><strong>furoris;</strong></span> <span class='ocrx_word' id='word_1_265' title='bbox 1332 2036 1376 2091; x_wconf 94' lang='lat' dir='ltr'><strong>si</strong></span> <span class='ocrx_word' id='word_1_266' title='bbox 1428 2046 1607 2091; x_wconf 88' lang='lat' dir='ltr'><strong>tamen</strong></span> <span class='ocrx_word' id='word_1_267' title='bbox 1664 2037 2037 2106; x_wconf 64' lang='lat' dir='ltr'><strong>paenitentiam</strong></span> 
     </span>
    </p>
   </div>
   <div class='ocr_carea' id='block_1_38' title="bbox 456 2127 2040 2204">
    <p class='ocr_par' dir='ltr' id='par_1_38' title="bbox 456 2127 2040 2204">
     <span class='ocr_line' id='line_1_38' title="bbox 456 2127 2040 2204; baseline -0.001 -17"><span class='ocrx_word' id='word_1_268' title='bbox 456 2141 604 2204; x_wconf 87' lang='lat' dir='ltr'><strong>agat.</strong></span> <span class='ocrx_word' id='word_1_269' title='bbox 633 2130 765 2186; x_wconf 90' lang='lat' dir='ltr'><strong>Illud</strong></span> <span class='ocrx_word' id='word_1_270' title='bbox 786 2130 970 2197; x_wconf 91' lang='lat' dir='ltr'><strong>enim,</strong></span> <span class='ocrx_word' id='word_1_271' title='bbox 997 2147 1016 2181; x_wconf 86' lang='grc' dir='ltr'><strong>ι</strong></span> <span class='ocrx_word' id='word_1_272' title='bbox 1048 2127 1186 2183; x_wconf 83' lang='lat' dir='ltr'><strong>Ecce</strong></span> <span class='ocrx_word' id='word_1_273' title='bbox 1222 2127 1338 2193; x_wconf 87' lang='lat' dir='ltr'><strong>tuli,</strong></span> <span class='ocrx_word' id='word_1_274' title='bbox 1382 2147 1402 2180; x_wconf 73' lang='grc' dir='ltr'><strong>ι</strong></span> <span class='ocrx_word' id='word_1_275' title='bbox 1441 2129 1641 2184; x_wconf 88' lang='lat' dir='ltr'><strong>dicitur</strong></span> <span class='ocrx_word' id='word_1_276' title='bbox 1663 2144 1763 2200; x_wconf 92' lang='lat' dir='ltr'><strong>pro</strong></span> <span class='ocrx_word' id='word_1_277' title='bbox 1786 2170 1802 2198; x_wconf 87' lang='lat'><strong>,</strong></span> <span class='ocrx_word' id='word_1_278' title='bbox 1838 2148 1857 2182; x_wconf 81' lang='grc' dir='ltr'><strong>ι</strong></span> <span class='ocrx_word' id='word_1_279' title='bbox 1893 2131 2040 2187; x_wconf 84' lang='lat' dir='ltr'><strong>acci-</strong></span> 
     </span>
    </p>
   </div>
   <div class='ocr_carea' id='block_1_39' title="bbox 455 2227 681 2297">
    <p class='ocr_par' dir='ltr' id='par_1_39' title="bbox 455 2227 681 2297">
     <span class='ocr_line' id='line_1_39' title="bbox 455 2227 681 2297; baseline -0.022 -16"><span class='ocrx_word' id='word_1_280' title='bbox 455 2227 624 2297; x_wconf 84' lang='lat' dir='ltr'><strong>piam.</strong></span> <span class='ocrx_word' id='word_1_281' title='bbox 662 2243 681 2276; x_wconf 80' lang='grc' dir='ltr'><strong>ι</strong></span> 
     </span>
    </p>
   </div>
   <div class='ocr_carea' id='block_1_40' title="bbox 529 2313 2038 2384">
    <p class='ocr_par' dir='ltr' id='par_1_40' title="bbox 529 2313 2038 2384">
     <span class='ocr_line' id='line_1_40' title="bbox 529 2313 2038 2384; baseline -0.003 -10"><span class='ocrx_word' id='word_1_282' title='bbox 529 2318 697 2374; x_wconf 75' lang='lat' dir='ltr'><strong>Vens.</strong></span> <span class='ocrx_word' id='word_1_283' title='bbox 730 2317 825 2372; x_wconf 68' lang='lat'><strong>25.</strong></span> <span class='ocrx_word' id='word_1_284' title='bbox 861 2335 880 2366; x_wconf 80' lang='grc' dir='ltr'><strong>ι</strong></span> <span class='ocrx_word' id='word_1_285' title='bbox 908 2315 976 2369; x_wconf 87' lang='lat' dir='ltr'><strong>Et</strong></span> <span class='ocrx_word' id='word_1_286' title='bbox 998 2315 1138 2369; x_wconf 82' lang='lat' dir='ltr'><strong>dabo</strong></span> <span class='ocrx_word' id='word_1_287' title='bbox 1173 2313 1301 2368; x_wconf 81' lang='lat' dir='ltr'><strong>illud</strong></span> <span class='ocrx_word' id='word_1_288' title='bbox 1330 2313 1384 2367; x_wconf 94' lang='lat' dir='ltr'><strong>in</strong></span> <span class='ocrx_word' id='word_1_289' title='bbox 1410 2328 1602 2369; x_wconf 89' lang='lat' dir='ltr'><strong>manus</strong></span> <span class='ocrx_word' id='word_1_290' title='bbox 1628 2328 1841 2380; x_wconf 89' lang='lat' dir='ltr'><strong>eorum,</strong></span> <span class='ocrx_word' id='word_1_291' title='bbox 1868 2314 1961 2384; x_wconf 88' lang='lat' dir='ltr'><strong>qui</strong></span> <span class='ocrx_word' id='word_1_292' title='bbox 1987 2323 2038 2370; x_wconf 90' lang='lat' dir='ltr'><strong>te</strong></span> 
     </span>
    </p>
   </div>
   <div class='ocr_carea' id='block_1_41' title="bbox 457 2404 2039 2474">
    <p class='ocr_par' dir='ltr' id='par_1_41' title="bbox 457 2404 2039 2474">
     <span class='ocr_line' id='line_1_41' title="bbox 457 2404 2039 2474; baseline -0.003 -10"><span class='ocrx_word' id='word_1_293' title='bbox 457 2410 754 2471; x_wconf 66' lang='lat' dir='ltr'><strong>laeserunt,</strong></span> <span class='ocrx_word' id='word_1_294' title='bbox 802 2414 857 2461; x_wconf 90' lang='lat' dir='ltr'><strong>et</strong></span> <span class='ocrx_word' id='word_1_295' title='bbox 907 2404 1362 2471; x_wconf 88' lang='lat' dir='ltr'><strong>bumiliavernnt;</strong></span> <span class='ocrx_word' id='word_1_296' title='bbox 1397 2404 1487 2474; x_wconf 90' lang='lat' dir='ltr'><strong>qui</strong></span> <span class='ocrx_word' id='word_1_297' title='bbox 1541 2404 1798 2459; x_wconf 75' lang='lat' dir='ltr'><strong>dixerunt</strong></span> <span class='ocrx_word' id='word_1_298' title='bbox 1843 2404 2039 2460; x_wconf 61' lang='lat' dir='ltr'><strong>animus</strong></span> 
     </span>
    </p>
   </div>
   <div class='ocr_carea' id='block_1_42' title="bbox 461 2495 2038 2567">
    <p class='ocr_par' dir='ltr' id='par_1_42' title="bbox 461 2495 2038 2567">
     <span class='ocr_line' id='line_1_42' title="bbox 461 2495 2038 2567; baseline -0.002 -13"><span class='ocrx_word' id='word_1_299' title='bbox 461 2512 565 2556; x_wconf 75' lang='lat' dir='ltr'><strong>tua:</strong></span> <span class='ocrx_word' id='word_1_300' title='bbox 597 2516 614 2555; x_wconf 91' lang='lat'><strong>:</strong></span> <span class='ocrx_word' id='word_1_301' title='bbox 641 2498 911 2554; x_wconf 82' lang='lat' dir='ltr'><strong>lnclinare</strong></span> <span class='ocrx_word' id='word_1_302' title='bbox 934 2539 950 2564; x_wconf 95' lang='lat'><strong>,</strong></span> <span class='ocrx_word' id='word_1_303' title='bbox 976 2505 1034 2551; x_wconf 89' lang='lat' dir='ltr'><strong>ut</strong></span> <span class='ocrx_word' id='word_1_304' title='bbox 1058 2506 1441 2567; x_wconf 69' lang='lat' dir='ltr'><strong>praetereamus</strong></span> <span class='ocrx_word' id='word_1_305' title='bbox 1471 2514 1485 2550; x_wconf 91' lang='lat'><strong>:</strong></span> <span class='ocrx_word' id='word_1_306' title='bbox 1519 2505 1573 2551; x_wconf 92' lang='lat' dir='ltr'><strong>et</strong></span> <span class='ocrx_word' id='word_1_307' title='bbox 1601 2495 1828 2566; x_wconf 87' lang='lat' dir='ltr'><strong>posuisti</strong></span> <span class='ocrx_word' id='word_1_308' title='bbox 1853 2512 2038 2566; x_wconf 66' lang='lat' dir='ltr'><strong>aequa--</strong></span> 
     </span>
    </p>
   </div>
   <div class='ocr_carea' id='block_1_43' title="bbox 460 2588 2037 2648">
    <p class='ocr_par' dir='ltr' id='par_1_43' title="bbox 460 2588 2037 2648">
     <span class='ocr_line' id='line_1_43' title="bbox 460 2588 2037 2648; baseline -0.003 -1"><span class='ocrx_word' id='word_1_309' title='bbox 460 2594 529 2647; x_wconf 88' lang='lat' dir='ltr'><strong>lia</strong></span> <span class='ocrx_word' id='word_1_310' title='bbox 584 2603 741 2648; x_wconf 73' lang='lat' dir='ltr'><strong>terrae</strong></span> <span class='ocrx_word' id='word_1_311' title='bbox 771 2590 945 2645; x_wconf 83' lang='lat' dir='ltr'><strong>media</strong></span> <span class='ocrx_word' id='word_1_312' title='bbox 982 2600 1073 2643; x_wconf 89' lang='lat' dir='ltr'><strong>tua</strong></span> <span class='ocrx_word' id='word_1_313' title='bbox 1103 2588 1235 2642; x_wconf 85' lang='lat' dir='ltr'><strong>foris</strong></span> <span class='ocrx_word' id='word_1_314' title='bbox 1267 2589 1702 2642; x_wconf 82' lang='lat' dir='ltr'><strong>transeuntibus.</strong></span> <span class='ocrx_word' id='word_1_315' title='bbox 1756 2607 1776 2640; x_wconf 71' lang='grc' dir='ltr'><strong>ι</strong></span> <span class='ocrx_word' id='word_1_316' title='bbox 1824 2588 2037 2644; x_wconf 80' lang='lat' dir='ltr'><strong>Verisi-</strong></span> 
     </span>
    </p>
   </div>
   <div class='ocr_carea' id='block_1_44' title="bbox 460 2680 2038 2754">
    <p class='ocr_par' dir='ltr' id='par_1_44' title="bbox 460 2680 2038 2754">
     <span class='ocr_line' id='line_1_44' title="bbox 460 2680 2038 2754; baseline -0.003 -14"><span class='ocrx_word' id='word_1_317' title='bbox 460 2685 587 2740; x_wconf 89' lang='lat' dir='ltr'><strong>mile</strong></span> <span class='ocrx_word' id='word_1_318' title='bbox 631 2699 792 2754; x_wconf 90' lang='lat' dir='ltr'><strong>porro</strong></span> <span class='ocrx_word' id='word_1_319' title='bbox 837 2694 946 2746; x_wconf 86' lang='lat' dir='ltr'><strong>est,</strong></span> <span class='ocrx_word' id='word_1_320' title='bbox 978 2682 1093 2736; x_wconf 69' lang='lat' dir='ltr'><strong>bace</strong></span> <span class='ocrx_word' id='word_1_321' title='bbox 1123 2680 1288 2735; x_wconf 87' lang='lat' dir='ltr'><strong>etiam</strong></span> <span class='ocrx_word' id='word_1_322' title='bbox 1313 2681 1379 2736; x_wconf 89' lang='lat' dir='ltr'><strong>de</strong></span> <span class='ocrx_word' id='word_1_323' title='bbox 1406 2681 1733 2736; x_wconf 86' lang='lat' dir='ltr'><strong>adversariis</strong></span> <span class='ocrx_word' id='word_1_324' title='bbox 1757 2683 2038 2751; x_wconf 84' lang='lat' dir='ltr'><strong>potestati-</strong></span> 
     </span>
    </p>
   </div>
   <div class='ocr_carea' id='block_1_45' title="bbox 459 2772 2032 2847">
    <p class='ocr_par' dir='ltr' id='par_1_45' title="bbox 459 2772 2032 2847">
     <span class='ocr_line' id='line_1_45' title="bbox 459 2772 2032 2847; baseline -0.003 -13"><span class='ocrx_word' id='word_1_325' title='bbox 459 2780 563 2834; x_wconf 85' lang='lat' dir='ltr'><strong>bus</strong></span> <span class='ocrx_word' id='word_1_326' title='bbox 591 2775 929 2847; x_wconf 91' lang='lat' dir='ltr'><strong>pronnntiari</strong></span> <span class='ocrx_word' id='word_1_327' title='bbox 960 2814 976 2837; x_wconf 89' lang='lat'><strong>,</strong></span> <span class='ocrx_word' id='word_1_328' title='bbox 1006 2773 1203 2844; x_wconf 87' lang='lat' dir='ltr'><strong>quibus</strong></span> <span class='ocrx_word' id='word_1_329' title='bbox 1239 2787 1299 2828; x_wconf 93' lang='lat' dir='ltr'><strong>se</strong></span> <span class='ocrx_word' id='word_1_330' title='bbox 1355 2772 1574 2841; x_wconf 74' lang='lat' dir='ltr'><strong>subiicit</strong></span> <span class='ocrx_word' id='word_1_331' title='bbox 1619 2774 1801 2829; x_wconf 90' lang='lat' dir='ltr'><strong>omnis</strong></span> <span class='ocrx_word' id='word_1_332' title='bbox 1834 2776 2032 2841; x_wconf 45' lang='lat' dir='ltr'><strong>.anima</strong></span> 
     </span>
    </p>
   </div>
   <div class='ocr_carea' id='block_1_46' title="bbox 458 2865 2034 2939">
    <p class='ocr_par' dir='ltr' id='par_1_46' title="bbox 458 2865 2034 2939">
     <span class='ocr_line' id='line_1_46' title="bbox 458 2865 2034 2939; baseline 0.002 -19"><span class='ocrx_word' id='word_1_333' title='bbox 458 2884 580 2939; x_wconf 76' lang='lat' dir='ltr'><strong>qna:</strong></span> <span class='ocrx_word' id='word_1_334' title='bbox 609 2883 640 2922; x_wconf 90' lang='lat' dir='ltr'><strong>a</strong></span> <span class='ocrx_word' id='word_1_335' title='bbox 672 2869 780 2923; x_wconf 89' lang='lat' dir='ltr'><strong>Deo</strong></span> <span class='ocrx_word' id='word_1_336' title='bbox 808 2865 1119 2937; x_wconf 81' lang='lat' dir='ltr'><strong>transfugit.</strong></span> <span class='ocrx_word' id='word_1_337' title='bbox 1148 2865 1282 2920; x_wconf 85' lang='lat' dir='ltr'><strong>Nam</strong></span> <span class='ocrx_word' id='word_1_338' title='bbox 1308 2880 1429 2934; x_wconf 63' lang='lat' dir='ltr'><strong>qua:</strong></span> <span class='ocrx_word' id='word_1_339' title='bbox 1473 2865 1541 2919; x_wconf 89' lang='lat' dir='ltr'><strong>ad</strong></span> <span class='ocrx_word' id='word_1_340' title='bbox 1576 2865 1742 2920; x_wconf 89' lang='lat' dir='ltr'><strong>Deum</strong></span> <span class='ocrx_word' id='word_1_341' title='bbox 1779 2869 1988 2922; x_wconf 88' lang='lat' dir='ltr'><strong>accedit</strong></span> <span class='ocrx_word' id='word_1_342' title='bbox 2018 2908 2034 2933; x_wconf 91' lang='lat'><strong>,</strong></span> 
     </span>
    </p>
   </div>
   <div class='ocr_carea' id='block_1_47' title="bbox 457 2955 2032 3026">
    <p class='ocr_par' dir='ltr' id='par_1_47' title="bbox 457 2955 2032 3026">
     <span class='ocr_line' id='line_1_47' title="bbox 457 2955 2032 3026; baseline -0.002 -10"><span class='ocrx_word' id='word_1_343' title='bbox 457 2971 646 3016; x_wconf 87' lang='lat' dir='ltr'><strong>erecta</strong></span> <span class='ocrx_word' id='word_1_344' title='bbox 679 2972 764 3015; x_wconf 90' lang='lat' dir='ltr'><strong>est</strong></span> <span class='ocrx_word' id='word_1_345' title='bbox 796 2968 850 3014; x_wconf 89' lang='lat' dir='ltr'><strong>et</strong></span> <span class='ocrx_word' id='word_1_346' title='bbox 870 2974 1085 3013; x_wconf 87' lang='lat' dir='ltr'><strong>sursum</strong></span> <span class='ocrx_word' id='word_1_347' title='bbox 1115 2955 1413 3026; x_wconf 88' lang='lat' dir='ltr'><strong>aspicit,ad</strong></span> <span class='ocrx_word' id='word_1_348' title='bbox 1438 2956 1723 3025; x_wconf 89' lang='lat' dir='ltr'><strong>ipsumque</strong></span> <span class='ocrx_word' id='word_1_349' title='bbox 1750 2958 2032 3013; x_wconf 84' lang='lat' dir='ltr'><strong>elevatur:</strong></span> 
     </span>
    </p>
   </div>
   <div class='ocr_carea' id='block_1_48' title="bbox 2138 1859 3738 1937">
    <p class='ocr_par' dir='ltr' id='par_1_48' title="bbox 2138 1859 3738 1937">
     <span class='ocr_line' id='line_1_48' title="bbox 2138 1859 3738 1937; baseline 0.002 -24"><span class='ocrx_word' id='word_1_350' title='bbox 2138 1859 2324 1932; x_wconf 79' lang='grc' dir='ltr'>τήριον</span> <span class='ocrx_word' id='word_1_351' title='bbox 2357 1863 2456 1934; x_wconf 80' lang='grc' dir='ltr'>τῆς</span> <span class='ocrx_word' id='word_1_352' title='bbox 2489 1861 2768 1929; x_wconf 83' lang='grc' dir='ltr'>πτώσεως,</span> <span class='ocrx_word' id='word_1_353' title='bbox 2793 1863 2855 1916; x_wconf 81' lang='grc' dir='ltr'><strong>τὸ</strong></span> <span class='ocrx_word' id='word_1_354' title='bbox 2884 1864 3043 1918; x_wconf 86' lang='grc' dir='ltr'>κόνδυ</span> <span class='ocrx_word' id='word_1_355' title='bbox 3065 1865 3160 1918; x_wconf 90' lang='grc' dir='ltr'><strong>τοῦ</strong></span> <span class='ocrx_word' id='word_1_356' title='bbox 3181 1864 3353 1937; x_wconf 87' lang='grc' dir='ltr'>θυμοῦ</span> <span class='ocrx_word' id='word_1_357' title='bbox 3385 1882 3508 1936; x_wconf 89' lang='grc' dir='ltr'>μου,</span> <span class='ocrx_word' id='word_1_358' title='bbox 3537 1865 3638 1918; x_wconf 79' lang='grc' dir='ltr'>καὶ</span> <span class='ocrx_word' id='word_1_359' title='bbox 3663 1863 3738 1917; x_wconf 79' lang='grc' dir='ltr'><strong>οὐ</strong></span> 
     </span>
    </p>
   </div>
   <div class='ocr_carea' id='block_1_49' title="bbox 2140 1953 3738 2029">
    <p class='ocr_par' dir='ltr' id='par_1_49' title="bbox 2140 1953 3738 2029">
     <span class='ocr_line' id='line_1_49' title="bbox 2140 1953 3738 2029; baseline 0.001 -22"><span class='ocrx_word' id='word_1_360' title='bbox 2140 1953 2422 2029; x_wconf 80' lang='grc' dir='ltr'>προσθήσῃ</span> <span class='ocrx_word' id='word_1_361' title='bbox 2449 1955 2529 2008; x_wconf 75' lang='grc' dir='ltr'>ἔτι</span> <span class='ocrx_word' id='word_1_362' title='bbox 2561 1958 2707 2010; x_wconf 81' lang='grc' dir='ltr'>πιεῖν</span> <span class='ocrx_word' id='word_1_363' title='bbox 2736 1956 2886 2011; x_wconf 86' lang='grc' dir='ltr'>αὐτό,</span> <span class='ocrx_word' id='word_1_364' title='bbox 2914 1975 2933 2010; x_wconf 71' lang='grc' dir='ltr'><strong>ι</strong></span> <span class='ocrx_word' id='word_1_365' title='bbox 2980 1957 3403 2027; x_wconf 89' lang='grc' dir='ltr'>Ἐπαγγέλλεται</span> <span class='ocrx_word' id='word_1_366' title='bbox 3421 1957 3479 2010; x_wconf 82' lang='grc' dir='ltr'>δὲ</span> <span class='ocrx_word' id='word_1_367' title='bbox 3512 1958 3582 2028; x_wconf 76' lang='grc' dir='ltr'>τῇ</span> <span class='ocrx_word' id='word_1_368' title='bbox 3631 1955 3738 2009; x_wconf 79' lang='grc' dir='ltr'><strong>ἰε-</strong></span> 
     </span>
    </p>
   </div>
   <div class='ocr_carea' id='block_1_50' title="bbox 2143 2045 3734 2125">
    <p class='ocr_par' dir='ltr' id='par_1_50' title="bbox 2143 2045 3734 2125">
     <span class='ocr_line' id='line_1_50' title="bbox 2143 2045 3734 2125; baseline 0.005 -28"><span class='ocrx_word' id='word_1_369' title='bbox 2143 2045 2421 2117; x_wconf 83' lang='grc' dir='ltr'>ρουσαλὴμ</span> <span class='ocrx_word' id='word_1_370' title='bbox 2449 2048 2477 2100; x_wconf 94' lang='lat'><strong>6</strong></span> <span class='ocrx_word' id='word_1_371' title='bbox 2505 2046 2660 2117; x_wconf 83' lang='grc' dir='ltr'>λόγος</span> <span class='ocrx_word' id='word_1_372' title='bbox 2690 2048 2954 2119; x_wconf 79' lang='grc' dir='ltr'>λήψεσθαι</span> <span class='ocrx_word' id='word_1_373' title='bbox 2985 2051 3078 2103; x_wconf 79' lang='grc' dir='ltr'>ἀπ’</span> <span class='ocrx_word' id='word_1_374' title='bbox 3115 2050 3284 2122; x_wconf 78' lang='grc' dir='ltr'>αὐτῆς</span> <span class='ocrx_word' id='word_1_375' title='bbox 3325 2053 3583 2125; x_wconf 86' lang='grc' dir='ltr'>ποτήριον</span> <span class='ocrx_word' id='word_1_376' title='bbox 3628 2048 3734 2105; x_wconf 89' lang='grc' dir='ltr'><strong>τοῦ</strong></span> 
     </span>
    </p>
   </div>
   <div class='ocr_carea' id='block_1_51' title="bbox 2139 2136 3735 2216">
    <p class='ocr_par' dir='ltr' id='par_1_51' title="bbox 2139 2136 3735 2216">
     <span class='ocr_line' id='line_1_51' title="bbox 2139 2136 3735 2216; baseline 0.005 -26"><span class='ocrx_word' id='word_1_377' title='bbox 2139 2136 2332 2209; x_wconf 89' lang='grc' dir='ltr'>θυμοῦ,</span> <span class='ocrx_word' id='word_1_378' title='bbox 2377 2141 2424 2193; x_wconf 82' lang='grc' dir='ltr'>εἰ</span> <span class='ocrx_word' id='word_1_379' title='bbox 2461 2142 2831 2214; x_wconf 82' lang='grc' dir='ltr'>μετανοήσειε.</span> <span class='ocrx_word' id='word_1_380' title='bbox 2878 2142 2952 2196; x_wconf 85' lang='grc' dir='ltr'><strong>Τὸ</strong></span> <span class='ocrx_word' id='word_1_381' title='bbox 2985 2142 3115 2215; x_wconf 90' lang='grc' dir='ltr'><strong>γάρ,</strong></span> <span class='ocrx_word' id='word_1_382' title='bbox 3157 2143 3329 2197; x_wconf 77' lang='grc' dir='ltr'>«Ἰδοὺ</span> <span class='ocrx_word' id='word_1_383' title='bbox 3365 2138 3495 2216; x_wconf 79' lang='grc' dir='ltr'>ἦρα,</span> <span class='ocrx_word' id='word_1_384' title='bbox 3544 2162 3566 2195; x_wconf 74' lang='grc' dir='ltr'><strong>ι</strong></span> <span class='ocrx_word' id='word_1_385' title='bbox 3603 2143 3735 2198; x_wconf 76' lang='grc' dir='ltr'>ἀντὶ</span> 
     </span>
    </p>
   </div>
   <div class='ocr_carea' id='block_1_52' title="bbox 2136 2231 2936 2306">
    <p class='ocr_par' dir='ltr' id='par_1_52' title="bbox 2136 2231 2936 2306">
     <span class='ocr_line' id='line_1_52' title="bbox 2136 2231 2936 2306; baseline 0.009 -23"><span class='ocrx_word' id='word_1_386' title='bbox 2136 2231 2253 2299; x_wconf 83' lang='grc' dir='ltr'>τοῦ,</span> <span class='ocrx_word' id='word_1_387' title='bbox 2284 2249 2303 2282; x_wconf 76' lang='grc' dir='ltr'><strong>ι</strong></span> <span class='ocrx_word' id='word_1_388' title='bbox 2340 2231 2603 2305; x_wconf 81' lang='grc' dir='ltr'>λήψομαι,</span> <span class='ocrx_word' id='word_1_389' title='bbox 2648 2253 2667 2285; x_wconf 74' lang='grc' dir='ltr'><strong>ι</strong></span> <span class='ocrx_word' id='word_1_390' title='bbox 2700 2235 2936 2306; x_wconf 69' lang='grc' dir='ltr'>εἴρηται.</span> 
     </span>
    </p>
   </div>
   <div class='ocr_carea' id='block_1_53' title="bbox 2214 2325 3730 2403">
    <p class='ocr_par' dir='ltr' id='par_1_53' title="bbox 2214 2325 3730 2403">
     <span class='ocr_line' id='line_1_53' title="bbox 2214 2325 3730 2403; baseline 0.006 -26"><span class='ocrx_word' id='word_1_391' title='bbox 2214 2344 2232 2377; x_wconf 80' lang='grc' dir='ltr'><strong>ι</strong></span> <span class='ocrx_word' id='word_1_392' title='bbox 2274 2326 2385 2397; x_wconf 74' lang='grc' dir='ltr'>Καὶ</span> <span class='ocrx_word' id='word_1_393' title='bbox 2406 2325 2561 2380; x_wconf 85' lang='grc' dir='ltr'>δώσω</span> <span class='ocrx_word' id='word_1_394' title='bbox 2587 2326 2716 2381; x_wconf 81' lang='grc' dir='ltr'>αὐτὸ</span> <span class='ocrx_word' id='word_1_395' title='bbox 2745 2330 2826 2393; x_wconf 85' lang='grc' dir='ltr'><strong>είς</strong></span> <span class='ocrx_word' id='word_1_396' title='bbox 2858 2327 2957 2393; x_wconf 77' lang='grc' dir='ltr'>τὰς</span> <span class='ocrx_word' id='word_1_397' title='bbox 2992 2331 3185 2401; x_wconf 84' lang='grc' dir='ltr'>χεῖρας</span> <span class='ocrx_word' id='word_1_398' title='bbox 3210 2331 3317 2384; x_wconf 85' lang='grc' dir='ltr'><strong>τῶν</strong></span> <span class='ocrx_word' id='word_1_399' title='bbox 3345 2330 3730 2403; x_wconf 80' lang='grc' dir='ltr'>ἀδικησάντων</span> 
     </span>
    </p>
   </div>
   <div class='ocr_carea' id='block_1_54' title="bbox 2139 2418 3731 2497">
    <p class='ocr_par' dir='ltr' id='par_1_54' title="bbox 2139 2418 3731 2497">
     <span class='ocr_line' id='line_1_54' title="bbox 2139 2418 3731 2497; baseline 0.006 -27"><span class='ocrx_word' id='word_1_400' title='bbox 2139 2433 2197 2470; x_wconf 90' lang='grc' dir='ltr'><strong>σε</strong></span> <span class='ocrx_word' id='word_1_401' title='bbox 2239 2419 2331 2473; x_wconf 81' lang='grc' dir='ltr'><strong>καὶ</strong></span> <span class='ocrx_word' id='word_1_402' title='bbox 2357 2419 2466 2472; x_wconf 82' lang='grc' dir='ltr'><strong>τῶν</strong></span> <span class='ocrx_word' id='word_1_403' title='bbox 2493 2423 2942 2477; x_wconf 85' lang='grc' dir='ltr'>ταπεινωσάντων</span> <span class='ocrx_word' id='word_1_404' title='bbox 2973 2440 3053 2486; x_wconf 90' lang='grc' dir='ltr'><strong>σε,</strong></span> <span class='ocrx_word' id='word_1_405' title='bbox 3081 2423 3130 2476; x_wconf 82' lang='grc' dir='ltr'><strong>οῖ</strong></span> <span class='ocrx_word' id='word_1_406' title='bbox 3160 2418 3319 2478; x_wconf 79' lang='grc' dir='ltr'>εἶπαν</span> <span class='ocrx_word' id='word_1_407' title='bbox 3342 2428 3407 2497; x_wconf 79' lang='grc' dir='ltr'>τῇ</span> <span class='ocrx_word' id='word_1_408' title='bbox 3428 2424 3574 2497; x_wconf 75' lang='grc' dir='ltr'>ψυχῇ</span> <span class='ocrx_word' id='word_1_409' title='bbox 3605 2440 3731 2479; x_wconf 79' lang='grc' dir='ltr'><strong>σου⁹</strong></span> 
     </span>
    </p>
   </div>
   <div class='ocr_carea' id='block_1_55' title="bbox 2135 2510 3724 2590">
    <p class='ocr_par' dir='ltr' id='par_1_55' title="bbox 2135 2510 3724 2590">
     <span class='ocr_line' id='line_1_55' title="bbox 2135 2510 3724 2590; baseline 0.008 -26"><span class='ocrx_word' id='word_1_410' title='bbox 2135 2510 2343 2582; x_wconf 75' lang='grc' dir='ltr'>Κῦψον,</span> <span class='ocrx_word' id='word_1_411' title='bbox 2401 2513 2490 2567; x_wconf 79' lang='grc' dir='ltr'>ἵνα</span> <span class='ocrx_word' id='word_1_412' title='bbox 2551 2514 2931 2587; x_wconf 75' lang='grc' dir='ltr'>παρέλθωμεψ</span> <span class='ocrx_word' id='word_1_413' title='bbox 2988 2515 3081 2569; x_wconf 74' lang='grc' dir='ltr'>καὶ</span> <span class='ocrx_word' id='word_1_414' title='bbox 3136 2516 3340 2589; x_wconf 75' lang='grc' dir='ltr'>ἔθηκας</span> <span class='ocrx_word' id='word_1_415' title='bbox 3394 2518 3486 2572; x_wconf 84' lang='grc' dir='ltr'><strong>ίσα</strong></span> <span class='ocrx_word' id='word_1_416' title='bbox 3536 2521 3605 2590; x_wconf 79' lang='grc' dir='ltr'>τῇ</span> <span class='ocrx_word' id='word_1_417' title='bbox 3649 2520 3724 2590; x_wconf 81' lang='grc' dir='ltr'>γῇ</span> 
     </span>
    </p>
   </div>
   <div class='ocr_carea' id='block_1_56' title="bbox 2134 2603 3727 2681">
    <p class='ocr_par' dir='ltr' id='par_1_56' title="bbox 2134 2603 3727 2681">
     <span class='ocr_line' id='line_1_56' title="bbox 2134 2603 3727 2681; baseline 0.008 -26"><span class='ocrx_word' id='word_1_418' title='bbox 2134 2604 2205 2656; x_wconf 87' lang='grc' dir='ltr'><strong>τά</strong></span> <span class='ocrx_word' id='word_1_419' title='bbox 2240 2603 2381 2674; x_wconf 82' lang='grc' dir='ltr'>μέσα</span> <span class='ocrx_word' id='word_1_420' title='bbox 2420 2622 2512 2659; x_wconf 90' lang='grc' dir='ltr'><strong>σου</strong></span> <span class='ocrx_word' id='word_1_421' title='bbox 2541 2604 2645 2671; x_wconf 76' lang='grc' dir='ltr'><strong>ἔξω</strong></span> <span class='ocrx_word' id='word_1_422' title='bbox 2678 2608 2790 2671; x_wconf 85' lang='grc' dir='ltr'>τοῖς</span> <span class='ocrx_word' id='word_1_423' title='bbox 2822 2610 3383 2681; x_wconf 71' lang='grc' dir='ltr'>παραπορευομένας.</span> <span class='ocrx_word' id='word_1_424' title='bbox 3416 2629 3435 2660; x_wconf 71' lang='grc' dir='ltr'><strong>ι</strong></span> <span class='ocrx_word' id='word_1_425' title='bbox 3471 2611 3636 2676; x_wconf 77' lang='grc' dir='ltr'>Είκδς</span> <span class='ocrx_word' id='word_1_426' title='bbox 3666 2612 3727 2667; x_wconf 76' lang='grc' dir='ltr'>δὲ</span> 
     </span>
    </p>
   </div>
   <div class='ocr_carea' id='block_1_57' title="bbox 2134 2692 3723 2776">
    <p class='ocr_par' dir='ltr' id='par_1_57' title="bbox 2134 2692 3723 2776">
     <span class='ocr_line' id='line_1_57' title="bbox 2134 2692 3723 2776; baseline 0.009 -31"><span class='ocrx_word' id='word_1_427' title='bbox 2134 2692 2310 2748; x_wconf 88' lang='grc' dir='ltr'>ταῦτα</span> <span class='ocrx_word' id='word_1_428' title='bbox 2354 2694 2607 2764; x_wconf 86' lang='grc' dir='ltr'>λέγεσθαι</span> <span class='ocrx_word' id='word_1_429' title='bbox 2664 2697 2758 2751; x_wconf 75' lang='grc' dir='ltr'>καὶ</span> <span class='ocrx_word' id='word_1_430' title='bbox 2798 2700 2926 2770; x_wconf 75' lang='grc' dir='ltr'>περὶ</span> <span class='ocrx_word' id='word_1_431' title='bbox 2973 2701 3364 2773; x_wconf 82' lang='grc' dir='ltr'>ἀντικειμένων</span> <span class='ocrx_word' id='word_1_432' title='bbox 3414 2703 3723 2776; x_wconf 86' lang='grc' dir='ltr'>δυνάμεων,</span> 
     </span>
    </p>
   </div>
   <div class='ocr_carea' id='block_1_58' title="bbox 2135 2782 3728 2867">
    <p class='ocr_par' dir='ltr' id='par_1_58' title="bbox 2135 2782 3728 2867">
     <span class='ocr_line' id='line_1_58' title="bbox 2135 2782 3728 2867; baseline 0.009 -28"><span class='ocrx_word' id='word_1_433' title='bbox 2135 2782 2224 2851; x_wconf 75' lang='grc' dir='ltr'>αἷς</span> <span class='ocrx_word' id='word_1_434' title='bbox 2263 2788 2558 2843; x_wconf 86' lang='grc' dir='ltr'>ὑποτάσσει</span> <span class='ocrx_word' id='word_1_435' title='bbox 2601 2791 2825 2861; x_wconf 80' lang='grc' dir='ltr'>ἑαυτὴν</span> <span class='ocrx_word' id='word_1_436' title='bbox 2855 2795 3006 2847; x_wconf 81' lang='grc' dir='ltr'>πᾶσα</span> <span class='ocrx_word' id='word_1_437' title='bbox 3046 2794 3191 2867; x_wconf 79' lang='grc' dir='ltr'>ψυχὴ</span> <span class='ocrx_word' id='word_1_438' title='bbox 3226 2797 3258 2867; x_wconf 80' lang='grc' dir='ltr'><strong>ἡ</strong></span> <span class='ocrx_word' id='word_1_439' title='bbox 3288 2796 3383 2850; x_wconf 92' lang='grc' dir='ltr'><strong>τοῦ</strong></span> <span class='ocrx_word' id='word_1_440' title='bbox 3415 2796 3553 2851; x_wconf 90' lang='grc' dir='ltr'>Θεοῦ</span> <span class='ocrx_word' id='word_1_441' title='bbox 3584 2798 3728 2853; x_wconf 83' lang='grc' dir='ltr'>ἀπο-</span> 
     </span>
    </p>
   </div>
   <div class='ocr_carea' id='block_1_59' title="bbox 2138 2882 3722 2962">
    <p class='ocr_par' dir='ltr' id='par_1_59' title="bbox 2138 2882 3722 2962">
     <span class='ocr_line' id='line_1_59' title="bbox 2138 2882 3722 2962; baseline 0.008 -30"><span class='ocrx_word' id='word_1_442' title='bbox 2138 2882 2328 2934; x_wconf 81' lang='grc' dir='ltr'>στᾶσα.</span> <span class='ocrx_word' id='word_1_443' title='bbox 2375 2882 2438 2934; x_wconf 86' lang='grc' dir='ltr'><em>Ἡ</em></span> <span class='ocrx_word' id='word_1_444' title='bbox 2467 2883 2564 2952; x_wconf 83' lang='grc' dir='ltr'><strong>μὲν</strong></span> <span class='ocrx_word' id='word_1_445' title='bbox 2590 2883 2699 2956; x_wconf 77' lang='grc' dir='ltr'>γὰρ</span> <span class='ocrx_word' id='word_1_446' title='bbox 2733 2885 2812 2956; x_wconf 83' lang='grc' dir='ltr'>τῷ</span> <span class='ocrx_word' id='word_1_447' title='bbox 2857 2885 2978 2958; x_wconf 82' lang='grc' dir='ltr'><strong>Θεῷ</strong></span> <span class='ocrx_word' id='word_1_448' title='bbox 3023 2888 3325 2956; x_wconf 79' lang='grc' dir='ltr'>προσιοῦσα</span> <span class='ocrx_word' id='word_1_449' title='bbox 3371 2889 3551 2962; x_wconf 81' lang='grc' dir='ltr'>ϐρθιός</span> <span class='ocrx_word' id='word_1_450' title='bbox 3600 2892 3722 2946; x_wconf 76' lang='grc' dir='ltr'>ἐστι</span> 
     </span>
    </p>
   </div>
   <div class='ocr_carea' id='block_1_60' title="bbox 2136 2973 3722 3056">
    <p class='ocr_par' dir='ltr' id='par_1_60' title="bbox 2136 2973 3722 3056">
     <span class='ocr_line' id='line_1_60' title="bbox 2136 2973 3722 3056; baseline 0.008 -30"><span class='ocrx_word' id='word_1_451' title='bbox 2136 2973 2230 3026; x_wconf 75' lang='grc' dir='ltr'>καὶ</span> <span class='ocrx_word' id='word_1_452' title='bbox 2255 2974 2367 3028; x_wconf 78' lang='grc' dir='ltr'><strong>ἄνω</strong></span> <span class='ocrx_word' id='word_1_453' title='bbox 2397 2974 2685 3045; x_wconf 85' lang='grc' dir='ltr'>βλέπουσα,</span> <span class='ocrx_word' id='word_1_454' title='bbox 2720 2979 2814 3031; x_wconf 72' lang='grc' dir='ltr'>καὶ</span> <span class='ocrx_word' id='word_1_455' title='bbox 2856 2979 2992 3049; x_wconf 68' lang='grc' dir='ltr'>πρὸς</span> <span class='ocrx_word' id='word_1_456' title='bbox 3028 2981 3190 3035; x_wconf 82' lang='grc' dir='ltr'>αὐτὸν</span> <span class='ocrx_word' id='word_1_457' title='bbox 3229 2983 3515 3055; x_wconf 75' lang='grc' dir='ltr'>ἐπηρμένη</span> <span class='ocrx_word' id='word_1_458' title='bbox 3537 3000 3551 3013; x_wconf 92' lang='grc'><strong>·</strong></span> <span class='ocrx_word' id='word_1_459' title='bbox 3591 2986 3625 3056; x_wconf 84' lang='grc' dir='ltr'><strong>ή</strong></span> <span class='ocrx_word' id='word_1_460' title='bbox 3660 2986 3722 3040; x_wconf 74' lang='grc' dir='ltr'>δὲ</span> 
     </span>
    </p>
   </div>
   <div class='ocr_carea' id='block_1_61' title="bbox 461 3049 2030 3151">
    <p class='ocr_par' dir='ltr' id='par_1_61' title="bbox 461 3049 2030 3129">
     <span class='ocr_line' id='line_1_61' title="bbox 461 3049 2030 3129; baseline 0.001 -21"><span class='ocrx_word' id='word_1_461' title='bbox 461 3071 584 3129; x_wconf 72' lang='lat' dir='ltr'><strong>qua:</strong></span> <span class='ocrx_word' id='word_1_462' title='bbox 611 3069 741 3108; x_wconf 86' lang='lat' dir='ltr'><strong>vero</strong></span> <span class='ocrx_word' id='word_1_463' title='bbox 775 3067 894 3108; x_wconf 85' lang='lat' dir='ltr'><strong>sese</strong></span> <span class='ocrx_word' id='word_1_464' title='bbox 939 3051 1190 3121; x_wconf 84' lang='lat' dir='ltr'><strong>malignis</strong></span> <span class='ocrx_word' id='word_1_465' title='bbox 1240 3049 1577 3105; x_wconf 69' lang='lat' dir='ltr'><strong>daemonibus</strong></span> <span class='ocrx_word' id='word_1_466' title='bbox 1625 3051 1908 3124; x_wconf 88' lang='lat' dir='ltr'><strong>adjungit,</strong></span> <span class='ocrx_word' id='word_1_467' title='bbox 1967 3053 2030 3110; x_wconf 87' lang='lat' dir='ltr'><strong>iis</strong></span> 
     </span>
    </p>
   </div>
   <div class='ocr_carea' id='block_1_62' title="bbox 2143 3049 3720 3151">
    <p class='ocr_par' dir='ltr' id='par_1_62' title="bbox 2143 3049 3720 3147">
     <span class='ocr_line' id='line_1_62' title="bbox 2143 3049 3720 3147; baseline 0.006 -27"><span class='ocrx_word' id='word_1_468' title='bbox 2143 3068 2422 3138; x_wconf 65' lang='grc' dir='ltr'>συνάψασα</span> <span class='ocrx_word' id='word_1_469' title='bbox 2448 3069 2644 3141; x_wconf 80' lang='grc' dir='ltr'>ἑαυτὴν</span> <span class='ocrx_word' id='word_1_470' title='bbox 2669 3070 2891 3142; x_wconf 86' lang='grc' dir='ltr'>δαίμοσι</span> <span class='ocrx_word' id='word_1_471' title='bbox 2920 3074 3196 3143; x_wconf 83' lang='grc' dir='ltr'>πονηροῖς,</span> <span class='ocrx_word' id='word_1_472' title='bbox 3231 3049 3440 3138; x_wconf 74' lang='grc' dir='ltr'>τούτοις</span> <span class='ocrx_word' id='word_1_473' title='bbox 3471 3049 3720 3147; x_wconf 75' lang='grc' dir='ltr'>δηλονότι.</span> 
     </span>
    </p>
   </div>
   <div class='ocr_carea' id='block_1_63' title="bbox 461 3147 1388 3222">
    <p class='ocr_par' dir='ltr' id='par_1_63' title="bbox 461 3147 1388 3222">
     <span class='ocr_line' id='line_1_63' title="bbox 461 3147 1388 3222; baseline -0.006 -17"><span class='ocrx_word' id='word_1_474' title='bbox 461 3152 649 3222; x_wconf 80' lang='lat' dir='ltr'><strong>utique</strong></span> <span class='ocrx_word' id='word_1_475' title='bbox 683 3147 992 3218; x_wconf 87' lang='lat' dir='ltr'><strong>subjicitur.</strong></span> <span class='ocrx_word' id='word_1_476' title='bbox 1384 3203 1388 3208; x_wconf 66' lang='grc'><strong>,</strong></span> 
     </span>
    </p>
   </div>
   <div class='ocr_carea' id='block_1_64' title="bbox 1059 3238 1432 3296">
    <p class='ocr_par' dir='ltr' id='par_1_64' title="bbox 1059 3238 1432 3296">
     <span class='ocr_line' id='line_1_64' title="bbox 1059 3238 1432 3296; baseline 0 -3"><span class='ocrx_word' id='word_1_477' title='bbox 1059 3238 1290 3296; x_wconf 85' lang='lat' dir='ltr'><strong>CAPUT</strong></span> <span class='ocrx_word' id='word_1_478' title='bbox 1324 3238 1432 3295; x_wconf 86' lang='lat' dir='ltr'><strong>LII.</strong></span> 
     </span>
    </p>
   </div>
   <div class='ocr_carea' id='block_1_65' title="bbox 529 3329 2036 3398">
    <p class='ocr_par' dir='ltr' id='par_1_65' title="bbox 529 3329 2036 3398">
     <span class='ocr_line' id='line_1_65' title="bbox 529 3329 2036 3398; baseline -0.007 -5"><span class='ocrx_word' id='word_1_479' title='bbox 529 3333 695 3393; x_wconf 74' lang='lat' dir='ltr'><strong>Vnus.</strong></span> <span class='ocrx_word' id='word_1_480' title='bbox 724 3336 775 3390; x_wconf 77' lang='lat' dir='ltr'><strong>l.</strong></span> <span class='ocrx_word' id='word_1_481' title='bbox 805 3353 824 3386; x_wconf 79' lang='grc' dir='ltr'><strong>ι</strong></span> <span class='ocrx_word' id='word_1_482' title='bbox 849 3333 1104 3388; x_wconf 79' lang='lat' dir='ltr'><strong>Excitare</strong></span> <span class='ocrx_word' id='word_1_483' title='bbox 1129 3372 1144 3396; x_wconf 93' lang='lat'><strong>,</strong></span> <span class='ocrx_word' id='word_1_484' title='bbox 1175 3332 1438 3398; x_wconf 83' lang='lat' dir='ltr'><strong>excitare,</strong></span> <span class='ocrx_word' id='word_1_485' title='bbox 1471 3329 1600 3385; x_wconf 91' lang='lat' dir='ltr'><strong>Sion</strong></span> <span class='ocrx_word' id='word_1_486' title='bbox 1633 3347 1647 3383; x_wconf 90' lang='lat'><strong>:</strong></span> <span class='ocrx_word' id='word_1_487' title='bbox 1680 3329 1901 3384; x_wconf 80' lang='lat' dir='ltr'><strong>induere</strong></span> <span class='ocrx_word' id='word_1_488' title='bbox 1931 3329 2036 3383; x_wconf 77' lang='lat' dir='ltr'><strong>for-</strong></span> 
     </span>
    </p>
   </div>
   <div class='ocr_carea' id='block_1_66' title="bbox 460 3418 2035 3492">
    <p class='ocr_par' dir='ltr' id='par_1_66' title="bbox 460 3418 2035 3492">
     <span class='ocr_line' id='line_1_66' title="bbox 460 3418 2035 3492; baseline -0.01 -5"><span class='ocrx_word' id='word_1_489' title='bbox 460 3431 692 3487; x_wconf 86' lang='lat' dir='ltr'><strong>titudine</strong></span> <span class='ocrx_word' id='word_1_490' title='bbox 718 3438 829 3492; x_wconf 88' lang='lat' dir='ltr'><strong>tua,</strong></span> <span class='ocrx_word' id='word_1_491' title='bbox 853 3425 985 3481; x_wconf 89' lang='lat' dir='ltr'><strong>Sion</strong></span> <span class='ocrx_word' id='word_1_492' title='bbox 1019 3443 1034 3479; x_wconf 90' lang='lat'><strong>:</strong></span> <span class='ocrx_word' id='word_1_493' title='bbox 1070 3436 1126 3478; x_wconf 85' lang='lat' dir='ltr'><strong>et</strong></span> <span class='ocrx_word' id='word_1_494' title='bbox 1151 3436 1204 3478; x_wconf 93' lang='lat' dir='ltr'><strong>tu</strong></span> <span class='ocrx_word' id='word_1_495' title='bbox 1228 3423 1451 3478; x_wconf 88' lang='lat' dir='ltr'><strong>induere</strong></span> <span class='ocrx_word' id='word_1_496' title='bbox 1478 3421 1650 3492; x_wconf 85' lang='lat' dir='ltr'><strong>gloria</strong></span> <span class='ocrx_word' id='word_1_497' title='bbox 1682 3430 1795 3485; x_wconf 86' lang='lat' dir='ltr'><strong>tua,</strong></span> <span class='ocrx_word' id='word_1_498' title='bbox 1822 3418 2035 3474; x_wconf 83' lang='lat' dir='ltr'><strong>Jerusa-</strong></span> 
     </span>
    </p>
   </div>
   <div class='ocr_carea' id='block_1_67' title="bbox 459 3514 2035 3585">
    <p class='ocr_par' dir='ltr' id='par_1_67' title="bbox 459 3514 2035 3585">
     <span class='ocr_line' id='line_1_67' title="bbox 459 3514 2035 3585; baseline -0.007 -8"><span class='ocrx_word' id='word_1_499' title='bbox 459 3524 601 3577; x_wconf 80' lang='lat' dir='ltr'><strong>lem:</strong></span> <span class='ocrx_word' id='word_1_500' title='bbox 634 3520 828 3575; x_wconf 82' lang='lat' dir='ltr'><strong>civitas</strong></span> <span class='ocrx_word' id='word_1_501' title='bbox 857 3529 1066 3574; x_wconf 89' lang='lat' dir='ltr'><strong>sancta.</strong></span> <span class='ocrx_word' id='word_1_502' title='bbox 1099 3515 1214 3571; x_wconf 82' lang='lat' dir='ltr'><strong>Non</strong></span> <span class='ocrx_word' id='word_1_503' title='bbox 1254 3516 1391 3569; x_wconf 89' lang='lat' dir='ltr'><strong>ultra</strong></span> <span class='ocrx_word' id='word_1_504' title='bbox 1424 3514 1640 3585; x_wconf 86' lang='lat' dir='ltr'><strong>adjiciet</strong></span> <span class='ocrx_word' id='word_1_505' title='bbox 1680 3515 1910 3567; x_wconf 89' lang='lat' dir='ltr'><strong>transire</strong></span> <span class='ocrx_word' id='word_1_506' title='bbox 1940 3529 2035 3583; x_wconf 85' lang='lat' dir='ltr'><strong>per</strong></span> 
     </span>
    </p>
   </div>
   <div class='ocr_carea' id='block_1_68' title="bbox 458 3607 2033 3677">
    <p class='ocr_par' dir='ltr' id='par_1_68' title="bbox 458 3607 2033 3677">
     <span class='ocr_line' id='line_1_68' title="bbox 458 3607 2033 3677; baseline -0.009 -5"><span class='ocrx_word' id='word_1_507' title='bbox 458 3628 513 3672; x_wconf 86' lang='lat' dir='ltr'><strong>te</strong></span> <span class='ocrx_word' id='word_1_508' title='bbox 536 3612 952 3670; x_wconf 89' lang='lat' dir='ltr'><strong>incircumcisus</strong></span> <span class='ocrx_word' id='word_1_509' title='bbox 981 3619 1036 3666; x_wconf 93' lang='lat' dir='ltr'><strong>et</strong></span> <span class='ocrx_word' id='word_1_510' title='bbox 1070 3609 1417 3664; x_wconf 85' lang='lat' dir='ltr'><strong>immnndus.‘</strong></span> <span class='ocrx_word' id='word_1_511' title='bbox 1442 3627 1461 3661; x_wconf 73' lang='grc' dir='ltr'><strong>ι</strong></span> <span class='ocrx_word' id='word_1_512' title='bbox 1497 3608 1689 3662; x_wconf 84' lang='lat' dir='ltr'><strong>Anima</strong></span> <span class='ocrx_word' id='word_1_513' title='bbox 1718 3607 1915 3677; x_wconf 84' lang='lat' dir='ltr'><strong>quippe</strong></span> <span class='ocrx_word' id='word_1_514' title='bbox 1946 3622 2033 3659; x_wconf 87' lang='lat' dir='ltr'><strong>ra-</strong></span> 
     </span>
    </p>
   </div>
   <div class='ocr_carea' id='block_1_69' title="bbox 456 3700 2033 3769">
    <p class='ocr_par' dir='ltr' id='par_1_69' title="bbox 456 3700 2033 3769">
     <span class='ocr_line' id='line_1_69' title="bbox 456 3700 2033 3769; baseline -0.009 -5"><span class='ocrx_word' id='word_1_515' title='bbox 456 3707 677 3764; x_wconf 89' lang='lat' dir='ltr'><strong>tionalis</strong></span> <span class='ocrx_word' id='word_1_516' title='bbox 711 3707 1000 3759; x_wconf 84' lang='lat' dir='ltr'><strong>maximam</strong></span> <span class='ocrx_word' id='word_1_517' title='bbox 1032 3705 1137 3757; x_wconf 87' lang='lat' dir='ltr'><strong>vim</strong></span> <span class='ocrx_word' id='word_1_518' title='bbox 1175 3711 1231 3757; x_wconf 92' lang='lat' dir='ltr'><strong>et</strong></span> <span class='ocrx_word' id='word_1_519' title='bbox 1281 3700 1653 3755; x_wconf 78' lang='lat' dir='ltr'><strong>fortitudinem</strong></span> <span class='ocrx_word' id='word_1_520' title='bbox 1686 3739 1701 3764; x_wconf 94' lang='lat'><strong>,</strong></span> <span class='ocrx_word' id='word_1_521' title='bbox 1756 3714 2033 3769; x_wconf 85' lang='lat' dir='ltr'><strong>magnam-</strong></span> 
     </span>
    </p>
   </div>
   <div class='ocr_carea' id='block_1_70' title="bbox 455 3791 2028 3872">
    <p class='ocr_par' dir='ltr' id='par_1_70' title="bbox 455 3791 2028 3872">
     <span class='ocr_line' id='line_1_70' title="bbox 455 3791 2028 3872; baseline -0.007 -17"><span class='ocrx_word' id='word_1_522' title='bbox 455 3815 561 3872; x_wconf 86' lang='lat' dir='ltr'><strong>que</strong></span> <span class='ocrx_word' id='word_1_523' title='bbox 587 3799 811 3870; x_wconf 85' lang='lat' dir='ltr'><strong>gIoriam</strong></span> <span class='ocrx_word' id='word_1_524' title='bbox 846 3796 1025 3863; x_wconf 81' lang='lat' dir='ltr'><strong>habet,</strong></span> <span class='ocrx_word' id='word_1_525' title='bbox 1062 3803 1247 3864; x_wconf 86' lang='lat' dir='ltr'><strong>utpote</strong></span> <span class='ocrx_word' id='word_1_526' title='bbox 1269 3810 1389 3863; x_wconf 70' lang='lat' dir='ltr'><strong>quae</strong></span> <span class='ocrx_word' id='word_1_527' title='bbox 1413 3794 1713 3848; x_wconf 87' lang='lat' dir='ltr'><strong>secundum</strong></span> <span class='ocrx_word' id='word_1_528' title='bbox 1741 3791 2028 3861; x_wconf 76' lang='lat' dir='ltr'><strong>imaginem</strong></span> 
     </span>
    </p>
   </div>
   <div class='ocr_carea' id='block_1_71' title="bbox 456 3887 2027 3958">
    <p class='ocr_par' dir='ltr' id='par_1_71' title="bbox 456 3887 2027 3958">
     <span class='ocr_line' id='line_1_71' title="bbox 456 3887 2027 3958; baseline -0.008 -9"><span class='ocrx_word' id='word_1_529' title='bbox 456 3895 550 3948; x_wconf 87' lang='lat' dir='ltr'><strong>Dei</strong></span> <span class='ocrx_word' id='word_1_530' title='bbox 584 3893 722 3945; x_wconf 78' lang='lat' dir='ltr'><strong>facta</strong></span> <span class='ocrx_word' id='word_1_531' title='bbox 745 3891 815 3943; x_wconf 91' lang='lat' dir='ltr'><strong>sit</strong></span> <span class='ocrx_word' id='word_1_532' title='bbox 841 3909 854 3944; x_wconf 92' lang='lat'><strong>:</strong></span> <span class='ocrx_word' id='word_1_533' title='bbox 878 3904 1039 3958; x_wconf 89' lang='lat' dir='ltr'><strong>qnam</strong></span> <span class='ocrx_word' id='word_1_534' title='bbox 1073 3901 1371 3951; x_wconf 88' lang='lat' dir='ltr'><strong>resumere,</strong></span> <span class='ocrx_word' id='word_1_535' title='bbox 1400 3897 1457 3940; x_wconf 91' lang='lat' dir='ltr'><strong>et</strong></span> <span class='ocrx_word' id='word_1_536' title='bbox 1484 3887 1760 3940; x_wconf 86' lang='lat' dir='ltr'><strong>civitatem</strong></span> <span class='ocrx_word' id='word_1_537' title='bbox 1784 3894 2027 3938; x_wconf 88' lang='lat' dir='ltr'><strong>sanctam</strong></span> 
     </span>
    </p>
   </div>
   <div class='ocr_carea' id='block_1_72' title="bbox 456 3977 2028 4051">
    <p class='ocr_par' dir='ltr' id='par_1_72' title="bbox 456 3977 2028 4051">
     <span class='ocr_line' id='line_1_72' title="bbox 456 3977 2028 4051; baseline -0.006 -12"><span class='ocrx_word' id='word_1_538' title='bbox 456 3983 599 4048; x_wconf 87' lang='lat' dir='ltr'><strong>ﬁeri,</strong></span> <span class='ocrx_word' id='word_1_539' title='bbox 632 3983 869 4051; x_wconf 77' lang='lat' dir='ltr'><strong>expetit;</strong></span> <span class='ocrx_word' id='word_1_540' title='bbox 908 3991 967 4034; x_wconf 87' lang='lat' dir='ltr'><strong>ut</strong></span> <span class='ocrx_word' id='word_1_541' title='bbox 999 3978 1109 4033; x_wconf 91' lang='lat' dir='ltr'><strong>&#39;non</strong></span> <span class='ocrx_word' id='word_1_542' title='bbox 1140 3979 1281 4033; x_wconf 89' lang='lat' dir='ltr'><strong>ultra</strong></span> <span class='ocrx_word' id='word_1_543' title='bbox 1311 3994 1406 4048; x_wconf 86' lang='lat' dir='ltr'><strong>per</strong></span> <span class='ocrx_word' id='word_1_544' title='bbox 1439 3994 1558 4033; x_wconf 90' lang='lat' dir='ltr'><strong>eam</strong></span> <span class='ocrx_word' id='word_1_545' title='bbox 1591 3987 1828 4031; x_wconf 67' lang='lat' dir='ltr'><strong>transeat</strong></span> <span class='ocrx_word' id='word_1_546' title='bbox 1868 3977 2028 4030; x_wconf 86' lang='lat' dir='ltr'><strong>incir-</strong></span> 
     </span>
    </p>
   </div>
   <div class='ocr_carea' id='block_1_73' title="bbox 455 4069 2027 4138">
    <p class='ocr_par' dir='ltr' id='par_1_73' title="bbox 455 4069 2027 4138">
     <span class='ocr_line' id='line_1_73' title="bbox 455 4069 2027 4138; baseline -0.003 -9"><span class='ocrx_word' id='word_1_547' title='bbox 455 4076 727 4130; x_wconf 84' lang='lat' dir='ltr'><strong>cumcisus</strong></span> <span class='ocrx_word' id='word_1_548' title='bbox 758 4082 812 4127; x_wconf 92' lang='lat' dir='ltr'><strong>et</strong></span> <span class='ocrx_word' id='word_1_549' title='bbox 856 4073 1190 4127; x_wconf 86' lang='lat' dir='ltr'><strong>immundus.</strong></span> <span class='ocrx_word' id='word_1_550' title='bbox 1226 4071 1330 4125; x_wconf 84' lang='lat' dir='ltr'><strong>Per</strong></span> <span class='ocrx_word' id='word_1_551' title='bbox 1364 4070 1806 4126; x_wconf 88' lang='lat' dir='ltr'><strong>incircumcisum</strong></span> <span class='ocrx_word' id='word_1_552' title='bbox 1862 4069 2027 4138; x_wconf 84' lang='lat' dir='ltr'><strong>igitur</strong></span> 
     </span>
    </p>
   </div>
   <div class='ocr_carea' id='block_1_74' title="bbox 454 4162 2023 4236">
    <p class='ocr_par' dir='ltr' id='par_1_74' title="bbox 454 4162 2023 4236">
     <span class='ocr_line' id='line_1_74' title="bbox 454 4162 2023 4236; baseline -0.003 -14"><span class='ocrx_word' id='word_1_553' title='bbox 454 4167 811 4236; x_wconf 83' lang='lat' dir='ltr'><strong>alienigenam</strong></span> <span class='ocrx_word' id='word_1_554' title='bbox 841 4173 898 4217; x_wconf 90' lang='lat' dir='ltr'><strong>et</strong></span> <span class='ocrx_word' id='word_1_555' title='bbox 919 4173 1239 4218; x_wconf 84' lang='lat' dir='ltr'><strong>extraneum</strong></span> <span class='ocrx_word' id='word_1_556' title='bbox 1264 4163 1569 4232; x_wconf 79' lang='lat' dir='ltr'><strong>signiﬁcat;</strong></span> <span class='ocrx_word' id='word_1_557' title='bbox 1609 4179 1705 4234; x_wconf 88' lang='lat' dir='ltr'><strong>per</strong></span> <span class='ocrx_word' id='word_1_558' title='bbox 1752 4162 2023 4233; x_wconf 84' lang='lat' dir='ltr'><strong>impurum</strong></span> 
     </span>
    </p>
   </div>
   <div class='ocr_carea' id='block_1_75' title="bbox 453 4256 1042 4321">
    <p class='ocr_par' dir='ltr' id='par_1_75' title="bbox 453 4256 1042 4321">
     <span class='ocr_line' id='line_1_75' title="bbox 453 4256 1042 4321; baseline -0.005 -7"><span class='ocrx_word' id='word_1_559' title='bbox 453 4269 655 4321; x_wconf 88' lang='lat' dir='ltr'><strong>autem,</strong></span> <span class='ocrx_word' id='word_1_560' title='bbox 684 4256 1042 4312; x_wconf 77' lang='lat' dir='ltr'><strong>idololatram.</strong></span> 
     </span>
    </p>
   </div>
   <div class='ocr_carea' id='block_1_76' title="bbox 522 4392 2021 4463">
    <p class='ocr_par' dir='ltr' id='par_1_76' title="bbox 522 4392 2021 4463">
     <span class='ocr_line' id='line_1_76' title="bbox 522 4392 2021 4463; baseline -0.003 -12"><span class='ocrx_word' id='word_1_561' title='bbox 522 4396 688 4451; x_wconf 69' lang='lat' dir='ltr'><strong>Vnus.</strong></span> <span class='ocrx_word' id='word_1_562' title='bbox 715 4393 772 4448; x_wconf 75' lang='lat'><strong>2.</strong></span> <span class='ocrx_word' id='word_1_563' title='bbox 823 4410 843 4443; x_wconf 76' lang='grc' dir='ltr'><strong>ι</strong></span> <span class='ocrx_word' id='word_1_564' title='bbox 874 4393 1078 4447; x_wconf 78' lang='lat' dir='ltr'><strong>Excute</strong></span> <span class='ocrx_word' id='word_1_565' title='bbox 1121 4392 1394 4462; x_wconf 84' lang='lat' dir='ltr'><strong>pulverem</strong></span> <span class='ocrx_word' id='word_1_566' title='bbox 1421 4432 1437 4457; x_wconf 89' lang='lat'><strong>,</strong></span> <span class='ocrx_word' id='word_1_567' title='bbox 1469 4402 1523 4447; x_wconf 90' lang='lat' dir='ltr'><strong>et</strong></span> <span class='ocrx_word' id='word_1_568' title='bbox 1556 4407 1790 4463; x_wconf 82' lang='lat' dir='ltr'><strong>exsurge</strong></span> <span class='ocrx_word' id='word_1_569' title='bbox 1821 4410 1837 4445; x_wconf 85' lang='lat'><strong><em>:</em></strong></span> <span class='ocrx_word' id='word_1_570' title='bbox 1874 4393 2021 4457; x_wconf 82' lang='lat' dir='ltr'><strong>sede,</strong></span> 
     </span>
    </p>
   </div>
   <div class='ocr_carea' id='block_1_77' title="bbox 449 4485 2018 4555">
    <p class='ocr_par' dir='ltr' id='par_1_77' title="bbox 449 4485 2018 4555">
     <span class='ocr_line' id='line_1_77' title="bbox 449 4485 2018 4555; baseline -0.003 -10"><span class='ocrx_word' id='word_1_571' title='bbox 449 4487 794 4553; x_wconf 80' lang='lat' dir='ltr'><strong>Jerusalem,</strong></span> <span class='ocrx_word' id='word_1_572' title='bbox 842 4486 994 4541; x_wconf 80' lang='lat' dir='ltr'><strong>solve</strong></span> <span class='ocrx_word' id='word_1_573' title='bbox 1041 4485 1255 4540; x_wconf 86' lang='lat' dir='ltr'><strong>vincula</strong></span> <span class='ocrx_word' id='word_1_574' title='bbox 1308 4486 1431 4540; x_wconf 93' lang='lat' dir='ltr'><strong>colli</strong></span> <span class='ocrx_word' id='word_1_575' title='bbox 1480 4486 1554 4539; x_wconf 90' lang='lat' dir='ltr'><strong>tni</strong></span> <span class='ocrx_word' id='word_1_576' title='bbox 1584 4529 1598 4552; x_wconf 89' lang='lat'><strong>,</strong></span> <span class='ocrx_word' id='word_1_577' title='bbox 1654 4485 1868 4555; x_wconf 86' lang='lat' dir='ltr'><strong>captiva</strong></span> <span class='ocrx_word' id='word_1_578' title='bbox 1909 4485 2018 4540; x_wconf 86' lang='lat' dir='ltr'><strong>ﬁlia</strong></span> 
     </span>
    </p>
   </div>
   <div class='ocr_carea' id='block_1_78' title="bbox 452 4580 2020 4650">
    <p class='ocr_par' dir='ltr' id='par_1_78' title="bbox 452 4580 2020 4650">
     <span class='ocr_line' id='line_1_78' title="bbox 452 4580 2020 4650; baseline -0.003 -13"><span class='ocrx_word' id='word_1_579' title='bbox 452 4583 604 4640; x_wconf 88' lang='lat' dir='ltr'><strong>Sion.</strong></span> <span class='ocrx_word' id='word_1_580' title='bbox 662 4599 683 4634; x_wconf 73' lang='grc' dir='ltr'><strong>ι</strong></span> <span class='ocrx_word' id='word_1_581' title='bbox 734 4581 865 4634; x_wconf 85' lang='lat' dir='ltr'><strong>Nam</strong></span> <span class='ocrx_word' id='word_1_582' title='bbox 900 4595 1063 4650; x_wconf 88' lang='lat' dir='ltr'><strong>penes</strong></span> <span class='ocrx_word' id='word_1_583' title='bbox 1088 4580 1232 4633; x_wconf 92' lang='lat' dir='ltr'><strong>illam</strong></span> <span class='ocrx_word' id='word_1_584' title='bbox 1258 4589 1401 4643; x_wconf 87' lang='lat' dir='ltr'><strong>erat,</strong></span> <span class='ocrx_word' id='word_1_585' title='bbox 1433 4580 1732 4648; x_wconf 85' lang='lat' dir='ltr'><strong>pulverem,</strong></span> <span class='ocrx_word' id='word_1_586' title='bbox 1766 4594 1875 4648; x_wconf 90' lang='lat' dir='ltr'><strong>quo</strong></span> <span class='ocrx_word' id='word_1_587' title='bbox 1911 4580 2020 4634; x_wconf 80' lang='lat' dir='ltr'><strong>cir-</strong></span> 
     </span>
    </p>
   </div>
   <div class='ocr_carea' id='block_1_79' title="bbox 447 4672 2018 4744">
    <p class='ocr_par' dir='ltr' id='par_1_79' title="bbox 447 4672 2018 4744">
     <span class='ocr_line' id='line_1_79' title="bbox 447 4672 2018 4744; baseline -0.001 -17"><span class='ocrx_word' id='word_1_588' title='bbox 447 4688 791 4744; x_wconf 81' lang='lat' dir='ltr'><strong>cumquaque</strong></span> <span class='ocrx_word' id='word_1_589' title='bbox 823 4687 1068 4741; x_wconf 87' lang='lat' dir='ltr'><strong>respersa</strong></span> <span class='ocrx_word' id='word_1_590' title='bbox 1117 4681 1256 4736; x_wconf 87' lang='lat' dir='ltr'><strong>erat,</strong></span> <span class='ocrx_word' id='word_1_591' title='bbox 1294 4672 1606 4741; x_wconf 83' lang='lat' dir='ltr'><strong>abstergere</strong></span> <span class='ocrx_word' id='word_1_592' title='bbox 1630 4711 1645 4735; x_wconf 90' lang='lat'><strong>,</strong></span> <span class='ocrx_word' id='word_1_593' title='bbox 1676 4680 1748 4733; x_wconf 84' lang='lat' dir='ltr'><strong>et</strong></span> <span class='ocrx_word' id='word_1_594' title='bbox 1795 4687 1824 4725; x_wconf 90' lang='lat' dir='ltr'><strong>a</strong></span> <span class='ocrx_word' id='word_1_595' title='bbox 1862 4673 2018 4726; x_wconf 83' lang='lat' dir='ltr'><strong>ruina</strong></span> 
     </span>
    </p>
   </div>
   <div class='ocr_carea' id='block_1_80' title="bbox 445 4764 2018 4837">
    <p class='ocr_par' dir='ltr' id='par_1_80' title="bbox 445 4764 2018 4837">
     <span class='ocr_line' id='line_1_80' title="bbox 445 4764 2018 4837; baseline -0.003 -16"><span class='ocrx_word' id='word_1_596' title='bbox 445 4784 566 4837; x_wconf 67' lang='lat' dir='ltr'><strong>qua:</strong></span> <span class='ocrx_word' id='word_1_597' title='bbox 592 4767 691 4822; x_wconf 86' lang='lat' dir='ltr'><strong>sibi</strong></span> <span class='ocrx_word' id='word_1_598' title='bbox 739 4766 1078 4833; x_wconf 87' lang='lat' dir='ltr'><strong>contigerat,</strong></span> <span class='ocrx_word' id='word_1_599' title='bbox 1102 4778 1379 4835; x_wconf 88' lang='lat' dir='ltr'><strong>emergere</strong></span> <span class='ocrx_word' id='word_1_600' title='bbox 1400 4804 1417 4831; x_wconf 89' lang='lat'><strong>,</strong></span> <span class='ocrx_word' id='word_1_601' title='bbox 1453 4766 1836 4835; x_wconf 87' lang='lat' dir='ltr'><strong>vinculumque</strong></span> <span class='ocrx_word' id='word_1_602' title='bbox 1879 4764 2018 4819; x_wconf 92' lang='lat' dir='ltr'><strong>collo</strong></span> 
     </span>
    </p>
   </div>
   <div class='ocr_carea' id='block_1_81' title="bbox 447 4858 2021 4931">
    <p class='ocr_par' dir='ltr' id='par_1_81' title="bbox 447 4858 2021 4931">
     <span class='ocr_line' id='line_1_81' title="bbox 447 4858 2021 4931; baseline -0.001 -18"><span class='ocrx_word' id='word_1_603' title='bbox 447 4877 546 4914; x_wconf 88' lang='lat' dir='ltr'><strong>suo</strong></span> <span class='ocrx_word' id='word_1_604' title='bbox 564 4860 873 4931; x_wconf 87' lang='lat' dir='ltr'><strong>impositum</strong></span> <span class='ocrx_word' id='word_1_605' title='bbox 905 4858 1149 4921; x_wconf 87' lang='lat' dir='ltr'><strong>solvere;</strong></span> <span class='ocrx_word' id='word_1_606' title='bbox 1177 4873 1283 4925; x_wconf 90' lang='lat' dir='ltr'><strong>quo</strong></span> <span class='ocrx_word' id='word_1_607' title='bbox 1308 4873 1409 4913; x_wconf 92' lang='lat' dir='ltr'><strong>ceu</strong></span> <span class='ocrx_word' id='word_1_608' title='bbox 1439 4859 1633 4928; x_wconf 89' lang='lat' dir='ltr'><strong>laqueo</strong></span> <span class='ocrx_word' id='word_1_609' title='bbox 1666 4860 1902 4912; x_wconf 86' lang='lat' dir='ltr'><strong>animam</strong></span> <span class='ocrx_word' id='word_1_610' title='bbox 1928 4872 2021 4911; x_wconf 91' lang='lat' dir='ltr'><strong>ca-</strong></span> 
     </span>
    </p>
   </div>
   <div class='ocr_carea' id='block_1_82' title="bbox 447 4951 2019 5023">
    <p class='ocr_par' dir='ltr' id='par_1_82' title="bbox 447 4951 2019 5023">
     <span class='ocr_line' id='line_1_82' title="bbox 447 4951 2019 5023; baseline -0.001 -17"><span class='ocrx_word' id='word_1_611' title='bbox 447 4954 591 5008; x_wconf 90' lang='lat' dir='ltr'><strong>tenis</strong></span> <span class='ocrx_word' id='word_1_612' title='bbox 650 4960 1002 5022; x_wconf 84' lang='lat' dir='ltr'><strong>peccaturum</strong></span> <span class='ocrx_word' id='word_1_613' title='bbox 1058 4951 1419 5023; x_wconf 88' lang='lat' dir='ltr'><strong>alligaverant</strong></span> <span class='ocrx_word' id='word_1_614' title='bbox 1481 4952 1808 5007; x_wconf 65' lang='lat' dir='ltr'><strong>adversariae</strong></span> <span class='ocrx_word' id='word_1_615' title='bbox 1865 4960 2019 5022; x_wconf 83' lang='lat' dir='ltr'><strong>pote-</strong></span> 
     </span>
    </p>
   </div>
   <div class='ocr_carea' id='block_1_83' title="bbox 444 5056 636 5101">
    <p class='ocr_par' dir='ltr' id='par_1_83' title="bbox 444 5056 636 5101">
     <span class='ocr_line' id='line_1_83' title="bbox 444 5056 636 5101; baseline 0.01 -2"><span class='ocrx_word' id='word_1_616' title='bbox 444 5056 636 5101; x_wconf 87' lang='lat' dir='ltr'><strong>states.</strong></span> 
     </span>
    </p>
   </div>
   <div class='ocr_carea' id='block_1_84' title="bbox 518 5179 2016 5250">
    <p class='ocr_par' dir='ltr' id='par_1_84' title="bbox 518 5179 2016 5250">
     <span class='ocr_line' id='line_1_84' title="bbox 518 5179 2016 5250; baseline -0.002 -14"><span class='ocrx_word' id='word_1_617' title='bbox 518 5182 679 5238; x_wconf 74' lang='lat' dir='ltr'><strong>Vsus.</strong></span> <span class='ocrx_word' id='word_1_618' title='bbox 709 5184 763 5246; x_wconf 78' lang='lat'><strong>5,</strong></span> <span class='ocrx_word' id='word_1_619' title='bbox 795 5182 850 5238; x_wconf 72' lang='grc'>4.</span> <span class='ocrx_word' id='word_1_620' title='bbox 883 5200 901 5234; x_wconf 85' lang='grc' dir='ltr'><strong>ι</strong></span> <span class='ocrx_word' id='word_1_621' title='bbox 937 5181 1203 5250; x_wconf 85' lang='lat' dir='ltr'><strong>Quoniam</strong></span> <span class='ocrx_word' id='word_1_622' title='bbox 1232 5181 1349 5237; x_wconf 59' lang='lat' dir='ltr'><strong>haec</strong></span> <span class='ocrx_word' id='word_1_623' title='bbox 1376 5180 1504 5236; x_wconf 89' lang='lat' dir='ltr'><strong>dicit</strong></span> <span class='ocrx_word' id='word_1_624' title='bbox 1538 5180 1841 5236; x_wconf 89' lang='lat' dir='ltr'><strong>Dominus:</strong></span> <span class='ocrx_word' id='word_1_625' title='bbox 1875 5179 2016 5236; x_wconf 81' lang='lat' dir='ltr'><strong>Grn-</strong></span> 
     </span>
    </p>
   </div>
   <div class='ocr_carea' id='block_1_85' title="bbox 444 5273 2012 5344">
    <p class='ocr_par' dir='ltr' id='par_1_85' title="bbox 444 5273 2012 5344">
     <span class='ocr_line' id='line_1_85' title="bbox 444 5273 2012 5344; baseline -0.001 -16"><span class='ocrx_word' id='word_1_626' title='bbox 444 5275 514 5329; x_wconf 91' lang='lat' dir='ltr'><strong>tis</strong></span> <span class='ocrx_word' id='word_1_627' title='bbox 553 5276 861 5331; x_wconf 87' lang='lat' dir='ltr'><strong>venumdati</strong></span> <span class='ocrx_word' id='word_1_628' title='bbox 911 5276 1087 5339; x_wconf 82' lang='lat' dir='ltr'><strong>estis.</strong></span> <span class='ocrx_word' id='word_1_629' title='bbox 1137 5283 1192 5329; x_wconf 88' lang='lat' dir='ltr'><strong>et</strong></span> <span class='ocrx_word' id='word_1_630' title='bbox 1246 5275 1363 5329; x_wconf 86' lang='lat' dir='ltr'><strong>sine</strong></span> <span class='ocrx_word' id='word_1_631' title='bbox 1393 5282 1619 5344; x_wconf 86' lang='lat' dir='ltr'><strong>argento</strong></span> <span class='ocrx_word' id='word_1_632' title='bbox 1651 5273 2012 5329; x_wconf 88' lang='lat' dir='ltr'><strong>redimemiui.</strong></span> 
     </span>
    </p>
   </div>
   <div class='ocr_carea' id='block_1_86' title="bbox 2136 3159 2640 3218">
    <p class='ocr_par' dir='ltr' id='par_1_86' title="bbox 2136 3159 2640 3218">
     <span class='ocr_line' id='line_1_86' title="bbox 2136 3159 2640 3218; baseline 0.008 -6"><span class='ocrx_word' id='word_1_633' title='bbox 2136 3159 2231 3213; x_wconf 75' lang='grc' dir='ltr'>καὶ</span> <span class='ocrx_word' id='word_1_634' title='bbox 2260 3160 2640 3218; x_wconf 80' lang='grc' dir='ltr'>ὑποτέτακται.</span> 
     </span>
    </p>
   </div>
   <div class='ocr_carea' id='block_1_87' title="bbox 2646 3253 3204 3312">
    <p class='ocr_par' dir='ltr' id='par_1_87' title="bbox 2646 3253 3204 3312">
     <span class='ocr_line' id='line_1_87' title="bbox 2646 3253 3204 3312; baseline 0.007 -4"><span class='ocrx_word' id='word_1_635' title='bbox 2646 3253 3042 3312; x_wconf 79' lang='grc' dir='ltr'><strong>ΚΕΦΑΛΑΙΟΝ</strong></span> <span class='ocrx_word' id='word_1_636' title='bbox 3078 3257 3204 3312; x_wconf 89' lang='lat' dir='ltr'><strong>NB&#39;.</strong></span> 
     </span>
    </p>
   </div>
   <div class='ocr_carea' id='block_1_88' title="bbox 2207 3341 3718 3423">
    <p class='ocr_par' dir='ltr' id='par_1_88' title="bbox 2207 3341 3718 3423">
     <span class='ocr_line' id='line_1_88' title="bbox 2207 3341 3718 3423; baseline 0.009 -31"><span class='ocrx_word' id='word_1_637' title='bbox 2207 3357 2228 3391; x_wconf 81' lang='grc' dir='ltr'><strong>ι</strong></span> <span class='ocrx_word' id='word_1_638' title='bbox 2275 3341 2599 3414; x_wconf 83' lang='grc' dir='ltr'>Ἐξεγείρου,</span> <span class='ocrx_word' id='word_1_639' title='bbox 2628 3341 2926 3416; x_wconf 81' lang='grc' dir='ltr'>ὲξεγείρου,</span> <span class='ocrx_word' id='word_1_640' title='bbox 2959 3345 3096 3399; x_wconf 87' lang='grc' dir='ltr'>Σιών</span> <span class='ocrx_word' id='word_1_641' title='bbox 3120 3363 3134 3377; x_wconf 73' lang='grc' dir='ltr'><strong>ο</strong></span> <span class='ocrx_word' id='word_1_642' title='bbox 3180 3346 3394 3402; x_wconf 76' lang='grc' dir='ltr'>ἔνδυσαι</span> <span class='ocrx_word' id='word_1_643' title='bbox 3420 3348 3524 3421; x_wconf 83' lang='grc' dir='ltr'><strong>τὴν</strong></span> <span class='ocrx_word' id='word_1_644' title='bbox 3560 3351 3718 3423; x_wconf 74' lang='grc' dir='ltr'>ἰσχύν</span> 
     </span>
    </p>
   </div>
   <div class='ocr_carea' id='block_1_89' title="bbox 2135 3434 3716 3514">
    <p class='ocr_par' dir='ltr' id='par_1_89' title="bbox 2135 3434 3716 3514">
     <span class='ocr_line' id='line_1_89' title="bbox 2135 3434 3716 3514; baseline 0.009 -30"><span class='ocrx_word' id='word_1_645' title='bbox 2135 3447 2250 3500; x_wconf 79' lang='grc' dir='ltr'>σου,</span> <span class='ocrx_word' id='word_1_646' title='bbox 2282 3434 2453 3487; x_wconf 71' lang='grc' dir='ltr'>Σιών*</span> <span class='ocrx_word' id='word_1_647' title='bbox 2480 3437 2576 3490; x_wconf 62' lang='grc' dir='ltr'><strong>καλ¹</strong></span> <span class='ocrx_word' id='word_1_648' title='bbox 2602 3436 2667 3489; x_wconf 82' lang='grc' dir='ltr'><strong>σὺ</strong></span> <span class='ocrx_word' id='word_1_649' title='bbox 2701 3436 2916 3491; x_wconf 75' lang='grc' dir='ltr'>ἔνδυσαι</span> <span class='ocrx_word' id='word_1_650' title='bbox 2939 3438 3039 3509; x_wconf 86' lang='grc' dir='ltr'><strong>τὴν</strong></span> <span class='ocrx_word' id='word_1_651' title='bbox 3064 3437 3221 3506; x_wconf 75' lang='grc' dir='ltr'>δόξαν</span> <span class='ocrx_word' id='word_1_652' title='bbox 3262 3458 3375 3507; x_wconf 91' lang='grc' dir='ltr'>σου,</span> <span class='ocrx_word' id='word_1_653' title='bbox 3438 3442 3716 3514; x_wconf 79' lang='grc' dir='ltr'>Ἰερουσα-</span> 
     </span>
    </p>
   </div>
   <div class='ocr_carea' id='block_1_90' title="bbox 2131 3523 3717 3603">
    <p class='ocr_par' dir='ltr' id='par_1_90' title="bbox 2131 3523 3717 3603">
     <span class='ocr_line' id='line_1_90' title="bbox 2131 3523 3717 3603; baseline 0.009 -27"><span class='ocrx_word' id='word_1_654' title='bbox 2131 3523 2263 3596; x_wconf 80' lang='grc' dir='ltr'>λὴμ,</span> <span class='ocrx_word' id='word_1_655' title='bbox 2286 3525 2438 3590; x_wconf 89' lang='grc' dir='ltr'>πόλις</span> <span class='ocrx_word' id='word_1_656' title='bbox 2462 3528 2495 3597; x_wconf 81' lang='grc' dir='ltr'><strong>ἡ</strong></span> <span class='ocrx_word' id='word_1_657' title='bbox 2523 3527 2675 3597; x_wconf 85' lang='grc' dir='ltr'>ἁγία.</span> <span class='ocrx_word' id='word_1_658' title='bbox 2697 3529 2895 3583; x_wconf 83' lang='grc' dir='ltr'>Οὐκέτι</span> <span class='ocrx_word' id='word_1_659' title='bbox 2920 3530 3348 3603; x_wconf 84' lang='grc' dir='ltr'>προστεθήσεται</span> <span class='ocrx_word' id='word_1_660' title='bbox 3370 3534 3600 3591; x_wconf 86' lang='grc' dir='ltr'>διελθεῖν</span> <span class='ocrx_word' id='word_1_661' title='bbox 3624 3537 3717 3591; x_wconf 84' lang='grc' dir='ltr'><strong>διά</strong></span> 
     </span>
    </p>
   </div>
   <div class='ocr_carea' id='block_1_91' title="bbox 2133 3616 3714 3699">
    <p class='ocr_par' dir='ltr' id='par_1_91' title="bbox 2133 3616 3714 3699">
     <span class='ocr_line' id='line_1_91' title="bbox 2133 3616 3714 3699; baseline 0.008 -29"><span class='ocrx_word' id='word_1_662' title='bbox 2133 3616 2228 3670; x_wconf 90' lang='grc' dir='ltr'><strong>σοῦ</strong></span> <span class='ocrx_word' id='word_1_663' title='bbox 2269 3619 2642 3690; x_wconf 84' lang='grc' dir='ltr'>ἀπερίτμητος</span> <span class='ocrx_word' id='word_1_664' title='bbox 2680 3621 2776 3674; x_wconf 79' lang='grc' dir='ltr'><strong>καὶ</strong></span> <span class='ocrx_word' id='word_1_665' title='bbox 2809 3622 3137 3693; x_wconf 81' lang='grc' dir='ltr'>ἀκάθαρτος.</span> <span class='ocrx_word' id='word_1_666' title='bbox 3185 3642 3205 3676; x_wconf 72' lang='grc' dir='ltr'><strong>ι</strong></span> <span class='ocrx_word' id='word_1_667' title='bbox 3245 3625 3398 3696; x_wconf 84' lang='grc' dir='ltr'>Ἔχει</span> <span class='ocrx_word' id='word_1_668' title='bbox 3439 3627 3549 3699; x_wconf 82' lang='grc' dir='ltr'><strong>γάρ</strong></span> <span class='ocrx_word' id='word_1_669' title='bbox 3590 3645 3714 3682; x_wconf 76' lang='grc' dir='ltr'>τινα</span> 
     </span>
    </p>
   </div>
   <div class='ocr_carea' id='block_1_92' title="bbox 2134 3709 3711 3790">
    <p class='ocr_par' dir='ltr' id='par_1_92' title="bbox 2134 3709 3711 3790">
     <span class='ocr_line' id='line_1_92' title="bbox 2134 3709 3711 3790; baseline 0.01 -30"><span class='ocrx_word' id='word_1_670' title='bbox 2134 3710 2397 3782; x_wconf 83' lang='grc' dir='ltr'>μεγίστην</span> <span class='ocrx_word' id='word_1_671' title='bbox 2421 3709 2647 3782; x_wconf 76' lang='grc' dir='ltr'>δύναμιν</span> <span class='ocrx_word' id='word_1_672' title='bbox 2670 3713 2765 3767; x_wconf 74' lang='grc' dir='ltr'><strong>καὶ</strong></span> <span class='ocrx_word' id='word_1_673' title='bbox 2802 3714 2954 3784; x_wconf 73' lang='grc' dir='ltr'>ίτχὺν</span> <span class='ocrx_word' id='word_1_674' title='bbox 2986 3717 3020 3787; x_wconf 87' lang='grc' dir='ltr'><strong>ή</strong></span> <span class='ocrx_word' id='word_1_675' title='bbox 3051 3717 3241 3788; x_wconf 79' lang='grc' dir='ltr'>λογικὴ</span> <span class='ocrx_word' id='word_1_676' title='bbox 3272 3717 3454 3790; x_wconf 81' lang='grc' dir='ltr'>ψυχὴ,</span> <span class='ocrx_word' id='word_1_677' title='bbox 3498 3722 3594 3775; x_wconf 76' lang='grc' dir='ltr'>καὶ</span> <span class='ocrx_word' id='word_1_678' title='bbox 3620 3722 3711 3775; x_wconf 84' lang='grc' dir='ltr'>δό-</span> 
     </span>
    </p>
   </div>
   <div class='ocr_carea' id='block_1_93' title="bbox 2131 3798 3711 3887">
    <p class='ocr_par' dir='ltr' id='par_1_93' title="bbox 2131 3798 3711 3887">
     <span class='ocr_line' id='line_1_93' title="bbox 2131 3798 3711 3887; baseline 0.009 -33"><span class='ocrx_word' id='word_1_679' title='bbox 2131 3802 2227 3869; x_wconf 82' lang='grc' dir='ltr'><strong>ξαν</strong></span> <span class='ocrx_word' id='word_1_680' title='bbox 2248 3803 2360 3874; x_wconf 74' lang='grc' dir='ltr'>ἔχει</span> <span class='ocrx_word' id='word_1_681' title='bbox 2389 3798 2652 3876; x_wconf 79' lang='grc' dir='ltr'>μεγάλην,</span> <span class='ocrx_word' id='word_1_682' title='bbox 2682 3806 2777 3860; x_wconf 81' lang='grc' dir='ltr'><strong>άτε</strong></span> <span class='ocrx_word' id='word_1_683' title='bbox 2805 3809 2925 3861; x_wconf 86' lang='grc' dir='ltr'>κατ’</span> <span class='ocrx_word' id='word_1_684' title='bbox 2955 3808 3140 3863; x_wconf 88' lang='grc' dir='ltr'>είκόνα</span> <span class='ocrx_word' id='word_1_685' title='bbox 3175 3809 3269 3863; x_wconf 87' lang='grc' dir='ltr'><strong>τοῦ</strong></span> <span class='ocrx_word' id='word_1_686' title='bbox 3310 3810 3444 3864; x_wconf 87' lang='grc' dir='ltr'>Θεοῦ</span> <span class='ocrx_word' id='word_1_687' title='bbox 3478 3830 3711 3887; x_wconf 76' lang='grc' dir='ltr'>πεποιηο</span> 
     </span>
    </p>
   </div>
   <div class='ocr_carea' id='block_1_94' title="bbox 2133 3893 3713 3973">
    <p class='ocr_par' dir='ltr' id='par_1_94' title="bbox 2133 3893 3713 3973">
     <span class='ocr_line' id='line_1_94' title="bbox 2133 3893 3713 3973; baseline 0.009 -27"><span class='ocrx_word' id='word_1_688' title='bbox 2133 3893 2290 3964; x_wconf 83' lang='grc' dir='ltr'>μένη,</span> <span class='ocrx_word' id='word_1_689' title='bbox 2330 3896 2426 3949; x_wconf 63' lang='grc' dir='ltr'><strong>καλ⁵</strong></span> <span class='ocrx_word' id='word_1_690' title='bbox 2455 3896 2814 3952; x_wconf 76' lang='grc' dir='ltr'>ἐπαναλαϐεῖν</span> <span class='ocrx_word' id='word_1_691' title='bbox 2844 3899 3015 3971; x_wconf 80' lang='grc' dir='ltr'>αὐτὴν</span> <span class='ocrx_word' id='word_1_692' title='bbox 3043 3900 3289 3971; x_wconf 83' lang='grc' dir='ltr'>βούλεται</span> <span class='ocrx_word' id='word_1_693' title='bbox 3328 3902 3425 3956; x_wconf 79' lang='grc' dir='ltr'>καὶ</span> <span class='ocrx_word' id='word_1_694' title='bbox 3467 3905 3713 3973; x_wconf 71' lang='grc' dir='ltr'>γενέσθαι</span> 
     </span>
    </p>
   </div>
   <div class='ocr_carea' id='block_1_95' title="bbox 2129 3983 3710 4069">
    <p class='ocr_par' dir='ltr' id='par_1_95' title="bbox 2129 3983 3710 4069">
     <span class='ocr_line' id='line_1_95' title="bbox 2129 3983 3710 4069; baseline 0.009 -34"><span class='ocrx_word' id='word_1_695' title='bbox 2129 3983 2285 4037; x_wconf 86' lang='grc' dir='ltr'>πόλιν</span> <span class='ocrx_word' id='word_1_696' title='bbox 2317 3986 2478 4054; x_wconf 86' lang='grc' dir='ltr'>ἁγίαν</span> <span class='ocrx_word' id='word_1_697' title='bbox 2498 4003 2510 4016; x_wconf 88' lang='grc'><strong>·</strong></span> <span class='ocrx_word' id='word_1_698' title='bbox 2547 3987 2623 4050; x_wconf 84' lang='grc' dir='ltr'><strong>ὡς</strong></span> <span class='ocrx_word' id='word_1_699' title='bbox 2648 3989 2845 4058; x_wconf 88' lang='grc' dir='ltr'>μηκέτι</span> <span class='ocrx_word' id='word_1_700' title='bbox 2876 3988 3170 4043; x_wconf 87' lang='grc' dir='ltr'>διαϐαίνειν</span> <span class='ocrx_word' id='word_1_701' title='bbox 3206 3991 3273 4045; x_wconf 91' lang='grc' dir='ltr'>δι’</span> <span class='ocrx_word' id='word_1_702' title='bbox 3314 3993 3487 4065; x_wconf 80' lang='grc' dir='ltr'>αὐτῆς</span> <span class='ocrx_word' id='word_1_703' title='bbox 3516 3996 3710 4069; x_wconf 86' lang='grc' dir='ltr'>ἀπερί-</span> 
     </span>
    </p>
   </div>
   <div class='ocr_carea' id='block_1_96' title="bbox 2127 4077 3709 4160">
    <p class='ocr_par' dir='ltr' id='par_1_96' title="bbox 2127 4077 3709 4160">
     <span class='ocr_line' id='line_1_96' title="bbox 2127 4077 3709 4160; baseline 0.01 -34"><span class='ocrx_word' id='word_1_704' title='bbox 2127 4090 2351 4144; x_wconf 87' lang='grc' dir='ltr'>τμητον,</span> <span class='ocrx_word' id='word_1_705' title='bbox 2374 4077 2509 4147; x_wconf 82' lang='grc' dir='ltr'>μηδὲ</span> <span class='ocrx_word' id='word_1_706' title='bbox 2528 4078 2854 4151; x_wconf 79' lang='grc' dir='ltr'>ἀκάθαρτον.</span> <span class='ocrx_word' id='word_1_707' title='bbox 2894 4081 2992 4134; x_wconf 77' lang='grc' dir='ltr'>Διά</span> <span class='ocrx_word' id='word_1_708' title='bbox 3026 4081 3124 4152; x_wconf 85' lang='grc' dir='ltr'>μὲν</span> <span class='ocrx_word' id='word_1_709' title='bbox 3156 4078 3248 4137; x_wconf 73' lang='grc' dir='ltr'>οὖν</span> <span class='ocrx_word' id='word_1_710' title='bbox 3275 4083 3370 4138; x_wconf 91' lang='grc' dir='ltr'><strong>τοῦ</strong></span> <span class='ocrx_word' id='word_1_711' title='bbox 3398 4086 3709 4160; x_wconf 86' lang='grc' dir='ltr'>άπεριτμή-</span> 
     </span>
    </p>
   </div>
   <div class='ocr_carea' id='block_1_97' title="bbox 2124 4166 3706 4248">
    <p class='ocr_par' dir='ltr' id='par_1_97' title="bbox 2124 4166 3706 4248">
     <span class='ocr_line' id='line_1_97' title="bbox 2124 4166 3706 4248; baseline 0.012 -30"><span class='ocrx_word' id='word_1_712' title='bbox 2124 4183 2218 4219; x_wconf 83' lang='grc' dir='ltr'><strong>του</strong></span> <span class='ocrx_word' id='word_1_713' title='bbox 2252 4166 2341 4221; x_wconf 85' lang='grc' dir='ltr'>τὸν</span> <span class='ocrx_word' id='word_1_714' title='bbox 2366 4168 2660 4241; x_wconf 85' lang='grc' dir='ltr'>ἀλλόφυλον</span> <span class='ocrx_word' id='word_1_715' title='bbox 2687 4173 2780 4226; x_wconf 74' lang='grc' dir='ltr'><strong>καὶ</strong></span> <span class='ocrx_word' id='word_1_716' title='bbox 2815 4173 3073 4247; x_wconf 79' lang='grc' dir='ltr'>ἀλλογενῆ</span> <span class='ocrx_word' id='word_1_717' title='bbox 3098 4177 3369 4248; x_wconf 82' lang='grc' dir='ltr'>σημαίνει,</span> <span class='ocrx_word' id='word_1_718' title='bbox 3399 4178 3489 4234; x_wconf 77' lang='grc' dir='ltr'>διὰ</span> <span class='ocrx_word' id='word_1_719' title='bbox 3521 4181 3580 4236; x_wconf 84' lang='grc' dir='ltr'>δὲ</span> <span class='ocrx_word' id='word_1_720' title='bbox 3613 4182 3706 4236; x_wconf 85' lang='grc' dir='ltr'><strong>τοῦ</strong></span> 
     </span>
    </p>
   </div>
   <div class='ocr_carea' id='block_1_98' title="bbox 2124 4260 3031 4339">
    <p class='ocr_par' dir='ltr' id='par_1_98' title="bbox 2124 4260 3031 4339">
     <span class='ocr_line' id='line_1_98' title="bbox 2124 4260 3031 4339; baseline 0.009 -25"><span class='ocrx_word' id='word_1_721' title='bbox 2124 4260 2459 4334; x_wconf 85' lang='grc' dir='ltr'>ἀκαθάρτου,</span> <span class='ocrx_word' id='word_1_722' title='bbox 2492 4263 2585 4316; x_wconf 83' lang='grc' dir='ltr'><strong>τὸν</strong></span> <span class='ocrx_word' id='word_1_723' title='bbox 2617 4264 3031 4339; x_wconf 86' lang='grc' dir='ltr'>είδωλολάτρην.</span> 
     </span>
    </p>
   </div>
   <div class='ocr_carea' id='block_1_99' title="bbox 2204 4397 3704 4477">
    <p class='ocr_par' dir='ltr' id='par_1_99' title="bbox 2204 4397 3704 4477">
     <span class='ocr_line' id='line_1_99' title="bbox 2204 4397 3704 4477; baseline 0.009 -28"><span class='ocrx_word' id='word_1_724' title='bbox 2204 4417 2223 4450; x_wconf 77' lang='grc' dir='ltr'><strong>ι</strong></span> <span class='ocrx_word' id='word_1_725' title='bbox 2273 4397 2579 4464; x_wconf 80' lang='grc' dir='ltr'>Ἐκτίναξαι</span> <span class='ocrx_word' id='word_1_726' title='bbox 2632 4399 2724 4455; x_wconf 83' lang='grc' dir='ltr'><strong>τόν</strong></span> <span class='ocrx_word' id='word_1_727' title='bbox 2759 4402 2907 4474; x_wconf 89' lang='grc' dir='ltr'>χοῦν,</span> <span class='ocrx_word' id='word_1_728' title='bbox 2956 4406 3051 4459; x_wconf 74' lang='grc' dir='ltr'><strong>καὶ</strong></span> <span class='ocrx_word' id='word_1_729' title='bbox 3118 4406 3413 4477; x_wconf 72' lang='grc' dir='ltr'>ἀνάστηθιο</span> <span class='ocrx_word' id='word_1_730' title='bbox 3457 4408 3704 4475; x_wconf 69' lang='grc' dir='ltr'>κάθισον,</span> 
     </span>
    </p>
   </div>
   <div class='ocr_carea' id='block_1_100' title="bbox 2139 4492 3703 4571">
    <p class='ocr_par' dir='ltr' id='par_1_100' title="bbox 2139 4492 3703 4571">
     <span class='ocr_line' id='line_1_100' title="bbox 2139 4492 3703 4571; baseline 0.008 -27"><span class='ocrx_word' id='word_1_731' title='bbox 2139 4492 2511 4564; x_wconf 80' lang='grc' dir='ltr'>Ἰερουσαλὴμ,</span> <span class='ocrx_word' id='word_1_732' title='bbox 2546 4492 2765 4548; x_wconf 80' lang='grc' dir='ltr'>ἓκδυσαι</span> <span class='ocrx_word' id='word_1_733' title='bbox 2794 4496 2884 4550; x_wconf 74' lang='grc' dir='ltr'><strong>τὸν</strong></span> <span class='ocrx_word' id='word_1_734' title='bbox 2912 4496 3109 4569; x_wconf 80' lang='grc' dir='ltr'>δεσμὸν</span> <span class='ocrx_word' id='word_1_735' title='bbox 3142 4498 3234 4552; x_wconf 84' lang='grc' dir='ltr'><strong>τοῦ</strong></span> <span class='ocrx_word' id='word_1_736' title='bbox 3274 4499 3548 4571; x_wconf 82' lang='grc' dir='ltr'>τραχήλου</span> <span class='ocrx_word' id='word_1_737' title='bbox 3589 4519 3703 4568; x_wconf 83' lang='grc' dir='ltr'>σου,</span> 
     </span>
    </p>
   </div>
   <div class='ocr_carea' id='block_1_101' title="bbox 2124 4583 3706 4668">
    <p class='ocr_par' dir='ltr' id='par_1_101' title="bbox 2124 4583 3706 4668">
     <span class='ocr_line' id='line_1_101' title="bbox 2124 4583 3706 4668; baseline 0.009 -33"><span class='ocrx_word' id='word_1_738' title='bbox 2124 4585 2157 4655; x_wconf 83' lang='grc' dir='ltr'>ὴ</span> <span class='ocrx_word' id='word_1_739' title='bbox 2190 4583 2535 4654; x_wconf 75' lang='grc' dir='ltr'>αἰχμάλωτος</span> <span class='ocrx_word' id='word_1_740' title='bbox 2565 4583 2811 4659; x_wconf 82' lang='grc' dir='ltr'>θυγάτηρ</span> <span class='ocrx_word' id='word_1_741' title='bbox 2834 4588 2990 4643; x_wconf 86' lang='grc' dir='ltr'>Σιών.</span> <span class='ocrx_word' id='word_1_742' title='bbox 3040 4609 3060 4644; x_wconf 69' lang='grc' dir='ltr'><strong>ι</strong></span> <span class='ocrx_word' id='word_1_743' title='bbox 3107 4592 3225 4644; x_wconf 80' lang='grc' dir='ltr'>Ἐπ’</span> <span class='ocrx_word' id='word_1_744' title='bbox 3250 4592 3385 4664; x_wconf 74' lang='grc' dir='ltr'>αὐτῇ</span> <span class='ocrx_word' id='word_1_745' title='bbox 3417 4593 3526 4664; x_wconf 76' lang='grc' dir='ltr'>γὰρ</span> <span class='ocrx_word' id='word_1_746' title='bbox 3548 4591 3617 4668; x_wconf 78' lang='grc' dir='ltr'>ἦν</span> <span class='ocrx_word' id='word_1_747' title='bbox 3644 4596 3706 4649; x_wconf 70' lang='grc' dir='ltr'>τὸ</span> 
     </span>
    </p>
   </div>
   <div class='ocr_carea' id='block_1_102' title="bbox 2125 4672 3703 4756">
    <p class='ocr_par' dir='ltr' id='par_1_102' title="bbox 2125 4672 3703 4756">
     <span class='ocr_line' id='line_1_102' title="bbox 2125 4672 3703 4756; baseline 0.011 -32"><span class='ocrx_word' id='word_1_748' title='bbox 2125 4672 2530 4744; x_wconf 79' lang='grc' dir='ltr'>ἀποτρίψασθαι</span> <span class='ocrx_word' id='word_1_749' title='bbox 2576 4677 2667 4730; x_wconf 87' lang='grc' dir='ltr'><strong>τὸν</strong></span> <span class='ocrx_word' id='word_1_750' title='bbox 2712 4679 3148 4750; x_wconf 86' lang='grc' dir='ltr'>περιπλασθέντα</span> <span class='ocrx_word' id='word_1_751' title='bbox 3202 4681 3338 4756; x_wconf 76' lang='grc' dir='ltr'>αὐτῇ</span> <span class='ocrx_word' id='word_1_752' title='bbox 3389 4683 3551 4755; x_wconf 87' lang='grc' dir='ltr'>χοῦν,</span> <span class='ocrx_word' id='word_1_753' title='bbox 3606 4689 3703 4741; x_wconf 76' lang='grc' dir='ltr'><strong>καὶ</strong></span> 
     </span>
    </p>
   </div>
   <div class='ocr_carea' id='block_1_103' title="bbox 2124 4763 3703 4844">
    <p class='ocr_par' dir='ltr' id='par_1_103' title="bbox 2124 4763 3703 4844">
     <span class='ocr_line' id='line_1_103' title="bbox 2124 4763 3703 4844; baseline 0.01 -27"><span class='ocrx_word' id='word_1_754' title='bbox 2124 4763 2470 4836; x_wconf 82' lang='grc' dir='ltr'>διαναστῆναι</span> <span class='ocrx_word' id='word_1_755' title='bbox 2500 4767 2598 4837; x_wconf 82' lang='grc' dir='ltr'>τῆς</span> <span class='ocrx_word' id='word_1_756' title='bbox 2626 4769 3008 4843; x_wconf 80' lang='grc' dir='ltr'>ἐπισυμϐάσης</span> <span class='ocrx_word' id='word_1_757' title='bbox 3033 4773 3168 4844; x_wconf 78' lang='grc' dir='ltr'><strong>αὖτῇ</strong></span> <span class='ocrx_word' id='word_1_758' title='bbox 3206 4773 3486 4840; x_wconf 77' lang='grc' dir='ltr'>πτώσεως,</span> <span class='ocrx_word' id='word_1_759' title='bbox 3525 4778 3618 4830; x_wconf 70' lang='grc' dir='ltr'><strong>καὶ</strong></span> <span class='ocrx_word' id='word_1_760' title='bbox 3641 4779 3703 4833; x_wconf 70' lang='grc' dir='ltr'>τὸ</span> 
     </span>
    </p>
   </div>
   <div class='ocr_carea' id='block_1_104' title="bbox 2122 4857 3699 4941">
    <p class='ocr_par' dir='ltr' id='par_1_104' title="bbox 2122 4857 3699 4941">
     <span class='ocr_line' id='line_1_104' title="bbox 2122 4857 3699 4941; baseline 0.01 -31"><span class='ocrx_word' id='word_1_761' title='bbox 2122 4857 2351 4912; x_wconf 76' lang='grc' dir='ltr'>ἐκλῦσαι</span> <span class='ocrx_word' id='word_1_762' title='bbox 2376 4857 2467 4911; x_wconf 86' lang='grc' dir='ltr'><strong>τὸν</strong></span> <span class='ocrx_word' id='word_1_763' title='bbox 2493 4861 2813 4916; x_wconf 81' lang='grc' dir='ltr'>ἐπιτεθέντα</span> <span class='ocrx_word' id='word_1_764' title='bbox 2854 4863 2992 4936; x_wconf 77' lang='grc' dir='ltr'>αὐτῇ</span> <span class='ocrx_word' id='word_1_765' title='bbox 3023 4863 3218 4937; x_wconf 80' lang='grc' dir='ltr'>δεσμὸν</span> <span class='ocrx_word' id='word_1_766' title='bbox 3260 4865 3354 4920; x_wconf 88' lang='grc' dir='ltr'><strong>τοῦ</strong></span> <span class='ocrx_word' id='word_1_767' title='bbox 3394 4870 3699 4941; x_wconf 67' lang='grc' dir='ltr'>τραχήλοψ</span> 
     </span>
    </p>
   </div>
   <div class='ocr_carea' id='block_1_105' title="bbox 2121 4942 3702 5038">
    <p class='ocr_par' dir='ltr' id='par_1_105' title="bbox 2121 4942 3702 5038">
     <span class='ocr_line' id='line_1_105' title="bbox 2121 4942 3702 5038; baseline 0.009 -35"><span class='ocrx_word' id='word_1_768' title='bbox 2121 4942 2166 5018; x_wconf 82' lang='grc' dir='ltr'>ᾧ</span> <span class='ocrx_word' id='word_1_769' title='bbox 2193 4950 2291 5023; x_wconf 83' lang='grc' dir='ltr'>τὴν</span> <span class='ocrx_word' id='word_1_770' title='bbox 2312 4952 2493 5025; x_wconf 74' lang='grc' dir='ltr'>ψυχὴν</span> <span class='ocrx_word' id='word_1_771' title='bbox 2517 4952 2707 5027; x_wconf 82' lang='grc' dir='ltr'>ὥσπερ</span> <span class='ocrx_word' id='word_1_772' title='bbox 2735 4954 2913 5028; x_wconf 81' lang='grc' dir='ltr'>βρόχῳ</span> <span class='ocrx_word' id='word_1_773' title='bbox 2945 4958 3251 5029; x_wconf 85' lang='grc' dir='ltr'>κατέδησαν</span> <span class='ocrx_word' id='word_1_774' title='bbox 3280 4964 3487 5033; x_wconf 79' lang='grc' dir='ltr'>σειραῖς</span> <span class='ocrx_word' id='word_1_775' title='bbox 3524 4965 3702 5038; x_wconf 87' lang='grc' dir='ltr'>ἀμαρ-</span> 
     </span>
    </p>
   </div>
   <div class='ocr_carea' id='block_1_106' title="bbox 2116 5046 3035 5124">
    <p class='ocr_par' dir='ltr' id='par_1_106' title="bbox 2116 5046 3035 5124">
     <span class='ocr_line' id='line_1_106' title="bbox 2116 5046 3035 5124; baseline 0.01 -25"><span class='ocrx_word' id='word_1_776' title='bbox 2116 5046 2249 5101; x_wconf 85' lang='grc' dir='ltr'>τιῶν</span> <span class='ocrx_word' id='word_1_777' title='bbox 2281 5050 2336 5101; x_wconf 88' lang='grc' dir='ltr'>αἱ</span> <span class='ocrx_word' id='word_1_778' title='bbox 2362 5048 2730 5122; x_wconf 86' lang='grc' dir='ltr'>ἀντικείμεναι</span> <span class='ocrx_word' id='word_1_779' title='bbox 2760 5051 3035 5124; x_wconf 80' lang='grc' dir='ltr'>δυνάμεις.</span> 
     </span>
    </p>
   </div>
   <div class='ocr_carea' id='block_1_107' title="bbox 2190 5169 3696 5262">
    <p class='ocr_par' dir='ltr' id='par_1_107' title="bbox 2190 5169 3696 5262">
     <span class='ocr_line' id='line_1_107' title="bbox 2190 5169 3696 5262; baseline 0.005 -24"><span class='ocrx_word' id='word_1_780' title='bbox 2190 5203 2210 5236; x_wconf 79' lang='grc' dir='ltr'><strong>ι</strong></span> <span class='ocrx_word' id='word_1_781' title='bbox 2250 5185 2373 5239; x_wconf 88' lang='grc' dir='ltr'><strong>Ὅτι</strong></span> <span class='ocrx_word' id='word_1_782' title='bbox 2398 5187 2525 5241; x_wconf 84' lang='grc' dir='ltr'>τάδε</span> <span class='ocrx_word' id='word_1_783' title='bbox 2550 5187 2699 5256; x_wconf 84' lang='grc' dir='ltr'>λέγει</span> <span class='ocrx_word' id='word_1_784' title='bbox 2733 5169 2957 5259; x_wconf 70' lang='grc' dir='ltr'>Κύριος·</span> <span class='ocrx_word' id='word_1_785' title='bbox 2993 5189 3212 5259; x_wconf 84' lang='grc' dir='ltr'>Δωρεάν</span> <span class='ocrx_word' id='word_1_786' title='bbox 3256 5190 3557 5262; x_wconf 79' lang='grc' dir='ltr'>ὲπράθητε,</span> <span class='ocrx_word' id='word_1_787' title='bbox 3603 5191 3696 5248; x_wconf 83' lang='grc' dir='ltr'>καὶ</span> 
     </span>
    </p>
   </div>
   <div class='ocr_carea' id='block_1_108' title="bbox 2112 5273 3694 5351">
    <p class='ocr_par' dir='ltr' id='par_1_108' title="bbox 2112 5273 3694 5351">
     <span class='ocr_line' id='line_1_108' title="bbox 2112 5273 3694 5351; baseline 0.008 -26"><span class='ocrx_word' id='word_1_788' title='bbox 2112 5273 2174 5325; x_wconf 80' lang='grc' dir='ltr'><strong>οὐ</strong></span> <span class='ocrx_word' id='word_1_789' title='bbox 2206 5276 2345 5345; x_wconf 88' lang='grc' dir='ltr'><strong>μετά</strong></span> <span class='ocrx_word' id='word_1_790' title='bbox 2388 5278 2652 5349; x_wconf 86' lang='grc' dir='ltr'>ἀργυρίου</span> <span class='ocrx_word' id='word_1_791' title='bbox 2692 5278 3125 5350; x_wconf 86' lang='grc' dir='ltr'>λυτρωθήσεσθε.</span> <span class='ocrx_word' id='word_1_792' title='bbox 3171 5280 3358 5345; x_wconf 75' lang='grc' dir='ltr'>Οὕτως</span> <span class='ocrx_word' id='word_1_793' title='bbox 3403 5282 3550 5351; x_wconf 82' lang='grc' dir='ltr'>λέγει</span> <span class='ocrx_word' id='word_1_794' title='bbox 3582 5284 3694 5338; x_wconf 80' lang='grc' dir='ltr'><strong>Κύ-</strong></span> 
     </span>
    </p>
   </div>
   <div class='ocr_carea' id='block_1_109' title="bbox 443 5366 2030 5449">
    <p class='ocr_par' dir='ltr' id='par_1_109' title="bbox 443 5366 2014 5439">
     <span class='ocr_line' id='line_1_109' title="bbox 443 5366 2014 5439; baseline 0.001 -19"><span class='ocrx_word' id='word_1_795' title='bbox 443 5366 536 5421; x_wconf 89' lang='lat' dir='ltr'><strong>Sic</strong></span> <span class='ocrx_word' id='word_1_796' title='bbox 562 5369 694 5422; x_wconf 89' lang='lat' dir='ltr'><strong>dicit</strong></span> <span class='ocrx_word' id='word_1_797' title='bbox 722 5368 1015 5423; x_wconf 88' lang='lat' dir='ltr'><strong>Dominus:</strong></span> <span class='ocrx_word' id='word_1_798' title='bbox 1053 5369 1107 5422; x_wconf 91' lang='lat' dir='ltr'><strong>In</strong></span> <span class='ocrx_word' id='word_1_799' title='bbox 1143 5366 1436 5439; x_wconf 71' lang='lat' dir='ltr'><strong>Egyptnm</strong></span> <span class='ocrx_word' id='word_1_800' title='bbox 1474 5366 1753 5422; x_wconf 84' lang='lat' dir='ltr'><strong>descendit</strong></span> <span class='ocrx_word' id='word_1_801' title='bbox 1787 5366 2014 5434; x_wconf 85' lang='lat' dir='ltr'><strong>populus</strong></span> 
     </span>
    </p>
   </div>
   <div class='ocr_carea' id='block_1_110' title="bbox 2143 5366 3686 5449">
    <p class='ocr_par' dir='ltr' id='par_1_110' title="bbox 2143 5369 3686 5449">
     <span class='ocr_line' id='line_1_110' title="bbox 2143 5369 3686 5449; baseline 0.009 -32"><span class='ocrx_word' id='word_1_802' title='bbox 2143 5382 2230 5430; x_wconf 72' lang='grc' dir='ltr'>νιος</span> <span class='ocrx_word' id='word_1_803' title='bbox 2249 5385 2262 5398; x_wconf 88' lang='grc'><strong>·</strong></span> <span class='ocrx_word' id='word_1_804' title='bbox 2290 5369 2384 5432; x_wconf 80' lang='grc' dir='ltr'><strong>Εἰς</strong></span> <span class='ocrx_word' id='word_1_805' title='bbox 2420 5371 2691 5439; x_wconf 82' lang='grc' dir='ltr'>Αἴγυπτον</span> <span class='ocrx_word' id='word_1_806' title='bbox 2725 5369 2928 5441; x_wconf 84' lang='grc' dir='ltr'>κατέϐη</span> <span class='ocrx_word' id='word_1_807' title='bbox 2955 5372 2984 5424; x_wconf 94' lang='lat'><strong>6</strong></span> <span class='ocrx_word' id='word_1_808' title='bbox 3012 5372 3139 5436; x_wconf 87' lang='grc' dir='ltr'>λαός</span> <span class='ocrx_word' id='word_1_809' title='bbox 3177 5391 3279 5443; x_wconf 86' lang='grc' dir='ltr'><strong>μου</strong></span> <span class='ocrx_word' id='word_1_810' title='bbox 3318 5375 3381 5428; x_wconf 84' lang='grc' dir='ltr'>τὸ</span> <span class='ocrx_word' id='word_1_811' title='bbox 3408 5375 3686 5449; x_wconf 80' lang='grc' dir='ltr'>πρότερον,</span> 
     </span>
    </p>
   </div>
   <div class='ocr_carea' id='block_1_111' title="bbox 441 5459 2009 5529">
    <p class='ocr_par' dir='ltr' id='par_1_111' title="bbox 441 5459 2009 5529">
     <span class='ocr_line' id='line_1_111' title="bbox 441 5459 2009 5529; baseline -0.001 -15"><span class='ocrx_word' id='word_1_812' title='bbox 441 5476 594 5515; x_wconf 83' lang='lat' dir='ltr'><strong>mens</strong></span> <span class='ocrx_word' id='word_1_813' title='bbox 619 5462 784 5529; x_wconf 88' lang='lat' dir='ltr'><strong>prius,</strong></span> <span class='ocrx_word' id='word_1_814' title='bbox 822 5471 880 5516; x_wconf 88' lang='lat' dir='ltr'><strong>ut</strong></span> <span class='ocrx_word' id='word_1_815' title='bbox 909 5462 1180 5517; x_wconf 85' lang='lat' dir='ltr'><strong>habitaret</strong></span> <span class='ocrx_word' id='word_1_816' title='bbox 1209 5462 1280 5515; x_wconf 89' lang='lat' dir='ltr'><strong>ibi</strong></span> <span class='ocrx_word' id='word_1_817' title='bbox 1305 5502 1322 5525; x_wconf 95' lang='lat'><strong>,</strong></span> <span class='ocrx_word' id='word_1_818' title='bbox 1352 5470 1406 5515; x_wconf 84' lang='lat' dir='ltr'><strong>et</strong></span> <span class='ocrx_word' id='word_1_819' title='bbox 1435 5461 1487 5514; x_wconf 94' lang='lat' dir='ltr'><strong>in</strong></span> <span class='ocrx_word' id='word_1_820' title='bbox 1520 5459 1772 5529; x_wconf 84' lang='lat' dir='ltr'><strong>Assyrios</strong></span> <span class='ocrx_word' id='word_1_821' title='bbox 1801 5459 2009 5513; x_wconf 83' lang='lat' dir='ltr'><strong>violen-</strong></span> 
     </span>
    </p>
   </div>
   <div class='ocr_carea' id='block_1_112' title="bbox 442 5550 2005 5623">
    <p class='ocr_par' dir='ltr' id='par_1_112' title="bbox 442 5550 2005 5623">
     <span class='ocr_line' id='line_1_112' title="bbox 442 5550 2005 5623; baseline 0.001 -19"><span class='ocrx_word' id='word_1_822' title='bbox 442 5562 525 5605; x_wconf 88' lang='lat' dir='ltr'><strong>ter</strong></span> <span class='ocrx_word' id='word_1_823' title='bbox 566 5553 670 5606; x_wconf 85' lang='lat' dir='ltr'><strong>acti</strong></span> <span class='ocrx_word' id='word_1_824' title='bbox 717 5564 862 5608; x_wconf 89' lang='lat' dir='ltr'><strong>sunt.</strong></span> <span class='ocrx_word' id='word_1_825' title='bbox 900 5572 919 5607; x_wconf 69' lang='grc' dir='ltr'><strong>ι</strong></span> <span class='ocrx_word' id='word_1_826' title='bbox 955 5554 1066 5607; x_wconf 77' lang='lat' dir='ltr'><strong>Non</strong></span> <span class='ocrx_word' id='word_1_827' title='bbox 1117 5554 1262 5609; x_wconf 92' lang='lat' dir='ltr'><strong>enim</strong></span> <span class='ocrx_word' id='word_1_828' title='bbox 1303 5569 1563 5623; x_wconf 90' lang='lat' dir='ltr'><strong>corporea</strong></span> <span class='ocrx_word' id='word_1_829' title='bbox 1599 5552 1885 5622; x_wconf 82' lang='lat' dir='ltr'><strong>captivitas</strong></span> <span class='ocrx_word' id='word_1_830' title='bbox 1916 5550 2005 5606; x_wconf 85' lang='lat' dir='ltr'><strong>illa</strong></span> 
     </span>
    </p>
   </div>
   <div class='ocr_carea' id='block_1_113' title="bbox 439 5646 2007 5714">
    <p class='ocr_par' dir='ltr' id='par_1_113' title="bbox 439 5646 2007 5714">
     <span class='ocr_line' id='line_1_113' title="bbox 439 5646 2007 5714; baseline 0.002 -18"><span class='ocrx_word' id='word_1_831' title='bbox 439 5651 578 5705; x_wconf 89' lang='lat' dir='ltr'><strong>erat,</strong></span> <span class='ocrx_word' id='word_1_832' title='bbox 604 5652 663 5696; x_wconf 90' lang='lat' dir='ltr'><strong>ut</strong></span> <span class='ocrx_word' id='word_1_833' title='bbox 688 5659 948 5714; x_wconf 79' lang='lat' dir='ltr'><strong>corporeo</strong></span> <span class='ocrx_word' id='word_1_834' title='bbox 967 5647 1138 5713; x_wconf 88' lang='lat' dir='ltr'><strong>pretio</strong></span> <span class='ocrx_word' id='word_1_835' title='bbox 1167 5646 1469 5701; x_wconf 83' lang='lat' dir='ltr'><strong>libertatem</strong></span> <span class='ocrx_word' id='word_1_836' title='bbox 1495 5646 2007 5712; x_wconf 81' lang='lat' dir='ltr'><strong>obtinerent,qnan-</strong></span> 
     </span>
    </p>
   </div>
   <div class='ocr_carea' id='block_1_114' title="bbox 2116 5458 3685 5540">
    <p class='ocr_par' dir='ltr' id='par_1_114' title="bbox 2116 5458 3685 5540">
     <span class='ocr_line' id='line_1_114' title="bbox 2116 5458 3685 5540; baseline 0.007 -27"><span class='ocrx_word' id='word_1_837' title='bbox 2116 5458 2448 5533; x_wconf 77' lang='grc' dir='ltr'>παροικῆσαι</span> <span class='ocrx_word' id='word_1_838' title='bbox 2478 5463 2614 5526; x_wconf 78' lang='grc' dir='ltr'>ἐκεῖ,</span> <span class='ocrx_word' id='word_1_839' title='bbox 2647 5464 2740 5517; x_wconf 78' lang='grc' dir='ltr'><strong>καὶ</strong></span> <span class='ocrx_word' id='word_1_840' title='bbox 2775 5463 2857 5526; x_wconf 83' lang='grc' dir='ltr'><strong>είς</strong></span> <span class='ocrx_word' id='word_1_841' title='bbox 2903 5463 3215 5535; x_wconf 73' lang='grc' dir='ltr'>Ἀσσυρίους</span> <span class='ocrx_word' id='word_1_842' title='bbox 3247 5465 3340 5538; x_wconf 63' lang='grc' dir='ltr'><strong>βίᾳ</strong></span> <span class='ocrx_word' id='word_1_843' title='bbox 3370 5467 3635 5540; x_wconf 69' lang='grc' dir='ltr'>ἤχθησαν.</span> <span class='ocrx_word' id='word_1_844' title='bbox 3665 5489 3685 5523; x_wconf 72' lang='grc' dir='ltr'><strong>ι</strong></span> 
     </span>
    </p>
   </div>
   <div class='ocr_carea' id='block_1_115' title="bbox 2116 5550 3690 5627">
    <p class='ocr_par' dir='ltr' id='par_1_115' title="bbox 2116 5550 3690 5627">
     <span class='ocr_line' id='line_1_115' title="bbox 2116 5550 3690 5627; baseline 0.006 -21"><span class='ocrx_word' id='word_1_845' title='bbox 2116 5554 2189 5607; x_wconf 76' lang='grc' dir='ltr'><strong>Οὐ</strong></span> <span class='ocrx_word' id='word_1_846' title='bbox 2223 5554 2331 5625; x_wconf 78' lang='grc' dir='ltr'><strong>γάρ</strong></span> <span class='ocrx_word' id='word_1_847' title='bbox 2360 5550 2428 5626; x_wconf 79' lang='grc' dir='ltr'>ἦν</span> <span class='ocrx_word' id='word_1_848' title='bbox 2470 5556 2754 5626; x_wconf 82' lang='grc' dir='ltr'>σωματικὴ</span> <span class='ocrx_word' id='word_1_849' title='bbox 2788 5555 2928 5626; x_wconf 75' lang='grc' dir='ltr'>αὕτη</span> <span class='ocrx_word' id='word_1_850' title='bbox 2957 5555 3325 5627; x_wconf 83' lang='grc' dir='ltr'>αίχμαλωσία,</span> <span class='ocrx_word' id='word_1_851' title='bbox 3361 5559 3449 5611; x_wconf 84' lang='grc' dir='ltr'>ἵνα</span> <span class='ocrx_word' id='word_1_852' title='bbox 3486 5558 3578 5614; x_wconf 83' lang='grc' dir='ltr'><strong>διά</strong></span> <span class='ocrx_word' id='word_1_853' title='bbox 3603 5560 3690 5615; x_wconf 64' lang='lat' dir='ltr'><strong>Dui-</strong></span> 
     </span>
    </p>
   </div>
   <div class='ocr_carea' id='block_1_116' title="bbox 2113 5649 3688 5724">
    <p class='ocr_par' dir='ltr' id='par_1_116' title="bbox 2113 5649 3688 5724">
     <span class='ocr_line' id='line_1_116' title="bbox 2113 5649 3688 5724; baseline 0.004 -24"><span class='ocrx_word' id='word_1_854' title='bbox 2113 5664 2258 5718; x_wconf 90' lang='grc' dir='ltr'>τρων</span> <span class='ocrx_word' id='word_1_855' title='bbox 2291 5649 2618 5719; x_wconf 82' lang='grc' dir='ltr'>σωματικῶν</span> <span class='ocrx_word' id='word_1_856' title='bbox 2650 5651 2855 5722; x_wconf 79' lang='grc' dir='ltr'>τύχωσι</span> <span class='ocrx_word' id='word_1_857' title='bbox 2884 5650 2986 5722; x_wconf 81' lang='grc' dir='ltr'>τῆς</span> <span class='ocrx_word' id='word_1_858' title='bbox 3017 5651 3346 5724; x_wconf 79' lang='grc' dir='ltr'>ἐλευθερίας,</span> <span class='ocrx_word' id='word_1_859' title='bbox 3383 5652 3571 5724; x_wconf 75' lang='grc' dir='ltr'>ἐπειδὴ</span> <span class='ocrx_word' id='word_1_860' title='bbox 3594 5655 3688 5720; x_wconf 73' lang='grc' dir='ltr'>τὰς</span> 
     </span>
    </p>
   </div>
   <div class='ocr_carea' id='block_1_117' title="bbox 437 5735 2030 5818">
    <p class='ocr_par' dir='ltr' id='par_1_117' title="bbox 437 5735 2001 5808">
     <span class='ocr_line' id='line_1_117' title="bbox 437 5735 2001 5808; baseline 0.002 -18"><span class='ocrx_word' id='word_1_861' title='bbox 437 5735 725 5807; x_wconf 85' lang='lat' dir='ltr'><strong>doquidem</strong></span> <span class='ocrx_word' id='word_1_862' title='bbox 756 5737 932 5808; x_wconf 84' lang='lat' dir='ltr'><strong>quoad</strong></span> <span class='ocrx_word' id='word_1_863' title='bbox 958 5739 1169 5797; x_wconf 87' lang='lat' dir='ltr'><strong>animas</strong></span> <span class='ocrx_word' id='word_1_864' title='bbox 1193 5740 1394 5797; x_wconf 82' lang='lat' dir='ltr'><strong>venditi</strong></span> <span class='ocrx_word' id='word_1_865' title='bbox 1428 5749 1606 5797; x_wconf 86' lang='lat' dir='ltr'><strong>erant.</strong></span> <span class='ocrx_word' id='word_1_866' title='bbox 1641 5737 2001 5807; x_wconf 80' lang='lat' dir='ltr'><strong>Quamobrem</strong></span> 
     </span>
    </p>
   </div>
   <div class='ocr_carea' id='block_1_118' title="bbox 2143 5735 3691 5818">
    <p class='ocr_par' dir='ltr' id='par_1_118' title="bbox 2143 5735 3691 5818">
     <span class='ocr_line' id='line_1_118' title="bbox 2143 5735 3691 5818; baseline 0.012 -32"><span class='ocrx_word' id='word_1_867' title='bbox 2143 5738 2289 5809; x_wconf 73' lang='grc' dir='ltr'>ιυχάς</span> <span class='ocrx_word' id='word_1_868' title='bbox 2311 5735 2451 5812; x_wconf 77' lang='grc' dir='ltr'>ἦσαν</span> <span class='ocrx_word' id='word_1_869' title='bbox 2486 5742 2850 5814; x_wconf 80' lang='grc' dir='ltr'>πεπραμένοι.</span> <span class='ocrx_word' id='word_1_870' title='bbox 2889 5744 2989 5798; x_wconf 83' lang='grc' dir='ltr'><strong>Διὰ</strong></span> <span class='ocrx_word' id='word_1_871' title='bbox 3020 5744 3195 5817; x_wconf 35' lang='grc' dir='ltr'>τοῦτο,</span> <span class='ocrx_word' id='word_1_872' title='bbox 3216 5744 3320 5799; x_wconf 77' lang='grc' dir='ltr'><strong>οὐκ</strong></span> <span class='ocrx_word' id='word_1_873' title='bbox 3350 5744 3410 5800; x_wconf 78' lang='grc' dir='ltr'>ὲν</span> <span class='ocrx_word' id='word_1_874' title='bbox 3444 5744 3691 5818; x_wconf 68' lang='grc' dir='ltr'>ἀργυρίῳ</span> 
     </span>
    </p>
   </div>
   <div class='ocr_carea' id='block_1_119' title="bbox 3660 6000 3666 6015">
    <p class='ocr_par' dir='ltr' id='par_1_119' title="bbox 3660 6000 3666 6015">
     <span class='ocr_line' id='line_1_119' title="bbox 3660 6000 3666 6015; baseline 0 -5"><span class='ocrx_word' id='word_1_875' title='bbox 3660 6000 3666 6015; x_wconf 56' lang='lat'>9</span> 
     </span>
    </p>
   </div>
   <div class='ocr_carea' id='block_1_120' title="bbox 3662 6030 3669 6059">
    <p class='ocr_par' dir='ltr' id='par_1_120' title="bbox 3662 6030 3669 6059">
     <span class='ocr_line' id='line_1_120' title="bbox 3662 6030 3669 6059; baseline 0 0"><span class='ocrx_word' id='word_1_876' title='bbox 3662 6030 3669 6059; x_wconf 88' lang='lat' dir='ltr'><strong>l</strong></span> 
     </span>
    </p>
   </div>
  </div>
