3880 6216
133 261 246 318 ιεε

1114 253 1614 312 COMMENTARIA
1652 251 1728 309 IN
1763 251 2024 312 ISAIAM.
2062 286 2132 298 -—-
2167 253 2322 312 CAP.
2364 254 2471 309 LII.

3301 249 3410 314 ιει

130 370 466 446 λυτροῦσθαι
503 369 751 443 ἔμελλον,
785 367 921 423 ἀλλά
961 366 1204 436 δηλονότι
1244 366 1340 420 τοῦ
1381 365 1620 439 Χριστοῦ
1651 365 1729 438 τῷ

1840 381 1936 420 non
1977 375 2201 436 argento
2232 364 2532 422 redimendi
2565 371 2759 430 erant,
2805 362 2903 420 sed
2942 361 3154 423 Christi,
3170 365 3408 434 pretioso

130 467 307 536 τιμίῳ
338 465 553 534 αἵματι.
857 505 864 510 .

211 576 233 609 ι
256 555 371 609 Καὶ
396 555 491 610 νῦν
514 554 566 608 τί
597 556 718 607 ἐστε
755 546 888 617 ὧδε;
935 553 1074 606 Τάδε
1115 551 1265 620 λέγει
1324 551 1526 623 Κύριος
1546 565 1560 580 °
1607 552 1728 606 Ὅτι

133 646 349 718 ἐλήφθη
377 647 407 700 6
429 645 556 708 λαός
586 662 686 716 μου
715 645 944 716 δωρεὰν,
970 643 1278 714 θαυμάζετε
1301 643 1399 696 καὶ
1423 641 1724 706 όλολύζετε.

134 739 278 792 Τῶε
315 736 466 806 λέγει
512 737 752 808 Κύριοςο
797 739 874 788 Δι’
909 738 1054 807 ὑμᾶς
1092 736 1420 798 διάκπαντὸς
1457 735 1518 787 τὸ
1559 734 1730 805 ὄνομά

138 849 241 902 μου
278 831 680 901 βλασφημεῖται
708 831 765 881 ἐν
801 831 915 892 τοῖς
954 829 1151 882 ἔθνεσι.
1190 847 1209 879 ι
1244 827 1505 897 Σημαίνει
1546 826 1602 878 δὲ
1641 826 1728 880 διὰ

135 923 344 976 τούτων
369 925 404 992 ἡ
431 922 738 993 προφητεία
775 921 876 986 τὰς
905 921 1048 975 κατά
1082 920 1320 992 Χριστοῦ
1357 919 1726 990 βλασφημίας,

137 1018 203 1081 ἃς
239 1017 310 1070 δι’
357 1017 570 1087 ἡμέρας
625 1017 842 1079 ἁπάσας
885 1015 980 1068 καὶ
1016 1013 1107 1066 διὰ
1137 1013 1337 1076 παντὸς
1369 1011 1650 1066 ποιοῦνται
1678 1013 1729 1065 οἱ

138 1108 402 1180 ἄρχοντες
429 1107 522 1160 τοῦ
572 1107 835 1160 Ἰουδαίων
863 1105 1074 1169 ἔθνους.

217 1220 236 1252 ι
284 1201 385 1254 Διά
415 1197 574 1252 τοῦτο
603 1198 874 1268 γνώσεται
905 1199 933 1250 6
959 1197 1083 1259 λαός
1113 1213 1216 1266 μου
1243 1193 1304 1246 τὸ
1335 1194 1507 1264 ὄνομά
1539 1210 1638 1264 μου
1670 1193 1728 1246 ἐν

136 1297 204 1366 τῇ
237 1293 424 1363 ἡμέρα
453 1292 656 1361 ἐκείνῃ,
690 1291 771 1343 ὃτι
805 1288 914 1358 ἐγώ
946 1291 1091 1358 είμι·
1127 1288 1290 1352 αὐτὸς
1318 1289 1346 1340 6
1367 1286 1542 1339 λαλῶν
1582 1287 1726 1357 πάρ-

137 1403 278 1454 ειμι.
329 1403 346 1435 ι
404 1382 540 1454 Ποία
586 1383 642 1435 δέ
675 1381 868 1454 ταύτῃ,
905 1379 1019 1434 ἀλλ’
1058 1381 1183 1433 ὅταν
1224 1377 1353 1447 ἐγὼ,
1405 1378 1591 1448 φησὶν,
1631 1378 1730 1429 αὐ-

128 1480 260 1542 τὸς,
307 1481 336 1532 ὁ
388 1478 482 1531 νῦν
528 1476 618 1529 διὰ
671 1475 780 1528 τῶν
847 1474 1142 1546 προφητῶν
1194 1473 1368 1526 ταῦτα
1424 1471 1729 1540 φθεγγόμε-

136 1586 250 1632 νος,
290 1569 392 1640 τὴν
433 1566 673 1639 ἐμαυτοῦ
709 1567 1006 1636 ποιήσομαι
1045 1563 1345 1635 παρουσίαν
1392 1563 1472 1624 εἰς
1517 1559 1729 1631 ἀνθρώ-

137 1676 280 1722 πους
300 1675 315 1724 ;

1832 475 2116 529 sanguine.

1902 526 2067 608 Vens.
2103 551 2157 607 5.
2203 570 2222 604 ‹
2277 551 2345 605 Ει
2393 566 2539 606 nunc
2569 550 2695 619 quid
2747 551 2876 604 estis
2916 526 3050 605 inc?
3108 548 3231 605 Haec
3277 550 3410 606 dicit

1831 647 2132 701 Dominus:
2169 645 2306 710 Quia
2349 645 2563 697 ablatus
2601 651 2684 696 est
2735 643 2968 712 populus
3019 658 3172 697 meus
3196 644 3366 708 gratis
3391 679 3409 706 ,

1830 738 2171 792 admiramini
2198 747 2253 790 et
2281 735 2505 790 ululate.
2539 735 2664 788 Ihec
2686 734 2818 788 dicit
2847 733 3109 788 Dominus
3135 757 3147 788 .
3178 733 3410 802 Propter

1831 847 1924 885 vos
1959 845 2172 899 semper
2232 843 2428 881 nomen
2483 842 2659 880 meum
2714 825 3121 893 blasphematur
3171 825 3223 877 in
3273 840 3409 893 geu—

1833 923 1996 976 tibus.
2055 941 2074 974 ι
2130 921 2223 975 llis
2263 920 2543 990 pmphetia
2597 917 2801 971 indicat
2848 917 3163 985 blasphema
3218 927 3409 969 contra

1829 1016 2104 1071 Christum
2136 1013 2302 1080 dicta,
2325 1028 2446 1083 qua:
2474 1009 2749 1080 principes
2789 1008 3028 1064 Judaiea:
3058 1011 3238 1080 gentis
3268 1025 3411 1078 quo-

1832 1108 1961 1162 tiilie
1991 1115 2269 1160 evomunt.

1900 1200 2066 1254 Vens.
2116 1197 2168 1252 6.
2229 1216 2249 1249 ι
2309 1196 2600 1266 Pmpterea
2653 1194 2786 1248 sciet
2832 1193 3060 1262 populus
3107 1207 3260 1246 meus
3310 1207 3412 1246 ne-

1830 1306 1952 1346 men
1982 1305 2158 1345 meum
2188 1290 2239 1342 in
2273 1290 2360 1343 die
2399 1289 2490 1342 illa
2516 1330 2529 1351 .
2565 1288 2687 1356 quia
2717 1303 2818 1356 ego
2841 1302 2957 1340 sum
2989 1306 3002 1340 :
3035 1287 3148 1354 ipse
3187 1287 3416 1355 loquens

1833 1383 2044 1438 adsum.
2089 1401 2106 1433 ι
2148 1381 2264 1446 Qua
2292 1381 2400 1445 die,
2435 1381 2536 1433 nisi
2574 1395 2695 1434 eum
2732 1395 2834 1448 ego
2869 1381 3000 1449 ipse,
3030 1380 3123 1440 ait,
3152 1381 3241 1448 qui
3269 1395 3414 1434 nunc

1832 1489 1928 1544 per
1960 1474 2254 1543 prophetas
2281 1488 2430 1528 meos
2470 1472 2587 1526 haec
2627 1471 2844 1542 loquor,
2876 1473 2943 1526 ad
2972 1473 3220 1528 homines
3249 1473 3414 1528 adve-

1833 1564 1979 1619 niam
2014 1564 2038 1618 ἲ

215 1770 234 1801 ι
262 1721 366 1813 νὮς
393 1749 509 1822 ὥρα
547 1748 641 1802 ἐπὶ
695 1746 804 1802 τῶν
845 1746 1037 1817 ὀρέων,
1075 1743 1150 1808 ὡς
1189 1745 1347 1809 πόδες
1389 1739 1731 1812 εὐαγγελιζο-

1904 1721 2070 1780 Vens.
2107 1725 2161 1779 7.
2196 1741 2216 1776 ι
2257 1721 2412 1779 Sicut
2443 1723 2572 1779 hora
2608 1737 2770 1792 super
2800 1732 3033 1789 montes,
3067 1723 3207 1778 sicut
3244 1724 3410 1793 pedes

140 1841 305 1912 μένου
332 1841 500 1911 ἀκοὴν
535 1840 779 1911 εἰρήνης,
803 1837 877 1901 ὼς
911 1835 1395 1906 εὐαγγελιζόμενος
1421 1831 1619 1901 ἀγαθὰ,
1648 1831 1729 1884 ὅτι

137 1932 414 2004 ἀκουστὴν
443 1933 656 2003 ποιήσω
695 1931 793 2000 τὴν
826 1928 1100 1999 σωτηρίαν
1152 1943 1266 1991 σου,
1308 1925 1511 1992 λέγων·
1565 1922 1728 1989 Σιὼν,

141 2024 451 2095 βασιλεύσει
485 2042 579 2076 σου
617 2025 646 2077 6
677 2023 840 2086 Θεός·
881 2041 898 2072 ι
933 2020 1061 2084 τοὺς
1111 2017 1497 2088 μακαρισμούς
1528 2032 1732 2083 καταγ-

137 2117 442 2186 γέλλοντες,
476 2116 569 2179 οὓς
594 2117 622 2168 6
651 2115 841 2185 Σωτὴρ
871 2113 1039 2166 ἐδίδου
1071 2110 1157 2163 διὰ
1209 2109 1307 2179 τῆς
1372 2106 1733 2176 εὐαγγελικῆς

136 2207 511 2268 διδασκαλίας.
556 2205 805 2274 Ἐλέγετο
835 2204 892 2256 δέ
935 2204 994 2256 τὸ
1039 2205 1302 2275 κήρυγμα
1342 2202 1408 2270 τῇ
1449 2197 1610 2260 Σιὼν,
1641 2198 1734 2269 δη-

135 2300 273 2369 λαδὴ
306 2298 383 2369 τῷ
407 2297 645 2350 θεοσεϐεῖ
676 2297 1054 2366 πολιτεύματι,
1082 2295 1178 2348 καὶ
1209 2293 1288 2364 τῷ
1311 2292 1458 2362 χορῷ
1492 2290 1570 2362 τῷ
1599 2293 1734 2344 ἁπο-

136 2391 397 2461 στολικῷ.
431 2391 522 2443 Διὸ
555 2391 651 2460 τὴν
677 2388 951 2459 βασιλείαν
979 2388 1084 2442 τῶν
1118 2387 1360 2459 οὐρανῶν
1395 2385 1564 2439 ἆπασι
1598 2401 1736 2438 κατ-

135 2483 412 2556 ήγγελλον
438 2479 766 2554 ἀνθρώποις.
966 2471 977 2482 ’

215 2595 237 2627 ς
275 2577 400 2628 ’Ότι
427 2575 580 2644 φωνὴ
603 2573 710 2626 τῶν
750 2571 1130 2653 φυλασσόντων
1178 2587 1235 2624 σε
1270 2569 1481 2641 ὑψώθη,
1532 2569 1626 2622 καὶ
1666 2571 1730 2640 τῇ

137 2671 297 2739 φωνῇ
363 2667 481 2737 ἅμα
540 2665 1042 2737 εὐφρανθήσονται·
1111 2663 1194 2716 ὅτι
1265 2661 1535 2732 ὀφθαλμοὶ
1597 2660 1733 2732 πρὸς

134 2761 459 2829 ὀφθαλμοὺς
479 2759 722 2829 ὀψονται,
736 2758 900 2828 ἡνίκα
924 2757 988 2810 ἂν
1006 2754 1193 2826 ἐλέησε
1212 2753 1414 2825 Κύριος
1427 2753 1523 2824 τὴν
1539 2753 1693 2806 Σιών.
1709 2772 1728 2806 ι

133 2849 300 2903 Κατά
311 2850 367 2902 δὲ
382 2848 472 2901 τὸν
487 2847 838 2910 Θεοδοτίωνα,
865 2866 882 2898 ε
904 2844 1060 2916 Φωνὴ
1077 2844 1184 2898 τῶν
1221 2843 1436 2898 σκοπῶν
1454 2861 1547 2896 σου
1564 2845 1734 2915 ἐπῆρε

135 2943 325 3010 φωνήν
364 2956 378 2969 ⁸
425 2939 518 2992 ἐπὶ
552 2937 614 2992 τὸ
660 2938 792 3008 αὐτὸ
830 2936 1270 3006 ἀγαλλιάσονται,
1328 2938 1410 2990 ὅτι
1457 2936 1735 3008 ὀφθαλμδν

137 3033 200 3083 ἐν
239 3029 542 3100 ὀφθαλμοῖς
592 3027 844 3098 ὄψονται·
883 3047 901 3078 ι
942 3026 1180 3088 σκοποὺς
1205 3025 1439 3084 ἐνταῦθα
1466 3027 1594 3090 τοὺς
1629 3045 1733 3098 μα-
1759 3059 1800 3116 C

135 3121 312 3190 θητὰς
331 3121 425 3173 καὶ
446 3119 777 3183 ἀποστόλους
806 3118 897 3172 τοῦ
921 3120 1172 3191 Σωτῆρος
1196 3121 1228 3190 ή
1237 3118 1350 3189 μῶν
1375 3114 1730 3190 ὀνομάζοντος

134 3212 234 3266 τοῦ
260 3212 443 3280 λόγου.
477 3212 688 3280 ’Ὠσπερ
718 3209 828 3282 γὰρ
871 3209 1163 3264 ἐκαλοῦντο
1201 3209 1394 3262 σκοποὶ
1420 3209 1514 3263 τοῦ
1546 3211 1610 3263 ἐκ
1635 3226 1732 3262 πε-

136 3303 375 3375 ριτομῆς
434 3301 565 3354 λαοῦ
614 3304 664 3354 οἱ
709 3302 841 3372 παρ’
877 3301 1061 3364 αὐτοῖς
1106 3300 1389 3371 γενόμενοι
1430 3300 1729 3371 προφῆται,

136 3394 282 3447 οὕτω
307 3395 404 3447 καὶ
424 3392 520 3447 νῦν
544 3394 644 3464 τῆς
672 3392 799 3456 νέας
825 3392 920 3444 καὶ
949 3392 1142 3462 καινῆς
1183 3391 1343 3454 Σιὼν,
1387 3390 1588 3462 δηλαδὴ
1633 3391 1732 3462 τῆς

149 3485 482 3556 Ἐγκλησίας
513 3484 677 3538 αὐτοῦ
709 3483 807 3536 τοῦ
843 3483 1000 3549 Θεοῦ,
1030 3484 1126 3537 καὶ
1151 3482 1246 3537 τοῦ
1271 3481 1554 3546 θεοσεϐοῦς
1583 3482 1734 3536 πολι-

137 3576 420 3648 τεύματος
458 3590 507 3628 οι
535 3563 628 3628 τοῦ
663 3575 915 3646 Σωτῆρος
955 3575 1112 3645 ἡμῶν
1160 3573 1447 3627 ἀπόστολοι
1479 3574 1733 3643 γεγόνασι

139 3668 337 3720 σκοποὶ
389 3666 486 3718 καὶ
532 3665 800 3734 φύλακες·
837 3665 908 3730 οἳ,
949 3666 1043 3718 καὶ
1112 3665 1546 3735 ὀφθαλμοφανῶς
1599 3665 1732 3718 αὐτ-

137 3757 302 3809 όπται
334 3755 432 3808 καὶ
463 3755 722 3826 αὐτήκοοι
776 3754 870 3807 τοῦ
905 3755 1156 3826 Σωτῆρος
1173 3755 1476 3825 γενόμενοι,
1507 3753 1731 3822 ὕψωσαν

139 3851 242 3919 τήν
268 3847 483 3900 ἑαυτῶν
512 3849 719 3918 φωνήν,
761 3847 837 3910 ῶς
879 3847 1206 3913 ἐξάκουστον
1257 3846 1427 3916 αὐτὴν
1481 3847 1734 3914 γενέσθαι

139 3943 276 3993 πᾶσι
318 3943 433 4003 τοῖς
467 3939 694 3993 ἔθνεσιν.
738 3941 800 3993 Οἱ
848 3939 893 3992 δ’
927 3939 1080 3992 αὐτοὶ
1133 3939 1313 4008 πάσης
1361 3939 1736 4009 πνευματικῆς

140 4032 484 4103 εὒψροσύνης
515 4031 869 4103 ἐπληροῦντο,
903 4029 1212 4101 ήλεημένης
1239 4030 1342 4083 ὐπὸ
1358 4029 1452 4082 τοῦ
1475 4029 1609 4082 Θεοῦ
1638 4030 1737 4100 τῆς

141 4126 500 4197 ἀποδοθείσης
532 4123 665 4198 ήμῖν
698 4124 856 4191 Σιὼν,
893 4123 987 4178 καὶ
1035 4123 1142 4177 τῶν
1178 4123 1344 4177 πάλαι
1379 4125 1601 4196 ἐρήμων
1643 4125 1738 4176 αὐ-

139 4221 242 4290 τῆς
282 4220 603 4291 σωζομένων
625 4218 712 4272 διὰ
739 4219 838 4290 τῆς
873 4216 1142 4288 σωτηρίου
1173 4215 1633 4287 ἀπολυτρώσεωςο
1657 4214 1738 4268 διό

145 4329 306 4385 φησι·

1834 1815 2263 1884 evangelizantis
2314 1815 2555 1869 auditum
2613 1817 2801 1884 pacis,
2852 1815 2992 1869 sicut
3030 1816 3414 1883 evangelizans

1835 1909 1971 1962 bona
1999 1947 2014 1972 ,
2043 1907 2168 1976 quia
2209 1907 2444 1960 auditam
2473 1905 2665 1960 faciam
2695 1906 2925 1959 salutem
2963 1915 3108 1959 tuam
3135 1947 3151 1972 ,
3181 1907 3408 1963 dicens:

1837 2001 1965 2054 Sion
1993 2041 2007 2065 ,
2048 2000 2294 2070 regnabit
2342 1999 2481 2054 Dens
2529 2010 2690 2054 tuus:
2725 2018 2743 2050 ι
2785 1998 3148 2053 beatitudiues
3199 2013 3402 2052 annun-

1837 2095 2029 2149 tiantes
2053 2133 2069 2158 ,
2101 2108 2237 2160 quas
2286 2093 2547 2146 Servator
2577 2107 2671 2161 per
2701 2090 3063 2160 evangelicam
3109 2091 3411 2146 doctrinam

1835 2188 1998 2242 dedit.
2049 2186 2370 2240 Praedicatio
2427 2193 2608 2238 autem
2664 2181 2792 2237 Sion
2845 2183 3293 2246 annuntiabatur,
3329 2181 3415 2236 vi-

1836 2280 2030 2335 delicet
2069 2279 2332 2348 religiosae
2384 2277 2507 2331 vine
2555 2276 2716 2331 coetui
2765 2284 2819 2330 et
2869 2275 3165 2344 apostolico
3194 2274 3409 2329 choro:

1835 2380 2162 2442 quapropter
2211 2385 2434 2441 regnum
2487 2367 2751 2423 cmlorum
2795 2367 3048 2422 omnibus
3098 2365 3413 2422 hominibus

1834 2463 2224 2533 praedicabant.

1906 2553 2074 2610 Vens.
2107 2555 2164 2609 8.
2209 2572 2228 2606 ι
2283 2553 2418 2620 Quia
2445 2568 2547 2608 vox
2587 2553 3005 2608 custodientium
3061 2561 3116 2607 te
3172 2552 3411 2608 exaltata

1835 2659 1916 2705 est
1944 2689 1958 2714 ,
1989 2658 2044 2703 et
2084 2661 2212 2701 voce
2242 2645 2402 2700 simul
2447 2645 2773 2700 laetabuntur
2807 2663 2819 2696 :
2847 2646 2971 2715 quia
3008 2645 3149 2699 oculi
3181 2647 3247 2699 ad
3279 2662 3413 2702 ocu-

1837 2743 1918 2799 los
1979 2741 2280 2807 videbunt,
2335 2742 2557 2811 quando
2625 2742 2880 2795 misertus
2940 2740 3105 2794 fuerit
3154 2740 3416 2798 Dominus

1838 2835 1990 2890 Sion.
2033 2853 2051 2886 ι
2088 2833 2394 2888 Secundum
2429 2832 2855 2888 Theodouonem
2882 2848 3012 2886 vero
3040 2872 3054 2894 .
3087 2851 3106 2884 ι
3143 2833 3258 2888 Vox
3287 2849 3415 2904 spe-

1836 2927 2139 2982 culatorum
2199 2935 2412 2979 tuorum
2467 2925 2637 2979 edidit
2677 2940 2860 2979 vocem
2897 2942 2910 2978 :
2946 2925 2998 2978 in
3053 2924 3284 2994 idipsum
3317 2941 3415 2980 ex-

1838 3018 2140 3085 sultabant,
2173 3017 2298 3086 quia
2331 3016 2546 3072 oculum
2577 3017 2628 3070 in
2657 3017 2831 3072 oculis
2856 3017 3136 3072 videbunt.
3194 3036 3214 3069 ι
3275 3019 3414 3088 Spe-

1833 3109 2106 3166 culatores
2131 3110 2218 3164 hic
2245 3119 2404 3164 vocat
2440 3109 2735 3178 discipulos
2759 3121 2812 3164 et
2844 3111 3118 3178 apostolos
3168 3111 3416 3166 Salvato-

1835 3203 1912 3257 ris
1938 3202 2132 3257 nostri.
2167 3203 2632 3269 Quemadmodum
2660 3203 2801 3258 enim
2831 3203 3204 3273 speculatores
3231 3206 3414 3276 populi

1835 3313 1902 3352 ex
1933 3299 2344 3354 circumcisione
2369 3300 2703 3354 vocabantur
2752 3300 3033 3370 propinata:
3059 3341 3074 3365 ,
3104 3302 3194 3370 qui
3246 3317 3418 3370 penes

1835 3390 1954 3446 illos
1990 3400 2184 3458 erant;
2217 3391 2290 3444 ita
2321 3400 2376 3446 et
2411 3407 2555 3445 nunc
2584 3407 2736 3446 nova:
2773 3391 2918 3446 illius
2972 3391 3175 3458 Sionis,
3221 3395 3418 3450 videli~

1835 3493 1922 3538 cet
1945 3482 2201 3538 Ecclesia}
2229 3484 2322 3537 Dei
2361 3483 2707 3554 religiosique
2745 3493 2954 3550 ctetns,
2988 3483 3292 3542 Salvatoris
3318 3503 3418 3546 no-

1835 3577 1934 3631 stri
1975 3575 2202 3646 apostoli
2238 3576 2606 3644 speculatores
2635 3574 2810 3630 elTecti
2839 3586 3004 3644 sunt,
3035 3589 3200 3647 atque
3234 3588 3417 3633 custo-

1837 3667 1932 3723 des
1965 3686 1980 3723 :
2015 3669 2107 3738 qui
2138 3669 2382 3738 ejusdem
2413 3667 2717 3722 Salvatoris
2749 3668 2948 3722 oculati
2987 3679 3155 3724 testes
3184 3708 3200 3734 ,
3243 3680 3298 3724 et
3323 3686 3418 3726 au-

1837 3759 2062 3826 ditores,
2090 3762 2195 3813 alta
2227 3775 2362 3816 voce
2395 3760 2559 3814 locuti
2588 3771 2754 3826 sunt;
2801 3762 2871 3814 ita
2919 3771 2977 3814 ut
3001 3762 3162 3815 etiam
3194 3762 3262 3817 ab
3290 3780 3410 3818 om-

1838 3853 1996 3907 nibus
2050 3850 2299 3922 gentibus
2337 3852 2670 3906 audirentur.
2721 3853 2886 3907 lidem
2921 3868 3051 3908 vero
3103 3853 3204 3924 ipsi
3257 3856 3412 3912 omni

1838 3943 2102 4015 spirituali
2140 3943 2324 3998 lzetitia
2373 3944 2744 4014 replebantur,
2788 3946 2912 4015 quia
2950 3946 3168 4002 Sionem
3206 3948 3354 4004 illam
3387 3989 3406 4017 ,

1838 4037 1904 4091 de
1935 4051 2042 4106 qua
2070 4036 2321 4106 superius
2350 4077 2365 4102 ,
2416 4037 2709 4093 miseratus
2737 4047 2822 4092 est
2852 4039 2993 4094 Deus
3017 4081 3033 4106 ,
3065 4051 3116 4095 et
3143 4042 3266 4110 quia
3319 4042 3411 4101 illa

1837 4126 1964 4181 olim
2012 4127 2225 4183 deserta
2259 4127 2399 4196 ejus,
2451 4144 2549 4198 per
2596 4130 2892 4186 salutarem
2940 4135 3412 4205 redemptionem,

1838 4218 2074 4275 salutare
2099 4229 2259 4275 nacta
2291 4227 2418 4274 sunt
2451 4237 2465 4273 :
2497 4236 2665 4291 quare
2694 4223 2800 4278 ait:

216 4424 235 4455 ι
286 4402 530 4474 Ῥηξάτω
565 4404 904 4476 εὐφροσύνην
935 4404 1072 4475 ἅμα,
1106 4402 1176 4458 τὰ
1223 4402 1409 4475 ἔρημα
1455 4402 1730 4474 Ἰερουσα-

1913 4396 2070 4452 Vens.
2099 4398 2268 4464 9,10.
2315 4399 2659 4471 (Εωιηροηῑ
2707 4403 2761 4457 in
2816 4403 3057 4458 laetitiam
3105 4405 3266 4460 simul
3315 4407 3414 4462 de-

139 4492 256 4563 λήμ
276 4509 291 4521 ο
330 4493 413 4545 ᾶτι
437 4492 633 4563 ήλέησε
661 4493 865 4564 Κύριος
898 4493 1089 4565 αὐτὴν,
1119 4493 1215 4546 καὶ
1239 4491 1509 4564 ἐρρύσατο
1536 4490 1732 4560 Ἰερου-

142 4584 353 4654 σαλήμ.
406 4584 516 4636 Καὶ
558 4583 902 4653 ἀποκαλύψει
950 4584 1156 4656 Κύριος
1205 4583 1296 4636 τὸν
1345 4581 1606 4655 βραχίονα
1639 4580 1731 4635 τόν

141 4676 299 4741 ἇγιον
330 4673 496 4726 αὐτοῦ
519 4675 748 4727 ἐνώπιον
783 4676 999 4728 πάντων
1030 4675 1138 4728 τῶν
1173 4673 1362 4738 ἐθνῶν,
1396 4673 1490 4727 καὶ
1511 4671 1730 4742 ὄψονται

141 4767 324 4818 πάντα
361 4764 431 4817 τὰ
463 4765 608 4836 ἄκρα
637 4765 736 4834 τῆς
757 4766 862 4836 γῆς
883 4766 980 4837 τὴν
1013 4765 1287 4837 σωτηρίαν
1320 4765 1419 4836 τὴν
1448 4763 1598 4836 παρά
1633 4763 1729 4818 τοῦ

141 4854 277 4906 Θεοῦ
322 4853 492 4924 ήμῶν.
527 4872 547 4905 ι
586 4854 747 4924 Ὁρᾷς
775 4855 923 4917 ὅπως
942 4854 1034 4906 καὶ
1072 4854 1160 4907 διὰ
1186 4853 1389 4907 τούτων
1417 4857 1527 4916 τοῖς
1550 4853 1728 4908 ἔθνεσι

141 4946 212 4998 τὰ
234 4944 570 5013 εὐαγγελικά
601 4944 931 5017 κηρύγματα
951 4945 1420 5016 ἐπαγγελλόμενος
1453 4945 1730 5016 ὐπισχνεῖ-

142 5052 268 5099 ται;
300 5035 405 5087 Τὸν
433 5034 542 5104 γὰρ
568 5033 842 5104 βραχίονα·
869 5035 956 5088 τὸν
991 5035 1142 5105 ἆγιον
1177 5035 1363 5100 αὐτοῦ,
1394 5029 1546 5100 οὗτος
1580 5036 1636 5088 δὲ
1659 5032 1726 5108 ἦν

145 5129 175 5179 6
207 5126 305 5179 τοῦ
339 5125 475 5178 Θεοῦ
517 5127 705 5194 Λόγος,
741 5126 1146 5180 ἀποκαλύπτειν
1170 5127 1259 5182 τὸν
1288 5127 1420 5180 Θεόν
1441 5145 1572 5198 φησι
1595 5129 1729 5197 πᾶσι

149 5223 262 5282 τοῖς
286 5217 517 5272 ἔθνεσιν.
554 5218 783 5283 Οὐκοῦν,
813 5218 1034 5272 ἐπειδὰν
1055 5223 1348 5291 προσφωνῇ
1374 5223 1440 5292 τῇ
1473 5219 1610 5273 Σιὼν
1635 5219 1730 5273 καὶ

160 5309 544 5380 Ἰερουσαλὴμ,
577 5309 644 5363 τά
665 5309 936 5382 λεγόμενα
967 5313 1058 5364 ἐπὶ
1087 5311 1186 5365 τὴν
1216 5310 1325 5365 τῶν
1351 5311 1518 5364 ἐθνῶν
1543 5309 1732 5382 κλῆσιν

148 5402 503 5473 ἀναφέρεται.

223 5514 244 5547 ι
277 5494 601 5565 Ἀπόστητε,
631 5495 922 5567 ἀπόστητε,
949 5496 1194 5564 ἐξέλθετε
1227 5496 1452 5560 ἐκεῖθεν,
1487 5496 1582 5549 καὶ
1601 5497 1735 5548 ἀκα-

151 5585 352 5652 θάρτου
391 5585 466 5656 μὴ
493 5585 668 5657 ἆψτςτε
688 5604 701 5617 ’
736 5587 981 5652 ἐξὲλθετε
1009 5590 1072 5642 ἐκ
1099 5588 1266 5658 μέσου
1296 5588 1461 5658 αὐτῆς
1484 5603 1496 5616 ·
1522 5607 1540 5637 ›
1574 5585 1732 5656 δῆλον

149 5674 204 5726 δέ
233 5677 318 5727 ᾶτι
352 5677 418 5728 ἐκ
452 5674 548 5727 τοῦ
578 5676 810 5729 ἀπίστου
839 5677 968 5730 λαοῦ
1000 5679 1096 5730 καὶ
1137 5677 1466 5748 ἀκαθάρτου.
1502 5696 1521 5728 ‹
1575 5677 1730 5746 Ἀφο-

155 5766 397 5839 ρίσθητε,
458 5769 505 5819 oi
575 5767 832 5840 φέροντες
875 5768 945 5822 τὰ
996 5770 1162 5841 σκεύη
1219 5771 1446 5842 Κυρίου.
1487 5789 1506 5822 ι
1554 5767 1728 5840 Σκεύη

1837 4499 1979 4543 serta
2013 4488 2311 4545 Jerusalem
2346 4508 2360 4544 :
2399 4493 2528 4560 quia
2566 4492 2818 4548 misertus
2849 4504 2930 4548 est
2962 4494 3224 4552 Dominus
3267 4498 3410 4566 ejus,

1835 4589 1888 4634 et
1923 4582 2064 4635 eruit
2090 4580 2415 4638 Jerusalem.
2445 4583 2514 4638 Et
2544 4585 2804 4640 revelabit
2838 4587 3096 4642 Dominus
3127 4588 3411 4646 brachium

1835 4682 2082 4728 sanctum
2131 4687 2288 4728 suum
2334 4674 2386 4726 in
2431 4686 2722 4743 conspectu
2763 4677 3000 4731 omnium
3038 4681 3300 4749 gentium.
3345 4681 3413 4734 Et

1835 4764 2095 4819 videbunt
2117 4779 2306 4819 omnes
2332 4764 2465 4819 lines
2499 4774 2654 4820 terra:
2684 4767 2938 4837 salutem,
2965 4784 3085 4838 quae
3122 4780 3205 4825 est
3236 4787 3264 4824 a
3303 4770 3410 4826 Deo

1836 4865 2046 4908 nostro.
2081 4872 2100 4906 ι
2158 4853 2344 4909 Viden’
2375 4869 2483 4924 quo
2527 4867 2684 4925 pacto
2719 4857 2804 4913 his
2836 4860 3002 4913 etiam
3035 4862 3214 4916 verbis
3239 4877 3409 4916 evan-

1835 4947 2062 5016 gelicain
2105 4947 2542 5016 pratdicationem
2585 4951 2838 5019 gentibus
2877 4937 3242 5020 polliceatur?
3279 4951 3410 5009 Ete-

1836 5037 1945 5090 nim
1978 5037 2255 5091 brachium
2285 5047 2530 5090 sanctum
2561 5054 2742 5104 suum,
2784 5041 2926 5108 quod
2956 5052 3074 5094 erat
3107 5043 3279 5111 ipsum
3314 5041 3406 5098 Dei

1836 5127 2094 5192 Verbum,
2125 5128 2376 5182 omnibus
2405 5127 2652 5198 gentibus
2691 5129 3051 5185 revelaturum
3088 5147 3206 5187 esse
3240 5133 3407 5186 Deum

1837 5221 2099 5277 declarat.
2149 5220 2283 5276 Cum
2317 5222 2499 5291 itaque
2524 5221 2654 5277 Sion
2711 5231 2764 5276 et
2817 5221 3112 5278 Jerusalem
3150 5225 3230 5279 sic
3275 5224 3410 5279 allo-

1835 5322 2052 5383 quatur,
2083 5313 2199 5368 base
2225 5315 2291 5368 ad
2318 5314 2556 5384 gentium
2582 5312 2916 5367 vocationem
2949 5312 3230 5369 referenda
3257 5326 3404 5369 sunt.

1909 5493 2072 5550 Vens.
2104 5494 2190 5549 11.
2236 5513 2254 5546 ι
2281 5494 2556 5561 Becetlite,
2606 5494 2862 5558 recedite,
2908 5493 3222 5564 egredimini
3259 5492 3405 5558 inde,

1836 5595 1891 5639 et
1918 5585 2250 5639 immundum
2285 5584 2449 5638 nolite
2477 5595 2694 5654 tangere
2722 5606 2732 5640 :
2759 5586 2904 5640 exite
2927 5584 2994 5640 de
3021 5583 3198 5639 medio
3219 5584 3401 5652 eius»

1835 5676 2084 5732 videlicet
2112 5692 2175 5732 ex
2220 5675 2500 5731 incredqu
2532 5686 2584 5731 et
2631 5676 2906 5732 immundo
2942 5677 3158 5747 p0pulo.
3196 5696 3214 5729 ι
3238 5676 3406 5746 Sepa-

1838 5769 2068 5835 ramini,
2127 5770 2218 5839 qui
2269 5768 2495 5838 portatis
2536 5783 2659 5824 vasa
2693 5768 2924 5825 Domini.
2953 5787 2973 5822 ι
3024 5768 3160 5824 Vasa
3191 5767 3405 5824 Domini
