3880 6216
433 240 542 296 4’55

1119 243 1391 300 EUSEBII
1430 243 1910 301 CESARIENSIS
1945 243 2098 302 OPP.
2139 243 2322 301 PARS
2359 243 2447 299 Ill.
2485 273 2555 286 —-
2594 243 3004 302 EXEGETICA.

3601 241 3712 297 656

435 373 594 420 erant
620 379 850 436 corpora
881 365 1146 434 ipsorum,
1177 380 1206 419 a
1239 363 1470 421 Domino
1503 366 1698 435 electa,
1739 367 1791 422 in
1823 368 2009 422 sancti-

2127 367 2333 440 Κυρίου
2381 363 2451 438 ἦν
2491 367 2560 420 τὰ
2602 366 2927 439 ἐκλεχθέντα
2967 363 3072 420 ὑπὸ
3104 363 3198 418 τοῦ
3234 361 3442 436 Κυρίου
3479 361 3714 434 σώματα

437 466 549 512 tate
585 466 641 513 et
672 459 879 514 honore
911 459 1023 513 Deo
1055 469 1338 528 segregata
1367 476 1382 524 ;
1415 459 1529 516 sive
1557 461 1724 516 etiam
1755 478 1883 518 vasa
1913 462 2018 518 Do-

427 549 567 604 mini
616 559 776 604 erant
820 548 954 603 Novi
1005 548 1340 605 Testamenti
1386 552 1722 624 Evangelia:
1757 570 1878 625 quae
1928 555 2019 625 qui

424 639 740 703 gestabant,
797 643 863 696 ab
899 641 1272 696 incredulitate
1302 641 1614 700 Judaeorum
1644 660 1899 702 amovere
1935 662 2016 714 se,

424 732 489 785 ab
528 730 706 802 iisque
731 746 791 787 se
820 747 1144 804 segregare,
1176 733 1458 802 jubentur.

505 918 671 976 Vens.
701 921 790 977 12.
848 943 868 975 ι
896 923 1029 990 Quia
1065 939 1176 980 non
1210 941 1334 980 cum
1373 929 1603 982 tumultu
1635 929 1854 986 exihitis
1876 973 1892 997 ,
1924 946 2020 986 ne-

429 1025 536 1079 que
593 1011 860 1083 fugientes
927 1015 1076 1070 ibitis
1117 1035 1132 1070 :
1170 1019 1440 1087 praecedet
1493 1021 1637 1074 enim
1687 1035 1783 1075 vos
1836 1021 2019 1076 Domi-

432 1120 576 1170 nus,
635 1115 691 1160 et
748 1108 839 1176 qui
897 1119 1197 1180 congregat
1245 1125 1343 1166 vos
1398 1109 1542 1167 Deus
1594 1111 1785 1168 lsrael.
1819 1131 1838 1165 ι
1899 1113 2015 1168 Non

430 1197 574 1251 enim
629 1200 785 1268 quasi
839 1201 1100 1270 compulsi
1153 1202 1219 1256 ad
1272 1205 1787 1260 circnmcursandas
1831 1217 2017 1278 gentes

430 1291 764 1346 accedebant
813 1291 1080 1361 apostoli;
1135 1295 1228 1348 sed
1277 1310 1400 1350 cum
1447 1297 1592 1350 omni
1641 1297 1921 1352 alacritate
1961 1308 2017 1352 et

428 1383 724 1438 voluntatis
771 1384 990 1451 affectu,
1041 1386 1182 1456 jussi
1232 1386 1430 1443 docere
1479 1402 1668 1443 omnes
1729 1399 1917 1459 gentes
1959 1390 2014 1444 in

431 1475 650 1530 nomine
684 1474 822 1542 ejus.

487 1561 667 1626 Δνειις.
703 1571 789 1624 l3.
830 1589 848 1622 ι
876 1570 1016 1625 Ecce
1047 1570 1303 1639 intelliget
1333 1587 1467 1640 puer
1495 1586 1666 1637 meus,
1699 1583 1755 1628 et
1797 1583 2011 1630 exa.ta-

429 1657 597 1726 bitur,
652 1671 706 1714 et
737 1661 1130 1730 gloriﬁeabitur
1161 1663 1332 1717 valde.
1363 1682 1380 1713 ι
1443 1663 1610 1729 Queis
1651 1667 2011 1720 resurrectio-

429 1767 550 1805 nem
583 1767 610 1804 a
645 1753 892 1814 mortuis.
943 1753 1366 1822 assumptionent
1418 1753 1542 1808 item
1595 1753 1646 1807 in
1689 1756 1908 1822 cmlnm,
1953 1767 2008 1812 et
2039 1747 2080 1801 Β

427 1843 810 1898 exaltationem
862 1845 1154 1913 signiﬁcat.
1207 1843 1436 1898 Servum
1477 1862 1660 1916 porro,
1708 1849 2004 1904 secundum

428 1935 699 2003 Aquilam,
757 1951 881 1990 eum
925 1937 1046 2004 jure
1098 1946 1394 2004 nuncupat,
1443 1939 1511 1991 ob
1560 1939 1703 1992 servi
1757 1937 2006 2004 formam,

427 2041 589 2093 quant
637 2025 865 2094 accepit.
926 2023 1057 2078 Nam
1111 2026 1252 2079 Deus
1297 2023 1552 2092 Verbum,
1612 2030 2006 2100 «semetipsum

427 2117 728 2170 cxinanivit
779 2133 900 2170 cum
950 2117 1002 2170 in
1056 2115 1227 2170 forma
1275 2118 1368 2172 Dei
1421 2130 1586 2186 esset,
1629 2131 1688 2175 ut
1735 2122 1810 2174 ait
1855 2137 2011 2177 sacer

425 2208 784 2279 Aposutlus‘,
821 2209 1050 2262 formam
1084 2210 1224 2264 servi
1268 2210 1574 2279 accipiens,
1611 2221 1664 2266 ct
1707 2213 1892 2267 habitu
1926 2215 2010 2268 in-

425 2309 620 2353 ventus
658 2309 715 2352 ιιι
749 2301 935 2354 Ιιοηιο.
967 2319 986 2353 ι
1027 2300 1224 2356 Verum
1270 2303 1384 2372 ipse
1416 2322 1549 2374 puer
1576 2315 1629 2358 et
1670 2320 1860 2360 servus
1892 2306 2008 2370 Dei,

424 2390 572 2442 nnmi
619 2389 882 2458 sapientia
923 2400 980 2444 et
1035 2391 1260 2446 scientia
1297 2393 1612 2462 replebatur
1637 2434 1652 2459 ,
1694 2395 1839 2464 quod
1875 2393 2008 2450 Ver-

427 2481 552 2536 bum
580 2480 671 2534 Dei
707 2480 758 2534 in
789 2495 848 2533 se
875 2482 1202 2539 contineret.

497 2571 664 2628 Vens.
683 2571 772 2636 14,
803 2573 890 2630 l5.
927 2593 945 2626 ι
974 2575 1126 2629 Sicut
1153 2577 1622 2647 stupebuntsuper
1651 2585 1703 2631 te
1729 2576 1902 2644 multi,
1933 2577 2012 2633 sic

427 2663 658 2734 ingloria
691 2665 796 2719 erit
844 2667 912 2720 ab
972 2667 1282 2722 hominibus
1321 2669 1530 2736 Species
1578 2678 1689 2734 tua,
1738 2679 1793 2724 et
1843 2669 2010 2742 gloria

429 2765 520 2809 tua
547 2771 576 2809 a
607 2756 732 2811 [lliis
773 2757 1076 2811 hominum.
1124 2757 1201 2813 Ita
1230 2761 1574 2814 mirabuntur
1605 2771 1794 2830 gentes
1835 2761 2012 2818 multae

427 2863 591 2917 super
618 2863 706 2914 eo,
741 2857 796 2903 et
836 2849 1194 2903 continebunt
1223 2864 1376 2920 reges
1403 2866 1464 2905 os
1495 2866 1650 2906 suum
1683 2869 1696 2906 :
1739 2851 1863 2922 quia
1891 2853 2012 2921 qui-

427 2941 530 2994 bus
561 2954 664 2994 non
699 2948 782 2994 est
812 2939 1197 2992 annuntiatum
1237 2941 1302 2994 de
1334 2941 1447 3006 illo,
1480 2941 1762 3006 videbunt,
1813 2953 1868 2998 et
1919 2943 2010 3012 qui

431 3047 539 3087 non
589 3032 898 3095 audierunt,
951 3031 1270 3101 intelligent.
1304 3051 1323 3084 ι
1369 3031 1423 3087 ld
1469 3033 1614 3087 enim
1665 3048 1819 3103 reges
1865 3049 2014 3089 com-

429 3124 701 3189 movebat,
724 3137 916 3192 nempe
942 3125 1084 3193 quod
1111 3123 1482 3194 evangelicum
1508 3125 1730 3179 verbum
1756 3126 1820 3180 ad
1840 3141 2012 3181 remo—
2038 3101 2081 3158 C

431 3215 666 3270 tissimas
709 3225 896 3286 gentes
944 3217 1288 3286 pervaderet.
1347 3217 1415 3272 Et
1466 3217 1581 3272 hac
1630 3217 1847 3287 quidem
1883 3219 2010 3274 olim

430 3309 602 3362 verbo
655 3309 1190 3377 praenuntiabantur,
1240 3323 1300 3363 re
1351 3317 1530 3362 autem
1578 3308 1846 3377 completa
1892 3321 2016 3366 sunt

429 3400 482 3454 in
514 3399 812 3455 Salvatoris
843 3402 908 3454 ad
939 3415 1033 3456 eos
1068 3401 1302 3455 adventu
1336 3417 1348 3454 :
1385 3415 1546 3470 quem
1575 3401 1748 3456 oculis
1784 3416 1906 3456 cum
1940 3403 2012 3455 vi-

429 3492 622 3546 derent
666 3489 858 3558 Judzei,
921 3507 1217 3559 vocemque
1271 3491 1390 3562 ejus
1443 3492 1718 3560 audirent,
1776 3509 1875 3550 nec
1926 3495 2011 3548 in-

429 3580 790 3644 tellexerunt,
841 3597 946 3637 nec
991 3581 1230 3652 loquenti
1286 3597 1445 3638 aures
1495 3583 1884 3652 praebuerunt;
1935 3584 2009 3638 ita

427 3683 488 3728 ut
521 3675 684 3729 etiam
731 3674 1011 3745 prophetia
1048 3675 1138 3729 illa
1177 3673 1292 3743 jam
1325 3675 1602 3745 praemissa
1635 3675 1686 3730 in
1723 3675 1826 3731 illis
1861 3691 2011 3731 com-

429 3768 707 3837 picretur,
758 3787 777 3822 (
811 3768 1007 3822 Auditu
1038 3767 1293 3833 audietis,
1335 3777 1390 3823 et
1431 3781 1538 3822 non
1573 3769 1924 3838 intelligetis;
1957 3776 2010 3824 et

429 3863 788 3934 respicientes
823 3863 1146 3934 respicietis,
1187 3873 1246 3918 et
1287 3879 1394 3918 non
1430 3863 1703 3918 videbitis.
1737 3881 1756 3915 ι

993 4043 1221 4100 CAPUT
1275 4043 1405 4100 Llll.

497 4135 662 4193 Vens.
697 4136 749 4192 Ι.
787 4135 1079 4204 (Domine,
1115 4139 1237 4208 quis
1267 4140 1500 4193 credidit
1526 4139 1728 4194 auditui
1776 4146 2006 4196 nostro?

426 4235 484 4282 et
532 4227 817 4282 brachium
867 4228 1082 4282 Domini
1133 4229 1216 4284 cui
1253 4230 1552 4284 revelatum
1585 4233 1712 4286 est?
1743 4251 1761 4284 ι
1809 4233 2008 4286 Miran-

428 4319 560 4372 tium
597 4333 746 4372 more
777 4319 871 4372 Dei
907 4319 1220 4389 prophetae,
1266 4319 1507 4376 Judaica:
1548 4323 1724 4392 gentis
1755 4325 2006 4378 incredu-

426 4411 632 4467 litatem
684 4420 1012 4476 cernentes,
1070 4427 1132 4465 ac
1185 4413 1425 4483 gentium
1481 4415 1890 4470 conversionem
1950 4428 2004 4470 et

2121 460 2323 525 αὐτῶν,
2361 462 2418 513 ἐν
2447 459 2726 533 ἁγιωσύνῃ
2755 459 2850 514 καὶ
2872 462 3006 531 τιμῇ
3045 458 3124 530 τῷ
3145 457 3266 528 Θεῷ
3305 454 3671 530 ἀφωρισμένα
3692 469 3709 485 ⁶

2119 551 2153 623 ἢ
2187 553 2280 605 καὶ
2315 550 2484 621 σκεύη
2530 551 2740 623 Κυρίου
2767 550 3033 622 ἐτύγχανε
3057 551 3125 604 τὰ
3157 551 3257 622 τῆς
3279 549 3492 620 Καινῆς
3517 549 3715 620 Διαθή-

2121 661 2223 716 κης
2267 642 2608 712 Εὑαγγέλια’
2659 643 2803 714 ἆπερ
2837 641 3329 714 ἐπικομιζομένους
3370 640 3713 694 ἀπαλλάττε-

2122 736 2246 790 σθαι
2280 737 2380 808 τῆς
2421 735 2676 799 ἀπιστίας
2716 735 2812 789 τοῦ
2870 735 3141 789 Ἰουδαίων
3187 733 3339 799 λαοῦ,
3379 734 3475 788 καὶ
3515 732 3715 805 ἀφορί-

2121 829 2307 895 ζεσθαι
2335 828 2516 883 αὐτῶν
2545 829 2892 899 προστάττει.

2197 942 2216 976 ‹
2249 925 2371 977 Ὅτι
2399 924 2460 976 οὐ
2503 920 2641 992 μετὰ
2679 921 2927 992 ταραχῆς
2963 909 3348 985 ἐξελεύσεσθε,
3392 918 3512 972 οὐδὲ
3557 921 3708 989 φυγῇ

2120 1013 2456 1086 πορεύσεσθε
2475 1031 2490 1044 ο
2524 1013 2962 1086 προπορεύσεται
2991 1013 3099 1082 γὰρ
3120 1012 3384 1082 πρότερος
3410 1009 3563 1080 ὑμῶν
3594 1011 3712 1064 Κύ-

2123 1125 2255 1180 ριος,
2280 1105 2373 1160 καὶ
2401 1107 2429 1158 6
2453 1107 2798 1173 ἐπισυνάγων
2827 1105 2970 1175 ὑμᾶς
2995 1104 3128 1167 Θεὸς
3170 1102 3402 1174 Ἰσραήλ.
3443 1121 3462 1154 ι
3497 1102 3573 1154 Οὐ
3596 1100 3712 1174 γὰρ

2116 1205 2192 1268 ὡς
2247 1202 2590 1273 ἐλαυνόμενοι
2644 1199 2950 1272 προσῆλθον
3003 1201 3083 1262 είς
3142 1197 3240 1267 τὴν
3293 1196 3542 1268 περίοδον
3591 1195 3706 1249 τῶν

2117 1295 2287 1350 ἐθνῶν
2311 1296 2360 1348 οἱ
2395 1291 2706 1356 ἀπόστολοι,
2743 1291 2880 1345 ἀλλὰ
2910 1290 3192 1362 προθυμίᾳ
3225 1289 3377 1361 πάσῃ
3400 1289 3493 1341 καὶ
3510 1305 3708 1359 προαι-

2119 1392 2266 1462 ρέσει
2311 1391 2664 1462 αὐτεξουσίῳ,
2709 1389 3093 1450 κελευσθέντες
3141 1385 3478 1459 μαθητεῦσαι
3523 1385 3708 1439 πάντα

2114 1481 2184 1535 τὰ
2212 1482 2337 1554 ἔθνη
2367 1485 2425 1537 ἐν
2446 1484 2524 1554 τῷ
2556 1483 2781 1553 ὀνόματι
2804 1477 2970 1535 αὐτοῦ

2176 1589 2194 1622 t
2220 1572 2350 1625 Ἰδοὺ
2372 1574 2592 1643 συνήσει
2607 1574 2633 1625 6
2651 1575 2779 1635 παῖς
2805 1588 2928 1642 μου,
2943 1569 3040 1623 καὶ
3056 1567 3422 1639 ὑψωθήσεται,
3437 1567 3531 1620 καὶ
3555 1565 3712 1630 δοξα-

2117 1663 2371 1737 σθήσεται
2387 1665 2609 1739 σφόδρα.
2626 1685 2642 1716 ι
2656 1666 2732 1717 Δι’
2748 1659 2823 1720 ὧν
2835 1664 2931 1736 τὴν
2947 1661 3084 1734 μετὰ
3107 1661 3198 1715 τὸν
3223 1660 3448 1714 θάνατον
3469 1658 3710 1712 ἀνάστα-

2112 1774 2214 1822 σιν,
2235 1759 2328 1811 καὶ
2343 1757 2440 1830 τὴν
2457 1761 2536 1822 είς
2551 1758 2812 1828 οὐρανοὺς
2827 1755 3093 1827 ἀνάληψίν
3112 1771 3170 1808 τε
3183 1755 3276 1809 καὶ
3293 1754 3496 1825 ὖψωσιν
3511 1751 3712 1823 σημαί-

2112 1865 2211 1905 νει.
2259 1848 2455 1902 Δοῦλον
2478 1849 2536 1904 δέ
2557 1849 2741 1913 αὑτὸν,
2775 1848 2918 1902 κατὰ
2945 1848 3037 1900 τὸν
3054 1845 3304 1910 Ἀκύλαν,
3327 1846 3550 1908 εἰκότως
3577 1845 3712 1896 ἀπο-

2113 1941 2266 1995 καλεῖ
2280 1941 2367 1995 διά
2377 1941 2474 2013 τὴν
2494 1941 2704 2014 μορφὴν
2715 1940 2808 1994 τοῦ
2823 1939 3030 2003 δούλου,
3043 1940 3110 2012 ἢν
3123 1939 3396 2010 ἀνείληφε.
3409 1957 3427 1991 ί
3446 1935 3670 1990 Ἑαυτὸν
3681 1955 3700 1987 ι

2113 2031 2220 2103 γὰρ
2252 2051 2270 2083 t
2297 2031 2564 2084 ἐκένωσεν
2585 2033 2643 2083 ἐν
2668 2031 2848 2101 μορφῇ
2871 2025 3007 2081 Θεοῦ
3033 2029 3294 2098 ὑπάρχων
3315 2025 3447 2089 Θεὸς
3464 2023 3694 2092 Δόγος,ι

2113 2110 2256 2175 κατὰ
2273 2121 2361 2174 τὸν
2383 2121 2526 2194 ἱερὸν
2543 2120 2864 2174 Ἀπόστολον
2879 2161 2894 2185 ,
2919 2137 2938 2170 t
2961 2120 3174 2190 μορφὴν
3189 2118 3377 2172 δούλου
3393 2115 3595 2180 λαϐὼν,
3610 2114 3706 2169 καὶ

2114 2215 2354 2285 σχήματι
2381 2213 2628 2285 εὑρεθεὶς
2649 2213 2726 2277 ὡς
2759 2213 3068 2284 ἄνθρωπος.
3103 2229 3121 2262 ι
3155 2211 3294 2264 Ἀλλ’
3324 2209 3486 2272 αὐτὸς
3519 2209 3548 2260 6
3571 2209 3706 2270 παῖς

2111 2303 2205 2356 τοῦ
2249 2302 2383 2357 Θεοῦ
2428 2305 2523 2357 καὶ
2555 2301 2741 2366 δοῦλος
2786 2302 2969 2374 πάσης
3013 2299 3317 2373 ἐπληροῦτο
3370 2300 3562 2368 σοφίας
3606 2297 3705 2352 καὶ

2111 2393 2442 2464 ἐπιστήμης,
2477 2392 2568 2446 τὸν
2597 2391 2732 2444 Θεοῦ
2761 2391 2928 2460 Λόγον
2951 2392 3032 2455 είς
3059 2390 3224 2445 αὑτὸν
3262 2390 3546 2462 χωρήσας.

2190 2594 2210 2628 ι
2248 2576 2346 2630 Ὃν
2379 2575 2580 2648 τρόπον
2627 2575 2987 2644 ἐκστήσονται
3036 2573 3131 2626 ἐπὶ
3181 2573 3242 2628 σὲ
3284 2571 3492 2636 πολλοὶ,
3525 2571 3702 2636 οὕτως

2115 2667 2367 2740 ἀδοξήσει
2394 2667 2503 2722 ἀπὸ
2529 2667 2638 2720 τῶν
2667 2666 2968 2739 ἀνθρώπων
2990 2665 3050 2719 τὸ
3073 2661 3209 2728 εἶδός
3235 2681 3350 2732 σου,
3383 2664 3477 2718 καὶ
3507 2665 3542 2735 ἡ
3573 2663 3706 2730 δόξα

2115 2776 2208 2812 σου
2259 2758 2367 2811 ἀπὸ
2409 2757 2519 2812 τῶν
2562 2757 2693 2810 υἱῶν
2741 2755 3064 2828 ἀνθρώπων.
3127 2754 3286 2809 Οὕτω
3328 2753 3703 2824 θαυμάσονται

2113 2849 2239 2921 ἔθνη
2263 2848 2432 2903 πολλά
2459 2851 2544 2903 ἐπ’
2557 2848 2724 2920 αὐτῷ,
2749 2847 2844 2902 καὶ
2875 2848 3154 2913 συνέξουσι
3179 2846 3416 2918 βασιλεῖς
3438 2846 3503 2899 τὺ
3526 2845 3704 2916 στόμα

2114 2943 2297 2997 αὐτῶν
2317 2959 2331 2971 ο
2365 2943 2448 2995 ὅτι
2479 2937 2562 3006 οἷς
2605 2943 2706 2995 οὐκ
2750 2939 3025 3012 ἀνηγγέλη
3059 2939 3186 3011 περὶ
3221 2936 3420 3002 αὑτοῦ,
3454 2936 3698 3008 ὄψονται,

2115 3035 2210 3088 καὶ
2249 3032 2298 3087 οἳ
2337 3034 2438 3087 οὐκ
2471 3033 2766 3104 ἀκηκόασι,
2810 3033 3122 3102 συνήσουσι.
3163 3049 3182 3083 ι
3213 3029 3384 3082 Τοῦτο
3412 3029 3522 3098 γὰρ
3547 3024 3617 3100 ῆν
3637 3029 3700 3083 τὸ

2115 3125 2343 3196 κινῆσαν
2370 3125 2496 3188 τοὺς
2527 3123 2787 3194 βασιλεῖς,
2823 3121 2967 3192 λέγω
2999 3122 3063 3194 δὴ
3093 3121 3155 3175 τὸ
3185 3121 3502 3191 διαδραμεῖν
3532 3120 3700 3174 αὐτοῦ

2113 3220 2204 3273 τὸν
2242 3217 2594 3288 εὐαγγελικὸν
2627 3219 2782 3286 λόγον
2814 3218 2909 3271 καὶ
2934 3216 3028 3270 ἐπὶ
3065 3217 3134 3270 τὰ
3165 3214 3503 3287 πορρωτάτω
3537 3214 3685 3285 ἔθνη.

2114 3312 2224 3365 Καὶ
2257 3311 2431 3366 ταῦτα
2471 3312 2569 3382 μὲν
2605 3309 2786 3380 λόγοις
2818 3308 3135 3374 ἐθεσπίζετο
3176 3307 3343 3363 πάλαι
3366 3324 3380 3338 ο
3413 3307 3601 3380 ἔργοις
3640 3307 3700 3360 δὲ

2113 3402 2437 3476 ἐπληροῦτο,
2494 3403 2587 3456 ἐπὶ
2627 3403 2728 3472 τῆς
2766 3403 2846 3466 είς
2893 3402 3090 3466 αὐτοὺς
3121 3399 3214 3454 τοῦ
3252 3401 3503 3472 Σωτῆρος
3537 3399 3700 3470 ήμῶν

2113 3497 2382 3569 παρόδουο
2430 3495 2489 3548 ὃν
2538 3493 2840 3565 ὀφθαλμοῖς
2891 3493 3093 3558 ἰδόντες
3159 3492 3426 3546 Ἰουδαίων
3485 3492 3694 3558 παῖδες,

2113 3589 2298 3660 φωνῆς
2335 3605 2395 3640 τε
2425 3587 2590 3641 αὑτοῦ
2623 3583 3055 3649 ὑπακούσαντες,
3093 3582 3216 3638 οὔτε
3259 3583 3522 3654 συνῆκαν,
3570 3581 3696 3636 οὔτε

2112 3680 2361 3734 λαλοῦντι
2409 3678 2682 3750 παρέσχον
2711 3678 2808 3748 τὴν
2830 3676 3028 3747 ἀκοήν·
3063 3673 3204 3728 ὥστε
3236 3673 3330 3727 καὶ
3355 3672 3452 3744 τὴν
3476 3672 3690 3746 ἐμπροο

2113 3771 2238 3826 σθεν
2270 3769 2607 3842 προφητείαν
2641 3770 2721 3831 εἰς
2737 3767 2934 3830 αὐτοὺς
2951 3765 3367 3838 πεπληρῶσθαι,
3403 3766 3502 3837 τὴν
3528 3767 3698 3836 φήσα-

2112 3882 2209 3918 σαν
2231 3905 2244 3928 ,
2285 3883 2302 3915 ι
2352 3865 2514 3934 Ἀκοῇ
2547 3861 2835 3923 ἀκούσετε,
2870 3859 2962 3914 καὶ
2991 3861 3052 3913 οὐ
3086 3860 3160 3932 μὴ
3202 3858 3399 3930 συνῆτε
3419 3876 3433 3890 ο
3461 3859 3556 3913 καὶ
3578 3859 3697 3931 βλέρ

2109 3970 2300 4017 ποντες
2331 3951 2579 4024 βλέψετε,
2611 3950 2780 4004 καὶού
2815 3948 2889 4020 μὴ
2914 3949 3081 4019 ἴδητε.
3101 3967 3118 3999 ι

2636 4043 3026 4097 ΚΕΦΑΛΑΙΟΝ
3069 4041 3193 4094 ΝΡ.

2182 4157 2201 4190 t
2231 4136 2424 4210 Κύριε,
2457 4133 2539 4198 τίς
2577 4134 2864 4186 ἐπίστευσε
2894 4135 2960 4204 τῇ
2985 4133 3123 4203 ἀκοῇ
3161 4130 3353 4202 ἡμῶνς
3388 4130 3483 4185 καὶ
3507 4132 3535 4184 6
3567 4130 3696 4204 βρα-

2107 4231 2238 4302 χίων
2264 4230 2472 4302 Κυρίου
2511 4230 2618 4282 τίνι
2661 4225 3057 4296 ἀπεκαλύφθης
3102 4245 3120 4275 ι
3165 4223 3692 4308 Ἀποθαυμαστικῶς

2105 4325 2154 4376 oi
2191 4321 2283 4376 τοῦ
2334 4321 2468 4374 Θεοῦ
2513 4320 2810 4392 προφῆται,
2858 4318 2958 4389 τὴν
3016 4317 3271 4369 ἀπιστίαν
3313 4315 3549 4387 ὁρῶντες
3591 4315 3688 4370 τοῦ

2120 4413 2387 4467 Ἰουδαίων
2421 4411 2626 4475 ἔθνους,
2660 4411 2759 4482 τήν
2783 4427 2844 4462 τε
2883 4408 2992 4462 τῶν
3023 4407 3190 4461 ἐθνῶν
3225 4409 3564 4481 ἐπιστροφὴν
3594 4410 3694 4463 καὶ

424 4502 836 4573 obsequentiam
888 4502 1173 4568 videntes,
1224 4505 1336 4559 haec
1389 4505 1660 4560 dicebant.
1716 4506 2001 4560 Brachium

2120 4505 2354 4576 3m.th
2407 4503 2693 4576 θεώμενοι,
2739 4502 2891 4558 ταῦτ’
2919 4501 3127 4570 ελεγον.
3177 4501 3448 4572 Βραχίονα
3487 4501 3543 4554 δὲ
3595 4501 3690 4555 τοῦ

425 4608 587 4664 porro
635 4593 767 4659 Dei,
823 4593 1156 4664 unigenitum
1209 4595 1403 4650 Filium
1453 4597 1633 4652 vocari
1687 4597 2006 4668 plerumque

2120 4597 2242 4650 θεοῦ
2278 4596 2532 4666 λέγεσθαι
2553 4595 2644 4649 τὸν
2670 4594 2929 4667 μονογενῆ
2951 4593 3101 4657 Υἱδν,
3134 4591 3392 4656 πολλάκις
3415 4589 3696 4656 ἀπεδείξα-

425 4685 972 4739 commonstravimus
1019 4702 1033 4739 τ
1073 4686 1164 4754 qui
1215 4700 1610 4758 consequenter
1659 4691 1724 4744 ad
1774 4694 2005 4760 pr0phe-

2120 4706 2238 4760 μεν·
2263 4688 2328 4752 ὃς
2361 4689 2495 4742 πᾶσι
2550 4689 2663 4751 τοῖς
2705 4688 2784 4750 είς
2813 4685 2975 4739 αὑτὸν
3009 4684 3432 4738 πεπιστευκόσιν
3478 4682 3692 4737 ἔθνεσιν

427 4775 533 4828 tica
564 4775 701 4828 dicta
746 4775 1094 4830 credentibus
1143 4777 1195 4831 in
1238 4779 1409 4847 ipsum
1457 4781 1708 4849 gentibus
1757 4783 2005 4851 cngnitus

2120 4776 2359 4848 ἐγνώσθη
2401 4780 2514 4841 τοῖς
2548 4779 2858 4849 προφήταις
2894 4773 3225 4837 ἀκολούθως.
3266 4790 3284 4824 t
3335 4772 3692 4844 Ἀνηγγείλα-

423 4874 529 4920 est.
569 4883 589 4918 ι
615 4866 1068 4922 Annuntiavimus
1099 4885 1113 4922 :
1140 4871 1294 4939 quasi
1333 4872 1592 4940 parvulus
1625 4873 1676 4926 in
1708 4883 2001 4944 conspectu

2120 4888 2210 4940 μεν
2231 4887 2242 4898 ·
2280 4870 2355 4932 ὡς
2389 4868 2602 4922 παιδίον
2631 4866 2872 4920 ἐναντίον
2915 4865 3080 4920 αὑτοῦ
3100 4882 3113 4894 ·
3147 4865 3224 4927 ὡς
3266 4863 3392 4936 ῥίζα
3424 4866 3483 4916 ἐν
3517 4867 3590 4936 τῇ
3613 4864 3695 4918 δι’

424 4957 564 5026 ejus,
616 4958 759 5012 sicut
799 4959 955 5013 radix
986 4959 1038 5013 in
1074 4969 1218 5014 terra
1246 4962 1472 5016 sitienti.
1521 4962 1636 5016 Non
1676 4975 1763 5018 est
1797 4967 2003 5034 species

424 5051 498 5115 ei,
538 5064 714 5118 neque
742 5048 912 5120 gloria
950 5067 964 5105 :
1004 5059 1061 5104 et
1090 5051 1327 5106 vidimus
1371 5070 1515 5121 eum,
1546 5065 1598 5108 et
1630 5072 1732 5109 uou
1771 5056 2006 5110 habebat

426 5143 700 5210 speciem,
755 5157 933 5212 neque
990 5143 1262 5198 decorem.
1300 5163 1318 5197 ι
1374 5145 1478 5201 Per
1527 5159 1725 5201 terram
1780 5150 2002 5216 inviam,

427 5228 701 5301 Virginem
721 5233 1043 5299 subindicat,
1063 5249 1223 5302 quam
1250 5250 1408 5289 nemo
1427 5237 1557 5290 adiit
1593 5254 1606 5290 :
1648 5253 1742 5306 per
1767 5239 2000 5294 radicem

425 5333 578 5385 vero,
603 5323 847 5376 eamdem
873 5323 1043 5390 ipsam
1071 5325 1138 5377 de.
1165 5341 1268 5394 qua
1295 5327 1592 5392 dicebatur,
1633 5347 1651 5380 ι
1677 5329 2004 5400 Egredietur

425 5412 575 5479 virga
603 5414 668 5465 de
701 5414 880 5467 radice
909 5412 1100 5478 Jessae,
1132 5425 1185 5468 et
1213 5415 1314 5469 ﬂos
1358 5416 1424 5471 de
1457 5419 1639 5475 radice
1669 5417 1784 5488 ejus
1807 5437 1998 5478 ascen-

2104 4960 2284 5034 ψὼσῃ.
2315 4963 2428 5014 Οὐκ
2455 4959 2603 5014 ἐστιν
2631 4957 2771 5022 εἶδος
2803 4957 2974 5029 αὐτῷ,
3013 4956 3134 5010 οὐδὲ
3162 4955 3318 5023 δόξα·
3354 4955 3447 5008 καὶ
3476 4955 3692 5027 εἴδομεν

2105 5054 2289 5117 αὐτὸν,
2326 5053 2420 5106 καὶ
2460 5052 2562 5106 οὐκ
2599 5048 2744 5121 εἶχεν
2772 5045 2934 5113 εἶδος,
2969 5047 3096 5102 οὔτε
3133 5048 3346 5112 κάλλος.
3388 5065 3407 5099 ι
3444 5048 3554 5119 Γῆν
3591 5048 3692 5118 μὲν

2105 5146 2304 5200 ἄϐατον
2343 5143 2712 5215 αἰνιττόμενος
2749 5142 2848 5214 τὴν
2867 5140 3166 5212 Παρθένον,
3195 5135 3264 5211 ἦς
3291 5138 3468 5203 οὐδεὶς
3499 5139 3689 5192 ἐπιδέ-

2106 5239 2302 5310 6ηκεν·
2331 5236 2486 5308 ῥίζαν
2513 5236 2569 5289 δέ
2595 5235 2694 5306 τὴν
2723 5235 2958 5306 ἐκείνην,
2991 5233 3122 5302 περὶ
3149 5229 3219 5305 ἦς
3237 5231 3478 5299 ἐλέγετο,
3515 5249 3535 5282 t
3573 5231 3693 5295 Ἐξ-

2109 5329 2386 5382 ελεύσεται
2418 5329 2614 5401 ῥάϐδος
2642 5330 2710 5381 ἐκ
2737 5329 2835 5398 τῆς
2854 5325 3012 5397 ῥίζης
3047 5324 3266 5388 Ἰεσσαὶ,
3295 5321 3389 5378 καὶ
3421 5322 3585 5386 ἄνθος
3627 5326 3692 5376 ἐκ

2105 5421 2205 5492 τῆς
2251 5420 2405 5492 ῥίζης
2454 5421 2810 5491 ἀναϐήσεται.
2861 5438 2880 5471 ι
2926 5418 3103 5472 Κάκεῖ
3156 5416 3265 5488 γὰρ
3317 5414 3692 5487 ἀναϐήσεσθαι

425 5505 576 5558 det’.
590 5503 750 5556 iNam
771 5506 840 5558 ibi
861 5521 1075 5576 quoque
1093 5523 1418 5563 ascensurus
1441 5525 1560 5564 esse
1578 5512 1880 5579 dicebatur,
1904 5516 1997 5569 sed

2120 5513 2374 5585 60.0510,
2421 5512 2536 5565 ἀλλ’
2570 5513 2688 5565 ἐκεῖ
2734 5511 2832 5582 μὲν
2877 5511 2944 5564 ἐκ
2992 5509 3092 5578 τῆς
3133 5509 3291 5580 ῥίζης
3331 5506 3557 5573 Ἰεσσαὶ,
3607 5509 3693 5564 ἐν·

427 5591 492 5642 de
511 5591 688 5644 radice
716 5591 882 5646 Jessae
902 5609 916 5658 ;
939 5595 1023 5648 hic
1041 5604 1220 5649 autem
1239 5611 1302 5649 ex
1326 5609 1618 5656 memorata
1642 5611 1784 5660 terra
1822 5604 1989 5662 invia.

503 5682 519 5712 ⁸
554 5681 751 5751 Philip.
785 5700 842 5752 ιι,
881 5685 936 5739 6.
973 5701 978 5707 ·
1012 5687 1032 5716 ¹
1068 5686 1136 5744 Is.
1186 5708 1259 5758 XI,
1301 5694 1346 5749 Ι.

2099 5605 2274 5660 ταῦθα
2309 5605 2365 5660 δέ
2399 5605 2508 5661 ἀπὸ
2532 5605 2632 5676 τῆς
2665 5604 2866 5659 ἀϐάτου
2894 5602 2994 5673 γῆς
3030 5601 3126 5672 τῆς
3153 5598 3510 5672 δηλωθείσης.
