3880 6216
175 375 288 434 ὐδῚ
1097 376 1600 433 COMMENTARIA
1640 374 1707 431 lN

1888 370 2004 424 AM.
2050 398 2114 408 ——
2157 366 2308 420 CAP.
2354 365 2483 418 Llll.
3318 369 3419 424 £59

252 509 273 545 ι
310 491 471 545 Ἀλλά
501 491 562 544 τὸ
590 487 727 555 εἶδος
761 492 926 545 αὐτοῦ
956 492 1170 563 ἄτιμον,
1195 494 1289 545 καὶ
1318 494 1567 546 ἐκλεῖπον
1602 491 1752 562 παρὰ
1782 547 1784 554 λ

1925 488 2088 541 Vens.
2117 488 2170 549 5,
2202 485 2255 539 4.
2294 504 2315 536 ι
2342 483 2448 538 Sed
2478 484 2687 552 species
2713 483 2831 553 ejus
2859 484 3177 539 inhonorata
3202 492 3255 538 et
3288 484 3424 538 dell-

170 586 301 649 τοὺς
335 587 487 648 υἱοὺς
512 584 620 639 τῶν
646 585 966 658 ἀνθρώπων.
1002 586 1323 657 Ἀνθρωπος
1359 587 1416 638 ἐν
1447 585 1627 655 πληγῇ
1654 582 1702 634 ὢν

1895 578 2010 632 iens
2038 591 2149 646 prae
2175 573 2296 630 ﬁliis
2328 573 2625 629 hominum.
2654 572 2830 628 Homo
2863 573 2914 627 in
2942 573 3093 643 plaga
3132 573 3423 640 exsistens,

172 676 268 731 καὶ
292 674 452 738 εἰδὼς
469 676 654 746 φέρειν
675 676 967 745 μαλακίαν,
984 677 1065 730 ὅτι
1086 678 1467 748 ἀπέστραπται
1501 676 1561 729 τὸ
1581 676 1704 748 πρός

1888 679 1915 723 ει
1944 669 2119 722 sciens
2152 667 2297 722 ferre
2328 665 2698 720 inﬁrmitatem
2732 683 2747 719 :
2780 665 2904 734 quia
2948 680 3170 720 aversus
3200 674 3282 721 est
3308 666 3420 721 vul-

170 782 325 819 ωπον
358 764 544 827 αὐτοῦ,
576 766 875 839 ὴτιμάσθη,
918 768 1010 821 καὶ
1049 770 1149 822 οὐκ
1175 768 1449 839 ἐλογίσθη.
1468 762 1633 833 Οὗτος
1654 769 1702 822 τέ

1887 774 1946 813 us
1969 758 2105 825 ejus,
2138 756 2427 825 despectus
2465 764 2520 807 et
2564 768 2668 807 non
2699 762 2997 821 reputatus.
3045 752 3163 823 Ipse
3201 763 3419 823 peccata

171 858 454 928 ἁμαρτίας
480 857 637 928 ἡμῶν
666 858 839 931 φέρει,
883 859 978 913 καὶ
1002 860 1132 931 περὶ
1165 861 1321 931 ἡμῶν
1347 860 1628 914 ὀδυνᾶται·
1657 878 1703 913 κι

1895 860 2039 905 ostra
2072 858 2289 919 portat,
2321 857 2376 901 et
2408 861 2505 916 pro
2533 847 2687 901 nobis
2715 846 2861 899 dolet
2887 864 2900 900 :
2928 854 2983 901 et
3020 862 3117 901 nos
3157 848 3421 915 reputari—

169 948 338 1018 ἡμεῖς
384 946 748 1019 ἐλογισάμεθα
794 948 957 1002 αὐτὸν
1014 945 1152 1002 εἶναι
1205 951 1262 1001 ἐν
1314 949 1498 1019 πόνῳ,
1558 951 1652 1003 καὶ
1693 952 1701 1001 ἑ

1886 952 1977 992 nus
2015 952 2135 991 eum
2182 951 2303 990 esse
2341 938 2393 989 in
2446 935 2648 999 dolore,
2697 945 2753 989 et
2800 936 2851 988 in
2890 935 3060 1003 plaga,
3107 942 3161 989 et
3200 935 3251 987 in
3285 932 3418 988 allii-

167 1039 380 1111 πληγῇ,
412 1043 507 1094 καὶ
534 1042 591 1093 ἐν
619 1040 882 1095 κακώσει.
919 1061 937 1091 ι
982 1043 1292 1095 Κοινοποιεῖ
1318 1042 1374 1093 δὲ
1406 1045 1433 1095 ὁ
1466 1045 1699 1113 προφήττ

1892 1028 2056 1082 tione.
2089 1046 2109 1077 θ
2146 1024 2201 1081 In
2233 1025 2503 1080 communi
2535 1026 2793 1094 propheta
2843 1026 3102 1092 loquitur,
3152 1038 3272 1080 sese
3316 1041 3420 1094 prtc

165 1133 594 1201 συγκαταλέγων
628 1133 722 1186 καὶ
770 1133 961 1186 ἐαυτὸν
988 1133 1075 1186 διὰ
1100 1134 1504 1206 φιλανθρωπίαν
1533 1139 1643 1198 τοῖς
1674 1155 1697 1206 p

1886 1119 2211 1172 inmanitatis
2254 1115 2449 1169 aliectu
2486 1118 2549 1170 iis
2578 1131 3006 1179 connumerans,
3057 1116 3147 1185 qui
3178 1115 3418 1171 Salvato-

162 1224 554 1296 λογισαμένοις
589 1224 683 1278 τὸν
715 1226 945 1297 Σωτῆρα
965 1244 977 1255 ·
1018 1228 1132 1280 Οὐκ
1170 1204 1532 1298 ἐλογισάμεθα
1564 1204 1694 1282 αὐτο

1888 1224 1970 1263 em
2028 1223 2132 1263 non
2189 1216 2575 1275 reputat-erunt
2617 1222 2632 1259 :
2685 1204 2800 1259 Non
2855 1207 3224 1276 reputavimus
3276 1221 3420 1270 eum,

158 1316 290 1369 οὐδὲ
319 1315 859 1388 προσεποιησάμεθα,
890 1318 1011 1371 οὐδὲ
1052 1320 1381 1391 ἐννοήσαμεν
1402 1320 1486 1383 τίς
1509 1316 1690 1391 ποτεῆ

1894 1317 2032 1372 eque
2064 1303 2239 1371 ipsum
2268 1301 2420 1355 nobis
2448 1300 2798 1365 adscivimus,
2844 1314 3029 1371 neque
3065 1300 3420 1370 cOgitavimus

172 1410 235 1463 ’0
251 1409 313 1462 δὲ
424 1408 532 1479 ἄρα
547 1412 575 1463 ό
594 1410 702 1462 τῶν
725 1410 1008 1483 ἡμετέρων
1031 1387 1217 1483 ψυχῶν
1240 1387 1451 1486 Σωτὴρ,
1485 1387 1704 1486 ἰατρεύοι

1885 1394 1976 1463 μιίε
2002 1402 2165 1448 esset.
2203 1390 2323 1461 Ipse
2348 1406 2474 1446 vero
2499 1390 2802 1444 animarum
2835 1400 3137 1443 nostrarum
3166 1387 3417 1442 Servator

156 1478 369 1557 αὐτῶν,
406 1478 500 1549 καὶ
541 1478 819 1568 καθαίρων
867 1478 1688 1575 πάσης-ἀ-μαρτίας.”Ἀλλ’-ήμε

1891 1494 1994 1549 rat,
2024 1501 2054 1538 a
2086 1483 2392 1537 vulneribus
2420 1495 2647 1545 curans,
2681 1491 2735 1535 et
2764 1494 2997 1549 purgans
3027 1480 3093 1532 ab
3126 1478 3270 1532 omni
3302 1493 3423 1546 pec-

164 1587 269 1657 μὲν
295 1582 385 1640 οἷα
410 1588 591 1658 νήπιοι
613 1567 817 1660 ταύτην
842 1567 1059 1660 εἴχομεν
1240 1593 1407 1647 αὐτοῦ
1438 1596 1536 1665 τὴν
1561 1567 1696 1663 δόξαι

1888 1583 1993 1628 ato.
2054 1574 2159 1627 Sed
2214 1586 2311 1627 nos
2366 1572 2606 1640 quidem,
2662 1578 2844 1639 utpote
2893 1567 3141 1631 infantes,
3191 1584 3309 1622 eam
3358 1571 3420 1623 de

156 1680 188 1731 ὁ
220 1677 283 1732 δὲ
309 1678 485 1731 ταῦτα
511 1681 688 1734 πάντα
718 1680 924 1751 ἔπασχε
952 1681 1017 1735 δι’
1051 1660 1229 1754 ἡμῶν,
1281 1685 1368 1739 ἵνα
1407 1660 1557 1758 ἡμας
1597 1660 1688 1741 ἐλεη

1888 1664 1946 1721 .lo
1978 1665 2263 1719 habuimus
2309 1662 2767 1717 existimationem
2813 1680 2825 1714 :
2872 1660 2958 1714 ille
2992 1675 3121 1714 vero
3164 1660 3420 1714 haac‘om-

158 1766 385 1841 θερὼσῃ
414 1768 595 1840 πάσης
624 1769 918 1840 ἁμαρτίας.
1072 1751 1103 1754 Π
1429 1751 1461 1758 ﬂ

1894 1759 1942 1811 ia
2006 1772 2103 1827 per
2167 1771 2267 1811 nos
2323 1768 2514 1824 passus
2582 1762 2701 1815 est,
2754 1763 2811 1807 ut
2878 1767 2975 1807 nos
3028 1751 3293 1806 liberaret
3354 1752 3420 1803 ab

1890 1849 1998 1901 mni
2033 1855 2276 1916 peccato.

238 1960 259 1994 ι
301 1945 477 2007 ante;
505 1944 560 1998 δὲ
589 1947 996 2021 ἐτραυματίσθη
1028 1949 1114 2003 διὰ
1143 1950 1242 2013 τὰς
1272 1952 1543 2023 ἁμαρτίας
1566 1955 1743 2025 ἡμῶν,

1923 1941 2087 1995 Vnus.
2113 1939 2166 1993 5.
2205 1957 2223 1988 ‹
2249 1938 2367 2008 Ipse
2392 1946 2572 1992 autem
2600 1934 2914 1990 vulneratus
2945 1943 3025 1988 est
3051 1942 3269 2003 propter
3298 1947 3418 2002 pec-

158 2034 257 2087 xa‘t
311 2035 715 2110 μεμαλάκιστᾳι
761 2039 851 2091 διά
890 2040 989 2104 τάς
1026 2041 1256 2111 ἀνομίας
1300 2043 1476 2114 ἡμῶν.
1523 2024 1684 2099 Παιδε

1887 2038 1969 2083 ata
2011 2039 2217 2089 nostra,
2269 2037 2325 2081 et
2378 2027 2683 2081 inlirmatus
2732 2034 2815 2079 est
2855 2033 3074 2093 propter
3108 2024 3419 2094 iniquitates

159 2129 391 2199 εἰρήνης
429 2130 586 2201 ἡμῶν
619 2134 704 2184 ἐπ’
736 2134 925 2188 αὐτόν·
982 2135 1061 2206 τῷ
1098 2136 1324 2207 μώλωπι
1376 2137 1541 2191 αὑτοῦ
1588 2139 1691 2209 ὴμε

1886 2128 2081 2174 ostras.
2144 2118 2436 2185 Disciplina
2482 2117 2632 2184 pacis
2676 2125 2871 2171 nostra
2920 2131 3083 2184 super
3128 2130 3253 2169 eum
3288 2133 3303 2169 :
3337 2118 3418 2168 vi-

163 2219 289 2290 ίάίιη
302 2238 423 2290 μεν.
464 2241 482 2273 ι
515 2222 647 2275 Τότε
683 2222 813 2292 γοῦν
848 2225 943 2278 καὶ
975 2229 1261 2299 συνετρίϐη
1297 2230 1388 2283 καὶ
1412 2208 1695 2300 ἐὸεὸηλώθ·

1887 2211 1968 2266 ice
2016 2212 2135 2280 ejus
2183 2211 2356 2264 sanati
2402 2224 2616 2265 sumus.
2650 2228 2669 2259 ι
2708 2210 2861 2264 Tunc
2889 2208 3418 2279 igiturcontrituset

158 2313 308 2366 κατὰ
333 2313 428 2365 τὸν
465 2314 717 2379 Ἀκύλαν,
753 2316 849 2369 καὶ
875 2318 1050 2372 πάντα
1077 2320 1145 2373 τά
1179 2321 1429 2393 χείριστα
1463 2323 1690 2393 ὑπέμειν

1889 2302 2163 2357 rofanatus
2217 2314 2336 2366 est,
2398 2302 2692 2356 secundum
2738 2300 3004 2370 Aquilam,
3060 2314 3125 2355 ac
3182 2300 3416 2369 pessima

154 2406 221 2458 ού
252 2405 345 2459 διά
371 2423 518 2469 τινος
547 2408 755 2471 οἰκείας
784 2410 1078 2480 ἁμαρτίας,
1125 2412 1212 2465 διὰ
1241 2412 1296 2465 δὲ
1324 2412 1423 2477 τὰς
1453 2414 1744 2485 ἡμετέρας.
1849 2410 2073 2463 ηυεείιυθ
2102 2409 2391 2463 Ρθνβθδδηδ
2436 2405 2539 2458 θεῖν
2584 2407 2691 2448 ηοη
2719 2394 2788 2447 οί)
2829 2396 3102 2461 Proprium
3143 2393 3416 2462 «ιιιοάάθιη

154 2495 270 2549 Καὶ
306 2495 532 2563 γέγονεν
562 2497 594 2566 ἡ
631 2496 844 2551 παιδεία
865 2499 962 2568 τῆς
989 2501 1210 2573 εἰρήνης
1248 2503 1403 2574 ἡμῶν
1433 2505 1518 2556 ἐπ’
1545 2484 1686 2558 αύτότ

1884 2495 2151 2550 eccatum,
2177 2486 2267 2540 sed
2303 2486 2372 2541 ob
2415 2496 2632 2555 peccata
2662 2494 2869 2540 nostra.
2912 2485 2976 2539 Et
3008 2484 3109 2538 fuit
3136 2484 3416 2552 disciplina

154 2588 309 2657 ἅπερ
340 2588 451 2659 γάρ
484 2588 653 2659 ἐχρῆν
682 2591 833 2660 ἡμᾶς
862 2591 1055 2645 παθεῖν
1079 2593 1501 2665 παιδευομένους
1536 2595 1623 2649 διὰ
1649 2612 1686 2648 τι

1885 2580 1997 2633 acis
2038 2589 2235 2634 nostra:
2261 2593 2426 2647 super
2451 2593 2573 2632 eum
2600 2595 2619 2645 ;
2672 2592 2793 2631 cum
2825 2591 2887 2631 ea
2918 2591 3040 2646 qua:
3076 2576 3146 2632 ob
3197 2586 3417 2646 peccata

153 2679 440 2750 ἁμαρτίας
464 2681 565 2745 τὰς
593 2684 887 2756 ἡμετέρας,
921 2684 1074 2739 ταῦτ’
1115 2687 1201 2739 ἐπ’
1237 2686 1398 2741 αὑτὸν
1414 2684 1576 2758 ἦλθεν
1609 2690 1683 2742 ὑπ

1890 2681 2038 2725 ostra
2072 2684 2169 2724 nos
2212 2669 2415 2738 perpeti
2450 2682 2583 2738 opus
2614 2679 2756 2729 erat.
2787 2669 2901 2723 haec
2942 2667 3041 2735 ipsi
3089 2681 3416 2733 supervene-

152 2770 259 2841 τῆς
286 2772 564 2845 ἡμετέρας
582 2777 805 2848 εἰρήνης
818 2778 917 2847 τῆς
947 2778 1082 2848 πρὸς
1097 2778 1245 2833 Θεόν.
1277 2781 1428 2835 Ἐπεὶ
1439 2756 1534 2836 καὶ
1554 2782 1684 2854 μὼλι

1883 2770 1977 2816 unt
2006 2775 2101 2830 pro
2123 2774 2253 2829 pace
2283 2768 2465 2814 nostra
2493 2773 2616 2813 cum
2645 2758 2757 2814 Deo
2781 2757 3120 2812 stabilienda.
3150 2756 3415 2821 Quoniam

153 2880 270 2926 πας
318 2864 467 2929 εἰκὸς
506 2861 577 2937 ἦν
605 2867 769 2921 αὑτὸν
814 2867 1002 2939 φέρειν
1035 2868 1177 2923 κατά
1216 2871 1312 2924 τοῦ
1361 2848 1613 2943 σώματος
1655 2890 1685 2927 κ

1885 2852 2200 2907 tvibicibus
2249 2860 2303 2905 et
2358 2848 2674 2904 vulneribus
2725 2858 2839 2903 l0to
2888 2862 3116 2918 corpore
3165 2857 3415 2901 onustum

150 2953 476 3023 τραύματα,
511 2958 845 3029 τυπτόμενον
886 2960 981 3013 καὶ
1024 2961 1482 3033 μαστιγούμενον,
1524 2965 1618 3017 καὶ
1649 2982 1680 3018 τ

1884 2942 2017 2997 misse
2049 2940 2341 2997 verisimile
2370 2948 2472 3005 est,
2519 2949 2699 3009 utpote
2744 2939 2836 3009 qui
2876 2953 3184 3008 percussus,
3228 2938 3416 3007 ﬂagel-

138 3043 312 3113 ὕψεις
338 3028 721 3119 ῥαπιζόμενον,
758 3051 859 3124 τήν
894 3068 954 3105 τε
985 3028 1227 3125 κεφαλὴν
1253 3028 1484 3127 καλάμῳ
1517 3056 1670 3128 παιόε.

1885 3042 2014 3098 ltus,
2047 3032 2098 3085 in
2145 3032 2280 3085 l'acie
2310 3030 2550 3097 colaphis
2584 3044 2778 3091 caesus,
2810 3038 2864 3083 et
2904 3028 2957 3083 in
3005 3028 3181 3097 capite
3208 3030 3417 3082 Calame

148 3156 266 3192 νον.
312 3140 461 3209 Πλὴν
494 3142 542 3194 οε
585 3120 850 3213 μώλωπες
892 3135 1036 3198 οὗτοι
1085 3120 1327 3218 σωτῆρες
1379 3120 1519 3218 ἦσαν
1564 3120 1680 3219 ήμιῖ

1886 3140 2135 3180 ercussus
2192 3124 2373 3178 fuerit.
2422 3123 2687 3178 Caeterum
2738 3122 2938 3175 vibices
2979 3120 3282 3191 hujusmodi
3333 3135 3418 3174 sa-

146 3251 179 3281 4
218 3229 316 3301 Τῷ
345 3250 364 3281 ι
393 3188 504 3304 πίάρ
540 3251 559 3284 ι
585 3188 847 3303 (μώλωπὶ
871 3235 1035 3289 αὐτοῦ
1065 3188 1508 3309 ἡμεῖςγίόίθημεν.
1540 3259 1558 3291 ι

1884 3220 1945 3275 tti
1998 3217 2151 3272 nobis
2203 3226 2358 3272 erant
2406 3235 2419 3270 :
2474 3231 2597 3268 nam
2652 3215 2869 3269 (vibice
2921 3214 3036 3283 ejus
3088 3229 3188 3268 nos
3241 3212 3416 3269 sanati

146 3321 213 3374 δὲ
233 3322 402 3391 ἡμεῖς
424 3322 538 3376 ἀλλ’
562 3324 594 3394 ἢ
620 3326 668 3377 οἱ
696 3324 864 3380 πάλαι
890 3306 1270 3397 πλανηθέντες,
1298 3306 1401 3383 καῖ
1426 3329 1499 3401 μὴ
1528 3330 1678 3398 λογισ

1886 3329 2053 3368 timus.
2088 3330 2105 3363 ι
2149 3309 2255 3365 Nos
2302 3324 2451 3373 vero,
2504 3307 2747 3377 quinam.
2801 3308 2900 3361 nisi
2946 3306 3037 3376 qui
3087 3307 3218 3360 olim
3264 3321 3418 3360 erra-

152 3429 313 3482 μινοι
336 3411 520 3480 αὐτὸν,
552 3414 684 3485 μηδὲ
715 3415 986 3482 συνιέντες
1014 3415 1098 3482 τίς
1131 3436 1260 3473 ποτε
1296 3415 1365 3491 ἦν
1389 3398 1438 3487 ς*
1487 3398 1498 3401 ⁷

1885 3407 2046 3468 intus,
2077 3417 2175 3456 nec
2230 3400 2593 3470 reputavimus
2642 3414 2790 3465 eum,
2841 3413 3014 3469 neque
3065 3398 3417 3470 cognovimus

1846 3498 1968 3567 quis
1992 3496 2174 3552 esset?

234 3652 255 3685 ι
289 3634 504 3699 Πάντες
535 3652 612 3699 ως
640 3636 894 3707 πρόϐατα
922 3639 1308 3712 ἐπλανήθημεν
1328 3658 1342 3671 ·
1372 3640 1656 3713 ἄνθρωπος
1678 3643 1744 3711 τῇ

1920 3633 2084 3688 Vsus.
2104 3632 2158 3695 6,
2186 3632 2235 3684 7.
2271 3650 2295 3682 ι
2316 3629 2515 3687 Omnes
2541 3628 2696 3697 quasi
2728 3641 2855 3681 oves
2874 3624 3219 3689 erravitmts;
3255 3623 3415 3680 homo

144 3723 263 3796 ὁδῷ
297 3725 464 3780 αὑτοῦ
517 3728 816 3801 ἐπλανήθη.
852 3730 963 3785 Καὶ
991 3731 1195 3803 Κύριος
1231 3732 1547 3804 παρέδωκεν
1585 3733 1676 3787 αύτ

1884 3744 1903 3781 Ἰ
1929 3727 2014 3781 via
2059 3740 2155 3781 sua
2188 3724 2411 3779 erravit.
2455 3722 2518 3777 Et
2549 3720 2812 3776 Dominus
2854 3718 3076 3773 tradidit
3122 3732 3247 3772 eum
3292 3731 3416 3787 pec-

152 3820 281 3882 ταῖς
307 3818 607 3889 ἁμαρτίαις
633 3821 820 3892 ἡμῶν·
853 3825 947 3877 καὶ
976 3824 1137 3888 αὐτὸς
1177 3824 1267 3879 διὰ
1312 3825 1372 3878 τὸ
1399 3824 1684 3879 κεκακῶσθ

1885 3820 1984 3875 atis
2012 3818 2214 3874 nostris
2244 3834 2259 3872 :
2292 3826 2349 3871 et
2380 3815 2492 3886 ipse
2523 3822 2747 3884 propter
2779 3810 3118 3865 amictionem
3159 3823 3265 3863 non
3291 3823 3417 3878 ape-

153 3908 259 3963 ούκ
280 3910 490 3979 ἀνοίγει
514 3912 576 3965 τὸ
599 3913 773 3984 στόμα
795 3913 1079 3978 αύτοῦοὼς
1109 3915 1387 3985 πρόϐατον
1418 3916 1511 3969 ἐπὶ
1536 3933 1685 3985 σφαγε

1882 3911 1922 3966 it
1978 3925 2041 3965 os
2088 3924 2266 3966 suum.
2296 3907 2454 3964 Sicut
2486 3907 2610 3961 ovis
2634 3905 2702 3960 ad
2734 3903 3061 3959 occisionem
3094 3901 3287 3957 ductus
3310 3910 3414 3968 est,

156 3999 329 4073 ἤχθη,
359 4002 454 4055 καὶ
483 4003 559 4068 ὡς
589 4005 761 4075 ἀμνὸς
794 4006 1037 4061 ἐναντίον
1077 4005 1172 4059 τοῦ
1211 4006 1485 4077 κείροντος
1511 4007 1688 4077 άιρωνο

1885 4013 1904 4057 ι
1952 4003 2093 4057 sicut
2140 4015 2311 4072 agnus
2347 4014 2531 4055 coram
2575 3996 2828 4052 tondente
2857 3995 2974 4050 sine
3002 4007 3155 4059 voce,
3201 3993 3278 4047 sic
3310 4009 3417 4048 non

144 4092 337 4156 οὕτως
363 4095 465 4149 οὐκ
489 4096 694 4166 ἀνοίγει
726 4098 787 4152 τδ
813 4103 1004 4170 στόμα.
1040 4118 1059 4152 ι
1090 4100 1281 4164 Ἄλλος
1313 4100 1422 4172 γὰρ
1441 4100 1605 4173 ἄλλην
1626 4102 1676 4155 όε

1885 4095 2023 4164 perit
2049 4108 2131 4149 os.
2156 4113 2180 4147 ι
2211 4093 2367 4149 Alius
2393 4092 2555 4146 aliam
2584 4088 2709 4144 iniit
2736 4089 2879 4142 viam
2913 4087 3138 4153 erroris,
3182 4087 3308 4157 quia
3353 4087 3417 4143 de

158 4185 373 4239 ὥδευσε
426 4187 657 4260 πλάνης,
710 4191 943 4264 διάφορα
999 4193 1128 4264 περὶ
1171 4192 1338 4248 αὐτοῦ
1387 4195 1481 4247 καὶ
1529 4196 1686 4248 ἐναντ

1887 4185 1940 4241 lo
1979 4185 2131 4239 varia
2176 4193 2230 4239 et
2268 4183 2539 4239 contraria
2586 4179 2895 4246 sentiebat;
2942 4189 2997 4233 at
3042 4179 3117 4233 illi
3158 4195 3265 4235 non
3297 4180 3417 4234 sine

153 4277 397 4350 δοξάσης
417 4297 430 4310 ·
464 4279 545 4351 τῷ
580 4282 637 4335 δὲ
684 4284 792 4356 ἄρα
824 4285 925 4338 οὐκ
961 4284 1112 4339 ἀθεεὶ
1136 4285 1346 4354 ἐγίνετο
1366 4286 1436 4339 τὰ
1464 4286 1685 4356 γινόμεν

1885 4291 2012 4347 copo
2054 4285 2114 4331 et
2146 4275 2251 4331 ﬁne
2280 4278 2511 4345 quodam
2555 4275 2671 4329 haec
2697 4281 3010 4328 evenerunt.
3045 4271 3162 4342 ipse
3185 4287 3417 4342 namque

158 4370 337 4434 Αὐτὸς
361 4370 470 4443 γὰρ
494 4372 682 4427 ἑαυτὸν
706 4376 991 4447 παρεδίδου
1013 4376 1042 4428 ὁ
1058 4376 1262 4449 Κύριος
1287 4378 1428 4451 ὑπὲρ
1452 4378 1557 4432 τῶν
1577 4380 1689 4451 ἁμα

1884 4370 2106 4424 ιοηιίιιιυθ
2142 4382 2264 4424 sese
2291 4368 2509 4422 tradidit
2533 4380 2636 4435 pro
2668 4365 2914 4435 peccatis
2955 4364 3173 4425 nostris,
3217 4372 3275 4416 ut
3318 4378 3416 4432 pro

154 4462 296 4515 τιῶν
340 4464 518 4534 ἡμῶν,
568 4465 653 4518 ἵνα
694 4467 917 4539 γένηται
959 4469 1255 4541 ἀντίψυχον
1294 4471 1389 4525 καὶ
1430 4472 1686 4543 ἀντίλυτρ

1884 4461 2151 4515 nimarum
2195 4467 2507 4515 nostrarum
2555 4457 2923 4526 redemptione
2968 4456 3198 4525 pretium
3249 4466 3413 4511 esset.

155 4553 342 4625 ἡμῶν.
371 4554 528 4609 Οὕτω
543 4557 653 4627 γάρ
679 4559 771 4612 καὶ
814 4560 1010 4630 Ἀμνὸς
1030 4561 1125 4614 τοῦ
1156 4561 1291 4615 Θεοῦ
1317 4562 1557 4631 γέγονεν,
1575 4564 1687 4636 αῐρι

1883 4555 1942 4609 ιίο
1983 4556 2127 4608 enim
2168 4561 2222 4607 et
2260 4553 2446 4622 Agnus
2478 4550 2569 4606 Dei
2602 4549 2776 4604 factus
2804 4558 2909 4612 est,
2958 4548 3047 4617 qui
3082 4546 3219 4601 tollit
3254 4556 3415 4615 atque

155 4648 259 4699 καὶ
295 4648 709 4720 περικαθαίρων
744 4650 843 4720 τὴν
877 4652 1149 4724 ἁμαρτίαν
1187 4653 1281 4707 τοῦ
1315 4654 1539 4724 κόσμου.
1591 4656 1649 4708 Ὀ

1887 4656 2041 4716 urgat
2062 4656 2341 4716 peccatum
2369 4644 2572 4697 mundi.
2599 4642 2958 4715 Symmachus
2982 4650 3184 4700 autem.
3212 4658 3232 4691 ι
3259 4637 3418 4693 Obla-

157 4738 484 4810 Σύμμαχος,
532 4760 552 4791 ι
586 4742 974 4814 Προσηνέχθη,
1021 4745 1177 4814 φησὶ,
1260 4746 1353 4800 καὶ
1396 4746 1558 4810 αὐτὸς
1601 4748 1689 4800 ύππ

1883 4754 1937 4793 us
1981 4748 2082 4799 est,
2131 4739 2229 4803 ait,
2279 4746 2334 4791 et
2376 4737 2488 4804 ipse
2524 4736 2782 4790 obedivit.
2816 4752 2835 4785 ι
2884 4733 2979 4788 Cui
3029 4749 3158 4788 vero
3201 4733 3415 4788 oblatus

156 4848 348 4885 κουσε.
382 4852 401 4883 ι
441 4832 557 4886 Τίνι
587 4834 641 4886 δὲ
667 4835 1011 4906 προσηνέχθη
1038 4836 1152 4889 ἀλλ’
1190 4837 1222 4909 ἢ
1252 4838 1331 4909 τῷ
1362 4839 1606 4910 Πιλάτῳ;
1637 4841 1679 4891 Κ

1882 4839 1949 4896 st,
1986 4830 2085 4883 nisi
2118 4829 2333 4883 Pilato?
2373 4828 2440 4882 Et
2471 4829 2595 4895 quia
2625 4836 2907 4882 accusatus
2938 4826 3122 4889 tacuit,
3168 4838 3223 4880 et
3261 4826 3414 4881 falsis

156 4924 353 4996 ἐπειδὴ
374 4926 848 4997 κατηγορούμενος
879 4927 1107 4995 ἐσιώπα,
1144 4931 1235 4984 καὶ
1263 4930 1688 5003 ψευδομαρτυροι

1033 4946 1107 4995 ια,
1144 4931 1235 4984 καὶ
1263 4930 1738 5003 ψευδομαρτυρού-
1838 4923 2076 4978 testibus
2103 4922 2236 4976 nihil
2269 4921 2565 4992 respondit,

159 5034 327 5087 μενος
354 5017 504 5071 οὐδὲν
528 5018 878 5091 ἀπεκρίνατο,

232 5172 254 5204 ι
313 5154 403 5205 Ἑν
429 5156 495 5224 τῇ
528 5152 767 5209 κακώσει
799 5156 835 5225 ἠ
871 5155 1054 5227 κρίσις
1090 5154 1256 5209 αὐτοῦ
1282 5156 1451 5229 ἦρθη.
1484 5156 1605 5228 Τὴν
1644 5176 1737 5227 γε-

1916 5147 2086 5202 VEas.
2117 5146 2170 5201 8.
2202 5166 2224 5199 ι
2249 5145 2304 5200 1η
2346 5144 2639 5200 aﬂlictione
2674 5144 2933 5214 judicium
2966 5145 3083 5211 ejus
3111 5144 3280 5193 latum
3305 5149 3410 5194 est.

156 5244 290 5299 νεάν
319 5246 485 5298 αὐτοῦ
504 5246 588 5307 τίς
616 5246 934 5318 διηγήσεται
960 5262 975 5313 ;
1004 5248 1122 5301 Ὅτι
1150 5247 1365 5319 αἴρεται
1398 5249 1504 5303 ἀπὸ
1524 5249 1620 5319 τῆς
1638 5254 1688 5319 Ti

1882 5239 2265 5296 lenerationem
2308 5238 2426 5306 ejus
2458 5240 2578 5306 quis
2600 5236 2910 5291 enarrabit?
2956 5235 3088 5301 Quia
3120 5233 3321 5288 tollitur
3350 5235 3414 5287 de

158 5336 192 5404 ἡ
212 5334 329 5404 ζωὴ
354 5335 540 5388 αὐτοῦ·
576 5337 681 5390 ἀπὸ
705 5336 812 5390 τῶν
834 5338 1072 5407 ἀνομιῶν
1091 5338 1184 5392 τοῦ
1216 5339 1345 5393 λαοῦ
1382 5358 1482 5411 μου
1504 5342 1641 5413 ἤχθη

1881 5349 1992 5388 arra
2025 5334 2131 5387 vita
2160 5331 2298 5400 ejus.
2343 5334 2426 5387 Ab
2462 5332 2837 5402 iniquitatibus
2866 5330 3049 5401 populi
3088 5330 3189 5383 mei
3222 5330 3413 5383 ductus

154 5424 418 5479 θάνατον.
458 5443 477 5476 ι
512 5425 738 5479 Διελθὼν
772 5427 939 5480 αὐτοῦ
972 5427 1040 5481 τὰ
1076 5427 1245 5499 πάθη,
1290 5430 1602 5501 ἀναπέμπει
1642 5430 1686 5483 τέ

1884 5435 1930 5479 st
1956 5424 2021 5478 ad
2062 5434 2313 5478 mortem.
2351 5442 2371 5475 ι
2417 5423 2703 5492 Postquam
2745 5423 3019 5477 cruciatus
3066 5419 3183 5489 ejus
3230 5432 3416 5473 recen-

156 5516 269 5570 τῶν
291 5516 597 5569 ἀκουόντων
629 5518 870 5572 διάνοιαν
903 5520 998 5571 ἐπὶ
1030 5519 1132 5591 τὴν
1152 5520 1254 5588 τῆς
1285 5520 1549 5589 γενέσεως
1580 5522 1688 5575 αὐτη

1883 5518 1976 5580 nit,
2006 5517 2313 5571 auditorum
2349 5526 2580 5571 mentem
2617 5516 2683 5570 ad
2722 5513 3088 5584 generationis
3125 5512 3243 5580 ejus
3265 5511 3415 5580 cogi-

161 5606 490 5675 φαντασίαν,
540 5607 837 5676 ἐπιλέγωνο
889 5627 909 5659 ι
949 5609 1062 5680 Τὴν
1092 5608 1282 5678 γενεὰν
1325 5610 1489 5664 αὑτοῦ
1532 5610 1617 5674 τίς
1661 5610 1689 5662 δ

1884 5610 2104 5663 itionem
2157 5607 2493 5669 transmittit,
2548 5607 2664 5662 hate
2702 5605 2961 5673 adjicicns
3000 5622 3014 5657 :
3055 5602 3416 5658 «Generatio-

154 5699 475 5769 ηγήσεταις
516 5717 535 5748 ι
588 5699 721 5751 Τότε
777 5699 886 5769 γὰρ
936 5700 1168 5769 μάλιστά
1193 5719 1276 5765 τις
1328 5700 1512 5772 μεῖζον
1559 5702 1686 5755 λοιπι

1885 5716 1967 5754 em
1997 5698 2114 5766 ejus
2146 5699 2267 5767 quis
2294 5699 2572 5754 enarrabit
2593 5699 2616 5751 ?
2640 5717 2659 5751 ι
2715 5697 2843 5751 Nam
2881 5705 2992 5750 tum
3030 5696 3263 5749 maxime
3292 5694 3415 5762 qui-

164 5794 403 5864 λήψεται
438 5792 624 5861 θαῦμα
674 5792 773 5860 τῆς
819 5791 926 5843 τῶν
964 5792 1233 5845 τοσούτων
1277 5795 1571 5864 {incum/ig,
1617 5796 1696 5848 ὅτε

1884 5795 1929 5847 is
1960 5791 2152 5860 majori
2180 5792 2247 5847 ob
2272 5794 2585 5862 patientiam
2622 5792 2738 5860 t'jllS
2768 5788 3127 5845 admiratione
3153 5788 3412 5859 capietur.

491 5910 764 5970 ΡΑτιιοι..
792 5906 1153 5971 ΟιιΧΧΝ.

3020 5904 3094 5963 15
