3880 6216
477 339 582 397 459

1141 337 1408 395 EUSEBII
1445 338 1920 396 CESARIENSIS
1959 339 2108 399 OPP.
2152 341 2331 397 PARS
2372 343 2455 397 Ill.
2497 374 2565 384 —-
2606 342 3020 400 EXEGETICA.

3627 349 3730 405 ‘60

475 475 597 515 cum
648 471 829 512 secum
886 458 1210 524 reputaverit
1269 458 1393 527 quis
1455 467 1513 512 et
1561 458 1741 526 qualis
1811 459 1902 514 ille
1954 461 2034 513 sit.

2153 461 2233 522 είς
2265 459 2472 514 ἔννοιαν
2509 459 2637 533 ἔλθῃ
2667 459 2750 524 τίς
2780 460 2856 514 ὢν
2889 462 2982 513 καὶ
3010 461 3212 524 ὁποῖος,
3256 462 3349 515 καὶ
3379 463 3442 516 ὲκ
3466 461 3606 518 θεοῦ
3631 479 3729 534 γε-

473 551 703 620 etquod
748 565 814 604 ex
867 549 973 603 Deo
1015 559 1178 603 natus
1235 550 1650 618 unigenitusque
1699 550 1821 603 talia
1869 552 2034 607 susti-

2151 567 2311 620 γεννη
2321 550 2479 620 μένος
2508 552 2801 621 μονογενὴς
2823 549 2994 604 ταῦτα
3027 552 3203 605 πάντα
3230 549 3462 624 ὑπέστη.

474 642 674 699 nuerit.

545 778 710 835 Vens.
735 778 790 835 9.
833 796 853 831 ι
884 778 954 833 Ει
989 778 1128 834 dabo
1158 779 1433 848 improbos
1470 794 1570 849 pro
1601 781 1875 850 sepultura
1908 781 2046 852 ejus,

470 880 524 926 et
565 872 756 927 divites
801 886 898 941 pro
946 883 1121 926 morte
1152 870 1270 940 ejus
1319 893 1330 927 :
1383 874 1509 942 quia
1559 873 1902 942 iniquitatem
1941 890 2045 928 non

471 964 620 1028 fecit,
667 977 844 1032 neque
887 961 1066 1016 dolum
1112 961 1165 1017 in
1214 977 1310 1018 ore
1361 978 1478 1020 suo.
1508 981 1526 1015 ι
1570 963 1702 1031 Quis
1733 965 1912 1030 dabit,
1941 966 2044 1022 nisi

469 1055 844 1109 universorum
892 1052 1102 1122 jndex?
1149 1063 1204 1108 et
1245 1069 1383 1124 quos
1416 1054 1588 1121 dabit,
1642 1055 1747 1109 nisi
1792 1071 1908 1122 eos,
1955 1058 2043 1126 qui

469 1145 619 1214 prius
662 1151 952 1199 memorata
998 1153 1398 1213 perpetrarunt,
1433 1159 1568 1211 quos
1601 1145 1805 1212 statim,
1835 1162 1933 1201 nec
1955 1147 2043 1201 diu

468 1250 655 1307 postea
678 1275 695 1302 ,
731 1235 969 1290 inimicis
1003 1245 1058 1290 et
1089 1235 1334 1290 hostibus
1382 1234 1754 1291 obsidentibus
1791 1238 2043 1292 tradidit?

467 1328 545 1383 Ac
575 1326 737 1382 etiam
771 1325 1054 1380 confestim
1105 1325 1320 1389 accidit,
1364 1333 1422 1377 ut
1466 1325 1726 1380 memoria
1761 1342 1946 1381 eorum
1976 1344 2042 1383 ex

469 1418 779 1474 hominibus
818 1417 1150 1482 auferretur,
1190 1417 1278 1485 qui
1314 1416 1440 1470 olim
1488 1419 1625 1487 apud
1655 1417 1871 1474 Judaaos
1905 1421 2042 1474 mul-

470 1523 579 1566 tum
637 1511 962 1566 auctoritate
1011 1510 1307 1573 valebant,
1359 1509 1757 1565 Pharisaeorum
1808 1511 2040 1576 scilicet,

467 1599 780 1656 Scribarum
819 1612 874 1656 et
911 1600 1373 1665 Sadducteorum;
1416 1599 1484 1655 ad
1532 1602 1644 1656 haec
1682 1616 1830 1664 vero.
1864 1617 2044 1658 sacer-

465 1691 658 1761 dotum.
696 1701 748 1748 et
799 1699 1136 1747 summorum
1188 1691 1496 1760 pontiticum
1523 1732 1538 1756 ,
1591 1708 1796 1748 necnon
1831 1707 2038 1758 eorum,

465 1781 558 1851 qui
607 1783 754 1851 regia
801 1798 966 1852 penes
1010 1783 1156 1853 ipsos
1185 1782 1447 1848 dignitate
1489 1781 1782 1854 fulgebant.
1815 1781 1950 1839 Nam
1987 1785 2038 1839 hi
2075 1813 2113 1866 Β

467 1882 612 1940 sunt,
662 1874 753 1944 qui
799 1875 901 1928 hoc
948 1875 1064 1934 loco
1101 1874 1296 1929 divites
1338 1873 1678 1944 appellantur
1708 1895 1722 1930 :
1757 1893 1892 1945 quos
1934 1892 2037 1931 non

467 1966 557 2020 ditt
589 1976 772 2036 postea
804 1968 883 2021 ira
916 1966 1008 2020 Dei
1037 1967 1255 2035 invasit,
1289 1970 1415 2038 quia
1451 1968 1856 2039 impeccahilcm
1881 1967 2042 2023 Chri-

466 2064 647 2123 stum,
703 2060 794 2112 tali
850 2059 1114 2128 supplicio
1166 2061 1507 2116 dediderant.
1547 2079 1566 2113 ι
1609 2062 1739 2126 Quia
1782 2062 2036 2130 iniquita-

468 2160 572 2204 Icm
606 2167 710 2204 non
744 2149 889 2216 fecit,
938 2165 1113 2220 neque
1156 2151 1337 2205 dolum
1371 2150 1424 2204 in
1468 2166 1562 2204 ore
1611 2165 1727 2204 suo.
1758 2168 1776 2200 ι
1824 2149 1897 2202 De
1927 2149 2039 2217 ejus

465 2258 562 2297 seu
597 2241 764 2296 verbo
811 2257 902 2295 scu
934 2256 1097 2310 opere
1147 2241 1600 2311 impeccabilitate
1632 2241 1843 2309 loquor,
1879 2256 2038 2308 quam

467 2337 517 2386 in
548 2334 692 2388 omni
732 2333 840 2386 vita
876 2350 968 2387 sua
1000 2332 1258 2389 obtinuit.
1301 2350 1318 2383 ι
1355 2331 1522 2387 Nemo
1554 2333 1715 2402 igitur
1747 2349 1913 2402 purus
1939 2331 2034 2386 fuit

462 2441 492 2479 a
543 2425 728 2489 sorde,
779 2424 996 2478 etiamsi
1054 2424 1214 2478 unius
1267 2423 1372 2478 diei
1427 2421 1586 2478 fuerit
1635 2424 1740 2477 vita
1799 2423 1914 2492 ejus
1938 2422 1980 2490 ',
2014 2443 2033 2475 ι

464 2517 568 2570 nisi
605 2518 738 2586 ipse.

535 2628 699 2685 Vsus.
729 2630 815 2684 lO.
855 2649 874 2681 ι
905 2629 970 2684 Et
1012 2627 1273 2683 Dominus
1321 2628 1435 2683 vult
1490 2627 1750 2682 mundare
1787 2629 1962 2698 ipsum
2007 2645 2036 2683 a

463 2722 642 2792 plaga.
671 2739 690 2774 ι
727 2721 832 2776 Pro
863 2720 1114 2775 omnibus
1136 2734 1266 2790 ergo
1291 2719 1379 2774 ille
1408 2729 1651 2774 mortuus
1677 2730 1782 2783 est,
1820 2729 1878 2773 ut
1913 2735 2039 2788 pur-

464 2822 617 2886 garet
643 2823 698 2868 et
731 2812 942 2866 tolleret
971 2821 1254 2880 peccatum
1285 2811 1504 2877 mundi;
1533 2811 1890 2881 quamobrem
1926 2826 1958 2866 e
1981 2826 2039 2867 re

478 2903 578 2957 hre
607 2901 898 2956 aestimavit
927 2900 1066 2955 Deus
1105 2910 1160 2955 et
1190 2899 1368 2964 Pater,
1403 2903 1447 2955 si
1483 2917 1604 2956 eum
1645 2917 1676 2955 a
1708 2901 1894 2971 plaga,
1924 2903 2038 2958 sive

463 2995 532 3048 ab
562 2993 708 3048 illata
737 2993 988 3062 passione
1018 3001 1298 3062 purgaret.
1347 3011 1366 3044 ι
1399 2991 1455 3047 Si
1493 2993 1748 3048 dederitis
1779 3010 1875 3062 pro
1905 3009 2034 3064 pec-

472 3092 622 3150 rato,
676 3085 858 3138 anima
916 3093 1095 3137 vestra
1164 3082 1368 3137 videbit
1418 3097 1604 3136 semen
1658 3082 2028 3149 longaevum”

2225 789 2241 822 ι
2278 772 2389 824 Kai
2415 770 2571 826 δώσω
2597 774 2723 837 τοὺς
2756 773 3028 844 πονηροὺς
3057 773 3177 827 ἀντὶ
3200 774 3298 846 τῆς
3325 777 3503 848 ταφῆς
3533 775 3721 843 αὑτοῦ,

2149 863 2241 915 καὶ
2265 864 2392 927 τοὺς
2425 864 2714 928 πλουσίους
2740 865 2862 918 ἀντὶ
2895 865 2988 918 τοῦ
3023 865 3254 920 θανάτου
3281 869 3471 922 αὐτοῦ·
3500 869 3582 923 ὅτι
3602 871 3719 925 ἀνο-

2150 953 2276 1022 μίαν
2307 953 2408 1006 οὐκ
2441 955 2691 1024 ὲποίησε,
2742 954 2864 1008 οὐδὲ
2883 954 3030 1008 δόλον
3051 957 3109 1009 ὲν
3129 956 3207 1028 τῷ
3240 957 3466 1028 στόματι
3499 959 3720 1013 αὐτοῦ.»

2147 1044 2242 1107 Τίς
2274 1043 2331 1098 δὲ
2363 1045 2526 1098 δώσει
2553 1045 2586 1116 ἢ
2616 1047 2644 1098 ό
2672 1045 2781 1098 τῶν
2819 1047 2955 1099 ὅλων
2993 1049 3186 1120 κριτής
3207 1067 3222 1115 ;
3247 1049 3341 1102 καὶ
3369 1049 3572 1122 τίναςῆ
3599 1053 3728 1115 τοὺς

2145 1138 2214 1192 τά
2245 1139 2512 1211 εἰρημένα
2540 1140 2891 1210 δεδρακότας,
2921 1139 3015 1205 οὓς
3051 1143 3144 1194 καὶ
3179 1143 3495 1214 παρέδωκεν
3523 1144 3731 1200 αὐτίκα.

2145 1231 2239 1284 καὶ
2261 1232 2360 1284 οὐκ
2395 1233 2475 1295 είς
2507 1231 2724 1303 μακρὰν
2751 1231 2988 1303 ἐχθροῖς,
3019 1233 3112 1286 καὶ
3142 1234 3442 1306 πολεμίοις,
3490 1236 3586 1290 καὶ
3624 1254 3725 1290 πο-
3761 1260 3790 1282 δ

2143 1325 2492 1394 λιορκηταῖς;
2534 1325 2598 1376 Ὃ
2642 1309 2707 1394 δὴ
2737 1324 2831 1377 καὶ
2861 1325 2993 1378 αὐτὸ
3027 1328 3370 1398 παραχρῆμα
3403 1328 3628 1398 συνέϐη,
3665 1330 3729 1396 ἐξ

2143 1415 2444 1488 ἀνθρώπων
2475 1415 2838 1486 ἀφανισθῆναι
2867 1417 2928 1469 τὸ
2959 1418 3300 1488 μνημόσυνον
3333 1419 3514 1473 αὐτῶν
3552 1421 3728 1474 πάλαι

2143 1509 2296 1580 παρὰ
2335 1507 2601 1562 Ἰουδαίων
2631 1507 2804 1561 πολλά
2839 1507 3242 1580 δεδυνημένων,
3283 1510 3592 1580 Φαρισαίων
3627 1512 3728 1564 καὶ

2142 1601 2536 1672 γραμματέων,
2563 1600 2654 1654 καὶ
2682 1599 3070 1653 Σαδδουκαίων·
3091 1600 3184 1653 καὶ
3209 1599 3288 1653 ἔτι
3311 1602 3446 1670 πρὸς
3473 1601 3688 1665 τούτοις
3707 1643 3724 1667 ,

2144 1693 2333 1764 ἱερέων
2362 1709 2421 1745 τε
2447 1692 2541 1746 καὶ
2571 1691 2892 1764 ἀρχιερέων,
2917 1692 3012 1744 καὶ
3040 1691 3147 1743 τῶν
3174 1695 3303 1761 παρ’
3332 1693 3517 1756 αὐτοῖς
3566 1692 3727 1762 βασι-

2142 1785 2266 1855 λικῇ
2300 1784 2426 1855 ἀξίᾳ
2454 1784 2851 1854 τετιμημένων.
2901 1777 3058 1836 Οὔτοι
3097 1782 3206 1854 γὰρ
3232 1779 3371 1854 ἦσαν
3400 1785 3448 1837 οἱ
3484 1782 3722 1837 ἐνταῦθα

2141 1875 2424 1947 λεγόμενοι
2448 1874 2692 1928 πλούσιοι
2716 1892 2729 1904 ’
2765 1874 2859 1938 οὓς
2895 1874 3160 1946 μετῆλθεν
3193 1875 3293 1928 οὑκ
3317 1876 3396 1938 εἰς
3437 1876 3656 1946 μακρὰν
3685 1876 3720 1946 ἡ

2141 1970 2276 2040 ὀργὴ
2306 1967 2400 2022 τοῦ
2441 1967 2597 2033 Θεοῦ,
2631 1967 2762 2020 διότι
2797 1966 3180 2038 ἀναμάρτητον
3205 1967 3334 2021 ὄντα
3369 1967 3457 2020 τὸν
3487 1966 3722 2038 Χριστὸν

2141 2060 2364 2133 τοιαύτῃ
2393 2059 2611 2113 κολάσει
2639 2058 3093 2129 ὑποϐεϐλήκασιν.
3121 2075 3140 2110 ι
3179 2059 3302 2111 Ὀτι
3348 2060 3576 2130 ἀνομίαν
3617 2060 3721 2112 οὐκ

2143 2152 2415 2223 ἐποίησεν,
2439 2152 2558 2205 οὐδὲ
2602 2151 2748 2204 δόλον
2765 2154 2821 2206 ὲν
2837 2153 2914 2224 τῷ
2933 2153 3159 2224 στόματι
3177 2151 3361 2207 αὑτοῦ.
3373 2171 3391 2203 ι
3403 2151 3562 2220 Λέγω
3577 2151 3642 2222 δὴ
3657 2151 3721 2204 τὸ

2139 2243 2204 2297 δι’
2225 2243 2352 2315 δλης
2380 2243 2482 2313 τῆς
2518 2242 2612 2296 τοῦ
2641 2241 2756 2312 βίου
2783 2242 2925 2314 ζωῆς
2953 2243 3336 2315 ἀναμάρτητον
3365 2245 3423 2297 ὲν
3438 2242 3584 2313 λόγῳ
3623 2242 3722 2296 καὶ

2141 2334 2306 2406 ἔργῳ.
2343 2352 2362 2384 ‹
2397 2333 2587 2396 Οὐδεὶς
2612 2328 2705 2387 οὖν
2741 2332 2982 2406 καθαρὸς
3004 2334 3228 2402 γέγονεν
3255 2333 3363 2386 ἀπὸ
3385 2333 3583 2403 ῥύπου,
3605 2333 3720 2386 οὐδ’

2141 2429 2188 2481 εί
2215 2426 2314 2498 μία
2339 2426 2522 2498 ἡμέρα
2546 2422 2613 2499 ἦν
2645 2427 2679 2498 ἡ
2708 2425 2822 2497 ζωὴ
2861 2425 3048 2490 αὑτοῦ,
3080 2443 3098 2476 ι
3125 2424 3157 2495 ἢ
3187 2423 3348 2492 μόνος
3378 2422 3560 2486 αὑτός.

2215 2643 2234 2674 ι
2277 2624 2386 2678 Καὶ
2412 2625 2617 2702 Κύριος
2653 2627 2900 2698 βούλεται
2932 2629 3230 2702 καθαρίσαι
3259 2629 3422 2683 αὐτὸν
3453 2628 3555 2699 τῆς
3582 2629 3719 2700 πληο

2139 2716 2262 2787 γῆς.
2299 2736 2317 2768 ι
2344 2718 2552 2771 Οὐκοῦν
2585 2719 2726 2791 ὑπὲρ
2755 2721 2972 2774 πάντων
2995 2720 3155 2783 αὐτὸς
3183 2719 3474 2784 ἀπέθανεν,
3508 2719 3595 2773 ἴνα
3627 2736 3720 2774 xa-

2139 2806 2278 2879 θάρῃ
2319 2809 2414 2862 καὶ
2453 2810 2680 2883 περιέλῃ
2704 2810 2801 2882 τὴν
2832 2811 3106 2883 ἁμαρτίαν
3126 2810 3218 2864 τοῦ
3250 2811 3456 2881 κόσμου
3475 2828 3489 2839 ·
3524 2810 3606 2864 διδ
3627 2812 3719 2866 καὶ

2137 2897 2352 2970 ἔκρινεν
2397 2900 2426 2951 ὁ
2457 2897 2588 2963 Θεὸς
2644 2899 2739 2954 καὶ
2787 2901 2974 2974 Πατὴρ
3009 2902 3172 2956 αὑτοῦ
3224 2901 3520 2970 καθαρίσαι
3555 2902 3719 2956 αὑτὸν

2137 2989 2236 3060 τῆς
2267 2990 2503 3062 πληγῆς,
2535 2992 2778 3044 τουτέστι
2798 2992 2891 3046 τοῦ
2918 2994 3298 3064 ἐπενεχθέντος
3320 2991 3468 3063 αὑτῷ
3490 2992 3717 3057 πάθους.

2143 3097 2163 3132 ‹
2207 3081 2332 3134 Ἐάν
2363 3082 2501 3135 δῶτε
2555 3083 2684 3154 περὶ
2738 3083 3034 3155 ἁμαρτίας,
3062 3085 3096 3154 η
3130 3083 3276 3154 ψυχὴ
3323 3083 3478 3155 ὑμῶν
3527 3083 3719 3153 ὄψεται

464 3177 614 3244 Quod
641 3177 717 3230 ait
750 3175 1054 3245 huiusmodi
1080 3185 1163 3230 est
1194 3191 1210 3228 :
1247 3173 1374 3229 Post
1400 3189 1462 3227 ea
1488 3189 1607 3243 quae
1641 3175 1890 3243 superius
1922 3191 2034 3231 me~

2143 3171 2356 3242 σπέρμα
2383 3151 2695 3245 μακρόϐιόν.
2732 3193 2751 3224 ι
2774 3151 2839 3226 Ὅ
2860 3151 2926 3226 ⁷δὲ
2968 3151 3116 3242 λέγει
3135 3151 3374 3228 τοιούτόν
3399 3175 3536 3228 ἐστι.
3561 3151 3718 3228 Πετά

465 3270 814 3330 moravimus.
850 3268 896 3322 si
951 3269 1079 3338 quis
1111 3282 1176 3321 ex
1209 3267 1276 3322 iis
1304 3267 1395 3336 qui
1428 3277 1620 3322 contra
1652 3269 1827 3337 ipsum
1871 3267 2036 3337 impie

467 3370 708 3434 egerunt,
742 3360 972 3417 voluerit
1005 3359 1234 3414 hostiam
1273 3357 1510 3425 oil’erre;
1557 3359 1608 3414 id
1657 3369 1740 3415 est
1766 3401 1781 3425 ,
1817 3359 2033 3415 confes-

463 3459 671 3510 sionem
701 3463 757 3509 et
801 3452 1175 3523 paenitentiam
1209 3460 1558 3521 peccatorum
1594 3451 1879 3517 exhibere,
1913 3452 1958 3506 is
2003 3467 2032 3505 a

461 3564 558 3618 spe
596 3537 753 3604 bona.
785 3547 838 3601 in
889 3562 1011 3617 eum
1058 3547 1295 3615 reposita
1341 3558 1676 3614 nequaquam
1733 3544 2029 3598 delahctur.

462 3639 685 3696 Etiamsi
710 3641 853 3696 enim
886 3639 1090 3692 dictum
1133 3638 1317 3702 fuerit,
1373 3654 1390 3688 ι
1416 3635 1562 3690 Dabo
1595 3636 1785 3706 impios
1821 3651 1916 3704 pro
1950 3652 2034 3690 se-

462 3733 675 3803 pultura
708 3730 848 3799 ejus,
893 3739 948 3783 et
977 3729 1171 3784 divites
1213 3744 1312 3798 pro
1361 3737 1532 3782 morte
1559 3725 1713 3794 ejus;
1740 3746 1758 3780 ι
1796 3731 2031 3782 attamen

461 3828 504 3880 si
537 3841 653 3887 vos,
687 3825 776 3895 qui
811 3823 936 3878 talia
977 3822 1095 3877 ausi
1139 3824 1289 3888 estis,
1326 3822 1522 3876 donum
1556 3837 1653 3891 pro
1686 3829 1904 3890 peccato
1935 3820 2032 3874 ob-

463 3918 716 3980 tuleritis,
749 3916 964 3970 veniam
1000 3914 1432 3985 consequetnini,
1464 3915 1644 3967 anima
1679 3923 1854 3967 vestra
1883 3912 2032 3966 salu-

463 4021 569 4064 tem
592 4009 892 4072 obtinebit;
925 4007 1220 4077 quinetiam
1250 4021 1434 4061 semen
1469 4006 1766 4075 longrevtun
1797 4006 2029 4060 videbit:

461 4103 564 4161 hoc
609 4103 784 4172 ipsum
822 4100 1090 4162 videlicet,
1146 4099 1286 4170 quod
1327 4101 1394 4153 ab
1441 4099 1557 4168 ipso
1611 4099 1664 4152 in
1722 4097 2033 4152 hominibus

461 4209 709 4265 sparsum
746 4193 943 4260 fuerat,
983 4193 1048 4247 de
1092 4207 1200 4262 quo
1247 4192 1298 4244 in
1341 4190 1615 4260 parabolis
1667 4190 1888 4254 docens,
1925 4190 2034 4244 aie-

463 4289 554 4344 bat
579 4306 593 4344 :
622 4305 641 4338 ι
670 4286 816 4342 Exiit
846 4287 936 4356 qui
976 4286 1210 4340 seminat
1255 4284 1524 4339 seminare
1547 4284 1602 4348 ⁵;
1638 4301 1656 4333 ι
1704 4291 1760 4337 et
1791 4297 2032 4345 rursum,

467 4403 484 4433 ι
520 4381 708 4437 Simile
761 4391 844 4435 est
905 4393 1126 4448 regnum
1179 4375 1443 4432 cwlorum
1489 4373 1691 4429 homini
1745 4374 2029 4428 seminanti

460 4477 659 4533 bonum
690 4488 871 4530 semen
910 4474 961 4525 in
997 4486 1126 4542 agro
1156 4485 1253 4524 suo
1283 4469 1326 4522 '.
1355 4488 1374 4520 ›

529 4677 694 4732 Vens.
729 4677 815 4730 11.
863 4695 880 4724 α
907 4673 973 4728 Et
1014 4671 1131 4726 vult
1171 4669 1428 4724 Dominus
1473 4667 1690 4722 auferre
1735 4667 1800 4720 de
1848 4665 2029 4720 labore

458 4771 692 4825 animzm
736 4767 870 4834 ejus,
919 4763 1206 4819 ostendere
1249 4761 1296 4815 ei
1342 4760 1538 4826 lucem,
1583 4768 1637 4814 et
1668 4757 1902 4811 formare
1943 4756 2026 4809 in-

462 4860 778 4928 telligentia,
800 4856 1100 4926 justiticare
1125 4853 1328 4921 justum
1365 4854 1501 4907 bene
1539 4849 1860 4906 servientem
1895 4849 2024 4901 mul-

459 4955 548 5011 tis.
575 4971 594 5004 ι
634 4951 687 5006 Id
720 4952 784 5005 dc
813 4965 919 5004 uno
948 4948 1230 5002 Salvatore
1262 4954 1446 4999 nostro
1475 4943 1580 4996 dici
1623 4956 1717 5011 par
1748 4949 1830 4994 est
1853 4942 1884 4993 ιε’
1905 4955 2027 4992 nam

456 5061 672 5115 semper
713 5045 766 5098 in
811 5020 972 5096 malm
1007 5041 1125 5110 ejus
1156 5039 1330 5092 Patris
1369 5035 1619 5123 vqlunlas
1662 5043 1808 5088 recte
1845 5045 2030 5100 proce-

457 5139 637 5194 debat.
674 5135 830 5190 Dedit
869 5144 1048 5188 autetn
1080 5133 1180 5203 ipsi
1212 5131 1407 5194 lucem,
1437 5138 1494 5182 ut
1527 5143 1620 5182 eos
1645 5127 1735 5195 qui
1763 5124 2026 5196 justitiam

459 5243 555 5296 per
597 5227 774 5295 ipsum
811 5234 1249 5296 assequerentur.
1291 5222 1622 5276 illuminaret
1659 5237 1676 5276 :
1726 5217 2030 5288 intelligen-

462 5320 587 5372 tiam
617 5319 743 5372 item
785 5317 883 5387 ipsi
931 5315 1196 5382 contulit;
1240 5330 1361 5370 nam
1402 5313 1664 5382 requievit
1707 5327 1870 5380 super
1906 5325 2028 5363 eum

459 5408 680 5476 spiritus
739 5409 1016 5478 sapientiae
1067 5418 1119 5462 el
1177 5405 1578 5481 intelligentiae,
1631 5415 1688 5458 ut
1742 5405 2032 5474 prudentes

456 5497 737 5569 justosque
805 5501 1054 5556 redderet
1104 5515 1238 5568 eos,
1296 5500 1385 5569 qui
1444 5499 1828 5567 justiticatione
1885 5497 2029 5568 digni

459 5605 636 5647 erant.

533 5773 554 5805 ³
583 5775 681 5829 Joh
711 5789 821 5838 xlv,
853 5774 904 5827 ι.
981 5775 1001 5805 ⁸
1027 5773 1159 5828 Luc.
1193 5787 1308 5837 νηί,
1471 5773 1491 5802 ⁸
1523 5771 1706 5825 Matth.
1742 5785 1858 5835 xm,
1896 5769 1984 5823 57.

2134 3259 2204 3314 τὰ
2233 3261 2598 3333 προλεχθὲντα
2629 3263 2828 3330 πάντα,
2871 3264 3031 3328 εἴτις
3055 3263 3163 3317 τῶν
3196 3266 3276 3326 είς
3310 3264 3472 3318 αὐτὸν
3505 3263 3715 3335 ἠσεϐη-

2135 3352 2307 3405 κότων
2345 3351 2631 3425 βουληθείη
2663 3353 2852 3408 θυσίαν
2881 3357 3190 3426 ἀνενεγκεῖν
3221 3357 3361 3428 ὑπὲρ
3385 3358 3488 3428 τῆς
3520 3359 3717 3413 ἑαυτοῦ

2134 3445 2428 3516 ἁμαρτίας,
2451 3447 2727 3500 τουτέστιν
2755 3447 3139 3520 ἐξομολόγησιν
3171 3451 3265 3503 καὶ
3297 3451 3587 3521 μετάνοιαν
3606 3452 3718 3505 τῶν

2135 3535 2534 3606 ἡμαρτημένων
2563 3537 2931 3605 ἐνδείξασθαι,
2976 3541 3076 3593 οὐκ
3110 3541 3466 3606 ἀποτεύξεται
3505 3542 3605 3612 τῆς
3635 3545 3718 3607 είς

2134 3627 2296 3679 αὑτὸν
2322 3629 2532 3699 ἀγαθῆς
2569 3629 2802 3693 ἐλπίδος.
2836 3631 2899 3684 El
2927 3631 3037 3704 γὰρ
3071 3632 3164 3684 καὶ
3190 3633 3257 3686 τὰ
3297 3633 3532 3703 μάλιστα
3564 3634 3721 3707 είρη-

2134 3735 2242 3783 ται,
2273 3720 2355 3773 ὃτι
2381 3739 2398 3770 ι
2433 3719 2601 3774 Δώσω
2627 3721 2752 3785 τοὺς
2783 3724 3055 3794 πονηροὺς
3100 3723 3222 3776 ἀντὶ
3269 3724 3368 3794 τῆς
3399 3725 3576 3795 ταφῆς
3619 3726 3721 3778 αὺ-

2133 3809 2249 3872 τοῦ,
2281 3811 2373 3864 καὶ
2404 3813 2531 3875 τοὺς
2558 3811 2845 3876 πλουσίους
2893 3814 3015 3866 ἀντὶ
3049 3812 3144 3867 τοῦ
3179 3813 3421 3887 θανάτου,
3445 3817 3611 3870 αὐτοῦ
3631 3833 3646 3848 ο
3692 3836 3712 3870 ι

2135 3903 2250 3956 ἀλλ’
2279 3903 2428 3974 ὅμως
2473 3903 2568 3957 ἐὰν
2604 3904 2737 3957 δῶτε
2782 3906 2940 3976 ὑμεῖς
2980 3904 3048 3958 τά
3087 3905 3313 3961 τοιαῦτα
3345 3908 3718 3980 τολμήσαντες

2133 3993 2192 4045 τὸ
2217 3994 2357 4065 ὑπὲρ
2385 3995 2656 4066 ἁμαρτίας
2683 3993 2874 4068 δῶρον,
2909 3993 3168 4061 τεύξεσθε
3201 3999 3468 4067 ἀφέσεως,
3498 4001 3530 4070 ή
3566 4001 3715 4072 ψυχὶ

2137 4085 2288 4156 ὑμῶν
2307 4087 2630 4157 σωθήσεται·
2654 4086 2790 4140 ἀλλά
2812 4090 2906 4140 καὶ
2927 4089 3114 4158 ὄψεται
3143 4088 3440 4161 μακρόϐιον
3466 4092 3715 4162 σπέρμα⁸

2133 4177 2289 4230 τοῦτο
2312 4176 2369 4230 δὲ
2389 4173 2456 4248 ἦν
2487 4177 2548 4230 τὸ
2574 4179 2664 4231 ὑπ’
2694 4179 2858 4232 αὑτοῦ
2893 4180 3232 4252 καταϐληθὲν
3265 4183 3344 4246 εἰς
3372 4181 3714 4253 ἀνθρώπους,

2135 4272 2262 4342 περὶ
2297 4263 2356 4323 οὗ
2393 4273 2449 4323 ὲν
2477 4272 2815 4344 παραϐολαῖς
2851 4271 3116 4326 διδάσκων
3143 4273 3328 4342 ἔλεγεν
3348 4291 3361 4303 ·
3392 4293 3410 4325 ι
3459 4275 3715 4344 Ἐξῆλθεν

2133 4360 2162 4410 ὁ
2183 4359 2420 4430 σπείρων
2451 4360 2544 4413 τοῦ
2581 4364 2798 4432 σπεῖραι
2819 4378 2833 4391 ο
2877 4381 2894 4411 ι
2925 4363 3017 4414 καὶ
3043 4362 3205 4416 πάλιν
3225 4380 3238 4392 ·
3275 4381 3293 4413 ι
3342 4363 3535 4432 Ὁμοία
3565 4367 3715 4419 ἐστὶν

2065 4501 2107 4555 Ι)
2137 4453 2168 4521 ή
2200 4452 2445 4521 βασιλεία
2480 4453 2589 4505 τῶν
2635 4454 2877 4524 οὐρανῶν
2913 4453 3186 4528 ἀνθρώπῳ
3219 4457 3498 4529 σπείροντι
3549 4459 3714 4512 καλὸν

2138 4545 2358 4615 σπέρμα
2379 4546 2438 4596 ὲν
2459 4544 2536 4615 τῷ
2562 4545 2675 4615 ἰδίῳ
2707 4545 2882 4618 ἀγρῷ.
2919 4565 2938 4596 ι

2212 4677 2229 4708 ι
2268 4658 2378 4711 Καὶ
2413 4657 2657 4728 βούλεται
2687 4658 2890 4729 Κύριος
2922 4657 3142 4727 ἀφελεῖν
3169 4658 3275 4712 ἀπὸ
3300 4659 3394 4712 τοῦ
3424 4660 3589 4712 πόνου
3614 4660 3712 4732 τῆς

2133 4749 2308 4820 ψυχῆς
2343 4750 2528 4814 αὐτοῦ,
2563 4751 2731 4815 δεῖξαι
2762 4751 2910 4822 αὐτῷ
2941 4751 3074 4820 φῶς,
3104 4753 3196 4805 καὶ
3229 4753 3432 4806 πλάσαι
3456 4755 3525 4824 τῇ
3557 4753 3712 4807 συνέο

2137 4857 2238 4904 σει,
2269 4842 2553 4895 δικαιῶσαι
2575 4842 2782 4894 δίκαιον
2815 4838 2873 4895 εὖ
2901 4843 3215 4896 δουλεύοντα
3244 4844 3474 4907 πολλοῖς.
3507 4864 3524 4895 ι
3542 4843 3714 4897 Τοῦτο

2134 4931 2190 4984 δὲ
2215 4932 2308 4984 ἐπὶ
2339 4933 2500 5002 μόνου
2537 4933 2628 4986 τοῦ
2660 4935 2910 5006 Σωτῆρος
2955 4936 3111 5006 ἡμῶν
3141 4935 3393 5004 λέγεσθαι
3438 4936 3670 5007 ἁρμόζει
3696 4954 3709 4966 ³

2135 5021 2223 5075 διὰ
2263 5025 2464 5086 παντὸς
2499 5024 2608 5095 γὰρ
2649 5025 2710 5078 τὸ
2746 5025 2839 5078 τοῦ
2875 5026 3089 5097 Πατρὸς
3121 5025 3332 5096 θέλημα
3362 5029 3420 5079 ἐν
3451 5031 3516 5098 τῇ
3567 5031 3710 5099 χειρὶ

2136 5113 2300 5166 αὑτοῦ
2322 5115 2710 5168 κατευωδοῦτο.
2748 5117 2956 5169 Ἔδωκε
2991 5117 3046 5169 δὲ
3087 5116 3236 5188 αὐτῷ
3262 5118 3356 5170 καὶ
3391 5117 3505 5186 φῶς
3544 5120 3626 5181 είς
3652 5120 3710 5170 τὶ

2137 5205 2464 5275 φωτίζεσθαι
2489 5208 2614 5270 τοὺς
2635 5207 2699 5260 δι’
2721 5207 2884 5261 αὐτοῦ
2915 5208 3330 5279 δικαιουμένους
3349 5226 3362 5238 ·
3402 5208 3619 5262 σύνεσιν
3657 5207 3710 5261 δὲ

2136 5299 2283 5368 αὐτῴ
2309 5299 2617 5369 ἐδωρήσατο
2635 5315 2647 5328 ·
2675 5299 3092 5354 ὲπανεπαύσατο
3118 5300 3226 5372 γὰρ
3252 5303 3336 5354 ἐπ’
3365 5299 3528 5354 αὐτὸν
3552 5299 3710 5354 πνεῦ-

2142 5406 2216 5444 μα
2253 5388 2441 5457 σοφίας
2474 5389 2567 5441 καὶ
2603 5389 2866 5454 συνέσεως
2914 5393 2992 5454 εἰς
3019 5391 3080 5444 τὸ
3111 5393 3366 5456 συνετοὺς
3405 5392 3715 5462 ἀπεργάζε-

2140 5479 2286 5545 σθαι,
2331 5481 2422 5533 atati
2457 5479 2700 5534 δικαιοῦν
2720 5483 2846 5545 τοὺς
2871 5482 3054 5548 ἀξίους
3079 5482 3172 5536 τοῦ
3192 5482 3551 5538 δικαιοῦσθαι.
