3880 6216
147 334 250 390 461

1071 334 1575 392 COMMENTARIA
1613 334 1682 390 IN
1720 333 1973 389 ISAIAM.
2013 366 2081 376 -—
2117 335 2268 393 CAP.
2305 335 2437 391 LIV.

3293 343 3400 399 862

223 472 243 503 ι
268 451 382 505 Καὶ
400 449 499 514 τὰς
512 451 786 523 ἁμαρτίας
811 451 988 506 αὐτῶν
1020 453 1181 518 αὐτὸς
1197 455 1419 510 ἀνοίσει.
1450 455 1552 511 Διά
1569 454 1728 510 τοῦτο

1903 457 2068 511 Vens.
2102 456 2186 510 12.
2221 475 2238 507 ι
2266 457 2330 510 Ει
2360 467 2576 524 peri-ala
2614 475 2800 514 eorum
2832 474 2945 530 Ipse
2978 462 3230 530 portabit.
3279 466 3400 519 Ideo

143 544 309 607 αὐτὸς
355 542 755 613 κληρονομήσει
790 544 1040 609 πολλοὺς,
1083 548 1176 599 καὶ
1216 547 1325 601 τῶν
1365 548 1600 618 ἰσχυρῶν
1633 566 1730 620 με·

150 638 257 706 ριεί
311 634 514 688 σκῦλα·
553 634 671 688 ἀνθ’
707 631 783 688 ὧν
815 636 1088 708 παρεδόθη
1130 641 1209 702 εἰς
1242 639 1468 693 θάνατον
1513 641 1545 711 ἡ
1588 639 1733 711 ψυχὴ

143 726 335 791 αὐτοῦ,
366 727 463 778 καὶ
484 727 543 778 ὲν
563 729 676 790 τοῖς
696 727 920 798 ἀνόμοις
950 728 1223 800 ἐλογίσθη·
1253 731 1345 784 καὶ
1363 731 1526 794 αὐτὸς
1551 731 1734 802 ἁμαρ-

146 818 264 880 τίας
292 817 504 871 πολλῶν
549 819 817 888 ἀνήνεγκε
839 861 854 880 ,
906 821 1002 874 καὶ
1039 819 1129 874 διὰ
1158 823 1258 885 τὰς
1290 823 1521 892 ἀνομίας
1554 822 1734 877 αὐτῶν

149 906 441 978 παρεδόθη.
484 927 504 958 ι
551 908 971 978 Ἀναλαμϐάνων
993 910 1101 982 γάρ
1125 911 1186 963 τὸ
1215 911 1411 983 μέτρον
1433 912 1542 965 τῶν
1568 913 1732 967 πάλαι

148 997 513 1068 ἁμαρτωλῶν,
541 1000 634 1052 καὶ
656 999 870 1052 ἀσεϐῶν
892 1003 974 1064 είς
1000 1002 1195 1056 ἑαυτὸν
1222 1003 1320 1068 τὰς
1345 1004 1620 1070 ἀσεϐείας,
1640 1007 1732 1060 καὶ

147 1089 528 1145 ἀποδιδύσκων
563 1092 760 1155 αὐτοὺς
787 1093 879 1146 τὸν
907 1094 1007 1165 τῆς
1055 1095 1334 1167 ἁμαρτίας
1382 1097 1604 1167 χιτῶνα,
1654 1099 1734 1152 δι-

151 1183 342 1246 καίους
368 1184 569 1247 αὐτοὺς
611 1183 1006 1256 ἀπεργάζεται.
1064 1187 1163 1240 Διά
1209 1188 1367 1242 τοῦτο
1392 1189 1502 1262 γὰρ
1545 1190 1731 1261 ἐπειδὴ

150 1275 227 1335 εἰς
267 1273 461 1326 ἑαυτὸν
493 1275 592 1338 τὰς
621 1277 730 1328 τῶν
754 1277 965 1330 πολλῶν
987 1278 1251 1346 ἀνέλαϐεν
1286 1281 1580 1351 ἁμαρτίας,
1611 1283 1732 1334 τού-

98 1394 102 1396 -
147 1379 236 1413 του
283 1361 446 1432 χάριν
481 1364 575 1416 καὶ
603 1363 889 1436 δεδύνηται
937 1365 1136 1437 κλῆρον
1180 1366 1355 1436 ἑαυτῷ
1407 1367 1732 1438 ποιήσασθαι

146 1455 272 1518 τοὺς
293 1456 520 1518 πάντας.
553 1457 614 1508 Εἰ
636 1456 744 1526 γὰρ
764 1456 839 1528 μὴ
867 1455 977 1520 οἶός
1003 1475 1061 1512 τε
1091 1453 1160 1530 ἦν
1187 1459 1403 1528 ἀφιέναι
1436 1460 1730 1532 ἁμαρτίας,

145 1546 427 1616 διέμειναν
455 1549 513 1599 ἐν
543 1550 656 1613 τοῖς
683 1550 891 1602 ἑαυτῶν
924 1549 1218 1621 πλημμελή
1228 1567 1381 1621 μασι,
1407 1551 1502 1604 καὶ
1531 1551 1631 1604 οὐκ
1665 1551 1732 1604 ἂν

146 1640 342 1710 ἔτυχον
371 1640 668 1711 σωτηρίας.
701 1639 815 1693 Νῦν
849 1641 904 1693 δὲ
959 1641 1146 1712 ἐπειδὴ
1178 1640 1278 1704 τάς
1309 1641 1581 1712 ἁμαρτίας
1634 1642 1732 1696 αὑ-

144 1733 253 1786 τῶν
291 1733 457 1796 αὐτὸς
489 1733 738 1797 ἀνέλαϐε,
774 1733 862 1787 διὰ
893 1732 1052 1786 τοῦτο
1093 1734 1188 1786 καὶ
1219 1733 1592 1805 κληρονόμους
1634 1735 1728 1787 αὺ-

144 1825 271 1887 τοὺς
315 1823 507 1894 εἴληφε
548 1824 698 1892 παρα
752 1824 846 1877 τοῦ
888 1823 1132 1895 Πατρός·
1171 1823 1279 1876 τῶν
1334 1823 1721 1892 ἀντικειμένων

144 1913 350 1983 δηλαδὴ
376 1913 665 1984 δυνάμεων
698 1914 803 1966 τῶν
828 1932 888 1968 τε
929 1913 1182 1986 πονηρῶν
1231 1914 1522 1985 δαιμονίων
1561 1914 1722 1986 ἐξαρ-

145 2004 330 2067 πάσας
390 2005 489 2068 τάς
542 2004 919 2076 αἰχμαλώτους
977 2004 1069 2058 ὑπ’
1118 2005 1296 2059 αὐτῶν
1348 2006 1724 2076 γεγενημένας

141 2093 345 2164 ψυχὰς,
383 2095 554 2148 σκῦλα
582 2094 760 2166 ἑαυτῷ
785 2096 1093 2166 ἐποιήσατοο
1127 2096 1268 2168 ἅπερ
1292 2095 1462 2149 σκῦλα
1486 2101 1595 2160 τοῖς
1610 2099 1725 2150 ἐαυ-

139 2187 238 2239 τςῦ
277 2187 547 2256 μαθηταῖς
573 2185 830 2256 διένειμε,
877 2187 1172 2258 διαφόρους
1211 2185 1270 2252 ἐξ
1309 2187 1490 2242 αὐτῶν
1525 2205 1725 2262 συστη-

146 2276 386 2344 σάμενος
415 2275 772 2346 Ἔκκλησίας·
804 2276 992 2349 ὥσπερ
1045 2278 1166 2330 τινὰ
1211 2278 1400 2348 μισθὸν
1441 2279 1591 2350 παρὰ
1631 2278 1725 2333 τοῦ

145 2363 362 2435 [ἰατρὸς
394 2364 537 2418 τοῦτ’
566 2365 820 2435 εἰληφὼς,
850 2367 992 2434 λέγω
1025 2366 1088 2436 δὴ
1117 2365 1179 2418 τὸ
1205 2367 1426 2437 ἀφιέναι
1457 2367 1728 2438 ἁμαρτίας

142 2458 258 2516 mi;
299 2457 778 2527 προημαρτηκόσι,
840 2457 935 2510 καὶ
991 2456 1097 2510 ὑπὸ
1147 2456 1236 2510 τὸν
1294 2455 1458 2510 αὑτοῦ
1525 2457 1726 2529 κλῆρον

143 2547 382 2616 ὑπάγειν
409 2549 623 2612 αὐτούς.
639 2549 760 2612 Πῶς
779 2549 838 2602 δὲ
863 2552 921 2602 ἐν
943 2550 1162 2621 ἀνόμοις
1188 2549 1461 2620 ἐλογίσθη,
1487 2549 1728 2603 διδάσκει

141 2638 208 2691 τὸ
236 2639 570 2706 Εὑαγγέλιον
590 2656 602 2668 ⁸
642 2639 762 2692 καθ’
785 2638 844 2691 ὃν
874 2641 1064 2710 καιρὸν
1117 2639 1375 2693 συνεσταῦ
1386 2656 1555 2711 ρωντο
1583 2639 1731 2710 αὑτῷ

142 2730 279 2800 παρ’
310 2729 550 2800 ἑκάτερα
579 2731 626 2782 οἱ
660 2728 883 2802 λῃσταὶ,
911 2728 1302 2803 πεπληρῶσθαι
1318 2729 1461 2798 λέγω
1488 2729 1586 2800 τὴν
1604 2747 1734 2802 προ-

143 2817 400 2888 φητείαν.

666 2909 1058 2964 ΚΕΦΑΛΑΙΟΝ
1100 2912 1222 2965 NA'.

223 3017 244 3048 ι
305 2996 673 3067 Εὐφράνθητι,
728 2999 912 3070 στείρα
951 3001 984 3070 ἡ
1018 3001 1078 3053 οὐ
1111 3003 1396 3057 τίκτουσα·
1430 3005 1590 3076 ῥῆξον
1643 3015 1730 3060 καὶ

1835 550 1947 618 ipse
1987 549 2278 619 possidebit
2323 551 2534 609 multos.
2584 563 2636 605 et
2683 552 2900 606 fortium
2945 555 3148 610 dividet
3184 557 3396 624 spolia:

1834 657 1932 711 pro
1963 657 2028 698 eo
2057 642 2201 712 quod
2245 644 2439 696 tradita
2474 645 2632 698 estin
2676 658 2904 699 mortem
2938 647 3116 702 anima
3156 647 3306 717 ejus,
3345 661 3402 706 et

1834 735 1974 788 inter
2018 734 2231 804 iniquos
2271 743 2548 804 reputatus
2587 743 2705 790 est:
2740 747 2795 790 et
2834 737 2952 806 ipse
3001 749 3222 808 peccata
3261 741 3399 795 mul-

1835 834 2010 879 torum
2059 827 2209 893 tulit,
2243 837 2298 883 et
2339 836 2556 896 propter
2592 827 2899 897 iniquitates
2943 843 3132 885 eorum
3170 833 3399 890 traditus

1835 927 1936 972 est.
1961 937 1979 969 ι
2015 917 2295 986 Siquidem
2332 919 2544 974 illorum
2580 919 2706 974 olim
2728 929 3101 988 peccatorum,
3127 933 3182 977 et
3209 941 3394 980 eorum

1833 1009 1922 1075 qui
1955 1009 2113 1076 impie
2148 1021 2392 1081 egerant,
2425 1027 2754 1077 mensuram,
2786 1013 3035 1069 videlicet
3063 1016 3395 1084 iniquitates,

1834 1102 1886 1153 in
1927 1117 1985 1156 se
2023 1103 2307 1167 recipiens,
2333 1119 2537 1173 eosque
2580 1104 2784 1172 peccati
2822 1106 2998 1159 tunica
3041 1120 3282 1170 exuens,
3310 1111 3399 1178 ju-

1834 1200 1946 1247 stos
1974 1193 2155 1248 elﬁcit.
2187 1195 2340 1260 Quod
2371 1197 2512 1251 enim
2556 1197 2848 1251 multorum
2879 1198 2932 1252 in
2973 1214 3032 1253 se
3061 1212 3281 1268 peccata
3317 1218 3399 1258 re-

1832 1286 2057 1354 ceperit,
2109 1287 2226 1342 ideo
2292 1289 2464 1358 po‘tuit
2537 1289 2700 1344 etiam
2748 1305 2937 1347 omnes
2989 1303 3190 1348 sortem
3241 1310 3394 1350 suam

1833 1386 1886 1430 et
1914 1377 2279 1433 hterediratem
2316 1379 2546 1436 efﬁcere.
2596 1381 2708 1436 Nisi
2751 1383 2892 1436 enim
2938 1393 3153 1451 peccata
3199 1389 3398 1443 condo‘

1835 1484 1964 1524 nare
1999 1472 2280 1540 potuisset.
2329 1472 2380 1526 in
2426 1474 2538 1528 suis
2581 1473 2652 1528 illi
2688 1475 2985 1530 sceleribus
3033 1481 3394 1546 permansuri,

1835 1575 1932 1614 nec
1962 1563 2187 1618 salutem
2213 1566 2556 1619 consecuturi
2588 1573 2761 1620 erant.
2793 1566 2943 1620 Nunc
2975 1584 3099 1622 vero
3127 1570 3250 1640 quia
3280 1586 3399 1639 pec-

1834 1662 1954 1706 cata
1981 1667 2166 1708 eorum
2197 1655 2311 1724 ipse
2337 1659 2590 1727 suscepit,
2622 1659 2740 1712 ideo
2773 1659 2917 1728 ipsos
2953 1675 2980 1713 a
3017 1661 3178 1717 Patre
3203 1663 3254 1717 in
3287 1669 3393 1718 hae-

1838 1746 2117 1800 reditatem
2149 1749 2394 1816 accepit;
2436 1749 2635 1818 ereptis
2673 1751 2920 1805 videlicet
2956 1768 2985 1804 e
3025 1768 3183 1806 manu
3209 1755 3396 1810 adver-

1827 1838 2096 1891 sariarutn
2134 1849 2464 1908 potestatum
2487 1851 2542 1896 et
2572 1841 2928 1911 malignorum
2955 1846 3256 1902 daemonum
3294 1849 3398 1903 illis

1824 1930 1952 1985 olim
1993 1934 2219 2001 captivis
2262 1935 2566 2000 animabus,
2613 1950 2707 1990 eas
2751 1936 2802 1988 in
2835 1938 3002 2006 spolia
3049 1954 3145 1993 sua
3190 1941 3398 2006 vertit;

1825 2039 1944 2092 qua:
1976 2025 2146 2094 spolia
2193 2026 2473 2095 discipulis
2521 2027 2634 2082 suis
2676 2028 2971 2098 distribuit,
3020 2040 3078 2085 ut
3120 2033 3300 2088 varias
3329 2049 3397 2089 ex

1825 2115 1906 2170 eis
1947 2119 2305 2174 constitueret
2327 2118 2619 2176 Ecclesias.
2649 2121 2782 2175 Nam
2810 2138 2909 2179 ceu
2933 2129 3226 2194 quamdam
3253 2143 3399 2188 mer-

1825 2213 2012 2266 cedem
2063 2215 2114 2268 id
2147 2229 2177 2267 a
2215 2213 2374 2270 Patre
2405 2227 2726 2288 acceperat;
2769 2219 3018 2276 videlicet
3044 2234 3266 2292 peccata
3302 2225 3397 2280 de-

1829 2303 2192 2374 linquentibus
2219 2307 2522 2364 dimittendi
2551 2318 2712 2378 atque
2745 2310 2890 2380 ipsos
2933 2313 2984 2367 in
3017 2324 3218 2369 sortem
3242 2332 3397 2373 suam

1828 2398 2116 2452 reducendi
2157 2399 2493 2455 facultatem.
2537 2401 2654 2469 Quo
2696 2414 2854 2472 pacto
2901 2415 3078 2462 autem
3126 2408 3265 2463 inter
3299 2410 3401 2465 ini-

1827 2505 1964 2559 quos
2010 2501 2288 2560 reputatus
2335 2493 2429 2556 sit,
2479 2494 2635 2548 docet
2675 2495 3056 2567 Evangelium;
3095 2514 3160 2554 eo
3201 2501 3400 2570 quippe

1832 2592 2069 2651 tempore
2097 2599 2208 2654 quo
2235 2599 2300 2639 ex
2335 2595 2562 2654 utroque
2589 2585 2704 2653 ejus
2739 2587 2910 2643 latere
2948 2589 3196 2645 cruciﬁxi
3239 2591 3400 2647 latro-

1832 2689 1926 2730 nes
1961 2685 2105 2741 sunt,
2147 2677 2340 2730 eodem
2379 2679 2652 2748 impletam
2687 2682 2810 2736 dico
2842 2685 3208 2752 prophetiam.

2419 2906 2648 2963 CAPUT
2679 2907 2813 2964 LIV.
2888 2891 2893 2897 ’

1905 2996 2067 3051 Vens.
2094 2999 2144 3053 Ι.
2176 3017 2196 3049 ι
2223 2997 2449 3062 Lzetare,
2470 3002 2822 3071 sterilis,qu.'e
2845 3018 2946 3056 non
2967 3005 3148 3072 paris:
3177 3020 3402 3078 erumpe

139 3087 370 3158 βόησον,
423 3090 457 3159 ἡ
503 3089 602 3141 οὐκ
645 3087 931 3142 ὠδίνουσα’
979 3092 1058 3144 ὃτι
1102 3093 1272 3146 πολλά
1314 3095 1382 3148 τά
1424 3097 1589 3150 τέκνα
1631 3095 1728 3166 τῆς

1835 3099 1889 3143 et
1920 3090 2115 3154 clama,
2153 3105 2272 3159 quae
2305 3106 2408 3144 non
2461 3093 2736 3160 parturis:
2780 3091 2905 3162 quia
2957 3095 3140 3164 plures
3177 3096 3271 3152 lilii
3316 3100 3404 3152 de-

139 3181 382 3260 ἐρήμου,
420 3179 618 3250 μᾶλλον
648 3180 681 3251 ἤ
717 3181 817 3252 τῆς
844 3183 1074 3256 ἐχούσης
1113 3185 1204 3239 τὸν
1228 3186 1418 3260 ἄνδρα.
1449 3210 1465 3239 ι
1493 3189 1592 3244 Διά
1616 3191 1724 3244 τῶν

142 3256 530 3342 προκειμένων
580 3276 607 3326 ό
649 3272 804 3342 λόγος
845 3273 1248 3344 εὐαγγελίζεται
1297 3256 1398 3351 τὴν
1448 3281 1516 3335 δι’
1559 3282 1723 3337 αὐτοῦ

142 3362 274 3416 καθ’
310 3362 440 3434 ὅλης
483 3362 584 3434 τῆς
625 3365 946 3436 οἰκουμένης
986 3366 1320 3439 ἱδρυνθεῖσαν
1377 3372 1722 3444 Ἐκκλησίαν,

143 3453 323 3505 πάλαι
358 3448 525 3506 οὖσαν
576 3452 806 3526 ἔρημον,
854 3456 949 3509 καὶ
980 3458 1171 3526 ἄγονον
1217 3461 1311 3514 καὶ
1341 3462 1610 3534 ἄκαρπον,
1644 3466 1726 3519 διὸ

138 3541 500 3612 καὶ-στεῖραν
530 3543 699 3614 αὐτὴν
726 3545 999 3616 ὀνομάζει.
1057 3549 1271 3622 Ἐπειδὴ
1309 3552 1552 3607 τοιαῦταί
1581 3572 1726 3619 τινες

141 3631 289 3705 ἦσαν
315 3635 486 3688 πάλαι
513 3638 568 3688 αἱ
592 3637 702 3690 τῶν
727 3638 970 3693 ἀπίστων
990 3640 1176 3711 ψυχαί.
1198 3643 1309 3696 Καὶ
1329 3643 1436 3715 γὰρ
1463 3640 1531 3715 ἦν
1559 3647 1725 3702 πάλαι

144 3728 183 3796 ἡ
209 3727 270 3791 ἐξ
313 3725 482 3779 ἐθνῶν
527 3728 818 3800 Ἐκκλησία
860 3732 1200 3804 ἠφανισμένη
1247 3735 1341 3787 καὶ
1371 3735 1594 3808 ἔρημος,
1631 3740 1725 3793 ἀτε

147 3817 386 3887 μηδέπω
435 3817 523 3871 τὸν
571 3821 889 3892 ἐπουράνιον
939 3819 1248 3897 κεκτημένη
1293 3829 1543 3899 νυμφίον.
1578 3831 1724 3902 Πλὴν

149 3907 534 3978 πολυκαρπίαν
585 3910 720 3980 αὐτῇ
776 3912 871 3965 καὶ
929 3913 1283 3970 πολυπαιδίαν
1333 3919 1726 3988 ἐπαγγέλλεται

150 3997 381 4051 πλείονα
404 3999 501 4068 τῆς
532 4000 762 4071 ἐχούσης
784 4002 874 4056 τὸν
902 4004 1090 4077 ἄνδρα.
1126 4001 1223 4070 Τίς
1249 4008 1305 4060 δὲ
1332 4005 1400 4080 ἦν
1432 4009 1569 4080 αὕτη
1599 4012 1632 4082 ἢ
1665 4013 1727 4065 τὸ

162 4088 436 4141 Ἰουδαίων
470 4090 640 4154 ἔθνος,
692 4094 785 4146 καὶ
824 4097 857 4166 ὴ
895 4099 1023 4167 παρ’
1057 4099 1238 4162 αὐτοῖς
1267 4099 1434 4154 πάλαι
1471 4104 1724 4176 τετιμένη

145 4182 226 4244 ὡς
269 4179 408 4233 Θεοῦ
441 4183 595 4246 πόλις
635 4185 1022 4258 Ἰερουσαλήμ;
1069 4188 1225 4253 Ἤτις
1273 4191 1469 4262 ἔχουσα
1499 4194 1590 4249 τὸν
1632 4196 1726 4250 ἀν-

145 4270 273 4341 δρα,
310 4271 404 4325 τὸν
441 4274 760 4345 ἐπουράνιον
785 4276 962 4344 λόγον,
992 4278 1252 4349 ἠλέγχετο
1278 4281 1615 4338 ἀποστασίου
1649 4286 1730 4357 βι-

149 4359 302 4412 ϐλίον
323 4362 473 4432 αὐτῷ
497 4363 777 4420 δεδωκυία.
809 4367 895 4420 Ἐν
917 4369 1216 4440 παραθέσει
1249 4374 1424 4426 τοίνυν
1443 4376 1541 4446 τῆς
1561 4377 1727 4432 πάλαι

1834 3192 2014 3248 sertae,
2049 3197 2212 3252 quam
2244 3181 2362 3252 ejus
2387 3199 2507 3252 quae
2543 3185 2704 3238 habet
2731 3185 2926 3242 virum.
2964 3205 2983 3239 ι
3016 3187 3109 3243 His
3139 3187 3400 3247 Ecclesiae

1833 3272 1901 3325 ah
1934 3289 1993 3328 se
2021 3289 2119 3344 per
2146 3284 2313 3329 totum
2354 3277 2540 3330 orbem
2566 3276 2878 3333 constituta:
2899 3279 3105 3334 bonum
3150 3283 3397 3338 nuntium

1833 3362 2020 3420 all'ert:
2057 3381 2176 3433 qua:
2201 3367 2418 3435 quidem
2446 3367 2573 3421 olim
2601 3370 2814 3423 deserta
2835 3410 2850 3434 ,
2887 3369 3176 3426 infecunda
3217 3383 3273 3428 et
3304 3373 3392 3429 in.

1830 3455 2108 3512 fructuosa
2148 3469 2300 3523 erat,
2351 3459 2578 3528 ideoque
2632 3462 2801 3529 ipsam
2852 3465 3090 3519 sterilem
3137 3467 3400 3537 appellat.

1832 3548 1968 3603 Nam
1998 3548 2302 3616 huiusmodi
2337 3552 2604 3620 quondam
2639 3563 2796 3608 erant
2839 3555 3130 3610 infidelium
3159 3558 3398 3627 gentium

1835 3640 2044 3695 animat.
2083 3640 2358 3709 Siquidem
2392 3642 2626 3699 Ecclesia
2667 3659 2729 3698 ex
2777 3646 3024 3716 gentibus
3071 3647 3230 3711 olim,
3277 3665 3400 3704 cum

1833 3729 2104 3785 ccelcstem
2138 3745 2392 3801 sponsum
2424 3736 2655 3788 nondum
2713 3736 3014 3801 obtineret,
3059 3740 3298 3796 desolata
3347 3754 3404 3799 et

1836 3823 2048 3878 deserta
2073 3832 2210 3878 erat.
2235 3823 2432 3878 Verum
2480 3825 2864 3884 fecunditatem
2901 3832 2998 3900 ipsi
3028 3842 3082 3887 et
3112 3832 3400 3889 liberorum

1829 3913 2191 3982 irequentiam
2227 3915 2483 3985 majorem
2521 3919 2829 3986 pollicetur,
2865 3939 3026 3991 quam
3057 3924 3137 3990 ei,
3169 3940 3288 3994 quae
3323 3929 3405 3982 vi-

1837 4022 1951 4060 rum
1983 4007 2236 4063 habebat.
2261 4008 2519 4075 Quaenam
2544 4011 2636 4064 illa
2667 4025 2812 4078 erat,
2858 4017 2957 4070 nisi
2993 4033 3124 4088 gens
3151 4016 3402 4085 Iudaica,

1835 4107 1890 4153 et
1915 4114 2000 4162 ea,
2032 4114 2150 4168 qum
2177 4101 2305 4154 olim
2358 4117 2520 4170 penes
2566 4104 2709 4174 ipsos
2743 4116 2799 4160 ιιι
2842 4109 3034 4164 civitas
3070 4109 3166 4165 Dei
3213 4111 3264 4165 in
3307 4114 3406 4166 ho-

1838 4205 1967 4245 nore
1998 4190 2313 4255 habebatur,
2345 4192 2684 4250 Jerusalem?
2713 4199 2840 4265 Quae
2871 4215 2992 4254 cum
3032 4203 3202 4256 virum
3240 4204 3404 4259 habe-

1839 4292 1940 4345 ret,
1971 4283 2190 4338 cmleste
2215 4285 2462 4341 videlicet
2492 4287 2710 4342 verbum
2734 4330 2749 4350 ,
2789 4291 2886 4360 ipsi
2933 4293 3164 4347 lihellmu
3199 4297 3400 4363 repudii

1837 4374 2047 4428 dedisse
2073 4377 2472 4446 comprobatur.
2518 4381 2598 4433 Ad
2634 4385 3093 4452 comparationem
3147 4389 3306 4457 Igitur
3335 4388 3401 4442 il-

139 4451 240 4504 τὸν
265 4452 438 4523 ἄνδρα
466 4457 828 4528 κεκτημένης,
853 4461 884 4530 ή
908 4462 964 4513 ὲν
991 4465 1103 4524 τοῖς
1131 4461 1337 4518 ἔθνεσιν
1362 4464 1566 4537 ἕρημος
1597 4464 1728 4522 οὖσα

1838 4465 1961 4528 lius,
1997 4480 2117 4534 quae
2141 4467 2267 4521 olim
2302 4470 2475 4523 virum
2502 4451 2962 4536 babehat,ianima
3007 4477 3092 4532 illa
3124 4451 3244 4548 quae
3271 4480 3400 4536 olim

145 4543 210 4596 τὸ
265 4544 401 4614 πρὶν
431 4545 564 4598 Θεοῦ
609 4547 753 4619 ψυχὴ
793 4551 1122 4620 ἐπαγγελίας
1166 4553 1407 4618 ἀξιοῦται
1455 4560 1732 4630 χρηστῆς,

148 4634 512 4688 πολυπαιδίας]
552 4640 644 4691 καὶ
678 4641 1030 4697 πολυτεκνίαν
1065 4646 1202 4715 αὐτῇ
1245 4646 1731 4719 εὐαγγελιζομένου

133 4725 245 4791 ’τοῦ
281 4726 471 4795 λόγου·
504 4730 579 4793 ὡς
619 4733 676 4784 ὲν
711 4733 1010 4805 παραθέσει
1042 4737 1135 4789 τοῦ
1173 4740 1237 4790 ἐκ
1271 4740 1572 4812 περιτομῆς
1603 4742 1732 4796 λαοῦ

147 4819 217 4869 τὰ
244 4819 414 4872 τέκνα
443 4821 648 4894 ταύτης
675 4825 1222 4892 πολυπλασιάζεσθαι.

227 5013 246 5038 ε
278 4989 414 5048 Εἷπε
449 4997 556 5068 γὰρ
581 5002 786 5074 Κύριος
810 5022 823 5034 ·
867 5006 1137 5062 Πλάτυνον
1170 5010 1258 5063 τὸν
1282 5011 1446 5066 τόπον
1471 5015 1568 5084 τῆς
1597 5032 1732 5085 σκη-

150 5086 247 5155 νῆς
293 5103 410 5150 σου,
447 5090 538 5142 καὶ
581 5092 679 5156 τάς
727 5095 938 5167 δέρρεις
971 5101 1080 5154 τῶν
1117 5101 1351 5155 αὑλαιῶν
1387 5121 1478 5156 σου
1525 5105 1724 5176 πῆξον’

153 5175 228 5245 μὴ
277 5176 477 5250 φείσῃο
521 5181 795 5253 μάκρυνον
832 5185 901 5240 τὰ
945 5191 1300 5261 σχοινίσματά
1336 5209 1449 5254 σου,
1481 5175 1728 5258 καὶτοὺς

149 5267 468 5332 πασσάλους
502 5287 594 5324 σου
627 5276 973 5346 κατίσχυσον.
1004 5300 1021 5331 ι
1070 5280 1334 5336 Λέλεκται
1367 5285 1420 5337 δὲ
1451 5285 1620 5339 ταῦτα
1653 5287 1728 5350 ὡς

147 5356 213 5407 ἀν
246 5359 343 5410 καὶ
370 5360 463 5411 ἐπὶ
490 5363 587 5433 τῆς
619 5368 822 5437 σκηνῆς
838 5370 936 5441 τῆς
952 5373 1056 5424 ὑπὸ
1076 5374 1354 5438 Μωῦσέως
1388 5393 1730 5431 κατασκευα-

149 5446 411 5518 σθείσης’
477 5453 660 5528 ἐκείνῃ
710 5459 820 5530 γάρ
880 5465 1224 5534 χρησάμενος
1263 5469 1291 5519 ὁ
1329 5466 1484 5535 λόγος
1538 5471 1726 5536 εἰκόνι,

149 5540 214 5608 τῇ
255 5539 315 5604 ἐξ
348 5541 842 5632 ΫὲθνῶνἙκκλησίᾳ
884 5559 1196 5624 προσφωνεί
1245 5559 1318 5628 μὴ
1360 5559 1480 5611 κατ’
1515 5561 1730 5632 ἐκείνην

156 5631 452 5699 σμικρύναι
483 5635 580 5706 τὴν
607 5638 806 5709 ἑαυτῆς
833 5644 1140 5716 οἰκοδομὴν,
1179 5647 1314 5701 ἀλλά
1346 5649 1608 5704 πλατῦναι
1632 5631 1728 5707 τῆν

153 5728 532 5797 σκηνοπηγίαν
575 5732 798 5802 ἑαυτῆς,
843 5737 1157 5796 ἐκτείνασαν
1198 5743 1278 5804 εἰς
1321 5742 1522 5812 ἄφατον
1554 5746 1728 5816 μῆκός

1835 4557 1888 4611 iu
1915 4559 2162 4626 gentibus
2197 4560 2410 4614 deserta
2438 4579 2465 4614 a
2497 4563 2606 4618 Deo
2634 4575 2777 4631 erat,
2810 4569 3169 4636 promissione
3201 4573 3400 4642 optima

1835 4650 2086 4712 donatur,
2129 4649 2252 4704 dum
2287 4653 2384 4720 ipsi
2437 4653 2740 4710 feettuditas
2781 4668 2836 4711 et
2874 4659 3170 4714 liberorqu
3225 4663 3403 4716 ntulti-

1837 4742 1962 4796 tudo
1995 4744 2384 4810 auunntiatur;
2424 4747 2495 4800 ita
2545 4756 2604 4800 ut.
2633 4747 2862 4802 liliorum
2895 4765 3116 4805 numero
3146 4755 3403 4824 populum

1831 4849 1898 4887 ex
1947 4833 2401 4904 circumcisione,
2457 4839 2544 4893 cui
2600 4853 2981 4911 comparatur,
3039 4846 3197 4916 longe
3254 4862 3406 4905 ante-

1830 4926 2004 4980 cedat.

1900 5015 2063 5072 Veas.
2099 5019 2152 5072 ἓ.
2199 5038 2217 5070 ι
2276 5019 2420 5074 Dixit
2456 5023 2600 5076 enim
2655 5023 2910 5079 Dominus
2945 5045 2958 5081 :
2998 5026 3168 5081 Dilata
3226 5028 3404 5081 locum

1831 5107 2160 5161 tabernaculi
2195 5109 2291 5170 tui,
2322 5121 2375 5162 et
2401 5109 2567 5175 pellu-s
2595 5111 2885 5167 aulzeorum
2915 5124 3128 5170 tuorum
3155 5118 3256 5188 ﬁge
3284 5134 3300 5169 :
3342 5133 3406 5169 Im

1834 5211 2059 5264 pareas;
2094 5201 2350 5267 protende
2369 5198 2638 5256 funiculos
2659 5214 2800 5267 tuos,
2830 5215 2883 5261 el
2907 5207 3089 5262 clavos
3120 5218 3238 5262 tuos
3273 5222 3404 5260 con-

1832 5288 2021 5342 solida.
2055 5309 2073 5340 ι
2101 5289 2223 5344 Haec
2244 5293 2494 5346 dicuntur
2514 5296 2672 5363 quasi
2696 5298 2762 5350 de
2789 5299 3132 5354 tabernaculo
3156 5316 3184 5352 a
3214 5300 3404 5370 Moyse

1835 5392 2186 5438 constructo:
2234 5400 2360 5437 nam
2408 5387 2510 5441 hoc
2541 5389 2789 5458 exemplo
2827 5407 2957 5446 usus
3003 5393 3266 5461 propinata
3300 5393 3401 5449 Eo-

1835 5473 2014 5527 clesite
2059 5490 2123 5528 ex
2157 5477 2408 5543 gentibus
2451 5480 2634 5546 edicit,
2691 5493 2748 5535 ut
2791 5499 2857 5536 ue
2888 5487 2951 5538 ad
3004 5487 3219 5540 modum
3259 5486 3401 5542 illius

1838 5575 2119 5634 angustam
2153 5578 2479 5624 structuram
2515 5589 2665 5627 suam
2699 5574 2882 5638 faciat,
2918 5578 3012 5632 sed
3045 5579 3270 5632 tentoria
3304 5594 3398 5634 sua

1835 5660 2088 5712 extendat
2127 5659 2178 5713 in
2233 5660 2621 5732 longitudinem
2668 5666 3118 5739 latitudinemque
3173 5672 3399 5726 immen-

1836 5765 1972 5804 sam.
2024 5751 2154 5806 Natn
2201 5756 2340 5823 quod
2385 5771 2412 5807 a
2460 5756 2640 5828 Moyse
2679 5770 2941 5815 structum
2995 5765 3394 5820 tabernaculum
