3880 6216
499 364 605 418 4υὸ

1160 358 1422 417 EUSEBII
1461 354 1932 413 ClESARlENSlS
1970 339 2116 411 ΘΡΡ.
2162 357 2336 412 PARS
2377 356 2459 412 lll.
2497 387 2565 396 —
2604 355 3014 412 EXEGETICA.

3644 355 3752 408 46-5

502 487 603 544 est,
637 486 850 533 centum
886 477 1220 544 longitudine
1251 476 1554 528 cubitorum
1591 482 1744 538 eral,
1793 474 2060 527 latitudim

2173 493 2229 528 τε
2280 477 2370 528 καὶ
2410 475 2630 538 πλάτος.
2679 475 2741 526 Ἢ
2779 475 2877 544 μὲν
2925 473 3032 545 γάρ
3090 473 3194 526 ὑπὸ
3232 474 3509 536 Μωῢσέως
3567 490 3745 527 κατα-

504 587 633 626 vero
673 571 1080 641 quinquaginta.
1128 568 1224 622 llic
1266 582 1391 620 vero
1443 567 1552 630 ait,
1599 564 1673 618 Ne
1703 581 1864 634 parce
1905 581 2067 633 agas,

505 663 678 735 neque
710 674 760 718 te
787 665 838 716 in
865 674 1142 731 angustam
1177 675 1486 714 mensuram
1519 659 1758 726 redigas,
1793 658 1888 712 sed
1917 658 2072 726 longe

505 759 721 826 lateque
763 765 812 808 te
843 756 1100 809 extendas
1153 769 1218 807 ac
1275 764 1582 814 construas,
1615 761 1669 804 et
1690 760 1906 807 caetera.
1938 749 2070 804 Novi

503 867 662 920 porro
699 851 918 918 hujusce
955 845 1324 911 tabernaculi,
1365 845 1507 914 quod
1563 845 1679 897 fixit
1729 843 1988 896 Dominus
2018 853 2072 895 et

504 957 609 995 non
645 941 831 1002 homo,
875 938 1300 1006 longitudinem,
1355 936 1692 989 latitudinem
1734 944 1788 989 et
1818 935 2072 1005 amplitu-

503 1032 680 1085 dinem
739 1029 1026 1097 intelligzvs,
1073 1030 1115 1081 si
1169 1029 1497 1098 perpendas,
1537 1039 1798 1094 quantum
1832 1039 1978 1083 esset
2007 1029 2071 1081 il-

503 1123 591 1177 lud
632 1124 729 1178 sub
760 1121 944 1192 Moyse
979 1134 1349 1175 constructum
1395 1121 1832 1186 tabernaculum;
1867 1131 2069 1188 quanta

502 1225 645 1271 esset
683 1214 981 1269 Jerusalem
1033 1214 1288 1282 templum
1334 1214 1538 1267 habens
1579 1213 1916 1283 longitudine
1943 1214 2066 1280 qui-

501 1309 623 1363 dem
646 1308 1003 1377 quadraginta
1025 1306 1356 1371 cubitorum,
1384 1305 1666 1360 latitudine
1687 1305 1892 1374 viginti.
1918 1304 2069 1370 Quod

503 1402 545 1456 si
578 1399 834 1469 templum
865 1399 991 1451 illud
1027 1399 1077 1450 in
1101 1413 1206 1450 una
1235 1397 1535 1452 Palaestina:
1563 1398 1692 1452 urbe
1709 1397 2069 1451 admiratione

503 1495 719 1564 dignum
750 1500 906 1555 erat,
940 1499 1142 1559 quanto
1173 1491 1343 1559 magis
1389 1489 1656 1544 mirabilis
1687 1489 1774 1543 illa
1819 1490 2068 1558 frequen-

501 1588 593 1649 tia,
627 1583 937 1654 magnitudo
985 1594 1038 1636 et
1092 1582 1431 1651 pulchritudo
1493 1581 1842 1636 ecclesiarum
1886 1581 1976 1636 Dei
2013 1581 2065 1635 in

499 1675 648 1731 omni
704 1675 821 1729 loco
860 1674 1258 1728 excitaturum!
1326 1689 1449 1727 nam
1499 1683 1642 1728 totus
1689 1674 1837 1728 orbis
1879 1675 2066 1744 plenus

499 1767 740 1823 ecclesiis
771 1777 874 1821 est.

571 1856 732 1911 Vens.
765 1859 819 1912 3.
853 1875 872 1908 ι
907 1857 1094 1911 Adhuc
1129 1873 1156 1910 a
1191 1857 1397 1912 dextris
1433 1867 1488 1913 et
1527 1873 1554 1912 a
1600 1859 1836 1913 sinistris
1862 1857 2062 1924 dilata,

498 1957 554 2000 et
580 1963 763 2002 semen
805 1956 952 2000 tuum
983 1947 1278 2018 pOSsidebit
1317 1959 1522 2017 gentes,
1553 1960 1606 2003 et
1633 1951 1794 2003 urbes
1821 1951 2064 2004 desertas

500 2040 790 2094 habitabis.
823 2057 841 2089 ι
878 2039 1074 2092 Semen
1101 2049 1278 2095 autem
1320 2040 1570 2094 Ecclesim
1603 2041 1695 2094 Dei
1723 2040 1886 2094 fuerit
1907 2058 2065 2096 evan-

497 2133 701 2202 gelicus
733 2147 945 2196 sermo,
979 2134 1044 2186 de
1090 2148 1195 2200 quo
1246 2134 1464 2197 dicitur,
1503 2151 1522 2182 ι
1568 2133 1709 2186 Exiit
1757 2135 1846 2201 qui
1901 2136 2065 2189 semi-

499 2223 925 2285 natseminare‘,
961 2242 979 2274 ι
1005 2233 1078 2286 et.
1114 2243 1133 2274 ‹
1170 2223 1356 2280 Nonne
1389 2226 1587 2280 bonum
1615 2241 1798 2280 semen
1829 2229 2066 2282 semina-

497 2317 565 2369 sti
617 2317 667 2368 in
705 2330 834 2384 agro
860 2315 924 2368 ’Υ
964 2334 983 2367 ι
1019 2315 1202 2370 Potest
1247 2318 1373 2371 item
1425 2333 1609 2372 semen
1657 2318 1906 2373 Ecclesiae
1943 2336 2064 2375 esse

497 2409 863 2480 apostolorum
909 2417 963 2462 et
1023 2408 1408 2478 discipulorum
1474 2409 1685 2463 Domini
1748 2412 1915 2465 nostri
1967 2413 2063 2465 do-

497 2503 670 2556 ctrina
693 2543 707 2564 ,
752 2516 983 2570 quormu
1015 2515 1178 2569 opera
1226 2503 1310 2570 pia
1359 2503 1547 2572 religio
1579 2507 1632 2556 in
1667 2503 1772 2558 illis
1801 2505 1926 2557 olim
1965 2507 2058 2559 de-

513 2595 721 2648 iaStatis
754 2592 969 2661 Deoque
996 2594 1180 2648 vacuis
1208 2593 1595 2649 solitudinibus
1623 2596 1922 2650 constituta
1954 2606 2058 2650 est.

570 2770 729 2827 \‘sas.
755 2771 810 2825 4.
851 2790 869 2822 ι
907 2770 1023 2826 Noli
1071 2772 1282 2834 timere,
1314 2773 1437 2842 quia
1484 2772 1708 2827 confusa
1757 2788 1856 2828 es:
1891 2787 2064 2842 neque

504 2866 805 2925 rrubescas,
834 2865 958 2933 quia
1003 2865 1386 2933 exprobratum
1415 2866 1507 2919 tibi
1547 2876 1630 2920 est
1659 2881 1672 2918 :
1713 2867 1836 2936 quia
1867 2867 2063 2920 confu-

493 2958 663 3012 sionis
690 2967 959 3027 perpetua:
997 2956 1373 3021 oblivisceris,
1416 2966 1472 3010 et
1516 2959 1790 3027 opprobrii
1827 2958 2060 3012 viduita-

499 3051 568 3105 tis
597 3059 699 3104 tuae
733 3066 839 3104 non
872 3048 1245 3103 recordaberis
1277 3047 1528 3117 amplius.
1564 3067 1584 3098 ι
1624 3047 1757 3102 Nam
1797 3065 1918 3105 cum
1953 3061 2063 3104 ste-

2174 567 2552 632 σκευασοείσα,
2577 568 2792 637 πηχέων
2810 563 2877 637 ἦν
2899 573 2944 638 ρ’
2977 567 3176 636 μῆκος·
3219 565 3418 627 πλάτος
3445 564 3503 616 δὲ
3539 571 3602 617 ν’.
3632 566 3751 616 Ἐν-

2171 661 2342 714 ταῦθα
2367 663 2422 714 δέ
2449 679 2600 732 φησι,
2629 663 2718 733 Μὴ
2747 660 2907 732 φείσῃ
2933 659 3143 719 τούτου,
3175 657 3310 728 μηδέ
3337 659 3753 731 στενοχωρήσῃς

2173 754 2400 824 σεαυτὴν
2447 757 2558 816 τοῖς
2602 753 2849 823 μέτροις·
2875 751 2987 804 ἀλλ’
3021 751 3307 803 ἐκτείνασα
3357 749 3598 821 μακρὰν,
3655 751 3752 802 καὶ

2171 843 2420 904 κτίσασα,
2456 842 2647 894 καὶτὰ
2694 842 2837 911 ἐξῆς.
2884 841 3112 912 Νοήσεις
3143 839 3200 891 δὲ
3241 839 3301 892 τὸ
3349 840 3520 910 μῆκος
3561 841 3660 892 καὶ
3690 841 3754 893 τὸ

2173 933 2388 994 πλάτος,
2427 933 2519 985 καὶ
2548 932 2608 983 τὸ
2638 931 2867 1001 μέγεθος
2898 930 2996 1000 τῆς
3034 930 3158 992 νέας
3189 929 3390 999 ταύτης
3420 930 3648 1000 σκηνῆς,
3681 930 3753 999 ἢν

2169 1023 2368 1094 ἔπηξεν
2400 1025 2428 1074 6
2456 1021 2657 1092 Κύριος
2687 1022 2778 1074 καὶ
2805 1021 2903 1073 ούκ
2935 1019 3240 1092 ἄνθρωπος,
3271 1021 3362 1072 ἐπὶ
3389 1020 3512 1074 νοῦν
3540 1020 3752 1083 λαϐὼν,

2168 1117 2266 1186 ὅση
2301 1116 2398 1186 μὲν
2432 1116 2642 1186 ὑπῆρχε
2685 1117 2796 1176 τοῖς
2827 1114 3046 1184 μέτροις
3084 1115 3117 1184 ἡ
3151 1114 3243 1165 ἐπὶ
3274 1115 3550 1177 Μωῦσέως
3580 1131 3757 1168 κατα-

2169 1207 2549 1270 σκευασθεῖσα,
2590 1208 2688 1278 ὅση
2729 1201 2796 1276 ἦν
2847 1205 3197 1278 Ἰερουσαλὴμ
3231 1205 3321 1258 τὸν
3355 1205 3489 1258 νεὼν
3525 1205 3752 1275 ἔχουσα,

2171 1303 2375 1372 μήκους
2391 1296 2456 1371 ἧν
2475 1298 2662 1369 πηχῶν
2679 1298 2794 1368 (sic)
2819 1304 2890 1369 μ’,
2909 1297 3139 1361 πλάτους
3159 1303 3225 1351 κ’.
3256 1298 3342 1362 Ὧς
3359 1297 3476 1350 εἰπε
3485 1315 3514 1368 ρ
3529 1293 3596 1368 ἦν
3615 1297 3754 1350 θαύο

2170 1410 2339 1464 ματος
2372 1391 2520 1456 ἄξιος
2551 1393 2580 1444 ὅ
2601 1408 2659 1443 τε
2687 1389 2822 1454 νεὼς
2853 1392 2910 1442 ἐν
2942 1391 3041 1460 μιᾷ
3069 1389 3219 1444 πόλει
3246 1392 3344 1460 τῆς
3379 1390 3754 1460 Παλαιστίνης

2169 1483 2467 1555 ἱδρυμένος,
2522 1483 2674 1553 πόσῳ
2715 1482 2912 1553 μᾶλλον
2944 1481 3004 1534 τὸ
3046 1481 3248 1552 πλῆθος
3281 1482 3372 1535 καὶ
3404 1481 3472 1534 τὰ
3512 1482 3749 1552 μεγέθη,

2166 1577 2259 1628 καὶ
2285 1575 2352 1629 τὰ
2385 1575 2550 1647 κάλλη
2577 1574 2686 1628 τῶν
2714 1575 2854 1628 κατὰ
2884 1574 3062 1628 πάντα
3089 1574 3251 1628 τόπον
3288 1575 3752 1646 ἁνεγηγερμένων

2165 1668 2466 1739 ἐκκλησιῶν
2502 1668 2595 1721 τοῦ
2642 1667 2811 1721 Θεοῦ·
2863 1667 3034 1739 μεστὴ
3071 1666 3180 1738 γάρ
3221 1667 3525 1720 ἐκκλτίσιῶν
3571 1669 3606 1738 ή
3651 1667 3749 1721 ὑπ’

2163 1761 2409 1831 οὐρανόν.

2243 1874 2261 1904 ι
2287 1854 2406 1905 Ἔτι
2448 1853 2527 1915 είς
2572 1852 2638 1906 τὰ
2682 1851 2828 1915 δεξιὰ
2860 1852 2954 1904 καὶ
2982 1851 3051 1906 τὰ
3083 1851 3346 1922 ἀριστερά
3379 1868 3471 1904 σου
3503 1851 3748 1905 ἐκπέτα-

2170 1963 2279 2011 σον,
2316 1946 2410 1998 καὶ
2441 1944 2503 1998 τὸ
2537 1944 2754 2014 σπέρμα
2789 1961 2880 1996 σου
2907 1943 3032 2016 ἔθνη
3067 1944 3484 2016 κληρονομήσει,
3519 1943 3612 1995 καὶ
3641 1943 3748 1995 πὸο

2167 2041 2277 2104 λεις
2294 2039 2657 2110 ὴρεμωμένας
2679 2038 2988 2100 κατοικιεῖς.
3016 2056 3033 2087 ι
3059 2035 3285 2107 Σπέρμα
3303 2035 3358 2087 δὲ
3378 2036 3478 2104 τῆς
3510 2035 3744 2105 Ἐκκλη-

2169 2135 2286 2198 σίας
2320 2133 2410 2186 τοῦ
2445 2133 2578 2186 Θεοῦ
2613 2134 2696 2204 εἴη
2733 2133 2797 2186 ἂν
2840 2132 2933 2185 καὶ
2961 2132 2989 2183 6
3029 2130 3379 2199 εὐαγγελικὸς
3405 2130 3581 2198 λόγος,
3611 2131 3745 2200 περὶ

2165 2221 2226 2280 οῦ
2259 2227 2502 2296 λέγεται⁸
2528 2247 2545 2278 ι
2579 2225 2830 2295 Ἐξῆλθεν
2851 2226 2879 2277 6
2902 2224 3146 2297 σπείρων·
3163 2224 3255 2276 τοῦ
3283 2227 3529 2293 σπεῖραι,
3565 2243 3584 2274 ι
3622 2223 3742 2286 καὶ,

2171 2339 2188 2369 ι
2216 2320 2346 2389 om
2379 2319 2541 2372 καλὸν
2581 2319 2802 2390 σπέρμα
2835 2317 3096 2388 ἔσπειρας
3131 2319 3187 2370 ἐν
3222 2317 3300 2388 τῷ
3333 2317 3526 2388 άγρῷς
3565 2337 3584 2369 ι
3628 2319 3745 2371 Καὶ

2167 2411 2328 2464 πάλιν
2359 2411 2580 2463 δύναται
2603 2410 2660 2462 δὲ
2694 2408 2912 2480 σπέρμα
2936 2404 3074 2461 εἶναι
3097 2409 3196 2478 τῆς
3233 2408 3558 2478 Ἑκκλησίας
3585 2409 3682 2462 καὶ
3707 2410 3742 2478 ἡ

2163 2502 2272 2555 τῶν
2303 2501 2611 2555 ἀποστόλων
2632 2501 2726 2553 καὶ
2751 2498 3007 2570 μαθητῶν
3023 2498 3116 2552 τοῦ
3134 2500 3337 2571 Κυρίου
3356 2502 3389 2569 ὴ
3397 2499 3511 2570 μῶν
3525 2499 3738 2569 διδαχή·

2163 2595 2230 2646 δι’
2258 2588 2332 2647 ὧν
2369 2595 2402 2666 ἡ
2437 2593 2690 2664 θεοσεϐὴς
2719 2591 2962 2646 πολιτεία
3003 2594 3060 2645 ἐν
3097 2594 3215 2654 ταῖς
3241 2591 3409 2644 πάλαι
3437 2591 3745 2662 ἠφανισμέ-

2165 2704 2283 2750 ναις
2311 2686 2405 2739 καὶ
2432 2685 2566 2738 Θεοῦ
2604 2685 2831 2756 ἐρήμοις
2858 2685 3173 2756 ἐκκλησίαις
3205 2684 3454 2756 συνέστη.

2238 2797 2257 2829 ι
2286 2779 2376 2849 Μὴ
2411 2777 2598 2847 φοϐοῦ,
2629 2778 2708 2830 ὅτι
2742 2777 3140 2849 κατῃσχύνθης,
3176 2779 3308 2849 μηδέ
3338 2779 3632 2849 ἐντραπῇς,
3659 2779 3741 2832 ὅτι

2162 2870 2502 2940 ὼνειδίσθης·
2537 2871 2620 2922 ὅτι
2652 2868 2910 2939 αἰσχύνην
2937 2868 3156 2923 αἰώνιον
3194 2871 3448 2942 ἐπιλήσῃ,
3473 2872 3568 2924 καὶ
3595 2872 3739 2924 ὄνει-

2163 2964 2251 3027 δος
2271 2964 2368 3033 τῆς
2399 2962 2624 3034 χηρείας
2657 2978 2750 3014 σου
2779 2963 2840 3014 οὐ
2877 2960 2950 3032 μὴ
2981 2962 3265 3036 μνησθήσῃ
3294 2963 3393 3016 ἐτι.
3425 2981 3443 3014 ι
3483 2963 3612 3016 Ὅτε
3638 2963 3742 3034 μὲν

2163 3057 2271 3128 γὰρ
2297 3051 2365 3126 ἦν
2396 3054 2602 3126 στείρα,
2636 3054 2727 3107 καὶ
2751 3054 2812 3107 ού
2838 3053 3116 3117 τίκτουσα,
3142 3053 3260 3106 οὐδὲ
3287 3053 3570 3120 ὠδίνουσα,
3606 3056 3741 3125 μηδὲ

499 3143 803 3204 rilisesset,
835 3155 1004 3209 neque
1039 3149 1275 3208 pareret,
1307 3154 1483 3208 neque
1525 3141 1844 3208 parturiret,
1888 3157 2060 3212 neque

2171 3149 2251 3201 τὸν
2296 3149 2467 3219 ἄνδρα
2517 3145 2736 3216 ἔχουσα,
2790 3145 3155 3209 ἐπονείδιστος
3207 3139 3276 3216 ἦν
3332 3147 3426 3199 καὶ
3476 3146 3742 3216 αἰσχύνης

497 3236 672 3290 virum
721 3234 963 3297 haberet,
1005 3232 1344 3287 contumeliis
1391 3231 1624 3286 obnoxia
1657 3242 1712 3286 et
1744 3232 2060 3289 confusione

2171 3239 2421 3311 ἱμπλεος·
2457 3239 2593 3293 ἀλλὰ
2634 3237 2728 3290 νῦν
2762 3253 2894 3306 φησι
2940 3237 3075 3308 πρὸς
3109 3238 3301 3308 αὑτήν·
3332 3237 3395 3290 Εἰ
3433 3240 3526 3291 καὶ
3571 3240 3739 3292 πάλαι

495 3326 653 3400 plena
692 3335 848 3390 erat;
892 3333 948 3377 at
988 3325 1127 3378 nttuc
1199 3325 1278 3377 sic
1319 3337 1438 3376 eam
1481 3321 1765 3392 compellat
1793 3341 1807 3376 :
1835 3323 2060 3378 Etiamsi

2171 3329 2291 3382 ποτὲ
2321 3328 2581 3401 αἰσχύνης
2619 3329 2712 3382 καὶ
2747 3328 2981 3391 ὀνείδους
3014 3327 3281 3399 ἔπραττες
3326 3328 3474 3395 ἄξια,
3511 3327 3735 3399 θάρσειο

495 3421 625 3476 oiim
657 3418 971 3473 confusione
1005 3425 1060 3470 et
1093 3415 1384 3484 opprobrio
1413 3413 1575 3484 digna
1606 3425 1757 3484 gesta
1785 3416 2055 3482 edideris;

495 3512 726 3580 conﬁde,
763 3531 783 3564 ι
825 3511 960 3577 Quia
1018 3507 1354 3564 confusionis
1381 3515 1654 3577 perpetua:
1697 3507 2058 3573 oblivisceris,

493 3617 550 3663 et
576 3606 847 3676 cpprobrii
884 3601 1163 3656 viduitatis
1195 3609 1299 3654 tua:
1342 3614 1446 3653 non
1482 3599 1872 3654 recordaberis.
1912 3619 1931 3651 ι
1971 3601 2063 3656 \‘i-

494 3700 755 3756 duitatem
796 3705 978 3752 autem
1036 3695 1125 3749 hic
1167 3703 1325 3748 vocat
1368 3693 1529 3749 Verbi
1581 3695 1760 3763 sponsi
1799 3695 2059 3764 privatio-

497 3808 661 3847 nem:
707 3789 883 3856 cujus,
921 3788 1116 3858 inquit,
1148 3803 1252 3841 uon
1287 3786 1684 3852 recordaberis,

571 3884 734 3938 Vsus.
764 3883 818 3937 5.
854 3903 872 3935 ι
914 3882 1048 3948 Quia
1078 3880 1346 3934 Dominus
1376 3883 1636 3933 virtutum
1669 3888 1774 3944 est,
1813 3881 1904 3950 qui
1931 3879 2058 3937 fecit

498 3986 570 4045 te,
613 3976 870 4029 Dominus
900 3988 1092 4027 nomen
1125 3973 1219 4038 illi,
1265 3980 1318 4026 et
1343 3973 1432 4042 qui
1458 3973 1600 4026 eruit
1645 3981 1722 4038 te;
1769 3974 1884 4042 ipse
1916 3973 2058 4028 Deus

496 4067 660 4122 Israel
696 4077 805 4120 tota
848 4075 987 4120 terra
1024 4065 1324 4120 vocabitur.
1378 4083 1400 4116 ι
1447 4063 1561 4118 Non
1595 4065 1740 4118 enim
1781 4081 1847 4120 ex
1885 4066 2059 4120 homi-

496 4161 678 4222 nibus,
725 4173 900 4226 neque
947 4173 1044 4227 per
1088 4157 1366 4210 hominem
1410 4156 1522 4211 hac
1561 4157 1854 4211 conetituta
1893 4169 2052 4224 sunt,

494 4253 589 4308 sed
617 4266 714 4321 per
739 4250 913 4318 ipsum
940 4249 1254 4303 Dominum.

567 4367 731 4421 Vens.
763 4363 916 4418 6-10.
949 4381 974 4414 ι
1007 4361 1121 4416 Non
1149 4362 1302 4433 quasi
1335 4362 1616 4418 mulierem
1655 4364 1972 4419 derelictam
2001 4376 2050 4420 et

491 4458 888 4530 pusillanimem
916 4455 1128 4510 vocavit
1161 4463 1213 4509 te
1251 4455 1530 4520 Dominus,
1561 4471 1734 4525 neque
1773 4467 1830 4511 ut
1869 4458 2056 4512 mulie-

491 4565 608 4606 rem
643 4549 1029 4618 ex-juventute
1055 4547 1180 4601 odio
1225 4547 1482 4601 habitam.
1527 4548 1670 4601 Dixit
1722 4549 1861 4602 Deus
1906 4559 2051 4611 tuus,

491 4639 759 4710 Tempore
807 4640 1019 4694 modico
1059 4639 1246 4707 reliqui
1302 4649 1382 4705 te,
1427 4648 1635 4694 etcum
1685 4642 2053 4696 misericordia

493 4749 683 4802 magna
716 4733 1016 4786 miserebor
1047 4732 1144 4795 tui,
1193 4732 1330 4784 dixit
1363 4732 1453 4800 qui
1499 4733 1641 4786 eruit
1675 4743 1725 4786 te
1773 4733 2052 4787 Dominus.

491 4826 576 4881 Ab
604 4840 740 4895 aqua
775 4841 891 4893 qua:
921 4828 1022 4879 sub
1050 4823 1162 4878 Noe
1203 4822 1322 4890 fuit,
1353 4825 1454 4879 hoc
1483 4824 1614 4878 mihi
1662 4833 1765 4888 est,
1797 4827 2056 4895 quemad-

493 4921 710 4974 modum
751 4917 931 4986 juravi
973 4917 1022 4972 ei
1075 4917 1128 4970 in
1177 4925 1414 4984 tempore
1455 4916 1568 4981 illo,
1620 4927 1778 4972 terrze
1823 4933 1907 4973 me
1950 4935 2055 4974 non

489 5025 876 5069 succensurum
925 5025 1088 5080 super
1125 5019 1177 5063 te
1218 5010 1472 5078 amplius,
1522 5024 1696 5079 neque
1739 5009 1791 5063 in
1838 5011 2056 5065 commi-

491 5107 718 5160 natione
745 5114 833 5158 tua
871 5113 1082 5157 montes
1114 5103 1521 5157 transferendos
1562 5118 1702 5168 esse,
1735 5118 1910 5172 neque
1941 5104 2055 5158 col-

489 5198 565 5252 les
596 5211 762 5251 “meos
808 5197 1292 5250 transmovendos:
1335 5195 1414 5250 sic
1465 5209 1639 5264 neque
1682 5197 2052 5250 misericordia

489 5307 608 5347 mea
656 5291 750 5345 tibi
790 5291 1043 5355 deficiet,
1095 5305 1269 5360 neque
1318 5299 1696 5344 testamentum
1729 5291 1876 5361 pacis
1922 5305 2054 5346 mea:

489 5383 763 5438 auferetur
785 5403 796 5438 :
817 5385 952 5438 dixit
977 5385 1124 5437 enim
1152 5403 1167 5440 :
1194 5383 1461 5453 Propitius
1477 5391 1560 5436 est
1588 5382 1679 5436 tibi
1715 5383 1992 5436 Dominus.
2029 5402 2046 5434 ι

486 5474 608 5530 Cito
644 5476 787 5528 enim
837 5487 1046 5530 montes
1085 5492 1113 5529 a
1166 5477 1396 5544 propriis
1449 5477 1581 5530 locis
1617 5475 2051 5541 transferentur,

486 5576 543 5622 et
575 5567 742 5622 colles
788 5569 1160 5623 turbabuntur
1197 5568 1408 5637 potius,
1468 5583 1630 5637 quam
1679 5568 2050 5624 misericordia

547 5765 568 5794 ‘
627 5762 814 5818 Matth.
852 5782 968 5833 xui,
993 5769 1044 5824 5.
1122 5769 1140 5800 ⁷
1170 5765 1301 5820 ibid.
1334 5758 1423 5812 27.

2169 3441 2188 3473 ι
2225 3422 2345 3474 Ὅτι
2385 3422 2644 3490 αἰσχύνην
2693 3417 2909 3472 αἰώνιον
2952 3417 3205 3491 ἐπιλήσῃ,
3256 3420 3349 3473 καὶ
3395 3421 3594 3483 ὄνειδος
3641 3422 3741 3490 τῆς

2162 3515 2386 3585 χηρείας
2420 3531 2513 3566 σου
2540 3514 2598 3566 οὐ
2635 3513 2710 3584 μὴ
2747 3512 3054 3584 μνησθήσῃ.
3081 3531 3100 3563 ι
3141 3512 3382 3584 Χηρείαν
3424 3512 3481 3565 δὲ
3521 3513 3742 3566 ἀποκα-

2159 3607 2242 3660 λεῖ
2272 3608 2366 3660 καὶ
2411 3606 2642 3660 ἐνταῦθα
2672 3605 2769 3678 τὴν
2817 3605 3070 3678 στέρησιν
3112 3604 3204 3659 τοῦ
3251 3605 3481 3677 νυμφίου
3522 3607 3697 3674 Λόγου
3721 3622 3736 3637 ·

2159 3698 2228 3773 ἦς
2250 3701 2310 3754 οὑ
2345 3698 2651 3771 μνησθήσῃ,
2683 3696 2868 3768 φησὶν,

2234 3899 2253 3932 ι
2293 3881 2414 3932 ’Ὁτι
2460 3880 2664 3950 Κύριος
2709 3878 2818 3930 τῶν
2865 3876 3147 3949 δυνάμεών
3201 3880 3348 3932 ἐστιν
3377 3881 3405 3932 6
3443 3879 3612 3932 ποιῶν
3650 3895 3733 3943 σε,

2159 3972 2360 4043 Κύριος
2394 3972 2566 4042 ὄνομα
2600 3969 2770 4041 αὐτῷ,
2813 3971 2906 4024 καὶ
2951 3970 3252 4042 ῥυσάμενός
3291 3988 3378 4023 σε·
3409 3971 3570 4034 αὐτὸς
3602 3970 3737 4037 Θεὸς

2169 4065 2382 4135 Ἰσραὴλ
2412 4067 2559 4136 πάσῃ
2582 4067 2648 4134 τῇ
2681 4065 2752 4134 γῇ
2783 4062 3164 4132 κληθήσεται.)
3201 4063 3273 4116 υύ
3306 4063 3414 4135 γὰρ
3443 4065 3501 4129 ἐξ
3526 4064 3740 4135 ἀνθρώ-

2157 4177 2294 4223 πων,
2325 4159 2443 4212 ούδέ
2482 4159 2547 4211 δι’
2577 4157 2866 4229 ἀνθρώπου
2907 4156 2974 4209 τά
3005 4156 3104 4227 τῆς
3153 4155 3464 4219 συστάσεως
3487 4157 3734 4224 γέγονεν,

2156 4253 2292 4308 ἀλλὰ
2314 4253 2379 4306 δι’
2410 4251 2572 4305 αὐτοῦ
2605 4251 2699 4304 τοῦ
2731 4252 2956 4322 Κυρίου.

2232 4387 2250 4418 ι
2283 4368 2393 4437 Ούχ
2420 4367 2494 4430 ὡς
2519 4370 2753 4436 γυναῖκα
2773 4367 3277 4438 καταλελειμμένην
3301 4369 3393 4422 xui.
3413 4367 3734 4439 ὀλιγόψυχον

2160 4456 2393 4526 κέκληκέ
2436 4473 2496 4509 σε
2538 4458 2566 4510 6
2593 4455 2816 4527 Κύριος,
2851 4457 2960 4509 οὐδ’
2995 4458 3070 4522 ὡς
3111 4461 3344 4526 γυναῖκα
3379 4459 3442 4510 ἐκ
3481 4457 3736 4526 νεότητος

2163 4549 2558 4620 μεμισημένην.
2591 4544 2758 4601 Εἶπεν
2790 4552 2818 4602 6
2838 4549 2970 4612 Θεὸς
3002 4567 3115 4603 σου·
3141 4550 3344 4622 Χρόνον
3378 4550 3572 4621 μικρὸν
3601 4569 3737 4603 κατ-

2158 4641 2342 4693 ἐλιπὸν
2370 4657 2450 4705 σε,
2491 4640 2585 4694 καὶ
2612 4642 2727 4711 μετ’
2763 4641 2943 4705 ἐλέους
2971 4643 3206 4712 μεγάλου
3235 4643 3440 4714 ἐλεήσω
3472 4661 3550 4707 σε,
3582 4640 3735 4696 εἶπεν

2157 4737 2186 4788 ὁ
2221 4735 2522 4806 ρυσάμενός
2571 4752 2629 4787 σε
2677 4735 2900 4805 Κύριος.
2959 4737 3091 4790 Ἀπὸ
3136 4735 3230 4789 τοῦ
3275 4737 3465 4800 ὓδατος
3500 4737 3592 4790 τοῦ
3642 4741 3736 4791 ἐπὶ

2160 4829 2281 4880 Νῶε
2314 4827 2471 4881 τοῦτό
2500 4829 2590 4898 μοί
2623 4830 2758 4892 ἐστι,
2789 4827 2978 4881 καθότι
2998 4828 3186 4898 ὤμοσα
3207 4828 3353 4899 αύτῷ
3375 4831 3430 4882 ἐν
3451 4829 3528 4900 τῷ
3557 4831 3736 4901 χρόνῳ

2159 4920 2351 4990 ἐκείνῳ
2388 4923 2452 4991 τῇ
2486 4923 2554 4992 γῇ
2607 4921 2682 4992 μὴ
2735 4921 3154 4992 θυμωθήσεσθαι
3197 4924 3290 4975 ἐπὶ
3323 4923 3405 4975 σοὶ
3455 4923 3556 4986 ἔτι,
3601 4923 3736 4993 μηδὲ

2161 5017 2218 5069 ἐν
2251 5015 2446 5086 ἀπειλῇ
2483 5033 2576 5068 σου
2607 5016 2676 5068 τὰ
2704 5016 2804 5087 ὅρη
2852 5017 3302 5087 μεταστήσεσθαι,
3335 5017 3443 5070 οὐδ’
3475 5019 3522 5070 οἱ
3557 5018 3735 5087 βουνοί

2164 5125 2266 5178 μου
2299 5108 2838 5179 μετακινηθήσονται.
2881 5108 3068 5171 Οὕτως
3092 5108 3212 5161 ούδέ
3247 5109 3308 5162 τὸ
3335 5110 3464 5180 παρ’
3489 5110 3624 5180 ἐμοῦ
3654 5128 3730 5162 σοι

2161 5199 2308 5262 ἕλεος
2336 5199 2595 5268 ἐκλείψει,
2625 5199 2744 5253 οὐδὲ
2777 5201 2809 5270 ή
2839 5201 3071 5272 διαθήκη
3119 5201 3219 5271 τῆς
3266 5205 3487 5274 εἰρήνης
3534 5219 3627 5254 σου
3669 5202 3730 5254 ού

2165 5291 2238 5362 μὴ
2277 5295 2546 5362 μεταστῇ’
2581 5288 2700 5344 εἷπε
2737 5291 2865 5363 γάρ·
2899 5291 3084 5356 Ἵλεώς
3114 5310 3194 5345 σοι
3226 5293 3444 5363 Κύριος.
3475 5314 3493 5344 ι
3530 5294 3733 5347 Θᾶττον

2160 5383 2267 5454 γάρ
2294 5382 2362 5436 τὰ
2399 5383 2502 5454 ὅρη
2552 5385 2975 5455 μεταστήσονται
3009 5385 3116 5438 τῶν
3161 5386 3376 5438 οἰκείων
3408 5387 3608 5449 τόπων,
3639 5387 3732 5441 καὶ

2159 5475 2207 5525 οἰ
2241 5473 2414 5540 βουνοί
2457 5474 2909 5545 ταραχῦήσονται,
2959 5475 2990 5544 ἢ
3024 5475 3084 5527 τὸ
3127 5477 3256 5548 ἐμὸν
3297 5478 3442 5540 ἕλεος
3485 5479 3596 5532 ἀπὺ
3641 5479 3733 5532 σοῦ

2161 5567 2530 5637 κινηθήσεται.
2565 5570 2671 5622 Καὶ
2701 5569 2870 5622 ταῦτα
2903 5571 2957 5623 δέ
2990 5571 3064 5641 τῷ
3093 5570 3336 5625 θεοσεϐεῖ
3379 5571 3732 5636 πολιτεύματι
