3880 6216
113 287 228 342 εδδ

1040 281 1546 341 COMMENTARIA
1588 280 1653 336 IN
1695 277 1947 334 ISAIAM.
1985 310 2054 319 —
2090 274 2242 330 CAP.
2283 271 2414 328 LIV.

3257 261 3366 318 466

115 407 518 476 ἐπαγγέλλεται
553 409 582 462 ὁ
623 408 800 477 λόγος,
830 409 923 464 καὶ
954 408 1119 462 πάλαι
1151 409 1247 478 μὲν
1276 403 1342 477 ἦν
1387 406 1536 477 παρά
1573 408 1689 460 Ἰου-

1807 413 1927 453 mea
1973 413 2001 451 a
2047 406 2098 452 te
2144 403 2500 450 removeatur.
2533 391 2596 444 Et
2634 390 2748 445 hzrc
2777 388 2876 458 pia:
2912 383 3152 455 religioni
3183 396 3367 437 sermo

113 499 311 564 δαίοις,
369 499 621 554 διαπεσὸν
679 499 735 554 δὲ
792 500 922 572 παρ’
959 501 1160 564 αὐτοῖς,
1193 499 1285 552 ἐπὶ
1313 499 1413 570 τὴν
1446 498 1504 566 ἐξ
1531 499 1699 553 ἐθνῶν

128 589 462 662 Ἐκκλησίαν
495 590 885 662 μεταϐέϐηκεν.

193 788 214 822 ι
242 768 488 842 Ταπεινή
535 770 628 824 καὶ
660 770 1053 835 ἀκατάστατος,
1074 770 1136 824 οὐ
1161 770 1525 844 παρεκλήθης.
1568 770 1698 824 Ἰδοὺ

118 859 230 929 ἐγὼ
256 859 534 932 ἐτοιμάζω
567 878 646 914 σοι
688 861 935 934 ἄνθρακα
955 861 1046 915 τὸν
1076 861 1220 915 λίθον
1252 879 1366 928 σου,
1391 863 1485 916 καὶ
1513 863 1579 917 τά
1612 863 1700 917 θε-

121 950 287 1021 μέλιά
317 969 412 1005 σου
446 952 763 1025 σάπφειρον.
787 973 805 1005 ι
835 948 944 1006 Ἦν
992 953 1100 1026 γάρ
1133 953 1282 1025 παρὰ
1325 954 1594 1018 Ἰουδαίοις
1620 954 1697 1026 τῷ

117 1042 230 1096 ϐντι
260 1045 296 1116 ἡ
316 1045 547 1116 ταπεινὴ
579 1047 863 1117 σωματικὴ
894 1045 1180 1117 θρησκεία,
1210 1049 1244 1119 ὴ
1272 1047 1330 1098 ἐν
1359 1046 1572 1118 σώματι
1599 1064 1696 1100 πε-

131 1135 340 1206 ριτομὴ,
371 1136 463 1188 καί¹
491 1135 550 1188 ἐν
577 1135 782 1199 οὐσίαις
805 1133 958 1200 ζώων
981 1137 1073 1189 καὶ
1098 1138 1220 1198 ταῖς
1241 1135 1442 1190 τούτων
1465 1135 1692 1201 θυσίαις,

126 1229 210 1281 καὶ
233 1229 348 1291 10?;
369 1227 549 1291 ἄλλοις
574 1228 973 1299 παραπλησίοις
998 1227 1355 1300 ἐξεταζομένη
1377 1247 1389 1259 ο
1411 1229 1492 1282 διὸ
1510 1247 1698 1283 ταπει-

124 1317 213 1390 νὴν
240 1319 337 1371 καὶ
364 1319 742 1372 ἀκατάστατον
773 1318 944 1389 αὐτὴν
971 1318 1270 1389 ὠνόμασεν.
1289 1313 1401 1373 Εἶτ’
1431 1319 1693 1388 ἐπιλέγει,

120 1429 138 1460 ι
173 1410 249 1462 Οὐ
303 1409 683 1482 παρεκλήθης·
707 1429 726 1462 ι
779 1410 952 1475 οὐδεὶς
988 1410 1096 1482 γὰρ
1123 1407 1190 1482 ἦν
1225 1410 1337 1465 τῶν
1378 1411 1692 1483 προφητῶν,

120 1499 232 1552 οὐδὲ
273 1499 385 1554 τῶν
433 1499 696 1569 θεοφιλῶν
742 1500 952 1573 ἀνδρῶν
996 1501 1266 1568 τοσοῦτος,
1301 1502 1376 1567 ὡς
1406 1501 1694 1557 ἀναλαϐεῖν

116 1591 286 1664 αὐτὴν
314 1593 408 1646 καὶ
429 1593 851 1666 ἀνακτήσασθαι.

1804 492 2104 563 pollicetur,
2143 492 2251 545 imo
2277 489 2440 543 etiam
2475 485 2600 541 olim
2643 497 2807 554 penes
2843 481 3058 536 Judaeos
3101 477 3188 533 illa
3223 483 3365 541 erat,

1800 585 1892 640 sed
1942 585 2010 640 ab
2051 583 2181 654 ipsis
2209 581 2436 642 decidit,
2473 589 2528 634 et
2562 579 2628 632 ad
2663 575 2960 631 Ecclesium
3005 586 3070 627 ex
3113 568 3366 642 gentibus

1800 687 2047 734 coactam
2089 674 2348 731 translata
2379 681 2483 728 est.

1871 770 2035 825 Vens.
2065 770 2154 825 Η.
2197 786 2215 819 ι
2249 764 2478 822 Humilis
2507 771 2562 818 et
2605 759 2905 825 instabilis,
2939 755 3362 814 consolationem

1799 879 1904 918 non
1942 864 2131 932 adepta
2186 876 2265 916 es.
2311 859 2451 914 Ecce
2485 871 2585 926 ego
2627 867 2874 923 praepara
2912 850 3006 905 tibi
3058 847 3363 904 carbuncu-

1799 956 1909 1010 lum
1932 954 2163 1024 lapidem
2191 961 2363 1018 tuum,
2401 960 2454 1006 et
2480 947 2830 1004 fundamenta
2860 953 2947 1000 tua
2973 941 3308 1012 sapphirum.
3337 959 3358 992 ι

1801 1045 1929 1100 Erat
1968 1046 2111 1100 enim
2150 1059 2336 1099 revera
2381 1056 2545 1112 penes
2573 1038 2788 1094 Judazos
2831 1037 3074 1104 abiectus
3115 1033 3204 1089 ille
3239 1049 3333 1088 cor

1798 1150 1994 1206 porcus
2019 1136 2227 1202 cultus;
2258 1136 2313 1190 in
2349 1133 2594 1203 corporis
2639 1129 3092 1194 circumcisione,
3141 1128 3194 1182 in
3235 1127 3331 1182 suit

1798 1227 2016 1282 stantiis
2046 1227 2396 1293 animalium,
2443 1236 2496 1282 et
2541 1225 2826 1280 sacriﬁciis
2880 1238 3105 1287 eorum,
3155 1235 3362 1276 necnon

1800 1320 1852 1374 in
1904 1320 2026 1375 aliis
2079 1320 2379 1384 similibus,
2437 1319 2683 1390 positus:
2732 1325 3057 1388 quapropter
3105 1313 3362 1370 humilem

1798 1420 1853 1465 et
1900 1412 2209 1466 instabilem
2244 1420 2404 1466 vocat
2447 1411 2616 1466 illam.
2666 1409 2864 1464 Deinde
2909 1407 3134 1478 adjicit,
3175 1425 3194 1458 ι
3247 1403 3363 1460 Νοη

1797 1503 2224 1558 consolationem
2261 1503 2451 1574 adepta
2495 1517 2586 1558 es:
2627 1521 2646 1555 ›
2693 1516 2850 1556 nemo
2889 1501 3034 1554 enim
3070 1499 3364 1569 pr0pheta-

1798 1611 1938 1661 rum,
1984 1610 2159 1665 neque
2211 1595 2584 1666 religiosorum
2619 1594 2858 1650 virorum
2891 1602 3037 1651 erat.
3089 1592 3180 1647 aui
3215 1590 3361 1644 illam

1797 1687 2074 1756 suscipere
2101 1695 2155 1742 et
2179 1696 2483 1742 restaurare
2513 1695 2712 1755 posset.

196 1772 330 1826 Ἰδοὺ
364 1773 476 1842 ἐγὼ
509 1775 781 1847 ἐτοιμάζω
815 1793 896 1829 σοι
942 1775 1187 1848 ἄνθρακα
1253 1778 1343 1833 τὸν
1381 1779 1524 1834 λίθον
1575 1796 1689 1846 σου,

1874 1796 1894 1829 ι
1937 1778 2078 1833 Ecce
2118 1792 2216 1850 ego
2261 1793 2508 1848 prmparo
2552 1778 2646 1831 tibi
2688 1775 3072 1832 carbunculum
3129 1773 3359 1843 lapidem

110 1867 205 1919 καὶ
231 1867 304 1920 τά
347 1867 575 1938 θεμέλιά
619 1888 712 1924 σου
746 1873 1066 1943 σάπφειρον.
1094 1892 1115 1925 ι
1156 1874 1294 1927 Ἀνθ’
1319 1867 1380 1928 οὗ
1405 1876 1434 1928 ὁ
1463 1875 1689 1947 Σύμμα-

107 1974 236 2025 χος,
307 1975 326 2008 ε
377 1958 505 2010 Ἰδοὺ
545 1959 678 2028 ἐγὼ,
731 1963 884 2034 φησι,
937 1963 1224 2035 συντίθημι
1275 1966 1510 2037 στιμμίᾳ
1564 1968 1690 2030 τοὺς

109 2046 292 2110 λίθους
311 2065 404 2100 σου
423 2048 537 2117 (40)
564 2069 582 2100 ι
602 2051 954 2116 ὁΘεοδοτίων,
980 2073 997 2103 ι
1025 2053 1150 2108 Ἰδοὺ
1167 2053 1278 2122 ἐγώ
1302 2056 1416 2126 εἰμι
1439 2055 1689 2126 ἐμϐαλὼν

108 2141 321 2208 στιμμῇ
354 2140 481 2202 τοὺς
506 2139 687 2205 λίθους
727 2159 840 2196 σου.
871 2162 891 2194 ι
956 2144 1042 2208 Ὠς
1073 2145 1180 2217 γάρ
1214 2145 1280 2199 ἂν
1308 2146 1444 2217 γυνὴ
1479 2146 1688 2200 καλλω-

107 2233 378 2304 πιζομένη
421 2233 760 2304 στιμμίζοιτο
791 2237 916 2303 τοὺς
945 2237 1255 2308 ὀφθαλμούς
1277 2256 1289 2268 ·
1329 2239 1501 2304 οὕτως
1529 2241 1688 2305 αὐτὸς

103 2322 238 2390 ἐγὼ,
276 2325 463 2394 φησὶν,
493 2326 632 2398 ὑπὲρ
660 2327 838 2382 πάντα
869 2330 1148 2400 ὡραϊσμὸν
1181 2332 1277 2384 καὶ
1307 2331 1690 2402 καλλωπισμὸν

103 2413 231 2477 τοὺς
258 2414 365 2484 τῆς
402 2416 499 2488 σῆς
523 2417 808 2490 οἰκοδομῆς
845 2420 1027 2484 λίθους
1051 2421 1308 2492 διαθήσω.

177 2527 199 2558 ι
233 2509 344 2561 Kal
373 2509 523 2580 θήσω
548 2509 649 2573 τὰς
679 2511 929 2576 ἐπάλξεις
957 2530 1050 2565 σου
1078 2512 1285 2575 ἴασπιν,
1332 2514 1426 2567 καὶ
1459 2514 1554 2578 τὰς
1588 2513 1689 2567 πύ-

102 2598 203 2662 λας
248 2615 345 2653 σου
401 2599 582 2666 λίθους
624 2603 981 2673 κρυστάλλου,
1023 2605 1116 2657 καὶ
1153 2604 1244 2658 τὸν
1277 2604 1559 2676 περίϐολον
1594 2623 1687 2658 σου

101 2690 288 2753 λίθους
317 2691 626 2756 ἐκλεκτούς.
650 2713 668 2744 ι
722 2695 962 2748 Τοιοῦτοι
985 2695 1029 2748 δ’
1057 2695 1124 2749 ἂν
1152 2692 1259 2749 εἶεν
1281 2698 1338 2749 ἐν
1361 2699 1427 2768 τῇ
1457 2698 1687 2769 Ἐκκλη-

104 2781 200 2852 σία
229 2781 369 2834 Θεοῦ
394 2783 443 2835 οἱ
475 2782 664 2855 λογικῇ
698 2790 1016 2858 παρασκευῇ
1048 2787 1148 2858 τὴν
1181 2787 1362 2840 πίστιν
1385 2788 1687 2860 ὠχυρωμέ-

101 2890 207 2936 νοι,
233 2873 380 2928 ὥστε
413 2875 772 2947 προμαχῶνες
813 2877 963 2942 ὄντες
997 2879 1093 2932 τοῦ
1123 2877 1406 2943 θεοσεϐοῦς
1442 2880 1690 2935 πολιτεύ-

105 2980 302 3033 ματος,
325 2963 413 3018 διὰ
440 2966 499 3018 τὺ
519 2965 776 3020 δύνασθαι
803 2969 910 3022 πᾶν
938 2967 1138 3040 ὕψωμα
1169 2971 1526 3042 ἐπαιρόμενον
1547 2973 1688 3025 κατά

100 3053 204 3123 τῆς
227 3052 484 3121 γνώσεως
503 3055 596 3108 τοῦ
612 3055 748 3110 Θεοῦ
767 3058 1069 3129 καθαιρεῖν,
1083 3060 1176 3113 καὶ
1199 3059 1491 3131 διελέγχειν
1513 3063 1688 3116 πάντα

1795 1877 1967 1937 tuum,
1994 1880 2050 1926 et
2077 1868 2421 1925 fundamenta
2441 1876 2528 1922 tua
2546 1868 2914 1938 sapphirum.»
2937 1865 3039 1920 Pro
3063 1881 3169 1935 quo
3205 1865 3363 1936 Sym—

1793 1960 2037 2026 machus,
2077 1979 2096 2012 ι
2131 1961 2266 2017 Ecce
2291 1976 2390 2031 ego
2421 1975 2686 2032 compono
2715 1960 2874 2014 stibio
2915 1959 3117 2027 lapides
3151 1971 3310 2023 tuos;
3339 1975 3358 2008 ο

1793 2051 2092 2108 Tlieodotio
2113 2061 2314 2117 autem,
2353 2070 2370 2103 ι
2389 2052 2541 2107 'Ecce
2559 2066 2658 2120 ego
2681 2051 2962 2105 immittam
2993 2048 3208 2104 stibium
3227 2049 3362 2117 lapi-

1793 2144 1950 2200 dibus
1993 2145 2121 2200 tuis.
2150 2163 2168 2196 ι
2201 2143 2656 2211 Quemadmodum
2690 2143 2836 2196 enim
2876 2157 2997 2196 cum
3034 2141 3226 2195 mulier
3249 2182 3264 2207 ,
3305 2150 3364 2194 ut

1791 2236 1978 2292 forma:
2021 2238 2272 2292 decorem
2309 2236 2509 2300 addat,
2539 2235 2701 2290 stibio
2752 2233 2870 2288 linit
2914 2234 3129 2297 oculos,
3181 2233 3251 2286 ita
3308 2241 3365 2287 et

1791 2343 1924 2399 ego,
1965 2329 2154 2398 inquit,
2178 2327 2326 2384 onmi
2359 2328 2540 2396 specie
2593 2343 2656 2382 ac
2677 2327 2870 2382 decore
2899 2326 3244 2401 lonnosiores
3267 2339 3363 2394 po.

1792 2434 1916 2474 nam
1965 2429 2253 2475 structurae
2281 2429 2383 2473 tua:
2413 2418 2636 2487 lapides.

1866 2509 2025 2565 Vens.
2061 2511 2146 2566 19..
2183 2529 2202 2562 ι
2246 2507 2312 2564 Ει
2357 2525 2552 2580 ponam
2599 2507 2996 2580 propugnacula
3044 2517 3132 2563 tua
3159 2507 3357 2577 jaspin,

1792 2610 1847 2656 et
1881 2611 2068 2671 portas
2098 2612 2220 2656 tuas
2258 2602 2470 2669 lapides
2527 2601 2793 2672 crystalli,
2824 2611 2878 2655 et
2906 2615 3090 2655 muros
3124 2609 3243 2653 tuos
3291 2597 3364 2652 la-

1791 2693 1942 2761 pides
1975 2693 2202 2748 electos.
2248 2693 2410 2748 Tales
2436 2694 2486 2747 in
2515 2693 2756 2748 Ecclesia
2792 2693 2886 2747 Dei
2948 2691 3152 2747 fuerint
3181 2691 3239 2756 ii,
3267 2689 3358 2760 qui

1791 2783 2102 2839 rationabili
2133 2793 2422 2839 structurae
2473 2795 2733 2854 apparatu
2777 2783 2882 2838 ﬁde
2927 2783 3162 2838 roborati
3209 2793 3358 2847 sunt,

1791 2883 1978 2942 utpote
2009 2875 2100 2945 qui
2150 2876 2254 2946 piae
2288 2875 2566 2946 religionis
2597 2873 2998 2946 propugnacula
3037 2875 3167 2938 sint,
3217 2873 3360 2942 quod

1792 2968 2004 3037 possint
2033 2982 2248 3023 omnem
2293 2969 2705 3033 sublimitatem,
2750 2977 2937 3022 contra
2971 2965 3063 3022 Dei
3099 2964 3362 3034 cognitio-

1792 3073 1913 3111 nem
1938 3073 2058 3113 sese
2087 3069 2422 3114 exserentem
2444 3097 2460 3126 ,
2499 3059 2564 3114 de
2607 3058 2783 3114 medio
2818 3056 3022 3122 tollere,
3059 3064 3113 3111 et
3143 3068 3358 3109 onmem

101 3143 262 3212 λόγον
284 3145 458 3217 ψευδῆ
481 3146 573 3200 τὸν
601 3147 702 3218 τῆς
725 3148 978 3219 ἀληθείας
1026 3151 1302 3222 πολέμιον.
1337 3153 1548 3225 Ὥσπερ
1582 3154 1688 3226 γὰρ

1798 3147 1986 3203 falsum
2030 3163 2334 3204 sermonem
2367 3150 2616 3206 veritatis
2663 3150 2936 3205 inimicmu
2987 3148 3269 3203 eliminare
3305 3157 3360 3202 et

100 3236 196 3288 ἐπὶ
226 3235 342 3289 τῶν
385 3237 581 3308 τειχῶν
613 3241 669 3293 αἱ
721 3239 974 3306 ἐπάλξεις
1023 3241 1383 3312 προμαχῶνες
1423 3243 1560 3295 εἰσιν
1597 3245 1689 3296 ἐπὶ

98 3332 430 3401 παρασκευῇ
475 3329 577 3400 τῆς
630 3331 766 3403 πρὸς
817 3333 944 3396 τοὺς
993 3333 1283 3404 πολεμίους
1335 3335 1688 3406 παρατάξεως

102 3421 649 3490 παρεσκευασμένοι·
681 3421 825 3476 οὕτω
873 3423 965 3476 καὶ
1007 3423 1105 3494 τῆς
1164 3415 1486 3495 Ἐκκλησίας
1529 3426 1577 3479 oi
1630 3429 1688 3479 ἐν

100 3511 244 3582 λόγῳ
307 3513 404 3565 καὶ
448 3515 506 3566 ἐν
552 3515 716 3585 σοφία
768 3515 1016 3579 δυνατοὶ,
1062 3514 1302 3585 λεχθεῖεν
1349 3515 1416 3570 ἂν
1461 3517 1688 3580 εἰκότως

99 3604 380 3670 ἐπάλξεις.
419 3622 438 3655 t
461 3606 572 3658 Καὶ
613 3606 714 3669 τὰς
754 3605 927 3670 πύλας
955 3624 1047 3660 σου
1074 3607 1254 3672 λίθους
1284 3608 1614 3680 κρυστάλλου
1635 3628 1681 3660 ³)

97 3694 162 3745 δι’
195 3690 274 3748 ὧν
300 3696 402 3758 τὰς
430 3695 604 3754 πύλας
634 3697 733 3767 τῆς
778 3696 986 3761 πόλεως
1034 3701 1326 3770 συστήσας,
1355 3698 1599 3763 θεσπίζει
1627 3701 1687 3753 τὸ

98 3787 319 3854 διαυγὲς
351 3787 446 3839 καὶ
480 3787 720 3860 καθαρὸν
749 3788 851 3860 τῆς
892 3788 1076 3858 ὑγιοῦς
1113 3791 1369 3856 πίστεως,
1416 3792 1687 3862 παριστὰς

98 3877 207 3930 τῶν
235 3879 686 3948 πεπιστευμένων
707 3880 804 3951 τὴν
843 3879 1066 3952 πρώτην
1096 3884 1188 3935 καὶ
1223 3883 1559 3955 στοιχειώδη,
1592 3885 1686 3937 καὶ

1791 3237 2094 3296 confutare.
2142 3238 2296 3295 Sicut
2326 3242 2470 3294 enim
2521 3241 2800 3295 adornata:
2852 3240 2904 3293 in
2949 3240 3120 3294 muris
3158 3239 3355 3308 pinnae,

1791 3332 2190 3402 propugnacula
2223 3341 2373 3394 sunt,
2404 3331 2471 3386 ad
2531 3331 2904 3386 instruendum
2935 3341 3124 3386 contra
3173 3331 3362 3384 hostes

1791 3423 1991 3478 bellum
2025 3423 2392 3487 concinnata;
2437 3423 2516 3477 sic
2553 3432 2610 3478 et
2649 3423 2707 3486 ii,
2749 3423 2838 3493 qui
2876 3423 2928 3478 in
2967 3421 3206 3476 Ecclesia
3243 3435 3359 3476 ser-

1791 3530 1949 3569 mone
1979 3525 2035 3569 et
2085 3513 2353 3583 sapientia
2407 3524 2653 3582 potentes
2705 3523 2852 3577 sunt,
2892 3513 3356 3583 jure-propugna-

1789 3607 1910 3661 cula
1953 3606 2220 3660 dicantur.
2257 3624 2274 3656 ι
2317 3605 2384 3659 Et
2415 3613 2598 3674 portas
2628 3613 2750 3660 tuas
2795 3605 3000 3675 lapides
3037 3603 3296 3675 crystalli,
3333 3621 3352 3655 ι

1787 3697 1986 3766 quibus
2039 3695 2314 3766 lapidibus
2369 3697 2437 3751 ad
2493 3706 2681 3767 portas
2745 3695 2896 3751 urbis
2949 3695 3358 3750 constituendas

1788 3807 1939 3857 usus,
1972 3805 2116 3845 sanae
2147 3789 2270 3843 lldei
2301 3789 2643 3859 splendorem
2682 3799 2737 3844 et
2774 3787 3061 3858 puritatem
3095 3786 3360 3840 vaticina-

1791 3893 1898 3942 tur,
1933 3881 2282 3952 declaratque
2329 3883 2558 3952 primam
2590 3881 3000 3944 elementarem,
3043 3889 3206 3948 atque
3255 3877 3358 3931 ini-

99 3969 421 4039 εἰσακτικὴν
457 3969 823 4025 διδασκαλίαν.
856 3993 874 4024 ι
900 3973 1010 4026 Καὶ
1035 3974 1124 4026 τὸν
1163 3974 1448 4046 περίϐολον
1481 3993 1575 4028 σου
1603 3975 1684 4028 λί-

1798 3971 1970 4024 tialem
2007 3987 2210 4037 rerum,
2240 3986 2361 4040 qua:
2397 3972 2464 4025 ad
2495 3971 2654 4026 ﬁdem
2695 3969 2989 4040 pertinent,
3034 3967 3354 4022 doctrinam.

98 4059 222 4124 θους
264 4060 577 4125 ἐκλεκτούς.
601 4083 620 4113 ι
664 4063 907 4117 Τοιοῦτοι
951 4065 995 4117 δ’
1036 4065 1104 4120 ἂν
1149 4061 1259 4118 εἶεν
1291 4067 1340 4118 oi
1385 4067 1686 4138 περιφράτ-

1798 4080 1811 4113 ι
1853 4063 1917 4118 Et
1950 4077 2134 4117 muros
2175 4073 2296 4118 tuos
2329 4063 2536 4133 lapides
2578 4063 2804 4118 electos.
2839 4080 2860 4114 ι
2901 4059 3212 4127 llujusmodi
3246 4058 3358 4112 fue-

94 4167 302 4215 τοντες,
343 4153 444 4206 καὶ
487 4154 608 4206 ἀντὶ
657 4155 860 4218 παντὸς
902 4155 1098 4226 ἕρκους
1133 4157 1554 4228 ἀσφαλιζόμενοι
1598 4159 1686 4212 διὰ

1798 4155 1898 4206 rint
1933 4155 1990 4220 ii,
2027 4156 2117 4224 qui
2155 4156 2580 4224 circumquaque
2611 4152 2934 4208 munimenti
2970 4151 3086 4204 loco
3127 4161 3272 4213 sunt,
3303 4160 3360 4204 et

94 4245 202 4303 τῶν
237 4246 382 4317 πρὸς
421 4245 514 4299 τὸν
546 4247 678 4300 Θεὸν
716 4248 890 4318 εὐχῶν
931 4248 1027 4320 τὴν
1057 4251 1236 4302 πᾶσαν
1272 4251 1558 4322 οἰκοδομὴν
1587 4252 1684 4322 τῆς

1798 4246 1943 4316 quasi
1990 4247 2214 4310 vallum,
2259 4255 2426 4300 totam
2464 4245 2614 4300 urbis
2642 4254 2971 4300 structuram
3024 4257 3119 4311 per
3160 4243 3361 4297 oratio-

99 4338 330 4400 πόλεως,
365 4338 580 4409 μεγάλα
603 4339 698 4393 καὶ
734 4339 1020 4411 πολυτελῆ,
1047 4341 1141 4396 καὶ
1175 4340 1369 4413 ἐντιμα
1398 4343 1682 4416 οἰκοδομή-

1798 4355 1884 4391 nes
1937 4339 2002 4390 ad
2066 4336 2232 4393 Deum
2291 4339 2522 4392 emissas
2579 4347 2863 4391 tutantur:
2933 4351 3124 4404 magna
3181 4347 3355 4398 sane,

100 4444 268 4497 ματα.
1716 4468 1755 4500 η
1788 4430 2019 4500 pretiosa
2065 4440 2119 4484 ct
2177 4429 2515 4484 honorabilia
2563 4429 2809 4484 mdilicia.

168 4539 188 4570 ε
216 4521 330 4573 Καὶ
363 4521 572 4585 πάντας
602 4523 729 4586 τοὺς
773 4523 919 4587 υἱούς
949 4541 1042 4577 σου
1075 4524 1356 4590 διδακτοὺς
1395 4525 1549 4588 Θεοῦ,
1585 4530 1676 4581 καὶ

1865 4521 2025 4577 Vens.
2063 4523 2152 4576 i5.
2188 4541 2206 4574 ι
2247 4522 2312 4576 Et
2343 4538 2534 4578 Omnes
2567 4523 2704 4576 lilios
2745 4533 2880 4585 tuos,
2916 4519 3210 4587 discipulos
3240 4517 3356 4579 Dei,

95 4612 152 4662 ἐν
207 4610 383 4682 πολλῇ
438 4614 629 4685 εἰρήνῃ
678 4615 747 4668 τά
792 4615 956 4669 τέκνα
1009 4634 1165 4670 σου.»
1214 4618 1504 4683 Διδακτοῦς
1540 4619 1676 4675 Θεοῦ

1798 4624 1838 4667 at
1890 4615 1941 4668 in
1985 4615 2153 4669 multa
2203 4631 2338 4686 pace
2374 4616 2466 4669 lilii
2524 4616 2624 4669 tui.
2663 4633 2682 4665 ›
2727 4613 3026 4682 Discipulos
3064 4611 3155 4665 Dei
3204 4619 3357 4664 vocat

93 4703 364 4757 ἀποκαλεῖ
388 4706 512 4768 τοὺς
541 4708 690 4771 υἱοὺς
710 4707 810 4778 τῆς
837 4709 1004 4764 πάλαι
1047 4711 1292 4781 στείρας·
1326 4710 1462 4764 ἀλλά
1492 4713 1584 4764 καὶ
1618 4713 1676 4764 ἐν

1808 4707 1927 4760 Ilius
1959 4707 2087 4760 olim
2140 4707 2342 4761 sterilis
2393 4707 2574 4761 lilios:
2623 4721 2685 4759 ac
2742 4707 2795 4758 in
2848 4705 3014 4759 multa
3062 4717 3194 4773 paco
3235 4716 3357 4756 ver-

95 4795 265 4866 πολλῇ
300 4799 491 4870 εἰρήνῃ
526 4797 742 4852 ἔσεσθαι
788 4800 959 4870 αὐτῆς
1008 4799 1078 4852 τά
1125 4801 1330 4855 τέκνα*
1366 4801 1520 4855 τοῦτο
1567 4802 1676 4874 γὰρ

1798 4810 2000 4853 saturos
2051 4798 2130 4851 ait
2181 4797 2320 4854 lilios
2352 4798 2510 4866 ejus:
2546 4797 2596 4850 id
2626 4797 2772 4850 enim
2807 4797 2936 4866 ipsis
2966 4795 3236 4865 pollicitus
3272 4793 3356 4849 his

95 4888 282 4950 αὐτοῖς
310 4889 672 4958 ἐπηγγείλατο
711 4891 913 4944 εἰπών·
955 4911 973 4942 ι
1019 4893 1257 4964 Εἰρήνην
1283 4893 1381 4965 τὴν
1426 4893 1562 4965 ἐμὴν
1595 4894 1674 4947 δί-

1798 4892 1969 4946 verbis
1999 4900 2083 4946 cst
2111 4910 2126 4947 :
2169 4910 2188 4944 ι
2229 4891 2426 4946 Pacem
2455 4905 2629 4945 meam
2670 4890 2738 4944 do
2764 4889 2937 4955 vobis,
2966 4903 3150 4958 pacem
3181 4901 3354 4942 meam

95 4980 238 5051 δωμι
261 4981 414 5050 ὑμῖν,
441 4983 663 5052 εἰρήνην
687 4981 786 5054 τὴν
817 4983 957 5055 ἐμὴν
987 4983 1190 5055 ἀφίημι
1223 4985 1405 5056 ὑμῖν.»

1798 4983 2029 5052 'eliuquo
2063 4985 2217 5040 vobis
2246 4985 2288 5039 ⁸.
2326 5003 2345 5035 ι

171 5091 190 5122 ς
239 5072 354 5138 Kal.
400 5073 458 5124 ἐν
509 5072 818 5145 δικαιοσύνῃ
855 5075 1274 5148 οἰκοδομηθήσῃ.
1311 5076 1542 5147 ’Δπέχου
1589 5078 1684 5131 ἀπ’

1856 5076 2024 5132 Vens.
2055 5077 2142 5131 M.
2169 5094 2188 5128 ι
2221 5077 2287 5131 Et
2316 5077 2368 5130 in
2391 5074 2601 5147 justitia
2629 5073 3002 5129 mdilicaheris.
3035 5071 3256 5126 Abstine
3284 5069 3354 5125 ab

97 5163 310 5222 ἀδικου.
359 5166 455 5217 καὶ
503 5166 566 5218 οὑ
625 5166 929 5251 φοϐηθήσῃ,
974 5167 1070 5222 καὶ
1119 5167 1322 5238 τρόμος
1359 5169 1458 5221 οὐκ
1513 5171 1689 5238 ἐγγιεῖ

1806 5169 1991 5238 niquo,
2022 5180 2070 5225 et
2119 5185 2225 5224 non
2269 5169 2528 5233 timebis,
2579 5178 2632 5223 et
2682 5175 2887 5221 tremor
2919 5181 3021 5217 non
3068 5162 3355 5232 appropin-

99 5271 244 5309 σοι.)
293 5255 378 5307 Ta
417 5257 513 5326 μὲν
549 5256 658 5329 γὰρ
712 5258 1030 5330 ἀνθρώπινα
1076 5261 1547 5332 ἐπισκευάσματα,
1594 5265 1688 5316 καὶ

1798 5261 1975 5327 ιυξὼίι
2018 5262 2136 5315 tibi.
2193 5280 2212 5312 ›
2273 5259 2552 5331 Siquidem
2611 5258 2830 5314 humani
2897 5257 2970 5309 illi
3023 5263 3350 5322 apparatus,

97 5347 156 5412 ἐξ
196 5346 548 5420 ἀνθρωπίνης
589 5349 820 5420 σπουδῆς
879 5351 1261 5422 συνιστάμενα,
1304 5351 1527 5406 τοιαῦτά
1561 5369 1683 5405 τινα

1798 5354 2024 5407 hmnana
2056 5369 2185 5407 cura
2215 5354 2370 5419 editi,
2405 5351 2712 5420 huiusmodi
2742 5358 2870 5402 sunt
2895 5365 2909 5401 :
2953 5359 3121 5416 quare
3151 5345 3202 5397 in
3231 5359 3353 5398 cor-

96 5440 374 5508 τυγχάνει·
433 5438 515 5492 διὸ
567 5439 661 5492 καὶ
707 5442 786 5502 εἰς
824 5439 1028 5512 φθορὰν
1066 5444 1235 5514 χωρεῖ
1273 5441 1366 5494 καὶ
1411 5443 1490 5504 εἰς
1527 5440 1679 5494 ἀπῶ-

1798 5449 2095 5513 ruptionem
2121 5456 2174 5501 et
2195 5446 2419 5500 exitium
2449 5444 2757 5500 deveniunt.
2789 5441 2936 5509 Opus
2963 5447 3142 5494 autem
3174 5451 3352 5493 meum

95 5547 119 5579 ⁸
146 5546 308 5603 Joan.
347 5563 460 5615 xw,
491 5548 582 5602 27.

165 5639 285 5710 (ιο)
328 5639 386 5694 1η
419 5641 528 5698 alio
557 5644 742 5713 codice
778 5642 970 5713 legitur
995 5648 1107 5710 τοῖς
1137 5645 1306 5710 λίθοις
1332 5665 1450 5700 σου.
1480 5647 1675 5702 llicro-

1789 5647 1970 5712 λίθους
2001 5665 2115 5700 σου.
2137 5646 2454 5716 Procopius,
2482 5642 2733 5716 ἐμϐάλλω
2770 5644 2830 5696 ἐν
2869 5641 3070 5714 στίμει.
3098 5641 3353 5710 Quanam

97 5724 295 5780 nymtls
344 5727 511 5782 vero,
559 5711 700 5782 Ἐγώ
745 5711 860 5786 εἰμί
902 5715 1152 5786 ἐμϐαλὼν
1192 5720 1250 5774 ἐν
1307 5720 1502 5791 στίμμι
1559 5722 1679 5782 τοὺς

1792 5720 1956 5775 lectio
1984 5728 2226 5789 praestet,
2258 5713 2356 5773 suo
2387 5713 2928 5782 locoindagabimus.
