3880 6216
486 211 588 265 467

1159 208 1421 264 EUSEBII
1461 207 1930 264 CESABIENSIS
1967 205 2116 262 OPP.
2159 204 2336 261 PARS
2375 204 2464 259 lli.
2513 235 2582 244 —
2622 199 3031 256 EXEGETICA.

3632 198 3735 253 483

485 327 835 398 corruptione
873 340 1100 380 vacuum
1152 337 1272 380 est:
1313 342 1492 397 neque
1529 327 1633 382 tale
1664 327 1941 397 quidpiam
1993 329 2044 381 in

2163 332 2299 377 tatav
2319 341 2333 353 ο
2364 322 2426 375 τὸ
2451 321 2506 374 δὲ
2536 321 2668 392 ἐμὸν
2696 319 2856 391 ἔργον
2883 319 3207 391 ἀδιάφθορον
3238 320 3474 388 πέφυκεο
3505 317 3598 371 καὶ
3619 309 3736 369 ούᾶ

483 432 650 484 omre
680 431 801 471 meo
833 416 1135 486 reperiatur
1161 417 1302 486 quod
1335 427 1649 488 corrumpat
1691 427 1747 473 et
1776 419 2050 488 disperdat

485 507 635 561 illud.

565 620 722 676 Vens.
758 620 945 677 15-17.
977 639 997 674 ι
1037 621 1177 676 Ecce
1207 619 1465 691 proselyti
1496 624 1753 677 accedent
1779 623 1844 677 ad
1878 633 1931 675 te
1957 638 2052 690 per

484 728 596 778 me,
637 724 692 766 et
717 713 906 770 incola:
949 713 1024 768 tui
1055 723 1238 780 erunt,
1269 724 1326 768 et
1357 714 1425 770 ad
1455 724 1506 770 te
1535 713 1866 784 confugient.
1913 715 2051 770 Ecce

485 820 584 874 ego
615 805 796 860 creavi
848 814 923 872 te,
973 819 1081 860 non
1130 809 1272 860 sicut
1308 805 1535 862 aerarius
1576 804 1798 863 suillans
1828 823 2046 877 prunas,

484 908 540 949 et
567 896 805 951 educens
839 910 934 949 vas
965 895 1018 949 in
1049 910 1184 964 opus
1212 913 1224 949 :
1273 910 1374 965 ego
1407 905 1587 951 autem
1621 898 1800 952 creavi
1840 908 1913 963 te,
1943 915 2050 954 non

485 995 543 1038 ut
575 985 796 1040 interitu
826 984 1133 1054 perderem.
1169 985 1341 1041 Omne
1374 1002 1490 1050 vas,
1529 991 1671 1058 quod
1728 987 1928 1046 faetum
1968 1002 2052 1045 est

484 1084 670 1128 contra
713 1084 762 1126 te
795 1114 811 1137 ,
861 1089 966 1129 non
1014 1089 1339 1146 prosperare
1370 1075 1596 1132 faciam:
1639 1089 1696 1134 et
1738 1081 1915 1136 omnis
1951 1097 2051 1134 vox

487 1168 725 1236 insurget
776 1181 939 1236 super
980 1176 1032 1220 te
1071 1167 1126 1222 in
1169 1167 1454 1237 judicium.
1488 1168 1689 1227 Omnes
1719 1187 1816 1228 eos
1843 1175 2049 1238 vinces,

485 1268 539 1313 et
573 1270 734 1314 erunt
763 1260 981 1316 obnoxii
1025 1260 1103 1316 tui
1145 1261 1195 1316 in
1243 1277 1330 1318 eo.
1374 1282 1392 1314 ι
1439 1263 1570 1318 Post
1605 1265 1913 1334 pramissos
1949 1266 2053 1322 Ec-

485 1350 662 1406 clesia:
687 1352 929 1419 ordines,
959 1352 1262 1423 proselytos
1296 1369 1388 1408 eos
1416 1369 1544 1410 esse
1571 1355 1790 1416 dixeris,
1819 1359 1909 1426 qui
1937 1373 2054 1428 ger-

485 1441 632 1495 mani
665 1452 717 1496 et
747 1442 949 1496 sinceri
994 1458 1097 1497 non
1145 1452 1292 1508 sunt,
1337 1462 1511 1514 neque
1549 1463 1682 1516 pure
1727 1449 1780 1503 in
1812 1450 2053 1505 multitu-

482 1532 609 1586 dine
654 1540 988 1605 procedunt:
1032 1551 1170 1605 quos
1220 1539 1680 1608 peregrinaturos.
1734 1556 1843 1596 non
1873 1552 2050 1598 autem

485 1623 826 1679 habitaturos
856 1639 978 1680 esse
1015 1627 1092 1680 ait
1123 1627 1178 1680 in
1213 1641 1274 1681 ea
1298 1667 1314 1690 ,
1347 1629 1472 1698 quia
1519 1632 1676 1700 quasi
1724 1632 1776 1686 in
1823 1637 2050 1689 transitu

480 1726 602 1767 eam
639 1715 884 1770 adibunt.
920 1735 940 1768 ι
970 1717 1063 1772 Est
1091 1719 1380 1776 lttereditas
1412 1723 1772 1780 servientibus
1801 1724 2050 1792 Domino,
2085 1700 2126 1755 Β

481 1813 541 1857 et
569 1817 667 1859 vos
696 1805 854 1861 eritis
879 1807 1008 1861 mihi
1033 1808 1192 1878 justi,
1228 1811 1360 1866 dicit
1394 1810 1676 1869 Dominus.
1715 1833 1736 1868 ›
1767 1815 1929 1886 quue
1956 1820 2053 1872 ad-

487 1896 704 1952 modum
747 1911 1149 1970 congruenter:
1193 1919 1315 1957 nam
1365 1915 1487 1974 post
1525 1908 1802 1976 praemissa
1835 1911 2051 1976 omnia,

487 1986 632 2041 illam
671 1987 724 2041 in
768 1989 947 2048 futuro
992 1994 1190 2048 saeculo
1221 1998 1512 2066 repositam
1545 2000 1914 2057 hereditatem
1941 2019 2056 2059 me-

484 2094 700 2136 morare
730 2097 865 2150 opus
897 2095 1034 2139 erat.
1062 2086 1320 2152 Quaenam
1358 2088 1446 2143 illa
1484 2090 1666 2158 fuerit,
1692 2093 1794 2146 nisi
1826 2107 2050 2164 regnum

481 2171 766 2238 caelorum,
797 2185 851 2230 et
891 2177 996 2231 vita
1039 2181 1280 2234 aeterna?

1087 2337 1316 2394 CAPUT
1363 2340 1469 2394 LV.

553 2469 716 2527 Vens.
751 2473 863 2528 l-3.
905 2493 925 2526 ι
962 2473 1243 2542 Sitientes,
1291 2478 1363 2532 ite
1392 2479 1458 2533 ad
1487 2493 1707 2550 aquam,
1744 2491 1799 2537 et
1825 2485 1916 2552 qui
1950 2499 2052 2538 non

483 2561 700 2621 habetis
728 2575 1040 2636 argentum,
1070 2581 1262 2623 euntes
1290 2571 1478 2636 emite,
1513 2581 1570 2628 et
1613 2575 1879 2631 comedite
1919 2578 2055 2632 abs-

481 2669 588 2723 que
647 2667 872 2727 argento
923 2659 1106 2714 vinum
1151 2670 1205 2716 et
1246 2662 1480 2731 adipem.
1528 2663 1710 2730 Quare
1749 2668 2055 2738 expenditis

483 2758 786 2816 argentum,
839 2759 893 2805 et
934 2750 1172 2808 laborem
1224 2762 1494 2820 vestrum,
1541 2773 1646 2811 non
1694 2758 1749 2813 in
1795 2759 2054 2816 saturita-

483 2837 633 2891 tem?
665 2837 862 2895 Audite
895 2853 1000 2905 me,
1048 2851 1105 2896 et
1138 2841 1284 2897 vivet
1321 2843 1372 2897 in
1419 2844 1574 2902 bonis
1629 2848 1805 2904 anima
1849 2863 2052 2916 vestra,

482 2937 538 2982 et
593 2932 925 2988 constitua
976 2935 1131 2992 vobis
1188 2921 1572 2994 testamentum
1621 2942 2051 3012 sempiternum,

481 3031 673 3076 sancta
725 3022 892 3080 David
938 3025 1140 3082 fidelia.
1185 3047 1206 3080 ι
1243 3029 1300 3084 ln
1353 3031 1457 3086 alia
1507 3033 1746 3087 studium
1794 3034 2120 3098 confertisC

485 3119 751 3178 vestrum,
783 3127 850 3166 ex
876 3116 1072 3182 quibus
1113 3134 1220 3173 non
1255 3131 1431 3190 potest
1472 3120 1652 3175 citima
1681 3126 1934 3191 enutriri,
1970 3145 2056 3182 ne-

484 3215 590 3267 que
625 3203 747 3258 cibo
775 3207 842 3260 ad
889 3208 1230 3266 saturitatem
1279 3211 1405 3268 frui.
1461 3214 1664 3272 Prmter
1708 3219 1852 3272 enim
1893 3235 2054 3288 supe-

492 3290 605 3344 rius
630 3291 798 3359 dicta,
835 3296 1099 3352 bonorum
1133 3315 1358 3370 operum
1386 3318 1556 3371 spem,
1596 3306 1944 3371 divinumque
1984 3311 2057 3363 ci-

486 3381 650 3449 bum,
694 3384 1111 3456 obsequentium
1155 3393 1352 3448 animis
1398 3397 1693 3464 repositum
1743 3399 1897 3454 dicit.
1935 3400 2052 3455 Non

482 3473 628 3528 enim
656 3478 1001 3547 corporibus,
1048 3483 1171 3548 sed,
1211 3493 1270 3539 ut
1315 3489 1664 3558 perspicuum
1694 3502 1800 3555 est,
1849 3492 2055 3546 anima-

487 3568 607 3632 bus,
639 3567 946 3626 futurorum
992 3575 1252 3631 bonorum
1296 3593 1494 3635 munus
1524 3583 1772 3650 porrigit.

555 3675 718 3734 Vens.
755 3681 810 3745 4,
837 3683 890 3738 5.
934 3703 954 3734 ι
997 3684 1140 3741 Ecce
1169 3690 1536 3746 testimonium
1574 3694 1624 3746 in
1653 3695 1903 3764 gentibus
1934 3696 2052 3750 dedi

485 3785 644 3839 eum,
688 3775 988 3845 principem
1017 3789 1071 3833 et
1113 3783 1519 3850 praecipientem
1549 3788 1820 3856 gentibus.
1853 3787 2056 3844 Gentes

485 3878 606 3928 quae
653 3868 967 3923 nesciebant
1002 3881 1074 3936 te,
1125 3873 1456 3930 invocabunt
1505 3889 1592 3944 te;
1631 3889 1688 3932 et
1735 3880 1917 3950 populi
1963 3884 2052 3950 qui

487 3955 739 4022 ignorant
782 3969 854 4027 te,
914 3964 982 4017 ad
1031 3975 1082 4018 te
1119 3968 1436 4038 confugient
1487 3979 1710 4039 propter
1772 3971 2053 4027 Dominum

491 4044 664 4100 Deum
699 4058 872 4113 tuum,
915 4064 1166 4109 sanctum
1198 4057 1387 4123 Israel,
1419 4060 1548 4128 quia
1577 4059 1899 4129 glorificavit
1921 4071 1994 4116 te.
2024 4081 2045 4115 ι

383 4173 388 4184 ι
487 4136 685 4207 Ecquis
741 4155 848 4194 non
900 4152 1115 4212 stupeat
1163 4149 1432 4203 sermonis
1478 4162 1752 4215 eventum,
1802 4153 1990 4208 videns
2023 4169 2053 4206 a

486 4229 707 4285 Christo
744 4232 837 4288 Dei
882 4249 980 4304 per
1009 4246 1179 4291 totum
1227 4242 1412 4296 orbem
1461 4242 1798 4300 Christianos
1847 4261 2056 4300 nuncu—

488 4324 650 4392 pari?
676 4324 744 4378 Et
776 4326 879 4381 hoc
911 4328 1014 4382 erit
1043 4328 1148 4386 illis
1185 4341 1446 4388 aeternum
1476 4335 1692 4402 salutis,
1734 4351 1855 4406 quas
1883 4352 1912 4390 a
1949 4339 2054 4393 Deo

484 4427 590 4483 est,
631 4418 870 4488 signum,
915 4422 1058 4490 quod
1095 4439 1292 4477 nomen
1323 4425 1539 4481 Domini
1587 4429 1690 4483 sibi
1719 4430 2054 4498 adscribent,

485 4509 539 4562 in
571 4523 832 4564 aeternum
866 4527 1344 4580 perseveraturum
1367 4559 1382 4584 ,
1433 4534 1533 4574 nec
1577 4536 1815 4591 unquam
1847 4524 2056 4577 desilu-

488 4619 612 4658 rum
643 4621 656 4656 :
693 4620 826 4661 nam.
849 4609 988 4662 dona
1025 4609 1116 4665 Dei
1147 4610 1268 4666 sine
1307 4615 1626 4682 pmnitentia
1656 4624 1806 4670 sunt.

558 4764 724 4823 Vens.
754 4766 910 4821 6-12.
948 4787 966 4819 ι
991 4769 1226 4836 Quaerite
1260 4771 1566 4840 Dominum,
1591 4782 1646 4828 et
1681 4790 1800 4827 cum
1839 4775 2056 4830 invene-

487 4856 609 4910 ritis
649 4872 794 4921 eum,
828 4858 1101 4915 invocate.
1147 4862 1379 4928 Quando
1429 4877 1608 4919 autem
1651 4865 2053 4936 appropinqua-

485 4946 627 5001 verit
659 4947 726 5001 ad
752 4964 872 5012 vos,
910 4952 1249 5021 derelinquat
1296 4955 1493 5026 impius
1541 4958 1656 5010 vias
1699 4973 1849 5024 suas,
1887 4967 1942 5012 et
1975 4961 2056 5012 vir

488 5038 706 5108 iniquus
731 5040 962 5098 consilia
993 5056 1106 5098 sua
1133 5061 1147 5110 ;
1180 5054 1235 5098 et
1260 5055 1612 5102 convertatur
1643 5050 1710 5103 ad
1741 5047 2050 5114 Dominum,

486 5141 540 5184 et
572 5132 1004 5189 misericordiam
1035 5148 1443 5207 consequetur:
1485 5141 1611 5210 quia
1644 5141 1844 5198 multus
1869 5143 1972 5197 erit
1999 5144 2051 5196 in

486 5222 820 5280 dimittendis
858 5227 1096 5294 peccatis
1121 5230 1334 5284 vestris.
1372 5230 1558 5301 Neque
1589 5233 1735 5286 enim
1768 5241 1894 5286 sunt
1924 5247 2054 5287 oon-

485 5316 610 5372 silia
635 5333 779 5382 mea,
808 5321 948 5375 sicut
979 5321 1210 5376 consilia
1241 5332 1441 5390 vestra,
1473 5339 1575 5380 nec
1600 5325 1701 5378 viae
1729 5339 1884 5392 meae,
1915 5325 2058 5379 sicut

489 5414 588 5465 via:
624 5427 844 5482 vestrae,
905 5415 1039 5471 dicit
1096 5416 1378 5471 Dominus.
1427 5418 1535 5472 Sed
1577 5427 1838 5486 quantum
1892 5417 2060 5472 distat

413 5549 415 5554 .
485 5501 680 5555 calum
711 5521 738 5556 a
771 5513 940 5569 terra,
988 5517 1197 5560 tantum
1235 5507 1321 5560 via
1355 5523 1470 5562 mea
1520 5523 1548 5560 a
1599 5508 1702 5562 viis
1747 5510 1963 5574 vestris,
2004 5519 2059 5563 et

490 5594 849 5660 cogitationes
897 5610 1086 5651 vestrm
1116 5614 1144 5649 a
1173 5601 1498 5668 cogitatione
1530 5616 1665 5654 mea.
1703 5600 1771 5655 Ut
1814 5603 1960 5654 enim
2012 5600 2056 5654 si

497 5683 783 5742 descendat
809 5688 986 5756 pluvia
1013 5691 1078 5744 de
1109 5693 1268 5759 cudo,
1306 5701 1359 5746 ct
1403 5706 1508 5747 non
1555 5703 1852 5747 revertatur
1887 5696 2056 5749 donec

2153 413 2390 468 τοιοῦτον
2418 413 2769 484 εὑρεθήσεται
2818 412 2910 464 ἐπὶ
2944 409 3039 464 τοῦ
3089 408 3222 480 ἐμοῦ
3270 409 3450 480 ἔργου,
3494 408 3570 472 ὡς
3617 407 3735 462 δια-

2163 504 2383 575 φθεῖραι
2408 505 2502 558 καὶ
2531 502 2793 556 ἀπολέσαι
2824 501 2955 555 αὑτό

2233 637 2252 670 ‹
2297 617 2425 672 Ἰδοὺ
2473 615 2801 688 προσήλυτοι
2853 613 3305 688 προσελεύσονταί
3339 630 3422 667 σοι
3463 612 3530 667 δι’
3577 610 3738 683 ἐμοῦ,

2157 709 2250 762 καὶ
2275 707 2667 778 παροικήσουσί
2725 723 2827 770 σοι,
2882 704 2976 758 καὶ
3017 704 3108 757 ἐπὶ
3167 704 3226 756 σὲ
3281 702 3731 774 καταφεύξονται.

2170 799 2300 854 Ἰδοὺ
2341 797 2451 868 ἐγὼ
2515 797 2706 852 ἔκτισά
2752 815 2832 863 σε,
2881 796 2978 867 οὑχ
3014 796 3089 860 ὡς
3131 795 3366 866 χαλκεὺς
3402 795 3587 865 φυσῶν
3640 793 3737 850 ἀν-

2159 891 2386 961 θρακας,
2410 889 2502 943 καλ⁹
2522 888 2768 960 ἐκφέρων
2796 885 2986 951 σκεῦος
3013 887 3092 950 εἰς
3121 885 3306 958 ἔργονο
3333 883 3442 956 ἐγὼ
3462 887 3506 940 δ’
3545 884 3741 940 ἕκτισά

2160 996 2238 1046 σε,
2278 982 2380 1035 οὑκ
2408 981 2488 1043 είς
2517 978 2790 1032 ἀπώλειαν
2821 977 3056 1050 φθεῖραι.
3081 977 3197 1030 Πᾶν
3221 975 3415 1041 σκεῦος
3439 973 3739 1030 σκευαστὸν

2158 1067 2252 1120 ἐπὶ
2286 1067 2364 1131 σὲ,
2397 1067 2495 1121 οὐκ
2539 1065 2814 1120 εύοδώσω·
2868 1065 2962 1120 καὶ
2991 1067 3140 1119 πᾶσα
3175 1065 3326 1136 φωνὴ
3371 1065 3740 1136 ἀναστήσεται

2158 1159 2249 1211 ἐπὶ
2293 1159 2352 1211 σὲ
2396 1161 2474 1223 εἰς
2524 1159 2720 1229 κρίσιν.
2761 1158 2974 1221 Πάντας
3025 1156 3220 1218 αὐτοὺς
3252 1157 3536 1227 ήττήσεις·
3580 1157 3631 1209 οἱ
3680 1155 3740 1209 δὲ

2159 1253 2330 1322 ἔνοχοί
2369 1269 2460 1306 σου
2500 1252 2714 1305 ἔσονται
2755 1252 2812 1304 ἐν
2841 1252 3000 1322 αὑτῇ.
3032 1271 3050 1302 ι
3081 1251 3268 1314 Εἵποις
3294 1251 3338 1302 δ’
3364 1249 3431 1302 ἂν
3467 1247 3744 1320 προσηλύ-

2159 1361 2282 1408 τους
2308 1344 2444 1415 μετὰ
2464 1342 2534 1396 τὰ
2559 1342 2923 1415 προλεχθέντα
2945 1343 3045 1412 τῆς
3071 1340 3393 1413 Ἐκκλησίας
3414 1341 3740 1412 πράγματα,

2159 1435 2284 1499 τοὺς
2305 1436 2365 1488 οὑ
2385 1434 2660 1505 γνησίους,
2689 1433 2808 1486 οὑδὲ
2836 1431 3093 1504 καθαρῶς
3115 1431 3518 1505 προϐάλλοντας
3538 1433 3596 1485 ὲν
3626 1433 3742 1494 τοῖς

2160 1525 2452 1599 πλήθεσιν
2485 1525 2579 1588 οὓς
2618 1526 2712 1578 καὶ
2753 1525 3132 1596 παροικήσειν,
3171 1523 3286 1578 ἀλλ’
3309 1524 3368 1576 ού
3395 1525 3740 1595 κατοικήσειν

2161 1622 2324 1692 φησὶν
2339 1618 2525 1690 αὐτὴν,
2539 1617 2626 1671 διὰ
2650 1617 2712 1670 τὸ
2739 1617 2814 1681 ὼς
2830 1618 2887 1670 ὲν
2902 1617 3118 1688 παρόδῳ
3133 1615 3404 1670 ποιεῖσθαι
3419 1616 3618 1679 αὑτοὺς
3639 1616 3741 1686 τὴν

2153 1711 2376 1766 εἷσοδον.
2408 1731 2426 1762 ι
2458 1711 2612 1764 Ἐστι
2641 1709 2974 1780 κληρονομία
2992 1711 3106 1771 τοῖς
3121 1707 3482 1780 θεραπεύουσι
3508 1707 3738 1778 Κύριον,

2154 1803 2249 1858 καὶ
2277 1805 2432 1872 ὑμεῖς
2457 1802 2647 1857 ἔσεσθέ
2674 1819 2761 1873 μοι
2794 1800 3010 1868 δίκαιοι,
3045 1800 3191 1869 λέγει
3230 1799 3431 1871 Κύριος
3449 1816 3463 1829 ο
3490 1818 3509 1850 ›
3531 1798 3740 1869 σφόδρα

2153 1895 2488 1958 ἀκολούθωςο
2525 1893 2662 1966 μετά
2699 1893 2810 1965 γὰρ
2839 1891 2907 1946 τὰ
2938 1891 3303 1963 προλεχθέντα
3333 1891 3533 1954 πάντα,
3568 1888 3741 1960 ἐχρῆν

2153 1987 2460 2058 ὑπομνῆσαι
2504 1986 2598 2039 καὶ
2625 1984 2726 2055 τῆς
2757 1983 3082 2054 ἐγκειμένης
3110 1983 3166 2037 ὲν
3198 1981 3276 2054 τῷ
3306 1981 3553 2054 μέλλοντι
3580 1979 3739 2034 αἰῶνι

2152 2077 2533 2150 κληρονομίας.
2575 2076 2672 2138 Τίς
2698 2073 2838 2128 δ’,ἂν
2876 2073 3086 2142 γένοιτο
3117 2073 3254 2145 αῦτη
3281 2073 3396 2128 ἀλλ’
3425 2075 3458 2143 ἡ
3491 2070 3740 2142 βασιλεία

2152 2171 2261 2222 τῶν
2283 2167 2528 2240 οὐρανῶν
2554 2165 2650 2221 καὶ
2678 2165 2794 2237 ζωὴ
2821 2166 3065 2232 αίώνιος;

2661 2321 3060 2380 ΚΕΦΑΛΑῙΟΝ
3085 2323 3212 2376 NE’.

2231 2477 2250 2510 ι
2291 2460 2356 2512 0i
2395 2457 2676 2528 διψῶντες,
2727 2455 3023 2530 πορεύεσθε
3051 2455 3135 2524 ἐφ’
3178 2454 3343 2526 ὓδωρ,
3376 2454 3471 2508 καὶ
3519 2454 3635 2507 ὅσοι
3663 2454 3745 2524 μὴ

2155 2549 2307 2620 ἔχετε
2335 2549 2621 2622 ἀργύριον,
2667 2548 2983 2620 βαδίσαντες
3022 2547 3352 2619 ἀγοράσατε,
3404 2547 3498 2599 καὶ
3533 2546 3739 2616 φάγετε

2154 2642 2281 2696 ἄνευ
2307 2642 2572 2715 ἀργυρίου
2608 2636 2750 2695 οἶνον
2790 2639 2886 2693 καὶ
2929 2638 3116 2711 στέαρ.
3149 2638 3268 2692 Ἵνα
3295 2637 3349 2690 τί
3380 2636 3612 2706 τιμᾶσθε
3638 2637 3738 2707 ἀρ-

2153 2733 2366 2806 γυρίου,
2394 2734 2489 2788 καὶ
2533 2733 2626 2788 τὸν
2657 2730 2854 2803 μόχθον
2901 2728 3058 2802 ὑμῶν
3107 2729 3208 2782 οὐκ
3271 2729 3351 2791 εἰς
3381 2727 3738 2797 πλησμονήν;

2168 2827 2458 2882 Ἀκούσατέ
2493 2845 2618 2898 μου,
2643 2825 2738 2880 καὶ
2757 2823 2984 2895 ζήσεται
3007 2825 3063 2876 ὲν
3085 2821 3310 2892 ἀγαθοῖς
3333 2820 3534 2893 ἡψυχὴ
3558 2820 3737 2890 ὑμῶν,

2156 2921 2250 2974 καὶ
2268 2918 2595 2990 διαθήσομαι
2625 2918 2752 2988 ὑμῖν
2779 2915 3044 2988 διαθήκην
3072 2913 3313 2981 αἰώνιον,
3337 2913 3408 2966 τὰ
3429 2914 3552 2967 ὅσια
3574 2910 3742 2964 Δαυῖδ

2155 3010 2224 3066 τὰ
2254 3012 2440 3066 πιστά.
2467 3030 2486 3062 ι
2521 3010 2656 3082 Περὶ
2685 3009 2851 3081 ἕτερα
2877 3005 3292 3079 ἀσχολούμενοι,
3316 3004 3375 3073 ὲξ
3401 2998 3477 3058 ὧν
3495 3005 3600 3058 οὐκ
3620 3004 3739 3057 ἐστι

2153 3102 2328 3174 ψυχὴν
2352 3102 2646 3174 τραφῆναι,
2673 3100 2796 3154 οὐδὲ
2832 3101 2912 3164 είς
2937 3099 3257 3171 πλησμονὴν
3283 3096 3591 3150 ἀπολαῦσαι
3614 3112 3739 3167 τρο-

2154 3193 2282 3263 φῆς·
2318 3192 2460 3264 Πρὸς
2503 3191 2612 3262 γὰρ
2650 3194 2764 3254 τοῖς
2796 3191 3084 3263 προτέροις
3126 3190 3220 3243 καὶ
3264 3188 3374 3242 τῶν
3403 3187 3579 3258 ἔργων
3603 3188 3740 3254 ἀγα-

2155 3283 2262 3337 θῶν
2282 3284 2492 3348 ὲλπίδα,
2517 3284 2610 3337 κοιλ⁴
2631 3281 2834 3353 τροφὴν
2852 3282 3032 3336 ἔνθεον
3055 3277 3444 3352 τεταμιεῦσθαί
3464 3294 3600 3348 φησι
3617 3281 3740 3340 ταῖς

2153 3373 2261 3427 τῶν
2285 3373 2542 3444 ὑπηκόων
2567 3371 2784 3443 ψυχαῖς.
2812 3372 2887 3424 Οὑ
2915 3371 3024 3442 γὰρ
3043 3373 3155 3434 τοῖς
3178 3369 3416 3440 σώμασι,
3439 3367 3741 3440 διαρρήδην

2153 3466 2210 3518 δὲ.
2256 3467 2374 3530 ταῖς
2425 3464 2625 3534 ψυχαῖς
2668 3462 2765 3533 τὴν
2808 3461 2916 3514 τῶν
2965 3460 3267 3533 μελλόντων
3319 3458 3544 3528 ἀγαθῶν
3589 3458 3740 3511 δόσιν

2154 3557 2541 3630 προϐάλλεται.

2228 3688 2247 3720 r
2288 3668 2419 3722 Ἰδοὺ
2449 3665 2745 3738 μαρτύριον
2771 3665 2830 3718 ὲν
2854 3662 3063 3717 ἔθνεσιν
3087 3662 3264 3717 ἔδωκα
3287 3661 3470 3726 αὑτὸν,
3499 3661 3742 3730 ἄρχοντα

2155 3759 2249 3812 καὶ
2291 3757 2700 3829 προστάσσοντα
2746 3753 2976 3808 ἔθνεσιν.
3027 3752 3197 3822 Ἐθνη
3241 3749 3278 3804 ἀ
3308 3751 3408 3806 οὑκ
3446 3751 3624 3805 οἴδασί
3654 3769 3744 3816 σε,

2154 3849 2564 3907 ὲπικαλέσονταί
2591 3865 2672 3914 σε,
2718 3847 2813 3902 καὶ
2837 3846 2955 3902 λαοὶ
2978 3845 3028 3899 οἳ
3053 3846 3156 3899 οὑκ
3181 3844 3502 3899 ἐπίστανταί
3528 3861 3613 3910 σε,
3643 3846 3742 3898 ἐπὶ

2159 3945 2217 3998 σὲ
2247 3941 2697 4012 καταφεύξονται,
2731 3939 2917 3993 ἕνεκεν
2944 3937 3150 4008 Κυρίου
3182 3934 3276 3988 τοῦ
3301 3934 3438 3989 Θεοῦ
3479 3951 3597 3999 σου,
3641 3936 3738 3988 τοῦ

2155 4033 2310 4101 ἁγίου
2343 4030 2592 4104 Ἰσραὴλ,
2641 4030 2724 4082 ὅτι
2780 4027 2998 4094 ὲδόξασέ
3043 4043 3122 4080 σε.
3163 4045 3182 4078 ο
3233 4026 3344 4080 Καὶ
3396 4026 3482 4090 τίς
3521 4025 3624 4079 οὐκ
3673 4026 3748 4080 ἂν

2155 4123 2454 4195 ἐκπλαγείη
2487 4122 2582 4176 τοῦ
2616 4121 2776 4190 λόγου
2805 4120 2868 4174 τὸ
2892 4119 3259 4190 ἀποτέλεσμα,
3285 4117 3426 4190 ὁρῶν
3463 4117 3585 4172 καθ’
3610 4118 3744 4188 ὅλης

2154 4217 2252 4288 τῆς
2285 4215 2610 4286 οἰκουμένης
2649 4212 2759 4266 ἀπὸ
2802 4211 3039 4282 Χριστοῦ
3080 4211 3174 4265 τοῦ
3204 4210 3340 4264 Θεοῦ
3375 4212 3743 4282 Χριστιανοὺς

2157 4304 2752 4377 προσαγορευομένους;
2798 4301 2909 4354 Καὶ
2951 4299 3107 4353 τοῦτο
3137 4301 3322 4362 αὑτοῖς
3367 4297 3587 4352 ἔσεσθαι
3639 4315 3744 4368 ση-

2090 4388 2134 4444 D
2165 4399 2313 4468 μεῖον
2341 4395 2556 4450 αἰώνιον
2579 4393 2680 4463 τῆς
2707 4391 2860 4464 παρὰ
2887 4390 3005 4461 Θεῷ
3033 4389 3307 4461 σωτηρίας
3338 4390 3400 4442 τὸ
3431 4390 3744 4462 ἐπιγράφε-

2163 4487 2282 4540 σθαι
2333 4486 2395 4539 τὸ
2425 4485 2520 4538 τοῦ
2553 4484 2756 4554 Κυρίου
2801 4482 2992 4553 ὄνομα,
3035 4483 3176 4553 ὅπερ
3221 4482 3407 4545 αὑτοῖς
3453 4485 3532 4545 είς
3564 4482 3742 4536 αἰῶνα

2160 4579 2484 4650 παραμένει,
2517 4578 2614 4632 καὶ
2650 4576 2749 4631 οὐκ
2784 4575 3024 4645 ἐκλείψει
3053 4573 3306 4627 πώποτεο
3344 4575 3746 4646 ἀμεταμέλητα

2159 4670 2268 4742 γὰρ
2294 4669 2363 4722 τά
2399 4669 2716 4740 χαρίσματα
2743 4665 2838 4720 τοῦ
2868 4665 3006 4720 Θεοῦ
3038 4666 3316 4736 τυγχάνει.

2236 4798 2254 4829 ι
2283 4779 2561 4849 Ζητήσατε
2585 4777 2676 4830 τὸν
2697 4776 2922 4848 Κύριον,
2945 4776 3039 4830 καὶ
3067 4776 3125 4828 ὲν
3152 4776 3230 4848 τῷ
3251 4777 3528 4848 εὑρίσκειν
3553 4778 3742 4845 αὑτὸν,

2158 4871 2574 4925 ὲπικαλέσασθε.
2620 4867 2812 4922 Ἡνίκα
2833 4867 2878 4920 δ’
2905 4867 2972 4920 ἂν
3001 4867 3194 4940 ὲγγίςῃ
3216 4867 3365 4936 ὑμῖν,
3393 4867 3748 4923 ἀπολειπέτω

2160 4963 2188 5013 ὁ
2225 4959 2424 5031 ἀσεϐὴς
2453 4958 2550 5022 τὰς
2575 4958 2729 5020 ὀδοὺς
2755 4955 2940 5022 αὐτοῦ,
2967 4958 3062 5011 καὶ
3091 4957 3230 5028 ἀνὴρ
3267 4957 3467 5027 ἄνομος
3494 4958 3594 5023 τὰς
3619 4959 3748 5029 βου-

2160 5051 2258 5113 λὰς
2288 5049 2474 5114 αὑτοῦ,
2527 5049 2621 5102 καὶ
2654 5049 3042 5119 ἐπιστραφήτω
3068 5046 3162 5101 ἐπὶ
3191 5047 3414 5118 Κύριον,
3448 5049 3542 5102 καὶ
3582 5049 3744 5121 ἐλεη-

2161 5144 2411 5214 θήσεται·
2461 5143 2543 5195 δτι
2582 5143 2677 5195 ἐ,πῖ
2714 5141 2849 5195 πολὺ
2879 5141 3080 5212 ἀφήσει
3109 5141 3210 5204 τὰς
3251 5141 3528 5214 ἁμαρτίας
3562 5143 3738 5214 ὑμῶν.

2161 5236 2237 5287 Οὑ
2272 5235 2380 5304 γάρ
2407 5235 2544 5288 εἰσιν
2571 5235 2628 5286 αἱ
2656 5233 2841 5304 βουλαί
2869 5249 2993 5304 μου,
3024 5232 3214 5304 ὥσπερ
3243 5234 3301 5286 αί
3331 5233 3523 5304 βουλαὶ
3561 5235 3740 5305 ὑμῶν,

2161 5325 2266 5378 οὐδ’
2299 5324 2485 5397 ὥσπερ
2517 5328 2572 5378 αἱ
2605 5325 2714 5378 ὁδοὶ
2751 5325 2927 5396 ὑμῶν,
2960 5327 3019 5378 αί
3045 5325 3151 5378 ὁδοί
3183 5343 3304 5396 μου,
3332 5326 3482 5394 λέγει
3513 5327 3742 5398 Κύριος.

2171 5415 2309 5469 Ἀλλ’
2338 5415 2414 5480 ὡς
2442 5417 2636 5486 ἀπέχει
2668 5418 2696 5469 ὁ
2725 5416 2951 5486 οὐρανὸς
2982 5416 3090 5470 ἀπὸ
3115 5417 3215 5486 τῆς
3249 5416 3374 5487 γῆς,
3401 5415 3581 5481 οὕτως
3605 5417 3746 5470 ἀπέ-

2158 5528 2241 5580 χει
2275 5513 2308 5581 ή
2341 5510 2455 5572 ὁδός
2491 5527 2591 5581 μου
2621 5509 2730 5562 ἀπὸ
2766 5510 2873 5562 τῶν
2909 5509 3042 5563 ὁδῶν
3085 5510 3258 5580 ὑμῶν,
3294 5511 3387 5564 καὶ
3417 5511 3490 5564 τά
3524 5511 3744 5584 διανοή-

2161 5621 2304 5672 ματα
2332 5603 2483 5672 ὑμῶν
2513 5602 2618 5655 ἀπὸ
2641 5604 2738 5672 τῆς
2762 5601 3000 5665 διανοίας
3025 5620 3144 5672 μου.
3187 5604 3271 5665 Ὡς
3297 5603 3404 5674 γὰρ
3429 5604 3498 5658 ἂν
3521 5608 3738 5677 καταϐῇ

2157 5699 2182 5749 ὁ
2213 5697 2359 5757 ὑετὸς
2397 5697 2456 5750 ἐκ
2508 5695 2597 5748 τοῦ
2632 5695 2882 5765 ούρανοῦ,
2937 5696 3027 5750 καὶ
3061 5695 3119 5746 οὐ
3161 5695 3233 5766 μὴ
3271 5697 3601 5771 ἀποστραφῇ
3636 5700 3739 5765 ἕως
3775 5695 3801 5743 5
