3880 6216
236 250 343 306 469

1152 248 1653 307 COMMENTARIA
1692 252 1759 306 iN
1800 253 2053 313 lSAlAM.
2094 292 2163 302 —-
2195 260 2348 316 CAP.
2389 261 2523 317 LVI.

3374 267 3478 322 ΠΟ

220 365 290 419 ἂν
328 364 538 439 μεθύσῃ
561 366 661 438 τὴν
686 367 809 439 γῆν,
826 367 918 420 καὶ
949 368 1171 439 ὲκτέκῃ,
1197 370 1291 423 καὶ
1318 369 1685 442 ὲκϐλαστησῃ,
1711 373 1802 424 καὶ

1911 375 2135 431 inebriet
2182 385 2405 444 terram,
2434 388 2488 433 et
2541 379 2737 449 pariat,
2769 386 2825 434 et
2854 380 3148 450 germinet,
3175 390 3229 435 et
3266 360 3366 436 det,
3390 398 3477 436 se-

182 480 185 519 ς
220 457 297 527 δῷ
336 458 557 529 σπέρμα
584 457 663 529 τῷ
694 459 990 530 σπείροντι,
1020 460 1115 513 καὶ
1144 461 1306 531 ἀρτον
1338 462 1418 523 είς
1452 460 1681 533 βρῶσιψ
1716 462 1805 515 οὓ-

220 566 333 612 τως
380 549 533 602 ἔσται
578 549 641 602 τὸ
690 549 841 621 ῥῆμά
874 567 998 621 μου,
1034 550 1062 603 0
1094 550 1189 604 ἐὰν
1222 550 1413 624 ἐξέλθῃ
1455 553 1520 604 ὲκ
1556 551 1647 605 τοῦ
1681 554 1803 607 στό-

224 638 397 709 ματός
434 655 558 708 μου,
588 639 652 690 ού
681 639 757 709 μὴ
800 640 1149 711 ἀποστραφῇ,
1184 640 1289 702 ἕως
1324 639 1391 693 ἂν
1436 640 1661 714 τελεσθῇ
1704 644 1806 697 ὅσα

220 730 291 783 ἂν
315 729 577 801 ἠθέλησα.
609 731 721 783 Καὶ
746 730 995 784 εύοδώσω
1031 731 1131 795 τὰς
1158 731 1313 795 ὁδούς
1342 748 1458 797 σου,
1491 736 1586 788 καὶ
1615 736 1684 787 τὰ
1722 736 1807 789 ὲν-

217 820 475 892 τάλματά
521 838 644 893 μου.
704 824 791 876 Ἐν
824 822 935 894 γὰρ
964 823 1273 897 εὐφροσύνῃ
1314 823 1681 893 ὲξελεύσεσθε,
1713 827 1805 880 καὶ

218 914 281 965 ὲν
304 914 452 984 χαρᾷ
475 911 883 983 διδαχθήσεσθε.
914 912 997 967 Τά
1022 914 1131 985 γὰρ
1155 914 1255 987 ὅρη
1283 915 1378 968 καὶ
1416 916 1467 969 oi
1500 915 1678 985 βουνοί
1712 916 1803 983 έξο

218 1002 477 1058 αλοῦνται
505 1005 924 1075 προσδεχόμενοι
955 1005 1099 1077 ὑμᾶς
1128 1008 1186 1059 ὲν
1218 1008 1381 1079 χαρᾷ.
1409 1027 1427 1061 ι
1450 1010 1528 1062 Δι’
1554 1002 1629 1063 ὧν
1655 1005 1805 1080 οἶμαι

216 1094 481 1166 δυνάμεις
518 1097 921 1167 συγχαιρούσας
950 1100 1064 1161 τοῖς
1095 1099 1187 1151 ἐπὶ
1208 1100 1312 1170 γῆς
1361 1100 1677 1171 μετανοοῦσι
1708 1101 1794 1171 δη-

219 1187 468 1242 λοῦσθαι.
515 1207 534 1239 ί
558 1190 668 1243 Καὶ
697 1191 875 1244 πάντα
895 1195 963 1244 τὰ
986 1190 1116 1257 ξύλα
1139 1192 1234 1245 τοῦ
1261 1192 1432 1264 ἀγροῦ
1455 1194 1806 1264 ὲπικροτήσει

216 1282 336 1343 τοϊς
365 1278 596 1343 κλάδοις.
628 1298 647 1332 ο
671 1280 814 1335 Ξύλα
840 1280 896 1333 δὲ
918 1280 1013 1333 τοῦ
1040 1280 1213 1352 ἀγροῦ
1245 1281 1637 1353 έπικροτοῦντα
1669 1282 1801 1335 κλά-

215 1369 333 1433 Meg
362 1370 503 1440 τάχα
536 1388 637 1424 που
662 1373 718 1424 at
751 1372 1088 1442 καρποφόροι
1116 1368 1227 1425 εἷεν
1254 1371 1319 1426 ἂν
1348 1373 1542 1443 ψυχαὶ,
1578 1374 1802 1443 συγχαί-

220 1479 414 1532 ρουσαι
446 1465 565 1527 ταῖς
590 1463 698 1517 τῶν
729 1464 944 1535 ἀνόμων
968 1464 1167 1535 ψυχαῖς
1190 1465 1644 1536 έπιστρεφούσαις
1673 1464 1807 1537 πρός

220 1554 449 1627 Κύριον.

294 1665 317 1698 ε
352 1647 462 1700 Καὶ
504 1648 623 1701 ἀντὶ
668 1648 768 1717 τῆς
821 1649 1037 1719 στοιϐῆς
1069 1650 1398 1721 ἀναϐήσεται
1442 1650 1801 1721 κυπάρισσος,

1907 482 2029 523 men
2074 470 2381 538 seminautl,
2410 481 2466 527 et
2505 486 2696 538 panem
2746 472 2815 527 ad
2856 473 3216 539 vescendum;
3262 474 3341 529 sic
3372 475 3479 528 erit

1905 560 2125 614 verbum
2154 576 2357 628 meum,
2381 564 2739 634 quodcunque
2766 564 2961 619 exierit
2984 564 3051 619 de
3073 579 3168 620 ore
3193 580 3335 631 meo,
3364 581 3473 621 non

1906 662 2233 720 revertetur,
2258 655 2427 711 donec
2453 656 2802 726 perﬁciantur
2831 670 3165 726 quaecunque
3187 656 3471 713 voluerim.

1906 744 1973 800 Et
2002 760 2288 815 prosperas
2315 746 2512 803 faciam
2544 749 2661 804 vias
2689 756 2809 805 tuas
2849 757 2903 803 et
2933 757 3197 819 praecepta
3236 765 3374 805 mea.
3412 753 3471 804 ιιι

1906 834 2087 893 laetitia
2111 839 2253 893 enim
2290 840 2679 911 egrediemini,
2719 849 2775 896 et
2807 841 2858 895 in
2895 841 3090 911 gaudio
3129 841 3471 897 docebimini.

1908 929 2117 987 Montes
2141 932 2283 985 enim
2308 942 2363 988 et
2397 931 2568 989 colles
2597 933 2848 988 exsilient
2872 933 3200 1003 excipientes
3231 948 3325 987 vos
3349 948 3469 988 cum

1907 1024 2121 1094 gaudio.
2165 1042 2184 1077 ι
2224 1023 2387 1092 Queis
2442 1026 2696 1081 existimo
2732 1025 3024 1097 signiﬁcari
3063 1026 3319 1090 virtutes,
3354 1039 3473 1095 quae

1906 1118 1974 1172 de
2004 1117 2392 1187 ptenitentibus
2440 1118 2493 1173 in
2540 1129 2681 1174 terra
2730 1118 2998 1178 laetantur.
3031 1136 3051 1171 ι
3104 1117 3169 1173 Et
3200 1119 3378 1172 omnia
3410 1119 3475 1173 li-

1906 1224 2009 1279 gna
2039 1210 2153 1280 agri
2187 1209 2515 1280 applaudcnt
2547 1212 2734 1266 ramis.
2777 1230 2796 1263 ι
2830 1210 2998 1281 Ligna
3033 1210 3148 1280 agri
3195 1210 3359 1265 ramis
3386 1225 3480 1279 ap-

1906 1299 2234 1369 plaudentia,
2263 1300 2495 1357 fortasse
2548 1302 2751 1358 fuerint
2782 1304 2977 1358 animae
3002 1300 3317 1370 fructiferae,
3360 1318 3480 1371 qua:

1906 1390 1973 1445 de
2003 1392 2289 1449 animabus
2313 1394 2604 1464 impiorum
2640 1395 2706 1450 ad
2743 1396 3025 1450 Dominum
3063 1395 3476 1461 revertentibus,

1909 1485 2091 1541 laetitia
2124 1487 2419 1558 replentur.

1978 1644 2140 1700 Vens.
2172 1644 2261 1699 l3.
2292 1663 2311 1697 ι
2345 1644 2409 1700 Ει
2440 1660 2537 1717 pro
2559 1648 2731 1703 stmba
2759 1650 3014 1705 ascendet
3042 1649 3374 1720 cyparissus,
3422 1659 3478 1705 et

215 1739 342 1792 ἀντὶ
368 1738 426 1791 δὲ
452 1739 554 1810 τῆς
571 1740 801 1811 κονύζης
829 1741 1159 1812 ἀναϐήσεται
1216 1742 1471 1812 μυρσίνη.
1506 1742 1616 1794 Καὶ
1652 1741 1802 1794 ἔσται

1911 1749 2001 1804 pro
2033 1749 2233 1807 conyza
2270 1735 2522 1793 ascendet
2552 1748 2778 1810 myrtus.
2801 1739 2868 1795 Et
2889 1741 2994 1796 erit
3023 1740 3279 1796 Dominus
3305 1741 3358 1795 in
3383 1757 3479 1795 no-

217 1832 425 1903 Κύριος
456 1835 536 1897 είς
557 1834 748 1903 ὄνομα,
785 1834 880 1887 καὶ
910 1835 989 1897 είς
1012 1836 1235 1904 σημεῖον
1276 1832 1492 1887 αἰώνιον
1512 1876 1525 1899 ,
1560 1835 1655 1887 καὶ
1704 1834 1802 1887 οὐκ

217 1924 481 1993 ἱκλείψει.
519 1944 537 1976 ι
574 1925 974 1996 Ἀλληγορικῶς
991 1925 1048 1979 δὲ
1078 1926 1168 1979 διά
1189 1926 1395 1979 τούτων
1423 1926 1667 1997 ᾐνίττετο
1705 1925 1804 1996 τὴν

216 2014 327 2067 ἀπὸ
355 2013 466 2066 τῶν
485 2016 744 2085 χειρόνων
770 2015 863 2067 ἐπὶ
886 2014 955 2068 τὰ
976 2015 1210 2085 κρείττω
1242 2014 1351 2067 τῶν
1381 2014 1570 2086 ψυχῶν
1594 2032 1802 2088 καρπο-

218 2104 449 2175 φορίαν·
486 2106 542 2158 αι
577 2106 748 2158 πᾶσαι
785 2106 883 2176 μὲν
913 2102 1052 2177 ἦσαν
1085 2107 1144 2160 ὲν
1187 2106 1461 2177 ἀθεότητι,
1516 2107 1668 2159 οὐδὲν
1714 2106 1805 2175 γό-

216 2212 376 2265 νιμον
404 2195 524 2248 οὐδὲ
550 2196 819 2269 τρόφιμον
851 2196 1075 2269 ἔφερονο
1106 2198 1183 2262 ὡς
1241 2200 1298 2250 ὲν
1360 2200 1553 2270 ἐρήμῳ
1594 2198 1653 2251 δὲ
1708 2199 1804 2253 κα).

214 2286 420 2359 χέρσῳ,
439 2288 532 2341 καὶ
560 2290 897 2360 ἀγεωργήτῳ
916 2288 1088 2361 χώρᾳ,
1140 2289 1357 2361 στοιϐὴν
1382 2290 1515 2361 ὕλης
1531 2291 1802 2362 ἀχρήστου

215 2379 315 2433 καὶ
345 2380 575 2444 κόνυζαν
606 2382 704 2453 τὴν
736 2381 1191 2453 δυσσεϐεστάτην,
1228 2383 1321 2437 καὶ
1347 2382 1620 2454 ἄχρηστον
1670 2398 1805 2435 παν-

213 2470 391 2534 τελῶς
426 2472 658 2544 βοτάνην
685 2472 871 2542 ἔφυον.
896 2474 1009 2527 Νῦν
1034 2474 1079 2527 δ’
1105 2476 1195 2528 ὅτε
1225 2475 1327 2544 τῆς
1357 2474 1509 2537 θείας
1544 2474 1803 2545 μετέσχον

215 2563 461 2634 χάριτος,
498 2564 763 2637 μυρσίνην
798 2565 1192 2638 εύωδεστάτην,
1214 2567 1311 2620 καὶ
1343 2567 1442 2637 μὲν
1463 2566 1805 2637 ὑψηλοτάτην

216 2657 315 2712 ul
352 2657 515 2711 πάλιν
552 2657 723 2729 εὐώδη
758 2658 1098 2730 κυπάρισσον
1153 2656 1565 2730 ὲκαρποφόρουν
1592 2673 1605 2689 ⁸
1662 2656 1805 2711 κατὰ

214 2746 275 2801 δι
334 2748 431 2802 τὸν
483 2748 778 2820 Σύμμαχον
803 2790 817 2815 ,
873 2767 892 2802 ι
946 2749 1091 2803 Ἀντὶ
1112 2748 1349 2819 στοιϐἦς,
1408 2749 1594 2821 φησὶν,
1676 2749 1807 2802 ἀνα-

214 2836 447 2910 ϐήσεται
476 2838 806 2910 βράθυ,άντὶ
835 2839 893 2893 δὲ
927 2838 1107 2903 κνιδὸς
1139 2839 1471 2910 ἀναϐήσεται
1508 2838 1797 2910 μυρσίνησι

212 2926 295 2991 ὥς
326 2929 374 2981 εί
408 2928 740 3001 σαφέστερον
768 2928 1017 2997 ἐλέγετο,
1066 2928 1211 2984 Ἀντὶ
1238 2928 1435 2992 κακίας
1473 2927 1804 3000 ἀναϐήσεται

214 3018 556 3090 δικαιοσύνη,
587 3020 680 3074 καὶ
707 3020 828 3073 ἀντὶ
852 3019 1151 3082 ἀκολασίας
1183 3019 1528 3092 σωφροσύνη,
1556 3020 1652 3074 καὶ
1682 3020 1804 3075 ἀντὶ

1909 1840 2030 1880 men
2054 1834 2107 1878 et
2152 1824 2205 1877 in
2243 1825 2457 1896 signum
2509 1828 2920 1897 sempiternum,
2965 1842 3138 1901 neque
3171 1831 3405 1890 deﬁciet.
3451 1850 3470 1883 ι

1906 1914 2004 1969 llis
2039 1914 2326 1986 allegorice
2351 1915 2659 1971 subindicat
2709 1920 3011 1974 animarum
3061 1936 3091 1975 a
3124 1922 3373 1991 pessimis
3409 1923 3477 1977 ad

1906 1998 2128 2055 meliora
2186 2002 2571 2057 revertentium
2631 2002 3055 2061 fecunditatem:
3089 2022 3209 2078 quae
3260 2011 3476 2080 quidem

1904 2089 2033 2144 olim
2073 2106 2262 2147 omnes
2305 2094 2359 2148 in
2414 2092 2692 2163 impietate
2726 2097 3102 2168 versabantur,
3143 2115 3206 2156 ac
3252 2102 3386 2157 nihil
3411 2103 3478 2158 ad

1904 2182 2332 2251 productionem,
2388 2186 2631 2257 nihilque
2663 2192 2729 2242 ad
2774 2204 2955 2245 escam
3011 2190 3141 2245 utile
3196 2190 3477 2260 ferebant;

1904 2271 1999 2325 sed
2028 2270 2183 2341 quasi
2223 2272 2275 2324 in
2315 2273 2527 2329 deserta
2560 2284 2615 2330 et
2658 2277 2810 2332 arida
2855 2293 3027 2347 neque
3054 2279 3195 2336 culta
3238 2280 3476 2350 regione,

1904 2364 2129 2419 stmbam
2160 2365 2362 2422 inutilis
2405 2369 2642 2425 materiae
2692 2379 2747 2426 et
2794 2385 3053 2441 conyzam
3104 2372 3476 2442 impiissimam

1903 2471 2230 2527 prorsusque
2262 2456 2468 2514 futilem
2492 2460 2713 2517 herbam
2738 2464 3131 2532 germinabaut.
3167 2462 3320 2520 Nunc
3353 2482 3479 2521 vero

1904 2556 2187 2617 postquam
2206 2550 2399 2606 divinae
2435 2552 2621 2621 gratia:
2651 2566 2933 2611 consortes
2969 2556 3209 2623 fuerunt,
3241 2568 3475 2628 myrtum

1904 2640 2326 2707 suaveolentem,
2368 2657 2575 2701 necnon
2629 2645 2985 2702 celsissimam
3031 2656 3085 2702 et
3160 2647 3327 2704 odore
3371 2650 3479 2703 fra-

1904 2743 2147 2804 grantem
2192 2735 2526 2806 cyparissum
2572 2739 2931 2804 emittebant;
2968 2739 3260 2796 secundum
3310 2740 3474 2810 Sym-

1906 2826 2157 2881 machum
2187 2814 2365 2883 autem
2400 2829 2618 2896 dicitur,
2658 2850 2678 2885 ι
2712 2830 2820 2887 Pro
2849 2831 3022 2887 stmba
3055 2831 3310 2887 ascendet
3354 2832 3477 2886 bra-

1907 2920 2024 2991 thy,
2053 2927 2109 2975 et
2156 2935 2253 2990 pro
2278 2921 2451 2976 urtica
2480 2923 2737 2979 ascendet
2768 2930 3003 2994 myrtus;
3041 2941 3061 2977 ι
3104 2937 3167 2978 ac
3202 2923 3247 2979 si
3278 2923 3478 2979 clarius

1906 3011 2131 3079 diceret,
2163 3010 2267 3067 Pro
2296 3012 2498 3069 malitia
2537 3015 2792 3071 ascendet
2827 3014 3058 3083 iustitia,
3093 3024 3150 3071 et
3192 3031 3291 3087 pro
3317 3016 3477 3076 lasci-

215 3108 456 3180 θράσους
478 3111 719 3182 ἀνδρεία,
753 3112 849 3165 καὶ
868 3112 989 3165 ἀντὶ
1041 3110 1355 3184 ἀφροσύνης
1399 3112 1679 3184 φρόνησις,
1710 3112 1802 3166 καὶ

1911 3105 1992 3158 via
2021 3107 2394 3175 temperantia,
2447 3121 2545 3177 pro
2591 3107 2816 3164 audacia
2860 3108 3053 3175 virtus,
3111 3122 3208 3178 pro
3242 3109 3476 3164 amentia

216 3198 555 3265 ἁπαξαπλῶς
581 3200 701 3254 ἀντὶ
735 3202 1002 3273 πονηρίας
1028 3202 1219 3274 ἀρετή.

728 3315 1126 3369 ΚΕΦΑΛΑΙΟΝ
1159 3317 1300 3385 NG’.

297 3404 490 3470 «Τάδε
544 3405 693 3473 λέγει
740 3404 983 3475 Κύριος·
1046 3407 1388 3461 Φυλάσσεσθε
1454 3408 1655 3481 κρίσιν,
1706 3409 1801 3461 καὶ

215 3496 479 3565 ποιήσατε
509 3494 852 3565 δικαιοσύνην
874 3510 888 3525 ο
921 3495 1117 3564 ῆγγικε
1162 3493 1269 3567 γὰρ
1305 3495 1365 3549 τὸ
1400 3495 1664 3568 σωτήριόν
1700 3513 1800 3567 μου

217 3586 642 3657 παραγίνεσθαι,
690 3586 783 3640 καὶ
848 3588 909 3641 τὸ
970 3588 1116 3651 ἔλεός
1180 3604 1280 3658 μου
1332 3588 1799 3659 ἀποκαλυφθῆναι.

216 3678 507 3750 Μακάριος
564 3679 701 3751 ἀνὴρ
764 3680 794 3732 0
844 3679 1013 3733 ποιῶν
1066 3678 1257 3734 ταῦτα.
1314 3698 1333 3731 ι
1380 3679 1506 3743 Πῶς
1563 3682 1624 3734 ού
1696 3698 1800 3751 μα-

215 3770 414 3840 κάριος
470 3770 724 3834 τοιαύτας
776 3770 1010 3841 εἰληφὼς
1056 3771 1157 3835 τὰς
1213 3770 1577 3839 ὲπαγγελίαςς
1630 3789 1647 3822 ι
1689 3772 1800 3825 Καὶ

215 3860 500 3932 ἄνθρωπος
559 3862 587 3913 0
640 3861 996 3932 ἀντεχόμενος
1052 3861 1250 3927 αὐτῶν,
1292 3863 1387 3915 καὶ
1419 3862 1705 3931 φυλάσσων
1732 3864 1803 3916 τὰ

215 3954 474 4008 Σάϐϐατα
523 3953 598 4024 μὴ
648 3953 908 4023 βεϐηλοῦν
933 3993 949 4015 ,
1002 3954 1094 4006 καὶ
1164 3953 1439 4025 διατηρῶν
1506 3953 1605 4017 τὰς
1692 3957 1800 4025 χεῖ-

218 4062 320 4117 ρας
372 4043 538 4097 αὑτοῦ
592 4044 665 4115 μὴ
697 4047 865 4097 ποιεῖν
908 4044 1089 4099 ἄδικα.
1145 4063 1164 4097 ι
1214 4045 1274 4097 Ὀ
1300 4043 1409 4117 γάρ
1430 4044 1604 4098 ταῦτα
1634 4045 1801 4100 ποιῶν

214 4136 313 4189 τοῦ
344 4137 497 4208 παρά
545 4137 678 4189 Θεοῦ
716 4138 1067 4209 μακαρισμοῦ
1118 4135 1315 4204 γένοιτ’
1374 4136 1441 4190 ἂν
1472 4137 1640 4203 ἄξιος.
1695 4137 1799 4189 Σὺν

214 4228 429 4291 τούτοις
458 4230 551 4281 καὶ
571 4228 639 4282 τὰ
666 4229 918 4283 Σάϐϐατα
943 4230 1015 4300 μὴ
1042 4226 1300 4299 βεϐηλοῦν
1321 4229 1614 4296 ἀναγκαῖον
1636 4245 1648 4258 ο
1666 4228 1802 4298 ὅπερ

214 4321 374 4373 ἔσται
406 4323 455 4372 εί
488 4322 586 4383 τὰς
618 4320 825 4373 ἑαυτῶν
846 4324 1033 4390 χεῖρας
1067 4319 1313 4391 καθαρὰς
1363 4320 1543 4386 πάσης
1594 4318 1797 4372 ἀτόπου

217 4410 475 4481 πράξεως
498 4409 862 4481 διατηρήσητε
884 4426 897 4440 ⁸
933 4411 981 4462 εί
1012 4410 1070 4462 δὲ
1099 4409 1273 4463 ταῦτα
1305 4408 1381 4481 μὴ
1415 4407 1801 4479 ποιήσητε,ὲπὶ

217 4474 417 4571 σχολῆς
445 4500 539 4553 καὶ
570 4474 769 4572 ἀργίας
790 4474 1078 4570 ’διάγοντες
1106 4501 1205 4572 τὴν
1236 4474 1329 4555 τού
1361 4474 1635 4553 Σαϐϐάτω)
1675 4496 1805 4569 ήμέ-
1833 4474 1880 4533 D

220 4608 345 4662 ραν,
374 4593 486 4644 ἴστε
522 4592 583 4643 τὸ
616 4592 785 4661 μηθὲν
817 4590 1111 4654 ποιοῦντες.

302 4700 321 4732 ‹
350 4681 444 4750 Μὴ
488 4680 692 4748 λεγέτω
738 4682 767 4733 ὁ
816 4680 1106 4751 ἀλλογενὴς
1142 4682 1171 4733 0
1232 4679 1622 4751 προσκείμενος
1668 4677 1805 4749 πρὸς

217 4772 454 4843 Κύριον
495 4772 735 4843 Ἀφοριεῖ
785 4790 852 4841 με
914 4772 1023 4844 ἄρα
1052 4771 1254 4842 Κύριος
1288 4770 1397 4825 ἀπὸ
1432 4770 1526 4824 τοῦ
1552 4768 1679 4824 λαοῦ
1708 4769 1805 4822 αύ-

217 4864 357 4929 τούς
390 4883 410 4916 ι
443 4863 705 4918 διδάσκων
740 4865 815 4935 μὴ
852 4864 995 4935 μέγα
1027 4866 1244 4936 φρονεῖν
1295 4864 1563 4917 Ἰουδαίων
1607 4861 1801 4924 παῖδας

219 4958 316 5011 ἐπὶ
341 4956 420 5028 τῷ
445 4958 625 5025 γένει,
663 4958 796 5029 μηδὲ
842 4958 934 5011 ἐπὶ
991 4961 1103 5021 τοῖς
1155 4956 1492 5029 προπάτορσι
1542 4954 1800 5027 σεμνύνε-

222 5049 373 5104 σθαι.
415 5070 433 5102 ι
468 5052 578 5104 Καὶ
636 5051 710 5122 μὴ
754 5050 959 5119 λεγέτω
985 5051 1014 5103 0
1038 5049 1327 5121 εὐνοῦχος,
1358 5050 1440 5103 ὅτι
1480 5047 1646 5101 Ξύλον
1690 5044 1799 5116 ὲγώ

226 5143 348 5212 εἰμι
621 5160 639 5194 ι
1438 5154 1441 5155 ⁷

302 5250 321 5284 ι
364 5233 505 5287 Τάδε
553 5233 702 5302 λέγει
759 5234 966 5305 Κύριος
1004 5236 1119 5298 τοῖς
1173 5232 1485 5303 εὐνούχοις·
1538 5230 1692 5283 Ὅσοι
1736 5227 1803 5283 ἂν

222 5320 565 5393 φυλάξωνται
598 5324 665 5377 τὰ
694 5323 947 5379 Σάϐϐατά
981 5342 1079 5396 μου
1121 5325 1215 5378 καὶ
1259 5322 1583 5390 ὲκλέξωνται
1619 5320 1656 5375 ἃ
1694 5318 1804 5389 ἐγὼ

222 5416 386 5480 θέλω,
419 5416 513 5468 καὶ
537 5416 866 5486 ἀντέχωνται
890 5418 989 5488 τῆς
1030 5416 1303 5488 Διαθήκης
1338 5432 1440 5487 μου
1464 5454 1478 5480 ,
1512 5414 1667 5473 δώσω
1704 5413 1803 5465 αύ-

219 5510 339 5569 toi;
363 5509 420 5560 ὲν
437 5506 518 5578 τῷ
538 5508 672 5579 οίκῳ
702 5526 825 5577 μου,
856 5509 951 5562 καὶ
973 5510 1031 5562 ὲν
1059 5508 1136 5580 τῷ
1154 5508 1321 5579 τείχει
1354 5524 1453 5579 μου
1486 5505 1651 5559 τόπον
1692 5504 1806 5557 ὀνο·

229 5598 458 5666 μαστὸν,
489 5600 723 5671 κρείττω
742 5600 874 5653 υἱῶν
894 5601 987 5654 καὶ
1010 5600 1327 5671 θυγατέρων
1348 5616 1361 5629 ·
1390 5598 1558 5668 ὄνομα
1589 5593 1805 5649 αἰώνιον

225 5688 387 5744 δώσω
413 5691 624 5757 αὐτοῖς’
667 5693 759 5747 καὶ
791 5692 889 5746 οὐκ
917 5692 1174 5763 ἐκλείψει.
1209 5712 1226 5744 ι
1268 5690 1480 5761 Ἐπειδὴ
1504 5689 1560 5742 δὲ
1584 5689 1677 5741 κα)⁴
1706 5688 1804 5756 τὴν

1903 3196 2219 3265 prudentia;
2254 3205 2415 3268 atque
2448 3199 2499 3253 in
2542 3214 2774 3266 summa,
2802 3215 2901 3271 pro
2924 3200 3125 3256 malitia
3157 3201 3348 3258 virtus.

2496 3311 2723 3369 CAPUT
2762 3310 2896 3368 LVI.

1972 3403 2133 3458 Vsus.
2150 3402 2265 3468 1,2.
2278 3422 2295 3455 ι
2318 3401 2443 3459 Haec
2456 3404 2587 3459 dicit
2606 3403 2863 3459 Dominus
2881 3421 2896 3460 :
2913 3402 3476 3474 Custoditejudictum,

1902 3502 1957 3550 et
1992 3494 2151 3550 facite
2196 3495 2463 3565 justitiam
2514 3496 3031 3565 :appropinquavit‘
3057 3497 3202 3552 enim
3245 3498 3480 3553 salutare

1903 3602 2102 3653 meum,
2131 3597 2191 3642 ut
2218 3588 2419 3654 veniat,
2447 3596 2501 3643 et
2522 3588 2892 3643 misericordia
2918 3603 3060 3656 mea,
3090 3596 3151 3644 ut
3180 3588 3472 3645 reveletur.

1902 3680 2101 3736 Beatus
2130 3681 2213 3734 vir
2245 3679 2339 3749 qui
2370 3680 2504 3735 facit
2549 3680 2688 3739 haec.
2724 3699 2743 3733 ι
2789 3680 2892 3747 Qui
2919 3695 3024 3736 non
3066 3680 3256 3737 beatus
3282 3680 3476 3746 fuerit,

1901 3774 1995 3843 qui
2053 3773 2187 3827 tales
2237 3772 2622 3842 promissiones
2671 3772 2978 3840 acceperit?
3020 3790 3039 3826 ι
3073 3772 3141 3828 Et
3193 3772 3354 3831 homo
3376 3774 3476 3841 qui

1903 3866 2143 3922 adhaeret
2181 3865 2285 3929 eis,
2312 3873 2365 3919 et
2400 3864 2490 3934 qui
2515 3866 2769 3919 observat
2800 3862 3058 3929 Sabbata,
3110 3872 3169 3918 ut
3214 3878 3318 3921 non
3354 3878 3479 3932 pro-

1906 3962 2053 4014 fanet
2103 3971 2188 4021 ea,
2230 3965 2284 4011 et
2310 3966 2491 4011 servat
2517 3971 2708 4010 manus
2737 3970 2883 4020 suas,
2914 3969 2983 4010 ne
3023 3955 3185 4010 faciat
3217 3954 3418 4023 iniqua.
3452 3973 3471 4006 ι

1902 4050 2035 4105 Nam
2075 4051 2164 4119 qui
2194 4050 2310 4104 haec
2342 4048 2552 4113 fecerit,
2576 4048 2665 4101 illa
2691 4062 2808 4117 qua:
2846 4062 2875 4101 a
2900 4046 3008 4103 Deo
3039 4053 3123 4103 est
3150 4044 3480 4101 beatitudine

1903 4145 2096 4214 dignus
2125 4157 2255 4198 sane
2292 4140 2472 4196 fuerit.
2522 4140 2605 4195 Ad
2655 4141 2768 4195 haec
2817 4140 2945 4194 item
2994 4134 3357 4195 neceSsarium
3396 4148 3479 4193 est

1907 4236 2144 4291 Sabbata
2186 4249 2291 4289 non
2344 4233 2547 4289 violare
2589 4231 2777 4301 :quod
2804 4231 2989 4301 utique
3033 4232 3161 4299 erit,
3192 4230 3238 4286 si
3287 4244 3478 4284 manus

1906 4339 2111 4383 vestras
2132 4327 2199 4381 ab
2228 4327 2373 4380 omni
2415 4326 2629 4395 indigna
2659 4325 2873 4379 actione
2916 4336 3076 4392 puras
3103 4321 3476 4387 servaveritis;

1905 4420 1949 4474 si
1983 4434 2113 4475 vero
2139 4419 2253 4473 haec
2280 4433 2383 4472 non
2412 4418 2653 4486 egeritis,
2697 4425 2859 4485 atque
2887 4417 2939 4470 in
2970 4416 3082 4471 Olio
3113 4424 3168 4470 et
3202 4414 3479 4469 vacatione

1909 4510 2129 4568 Sabbati
2166 4510 2307 4566 diem
2335 4510 2728 4580 transegeritis,
2760 4524 2855 4566 vos
2882 4508 3017 4563 nihil
3045 4507 3227 4564 facere
3267 4519 3477 4563 certum

1907 4604 2116 4659 habete.

1980 4694 2143 4750 Vrsas.
2170 4695 2224 4749 5.
2259 4712 2278 4747 ι
2313 4694 2391 4750 Ne
2429 4694 2573 4750 dicat
2624 4693 2942 4765 alienigena,
2971 4691 3061 4762 qui
3091 4690 3370 4761 appositus
3401 4701 3484 4744 est

1906 4787 2131 4843 Domino
2168 4804 2183 4841 :
2209 4784 2346 4840 Num
2365 4785 2637 4854 separabit
2654 4801 2737 4841 me
2759 4785 3019 4842 Dominus
3037 4800 3066 4838 a
3086 4784 3282 4853 popqu
3301 4799 3397 4839 suo
3414 4784 3439 4837 2
3457 4803 3475 4834 ι

1906 4879 2105 4935 docens
2132 4876 2346 4933 Judaaos
2381 4894 2449 4933 ne
2479 4878 2545 4933 de
2570 4892 2765 4948 genere
2789 4892 2887 4934 suo
2914 4876 3081 4932 altum
3115 4877 3351 4948 sapiant,
3380 4890 3476 4931 ne-

1905 4984 2011 5037 que
2037 4971 2103 5026 de
2128 4970 2340 5039 proavis
2362 4970 2475 5025 suis
2503 4969 2821 5039 glorientur.
2861 4988 2881 5022 ι
2912 4969 2980 5025 Et
3029 4986 3097 5025 ne
3128 4970 3272 5026 dicat
3305 4984 3480 5025 eunu-

1905 5063 2044 5119 chus
2078 5082 2092 5117 :
2125 5063 2350 5135 Lignum
2385 5062 2595 5117 aridum
2626 5077 2726 5132 ego
2754 5078 2893 5117 sum.
2925 5080 2945 5115 ι

1982 5219 2144 5275 Vens.
2178 5220 2233 5285 4,
2267 5220 2321 5274 5.
2354 5237 2374 5271 ι
2412 5217 2541 5273 Hinc
2568 5218 2698 5273 dicit
2734 5216 2993 5272 Dominus
3016 5216 3313 5272 sunuchist
3345 5216 3467 5283 Qni-

1910 5328 2122 5384 cunque
2153 5311 2509 5368 custodierint
2553 5310 2790 5366 Sabbata
2825 5324 2966 5374 mea,
2990 5319 3044 5363 et
3075 5308 3333 5375 elegerint
3356 5321 3477 5378 quae

1907 5421 2009 5477 ego
2047 5405 2187 5471 volo,
2217 5414 2272 5459 et
2314 5403 2637 5459 adhaeserint
2673 5400 3019 5456 Testamento
3050 5415 3189 5467 meo,
3229 5399 3368 5454 dabo
3396 5402 3476 5454 eis

1908 5499 1961 5553 in
1986 5500 2148 5554 domo
2192 5513 2306 5557 mea
2350 5506 2406 5552 et
2435 5498 2574 5551 intra
2606 5510 2820 5567 murum
2872 5508 3072 5560 meum,
3103 5492 3277 5549 locum
3302 5493 3475 5547 nomi-

1909 5602 2117 5656 natum,
2149 5592 2425 5646 meliorem
2459 5588 2584 5644 ﬁliis
2616 5597 2669 5643 et
2718 5586 2964 5651 ﬁliabus;
3024 5598 3220 5639 nomen
3280 5583 3476 5652 sempi-

1913 5696 2121 5743 ternum
2148 5684 2285 5740 dabo
2311 5684 2411 5751 eis,
2438 5692 2607 5740 etnon
2632 5680 2861 5736 deﬁciet.
2886 5698 2903 5730 ι
2925 5678 3185 5746 Quoniam
3208 5672 3378 5732 Judei
3408 5674 3473 5728 li-
