3880 6216
389 130 486 186 171

1090 133 1358 191 EUSEBII
1397 139 1872 202 CESARIENSIS
1910 147 2062 204 OPP.
2107 150 2282 208 PARS
2313 152 2399 208 ΙΙΙ.
2438 183 2508 194 -
2549 149 2962 206 EXEGETICA.

3436 140 3454 154 ⁹
3526 155 3638 212 ne

388 245 637 298 berorum
666 244 1061 303 multitudinem
1122 249 1556 308 benedictionem
1585 255 1673 310 Dei
1707 273 1825 310 esse
1856 274 1954 326 pu-

2076 260 2418 314 πολυπαιδίαν
2473 263 2721 331 εὐλογίαν
2770 263 2910 318 Θεοῦ
2933 263 3161 336 ἡγοῦντο
3191 261 3328 321 εἶναι
3371 267 3636 335 Ἰουδαῖοι,

385 334 457 388 tul
479 343 590 400 ant,
608 336 1018 407 mercedemque
1036 354 1099 394 ac
1122 340 1352 397 fructum
1373 345 1586 415 pietatis
1613 364 1954 404 numerosam

383 428 585 494 prolem
617 441 737 483 esse
785 430 1189 501 existimabant,
1220 436 1379 491 talem
1411 451 1597 494 eorum
1636 443 1957 496 sententiam

381 519 702 596 reprimens,
735 536 800 576 ac
855 521 1046 579 falsam
1087 541 1209 582 esse
1256 531 1637 597 comprobatus.
1688 533 1960 590 sterilibus

381 621 436 666 et
470 611 537 666 iis
565 612 680 682 qui,
707 615 850 683 quod
872 617 1076 672 eXsecti
1101 618 1321 684 fuerint,
1361 619 1502 676 ﬁlios
1533 637 1822 692 procreare
1853 641 1958 680 non

373 702 580 768 valent,
644 721 830 774 parem
886 711 1302 778 promissionem
1367 711 1544 779 allert,
1587 729 1651 769 ac
1698 716 1960 771 eunuchis

379 795 514 852 nihil
559 798 947 867 impedimento
979 801 1096 858 fore
1149 805 1247 872 ait,
1277 805 1568 871 quominus
1621 807 1760 860 bona
1788 821 1820 861 a
1854 807 1960 863 Deo

377 902 802 962 consequantur,
857 896 982 949 dum
1011 901 1309 952 secundum
1344 901 1510 955 Deum
1536 901 1719 955 vivere
1749 900 1800 953 iu
1835 915 1962 969 pro-

379 984 554 1050 posito
583 983 838 1041 habeant.
866 985 997 1041 Nam
1043 990 1086 1044 si
1123 991 1302 1045 multa:
1330 993 1639 1048 mansiones
1661 1001 1788 1047 sunt
1818 993 1958 1062 apud

379 1073 619 1141 Patrem,
665 1086 720 1132 et
764 1080 812 1133 si
846 1090 928 1135 est
973 1082 1165 1137 civitas
1205 1083 1297 1138 Dei
1351 1083 1647 1140 Jerusalem
1701 1085 1959 1149 cmlestis,

379 1165 529 1221 locus
552 1166 656 1222 illis
685 1167 827 1224 intra
852 1171 1068 1226 domum
1103 1174 1198 1229 Dei
1240 1175 1291 1228 in
1317 1176 1502 1232 multis
1539 1177 1644 1233 illis
1671 1179 1962 1233 mansioni-

383 1260 503 1324 bus,
537 1275 599 1314 ae
634 1260 799 1341 etiam
851 1263 984 1333 ipsis
1026 1267 1334 1324 mansiones
1386 1268 1681 1336 dabuntur,
1726 1279 1781 1324 et
1837 1285 1962 1340 por-

381 1352 578 1407 tionem
597 1353 876 1408 habebunt
904 1355 1047 1412 intra
1077 1374 1290 1413 murum
1316 1361 1555 1417 cmlestis
1579 1362 1672 1417 Dei
1704 1362 1958 1418 civitatis.

446 1441 614 1500 Vens.
633 1447 684 1512 6,
703 1446 758 1502 7.
781 1466 799 1500 ι
824 1446 889 1502 Ει
904 1449 1246 1520 alienigenis,
1265 1453 1353 1523 qui
1373 1454 1572 1509 addicti
1587 1464 1714 1509 sunt
1735 1455 1961 1509 Domino

380 1547 437 1592 ut
465 1539 704 1593 serviant
734 1539 804 1606 ei,
828 1549 882 1595 et
911 1542 1132 1621 diligant
1164 1560 1358 1600 nomen
1391 1546 1624 1612 Domini,
1659 1555 1716 1601 ut
1752 1547 1859 1602 sint
1909 1546 1960 1601 ei

2063 351 2252 423 μισθόν
2301 371 2364 406 τε
2395 355 2490 408 καὶ
2519 355 2731 426 καρπὸν
2773 355 3081 421 θεοσεϐείας
3122 358 3222 429 τὴν
3279 358 3639 415 πολυτεκνίαν

2060 443 2556 517 ὑπολαμϐάνοντες,
2593 448 2932 502 ἀναστέλλων
2961 450 3138 504 αὐτῶν
3174 452 3270 505 καὶ
3296 453 3500 522 ταύτην
3537 455 3640 526 τὴν

2058 535 2238 604 δόξαν,
2268 539 2613 612 ἐσφαλμένην
2646 557 2707 594 τε
2748 537 2914 595 οὖσαν
2964 542 3220 614 ἐλέγχων,
3263 548 3374 610 τοῖς
3420 546 3640 614 ἀγόνοις

2061 629 2153 682 καὶ
2188 630 2262 703 μὴ
2305 631 2550 696 δυνατοῖς
2603 632 2959 698 παιδοποιεῖν,
2992 633 3081 688 διὰ
3132 635 3192 689 τὸ
3243 636 3638 708 ἐκτετμῆσθαι,

2058 720 2159 790 τὴν
2191 720 2312 792 ῐσην
2376 723 2716 794 ὑπισχνεῖται
2773 725 3122 794 ἐπαγγελίαν,
3177 727 3341 798 μηδὲν
3386 728 3640 798 em:on

2060 812 2280 870 ἔσεσθαι
2298 818 2411 880 τοῖς
2445 817 2721 889 εὐνούχοις
2745 819 2967 888 φάσκων
3020 819 3156 890 πρὸς
3182 819 3244 873 τὸ
3303 823 3482 892 τυχεῖν
3525 821 3641 879 τῶν

2064 906 2214 978 παρά
2235 907 2369 960 Θεοῦ
2397 909 2636 978 ἀγαθῶν,
2671 911 2721 963 εί
2754 908 2852 982 ζῇν
2881 910 3023 964 κατὰ
3048 910 3180 964 Θεὸν
3209 911 3534 983 προέλοιντο.
3569 913 3643 967 Η

2065 1000 2175 1072 γὰρ
2230 1000 2423 1056 πολλαὶ
2476 1005 2634 1073 μοναὶ
2673 1004 2821 1077 παρὰ
2853 1004 2932 1076 τῷ
2963 1006 3159 1078 Πατρὶ,
3191 1005 3288 1058 καὶ
3328 1005 3442 1060 ἐστι
3481 1006 3641 1071 πόλις

2061 1090 2195 1144 Θεοῦ
2249 1093 2603 1164 Ἰερουσαλὴμ
2634 1097 2668 1165 ἡ
2725 1096 3064 1166 ἐπουράνιος,
3097 1097 3192 1149 καὶ
3249 1096 3410 1160 τόπος
3453 1098 3642 1162 αὑτοῖς

2061 1182 2192 1236 εἴσω
2221 1184 2318 1260 ,τοῦ
2351 1185 2502 1239 οἴκου
2527 1186 2620 1240 τοῦ
2655 1186 2789 1240 Θεοῦ
2817 1190 2875 1242 ἐν
2905 1191 3028 1253 ταῖς
3053 1188 3274 1252 πολλαῖς
3305 1192 3510 1261 μοναῖς,
3543 1190 3644 1247 καὶ

2064 1276 2220 1344 μοναὶ
2252 1273 2588 1346 δοθήσονται,
2613 1279 2709 1332 καὶ
2740 1280 2898 1350 μερὶς
2924 1280 2982 1334 ἐν
3019 1280 3097 1352 τῷ
3123 1280 3292 1351 τείχει
3343 1280 3445 1351 τῆς
3478 1283 3646 1334 ἐπου-

2069 1365 2250 1437 ρανίου
2283 1366 2377 1420 τοῦ
2399 1366 2532 1422 Θεοῦ
2552 1368 2776 1433 πόλεως.

2127 1478 2146 1510 ι
2181 1461 2293 1514 Καὶ
2343 1463 2455 1524 τοῖς
2511 1461 2820 1531 ἀλλογενέσι
2859 1465 2970 1527 τοῖς
3013 1465 3392 1536 προκειμένοις
3447 1465 3649 1538 Κυρίῳ

2065 1553 2334 1609 δουλεύειν
2361 1555 2530 1626 αὐτῷ,
2555 1557 2649 1610 καὶ
2681 1557 2900 1629 ἀγαπᾷν
2942 1558 3006 1612 τὸ
3058 1558 3229 1630 ὄνομα
3263 1560 3490 1632 Κυρίου,
3542 1557 3646 1613 τοῦ

379 1633 431 1685 iu
468 1645 654 1686 servos
697 1641 752 1688 et
801 1633 1072 1688 ancillas:
1098 1644 1152 1690 et
1177 1636 1429 1692 omnibus
1456 1640 1546 1707 qui
1576 1645 1796 1692 servant
1824 1638 1960 1692 Sab-

2076 1641 2202 1699 εἶναι
2238 1645 2385 1718 αὐτῷ
2418 1647 2499 1711 είς
2533 1647 2752 1711 δούλους
2771 1649 2867 1702 καί⁵
2893 1648 3084 1714 δούλας
3103 1666 3117 1680 ο
3153 1649 3248 1704 καὶ
3279 1650 3487 1714 πάντας
3514 1652 3650 1714 τοὺς

380 1725 501 1779 bata
544 1740 686 1791 mea,
726 1741 796 1781 ne
817 1721 1106 1795 ~prol’anent
1135 1743 1220 1794 ea,
1253 1739 1306 1783 et
1327 1728 1416 1798 qui
1451 1731 1747 1784 observant
1775 1727 1963 1784 Testa-

382 1827 619 1871 mentum
656 1833 874 1883 meum,
911 1819 1159 1874 inducam
1191 1835 1285 1875 eos
1312 1820 1366 1874 in
1417 1831 1657 1876 montem
1718 1831 1961 1875 sanctum

381 1924 580 1967 meum.
621 1929 640 1962 ι
675 1911 765 1964 Ait
792 1911 990 1981 quippe
1017 1911 1237 1966 domum
1289 1927 1442 1966 suam
1493 1927 1598 1966 non
1632 1910 1791 1965 talem
1819 1924 1961 1975 esse,

378 2017 499 2070 qua:
533 2002 630 2056 hos
658 2002 876 2070 quidem
921 2012 1152 2072 spectet,
1198 2003 1334 2058 alios
1380 2018 1510 2058 vero
1565 2003 1826 2068 minime;
1869 2005 1964 2057 sed

377 2107 445 2146 ex
487 2093 837 2148 humanitatis
865 2095 914 2150 vi
960 2096 1210 2151 omnibus
1241 2098 1495 2168 gentibus
1536 2108 1774 2167 apertam
1810 2112 1962 2163 esse,

379 2197 438 2238 ut
464 2186 628 2240 etiam
669 2188 905 2242 eunuchi
931 2198 985 2244 et
1019 2189 1303 2262 paralytici
1341 2191 1412 2246 ibi
1449 2191 1802 2262 recipiantur.
1848 2210 1868 2243 ι
1901 2191 1965 2248 Et

379 2277 667 2335 lmtilicabo
692 2294 787 2335 eos
829 2281 880 2334 in
911 2281 1072 2338 domo
1117 2282 1386 2338 orationis
1433 2297 1589 2338 mete.
1643 2281 1966 2339 Holocausta

383 2386 567 2426 eorum
599 2381 652 2427 et
681 2373 952 2428 sacriﬁcia
1001 2389 1196 2430 eorum
1228 2384 1389 2431 erunt
1427 2385 1653 2447 accepta
1697 2391 1859 2446 super
1890 2375 1968 2430 al-

382 2475 499 2520 tare
526 2481 727 2522 meum.
773 2466 910 2522 Nam
942 2468 1136 2524 domus
1166 2485 1309 2536 mea,
1339 2471 1530 2526 domus
1573 2471 1838 2527 orationis
1878 2485 1968 2526 vo-

380 2559 600 2615 cabitur
632 2562 846 2617 cunctis
870 2564 1197 2631 gentibus.)
1249 2563 1344 2620 His
1367 2565 1605 2621 arbitror
1633 2564 1701 2618 ad
1733 2564 1966 2618 litteram

381 2654 512 2720 dici,
565 2655 730 2709 Deum
778 2670 878 2725 per
919 2657 1287 2711 reversionem
1350 2656 1530 2727 populi
1570 2672 1636 2712 ex
1676 2656 1964 2726 Babylone,

387 2761 503 2815 quae
551 2747 652 2802 sub
685 2746 844 2817 Cyro,
888 2747 1046 2802 Dario
1074 2759 1129 2802 et
1163 2750 1466 2804 Artaxerxe
1509 2750 1756 2819 contigit,
1792 2750 1966 2818 ipsum

385 2842 667 2908 reducere,
702 2857 873 2912 quare
907 2842 1090 2897 subdit
1121 2862 1135 2896 :

457 3023 622 3077 Vens.
655 3023 709 3078 8.
752 3043 770 3074 ι
807 3024 950 3077 Dixit
983 3023 1262 3089 Dominus,
1302 3026 1396 3094 qui
1426 3035 1720 3096 congregat
1753 3026 1962 3096 disper-

387 3130 478 3171 sos
509 3115 704 3181 lsrael,
727 3114 1081 3186 Congregabo
1110 3118 1180 3172 ad
1228 3134 1351 3173 eum
1406 3119 1902 3188 congregationem.
1939 3137 1959 3169 ι

385 3209 503 3276 Quo
551 3218 796 3278 tempore
845 3209 1138 3264 verisimile
1183 3219 1268 3264 est
1307 3209 1509 3264 multos
1545 3209 1613 3264 ad
1657 3224 1781 3263 eum
1830 3222 1963 3264 con-

387 3299 608 3356 lbtxisse
641 3317 710 3356 ex
747 3301 1066 3372 alienigenis
1089 3303 1364 3374 gentibus,
1399 3317 1533 3370 quos
1558 3301 1627 3358 ob
1675 3301 1962 3372 pristinum

387 3402 612 3459 statum,
643 3402 699 3448 et
736 3394 806 3448 ob
841 3393 1052 3450 alienos
1096 3405 1492 3466 extraneosque
1537 3409 1736 3459 mores,
1765 3393 1966 3450 bestias

387 3488 500 3558 agri
537 3495 714 3543 vocat.

460 3578 622 3634 Vens.
654 3581 708 3635 9.
745 3598 764 3632 (
801 3578 1002 3636 Omnes
1029 3579 1156 3636 feras
1186 3581 1390 3648 bestiae,
1416 3582 1618 3646 adeste,
1670 3581 1960 3648 comedite,

387 3687 575 3726 omnes
613 3673 797 3728 bestia:
820 3673 1010 3728 saltus.
1050 3692 1071 3726 ι
1101 3673 1293 3729 Bestize
1318 3675 1442 3739 illae,
1471 3689 1591 3744 qua:
1619 3689 1742 3730 cum
1771 3672 1966 3730 lsraele

391 3776 811 3836 congregantur,
843 3767 879 3821 ii
924 3783 993 3823 ex
1029 3767 1285 3839 gentibus
1337 3766 1562 3835 fuerint,
1607 3766 1701 3836 qui
1739 3768 1805 3820 ad
1843 3780 1965 3819 ver-

391 3856 516 3909 bum
546 3866 916 3926 accesserunt,
943 3873 1080 3926 quos
1124 3869 1318 3914 evocat
1348 3859 1434 3916 his
1454 3860 1653 3925 verbis,
1692 3877 1712 3911 ι
1743 3859 1963 3920 Adeste,

391 3949 678 4013 comedite,
706 3965 896 4006 onmes
937 3951 1128 4006 bestiae
1172 3951 1369 4006 saltus.
1418 3971 1438 4004 ι
1485 3952 1808 4020 Plerumque
1837 3963 1966 4004 vero

392 4040 735 4096 observatum
783 4043 939 4098 nobis
967 4053 1071 4111 est,
1121 4046 1316 4102 saltum
1361 4047 1489 4112 dici,
1543 4047 1964 4116 alienigenarum

392 4133 636 4201 gentium
668 4134 1094 4192 multitudinem.
1123 4137 1232 4192 Has
1255 4155 1416 4210 porro
1441 4141 1643 4196 bestias
1676 4138 1772 4194 Dei
1807 4151 1969 4192 voea-

393 4226 540 4297 tione
572 4227 827 4289 dignatur
851 4237 906 4283 et
943 4228 1010 4284 ad
1045 4230 1352 4286 convivium
1387 4243 1598 4288 evocat.

2076 1735 2522 1808 φυλασσομένους
2558 1738 2626 1792 τά
2651 1739 2906 1794 Σάϐϐατά
2941 1757 3040 1812 μου
3088 1740 3164 1812 μὴ
3211 1740 3492 1812 βεϐηλοῦν,
3546 1741 3650 1798 καὶ

2063 1830 2455 1901 ἀντεχομένους
2486 1830 2592 1902 τῆς
2620 1831 2895 1903 Διαθήκης
2932 1849 3058 1902 μου,
3115 1832 3314 1900 εἰσάξω
3340 1834 3534 1898 αὐτοὺς
3563 1835 3651 1898 είς

2063 1923 2124 1978 τὸ
2176 1924 2301 1996 ὅρος
2349 1923 2411 1977 τὸ
2465 1923 2620 1993 ἆγιόν
2681 1941 2802 1995 μου.
2847 1945 2870 1976 ι
2899 1925 3003 1979 Τὸν
3043 1924 3153 1998 γὰρ
3183 1921 3329 1979 οἷκον
3374 1926 3538 1979 αὐτοῦ
3568 1925 3653 1999 μὴ

2063 2015 2231 2070 τῶνδε
2268 2017 2365 2088 μὲν
2411 2017 2696 2090 ὑπάρχειν,
2730 2017 2839 2070 τῶν
2867 2017 2924 2071 δὲ
2961 2016 3037 2090 μὴ
3057 2057 3072 2082 ,
3107 2015 3374 2088 ἀνεῷχθαι
3419 2017 3478 2070 δέ
3509 2019 3650 2071 πᾶσι

2065 2113 2176 2174 τοῖς
2199 2109 2408 2164 ἔθνεσιν
2435 2109 2708 2182 ὑπερϐολῇ
2747 2108 3154 2181 φιλανθρωπίας
3173 2124 3189 2140 ⁶
3217 2108 3293 2173 ὡς
3330 2109 3425 2162 καὶ
3453 2107 3653 2161 εὐνού-

2065 2219 2194 2273 χους
2231 2201 2631 2273 παραδέχεσθαι
2658 2202 2752 2257 καὶ
2782 2201 3148 2274 παραλύτους.
3183 2219 3204 2253 ι
3248 2203 3358 2255 Καὶ
3391 2201 3656 2273 εὐφρανῶ

2067 2292 2264 2356 αὐτοὺς
2295 2294 2354 2347 ἐν
2383 2292 2460 2364 τῷ
2491 2292 2627 2365 οἴκῳ
2659 2293 2760 2364 τῆς
2785 2293 3091 2365 προσευχῆς
3123 2309 3244 2364 μου.
3307 2291 3390 2346 Τὰ
3417 2293 3652 2347 ὁλοκαυ-

2067 2383 2291 2455 τώματα
2321 2383 2519 2451 αὐτῶν,
2546 2385 2639 2438 καὶ
2675 2387 2729 2438 al
2775 2384 2957 2439 θυσίαι
2983 2383 3162 2437 αὐτῶν
3192 2383 3404 2438 ἔσονται
3459 2383 3656 2437 δεκταὶ

2067 2476 2161 2529 ἐπὶ
2203 2476 2265 2529 τὸ
2294 2474 2673 2549 θυσιαστήριόν
2719 2494 2842 2548 μου.
2891 2477 2950 2530 '0
2982 2475 3092 2547 γὰρ
3147 2471 3296 2539 οἶκός
3349 2491 3450 2546 μου
3502 2470 3654 2539 οἶκος

2069 2568 2374 2639 προσευχῆς
2405 2568 2731 2640 κληθήσεται
2769 2571 2905 2624 πᾶσι
2935 2571 3049 2632 τοῖς
3078 2568 3307 2622 ἔθνεσιν.
3347 2587 3367 2620 ι
3401 2565 3569 2639 Οἶμαι
3591 2567 3656 2622 δὲ

2067 2658 2158 2711 διὰ
2189 2658 2393 2712 τούτων
2425 2659 2500 2723 ὼς
2529 2659 2666 2730 πρὸς
2695 2660 2795 2731 τὴν
2827 2659 2973 2726 λέξιν
3007 2658 3100 2713 διτίγ⁸
3127 2659 3226 2730 τὴν
3263 2659 3370 2713 ἀπὸ
3395 2659 3657 2713 Βαϐυλῶ-

2070 2765 2160 2811 νος
2183 2749 2518 2821 ἐπιστροφὴν
2531 2748 2626 2802 τοῦ
2643 2747 2772 2802 λαοῦ
2793 2748 2892 2820 τὴν
2937 2749 3031 2803 ἐπὶ
3061 2748 3244 2819 Κύρου
3293 2749 3389 2802 καὶ
3423 2748 3658 2819 Δαρείου

2070 2840 2162 2893 καὶ
2201 2839 2554 2912 Ἀρταξέρξου
2605 2841 2898 2912 γενομένην
2953 2841 3044 2895 τὸν
3098 2839 3232 2894 Θεὸν
3279 2840 3348 2894 ἂν
3395 2839 3654 2910 εἰρῆσθαι

2073 2933 2326 3002 συνάγειν
2346 2950 2358 2963 ·
2402 2933 2482 2986 διὸ
2509 2933 2750 3004 ἐπιλέγει
2775 2952 2790 2964 ·

2148 3045 2165 3076 ι
2207 3021 2343 3078 Εἷπε
2383 3025 2588 3096 Κύριος
2634 3028 2664 3080 ό
2717 3025 2963 3094 συνάγων
3028 3027 3155 3090 τοὺς
3222 3024 3658 3096 διεσπαρμένους

2088 3114 2326 3186 Ἰσραὴλ,
2347 3116 2429 3168 ὅτι
2467 3114 2688 3179 Συνάξω
2715 3115 2802 3168 ἐπ’
2837 3106 2999 3169 αὑτὸν
3043 3115 3384 3183 συναγωγήν.
3425 3133 3444 3166 ι
3508 3113 3655 3168 Καθ’

2072 3205 2164 3269 οὓς
2193 3206 2248 3259 δὲ
2275 3207 2500 3279 χρόνους
2529 3207 2675 3271 εἰκὸς
2717 3203 2785 3279 ἦν
2839 3208 2935 3262 καὶ
2995 3206 3200 3278 πλῆθος
3250 3207 3432 3270 αὐτοῖς
3493 3206 3658 3260 ἀλλο-

2073 3297 2254 3366 φύλων
2275 3297 2444 3351 ἐθνῶν
2474 3298 2908 3369 προσηλυτεῦσαι
2933 3315 2947 3329 ⁸
2983 3297 3077 3362 οὓς
3117 3297 3206 3351 διὰ
3231 3298 3329 3370 τὴν
3379 3299 3658 3369 προτέραν

2072 3390 2423 3456 κατάστασιν,
2457 3391 2552 3445 καὶ
2584 3391 2672 3446 διὰ
2694 3392 2754 3446 τὸ
2783 3391 3069 3461 άλλογενές
3104 3393 3199 3445 καὶ¹
3231 3391 3509 3462 ἀλλότριον
3557 3390 3659 3446 τοῦ

2071 3482 2294 3553 τρόπου,
2321 3483 2493 3554 ἀγροῦ
2527 3483 2690 3554 θηρία
2717 3484 2999 3555 ὠνόμασεν
3030 3486 3060 3538 ό
3087 3483 3262 3553 λόγος.

2149 3594 2167 3626 ι
2201 3575 2386 3630 Πάντα
2412 3575 2484 3630 τὰ
2505 3575 2670 3648 θηρία
2689 3577 2758 3631 τὰ
2785 3579 2969 3649 ἄγρια,
2989 3577 3160 3644 δεῦτε,
3196 3577 3421 3647 φάγετε,
3473 3575 3663 3631 πάντα.

2071 3665 2141 3720 τὰ
2193 3667 2355 3741 θηρία
2411 3667 2507 3722 τοῦ
2549 3668 2778 3741 δρυμοῦ.
2821 3689 2840 3722 ι
2887 3670 2970 3724 Τὰ
2999 3670 3056 3724 δὲ
3089 3670 3252 3743 θηρία
3282 3670 3353 3724 τὰ
3382 3670 3519 3741 μετά
3555 3671 3658 3724 τοῦ

2087 3758 2303 3830 Ἰσραὴλ
2331 3759 2672 3830 συναγόμενα
2711 3762 2758 3813 οἱ
2794 3759 2853 3825 ἐξ
2882 3760 3050 3814 ἐθνῶν
3091 3761 3408 3833 προσιόντες
3440 3759 3518 3832 τῷ
3565 3760 3657 3814 λό-

2072 3865 2154 3920 γῳ
2195 3846 2304 3903 εἶεν
2350 3851 2438 3916 ἂν,
2490 3849 2585 3915 οὓς
2621 3853 2968 3906 ἀνακαλεῖται
2998 3853 3170 3922 λέγων
3197 3869 3213 3883 ο
3274 3871 3296 3904 ι
3331 3851 3516 3917 Δεῦτε,
3545 3852 3658 3922 φά-

2073 3938 2230 4008 γετε,
2278 3942 2455 3995 πάντα
2500 3941 2569 3996 τὰ
2623 3943 2786 4015 θηρία
2839 3943 2933 3996 τοῦ
2986 3943 3214 4015 δρυμοῦ.
3256 3962 3277 3996 ›
3330 3943 3544 4016 Δρυμὸν
3594 3943 3656 3997 δὲ

2077 4033 2336 4098 πολλάκις
2389 4036 2770 4106 τετηρήκαμεν
2811 4036 2872 4088 τὸ
2924 4034 3126 4106 πλῆθος
3171 4033 3282 4087 τῶν
3337 4033 3655 4102 ἀλλοφύλων

2073 4123 2243 4178 ἐθνῶν
2262 4121 2529 4193 λελέχθαι.
2559 4121 2721 4175 Ταῦτ’
2756 4117 2848 4176 οὖν
2889 4122 2959 4176 τὰ
3011 4121 3176 4192 θηρία
3217 4121 3318 4190 τῆς
3364 4119 3458 4173 τοῦ
3511 4119 3654 4173 Θεοῦ

2075 4214 2322 4285 κλήσεως
2350 4213 2617 4279 καταξιοῖ,
2651 4214 2746 4267 καὶ
2775 4215 2852 4277 εἰς
2873 4212 3111 4266 ἐστίασιν
3143 4210 3514 4266 ἀνακαλεῖται.

465 4360 630 4420 Vens.
663 4362 750 4418 10.
775 4383 794 4417 ι
823 4365 1008 4421 Videte
1029 4367 1283 4436 quoniam
1312 4370 1567 4425 excaecati
1593 4379 1720 4424 sunt
1743 4379 1964 4422 omnes:

2153 4373 2172 4404 ι
2205 4351 2393 4415 Ἴδετε,
2421 4350 2504 4403 ὅτι
2534 4349 2968 4418 ἐκτετύφλωνται
2992 4347 3193 4408 πάντες
3213 4363 3225 4376 ·
3262 4345 3361 4398 οὐκ
3385 4344 3657 4412 ἐγνωσανο

393 4469 498 4510 non
530 4467 796 4512 noverunt
835 4476 848 4512 :
877 4473 1039 4515 canes
1071 4461 1206 4514 inuti
1239 4470 1386 4526 sunt,
1435 4477 1543 4517 non
1591 4460 1847 4516 valebunt
1893 4457 1971 4511 la-

397 4557 561 4614 trare,
615 4551 953 4607 somniantes
993 4552 1194 4619 cubile,
1239 4562 1295 4608 et
1339 4564 1585 4610 amantes
1632 4550 1969 4609 dormitatio-

395 4653 539 4694 nem.
568 4657 588 4692 ι
611 4640 678 4695 Ει
710 4641 1020 4711 huiusmodi
1059 4645 1278 4714 quidem
1300 4655 1458 4701 erant
1488 4647 1794 4702 Iudaeorum
1825 4644 1973 4716 prin-

2077 4445 2236 4509 κύνες
2266 4445 2406 4498 ἐνεοὶ
2425 4444 2486 4497 οὐ
2517 4444 2832 4515 δυνήσονται
2885 4441 3154 4501 ὑλακτεῖν,
3211 4437 3659 4507 ἐνυπνιαζόμενοι

2076 4538 2285 4611 κοίτην,
2317 4537 2594 4606 φιλοῦντες
2625 4534 2903 4599 νυστάξαι.
2937 4553 2955 4584 ι
2989 4534 3100 4587 Καὶ
3138 4533 3370 4586 τοιοῦτοι
3395 4533 3494 4603 μὲν
3515 4529 3659 4604 ἦσαν

2076 4631 2126 4683 ol
2156 4631 2264 4684 τῶν
2300 4629 2569 4684 Ἰουδαίων
2599 4629 2854 4700 ἄρχοντες
2885 4626 3022 4698 πρὸς
3049 4625 3173 4689 τοὺς
3196 4626 3372 4690 ἐκτὸς,
3398 4625 3535 4696 πρὸς
3563 4624 3659 4689 οὓς

391 4732 561 4801 cipes,
587 4743 722 4802 erga
741 4742 1060 4803 extraneos,
1095 4737 1252 4806 queis
1280 4737 1580 4810 advigilare
1611 4754 1747 4809 opus
1776 4746 1896 4792 erat
1919 4745 1964 4790 et

2079 4723 2186 4778 ἔδει
2220 4723 2578 4794 ἐγρηγορέναι
2607 4722 2702 4773 καὶ
2734 4722 2952 4791 νήφειν,
2992 4719 3086 4771 καὶ
3115 4717 3257 4772 κατά
3294 4717 3404 4771 τῶν
3444 4717 3661 4788 ἐχθρῶν

391 4827 684 4890 excubare,
719 4837 882 4898 atque
913 4839 1104 4884 contra
1147 4830 1403 4886 inimicos
1437 4832 1636 4886 latrare
1667 4848 1680 4884 :
1714 4845 1841 4899 erga
1871 4829 1970 4884 do-

392 4920 648 4974 mesticos
687 4934 814 4976 vero
843 4920 1183 4992 impudentes
1212 4931 1390 4990 erant,
1425 4923 1745 4978 devorantes
1777 4934 1971 4991 pecora

393 5010 491 5064 sub
521 5024 711 5065 eorum
739 5011 1004 5083 regimine
1027 5014 1224 5083 posita.

460 5141 630 5202 Vens.
686 5147 776 5202 Η.
825 5167 845 5200 ι
894 5149 960 5203 Et
999 5163 1166 5205 canes
1223 5149 1566 5220 impudentes
1624 5151 1834 5213 animo,
1875 5163 1943 5204 ne

397 5238 630 5294 scientes
666 5239 1030 5296 saturitatem.
1089 5240 1155 5295 Et
1202 5251 1333 5296 sunt
1372 5242 1518 5308 mali,
1553 5241 1859 5297 nescientes
1891 5224 1992 5294 in:

397 5328 745 5396 telligentiam
785 5350 797 5385 :
829 5333 1068 5388 universi
1105 5335 1220 5388 vias
1247 5349 1376 5389 suas
1409 5335 1579 5389 secuti
1609 5343 1735 5389 sunt
1764 5350 1776 5384 :
1805 5347 1974 5386 unus-

2083 4817 2328 4871 ὑλακτεῖν
2355 4834 2366 4846 ·
2409 4817 2546 4888 πρὸς
2563 4816 2620 4869 δὲ
2645 4817 2769 4879 τοὺς
2795 4815 3030 4878 οἰκείους
3049 4813 3284 4876 ἀναιδεῖς
3303 4829 3448 4878 τινες
3481 4812 3666 4884 ὑπῆρο

2079 4926 2193 4982 χον,
2222 4908 2596 4973 κατεσθίοντες
2617 4908 2687 4962 τὰ
2709 4907 2801 4961 ὑπ’
2821 4909 3006 4973 αὐτοῖς
3043 4905 3440 4978 ποιμαινόμενα
3494 4905 3667 4978 θρέμ-

2079 5020 2245 5076 ματα.

2155 5162 2174 5194 ι
2211 5143 2322 5196 Καὶ
2374 5143 2424 5194 οἱ
2473 5141 2633 5204 κύνες
2682 5139 2921 5203 ἀναιδεῖς
2983 5141 3050 5210 τῇ
3097 5137 3266 5208 ψυχῇ,
3307 5135 3408 5188 οὐκ
3459 5133 3664 5198 εἰδότες

2087 5238 2418 5309 πλησμονήν.
2453 5236 2562 5288 Καί
2590 5237 2707 5288 εἱσι.
2731 5232 2957 5305 πονηροὶ
2987 5232 3089 5285 οὐκ
3141 5229 3342 5292 εἰδότες
3397 5228 3616 5281 σύνεσιν
3645 5242 3660 5259 ·

2084 5329 2284 5392 πάντες
2323 5331 2444 5391 ταῖς
2497 5328 2634 5390 ὁδοῖς
2693 5324 2874 5378 αὐτῶν
2922 5322 3375 5394 ἐξηκολούθησαν,
3433 5319 3657 5385 ἕκαστος

399 5421 632 5489 quisque
682 5424 977 5478 secundum
1036 5427 1111 5490 id,
1159 5427 1302 5495 quod
1349 5442 1502 5481 suum
1540 5435 1676 5480 erat.
1721 5445 1738 5476 ι
1775 5423 1890 5478 Νοιι
1925 5425 1964 5476 ἰι

2084 5422 2224 5476 κατὰ
2254 5421 2314 5474 τὸ
2333 5420 2527 5474 ἐαυτοῦ
2555 5436 2566 5448 ·
2616 5439 2632 5470 ι
2657 5420 2716 5472 οὐ
2760 5421 2877 5481 ταῖς
2901 5417 3040 5480 ὁδοῖς
3065 5415 3158 5468 τοῦ
3193 5413 3349 5480 Θεοῦ,
3374 5413 3510 5468 ἀλλὰ
3545 5414 3669 5480 ταῖς

400 5512 502 5567 viis
531 5513 646 5580 Dei,
675 5516 772 5572 sed
811 5517 869 5571 in
897 5518 1032 5587 suis,
1065 5518 1207 5589 quod
1237 5519 1707 5590 concupiscentias
1741 5534 1864 5574 suas
1882 5531 1978 5572 cx-

393 5605 538 5674 plere
550 5616 632 5661 nt.

2087 5511 2290 5567 ἑαυτῶν
2321 5510 2406 5563 διὰ
2443 5509 2533 5563 τοῦ
2558 5509 2630 5563 τὸ,
2656 5507 2964 5580 καταθύμια
2984 5507 3168 5570 αὐτοῖς
3192 5505 3477 5577 πράττειν,
