3880 6216
255 247 368 306 473

778 365 1179 420 ΚΕΦΑΛΑῙΟΝ
1218 369 1341 422 NZ'.

322 467 349 503 ι
385 451 576 518 Ἴδετε,
609 453 686 517 ὡς
710 454 917 522 δίκαιος
948 458 1216 523 ἀπώλετο,
1247 462 1342 514 καὶ
1373 462 1550 528 οὐδεὶς
1574 465 1844 537 ἐνδέχεται

246 545 319 613 τῇ
348 543 577 614 καρδίᾳ·
616 546 710 599 καὶ
755 548 947 620 ἄνδρες
971 551 1169 606 δίκαιοι
1219 555 1485 624 αῖρονται,
1541 558 1636 610 καὶ
1672 559 1844 624 οὐδεὶς

247 635 526 687 κατανοεῖ.
545 634 680 688 Ἀπὸ
693 636 804 707 γὰρ
817 638 1108 710 προσώπου
1126 643 1343 709 ἀδικίας
1353 640 1515 716 ἦρται
1535 649 1563 700 ὁ
1580 647 1802 713 δίκαιος.
1818 669 1836 701 ι

243 723 361 776 Καὶ
391 724 511 788 πῶς
535 724 762 797 ἔμελλον
794 735 1078 786 κατανοεῖν
1107 735 1155 787 οἰ
1201 735 1301 799 τὰς
1333 737 1511 808 ψυχὰς
1535 739 1760 810 τυφλοί;
1792 743 1840 794 εἰ

243 812 360 884 γάρ
395 813 469 886 μὴ
507 814 683 881 οὕτως
743 816 908 891 εἶχον,
968 823 1074 878 κᾶν
1120 824 1306 898 ἐώρων
1351 829 1442 883 τὸν
1475 829 1702 897 δίκαιον,
1748 836 1841 889 καὶ

244 905 508 959 συνίεσαν
527 903 640 979 τῆν’
658 911 868 966 ἑαυτῶν
896 915 1209 986 οἰκονομίαν
1236 935 1250 948 °
1288 919 1403 973 ἀλλ’
1423 923 1472 975 οἱ
1523 924 1622 994 μὲν
1649 925 1840 994 τυφλοὶ

240 994 399 1059 ὄντες
425 997 520 1050 καὶ
548 999 709 1066 κύνες
736 1003 972 1070 ἀναιδεῖς
1009 1024 1232 1062 τοιαυτα
1275 1015 1415 1065 κατὰ
1448 1014 1556 1068 τῶν
1614 1016 1838 1072 δικαίων

239 1083 490 1156 δτόλμων
513 1105 525 1116 ·
551 1090 600 1142 οἰ
633 1088 690 1144 δὲ
714 1093 772 1146 ὲν
797 1095 987 1168 εἰρήνῃ
1010 1097 1116 1151 ὑπὸ
1169 1099 1266 1153 τοῦ
1301 1101 1437 1159 Θεοῦ
1480 1107 1837 1179 παρελαμϐά-

243 1191 422 1231 vom.

316 1285 336 1318 ι
373 1269 568 1324 Ἔσται
601 1273 661 1326 ὲν
700 1275 893 1350 εἰρήνῃ
925 1279 958 1348 ή
992 1280 1135 1352 ταφὴ
1165 1282 1350 1348 αὐτοῦ,
1409 1281 1572 1356 ἦρται
1621 1291 1685 1343 ὲκ
1738 1292 1831 1345 τοῦ

240 1357 440 1450 μέσου.
469 1380 490 1413 ι
523 1363 683 1417 Εἴποι
707 1365 754 1418 δ’
785 1365 852 1420 ἄν
881 1385 966 1432 τις
1011 1369 1270 1426 δύνασθαι
1327 1375 1502 1430 ταῦτα
1543 1379 1830 1450 ἁρμόττειν

234 1447 336 1501 καὶ
370 1447 451 1518 τῷ
488 1451 703 1524 Σωτῆρι
737 1455 833 1508 καὶ
871 1459 983 1520 τοῖς
1007 1458 1278 1531 μαθηταῖς
1325 1465 1489 1518 αὐτοῦ
1541 1447 1653 1532 τοῖς
1726 1471 1830 1524 ὑπὸ

231 1538 335 1592 τοῦ
378 1540 650 1596 Ἰουδαίων
702 1543 889 1610 ἔθνους
935 1549 1508 1625 ἐπιϐεϐουλευμένοις·
1562 1561 1696 1616 άλλά
1737 1565 1829 1618 καὶ

231 1629 338 1700 τὴν
364 1631 664 1688 ἀνάστασιν
688 1636 781 1690 τοῦ
807 1638 1060 1712 Σωτῆρος
1083 1645 1244 1715 ἡμῶν
1271 1649 1607 1706 αἰνίττεσθαι
1647 1655 1707 1707 τὸ
1741 1655 1830 1710 λό-

1182 253 1692 312 COMMENTARIA
1730 258 1797 313 IN
1835 259 2091 317 ISAIAM.
2114 295 2179 304 -—
2220 263 2374 318 CAP.
2413 262 2568 318 LVII.

1869 383 1916 438 Α
2522 377 2752 434 CAPUT
2793 376 2945 432 Lvn.

3420 259 3529 315 474

2016 471 2178 526 Vsus.
2202 472 2252 524 l.
2294 489 2313 521 ι
2351 469 2541 524 Videte
2569 470 2838 539 quomodo
2861 469 3041 539 justus
3069 466 3247 537 periit,
3281 477 3335 521 et
3363 479 3523 520 nemo

1943 563 2166 632 suscipit
2193 563 2356 617 corde
2387 579 2402 614 :
2432 569 2486 613 et
2515 561 2618 614 viri
2667 559 2798 628 justi
2839 560 3119 626 tolluntur,
3149 568 3205 614 et
3233 558 3411 612 nullus
3436 565 3518 612 est

1941 654 2032 722 qui
2059 654 2379 708 consideret.
2418 651 2552 706 Nam
2599 667 2628 705 a
2658 652 2792 705 facie
2823 650 3124 719 iniquitatis
3168 650 3414 704 sublatus
3433 657 3520 704 est

1934 743 2133 813 justus.
2162 761 2181 794 ι
2211 743 2566 812 thuomodo
2603 740 3032 803 considerarent,
3055 739 3145 808 qui
3169 739 3363 792 animis
3389 737 3517 791 caeci

1939 842 2099 887 erant
2132 848 2145 884 :
2176 847 2303 886 nam
2338 833 2381 888 si
2411 849 2516 888 non
2542 833 2616 886 ita
2648 846 2706 886 se
2731 829 3065 895 habuissent,
3095 829 3286 883 saltem
3306 829 3512 896 justum

1938 924 2200 980 vidissent
2235 933 2289 978 et
2328 939 2483 978 suam
2527 923 2626 992 ipsi
2680 921 3036 977 oeconomiam
3076 921 3388 975 novissent:
3417 919 3513 974 sed

1935 1031 2056 1072 cum
2084 1017 2233 1080 caeci,
2253 1027 2309 1072 et
2338 1031 2505 1071 canes
2547 1017 2886 1084 impudentes
2911 1021 3113 1078 essent,
3170 1011 3295 1066 talia
3323 1021 3512 1066 contra

1929 1107 2104 1176 justos
2140 1108 2356 1179 aggredi
2402 1107 2686 1164 audebant
2718 1123 2732 1158 :
2757 1106 2890 1178 justi
2943 1119 3074 1160 vero
3115 1118 3146 1158 a
3171 1103 3277 1158 Deo
3303 1103 3355 1157 in
3381 1117 3514 1172 pace

1932 1200 2386 1270 suscipiebantur.

2007 1294 2170 1353 Vens.
2200 1297 2255 1351 2.
2299 1315 2318 1348 ι
2357 1295 2476 1351 Erit
2497 1296 2550 1350 in
2576 1309 2707 1366 pace
2735 1293 3006 1364 sepultura
3035 1291 3172 1361 ejus,
3197 1290 3402 1346 sublata
3422 1300 3508 1347 est

1929 1390 1995 1443 de
2034 1391 2233 1446 medio.
2276 1407 2295 1441 ι
2339 1387 2550 1445 Dixerit
2595 1389 2863 1459 quispiam
2896 1389 3010 1442 haec
3059 1396 3112 1442 et
3160 1385 3423 1442 Salvatori
3451 1394 3508 1441 et

1929 1480 2206 1550 discipulis
2237 1478 2354 1550 ejus
2401 1492 2742 1550 competere,
2799 1480 2888 1549 qui
2925 1495 2954 1534 a
2983 1477 3203 1534 Iudaica
3236 1489 3394 1550 gente
3426 1478 3510 1532 in-

1927 1570 2082 1626 sidiis
2103 1573 2498 1641 appetebantur
2531 1588 2544 1625 :
2580 1572 2674 1626 sed
2698 1571 2859 1624 etiam
2908 1571 2998 1626 hic
3039 1569 3339 1625 Salvatoris
3367 1585 3508 1640 quos:

1927 1663 2030 1729 que
2059 1662 2230 1715 nostri
2269 1661 2740 1717 resurrectionem
2785 1660 3097 1725 adumbrari
3125 1661 3507 1731 pronuntiave-

230 1721 355 1823 γιόν
380 1740 548 1823 φηῃσιο
582 1726 679 1780 τοῦ
738 1729 838 1799 μὲν
880 1731 1113 1788 θανάτου
1157 1737 1245 1791 διὰ
1288 1740 1388 1812 τῆς
1417 1743 1596 1814 ταφῆς
1657 1748 1805 1801 αὐτοῐ

1927 1753 1998 1806 rit
2035 1767 2051 1805 :
2085 1753 2157 1806 ita
2188 1761 2248 1807 ut
2280 1768 2428 1808 mors
2456 1753 2572 1823 ejus
2614 1767 2711 1822 per
2764 1753 3121 1822 sepulturam,
3175 1753 3504 1811 resurrectio

224 1811 588 1916 δηλούμενον),
606 1820 707 1892 τῆς
738 1823 785 1916 δ’
814 1825 1164 1894 ἀναστάσεως
1186 1830 1275 1885 διὰ
1300 1811 1418 1898 τοῦ,
1486 1853 1506 1888 ι
1545 1811 1726 1911 δΗρθη
1759 1843 1805 1894 ὲ)

1921 1852 2124 1911 autem,
2154 1843 2242 1899 his
2264 1844 2467 1912 verbis,
2483 1811 2529 1896 ἰ
2560 1811 2783 1899 Stiblata
2811 1811 2894 1900 est
2929 1845 2998 1900 de
3033 1811 3208 1902 medio
3229 1845 3502 1916 sepultura

226 1907 328 2009 τοῦ
351 1907 982 2009 ’μέσουκήταφὴᾷαὺτοᾱ
1027 1938 1048 1971 ι
1097 1920 1334 1995 Ἀφανὴς
1378 1927 1569 1996 γέγονε
1619 1907 1725 1986 διιίι⁷
1762 1935 1805 1987 τί

1921 1936 2058 2006 ejus,
2094 1955 2113 1989 ι
2153 1936 2445 1993 indicetur.
2503 1937 2580 1995 De
2633 1938 2809 1994 medio
2857 1938 3098 1994 sublatus
3135 1951 3238 2004 est,
3274 1940 3398 2009 quia
3442 1940 3497 1995 in

228 1993 309 2102 μὴ
339 1998 632 2102 ἀςπομεῖναι
666 2005 830 2102 αὐτὸν
858 2010 917 2062 ὲν
938 2009 1017 2082 τῷ
1047 2012 1150 2083 τῆς
1187 1993 1368 2087 ταφῆς
1391 1993 1542 2091 τόπῳ
1568 2039 1583 2052 ο
1638 2023 1759 2079 ὅθεν
1791 2027 1805 2078 ί

1919 2026 2038 2084 loco
2080 2030 2373 2100 sepulturae
2411 2045 2516 2086 non
2559 2031 2758 2086 mansit
2800 2045 2816 2085 :
2853 2045 3020 2102 quare
3057 2030 3280 2099 angelus
3310 2030 3498 2085 mulie-

222 2085 733 2193 ἄζγελοςῇὲπιστάς
762 2100 882 2161 ταῖς
940 2099 1184 2168 γυναιξὶν
1238 2085 1390 2175 ἔλεγε
1415 2124 1428 2138 ο
1488 2085 1524 2161 ι’
1543 2109 1674 2165 Τίνα
1726 2113 1805 2186 Cr;-

1919 2120 2068 2176 ribus
2084 2085 2272 2176 astans
2297 2121 2549 2178 dicebat:
2580 2142 2599 2175 ι
2633 2123 2800 2189 Quem
2830 2085 3108 2193 quaeritis?
3129 2085 3314 2178 Sesum
3337 2119 3498 2178 ?Non

219 2179 410 2246 τείτε;
467 2182 716 2254 Ἰησοῦν;
761 2188 875 2242 Οὐκ
929 2189 1077 2247 ἔστιν
1127 2191 1257 2249 ὦδεο
1297 2198 1473 2265 δεῦτε,
1531 2202 1667 2258 ἴδετε
1726 2179 1817 2260 τὸν

223 2267 395 2324 τόπον
419 2273 608 2330 αὐτοῦ.
650 2295 672 2331 ο

303 2380 323 2414 ι
361 2363 553 2436 Ὑμεῖς
581 2368 638 2422 δὲ
663 2373 1044 2444 προσαγάγετε
1080 2369 1204 2445 ὧδε,
1253 2381 1359 2434 υἰοί
1406 2383 1617 2455 ἄνομοι,
1648 2387 1816 2459 σπέρ-

222 2469 304 2523 μα
329 2458 535 2527 μοιχῶν
562 2463 656 2516 καὶ
686 2465 914 2540 πόρνης.
955 2470 1044 2523 Ἐν
1093 2471 1198 2526 τίνι
1238 2475 1676 2548 ὲνετρυφήσατε;
1718 2458 1813 2534 καὶ

219 2547 317 2600 ἐπὶ
364 2550 489 2605 τίνα
532 2555 782 2622 ἠνοίξατε
824 2561 888 2614 τὸ
943 2563 1118 2635 στόμα
1171 2565 1363 2635 ὑμῶν;
1416 2571 1510 2624 καὶ
1558 2572 1650 2625 ἐπὶ
1694 2573 1813 2628 τίνα

218 2638 525 2730 ἀχαλάσατε
544 2646 646 2719 τὴν
663 2647 928 2716 γλῶσσαν
947 2654 1137 2726 ὑμῶν;
1160 2657 1272 2728 Οὐχ
1312 2658 1473 2730 ὑμεῖς
1490 2663 1615 2716 ἐστε
1642 2665 1810 2720 τέκνα

214 2729 516 2824 ἀπωλείας,
566 2739 789 2812 σπέρμα
833 2745 1096 2818 ἀνόμωνς
1149 2768 1168 2802 ι
1226 2751 1303 2804 Οὐ
1353 2729 1462 2824 γὰρ
1514 2753 1662 2821 ἄξιον
1713 2759 1808 2813 τοῦ

226 2821 484 2924 ’θϐραάμ
509 2829 619 2924 καί.Δ
636 2832 740 2924 τῆς
765 2835 986 2924 Σάρρας
1015 2841 1182 2896 τέκνα
1204 2844 1348 2914 ὑμᾶς
1375 2821 1559 2902 καλεῖν
1583 2866 1599 2879 ·
1620 2851 1669 2903 εἰ
1697 2851 1807 2924 γάρ

210 2914 393 3014 τέκνα
439 2919 828 3014 τούἋϐραάμ
875 2923 1007 2999 ἦτε,
1065 2932 1135 2986 τὰ
1194 2933 1332 3006 ἔργα
1389 2937 1482 2990 τοῦ
1559 2914 1807 3014 Ἀϐραὰμ

210 3005 471 3060 ἐποιεῖτε.
501 3011 739 3083 Μοιχοὺς
763 3016 809 3070 δ’
838 3015 978 3072 οἶδεν
1012 3021 1041 3072 ὁ
1069 3005 1233 3091 λόγος
1258 3026 1444 3079 καλεῖν
1473 3029 1600 3094 τοὺς
1633 3005 1803 3086 πάλαι

208 3097 752 3171 εἰδωλολατροῦντας,
779 3110 908 3180 περὶ
947 3103 1023 3164 ὧν
1067 3112 1316 3186 εἴρηται·
1357 3136 1376 3169 ι
1412 3119 1524 3172 Kal.
1551 3122 1800 3192 ἐμοίχευ-

209 3197 406 3288 σανιτὺ
426 3196 594 3288 ξύλον
625 3203 720 3255 καὶ⁹
754 3204 847 3258 τὸν
879 3205 1025 3261 λίθον
1048 3225 1062 3237 ·
1096 3227 1116 3260 ι
1153 3210 1359 3283 πόρνην
1379 3211 1436 3266 δὲ
1477 3216 1576 3286 τὴν
1605 3217 1802 3288 Ἰερου-

208 3283 395 3355 σαλὴμ
421 3287 611 3358 ἐδήλου
641 3290 730 3344 διὰ
768 3292 877 3376 τῶν
911 3295 1220 3369 ἔμπροσθεν
1258 3301 1286 3352 ὁ
1338 3283 1543 3370 παρὼν*
1589 3283 1800 3376 προφή-

203 3390 325 3444 της.
359 3376 612 3432 Μάλιστα
635 3380 746 3453 γάρ
766 3373 943 3438 αὐτῶν
973 3385 1072 3457 τὴν
1103 3387 1354 3454 γλῶσσαν
1388 3393 1568 3445 καὶτὸ
1625 3373 1798 3465 στόμα

205 3470 555 3524 καταιτιᾶται
579 3472 669 3526 διὰ
695 3473 795 3537 τάς
829 3475 969 3530 κατά
989 3477 1083 3530 τοῦ
1110 3480 1366 3551 Σωτῆρος
1390 3484 1594 3553 φωνὰς,
1614 3488 1707 3539 καὶ
1732 3487 1798 3551 ἃς

201 3560 375 3614 εἰσέτι
406 3563 500 3616 καὶ
526 3563 622 3618 νῦν
649 3567 771 3619 κατ’
800 3568 967 3622 αὐτοῦ
999 3571 1279 3627 ποιοῦνται
1306 3574 1672 3648 βλασφημίας.
1706 3579 1796 3632 Διό

202 3667 408 3723 φησιν’
476 3673 497 3708 ι
539 3656 662 3709 Ἐπὶ
724 3659 846 3712 τίνα
884 3661 1132 3730 ήνοίξατε
1173 3663 1236 3717 τὸ
1269 3667 1446 3738 στόμα
1479 3668 1668 3738 ὑμῶν;
1701 3671 1796 3724 καί⁵

199 3743 297 3797 ἐπὶ
319 3745 446 3798 τίνα
491 3747 795 3818 ὲχαλάσατε
823 3752 920 3823 τὴν
965 3753 1218 3822 γλῶσσαν
1249 3758 1432 3828 ύμῶν;
1473 3761 1585 3830 Οὐχ
1638 3762 1795 3833 ὑμεῖς

197 3835 328 3888 ἐπε
350 3835 517 3890 τέκνα
549 3840 860 3907 ἀπωλείας;
891 3861 911 3894 ι

273 3941 295 3975 ι
329 3927 395 3978 Οἱ
439 3929 888 3998 παρακαλοῦντες
936 3934 1130 3988 εἴδωλα
1192 3938 1299 3991 ὑπὸ
1348 3939 1542 4011 δένδρα
1602 3942 1788 4009 δασέα,

197 4015 506 4085 σφάζοντες
565 4019 634 4074 τὰ
666 4021 834 4075 τέκνα
883 4024 1065 4079 αὐτῶν
1113 4029 1170 4080 ὲν
1199 4027 1322 4094 ταῖς
1353 4031 1626 4102 φάραγξιν
1686 4035 1791 4090 ἐινά

197 4105 368 4170 μέσον
397 4107 507 4161 τῶν
537 4111 774 4182 πετρῶν.
830 4112 1041 4188 Ἐκείνη
1077 4122 1230 4190 σουή
1284 4123 1461 4194 μερὶς,
1497 4119 1648 4188 οὗτός
1694 4143 1788 4180 σου

190 4196 480 4268 ὀκλῆρος·
538 4201 812 4266 κάκείνοις
847 4203 1069 4276 ἐξέχεας
1130 4211 1382 4277 σπονδὰς,
1433 4215 1528 4268 καὶ
1578 4215 1788 4282 τούτοις

191 4287 505 4380 ἀνήνεγκας
524 4290 732 4380 θυσίας.
781 4296 905 4349 Ἐπὶ
944 4298 1156 4364 τούτοις
1188 4298 1282 4355 οὖν
1334 4305 1434 4358 οὐκ
1467 4307 1788 4380 ὀργισθήσο-

1915 2221 1998 2267 est
2045 2211 2151 2270 hic.
2189 2211 2394 2282 venite,
2419 2213 2596 2272 videte
2625 2214 2798 2270 locum
2823 2213 2938 2283 ejus
2965 2215 3010 2269 θ.
3049 2233 3069 2266 ι

1993 2386 2155 2445 Vens.
2191 2387 2247 2454 ὅ,
2269 2389 2326 2446 4.
2351 2407 2370 2441 ι
2399 2389 2508 2445 Vos
2537 2399 2716 2444 autem
2744 2389 2992 2445 accedite
3018 2390 3144 2457 huc,
3170 2387 3265 2444 ﬁlii
3295 2389 3493 2460 iniqui,

1913 2491 2096 2533 semen
2115 2478 2482 2534 adulterorum
2497 2487 2552 2535 et
2565 2481 2890 2536 meretricis.
2909 2481 2963 2534 In
2984 2496 3142 2551 quem
3161 2480 3496 2536 insultastis!

1912 2579 1968 2624 et
2002 2571 2057 2625 in
2087 2586 2246 2641 quem
2271 2571 2561 2643 aperuistis
2594 2587 2657 2627 os
2678 2572 2956 2628 vestrum?
2978 2581 3034 2629 et
3069 2573 3123 2627 in
3150 2588 3309 2642 quem
3344 2573 3494 2628 laxa.

1911 2663 2009 2719 stis
2047 2663 2283 2736 linguam
2314 2664 2597 2719 vestram?
2645 2664 2836 2721 Nonne
2864 2679 2962 2720 vos
3009 2666 3140 2721 estis
3174 2665 3268 2720 ﬁlii
3305 2665 3490 2736 perdi-

1915 2755 2093 2822 tionis,
2121 2771 2304 2812 semen
2337 2757 2670 2829 impiorum?
2696 2776 2716 2810 ι
2757 2756 2942 2828 Neque
2989 2757 3133 2811 enim
3174 2758 3318 2828 digni
3359 2758 3493 2814 estis

1909 2847 2000 2916 qui
2051 2847 2288 2903 Abrahae
2338 2859 2392 2904 et
2442 2847 2589 2904 Sarae
2637 2848 2732 2903 ﬁlii
2780 2848 3092 2904 vocemini:
3130 2863 3252 2903 nam
3303 2848 3348 2903 si
3391 2847 3490 2904 ﬁlii

1908 2937 2139 2994 Abrahae
2177 2939 2394 3005 essetis,
2421 2954 2584 3009 opera
2608 2939 2842 2996 Abrahae
2869 2938 3143 2994 faceretis.
3198 2939 3492 2996 Adulteros

1905 3010 2084 3084 autem
2116 3029 2253 3086 solet
2271 3029 2549 3102 Scriptura
2567 3046 2762 3088 vocare
2781 3047 2898 3100 eos,
2915 3032 3004 3102 qui
3021 3031 3149 3087 olim
3169 3031 3488 3088 idololatria)

1904 3122 2072 3178 dediti
2124 3133 2299 3190 erant,
2331 3124 2402 3179 de
2440 3125 2636 3195 quibus
2661 3126 2881 3191 dicitur,
2939 3144 2958 3177 ι
3006 3126 3073 3180 Et
3113 3125 3488 3181 adulterarum.

1902 3214 2102 3284 lignum
2133 3223 2186 3269 et
2203 3215 2428 3285 lapidem
2454 3235 2465 3270 :
2509 3235 2528 3267 ι
2556 3215 2893 3271 meretricem
2912 3231 3039 3271 vero
3059 3214 3487 3286 Hierosolymam

1901 3307 1988 3361 hic
2031 3307 2292 3377 propheta
2339 3307 2587 3377 superius
2639 3309 2991 3376 nuncupavit.
3041 3307 3242 3360 Eorum
3285 3307 3484 3377 quippe

1899 3394 2136 3466 linguam
2170 3406 2226 3451 et
2265 3410 2329 3450 os
2369 3397 2422 3450 in
2475 3397 2680 3453 crimen
2739 3398 2976 3452 maxime
3024 3406 3204 3465 vocat,
3260 3407 3484 3467 propter

1900 3486 2019 3542 illas
2057 3496 2245 3542 contra
2269 3487 2610 3544 Salvatorem
2640 3491 2867 3544 emissas
2908 3503 3092 3553 voces,
3131 3497 3187 3543 et
3227 3488 3296 3542 ob
3325 3488 3484 3556 .blas-

1897 3576 2091 3646 phema
2141 3577 2327 3642 verba,
2359 3592 2476 3648 quae
2513 3577 2782 3646 hodieque
2818 3577 3075 3633 adversus
3121 3577 3270 3632 illum
3298 3575 3480 3646 profe-

1899 3680 2046 3726 runt.
2117 3669 2454 3740 QuaprOpter
2511 3669 2612 3735 ait,
2669 3687 2690 3720 σ
2742 3670 2800 3722 In
2857 3685 3015 3740 quem
3082 3669 3368 3739 aperuistis
3412 3684 3483 3725 os

1895 3771 2159 3826 vestrum,
2207 3771 2263 3816 et
2316 3762 2369 3816 in
2416 3776 2576 3830 quem
2633 3761 2858 3816 laxastis
2911 3760 3152 3830 linguam
3198 3760 3484 3817 vestram?

1893 3852 2084 3908 Nonne
2110 3868 2208 3908 vos
2240 3853 2373 3908 estis
2401 3853 2497 3909 ﬁlii
2531 3851 2939 3923 perditionis?»

1964 3943 2128 3998 Vsus.
2177 3944 2232 4010 5,
2263 3944 2318 3998 6.
2362 3961 2380 3994 ι
2413 3943 2516 4010 Qui
2562 3943 2841 3998 advocatis
2890 3941 3032 3998 idola
3059 3943 3158 3998 sub
3189 3941 3478 3999 arboribus

1890 4035 2095 4103 opacis,
2127 4034 2218 4103 qui
2270 4033 2534 4105 jugulatis
2593 4032 2734 4087 ﬁlios
2779 4040 2991 4086 vestros
3043 4032 3098 4085 in
3132 4031 3386 4099 vallibus,
3417 4031 3476 4088 in

1891 4125 2068 4178 medio
2122 4133 2422 4193 petrarum.
2471 4123 2596 4179 Haec
2636 4123 2813 4193 portio
2861 4129 2975 4189 tua,
3005 4122 3121 4177 haec
3157 4135 3276 4178 sors
3328 4131 3470 4177 tua:

1889 4225 1944 4270 et
1969 4216 2076 4271 illis
2098 4215 2333 4270 eﬁ'udisti
2365 4215 2648 4280 libamina,
2681 4225 2736 4271 et
2772 4215 2882 4270 illis
2911 4213 3154 4269 obtulisti
3177 4213 3467 4269 sacriﬁcia.

1890 4305 2062 4377 Super
2082 4307 2168 4362 his
2195 4322 2325 4376 ergo
2356 4323 2462 4362 non
2494 4306 2747 4362 irascar?
2775 4325 2795 4360 ι
2851 4305 2946 4362 His
2993 4305 3141 4362 clare
3167 4305 3472 4361 ostenditur

197 4394 334 4447 μαι;
373 4396 394 4430 r
428 4379 622 4474 Σαφῶς
655 4381 712 4436 δὲ
744 4382 834 4474 διά
866 4385 1072 4441 τούτων
1125 4389 1397 4447 δείκνυται
1447 4397 1481 4466 ή
1534 4379 1784 4468 παροῦσα

1919 4414 2028 4454 iane
2045 4400 2379 4470 prophetiam
2424 4397 2726 4456 idololatria
2752 4399 2844 4468 qui
2872 4408 3113 4469 tempore
3143 4397 3292 4452 Isaiae
3314 4404 3470 4451 erant

190 4470 504 4542 προφητεία
525 4475 638 4535 τοῖς
669 4473 812 4528 κατά
836 4477 964 4540 τοὺς
988 4478 1215 4548 χρόνους
1248 4483 1470 4538 Ἡσαΐου
1519 4486 1615 4540 τοῦ
1649 4505 1782 4560 προ-

189 4563 368 4634 φήτου
400 4564 816 4638 εἰδωλολάτραις
846 4569 1211 4642 ἁρμόττουσα.

261 4674 281 4706 ι
319 4655 438 4707 Ἐπ’
467 4655 592 4728 ὅρος
619 4657 821 4727 ὑψηλὸν
845 4661 940 4715 καὶ
964 4663 1263 4736 μετέωρον,
1283 4668 1400 4721 ἐκεῖ
1425 4685 1516 4721 σου
1547 4673 1579 4741 ἡ
1603 4672 1779 4744 κοίτη,

189 4747 287 4799 καὶ
338 4749 459 4800 ἐκεῖ
513 4748 844 4815 ἀνεϐίϐασας
901 4751 1094 4819 θυσίας
1153 4772 1267 4811 σου.
1299 4776 1320 4809 ι
1366 4758 1524 4812 Κατὰ
1573 4759 1777 4827 ταῦτα,

187 4835 378 4906 φησιν,
415 4836 716 4906 ἔπραττες,
749 4841 870 4895 οὐδὲ
903 4848 1304 4917 κεκρυμμένως
1365 4849 1600 4915 ἀσεϐῶν,
1645 4853 1781 4908 ἀλλά

186 4929 797 5000 πεπαρρησιασμένωςο
848 4933 1020 4999 οὕτως
1046 4936 1121 5000 ὠς
1155 4940 1249 4993 καὶ
1303 4940 1391 4993 ἐπ’
1436 4941 1614 4998 αὐτῶν
1669 4945 1778 4998 τῶν

185 5011 570 5087 ὑψηλοτάτων,
594 5017 736 5090 ὀρῶν
791 5023 1059 5079 ἐπιτελεῖν
1132 5026 1233 5092 τὰς
1303 5029 1620 5103 δαιμονικάς
1685 5034 1780 5088 θυ-

188 5120 331 5168 σιας.

257 5214 278 5245 ι
317 5197 432 5288 Καὶ
456 5199 632 5255 ὀπίσω
659 5203 769 5258 τῶν
796 5207 1053 5280 σταθμῶν
1084 5211 1183 5282 τῆς
1227 5213 1397 5284 θύρας
1429 5233 1524 5270 σου
1572 5217 1776 5288 ἔθηκας

188 5287 514 5380 μνημόσυνά
569 5309 682 5347 σου.
717 5297 869 5365 ᾭου,
913 5300 1018 5365 ὅτι,
1056 5303 1153 5357 ὲάν
1195 5306 1288 5358 ἀπ’
1321 5305 1456 5377 ἐμοῦ
1506 5287 1770 5380 ἀποστῇς,

185 5376 371 5472 πλεῖόν
403 5397 456 5433 τι
483 5381 644 5449 ἕξεις.
682 5388 1004 5462 Ἠγάπησας
1048 5396 1174 5459 τοὺς
1208 5376 1584 5470 κοιμωμένους

186 5469 304 5535 τοῦ,
346 5473 443 5527 καὶ
503 5477 810 5551 ἐπλήθυνας
838 5483 937 5557 τὴν
991 5488 1246 5560 πορνείαν
1280 5508 1374 5545 σου
1422 5495 1544 5563 μετ’
1571 5493 1771 5556 αὐτῶν.

256 5649 280 5680 ⁸
296 5647 464 5704 ﬂare.
485 5666 606 5720 im,
626 5652 680 5710 6.

1887 4493 2198 4548 convenire.

1959 4673 2124 4731 Vnus.
2159 4677 2212 4730 7.
2248 4694 2267 4727 ι
2305 4675 2479 4748 Super
2501 4684 2740 4732 montem
2772 4674 3044 4731 excelsum
3076 4682 3133 4730 et
3169 4673 3361 4739 altum,
3391 4671 3465 4727 ibi

1886 4767 2064 4823 cubile
2089 4777 2261 4833 tuum,
2299 4777 2354 4824 et
2386 4769 2514 4823 illnc
2557 4767 2829 4823 adduxisti
2884 4767 3153 4823 sacriﬁcia
3193 4778 3304 4822 tua.
3344 4785 3363 4818 ι
3397 4764 3467 4820 Et

1886 4859 2022 4927 haec,
2063 4861 2257 4930 inquit,
2313 4861 2470 4930 egisti
2504 4875 2611 4915 non
2653 4860 2794 4915 clam
2823 4859 2990 4930 impie
3019 4874 3205 4929 agens,
3249 4858 3342 4914 sed
3367 4873 3475 4928 pa-.

1885 4951 1990 5006 lam
2021 4960 2076 5007 et
2107 4951 2466 5016 conﬁdenter,
2505 4951 2577 5004 ita
2603 4958 2662 5004 ut
2698 4951 2862 5006 etiam
2893 4953 2945 5004 in
2973 4949 3285 5006 celsissimis
3308 4964 3463 5004 mon.-

1887 5043 2018 5098 tium
2048 5044 2424 5100 cacuminibus
2452 5043 2714 5100 diabolica
2741 5041 3010 5099 sacriﬁcia
3047 5040 3292 5097 oﬂ‘erres.

1951 5220 2120 5276 Vens.
2155 5221 2208 5287 8,
2251 5222 2304 5276 9.
2368 5241 2388 5274 ι
2426 5223 2493 5278 Ει
2519 5233 2666 5279 retro
2701 5233 2884 5294 postes
2931 5224 3055 5280 ostii
3111 5224 3188 5278 tui
3229 5223 3456 5294 posuisti

1881 5313 2216 5367 memorialia
2248 5322 2358 5367 tua.
2389 5313 2646 5378 Putabas,
2676 5313 2720 5367 si
2753 5329 2784 5367 a
2816 5329 2902 5368 me
2926 5315 3227 5379 recederes,
3270 5322 3321 5366 te
3341 5328 3458 5366 am-

1880 5402 2020 5472 plius
2065 5403 2193 5471 quid
2236 5403 2566 5458 habituram.
2615 5404 2860 5459 Dilexisti
2892 5404 3223 5459 dormientes
3253 5415 3456 5471 tecum,

1878 5505 1936 5552 et
1965 5495 2331 5567 multiplicasti
2383 5495 2766 5554 fornicationes
2798 5508 2914 5554 tuas
2943 5511 3067 5552 cum
3091 5497 3193 5561 eis,
3228 5498 3453 5554 multos—
3512 5537 3526 5551 .
