3880 6216
441 277 546 334 ~75
1117 268 1384 326 EUSEBII
1420 265 1897 323 CIESARIENSIS
1932 262 2084 319 OPP.
2131 261 2308 316 PARS
2345 261 2431 315 ΙΙΙ.
2473 291 2541 302 --
2581 254 2991 312 EXEGETICA.
3604 251 3706 306 476

443 416 550 472 qua
573 399 730 467 longe
755 412 785 450 a
825 405 878 450 te
910 393 1084 450 fecisti
1110 393 1244 461 (4|).
1277 411 1303 453 ,ι
1350 390 1501 445 Multi
1534 391 1735 460 quippe
1761 391 1862 444 viri
1914 391 2024 445 Deo

2165 385 2222 437 al
2257 382 2487 444 πολλοὺς
2513 377 2774 449 ἐποίησας
2802 377 2928 438 τοὺς
2951 374 3168 445 μακρὰν
3194 369 3305 426 ἀπὸ
3339 369 3453 424 σοῦ.
3495 388 3514 422 ι
3569 369 3702 422 Πολ-

445 461 1076 556 έὼὶίοιί,Ἠίθι·οεοιγιηίε
1097 497 1156 537 se
1181 481 1568 552 proripiebant,
1595 479 1666 536 ob
1687 481 1846 550 impia
1877 492 2027 552 gesta

2161 478 2210 530 οἰ
2225 476 2334 547 γὰρ
2351 475 2547 544 ἔφυγον
2557 471 2654 542 τὴν
2683 471 2747 522 Ὶε
2757 466 3036 540 ρουσαλὴμ
3061 466 3108 518 οἰ
3129 462 3205 534 τῷ
3228 461 3347 533 Θεῷ
3367 461 3710 532 ἀνακείμενοι

444 597 568 652 quae
615 551 689 636 ibi
739 551 1218 649 perpetrabantur.
1250 594 1270 627 ι
1308 574 1377 630 Et
1405 575 1603 630 misisti
1656 575 1858 646 legatos
1884 551 2026 629 ultra

2161 571 2322 642 ,νδρες
2343 567 2432 621 διὰ
2457 565 2552 628 τὰς
2573 564 2632 616 ὲν
2652 561 2789 633 αὐτῇ
2815 557 3238 628 συντελουμένας
3255 553 3447 617 ἀθέους
3462 551 3706 625 πράξεις.

448 651 712 730 terminos
749 683 895 737 tuos,
915 681 969 724 et
991 669 1270 726 humiliata
1307 682 1367 722 es
1392 681 1565 735 usque
1599 670 1664 722 ad
1690 668 1980 723 infernum.
2003 689 2022 721 ι

2192 667 2300 720 Καὶ
2326 661 2654 723 ἀπέστειλας
2683 656 2943 728 πρέσϐεις
2975 655 3116 726 ὑπὲρ
3177 652 3245 706 τὰ
3296 651 3422 721 ὅριά
3465 667 3582 716 σου,
3619 651 3711 702 καὶ

446 767 573 822 Περ
609 769 792 821 omnia
835 763 994 834 quasi
1048 763 1113 818 de
1159 761 1448 814 meretrice
1496 760 1752 830 loquitur,
1773 776 1892 831 qua:
1913 761 2030 829 pul-

2161 756 2503 826 ταπεινώθης
2527 753 2635 816 ἕως
2669 751 2816 822 ᾅδου.
2859 769 2878 800 ι
2944 745 3128 800 Ταῦτα
3189 743 3367 797 πάντα
3428 757 3716 812 reposuim-

446 860 747 915 claritudini
773 869 826 912 et
855 858 1039 912 decori
1067 859 1335 925 studebat,
1357 871 1420 912 ac
1449 854 1581 911 nihil
1600 870 1706 910 non
1734 855 1933 925 agebat
1963 855 2029 908 ad

2161 854 2279 905 ποιεῖ
2314 850 2390 914 ὡς
2420 847 2556 920 πρὸς
2587 845 2808 916 ἑταίραν
2842 837 3353 908 καλλωπιζομένην,
3390 835 3483 889 καὶ
3536 835 3716 888 πάντα

447 951 779 1020 voluptatem
805 965 991 1003 eorum
1020 949 1109 1017 qui
1137 964 1322 1004 secum
1353 949 1640 1018 degebant.

2161 943 2483 1016 πράττουσαν
2510 939 2593 1008 ἐφ’
2622 937 2783 1009 ἡδονῇ
2812 934 2919 988 τῶν
2943 930 3252 1004 προσόντων
3273 928 3432 1000 αὐτῇ.

525 1013 686 1096 νέης.
712 1042 796 1095 to.
837 1060 854 1091 ι
881 1013 1062 1094 Multis
1091 1041 1375 1096 itineribus
1401 1013 1505 1095 illis
1535 1039 1815 1105 laborasti,
1845 1049 1899 1095 et
1924 1055 2028 1094 non

2181 1013 2228 1088 -ι
2259 1035 2372 1097 Τὰς
2401 1029 2686 1092 πολυοδίας
2727 1045 2820 1081 σου
2876 1023 3208 1087 ὲκοπίασας,
3252 1020 3347 1074 καί
3398 1017 3498 1071 οῦκ
3537 1013 3716 1081 εἶπας,

450 1135 658 1198 dixisti,
696 1134 970 1188 Desinam.
1005 1153 1022 1186 ι
1057 1132 1172 1188 Non
1195 1134 1339 1187 enim
1386 1132 1440 1186 in
1477 1148 1580 1186 una
1619 1131 1765 1201 regia
1817 1134 1899 1186 via
1948 1131 2030 1186 in—

2161 1129 2444 1198 Ιαύσομοιι.
2489 1144 2507 1176 ι
2551 1119 2626 1176 Ού
2679 1120 2790 1192 γὰρ
2836 1118 2961 1190 μίαν
3001 1115 3198 1178 ὦδευες
3225 1111 3322 1184 τὴν
3350 1110 3634 1182 βασιλικὴν
3662 1112 3718 1161 6-

450 1227 718 1292 cedebas',
766 1225 860 1279 sed
907 1225 958 1278 in
986 1224 1169 1278 multis
1199 1235 1256 1282 et
1285 1225 1478 1279 deviis.
1526 1244 1543 1274 ‹
1573 1222 1876 1288 lnvaluisti,
1906 1226 2030 1294 quia

2162 1226 2242 1286 ὸν,
2277 1219 2414 1274 ἀλλὰ
2438 1217 2637 1278 πολλὰς
2695 1213 2788 1266 καὶ
2841 1206 3282 1278 πεπλανημένας.
3311 1223 3328 1254 ι
3378 1201 3722 1272 Ἐνίσχυστις⁹

451 1319 566 1372 haec
603 1318 796 1384 egisti;
828 1317 950 1370 ideo
1001 1332 1218 1371 menon
1251 1315 1453 1385 rogasti
1489 1335 1501 1369 :
1544 1335 1562 1368 ι
1622 1317 1713 1371 sed
1744 1315 1895 1385 quasi
1941 1332 2030 1370 ro-

2163 1337 2212 1370 τιτ
2255 1314 2498 1388 ἔπραξας
2557 1309 2760 1364 ταῦτα·
2797 1305 2886 1360 διὰ
2942 1303 3098 1357 τοῦτο
3144 1301 3204 1354 ού
3240 1297 3571 1370 κατεδεήθης
3623 1315 3724 1368 μου

2137 1412 2229 1465 σύ’
2272 1430 2291 1462 ι
2350 1407 2464 1461 ἀλλ’
2522 1404 2710 1472 ὥσπερ
2742 1399 3002 1470 ἰσχύουσα
3043 1399 3138 1450 καὶ
3174 1391 3580 1462 νεανιευομένη,
3611 1389 3726 1460 χεί-

2139 1518 2267 1574 ρονα
2296 1499 2500 1552 τούτων
2535 1493 2781 1567 ἔπραξας
2833 1491 3165 1562 ἐπιμένουσα
3194 1489 3316 1551 ταῖς
3341 1486 3570 1548 οἰκείαις
3601 1485 3728 1538 ἀτο-

2136 1594 2307 1657 πίαις.

452 1411 579 1464 bore
610 1421 665 1463 et
698 1411 980 1475 juventute
1015 1409 1221 1471 valens,
1252 1408 1336 1462 his
1379 1409 1561 1479 pejora
1595 1409 1883 1475 admisisti,
1919 1418 2032 1464 tur-

450 1501 610 1571 pibus
649 1501 816 1570 gestis
839 1500 944 1554 tuis
975 1500 1257 1555 insistens.

522 1676 686 1731 Vens.
747 1677 931 1731 ll-l5.
994 1677 1210 1743 «Quem
1266 1677 1462 1732 timens
1520 1677 1812 1747 perterrita
1854 1685 2033 1730 eszet

2212 1705 2230 1737 ι
2274 1686 2410 1738 Τίνα
2433 1681 2795 1754 εὐλαϐηθεῖσα
2824 1678 3118 1748 ἐφοϐήθης,
3137 1677 3233 1730 καὶ
3279 1675 3491 1744 ἐψεύσω
3520 1691 3610 1744 με,
3635 1672 3731 1725 καὶ

456 1772 678 1824 mentita
731 1785 790 1824 es
823 1771 977 1834 mihi,
1008 1787 1108 1825 nec
1143 1772 1434 1826 meministi
1473 1771 1614 1836 mei,
1664 1785 1764 1824 nec
1813 1769 2034 1839 posuisti

2161 1783 2246 1834 δὺκ
2274 1779 2554 1852 ἐμνήσθης
2587 1751 2716 1848 μου,
2744 1775 2854 1830 οὐδ”
2880 1773 3070 1836 ἔλαϐές
3103 1790 3168 1843 με
3223 1773 3303 1834 εἰς
3338 1769 3436 1840 τὴν
3467 1768 3730 1829 διάνοιαν,

457 1879 540 1917 me
571 1865 621 1917 in
662 1871 842 1917 mente
879 1873 1001 1926 tua,
1049 1879 1148 1918 nec
1197 1864 1252 1917 in
1305 1865 1466 1918 corde
1521 1864 1657 1917 tuo?
1720 1861 1788 1916 Et
1833 1877 1932 1932 ego
1987 1872 2037 1916 te

455 1954 664 2016 videns,
694 1953 954 2023 despicio,
981 1963 1143 2008 etme
1175 1969 1278 2008 non
1318 1955 1564 2009 timuisti.
1613 1953 1679 2008 Et
1715 1970 1816 2024 ego
1839 1969 2040 2010 annun-

459 2045 608 2100 tiabo
633 2043 903 2112 justitiam
940 2057 1186 2103 meamet
1222 2045 1360 2099 mala
1395 2056 1506 2114 tua,
1535 2056 1587 2100 et
1615 2063 1718 2101 non
1745 2049 2038 2116 proderunt

458 2137 574 2190 tibi.
610 2136 742 2192 Cum
774 2137 1130 2200 clamaveris,
1158 2149 1352 2191 eruant
1385 2147 1436 2191 te
1459 2138 1511 2192 in
1558 2138 1902 2195 tribulatione
1925 2149 2036 2194 tua.

461 2229 567 2286 llos
593 2231 792 2298 quippe
824 2235 1015 2285 omnes
1042 2241 1234 2284 ventus
1274 2228 1504 2295 auferet,
1534 2240 1588 2286 et
1630 2241 1917 2300 tempestas
1941 2233 2040 2288 tol-

459 2320 552 2376 let.
578 2320 679 2388 Qui
715 2331 894 2375 autem
926 2322 1203 2376 adhaerent
1228 2320 1360 2375 mihi
1385 2360 1401 2386 ,
1439 2323 1786 2391 possidebunt
1841 2333 2039 2380 terram

458 2423 513 2467 et
534 2413 849 2468 haereditate
876 2414 1142 2480 accipient
1186 2425 1422 2469 montem
1471 2424 1715 2470 sanctum
1767 2431 1968 2472 meum.
2016 2436 2035 2468 ι

461 2503 662 2559 Omnes
711 2506 892 2573 itaque
936 2520 1030 2560 eos
1055 2505 1145 2574 qui
1181 2504 1517 2570 incusantur,
1564 2516 1756 2562 ventus
1803 2507 1950 2562 tollet
1989 2518 2043 2563 et

461 2605 753 2665 tempestas
775 2597 1006 2653 auferet.
1047 2596 1112 2651 Et
1145 2596 1454 2665 hujusmodi
1504 2597 1630 2653 finis
1678 2599 1898 2655 invadet
1949 2615 2044 2656 eos

464 2687 554 2755 qui
589 2687 660 2742 ob
697 2688 953 2755 praedicta
995 2689 1046 2742 in
1075 2689 1284 2745 crimen
1311 2700 1577 2745 vocantur
1616 2707 1751 2748 :eos
1788 2707 1920 2746 vero
1952 2693 2044 2761 qui

463 2768 664 2828 bonam
689 2772 898 2844 elegere
922 2785 1145 2840 sortem,
1178 2790 1263 2830 me
1293 2776 1501 2834 scilicet
1548 2777 1743 2845 Deum,
1783 2794 1846 2836 ac
1870 2781 2044 2836 since-

466 2879 557 2919 ros
579 2864 700 2920 illos
725 2867 974 2921 homines
1007 2869 1100 2937 qui
1134 2883 1270 2938 pure
1309 2870 1441 2925 mihi
1478 2871 1825 2929 adharebant
1847 2913 1864 2940 ,
1905 2888 2045 2930 mer-

462 2971 557 3013 ces
585 2971 704 3012 mea
731 2957 986 3028 excipiet.

541 3049 699 3104 Vitas.
754 3049 842 3104 M.
884 3069 902 3101 ι
927 3050 992 3104 Et
1019 3051 1201 3106 dicent
1234 3069 1248 3106 :
1278 3053 1512 3124 Purgate
1536 3056 1650 3112 vias
1685 3074 1714 3112 a
1742 3059 1880 3116 facie
1908 3063 2043 3133 ejus,

2147 1875 2259 1927 οὐδ’
2295 1875 2372 1936 εἰς
2406 1872 2505 1942 τὴν
2539 1869 2767 1941 καρδίαν
2801 1883 2930 1931 σου;
2964 1867 3072 1919 Kal.
3101 1863 3212 1932 ἐγώ
3238 1879 3295 1914 σε
3326 1860 3447 1914 ἰδὼν
3481 1858 3731 1930 παρορῶ,

2145 1967 2238 2021 καὶ
2258 1966 2358 2036 ἐμὲ
2390 1965 2490 2018 οὐκ
2523 1961 2821 2033 ἐφοϐήθης.
2898 1959 3009 2013 Καὶ
3051 1956 3161 2026 ἐγὼ
3194 1953 3490 2022 ἀπαγγελῶ
3523 1953 3622 2020 τὴν
3655 1951 3734 2003 δι-

2147 2058 2437 2128 καιοσύνην
2487 2074 2590 2127 μου
2633 2055 2727 2109 καὶ
2759 2052 2826 2106 τὰ
2857 2051 3004 2106 κακά
3025 2069 3140 2113 σου,
3174 2049 3269 2102 καί⁸
3310 2048 3410 2100 οὐκ
3460 2045 3737 2116 ὠφελήσει

2147 2171 2226 2206 σε.
2265 2153 2433 2205 Ὅταν
2468 2148 2798 2218 ἀναϐοήσῃς,
2831 2142 3200 2211 ὲξελὲσθωσάν
3246 2158 3305 2194 σε
3339 2141 3397 2192 ὲν
3435 2140 3505 2209 τῇ
3558 2135 3737 2205 θλίψει

2151 2264 2244 2298 σου
2265 2263 2278 2275 σ
2308 2243 2528 2304 τούτους
2557 2240 2665 2310 γὰρ
2692 2239 2899 2300 πάντας
2925 2235 3124 2305 ἄνεμος
3164 2232 3394 2303 λήψεται
3413 2271 3429 2296 ,
3457 2229 3554 2283 καὶ
3578 2227 3736 2282 ἀποί-

2152 2354 2234 2390 σει
2266 2334 2540 2403 καταιγίς.
2573 2335 2638 2386 Ol
2670 2331 2726 2384 δὲ
2750 2327 3102 2400 ἀντεχόμενοί
3136 2343 3237 2395 μου
3291 2325 3583 2394 κτήσονται
3611 2321 3734 2390 γῆν,

2151 2431 2244 2485 καὶ
2276 2427 2744 2500 κληρονομήσουσι
2772 2423 2834 2476 τὸ
2859 2421 2985 2492 ὅρος
3031 2419 3091 2473 τὸ
3122 2417 3274 2486 άγιόν
3297 2433 3423 2487 μου.
3461 2433 3480 2465 ι
3518 2413 3736 2473 Πάντας

2153 2524 2252 2594 μὲν
2275 2518 2367 2576 οὖν
2395 2521 2522 2584 τοὺς
2566 2514 3042 2588 κατηγορηθέντας
3088 2512 3320 2584 λήψεται
3360 2509 3583 2578 ἄνεμος,
3646 2505 3738 2558 καὶ

2150 2619 2366 2672 ἀποίσει
2391 2606 2667 2684 κατοίιγίς.
2699 2612 2809 2666 Καὶ
2839 2609 3052 2664 τοιοῦτο
3083 2608 3235 2672 τέλος
3263 2604 3589 2676 διαλήψεται
3613 2601 3737 2662 τοὺς

2151 2711 2244 2763 ἐπὶ
2267 2711 2379 2772 τοῖς
2405 2707 2719 2779 εἰρημένοις
2744 2703 3133 2772 διαϐληθέντας
3157 2719 3169 2731 ·
3198 2701 3324 2764 τοὺς
3343 2699 3400 2752 δὲ
3438 2697 3538 2767 τὴν
3568 2694 3738 2763 καλὴν

2151 2801 2547 2872 ἐκλεξαμένους
2593 2799 2808 2871 μερίδα,
2836 2796 2941 2867 ἐμὲ
2969 2794 3172 2867 δηλαδὴ
3198 2795 3289 2847 τὸν
3309 2791 3443 2846 Θεὸν
3477 2789 3575 2843 καὶ
3613 2787 3738 2848 τοὺς

2150 2895 2406 2966 γνησίως
2457 2894 2552 2948 καὶ
2584 2889 2842 2962 καθαρῶς
2870 2888 3264 2959 ἀντεχομένους
3287 2925 3302 2951 ,
3335 2887 3370 2955 ή
3423 2884 3555 2954 παρ’
3606 2879 3740 2952 ἐμοῦ

2151 2988 2358 3060 ἀμοιϐὴ
2383 2985 2710 3052 διαδέξεται.

2225 3097 2244 3129 ι
2288 3077 2398 3130 Καὶ
2431 3075 2620 3146 ἐροῦσι
2651 3093 2662 3106 ⁸
2721 3073 3074 3145 Καθαρίσατε
3099 3069 3211 3126 ἀπὸ
3245 3066 3541 3141 προσώπου
3575 3063 3738 3120 αὑτοῦ

467 3148 523 3194 et
547 3139 717 3196 tollite
742 3138 1061 3195 oll‘endicula
1111 3143 1178 3196 de
1218 3144 1306 3198 via
1353 3123 1536 3214 populi
1573 3150 1698 3204 mei.
1727 3169 1744 3201 ι
1785 3123 2044 3224 Natu-qui

2161 3123 2333 3233 55...;
2342 3123 2634 3238 1.52;}.
2665 3123 3119 3236 dsistas.
3141 3161 3261 3216 ὁδοῦ
3289 3123 3393 3215 ’τοῦ
3415 3159 3548 3214 λαοῦ
3584 3176 3738 3230 μου.»

472 3241 618 3285 recte
642 3231 784 3301 apud
834 3231 1002 3287 Deum
1054 3250 1112 3289 se
1155 3237 1314 3304 gerit,
1355 3252 1461 3292 non
1507 3239 1697 3296 salutis
1748 3245 1907 3300 modo
1939 3262 2050 3302 sua:

469 3337 655 3378 ctu-am
681 3325 921 3384 habebit.
974 3327 1066 3382 sed
1094 3331 1258 3383 etiam
1299 3331 1498 3401 populo
1533 3332 1630 3388 Dei
1687 3351 1808 3391 sese
1861 3339 2047 3394 utilem

473 3418 785 3486 praestabit,
837 3422 1159 3490 praecipiens
1213 3422 1287 3477 illi
1345 3432 1404 3477 ut
1459 3425 1602 3479 viam
1641 3427 1861 3498 pietatis
1897 3447 2048 3487 com-

471 3509 696 3577 planet,
751 3521 807 3566 et
862 3511 1222 3580 offendicula,
1274 3517 1322 3570 si
1380 3533 1486 3588 qua
1539 3518 1846 3589 videantur,
1896 3538 2042 3579 amo-

473 3612 618 3656 veat.

543 3695 734 3751 Vsus.“
771 3697 858 3751 15.
898 3716 916 3748 ι
948 3696 1071 3754 llaec
1099 3699 1231 3754 dicit
1263 3701 1596 3770 Altissimus,
1627 3705 1716 3773 qui
1742 3707 1794 3758 in
1823 3707 2053 3762 excelsis

472 3788 686 3842 habitat
716 3789 768 3841 in
799 3792 1076 3854 saxulum,
1111 3791 1342 3848 Sanctus
1375 3794 1426 3847 in
1470 3798 1672 3850 sanctis
1716 3811 1910 3852 nomen
1955 3799 2002 3852 ei
2034 3815 2048 3853 :

475 3880 816 3947 Altissimus,
851 3883 943 3950 qui
980 3883 1032 3936 in
1071 3885 1277 3940 sanctis
1329 3887 1641 3955 requiescit,
1689 3898 1743 3943 et
1774 3871 2052 3959 pusillani-

479 3972 584 4026 mis
617 3973 710 4027 dat
735 3975 1071 4042 patientiam,
1117 3987 1170 4030 et
1196 3979 1292 4031 dat
1317 3978 1482 4032 vitam
1514 3979 1766 4034 contritis
1791 3983 1976 4036 corde.
2028 4002 2046 4032 ι

478 4059 547 4116 lis
571 4063 625 4115 in
655 4064 849 4132 populo
886 4066 975 4134 qui
1004 4067 1202 4136 pietate
1226 4079 1282 4123 et
1313 4071 1505 4124 timore
1528 4072 1618 4126 Dei
1638 4074 1846 4142 praediti
1874 4087 2051 4141 erant,

480 4154 682 4223 quique
709 4169 1054 4222 peccatorum
1089 4161 1464 4227 pmnitentiam
1500 4173 1744 4232 egerant,
1777 4180 1914 4236 quos
1939 4166 2054 4221 haec

481 4246 764 4316 Scriptura
793 4250 1059 4305 contritos
1107 4252 1275 4307 corde
1324 4261 1379 4307 et
1425 4255 1799 4323 pusillanimes
1853 4267 2051 4321 vocat,

481 4338 906 4396 consolationem
943 4341 1117 4396 all‘ert.
1145 4343 1458 4413 Siquidem,
1488 4348 1589 4401 etsi
1617 4350 1772 4418 pauci
1806 4365 2049 4417 numero,

2151 3262 2226 3316 υύ
2255 3261 2363 3332 γὰρ
2402 3261 2570 3332 μόνης
2600 3259 2699 3330 τῆς
2755 3257 3029 3330 σωτηρίας
3064 3255 3323 3326 πρόνοιαν
3379 3252 3668 3322 ποιήσεται
3716 3249 3744 3300 6

2153 3353 2304 3424 παρὰ
2335 3351 2414 3424 τῷ
2444 3349 2565 3422 Θεῷ
2595 3349 2949 3422 κατορθώσας
2971 3389 2986 3414 ,
3036 3347 3150 3401 ἀλλ’
3197 3346 3297 3418 ήδη
3350 3344 3446 3398 καὶ
3501 3343 3584 3413 τῷ
3634 3340 3744 3411 λαῷ

2151 3443 2287 3499 Θεοῦ
2314 3446 2586 3516 χρήσιμον
2620 3442 2811 3496 ἑαυτὸν
2841 3440 3068 3513 παρέξει
3105 3439 3461 3512 προστάττων
3492 3435 3745 3507 ἐξομαλί-

2154 3539 2268 3604 ζειν
2290 3537 2440 3608 αὺτῷ
2468 3537 2568 3609 τὴν
2595 3538 2713 3592 ὁδὸν
2746 3538 2844 3608 τῆς
2871 3535 3201 3600 θεοσεϐείας,
3233 3535 3327 3587 καὶ
3367 3533 3436 3586 τά
3481 3530 3744 3584 δοκοῦντα

2156 3632 2580 3703 προσκόμματα.

2231 3741 2249 3775 ι
2287 3723 2427 3777 Τάδε
2455 3723 2602 3792 λέγει
2642 3725 2671 3776 6
2698 3721 2978 3792 Ὕψιστος,
3032 3721 3062 3773 6
3110 3721 3168 3772 ὲν
3219 3717 3451 3788 ὑψηλοῖς
3477 3713 3748 3770 κατοικῶν

2159 3819 2239 3881 εἰς
2271 3816 2363 3869 τὸν
2380 3815 2572 3879 αἰῶνα,
2596 3817 2785 3883 ’Ἄγιος
2815 3815 2870 3867 έν
2886 3812 3060 3880 ἁγίοις
3079 3811 3249 3880 δνομα
3276 3808 3424 3879 αὐτῷ
3444 3825 3457 3838 ·
3483 3807 3748 3877 ’Ύψιστσς

2155 3914 2212 3964 ὲν
2238 3909 2414 3979 ἁγίοις
2445 3907 2879 3977 ἀναπαυόμενος,
2909 3905 3005 3958 καὶ
3045 3902 3388 3972 ὀλιγοψύχοις
3427 3899 3608 3963 διδοὺς
3643 3916 3747 3970 μα·

2156 4003 2480 4075 κροθυμίαν,
2509 4002 2604 4054 καὶ
2619 4000 2792 4062 διδοὺς
2820 3998 2964 4070 ζωήν
2991 4000 3103 4061 τοῖς
3137 3994 3624 4067 συντετριμμένοις
3651 3994 3750 4062 τὴν

2156 4095 2403 4167 καρδίαν.
2427 4114 2444 4146 ι
2484 4094 2628 4165 Πρὸς
2650 4093 2775 4156 τοὺς
2808 4093 2865 4144 ἐν
2896 4090 2974 4162 τῷ
3016 4089 3131 4160 λαῴ
3173 4087 3420 4150 εὐλαϐεῖς
3462 4085 3558 4139 καὶ
3586 4084 3750 4154 φόϐον

2159 4185 2292 4240 Θεοῦ
2328 4183 2722 4254 κεκτημένους,
2757 4181 2850 4234 καὶ
2882 4179 3280 4252 μετανοοῦντας
3311 4177 3396 4246 ἐφ’
3432 4170 3514 4238 οἷς
3560 4176 3748 4244 ἥμαρ-

2155 4295 2267 4343 τον,
2297 4275 2391 4339 οὒς
2415 4277 2447 4345 ή
2481 4271 2729 4344 παροῦσα
2761 4272 2906 4338 λέξις
2956 4267 3452 4341 συντετριμμένους
3481 4265 3585 4336 τὴν
3611 4282 3748 4335 καρ-

2156 4369 2274 4422 δίαν
2300 4369 2394 4421 καὶ
2426 4363 2779 4434 ὀλιγοψύχους
2809 4363 3086 4435 ὀνομάζει,
3120 4360 3468 4433 παράκλησιν
3510 4358 3611 4411 καὶ
3646 4373 3749 4409 πα-

483 4432 791 4502 hujusmodi
851 4443 1028 4489 tamen
1076 4436 1319 4489 nonnulli
1366 4439 1613 4494 aderant.
1649 4439 1900 4495 Attamen
1952 4444 2046 4496 viri

2161 4458 2433 4532 ραμυθὶαν
2482 4432 2771 4529 προσάγει.
2805 4432 2988 4508 Ἦσαν
3029 4454 3138 4525 γὰρ
3189 4432 3246 4505 ἐν
3292 4451 3497 4513 αὐτοῖς,
3555 4451 3607 4502 εἰ
3655 4447 3748 4501 καὶ

483 4525 594 4580 Deo
617 4525 819 4580 addicti
848 4538 1042 4594 erant;
1092 4543 1197 4582 non
1241 4536 1448 4582 tantum
1482 4533 1778 4600 prophetae,
1837 4536 1931 4590 sed
1962 4538 2051 4592 alii

483 4630 670 4672 eorum
706 4617 1052 4686 imitatores,
1101 4622 1192 4691 qui
1242 4636 1272 4675 a
1332 4623 1613 4693 prophetis
1664 4627 2049 4695 edocebantur,

482 4725 779 4782 eorumque
805 4713 1100 4783 disciplina:
1133 4717 1370 4769 animum
1395 4717 1746 4776 adhibebant.

559 4994 721 5051 Vens.
796 4996 884 5050 16.
971 4996 1136 5052 «Non
1190 4999 1244 5049 in
1291 5007 1609 5068 perpetuum
1655 5012 1750 5052 vos
1805 4997 2053 5065 ulciscar,

483 5103 656 5156 neque
700 5103 916 5158 semper
968 5091 1173 5144 irascar
1223 5091 1395 5145 vobis.
1443 5091 1681 5160 Spiritus
1715 5089 1859 5145 enim
1907 5105 1936 5144 a
1971 5107 2056 5143 me

481 5178 807 5247 egredietur,
835 5189 890 5234 et
921 5179 1106 5236 ﬂatum
1134 5197 1347 5237 omnem
1374 5197 1474 5251 ego
1505 5183 1629 5236 feci.
1662 5201 1682 5235 ι
1728 5181 1864 5236 Nam
1912 5197 2056 5236 cura:

485 5269 614 5323 mihi
641 5282 724 5325 est
751 5272 978 5341 spiritus
1007 5273 1115 5341 ille,
1157 5276 1245 5344 qui
1271 5290 1299 5327 a
1336 5289 1422 5330 me
1454 5273 1728 5344 profectus
1750 5315 1766 5341 ,
1818 5276 1872 5329 in
1903 5275 2055 5329 vobis

485 5361 748 5418 habitavit
777 5381 792 5419 :
825 5368 1266 5436 quandoquidem
1292 5369 1468 5424 omnis
1507 5369 1732 5437 spiritus
1753 5408 1768 5433 ,
1810 5369 1903 5438 qui
1942 5368 2059 5421 lau-

487 5451 618 5510 dare
676 5472 764 5512 me
829 5459 1043 5525 valeat,
1096 5471 1284 5516 auctor
1332 5476 1487 5530 sum,
1537 5461 1834 5517 secundum
1888 5461 2058 5527 illud,

560 5641 674 5710 (41)
709 5642 798 5696 Sic
851 5646 1130 5710 vertimus,
1173 5645 1294 5712 quia
1347 5645 1411 5698 ad
1453 5646 1594 5699 hunc
1638 5646 1857 5698 modum
1895 5645 2063 5697 inter-

2158 4550 2378 4622 βραχεῖς
2410 4550 2505 4602 καὶ
2534 4548 2752 4620 ἀριθμῷ
2770 4545 2984 4619 ληπτοί.
3017 4545 3166 4615 Πλὴν
3190 4545 3339 4615 ὅμως
3368 4537 3510 4613 ἦσαν
3555 4541 3749 4612 ἄνδρες

2153 4639 2504 4710 ἀνακείμενοι
2539 4637 2617 4708 τῷ
2649 4637 2802 4708 Θεῷδ
2832 4637 2932 4706 οὐχ
2972 4637 3023 4688 οἰ
3070 4635 3345 4706 προφῆται
3379 4631 3562 4704 μόνον,
3609 4629 3747 4684 ἀλλά

2155 4733 2250 4785 καὶ
2277 4731 2454 4802 ἕτεροι
2483 4731 2687 4783 τούτων
2719 4729 2978 4799 ζηλωταὶ,
3001 4725 3436 4798 μαθητευόμενοι
3465 4727 3579 4786 τοῖς
3615 4738 3747 4795 προ-

2159 4825 2378 4893 φήταις,
2420 4821 2515 4874 καὶ
2554 4823 2676 4884 ταῖς
2733 4819 3104 4882 διδασκαλίαις
3141 4815 3321 4871 αὐτῶν
3375 4814 3743 4888 προσανέχον-

2155 4931 2266 4977 τες.

2234 5025 2251 5057 ι
2285 5006 2400 5060 Οὐκ
2452 5007 2534 5066 εἰς
2581 5005 2674 5058 τὸν
2731 5004 2904 5059 αἰῶνα
2960 5003 3236 5074 ἐκδικήσω
3281 4997 3446 5073 ὑμᾶς,
3480 4999 3602 5052 οὐδὲ
3653 4997 3742 5052 διὰ

2160 5099 2358 5161 παντὸς
2383 5097 2782 5168 ὀργισθήσομαι
2835 5099 2983 5168 ὑμῖν.
3043 5096 3269 5166 Πνεῦμα
3293 5094 3402 5166 γὰρ
3430 5095 3558 5165 παρ’
3605 5090 3740 5162 ἐμοῦ

2158 5189 2523 5256 ἐξελεύσεται,
2549 5191 2641 5242 καὶ
2666 5189 2836 5260 πνοὴν
2864 5189 3046 5241 πᾶσαν
3083 5186 3194 5256 ἐγὼ
3219 5186 3469 5257 ἐποίησα.
3518 5201 3537 5234 ι
3572 5182 3740 5237 Μέλει

2158 5282 2268 5352 γάρ
2295 5299 2383 5353 μοι
2414 5281 2509 5334 τοῦ
2543 5281 2873 5352 πνεύματος,
2899 5282 3031 5352 ὅπερ
3085 5278 3146 5346 ἐξ
3187 5275 3322 5348 ἐμοῦ
3347 5274 3630 5348 προελθὸν,
3660 5274 3740 5336 εἰς

2161 5376 2304 5445 ὑμᾶς
2354 5373 2709 5444 κατῴκησενο
2772 5372 2961 5443 ἐπειδὴ
3009 5371 3106 5424 καὶ
3163 5369 3393 5441 ποιητὴς
3457 5366 3739 5437 τυγχάνων

2166 5465 2348 5535 πάσης
2393 5467 2563 5535 πνοῆς
2613 5465 2712 5534 τῆς
2759 5462 3065 5533 δυναμένης
3113 5478 3181 5532 με
3224 5461 3414 5524 αἰνεῖν,
3469 5459 3612 5511 κατὰ
3658 5455 3739 5517 τὺ,

2173 5645 2260 5698 hic
2289 5658 2410 5698 esse
2447 5650 2658 5716 videtur
2694 5659 2710 5716 ς
2751 5641 3098 5716 ιΜυΙιοειιυε
3144 5644 3234 5714 qui
3276 5650 3453 5697 tecum
3503 5635 3743 5695 fornica-

486 5721 730 5777 prctatur
763 5714 1045 5770 Eusebius.
1097 5717 1264 5770 Verus
1310 5725 1485 5770 tamen
1534 5716 1691 5786 hujus
1734 5718 1832 5769 loci
1873 5732 2063 5771 sensus
2173 5715 2569 5784 renturprocul
2596 5713 2906 5771 accivisti.»
