3880 6216
266 221 373 276 477

1193 234 1692 296 COMMENTARIA
1734 242 1800 302 IN
1841 245 2356 304 lSAlAM.—CAP.
2397 251 2572 309 LVIII.

3416 270 3520 322 478

267 361 288 393 c
323 343 482 396 Πᾶσα
515 343 651 414 πνοὴ
689 345 957 400 αἰνεσάτω
982 349 1074 402 τὸν
1123 350 1348 421 Κύρων,
1393 375 1412 407 ι
1448 358 1540 410 καὶ
1579 359 1637 411 ὲν
1660 362 1726 430 τῇ
1760 377 1835 413 κο·

1955 382 1979 416 ι
2004 363 2192 421 Omnis
2221 368 2445 437 spiritus
2473 371 2956 429 laudetDnminum
2975 375 3039 442 '°;
3079 369 3225 427 Delin
3243 384 3519 440 creatione

263 435 530 508 σμοποιία
559 436 617 490 δὲ
648 438 1064 511 ἐμφυσήσαντος
1090 441 1186 496 τοῦ
1203 443 1341 498 Θεοῦ
1392 449 1610 518 ἐγένετο
1642 451 1852 524 ἀνθρω-

257 540 365 588 πος
397 527 478 590 εἰς
509 524 690 598 ψυχὴν
721 527 922 593 ζῶσαν.

335 633 358 668 ι
389 617 467 668 Δι’
499 617 774 688 ἁμαρτίαν
805 619 980 692 βραχύ
1007 639 1060 676 τι
1088 624 1334 698 ἐλύπησα
1357 629 1542 697 αὐτὸν,
1577 632 1671 686 καὶ
1718 633 1852 687 ἐπά-

256 707 398 774 ταξα
445 709 628 775 αὐτὸν,
679 710 774 763 καὶ
826 713 1147 786 ἀπέστρεψα
1189 719 1251 772 τὸ
1294 721 1586 792 πρόσωπόν
1622 743 1724 796 μου
1751 727 1849 780 ἀπ’

251 798 448 865 αὐτοῦ,
475 800 570 853 καὶ
617 801 882 875 ἐλυπήθη,
925 808 1019 859 καὶ
1059 809 1329 884 ἐπορεύθη
1385 815 1610 884 στυγνὸς
1641 819 1698 871 ὲν
1729 821 1851 884 ταῖς

195 976 206 981 υ
254 891 403 955 ὁδοῖς
434 891 624 948 αὐτοῦ.
653 894 768 957 Τάς
810 896 965 961 ὀδοὺς
1007 899 1174 954 αὑτοῦ
1206 901 1450 974 ἑώρακα,
1487 907 1581 959 καὶ
1607 907 1847 982 ἰασάμην

250 984 444 1052 αὑτὸν,
474 984 570 1040 καὶ
613 988 961 1058 παρεκάλεσα
990 991 1169 1059 αὑτὸν,
1197 994 1292 1048 καὶ
1347 995 1522 1050 ἔδωκα
1553 999 1702 1071 αύτῷ
1740 1019 1846 1054 πα-

257 1077 526 1148 ράκλησιν
552 1079 833 1153 ἀληθινὴν,
859 1084 1083 1155 εἰρήνην
1109 1086 1197 1138 ἐπ’
1231 1087 1424 1162 εἰρήνῃ
1467 1093 1582 1155 τοῖς
1629 1093 1847 1164 μακρὰν

209 1169 225 1256 ξ
253 1171 353 1225 καὶ
376 1174 492 1236 τοῖς
517 1173 687 1241 ἐγγὺς
713 1169 854 1228 οὖσι.
886 1177 997 1230 Καὶ
1039 1173 1159 1232 εἰπε
1188 1179 1395 1252 Κύριος
1417 1199 1430 1211 ·
1472 1184 1716 1256 ’ἰάσομαι
1743 1189 1844 1240 αὖ-

211 1245 225 1272 ⁸
250 1260 405 1323 τούς.
435 1263 499 1315 Oi
525 1262 582 1316 δὲ
624 1263 799 1319 ἄδικοι
825 1245 1372 1341 κλυδωνισθήσονται,
1405 1275 1499 1330 καὶ
1529 1245 1845 1332 ἀναπαύσα-

251 1352 384 1407 σθαι
405 1355 466 1408 ού
498 1354 840 1428 δυνήσονται.
879 1359 997 1415 Οὐκ
1025 1359 1138 1414 ἔστι
1174 1362 1384 1434 χαίρειν
1411 1367 1525 1430 τοίς
1566 1368 1840 1436 ἀσεϐέσιν,

251 1441 413 1500 εἶπεν
441 1449 472 1501 δ
507 1447 660 1512 Θεός.
700 1467 720 1501 ι
754 1450 818 1502 Εἰ
849 1451 946 1504 καί⁵
978 1452 1116 1524 πρὸς
1149 1453 1358 1526 βραχύν
1390 1475 1510 1512 τινα
1540 1461 1732 1530 καιρὸν
1752 1461 1843 1517 διά

246 1555 407 1602 τινας
451 1537 513 1606 ἐξ
543 1539 894 1612 ἀνθρωπίνης
925 1541 1208 1608 ἀσθενείας
1233 1546 1623 1618 ὲπιγενομένας
1660 1551 1840 1624 ἀμαρο

243 1630 375 1696 τίας
420 1631 670 1704 ἐλύπησα
716 1634 847 1697 τοὺς
875 1635 1268 1705 ἡμαρτηκότας
1309 1639 1403 1693 καὶ
1454 1640 1720 1706 ἐπάταξα,
1749 1638 1840 1701 οἷα

247 1723 436 1796 πατὴρ
459 1725 609 1789 υἱοὺς
637 1725 929 1781 παιδεύων·
971 1747 991 1779 ι
1033 1729 1130 1782 Ὃν
1151 1749 1172 1781 ε
1205 1729 1314 1804 γὰρ
1347 1749 1368 1784 t
1401 1733 1590 1805 ἀγαπᾷ
1625 1734 1798 1808 Κύρίο

247 1814 501 1869 παιδεύει
521 1833 536 1846 ·
570 1821 828 1888 μαστιγοῖ
853 1817 912 1872 δὲ
935 1818 1116 1875 πάντα
1147 1821 1262 1876 υἰὸν
1294 1823 1354 1878 ὃν
1382 1826 1750 1898 παραδέχεται
1767 1845 1782 1859 ο
1817 1847 1835 1880 ι

243 1907 371 1962 ἀλλ’
404 1908 613 1982 ἐπειδὴ,
644 1910 1002 1984 συναίσθησιν
1025 1912 1281 1980 λαϐόντες
1299 1915 1399 1988 τῆς
1417 1918 1558 1990 ὲμῆς
1574 1919 1840 1987 παιδείας,

245 1999 561 2072 ιλυπήθητε
587 2001 690 2074 τὴν
727 2003 867 2058 κατά
920 2003 1056 2060 Θεὸν
1103 2005 1302 2078 λύπην,
1356 2010 1451 2063 καὶ⁸
1509 2012 1842 2085 ὲπορεύθητε

245 2094 475 2162 στυγνοὶ
505 2094 976 2167 μεταμεληθέντες
1000 2114 1012 2127 ·
1043 2097 1234 2152 τούτου
1259 2099 1442 2172 χάριν,
1473 2102 1570 2174 τὴν
1593 2105 1844 2176 ἐπιστρο-

244 2184 356 2256 φὴν
381 2186 480 2240 καὶ
505 2186 606 2258 τὴν
637 2189 925 2260 μετάνοιαν
940 2189 1095 2262 ὑμῶν
1125 2190 1462 2264 θεασάμενος
1488 2196 1581 2249 καὶ
1607 2195 1708 2260 τὰς
1742 2215 1841 2268 με·

242 2272 318 2326 τὰ
345 2273 526 2329 ταῦτα
576 2275 828 2348 πράξεις,
863 2279 960 2333 καὶ
982 2278 1080 2334 τοῦ
1116 2279 1234 2351 βίου
1261 2281 1362 2347 τὰς
1390 2281 1567 2351 ὀδοὺς,
1601 2285 1841 2359 ἰασάμην

243 2363 400 2435 ὑμᾶς
449 2367 545 2420 καὶ
583 2367 938 2440 παρεκάλεσα
987 2371 1112 2436 δοὺς
1146 2374 1498 2445 παράκλησιν
1537 2377 1838 2451 ἀληθινήνο

246 2455 436 2512 πάντα
464 2457 576 2531 γὰρ
608 2460 740 2532 παρ’
771 2461 909 2533 ἐμοῦ
939 2463 1021 2528 εἰς
1051 2465 1180 2529 τοὺς
1207 2466 1378 2538 εμοὺς
1403 2469 1648 2534 οἰκείους
1674 2485 1843 2543 χορη-

245 2547 494 2620 γούμενα
512 2549 747 2622 ἀληθινά
779 2554 1057 2625 τυγχάνει.
1103 2557 1305 2631 Διόπερ
1330 2561 1445 2623 τοῖς
1477 2560 1541 2612 ὲκ
1572 2561 1672 2632 τῆς
1698 2563 1839 2634 ἐμῆς

245 2639 498 2704 παιδείας
521 2643 936 2714 σωφρωισθείσι
969 2646 1316 2719 παράκλησιν
1340 2649 1600 2720 ἀληθινὴν
1631 2651 1838 2706 δέδωκα

245 2729 345 2784 καὶ
372 2731 677 2804 εἰρηνικὴν,
709 2733 808 2804 οὐχ
829 2734 1010 2806 ἁπλῆν
1041 2753 1161 2791 τινα
1189 2739 1285 2795 καὶ
1315 2739 1671 2814 πρόσκαιρον,
1703 2743 1838 2798 ἀλλά

245 2818 860 2896 αλυπλασιαζομένηνο
909 2823 986 2889 ὡς
1024 2827 1120 2880 καὶ
1155 2827 1266 2881 ἀπὸ
1311 2829 1421 2883 τῶν
1471 2831 1641 2900 ἐγγὺς
1692 2831 1836 2904 ἔχειν

241 2909 442 2982 αὐτὴν,
475 2912 570 2966 καὶ
619 2913 732 2968 ἀπὸ
761 2915 873 2970 τῶν
913 2916 1107 2989 πόρρω
1135 2919 1230 2971 καὶ
1264 2920 1480 2992 μακρὰν
1513 2922 1836 2995 ἀπῳκισμέ-

246 3015 385 3063 νοις.

750 3161 1146 3218 ΚΕΦΑΛΑῘΟΝ
1181 3165 1316 3222 NH’.

321 3263 342 3297 ι
385 3246 715 3319 Ἀναὸόησον
742 3253 800 3306 ὲν
820 3253 984 3325 ἰσχύϊ,
1017 3257 1112 3310 καὶ
1147 3257 1223 3327 μὴ
1256 3256 1440 3331 φείσῃ,
1467 3260 1543 3326 ὡς
1568 3260 1827 3330 σάλπιγγι

243 3337 464 3412 ὕψωσαν
487 3339 587 3412 τὴν
622 3348 808 3414 φωνήν
849 3362 966 3412 σου,
996 3347 1091 3401 καὶ
1111 3345 1433 3417 ἀνάγγειλον
1466 3350 1544 3422 τῷ
1571 3351 1686 3424 λαῷ
1725 3371 1826 3425 μου

241 3429 314 3483 τὰ
344 3431 722 3504 ἁμαρτήματα
741 3434 943 3502 αὐτῶν,
977 3437 1071 3492 καὶ¹
1090 3437 1168 3509 τῷ
1200 3439 1335 3510 οἴκῳ
1365 3441 1561 3495 Ἰακὼὸ
1589 3441 1686 3506 τὰς
1714 3443 1830 3496 ἀνο-

244 3521 380 3593 μίας
405 3523 604 3580 αὐτῶν.
641 3545 659 3577 ι
694 3528 820 3592 Τοῖς
845 3529 946 3600 μὲν
976 3525 1071 3584 οὖν
1100 3532 1510 3601 εὐαγγελισταῖς
1535 3535 1628 3589 τοῦ
1656 3552 1831 3607 σωτη-

242 3615 366 3688 ρίου
395 3615 554 3685 λόγου
579 3618 670 3672 διά
692 3619 801 3675 τῶν
854 3621 1164 3695 ἔμπροσθεν
1208 3625 1454 3694 ἐλέγετο·
1493 3645 1511 3679 ι
1555 3628 1674 3682 Ἐπ’
1705 3627 1831 3700 ὅρος

241 3708 449 3780 ὑψηλὸν
497 3711 752 3783 ἀνάϐηθι,
809 3716 839 3768 ὁ
893 3716 1380 3788 εὐαγγελιζόμενος
1442 3720 1826 3793 Ἰερουσαλήμ·

241 3799 524 3870 ύψὼσατε,
563 3801 639 3874 μὴ
678 3804 930 3872 φοϐεῖσθε
954 3823 968 3836 ·
1010 3827 1029 3860 θ
1064 3807 1296 3862 ἐνταῦθα
1330 3809 1387 3862 δὲ
1443 3810 1543 3864 οὐκ
1590 3811 1678 3865 ἐπ’
1706 3811 1833 3878 ὅρος

241 3891 450 3976 ὑψηλὸν
479 3893 789 3950 ἀναϐαίνειν
820 3899 848 3952 ὁ
869 3900 1154 3970 προφήτης
1185 3899 1469 3956 κελεύεται
1489 3919 1506 3935 ο
1553 3903 1674 3956 οὐδὲ
1723 3903 1834 3976 γὰρ

238 3975 386 4052 ἦσαν
441 3983 500 4036 ὲν
546 3983 690 4053 ὕψει,
720 3981 801 4048 οἷς
832 3985 1004 4040 ταῦτα
1058 3991 1389 4060 προεφώνειο
1437 3991 1497 4044 τὸ
1543 3975 1830 4063 διαϐοῆσαι

243 4075 408 4147 μόνον
435 4077 495 4129 ὲν
527 4076 671 4147 ἰσχύϊ
703 4080 798 4132 καὶ
836 4078 910 4150 μὴ
944 4077 1358 4149 φείσασθαι,οἷα
1384 4085 1464 4146 εἰς
1491 4076 1606 4137 ὦτα
1636 4084 1833 4152 κωφῶν

241 4167 510 4222 λαλοῦντα
537 4170 955 4240 προστάττεται,
980 4172 1074 4226 καὶ⁵
1105 4172 1260 4242 δίκην
1291 4173 1590 4244 σάλπιγγος
1619 4175 1832 4246 ὑψῶσαι

241 4261 348 4331 τὴν
385 4261 592 4330 φωνήν.
642 4261 887 4330 Σάλπιγξ
922 4262 979 4316 δὲ
1023 4264 1258 4336 πολέμου
1313 4269 1538 4336 σημεῖον
1565 4283 1578 4298 ⁸
1627 4267 1709 4321 διὸ
1759 4269 1834 4332 ὡς

241 4351 386 4422 πρὸς
415 4351 673 4422 πολέμιον
703 4351 792 4405 τὸν
815 4352 987 4424 ἀσεϐῆ
1012 4354 1105 4407 καὶ
1135 4355 1456 4427 ἁμαρτωλὸν
1479 4359 1546 4428 τῇ
1575 4356 1670 4428 βοῇ
1700 4357 1834 4428 χρή-

1952 458 2158 523 mundi,
2186 457 2496 519 insumante
2525 465 2652 532 Deo,
2682 465 2854 522 factus
2872 478 2956 524 est
2995 472 3156 526 homo
3189 475 3243 528 in
3273 477 3512 534 animam

1947 548 2236 607 viventem.

2023 645 2186 703 Vens.
2284 647 2470 704 i7-2l.
2547 670 2565 703 ι
2603 651 2830 716 Propter
2893 669 3173 725 peccatum
3242 663 3518 731 paululum

1949 741 2268 796 contristavi
2297 759 2445 808 eum,
2472 756 2524 798 et
2547 749 2791 816 percussi
2823 765 2979 815 eum,
3029 762 3082 807 et
3123 755 3294 809 averti
3323 755 3520 810 faciem

1948 845 2125 887 meam
2175 835 2244 890 ab
2293 851 2382 905 eo,
2437 847 2493 892 et
2544 844 2897 898 contristatus
2947 854 3050 912 est,
3108 857 3164 902 et
3224 849 3521 904 ambulavit

1949 927 2123 982 tristis
2158 929 2210 983 iu
2240 930 2344 986 viis
2377 933 2510 987 suis.
2540 931 2672 990 Vias
2699 935 2820 1007 ejus
2835 939 2973 1006 vidi,
3025 949 3081 994 et
3127 942 3312 997 sauavi
3367 957 3517 1009 eum,

1946 1027 2002 1072 et
2027 1022 2332 1079 consolatus
2359 1041 2476 1081 sum
2520 1041 2640 1082 cum
2669 1069 2684 1095 ,
2740 1040 2795 1084 et
2831 1031 2953 1085 dedi
2991 1033 3041 1089 ei
3092 1035 3518 1090 consolationem

1947 1126 2155 1181 veram,
2193 1131 2378 1186 pacem
2431 1135 2595 1190 super
2636 1137 2820 1190 pacem
2867 1124 2933 1180 iis
2977 1125 3069 1195 qui
3103 1126 3260 1198 longe
3325 1137 3380 1183 et
3422 1127 3517 1197 qui

1946 1217 2114 1276 prope
2137 1219 2283 1264 sunt.
2346 1209 2411 1264 Et
2464 1213 2604 1268 dixit
2637 1213 2894 1272 Dominus
2927 1236 2940 1272 :
2979 1217 3198 1275 Sanabo
3246 1235 3345 1276 eos
3376 1237 3391 1273 :
3421 1221 3516 1290 qui

1946 1308 2126 1353 autem
2176 1301 2344 1370 iniqui
2395 1316 2522 1360 sunt
2578 1306 2936 1374 ﬂuctuabunt,
2992 1320 3048 1367 et
3101 1329 3208 1368 non
3261 1321 3518 1382 poterunt

1945 1391 2246 1458 quiescere.
2279 1395 2394 1451 Non
2442 1407 2526 1454 est
2577 1403 2829 1471 gaudium
2871 1404 3070 1475 impiis,
3106 1405 3242 1460 dixit
3291 1407 3453 1463 Deus.
3489 1424 3512 1460 ι

1942 1479 2168 1540 Etiamsi
2199 1487 2268 1542 ad
2294 1489 2460 1547 breve
2492 1495 2758 1561 quoddam
2795 1505 3028 1566 tempus,
3062 1499 3132 1554 ob
3169 1499 3417 1569 quaedam
3449 1508 3518 1554 ex

1942 1571 2180 1636 humana
2243 1581 2560 1643 inﬁrmitate
2617 1590 2860 1660 profecta
2913 1601 3177 1660 peccata,
3225 1601 3516 1663 peccantes

1939 1669 2161 1728 tristitia
2207 1673 2479 1733 aﬂ'eccrim
2504 1689 2559 1736 et
2585 1685 2942 1751 percusserim
2965 1724 2980 1747 ,
3013 1685 3167 1754 quasi
3198 1695 3350 1754 pater
3377 1684 3517 1738 filios

1799 1753 1846 1803 ς’
1877 1741 1925 1802 Β
1952 1767 2252 1836 corripiens
2280 1787 2296 1824 :
2322 1785 2469 1837 nam,
2508 1791 2526 1825 ι
2551 1741 2719 1840 Quem
2747 1774 2919 1845 diligit
2955 1741 3231 1841 Dominus,
3263 1778 3512 1846 castigat;

1944 1857 2180 1934 ﬂagellat
2204 1872 2384 1918 autem
2415 1879 2630 1921 omnem
2667 1866 2834 1922 filium
2858 1917 2876 1944 ,
2894 1881 3057 1937 quem
3079 1870 3309 1944 suscipit
3334 1869 3394 1939 “;
3420 1889 3440 1923 ι
3459 1876 3516 1922 at

1943 1952 2069 2021 quia
2099 1952 2151 2009 in
2199 1956 2572 2028 castigationis
2619 1973 2755 2014 mete
2805 1974 3024 2014 sensum
3060 1961 3360 2027 venientes,
3413 1959 3513 2027 illi,

1943 2057 2063 2111 quae
2093 2049 2388 2103 secundum
2428 2049 2594 2105 Deum
2631 2060 2714 2106 est
2738 2090 2754 2117 ,
2791 2052 3026 2108 tristitiae
3071 2068 3168 2108 vos
3207 2053 3512 2117 dedidistis,

1943 2152 2007 2191 ac
2036 2139 2351 2206 paenitentia
2384 2141 2528 2196 ducti
2564 2158 2686 2197 cum
2715 2155 2950 2198 maerore
2989 2142 3349 2209 ambulastis;
3384 2143 3508 2198 ideo

1943 2233 2352 2288 conversionem
2379 2243 2429 2288 et
2453 2235 2831 2304 paenitentiam
2864 2244 3097 2290 vestram
3147 2235 3512 2305 conspicatus,

1942 2337 2152 2379 necnon
2181 2325 2479 2396 posteriora
2509 2334 2662 2398 gesta
2712 2335 2890 2380 vestra
2925 2365 2941 2392 ,
2978 2335 3034 2381 et
3063 2325 3178 2379 vias
3206 2326 3331 2379 vitae
3374 2339 3514 2394 quas

1941 2417 2165 2482 iniistis,
2215 2434 2310 2474 vos
2346 2418 2532 2474 sanavi
2560 2427 2616 2472 et
2644 2416 2956 2473 consolatus
3002 2431 3119 2471 sum
3157 2429 3284 2470 vera
3327 2417 3514 2485 utique

1942 2508 2362 2565 consolatione:
2402 2509 2605 2564 etenim
2687 2507 2869 2563 omnia
2924 2523 2954 2562 a
3021 2522 3108 2564 me
3160 2505 3514 2562 familiaribus

1937 2614 2194 2657 concessa
2229 2601 2366 2656 meis
2389 2615 2515 2657 vera
2536 2607 2685 2657 sunt.
2712 2599 3081 2667 Quamobrem
3131 2598 3232 2664 iis,
3279 2598 3372 2668 qui
3417 2613 3514 2668 per

1938 2692 2348 2764 castigationem
2415 2708 2592 2747 meam
2645 2693 3030 2762 resipuerunt,
3085 2691 3512 2748 consolationem

1938 2783 2059 2838 dedi
2087 2799 2273 2838 veram
2292 2792 2347 2840 et
2372 2792 2620 2854 pacatam
2645 2824 2662 2851 ,
2690 2799 2797 2840 non
2823 2795 3006 2840 autem
3023 2783 3295 2856 vulgarem
3323 2799 3517 2856 quam-

1938 2874 2061 2929 dam
2101 2884 2155 2929 et
2184 2877 2595 2945 temporariam,
2637 2876 2730 2933 sed
2766 2875 3287 2932 abundantissimam
3313 2894 3329 2946 ;
3355 2878 3426 2931 ita
3456 2887 3514 2931 ut

1937 2979 2138 3026 etcum
2169 2972 2415 3042 proxime
2443 2971 2656 3044 positis,
2689 2980 2745 3028 et
2775 2986 2898 3028 cum
2939 2970 3132 3042 procul
3163 2972 3391 3033 remotis
3422 2971 3514 3029 illa

1936 3061 2206 3122 fruantur.

2505 3159 2734 3216 CAPUT
2775 3161 2956 3222 LVlll‘.

2004 3248 2165 3305 Vens.
2210 3251 2262 3307 1.
2305 3270 2324 3305 ι
2352 3249 2536 3306 Clama
2565 3267 2689 3308 cum
2719 3251 3058 3320 fortitudine.
3089 3267 3266 3324 neque
3296 3267 3528 3323 parcas,‘

1931 3343 2087 3412 quasi
2124 3345 2249 3398 tuba
2281 3343 2468 3399 attolle
2494 3360 2682 3400 vocem
2708 3354 2880 3412 tuam,
2908 3356 2963 3402 et
2995 3345 3265 3400 annuntia
3312 3342 3530 3414 popuio.

1929 3449 2052 3493 meo
2089 3447 2315 3507 peccata
2361 3451 2574 3504 eorum,
2619 3447 2677 3492 et
2731 3437 2916 3494 domui
2973 3436 3142 3493 Jacob
3198 3437 3514 3507 iniquitates

1931 3543 2178 3584 eorum.»
2210 3528 2468 3600 Superius
2499 3530 2716 3598 quidem
2765 3529 3020 3585 salutaris
3059 3531 3207 3585 verbi
3249 3529 3511 3600 praedica-

1932 3622 2141 3677 toribus
2163 3623 2478 3678 dicebatur:
2508 3641 2526 3673 ι
2554 3620 2731 3692 Super
2754 3630 2992 3675 montem
3022 3621 3292 3676 excelsum
3319 3635 3510 3674 ascen-

1933 3715 2001 3771 de
2051 3716 2142 3785 qui
2189 3715 2529 3786 evangelizas
2567 3713 2916 3770 Jerusalem:
2953 3713 3190 3768 exaltate
3238 3722 3291 3768 et
3343 3713 3518 3767 nolite.

1935 3807 2128 3864 timere
2161 3826 2174 3861 :
2212 3825 2230 3859 ι
2275 3807 2364 3862 hic
2406 3821 2542 3863 vero
2582 3821 2690 3862 non
2741 3821 2905 3876 supra
2962 3818 3199 3861 montem
3233 3805 3518 3860 excelsum.

1934 3902 2231 3957 ascendere
2251 3899 2472 3968 jubetur
2503 3899 2767 3969 propheta
2799 3917 2812 3954 :
2850 3911 3028 3968 neque
3066 3897 3213 3952 enim
3244 3897 3300 3952 in
3343 3911 3509 3951 cacu-

1936 3995 2082 4051 mine
2101 3993 2263 4064 positi
2287 4001 2445 4047 erant
2466 3993 2524 4058 ii,
2555 3991 2753 4061 quibus
2793 3991 2910 4046 haec
2949 3989 3380 4060 praenuntiabat:
3413 3990 3520 4046 sed

1933 4097 2143 4142 tantum
2172 4097 2230 4140 ut
2271 4100 2393 4140 cum
2422 4083 2745 4140 fortitudine
2773 4084 3008 4152 clamet,
3042 4091 3098 4140 et
3147 4099 3216 4139 ne
3271 4091 3466 4154 parcat
3488 4123 3519 4149 ,η

1935 4187 2120 4249 utpote
2149 4178 2242 4248 qui
2276 4177 2344 4233 ad
2369 4192 2530 4233 aures
2557 4178 2844 4233 surdorum
2869 4176 3141 4248 loquatur,
3175 4177 3506 4247 praecipitur,

1935 4279 1988 4326 et
2013 4281 2070 4325 ut
2099 4271 2274 4325 instar
2311 4270 2451 4324 tubae
2469 4269 2694 4325 extollat
2719 4285 2925 4325 vocem.
2953 4267 3102 4325 Tuba
3126 4285 3253 4324 vero
3275 4268 3510 4323 militare

1935 4363 2144 4431 signum
2201 4373 2286 4417 est
2317 4377 2522 4431 :quare
2575 4363 2836 4418 adversus
2873 4361 3098 4430 impium
3147 4371 3202 4416 et
3252 4369 3507 4430 peccato-

242 4441 442 4495 σασθαι
480 4441 712 4506 κελεύει,
746 4442 826 4507 ὡς
879 4444 945 4498 ἂν
994 4445 1291 4517 καθάψοιτο
1322 4447 1422 4517 τῆς
1473 4448 1582 4502 τῶν
1619 4448 1833 4502 ἀκουόν-

1942 4469 2071 4517 rem,
2105 4463 2165 4508 ut
2188 4464 2377 4510 contra
2408 4454 2707 4522 inimicum,
2739 4454 2981 4508 clamore
3008 4452 3084 4506 uti
3111 4451 3286 4519 jubet,
3315 4451 3405 4519 qui
3439 4451 3518 4504 ad.

238 4549 352 4586 των
379 4533 635 4599 διανοίας,
669 4537 763 4589 καὶ
793 4534 1028 4607 τρώσειν
1079 4539 1248 4610 αὐτὴν
1280 4538 1358 4610 τῷ
1391 4539 1829 4609 πληκτικωτάτῳ

237 4623 406 4695 λόγῳ·

287 4755 334 4789 ⁵(
377 4737 512 4808 Ἐμὲ
554 4738 766 4812 ⁴ἡμέραν
820 4738 880 4806 ἐξ
930 4739 1142 4811 ἡμέρας
1190 4739 1433 4810 ζητοῦσι,
1481 4742 1576 4796 καὶ
1619 4741 1824 4810 γνῶναί

244 4846 351 4899 μου
376 4830 479 4896 τὰς
505 4831 659 4894 ὁδοὺς
691 4830 1040 4902 ἐπιθυμοῦσι,
1085 4830 1161 4895 ὡς
1190 4830 1317 4896 λαὸς
1347 4832 1692 4904 δικαιοσύνην
1739 4851 1830 4886 πε-

241 4922 509 4992 ποιηκὼς,
537 4923 632 4977 καὶ
663 4924 845 4994 κρίσιν
872 4922 1007 4976 Θεοῦ
1031 4923 1196 4977 αὐτοῦ
1233 4924 1308 4996 μὴ
1337 4925 1825 4992 ὲγκαταλελοιπώς.

241 5011 463 5065 Αἰτοῦσί
513 5028 582 5082 με
629 5010 724 5065 νῦν
779 5013 958 5084 κρίσιν
1007 5012 1246 5078 δικαίαν,
1285 5015 1380 5068 καὶ
1429 5013 1667 5084 ὲγγίξειν
1710 5015 1830 5086 Θεῷ

239 5102 596 5174 ἐπιθυμοῦσι.
641 5122 659 5155 ι
690 5104 784 5167 Εἰς
814 5104 1139 5176 κατάκρισιν
1187 5105 1316 5160 λαὸν
1356 5106 1523 5160 αὑτοῦ
1544 5106 1827 5177 ὀνομάζων

238 5193 335 5250 τὸν
370 5193 716 5264 ἁμαρτωλὸν,
750 5194 811 5248 ὃν
841 5195 951 5264 ἐγὼ
985 5195 1109 5267 μὲν,
1158 5196 1342 5268 φησὶν,
1378 5197 1825 5268 εἰσεποιησάμην,

241 5285 339 5339 καὶ
364 5285 425 5340 ὃν
450 5285 766 5357 κατηξίωσα
796 5286 922 5340 λαὸν
948 5288 1080 5358 ὲμὸν
1111 5286 1470 5360 χρηματίζειν
1488 5306 1502 5319 ο
1532 5289 1582 5342 οἱ
1605 5288 1662 5342 δὲ
1692 5287 1828 5359 ἐμά-

241 5393 446 5448 κρυνον
485 5377 714 5442 ἑαυτοὺς
742 5378 898 5448 ἐμοῦ,
934 5381 1054 5443 ταῖς
1081 5379 1288 5434 ἑαυτῶν
1323 5379 1529 5435 ἔκδοτοι
1558 5381 1833 5454 δεδομένοι

242 5485 488 5532 κακίαις.

323 5668 363 5698 ⁸⁸
399 5667 794 5734 l‘salui.c1.,(i.
880 5671 914 5701 ”
967 5671 1126 5725 Hebr.
1180 5688 1274 5738 xu,
1308 5673 1360 5732 6.

1937 4545 2246 4599 auditorum
2292 4555 2527 4602 mentem
2570 4548 2864 4618 pertingat,
2918 4544 3202 4614 ipsamque
3260 4543 3312 4598 vi
3359 4545 3519 4598 vocis.

1935 4637 2092 4692 feriat
2117 4647 2171 4694 et
2199 4639 2460 4694 vulneret.

2005 4732 2168 4788 Vens.
2215 4732 2272 4786 2.
2331 4751 2350 4784 ι
2379 4733 2463 4788 Me
2494 4736 2563 4788 de
2585 4734 2671 4789 die
2699 4735 2754 4787 in
2780 4733 2920 4787 diem
2965 4741 3215 4802 quaerunt
3235 4771 3248 4794 ,
3280 4740 3336 4786 et
3364 4731 3506 4786 scire

1931 4823 2048 4877 vias
2074 4839 2227 4880 meas
2251 4826 2496 4895 cupiunt,
2537 4835 2793 4895 tanquam
2833 4824 3084 4894 populus,
3115 4825 3206 4892 qui
3233 4823 3501 4894 justitiam

1934 4913 2145 4980 fecerit.
2175 4925 2230 4971 et
2251 4915 2512 4983 judicium
2542 4919 2634 4972 Dei
2662 4919 2742 4972 sui
2771 4933 2876 4974 non
2917 4917 3288 4987 dereliqucrit.
3311 4915 3506 4970 Petunt

1931 5024 1960 5062 a
1993 5024 2081 5065 me
2112 5025 2255 5066 nunc
2281 5011 2538 5080 iudicium
2561 5010 2792 5080 justum,
2837 5021 2892 5066 et
2925 5011 3359 5080 apprOpinquare
3396 5009 3509 5062 De)

1930 5100 2176 5170 cupiunt.
2212 5121 2232 5154 ι
2287 5100 2551 5173 Populum
2591 5119 2750 5159 suum
2794 5106 2862 5158 ad
2901 5103 3069 5173 ipsius
3095 5103 3503 5159 condemnatio-

1929 5208 2053 5248 nem
2123 5205 2464 5264 peccatorem
2520 5205 3032 5266 nuncupatzquem
3083 5210 3226 5266 ego,
3285 5195 3500 5263 inquit,

1929 5302 2106 5342 meum
2130 5288 2375 5359 ascripsi,
2405 5298 2459 5344 ct
2494 5304 2657 5358 quem
2699 5289 2952 5360 populum
2974 5304 3168 5344 vocare
3193 5302 3371 5342 meum
3393 5303 3498 5340 non

1930 5379 2251 5449 dedignatus
2278 5395 2400 5436 sum
2435 5397 2449 5436 :
2484 5381 2559 5436 illi
2591 5397 2723 5437 vero
2753 5381 2971 5438 malitia:
2997 5397 3110 5437 sua:
3143 5381 3310 5438 dediti
3330 5420 3349 5448 ,
3381 5393 3508 5439 svie-

1928 5488 1960 5527 a
1991 5487 2076 5528 me
2097 5473 2288 5545 procul
2327 5483 2693 5532 removerunt.
