3880 6216
378 279 479 337 I79

1053 273 1326 331 EUSEBII
1363 273 1844 332 CAESARIENSIS
1881 275 2028 333 OPP.
2072 275 2250 334 PARS
2289 276 2374 332 Ill.
2416 308 2483 317 —
2519 275 2933 333 EXEGETICA.

3534 281 3638 336 480

448 397 612 454 Vens.
643 395 696 449 '5.
739 415 760 448 ε
790 394 1072 450 Dicentes:
1106 395 1286 462 Quare
1308 397 1678 466 jejunavimus
1698 440 1713 464 ,
1761 409 1816 456 et
1846 416 1950 454 non

2133 419 2151 450 ι
2186 400 2468 468 Λέγοντες’
2505 400 2570 452 Τί
2612 400 2695 452 ὅτι
2740 398 3163 470 ὲνηστεύσαμεν,
3204 399 3300 452 καὶ
3331 399 3432 454 οὐκ
3463 395 3638 468 εἷδεςς

377 490 597 544 vidisti?
622 487 1024 543 bumiliavimus
1054 489 1262 543 animas
1285 499 1519 558 nostras,
1544 502 1597 546 et
1626 509 1733 547 non
1756 508 1958 561 cogno-

375 582 540 637 visti?
571 600 590 632 ι
625 579 762 646 Quia
807 579 931 634 talia
967 580 1310 650 impudenter
1335 583 1486 638 eﬂ'ari
1522 586 1743 651 audent,
1765 602 1955 655 magna

378 684 455 740 ιιι,
483 673 552 728 mi
577 673 862 742 propheta,
891 688 1024 728 voce
1053 682 1228 737 utens.
1257 677 1526 742 responde
1553 677 1682 743 illis,
1717 690 1772 732 et
1797 694 1957 732 coar-

376 782 478 836 gue
532 781 648 830 eos,
684 767 828 836 quod
878 765 1140 835 judicium
1197 784 1374 823 meum
1432 770 1850 840 dereliquerint,
1901 781 1958 826 et

374 858 522 927 quod
553 859 735 913 omnia
787 873 909 928 quae
951 859 1259 929 proferunt,
1310 877 1419 916 non
1482 863 1696 920 sincere
1747 864 1953 918 dicant.

381 971 400 1002 ι
432 951 484 1004 In
530 951 721 1006 diebus
747 953 896 1006 enim
931 952 1266 1023 jejuniorum
1326 962 1633 1009 vestrorum
1698 956 1958 1011 invenitis

375 1045 686 1100 voluntates
721 1057 953 1111 vestras,
1001 1057 1058 1101 et
1091 1062 1282 1102 omnes
1307 1047 1549 1103 subditos
1580 1059 1795 1105 vestros
1822 1047 1957 1102 allii-

376 1137 568 1205 gitis.)
616 1137 674 1192 Si
717 1153 848 1209 ergo
899 1139 967 1195 de
1018 1139 1108 1195 tali
1156 1141 1364 1210 jejunio
1412 1140 1738 1212 gloriantur,
1801 1141 1958 1211 longe

375 1230 739 1298 praestabilius
773 1233 905 1301 ipsis
939 1243 1078 1300 erat,
1111 1246 1170 1288 ut
1197 1234 1371 1304 epulis
1414 1243 1718 1299 vacarent,
1764 1243 1820 1289 et
1868 1249 1955 1287 res

375 1323 686 1391 hnjusmodi
744 1341 852 1379 non
901 1327 1342 1395 aggrederentur.
1397 1325 1736 1395 Quapropter
1800 1323 1955 1378 initio

373 1416 670 1484 prophetia:
694 1417 898 1472 dictum
924 1428 1009 1473 est
1040 1418 1144 1473 illis
1174 1438 1187 1474 :
1216 1437 1238 1472 ι
1270 1418 1544 1489 Jejunium
1597 1426 1653 1472 et
1693 1417 1956 1471 cessatio-

375 1522 498 1560 nem
527 1518 581 1561 et
601 1507 974 1564 solemnitates
1009 1519 1221 1565 vestras
1248 1512 1362 1565 odit
1383 1511 1562 1564 anima
1600 1525 1740 1565 mea.
1767 1529 1786 1561 ι
1819 1507 1952 1577 Nam

369 1597 556 1665 jejunii
590 1598 780 1664 otium,
813 1615 918 1654 non
946 1601 998 1655 in
1033 1603 1368 1670 pmnitentia:
1407 1602 1753 1658 occasionem
1784 1602 1952 1656 verti-

379 1691 447 1744 tis
472 1730 487 1754 ,
520 1692 614 1746 sed
651 1691 743 1746 illo
774 1693 843 1748 ad
871 1694 1051 1750 debita
1080 1697 1347 1766 exigenda
1397 1705 1451 1752 et
1505 1696 1797 1766 repetenda
1847 1696 1954 1750 uti-

375 1798 532 1839 mnu.

445 1877 608 1933 Vens.
669 1879 722 1934 4,
773 1881 876 1935 «Si
916 1881 984 1935 ad
1031 1880 1153 1937 lites
1207 1891 1259 1936 et
1298 1898 1507 1954 pugnas
1551 1882 1845 1953 jejunatis,
1899 1889 1955 1936 et

371 1973 565 2038 pugnis
597 1974 882 2042 percutitis
909 1974 1187 2040 humilem,
1211 1978 1275 2030 ad
1307 1976 1435 2045 quid
1469 1977 1600 2030 mihi
1623 1974 1946 2043 jejunatis?»

378 2060 600 2119 Videtur
628 2065 746 2132 ipso
771 2081 988 2136 quoque
1027 2069 1326 2137 prophetia:
1377 2078 1618 2138 tempore
1661 2068 1765 2121 tale
1796 2067 1954 2136 quid—

373 2155 520 2223 piam
585 2157 787 2212 factum
835 2174 958 2215 esse
988 2177 1002 2214 :
1037 2162 1090 2215 id
1141 2163 1342 2232 quippe
1383 2177 1563 2217 sermo
1611 2161 1950 2216 subindicat:

381 2265 401 2297 α
434 2246 501 2302 Ut
529 2249 690 2306 hodie
732 2253 984 2307 audiatur
1013 2252 1065 2308 in
1095 2253 1334 2310 clamore
1368 2270 1471 2309 vox
1499 2267 1700 2310 vestra.
1736 2273 1756 2306 ι

449 2341 609 2397 Vens.
667 2343 720 2397 5.
776 2343 934 2400 «Non
993 2361 1094 2417 ego
1149 2347 1417 2416 jejunium
1487 2350 1630 2404 istud
1681 2349 1844 2420 elegi,
1901 2359 1956 2406 et

369 2431 534 2498 diem,
574 2442 632 2486 ut
686 2434 936 2491 humiliet
980 2439 1142 2494 homo
1188 2442 1428 2495 animam
1493 2457 1674 2497 suam.
1733 2442 1850 2497 Non
1909 2444 1954 2499 si

368 2523 744 2581 incurvaveris
780 2529 936 2598 quasi
971 2531 1237 2586 circulum
1270 2535 1468 2589 collum
1519 2545 1694 2602 tuum,
1743 2545 1801 2589 et
1846 2535 1958 2589 cili-

367 2615 514 2670 cium
549 2625 604 2672 et
643 2617 884 2675 cinerem
911 2622 1276 2681 substraveris
1308 2644 1322 2678 :
1355 2641 1532 2696 neque
1575 2628 1657 2683 sie
1689 2627 1956 2683 vocabitis

363 2705 630 2778 jejunium
682 2713 1038 2783 acceptabile.
1074 2735 1094 2768 ›
1143 2715 1297 2782 Quod
1337 2719 1382 2772 si
1407 2718 1532 2788 quis
1558 2717 1689 2772 velit
1723 2719 1941 2773 modum

367 2802 482 2855 veri
517 2802 758 2874 mihique
790 2806 1008 2874 probati
1055 2808 1250 2878 jejunii
1300 2811 1568 2876 ediscere,
1616 2811 1733 2867 haec
1792 2822 1952 2881 agat:

366 2893 450 2948 Ad
476 2894 717 2950 laetitiam
747 2898 954 2953 vultum
990 2912 1303 2972 componat,
1338 2913 1393 2958 et
1422 2904 1542 2958 oleo
1585 2914 1749 2972 caput
1795 2904 1956 2958 iuun-

368 2999 503 3056 gens
525 2988 826 3042 secundum
863 2989 1104 3047 salutare
1139 3003 1491 3064 praeceptum,
1517 2995 1782 3064 jejunium
1815 2995 1951 3050 clam

367 3078 642 3144 observet,
673 3088 728 3134 et
755 3080 854 3136 soli
882 3081 1027 3138 Patri
1072 3086 1286 3140 occulta
1331 3088 1536 3143 videnti
1593 3087 1952 3143 humilitatem

2061 493 2511 564 ὲταπεινώσαμεν
2561 493 2660 556 τὰς
2699 492 2876 563 ψυχὰς
2908 493 3084 563 ἡμῶν,
3112 491 3208 546 καὶ
3244 493 3344 546 οὐκ
3377 493 3579 562 ἔγνως;
3614 511 3636 546 a

2073 587 2294 658 Ἐπειδὴ
2343 587 2567 640 τοιαῦτα
2618 586 2796 655 λέγειν
2837 586 3068 649 ἀναιδῶς
3117 586 3382 658 τολμῶσι,
3428 587 3642 660 μεγάλῃ

2063 678 2159 750 βοῇ
2181 679 2525 749 χρησάμενος
2542 680 2606 731 σὺ
2624 678 2795 748 ὁὲμὸς
2807 681 3112 749 προφήτης,
3128 679 3420 750 ἀπόκριναι
3433 679 3641 746 αὐτοῖς,

2059 771 2154 823 καὶ
2179 771 2472 840 ἀπέλεγχε,
2504 772 2651 833 ὅπως
2679 769 2818 841 ἐμὴν
2859 770 3039 841 κρίσιν
3069 769 3511 835 καταλελοίπασι,
3545 770 3644 824 καὶ

2058 863 2219 916 πάνθ’
2268 864 2370 917 ὅσα
2422 866 2742 934 φάσκουσιν,
2787 863 2888 916 οὐκ
2937 863 3152 934 ἀληθῶς
3183 862 3640 916 διαϐεϐαιοῦνται.

2065 972 2084 1004 ι
2126 955 2214 1006 Ἐν
2252 953 2362 1024 γάρ
2403 957 2520 1019 ταῖς
2552 954 2788 1025 ἡμέραις
2838 953 2946 1006 τῶν
2987 952 3248 1024 νηστειῶν
3291 953 3443 1025 ὑμῶν
3493 953 3643 1026 εὑρί-

2064 1063 2223 1098 σκετε
2253 1046 2322 1100 τὰ
2359 1046 2640 1116 θελήματα
2674 1045 2849 1115 ὑμῶν,
2880 1046 2975 1098 καὶ
3004 1047 3212 1109 πάντας
3255 1046 3380 1109 τοὺς
3417 1047 3640 1117 ὑποχει-

2065 1137 2212 1208 ρίους
2239 1137 2393 1207 ὑμῶν
2416 1136 2770 1190 ὑπονύσσετε.
2797 1156 2816 1187 ι
2845 1137 2908 1190 Εἰ
2927 1137 3105 1190 τοίνυν
3135 1137 3227 1190 ἐπὶ
3271 1135 3498 1208 τοιαύτῃ
3549 1153 3642 1189 σε-

2064 1229 2354 1301 μνύνονται
2386 1230 2632 1301 νηστείᾳ,
2672 1230 2807 1283 πολὺ
2843 1232 3088 1301 κρεῖττον
3120 1225 3189 1300 ἦν
3234 1231 3418 1293 αὐτοῖς
3463 1233 3641 1300 τροφῇ

2063 1320 2366 1391 σχολάζειν,
2402 1322 2496 1374 καὶ
2530 1323 2605 1394 μὴ
2631 1321 2852 1375 τοιαῦτα
2904 1322 3124 1392 τολμᾷν.
3170 1322 3269 1375 Διά
3303 1321 3477 1375 ταῦτα
3509 1320 3644 1390 γοῦν

2058 1416 2179 1468 κατ’
2213 1414 2390 1486 ἀρχῆς
2436 1414 2536 1484 τῆς
2591 1415 2930 1487 προφητείας
2967 1415 3103 1485 πρὸς
3163 1415 3360 1478 αὐτοὺς
3389 1413 3639 1484 ἐλέγετο·

2062 1527 2082 1559 ‹
2119 1507 2392 1576 Νηστείαν
2426 1507 2522 1561 καὶ
2559 1507 2779 1576 ἀργίαν,
2821 1506 3040 1570 καὶτὰς
3074 1506 3268 1578 ἑορτὰς
3297 1505 3450 1577 ὑμῶν
3497 1508 3651 1576 μισεῖ

2057 1602 2090 1669 ἡ
2119 1599 2267 1670 ψυχή
2302 1615 2426 1669 μου.
2473 1618 2491 1651 ι
2539 1600 2651 1670 Τὴν
2699 1597 2809 1670 γὰρ
2851 1597 2952 1668 τῆς
3000 1597 3253 1667 νηστείας
3302 1595 3496 1666 σχολὴν
3542 1597 3650 1649 οὐκ

2063 1689 2317 1761 ἀφορμὴν
2352 1688 2594 1742 ποιεῖσθε
2632 1688 2991 1760 μεταμελείας
3012 1705 3024 1718 ·
3058 1686 3197 1741 ἀλλά
3210 1686 3414 1758 ταύτην
3439 1689 3520 1750 είς
3545 1686 3651 1759 τὴν

2065 1783 2175 1836 τῶν
2212 1783 2536 1852 ὀφειλόντων
2571 1781 2856 1854 εἴσπραξιν
2883 1780 3223 1835 ἀναλίσκετε.

2141 1894 2159 1926 ι
2189 1875 2251 1928 Ei
2280 1876 2358 1937 εἰς
2393 1875 2604 1945 κρίσεις
2635 1875 2728 1927 καὶ
2750 1873 2928 1945 μάχας
2956 1873 3265 1945 νηστεύετε,
3293 1873 3386 1926 καὶ
3413 1872 3652 1928 τύπτετε

2059 1969 2304 2036 πυγμαῖς
2347 1966 2624 2030 ταπεινὸν,
2679 1967 2765 2019 ἵνα
2801 1967 2854 2020 τί
2906 1984 2996 2038 μοι
3032 1967 3357 2038 νηστεύετε;
3401 1988 3420 2020 ι
3457 1969 3649 2024 Ἐοικε

2058 2063 2152 2116 καὶ
2180 2063 2301 2115 κατ’
2343 2061 2506 2114 αὐτὸν
2545 2061 2636 2115 τὸν
2681 2061 2783 2130 τῆς
2818 2062 3153 2132 προφητείας
3193 2061 3387 2131 καιρὸν
3435 2061 3653 2116 τοιοῦτό

2057 2173 2108 2207 τι
2142 2154 2467 2224 γεγενῆσθαι
2489 2170 2503 2184 ·
2545 2153 2705 2206 τοῦτο
2735 2153 2843 2225 γὰρ
2873 2154 3168 2208 αἰνίττεται
3194 2155 3224 2208 ὁ
3258 2153 3415 2222 λόγος
3437 2172 3452 2183 ο
3495 2173 3513 2205 ι
3555 2154 3652 2218 Ὠς

2060 2245 2298 2315 σήμερον
2338 2243 2672 2313 ἀκουσθῆναι
2692 2245 2750 2296 ὲν
2778 2246 2994 2315 κραυγῇ
3024 2244 3123 2314 τὴν
3157 2243 3342 2314 φωνὴν
3363 2243 3536 2314 ὑμῶν.

2135 2356 2152 2388 ι
2182 2337 2256 2389 Οὐ
2289 2335 2494 2407 ταύτην
2517 2337 2615 2407 τὴν
2638 2337 2891 2406 νηστείαν
2924 2335 3276 2406 ἐξελεξάμην,
3308 2336 3403 2389 καὶ
3431 2335 3652 2407 ἡμέραν

2055 2428 2346 2483 ταπεινοῦν
2379 2429 2667 2499 ἄνθρωπον
2699 2428 2798 2499 τὴν
2823 2428 3001 2499 ψυχὴν
3031 2428 3218 2482 αὑτοῦ.
3251 2428 3371 2482 Οὐδ’
3408 2429 3475 2482 ἂν
3497 2429 3650 2499 κάμ-

2055 2520 2164 2594 ψῃς
2213 2520 2289 2584 ὡς
2320 2520 2510 2592 κρίκον
2541 2521 2634 2573 τὸν
2666 2520 2936 2592 τράχηλόν
2978 2538 3094 2585 σου,
3152 2522 3247 2574 καὶ
3287 2522 3490 2576 σάκκον
3550 2523 3653 2576 καὶ

2059 2616 2252 2668 σπόδον
2310 2613 2661 2686 ὑποστρὼσῃ,
2717 2614 2825 2667 οὐδ’
2873 2613 3018 2668 οὕτω
3065 2614 3328 2668 καλέσετε
3388 2615 3652 2686 νηστείαν

2055 2709 2271 2779 δεκτήν.
2315 2727 2334 2759 ι
2386 2707 2450 2760 Εἰ
2500 2707 2557 2760 δὲ
2597 2707 2663 2779 δὴ
2695 2707 2867 2761 ἐθέλοι
2921 2724 3005 2770 τις
3043 2707 3244 2779 τρόπον
3281 2707 3516 2778 ἀληθοῦς
3548 2708 3652 2760 καὶ

2056 2798 2180 2868 ἐμοὶ
2217 2798 2295 2870 τῷ
2339 2797 2459 2868 Θεῷ
2506 2798 2747 2869 ἀρεστῆς
2777 2799 3031 2870 νηστείας
3053 2798 3420 2864 διδάσκεσθαι,
3470 2798 3653 2852 ταῦτα

2056 2893 2342 2963 πραττέτω
2363 2909 2377 2922 ο
2417 2891 2645 2963 Φαιδρὸν
2697 2891 2759 2944 τὸ
2813 2891 3104 2963 πρόσωπον
3142 2892 3515 2960 καταστήσας,
3549 2893 3654 2945 καὶ

2053 2987 2152 3060 τὴν
2183 2987 2423 3059 κεφαλὴν
2475 2985 2702 3056 ἀλείψας
2735 2983 2900 3055 ὲλαίῳ
2925 2983 3069 3038 κατά
3108 2982 3208 3055 τὴν
3242 2986 3506 3055 σωτήριον
3541 3001 3654 3036 πα-

2060 3081 2399 3155 ρακέλευσιν,
2429 3080 2528 3150 τὴν
2561 3079 2659 3149 μὲν
2684 3077 2938 3150 νηστείαν
2972 3079 3031 3131 ὲν
3061 3075 3141 3148 τῷ
3172 3076 3397 3148 κρυπτῷ
3438 3074 3651 3143 φυλατ-

369 3170 562 3224 anima:
585 3172 834 3227 ostendat
866 3192 880 3229 :
911 3176 964 3229 in
1004 3176 1220 3246 publico
1251 3187 1436 3234 autem
1468 3181 1748 3249 operibus,
1783 3182 1950 3251 pieta-

2067 3171 2216 3236 τέτω,
2249 3169 2448 3242 καὶτῷ
2496 3170 2673 3242 Πατρ)⁵
2703 3167 2782 3240 τῷ
2836 3167 3087 3239 βλέποντι
3117 3167 3186 3222 τὰ
3232 3167 3451 3240 κρυπτά
3497 3167 3653 3239 μόνῳ

371 3264 440 3316 tis
499 3262 708 3319 fructus
755 3267 1065 3324 videntibus
1113 3272 1370 3328 omnibus
1435 3273 1736 3342 exhibeat,
1789 3289 1952 3330 omne

369 3357 646 3412 vinculum
677 3359 982 3430 iniquitatis
1007 3363 1285 3422 solvendo.
1311 3365 1493 3432 Quare
1520 3367 1598 3421 ait
1631 3383 1645 3420 :

2056 3263 2155 3335 τὴν
2179 3263 2509 3317 ταπείνωσιν
2541 3263 2640 3332 τῆς
2663 3260 2842 3332 ψυχῆς
2877 3260 3140 3316 δεικνύτω
3166 3278 3178 3291 ·
3219 3263 3300 3324 είς
3344 3262 3401 3315 δὲ
3440 3260 3501 3313 τὸ
3539 3276 3653 3328 φα-

2059 3358 2216 3429 νερὸν
2243 3356 2310 3410 δι’
2337 3356 2513 3426 ἔργων
2540 3355 2668 3417 τοὺς
2696 3354 2946 3423 καρποὺς
2969 3353 3069 3425 τῆς
3099 3351 3242 3406 κατὰ
3281 3351 3456 3422 ψυχὴν
3485 3350 3656 3403 εύλα-

369 3447 526 3513 σείας
553 3455 665 3515 τοῖς
691 3456 858 3507 πᾶσιν
891 3454 1058 3527 ὁρῶσι
1085 3458 1389 3529 παρεχέτω,
1427 3459 1516 3513 διὰ
1535 3460 1630 3514 τοῦ
1662 3460 1809 3514 λύειν
1838 3461 2019 3514 πάντα
2044 3453 2340 3522 σύνδεσμον
2364 3449 2598 3510 ἀδικίας.
2630 3447 2722 3499 Διό
2750 3463 2913 3516 φησιν
2931 3462 2946 3475 ο

445 3540 603 3596 Vens.
640 3541 693 3597 6.
731 3561 749 3593 ‹
779 3543 895 3598 Νοιι
941 3545 1047 3600 tale
1086 3545 1352 3614 judicium
1384 3547 1544 3618 elegi,
1582 3550 1712 3604 dicit
1763 3551 1947 3605 Domi-

366 3649 470 3688 nus
509 3653 522 3688 :
558 3635 650 3688 sed
677 3635 825 3690 solve
852 3651 1068 3692 omnem
1097 3654 1294 3694 nexum
1327 3640 1668 3710 iniquitatis;
1715 3642 1951 3700 dissolve

365 3725 725 3794 obligationes
751 3729 1115 3786 violentarum
1139 3734 1486 3799 cantionum;
1513 3733 1725 3790 dimitte
1747 3735 1950 3793 fractos

365 3817 422 3871 in
469 3821 873 3886 remissionem;
921 3832 978 3878 et
1018 3839 1235 3879 omnem
1291 3829 1658 3897 syngrapham
1705 3829 1946 3899 iniquam

367 3915 567 3976 lacera,
595 3931 613 3963 ι
660 3913 861 3967 dictum
890 3914 1022 3970 illud
1051 3915 1360 3973 Servatoris
1406 3935 1572 3990 opere
1600 3923 1941 3991 ιρετίίοἰθηεε

372 4024 392 4055 ε
425 4003 480 4057 Si
513 4003 674 4059 oﬂ‘ers
705 4021 899 4061 munus
928 4016 1076 4061 tuum
1102 4009 1168 4063 ad
1192 4009 1390 4075 altare,
1445 4022 1500 4066 et
1529 4012 1604 4067 ibi
1630 4014 1946 4070 recordatus

368 4095 558 4160 fueris,
593 4099 716 4167 quia
747 4099 916 4154 frater
947 4109 1070 4156 tuus
1105 4102 1272 4158 habet
1312 4103 1514 4174 aliquid
1541 4107 1830 4160 adversum
1861 4115 1942 4173 te;

368 4191 615 4259 relinque
639 4191 709 4244 ibi
741 4207 936 4248 munus
975 4202 1160 4260 tuum,
1207 4205 1263 4250 et
1300 4199 1436 4249 vade
1471 4197 1646 4264 prius,
1697 4198 1937 4253 reconci-

363 4281 502 4338 liare
566 4283 722 4338 fratri
774 4295 866 4340 tuo
908 4303 924 4342 :
976 4296 1032 4340 et
1097 4297 1227 4343 tunc
1278 4289 1509 4343 veniens
1563 4287 1699 4344 oll'er
1752 4305 1948 4345 munus

364 4385 517 4430 tuum
549 4377 614 4432 ¹².
646 4397 665 4430 ι

435 4466 605 4524 Vens.
657 4471 712 4526 7.
773 4471 1037 4544 «Frange
1085 4474 1351 4528 esurienti
1403 4488 1600 4541 panem
1659 4483 1843 4540 tuum,
1893 4483 1950 4530 et

362 4575 632 4632 pauperes
664 4572 810 4619 tecto
843 4576 1092 4621 carentes
1126 4566 1290 4620 induc
1321 4567 1372 4620 in
1415 4567 1634 4620 domum
1665 4576 1833 4622 tuam.
1861 4609 1864 4613 .
1892 4565 1949 4621 Si

363 4655 566 4709 videris
597 4658 820 4722 nudum,
857 4668 997 4727 tege,
1027 4669 1082 4714 et
1118 4659 1452 4714 domesticos
1479 4659 1705 4714 seminis
1750 4660 1825 4713 tui
1882 4674 1949 4713 ne

360 4746 698 4816 despexeris.
732 4769 751 4802 ι
790 4749 907 4804 Νοη
949 4752 1092 4805 enim
1117 4753 1314 4806 desunt
1369 4753 1512 4820 apud
1556 4751 1805 4806 homines
1854 4751 1946 4820 qui

360 4837 480 4891 cibo
515 4847 712 4904 egeant
749 4863 760 4895 :
794 4849 958 4910 atque
1005 4841 1085 4896 sic
1112 4843 1208 4896 tibi
1267 4843 1595 4896 abstinentia
1640 4857 1745 4896 non
1795 4843 1947 4896 lucro

359 4929 466 4982 erit
501 4949 514 4983 :
547 4932 643 4986 sed
683 4931 788 4988 alio
825 4935 985 4988 modo
1009 4935 1246 4989 animam
1291 4946 1434 4989 tuam
1463 4936 1606 5001 ales,
1643 4949 1766 4988 cum
1805 4949 1946 5004 pane

365 5029 452 5076 tuo
485 5022 724 5091 indigum
767 5032 821 5078 et
867 5025 975 5078 cibi
1012 5027 1240 5094 penuria
1273 5025 1607 5080 laborantem
1650 5025 1944 5081 recreabis.

436 5204 600 5259 Vens.
633 5207 686 5270 8,
731 5205 784 5261 9.
839 5223 858 5258 ι
887 5205 1039 5260 Tunc
1097 5213 1348 5275 erumpet
1389 5202 1716 5258 matutinum
1766 5201 1947 5256 lumen

363 5305 544 5363 tuum,
573 5307 628 5352 et
657 5299 976 5353 sanationes
1017 5308 1122 5353 tua:
1169 5299 1279 5353 cito
1317 5298 1566 5353 orientur
1604 5310 1619 5348 :
1655 5305 1710 5350 et
1739 5293 1950 5364 praeibit

363 5399 492 5438 ante
537 5396 588 5441 te
617 5388 832 5458 justitia
863 5399 975 5454 tua,
1025 5397 1081 5443 et
1113 5388 1284 5458 gloria
1339 5387 1436 5442 Dei
1469 5385 1832 5442 circumdabit
1875 5391 1944 5439 te.

365 5474 519 5530 Tunc
571 5479 851 5545 clamabis,
895 5487 952 5536 et
1005 5479 1147 5534 Deus
1193 5482 1450 5538 exaudiet
1509 5490 1564 5537 te
1606 5497 1619 5534 :
1657 5479 1833 5535 adhuc
1898 5485 1951 5531 te

367 5565 629 5638 loquente
661 5571 825 5634 dicet,
861 5570 1002 5628 Ecce
1038 5572 1247 5629 adsum.
1277 5592 1295 5625 ι

449 5703 493 5736 ιι
524 5703 720 5760 Matth.
762 5721 816 5776 ν,
847 5707 918 5762 23

2147 3562 2165 3595 ι
2194 3541 2332 3610 Οὐχὶ
2372 3539 2626 3608 τοιαύτην
2666 3535 2922 3608 νηστείαν
2953 3533 3303 3605 ἐξελεξάμην,
3349 3531 3494 3600 λέγει
3529 3532 3617 3584 Κύ

2063 3651 2213 3709 ριος·
2250 3632 2384 3686 ἀλλά
2436 3630 2529 3682 λύε
2579 3629 2758 3684 πάντα
2826 3627 3124 3697 σύνδεσμον
3174 3624 3417 3687 ἀδικίας·
3458 3623 3655 3678 διάλυε

2061 3724 2428 3799 στραγγαλιάς
2453 3721 2639 3794 βιαίων
2687 3718 3150 3788 συναλλαγμάτων
3173 3733 3186 3746 ⁸
3224 3714 3522 3769 ἀπόστελλε
3549 3731 3650 3767 τε-

2057 3814 2425 3889 θραυσμένους
2461 3815 2519 3867 ὲν
2546 3811 2770 3881 ἀφέσει·
2819 3810 2912 3863 καὶ
2959 3810 3138 3861 πᾶσαν
3171 3807 3492 3878 συγγραφὴν
3531 3805 3656 3860 ἀδι-

2057 3928 2151 3963 κον
2172 3910 2400 3962 διάσπαο
2437 3926 2456 3958 ›
2485 3905 2617 3960 αὐτὸ
2640 3905 2704 3976 δὴ
2735 3903 2798 3956 τὸ
2817 3901 3138 3972 λελεγμένον
3182 3900 3287 3954 ὑπὸ
3316 3899 3412 3952 τοῦ
3462 3899 3657 3972 Σωτῆ-

2061 4019 2152 4073 ρος
2204 4000 2350 4071 ἔργῳ
2384 3997 2630 4070 πληρῶν,
2671 3997 2756 4050 τό·
2798 4015 2815 4047 ‹
2850 3997 2974 4049 Ἐὰν
3017 3993 3335 4066 προσφέρῃς
3363 3993 3425 4046 τὸ
3466 3991 3651 4062 δῶρόν

2058 4112 2174 4157 σου,
2203 4095 2362 4146 κάκεῖ
2387 4090 2652 4162 μνησθῇς,
2687 4090 2770 4142 ὃτι
2811 4088 2922 4159 ἔχει
2951 4090 2980 4142 ό
3013 4087 3237 4156 ἀδελφός
3267 4085 3359 4138 σού
3409 4103 3463 4137 τι
3498 4085 3655 4140 κατὰ

2060 4187 2156 4239 σοῦ
2178 4203 2192 4217 ·
2230 4187 2365 4254 ἄφες
2413 4187 2530 4238 ἐκεῖ
2557 4184 2619 4236 τὸ
2651 4183 2822 4253 δῶρόν
2854 4199 2968 4247 σου,
3021 4181 3115 4235 καὶ
3171 4179 3349 4247 ὕπαγε
3401 4177 3650 4250 πρῶτον,

2054 4278 2369 4349 διαλλάγηθι
2394 4276 2477 4348 τῷ
2497 4275 2711 4347 ἀδελφῷ
2733 4293 2826 4328 σου
2847 4292 2860 4305 ⁸
2892 4276 2987 4328 καὶ
3011 4275 3132 4327 τότε
3163 4271 3333 4326 ἐλθὼν
3363 4273 3652 4344 πρόσφερε

2058 4371 2119 4422 τὸ
2152 4369 2324 4442 δῶρόν
2352 4386 2466 4422 σου.
2501 4388 2519 4420 ι

2135 4480 2153 4512 ‹
2185 4461 2491 4531 Διάθρυπτε
2527 4459 2785 4514 πεινῶντι
2811 4457 2902 4511 τὸν
2931 4457 3096 4531 ἄρτον
3126 4475 3240 4522 σου,
3264 4456 3358 4510 καὶ
3391 4457 3654 4526 πτωχοὺς

2059 4553 2322 4621 ἀστέγους
2360 4552 2549 4621 εἴσαγε
2571 4553 2651 4615 εἰς
2672 4551 2763 4605 τὸν
2783 4547 2932 4606 οἶκόν
2962 4567 3077 4602 σου.
3114 4549 3238 4602 Ἐὰν
3268 4549 3384 4620 ἴδῃς
3415 4549 3654 4618 γυμνὸν,

2061 4645 2342 4714 περίϐαλε,
2375 4646 2470 4698 καὶ
2493 4644 2602 4698 ἀπὸ
2634 4644 2742 4697 τῶν
2783 4643 3000 4696 οἰκείων
3037 4641 3134 4695 τοῦ
3183 4639 3499 4712 σπέρματός
3549 4655 3651 4690 σου

2060 4739 2156 4808 οὐχ
2180 4739 2462 4810 ὑπερόψει.
2502 4759 2520 4792 ι
2559 4739 2634 4792 Ού
2660 4736 2769 4809 γὰρ
2816 4737 3096 4789 λείπουσιν
3127 4735 3186 4786 ὲν
3234 4729 3546 4802 ἀνθρώποις
3590 4731 3650 4783 οἱ

2058 4834 2263 4904 τροφῆς
2287 4832 2485 4895 ἐνδεεῖς
2509 4849 2522 4861 ·
2558 4833 2653 4885 καὶ
2683 4830 2826 4884 οὕτω
2871 4829 2981 4900 γάρ
3023 4845 3104 4880 σοι
3147 4827 3373 4897 γένηται
3405 4825 3465 4877 ού
3502 4823 3650 4896 πρὸς

2057 4924 2282 4995 κέρδους
2327 4927 2360 4995 ὴ
2408 4924 2611 4988 ἀσιτία,
2643 4923 2758 4977 ἀλλ’
2816 4922 2985 4992 ἑτέρῳ
3026 4920 3214 4992 τρόπῳ
3242 4919 3496 4989 τραφήσῃ
3542 4915 3652 4988 τὴν

2054 5016 2232 5087 ψυχὴν
2259 5015 2338 5088 τῷ
2365 5015 2560 5070 σαυτοῦ
2604 5016 2754 5086 ἀρτῳ
2776 5013 2866 5067 τὸν
2899 5011 3052 5082 ἐνδεῆ
3084 5012 3177 5065 καὶ
3201 5009 3410 5082 τροφῆς
3450 5007 3648 5079 δεόμε-

2058 5126 2147 5165 νον
2175 5108 2578 5180 ἀνακτώμενος.

2132 5219 2151 5252 ‹
2186 5201 2319 5254 Τότε
2353 5203 2649 5272 ῥαγήσεται
2669 5197 2918 5271 πρώῖμον
2950 5197 3010 5250 τὸ
3033 5195 3149 5266 φῶς
3180 5211 3294 5257 σου,
3331 5193 3423 5246 καὶ
3448 5189 3518 5244 τά
3557 5189 3646 5244 id-

2061 5296 2209 5368 ματά
2244 5313 2338 5349 σου
2365 5298 2500 5367 ταχὺ
2531 5295 2779 5349 ἀνατελεί
2803 5311 2817 5324 ⁸
2847 5293 2941 5347 καὶ
2979 5288 3418 5361 προπορεύσεται
3438 5288 3645 5358 ἔμπρο-

2061 5389 2186 5442 σθέν
2230 5405 2324 5441 σου
2380 5390 2414 5460 ἡ
2460 5388 2774 5459 δικαιοσύνη
2826 5403 2940 5452 σου,
2988 5385 3083 5439 καὶ
3132 5386 3165 5455 ἡ
3212 5382 3339 5449 δόξα
3367 5379 3462 5433 τοῦ
3496 5379 3638 5432 Θεου

2061 5485 2370 5555 περιστελεί
2404 5500 2482 5536 σε.
2516 5483 2648 5536 Τότε
2684 5481 2876 5554 βοήσῃ,
2903 5480 2998 5534 καὶ
3033 5482 3062 5534 ὁ
3107 5479 3239 5540 Θεὸς
3258 5475 3641 5530 είσακούσεταὲ

2063 5591 2179 5629 σου·
2209 5575 2287 5631 ἔτι
2317 5574 2602 5638 λαλοῦντός
2636 5593 2728 5629 σου
2763 5576 2905 5646 ὲρεῖ·
2956 5572 3085 5627 Ἰδοὺ
3109 5571 3361 5642 πάρειμι.
3396 5587 3416 5620 ι
