3880 6216
210 351 301 412 131

1119 350 1618 409 COMMENTARIA
1657 351 1725 408 IN
1763 349 2018 407 ISAIAM.
2058 383 2128 393 —
2163 349 2316 407 CAP.
2357 348 2542 405 LVIII.

3352 347 3453 406 482

284 492 307 527 ι
344 473 473 529 Ἐὰν
489 473 696 546 ἀφέλῃς
724 474 833 528 ἀπὸ
863 471 957 527 σοῦ
985 472 1302 546 σύνδεσμον,
1319 475 1415 529 καὶ
1428 474 1779 547 χειροτονίαν,

1961 492 1979 525 ι
2008 471 2067 528 Si
2097 470 2385 528 abstuleris
2414 485 2444 524 ιι
2470 479 2522 525 te
2551 482 2770 534 nexum,
2798 476 2853 523 et
2889 481 3147 522 manuum
3181 467 3460 523 extensio-

204 565 304 621 καὶ
329 566 482 638 ῥῆμα
530 565 868 637 γογγυσμοῦ.
907 585 925 618 ι
963 567 1021 619 '0
1065 567 1175 639 γὰρ
1195 566 1305 621 τῶν
1327 566 1462 621 ὅλων
1493 567 1626 634 Θεὸς
1658 569 1784 632 τοὺς

207 658 308 730 μὲν
327 657 581 729 εὐπορεῖν
611 657 818 727 τροφῆς
849 657 944 710 καὶ
989 656 1308 728 χρημάτων,
1337 657 1465 721 τοὺς
1495 657 1551 711 δέ
1586 657 1784 722 ἐνδεεῖς

203 748 302 802 καὶ
329 747 568 818 πένητας
593 748 936 818 ὑπεστήσατο
971 749 1051 811 εἰς
1099 746 1329 818 δοκιμὴν
1352 747 1659 820 ἑκατέρων·
1716 749 1783 803 ἵν’

202 839 255 893 οἰ
282 839 383 911 μὲν
413 837 585 909 ἔχοιεν
618 838 826 909 καρπὸν
857 838 956 907 τῆς
990 837 1195 891 ἑαυτῶν
1243 837 1503 907 εὐπορίας
1556 837 1645 891 διὰ
1685 839 1785 908 τῆς

203 933 286 993 εἰς
314 931 445 994 τοὺς
471 930 671 993 ἐνδεεῖς
703 929 983 1001 παροχῆς·
1036 932 1085 983 οἱ
1116 929 1174 983 δὲ
1218 927 1682 1000 ἐγγυμναζόμενοι
1715 932 1780 1000 τῇ

204 1021 371 1093 πενία
393 1021 519 1086 ,ἀντὶ
546 1021 901 1091 πολυκάρπου
929 1019 1112 1093 χώρας
1131 1021 1231 1092 τὴν
1265 1020 1372 1074 ἀπὸ
1396 1020 1504 1074 τῶν
1538 1020 1783 1091 εὐπόρων

200 1113 281 1168 διε
291 1113 538 1167 ποιοῦντι)
576 1112 857 1185 χορηγίαν.

278 1314 300 1348 ι
339 1297 449 1350 Ka‘t
470 1295 577 1366 δῷς
602 1295 856 1349 πεινῶντι
893 1295 983 1349 τὸν
1026 1296 1191 1369 ἄρτον
1228 1295 1293 1347 ἐκ
1321 1292 1501 1364 ψυχῆς
1546 1309 1660 1355 σου,
1688 1291 1783 1345 καὶ

204 1388 382 1459 ψυχὴν
417 1386 893 1457 τεταπεινωμένην
941 1385 1253 1458 ἐμπλήσῃςο
1286 1384 1406 1437 τότε
1440 1383 1686 1437 ἀνατελεῖ
1726 1384 1783 1435 ἐν

201 1478 282 1551 τῷ
316 1481 500 1533 σκότει
530 1479 590 1532 τὸ
612 1478 726 1548 φῶς
752 1496 866 1540 σου,
891 1478 987 1531 καὶ
1016 1477 1076 1530 τὸ
1114 1477 1304 1540 σκότος
1338 1493 1430 1529 σου
1459 1475 1535 1538 ὡς
1570 1491 1783 1546 μεσημ-

200 1572 337 1644 σρία
394 1591 413 1622 ι
446 1571 700 1627 Μάλιστα
736 1571 834 1642 μὲν
850 1571 958 1641 γὰρ
981 1568 1048 1623 τὰ
1079 1569 1272 1641 πρῶτα
1297 1571 1409 1632 τοῖς
1447 1569 1580 1621 πᾶσι
1602 1567 1783 1638 δεήσει

202 1664 481 1716 κοινωνεῖν
514 1661 791 1730 ἀφθόνωςο
827 1661 896 1715 τά
920 1661 977 1714 δὲ
1013 1659 1267 1730 ἐξαίρετα
1297 1661 1410 1722 τοῖς
1437 1657 1656 1720 οἰκείοις
1686 1657 1785 1726 τῆς

202 1755 442 1819 πίστεως
458 1740 780 1824 ἀπονέμειν.
800 1753 970 1806 Τοῦτο
1004 1752 1112 1824 γὰρ
1141 1752 1235 1805 καὶ
1257 1753 1290 1822 ἡ
1318 1749 1646 1821 ἀποστολικὴ
1670 1750 1784 1803 διά-

204 1847 359 1915 ταξις
416 1818 880 1918 παρεκελεύσατο,
920 1818 1142 1915 φήσασα
1191 1818 1400 1907 δεξιοὺς
1457 1838 1595 1894 εἶναι
1636 1818 1784 1908 πρὸς
1816 1818 1857 1873 Β

202 1941 434 2003 πάντας.

282 2050 302 2080 ι
337 2028 450 2082 Καὶ
476 2027 629 2082 ἔσται
648 2028 677 2081 ὁ
701 2027 834 2091 Θεός
869 2044 962 2080 σου
1001 2024 1138 2097 μετὰ
1165 2023 1258 2077 σοῦ
1279 2021 1367 2075 διὰ
1401 2022 1602 2085 παντός
1622 2037 1636 2052 °
1690 2020 1787 2074 καὶ

203 2120 571 2195 ἐμπλησθήσῃ
599 2119 850 2191 καθάπερ
889 2119 1143 2188 ἐπιθυμεῖ
1180 2118 1213 2187 ἡ
1255 2116 1400 2188 ψυχή
1434 2132 1549 2176 σου,
1589 2113 1683 2168 καὶ
1718 2112 1787 2166 τά

200 2214 340 2267 ὀστᾶ
370 2228 464 2264 σου
495 2209 884 2281 πιανθήσεταιο
924 2207 1020 2260 καὶ
1060 2206 1213 2259 ἐσται
1240 2204 1316 2269 ὡς
1345 2205 1520 2275 κῆπος
1550 2201 1783 2274 μεθύων,

202 2306 302 2361 καὶ
354 2305 433 2368 ὡς
480 2303 631 2375 πηγὴ
659 2302 725 2374 ῆν
771 2302 845 2372 μὴ
885 2300 1129 2366 ἐξέλιπεν
1179 2297 1342 2368 ὕδωρ.
1384 2317 1402 2349 ι
1442 2296 1651 2367 Δηλαδὴ
1689 2294 1788 2366 τῆς

200 2399 386 2470 ψυχῆς
421 2398 588 2469 αὐτῆς
643 2396 701 2447 αἱ
757 2393 1017 2464 δυνάμεις
1085 2389 1470 2460 πιανθήσονται
1527 2387 1632 2441 ὑπὸ
1689 2388 1788 2457 τῆς

205 2487 593 2559 πνευματικῆς
636 2486 731 2540 καί.
765 2484 949 2538 ἐνθέου
990 2486 1218 2556 τροφῆς.
1253 2480 1366 2536 Kai.
1406 2481 1581 2552 κῆπος
1605 2478 1789 2533 ἀειθα-

202 2580 305 2652 λὴς
332 2578 434 2644 τὰς
466 2579 524 2645 ἐξ
570 2578 727 2646 ἁγίου
780 2574 1094 2647 Πνειὶματος
1135 2570 1499 2644 καρποφορῶν
1544 2570 1785 2641 φυτείας,

204 2672 304 2726 καὶ
335 2669 404 2723 τὰ
430 2669 599 2724 πάλαι
643 2667 702 2721 δέ
727 2664 1034 2738 τῆςδψυχῆς
1075 2662 1259 2736 ἔρημα
1298 2660 1787 2733 οίκοδομηθήσεται

206 2768 269 2820 ἐν
304 2764 410 2829 σοὶ,
458 2762 555 2817 καὶ
582 2756 1109 2831 ἀναπληρωθήσεται
1162 2753 1253 2809 διὰ
1315 2752 1656 2825 μαθημάτων
1694 2751 1790 2804 καὶ

202 2857 383 2928 λόγων
412 2855 602 2909 θείων·
632 2853 707 2916 ὡς
733 2853 831 2906 καὶ
861 2848 1142 2921 οἰκοδόμον
1177 2864 1237 2901 σε
1275 2845 1531 2916 γενέσθαι
1573 2843 1787 2908 ἐαυτοῦ,

200 2946 579 3010 διδασκαλίαις
611 2944 815 3008 ἐνθέοις
843 2938 1224 3012 οἰκοδομοῦντα
1264 2939 1391 3002 τοὺς
1434 2938 1492 2991 ἐν
1522 2939 1588 3009 τῇ
1623 2935 1788 2989 αὑτοῦ

202 3041 419 3113 διανοίᾳ
440 3036 754 3110 λογισμούς.
795 3034 934 3105 Ἤδη
957 3034 1016 3087 δέ
1039 3033 1135 3087 καὶ
1179 3030 1433 3103 φραγμὸν
1477 3028 1790 3101 περιϐαλεῖς

203 3137 276 3207 τῇ
310 3132 511 3187 σαυτοῦ
538 3132 707 3203 ψυχῇ,
723 3127 1108 3202 περιφράττων
1122 3125 1292 3196 αὐτὴν
1313 3121 1671 3194 πανταχόθεν,
1692 3121 1789 3213 καὶ
1816 3151 1862 3213 c

207 3222 643 3296 ἀσφαλιζόμενος
675 3221 784 3277 ἀπὸ
821 3220 928 3273 τῶν
975 3216 1173 3283 ἔξωθεν
1216 3214 1484 3287 ὀχληρῶν.
1521 3214 1685 3267 Ὀστᾶ
1733 3212 1792 3267 δὲ

206 3318 307 3373 τοῦ
338 3318 470 3372 λ.αοῦ
499 3312 611 3370 εῐεν
639 3315 706 3370 ἀν
735 3314 787 3368 οἰ
811 3313 870 3367 ἐν
908 3311 1058 3383 αὐτῷ
1087 3310 1324 3374 δυνατοὶ,
1375 3307 1437 3361 τὸ
1473 3308 1581 3361 πᾶν
1632 3303 1792 3377 σῶμα

210 3408 705 3471 ὐποὸαστάζοντες.

291 3521 312 3554 ι
339 3503 454 3556 Καὶ
478 3495 993 3571 οἱκοδομηθήσονταί
1020 3511 1112 3548 σου
1134 3494 1192 3548 αἱ
1214 3492 1411 3565 ἔρημοι
1434 3489 1662 3555 αἰώνιοι,
1695 3488 1794 3542 καὶ

207 3596 369 3650 ἔσται
396 3595 468 3648 τὰ
496 3593 722 3665 θεμέλιά
775 3609 868 3646 σου
925 3591 1119 3645 αἰώνια
1153 3586 1357 3658 γενεῶν
1398 3586 1634 3656 γενεαῖς.
1681 3582 1794 3636 Καὶ

208 3687 467 3761 κληθήσῃ
490 3686 774 3757 οἰκοδόμος
825 3682 1115 3757 φραγμῶν,
1162 3680 1260 3735 καὶ
1308 3678 1409 3743 τὰς
1451 3676 1672 3750 τρίϐους
1699 3690 1793 3727 σου

208 3780 318 3835 ἀνά
349 3780 515 3851 μέσον
543 3777 791 3841 παύσεις.
829 3796 847 3827 ι
876 3775 1170 3847 Φραγμοὺς
1196 3772 1254 3826 δὲ
1279 3770 1551 3841 οἰκοδομεῖ
1585 3770 1616 3822 ὁ
1640 3784 1797 3841 περι-

211 3871 472 3944 φράττων
514 3870 610 3924 καὶ
660 3867 1039 3941 περιτειχίζων
1083 3863 1449 3925 διαλεκτικαῖς
1490 3859 1796 3927 ἀποδείξεσι

206 3962 285 4015 τὰ
309 3959 741 4031 ἐκκλησιαστικά
769 3958 1044 4027 δόγματα·
1084 3956 1115 4008 ὁ
1141 3954 1200 4009 δέ
1230 3952 1301 4007 τά
1329 3952 1590 4007 δοκοῦντα
1619 3967 1797 4023 προσ-ο

212 4052 484 4123 κόμματα
537 4051 603 4103 ἐκ
646 4048 755 4102 τῶν
803 4046 964 4100 θείων
992 4042 1440 4114 ἀναγνωσμάτων
1493 4036 1798 4110 περιαιρῶν

212 4144 309 4199 διά
331 4142 427 4197 τοῦ
465 4142 780 4213 σαφηνίζειν
809 4139 879 4194 τά
905 4139 1193 4209 λεγόμενα,
1231 4126 1387 4198 οὗτός
1426 4133 1575 4186 ἐστιν
1613 4133 1642 4185 ό
1672 4130 1800 4193 τοὺς

214 4234 325 4290 ἀνά
348 4233 514 4306 μέσον
540 4232 650 4287 τῶν
681 4231 884 4303 τρίϐων
947 4229 1129 4292 λίθους
1177 4222 1499 4299 περιαιρῶν.
1550 4223 1661 4294 Τῆς
1690 4219 1802 4292 γὰρ

214 4326 429 4397 πλάνης
461 4324 562 4389 τὰς
588 4325 864 4395 ἀτραποὺς
889 4321 1269 4393 ἀποφράττων,
1299 4319 1393 4372 καὶ
1424 4319 1521 4383 τὰς
1548 4314 1801 4377 τοιαύτας

212 4418 584 4490 ἀποτειχίζων
596 4415 881 4480 διακοπὰς,
918 4414 1015 4469 καὶ
1037 4412 1300 4469 πάντοθεν
1329 4411 1522 4466 ἐαυτὸν
1550 4406 1801 4479 τειχίζων

1885 578 2035 627 nem,
2063 569 2119 618 et
2160 560 2386 617 verbum
2418 559 2885 615 mttrmurationis.
2916 577 2935 610 ι
2989 556 3126 613 Nam
3177 560 3457 614 universo-

1886 668 2004 706 rum
2032 653 2195 716 Deus,
2226 650 2360 706 alios
2390 651 2608 721 quidem
2633 649 2769 705 cibis
2802 658 2857 704 et
2880 649 3127 719 pecuniis
3151 648 3459 720 opulentos,

1885 744 2021 799 alios
2059 758 2186 798 vero
2211 757 2408 814 egenos
2438 750 2494 797 et
2540 755 2808 813 pauperes
2859 740 3174 807 constituit,
3205 741 3271 796 ad
3308 750 3461 795 utro-

1886 848 2116 905 rumque
2157 835 2568 904 probationem;
2625 841 2684 886 ut
2714 832 2769 886 hi
2802 831 3020 900 quidem
3055 846 3121 886 ex
3173 831 3459 901 largitione

1884 924 2070 993 egenis
2095 920 2657 992 prwbita,‘opulentiw
2689 934 2802 974 sua:
2832 921 3065 973 fructum
3093 920 3456 988 perciperent,

1885 1014 1976 1068 alii
2022 1026 2152 1069 vero
2212 1013 2468 1083 pauperie
2522 1010 2768 1065 aﬂlictati
2819 1019 2876 1065 et
2937 1010 3263 1079 exercitati,
3316 1010 3459 1064 divi-

1883 1115 1997 1162 tum
2071 1105 2401 1175 largitione,
2475 1104 2627 1175 qnasi
2710 1102 3048 1159 feracissimo
3110 1118 3243 1175 agro
3311 1101 3460 1156 frue-

1886 1206 2092 1253 rentur.

1955 1287 2122 1344 Vens.
2160 1286 2249 1341 10.
2292 1305 2311 1339 ι
2331 1286 2398 1341 Ει
2428 1285 2645 1342 dederis
2670 1285 2933 1340 esurienti
2970 1297 3163 1354 panem
3183 1297 3249 1337 ex
3278 1281 3460 1336 animo

1886 1388 1999 1443 tuo,
2032 1389 2089 1434 et
2117 1381 2355 1433 animam
2397 1377 2742 1433 bumiliatam
2773 1377 3086 1447 impleveris
3113 1415 3129 1440 ,
3162 1385 3288 1431 tunc
3312 1376 3462 1430 orie-

1887 1483 1975 1527 tur
2002 1473 2056 1526 in
2084 1472 2530 1527 tenebrislumen
2564 1479 2738 1535 tuum,
2782 1478 2838 1522 ct
2884 1468 3119 1523 tenebraa
3165 1476 3269 1522 tua:
3298 1473 3463 1522 erunt

1885 1565 2033 1619 velut
2067 1564 2340 1619 meridies.
2371 1581 2391 1614 ι
2426 1560 2604 1615 Prima
2642 1574 2773 1615 sane
2800 1560 3050 1615 omnibus
3089 1567 3214 1613 sunt
3239 1559 3465 1628 largiter

1886 1655 2255 1712 distribuenda
2275 1672 2288 1720 ;
2309 1650 2579 1724 praecipua
2610 1667 2736 1706 vero
2758 1651 3071 1706 domesticis
3096 1650 3215 1705 fidei
3239 1651 3459 1719 dispen-

1885 1749 2073 1803 sanda.
2110 1747 2344 1814 Idipsutn
2394 1745 2537 1799 enim
2588 1742 2886 1813 apostolico
2926 1750 3194 1812 praecepto
3216 1739 3457 1810 jubetur,

1887 1842 2093 1899 scilicet
2119 1838 2389 1895 oliiciosos
2419 1852 2538 1893 esse
2569 1852 2697 1907 erga
2717 1850 2928 1891 omnes.

1958 2015 2124 2071 Vens.
2161 2016 2249 2074 ll.
2304 2016 2410 2071 «Et
2441 2015 2548 2071 erit
2576 2015 2720 2072 Deus
2756 2026 2880 2072 tuus
2920 2024 3095 2070 tecum
3126 2028 3362 2085 semper,
3404 2023 3461 2069 et

1889 2108 2199 2177 impleberis
2221 2109 2359 2163 sicut
2385 2108 2670 2175 ,desiderat
2719 2108 2895 2162 anima
2933 2117 3020 2161 tua
3048 2146 3065 2172 ,
3103 2115 3160 2162 et
3206 2121 3330 2161 ossa
3371 2114 3469 2160 tns‘

1890 2202 2245 2270 pingucseent
2277 2220 2288 2254 :
2316 2208 2371 2253 et
2399 2199 2508 2255 erit
2531 2199 2686 2269 quasi
2721 2198 2913 2255 hortus
2957 2200 3178 2263 ebrius,
3211 2206 3272 2255 et
3319 2199 3463 2252 sicut

1890 2289 2032 2355 fons,
2059 2293 2146 2346 cui
2170 2305 2275 2345 non
2311 2291 2496 2345 deficit
2524 2305 2687 2360 aqua.
2717 2310 2736 2344 ι
2778 2291 3039 2346 Videlicet
3061 2291 3230 2359 ipsius
3266 2292 3463 2344 aninm

1889 2376 2124 2438 virtutes
2153 2384 2509 2454 pinguescent
2537 2398 2566 2436 a
2601 2382 2868 2452 spirituali
2898 2392 2953 2437 et
2987 2382 3165 2438 divina
3190 2396 3335 2436 esca.
3392 2379 3463 2435 Et

1891 2475 2082 2530 hortus
2106 2489 2323 2544 semper
2368 2476 2552 2529 virens
2576 2474 2707 2539 erit,
2740 2474 2993 2529 arborum
3029 2474 3201 2529 sancti
3225 2473 3462 2543 Spiritus

1892 2566 2159 2621 fructibus
2185 2575 2507 2632 exornatus,
2532 2575 2695 2636 atque
2727 2566 2815 2621 illa
2843 2566 2972 2622 olim
3010 2567 3206 2621 animae
3249 2568 3460 2620 deserta

1892 2656 1946 2711 in
1977 2666 2029 2712 te
2060 2657 2492 2724 adiﬁcabuntur,
2522 2669 2589 2711 ac
2606 2649 2897 2726 disciplina
2926 2654 3232 2725 divinisque
3252 2668 3463 2709 sermo-

1892 2747 2054 2803 nibus
2107 2746 2498 2818 replebuntur;
2548 2748 2624 2802 ita
2689 2744 2749 2802 u’t
2811 2747 2928 2815 ipse
2988 2746 3066 2800 tui
3117 2752 3464 2800 constructor

1892 2839 2147 2900 exsistas,
2195 2838 2558 2911 cogitationes
2610 2836 2808 2893 mentis
2856 2846 2962 2893 tua
2990 2836 3172 2890 divina
3206 2834 3454 2889 doctrina

1891 2929 2258 2984 exediﬂcans.
2311 2928 2392 2982 Ad
2421 2929 2536 2983 haec
2565 2937 2745 2982 autem
2795 2927 3030 2982 animum
3078 2934 3225 2981 tuam
3255 2939 3456 2994 propu-

1892 3021 2126 3091 gnaculo
2170 3020 2614 3085 circummunies,
2648 3020 2929 3090 ipsamque
2968 3025 3159 3072 contra
3207 3025 3468 3071 externos

1897 3113 2154 3168 tumultus
2199 3113 2440 3181 undique
2482 3111 2661 3181 sepies
2698 3117 2754 3166 et
2809 3107 3100 3164 custodies.
3148 3106 3283 3162 Ossa
3331 3119 3465 3160 vero

1894 3205 2073 3275 populi
2098 3204 2303 3260 fuerint
2328 3205 2391 3271 ii,
2414 3204 2507 3274 qui
2528 3202 2669 3271 apud
2693 3201 2842 3257 illum
2868 3199 3142 3271 pravalidi
3170 3214 3234 3254 ac
3253 3196 3462 3254 robusti

1890 3309 2037 3363 sunt,
2073 3297 2149 3352 ita
2178 3306 2238 3351 ut
2264 3305 2434 3351 totum
2467 3309 2666 3364 corpus
2694 3301 3022 3350 sustentent.

1962 3477 2128 3534 Vens.
2161 3477 2251 3533 ιε.
2288 3493 2310 3529 t
2338 3476 2410 3532 Et
2444 3473 2855 3530 azdilicabuntur
2891 3472 3104 3527 deserta
3131 3479 3220 3524 tua
3265 3479 3461 3537 perpe-

1895 3578 2008 3635 tua,
2034 3578 2090 3625 et
2110 3577 2273 3625 erunt
2302 3568 2651 3623 fundamenta
2678 3574 2770 3620 tua
2799 3564 3124 3635 sempiterna
3161 3561 3214 3614 in
3236 3570 3467 3630 genera--

1894 3664 2071 3720 tiones
2095 3662 2528 3732 generationum.
2562 3660 2629 3715 Et
2651 3659 2931 3715 vocaberis
2961 3654 3258 3711 mdificator
3289 3663 3469 3706 mace-

1896 3754 2118 3818 riarum,
2147 3761 2204 3806 et
2234 3751 2456 3827 semitas
2485 3759 2624 3815 tuas,
2657 3761 2779 3818 quae
2820 3753 2948 3801 sunt
2992 3744 3047 3798 in
3084 3741 3282 3802 medio.
3315 3740 3470 3809 qule—

1896 3858 2050 3900 scere
2092 3841 2282 3898 facies.
2306 3860 2326 3895 ι
2368 3839 2537 3910 Sepes
2566 3849 2745 3893 autem
2780 3835 3067 3898 construit,
3098 3833 3193 3904 qui
3219 3831 3473 3888 ecclesia-

1895 3936 2033 3991 stica
2051 3935 2302 4005 dogmata
2332 3929 2629 3986 dialecticis
2650 3925 3202 3985 demonstrationibus
3236 3926 3469 3978 circum-

1897 4041 2113 4096 quaque
2145 4025 2318 4079 munit
2364 4032 2420 4077 et
2453 4017 2728 4085 defendit;
2788 4016 2879 4087 (ιιῖί
2929 4031 3059 4071 vero
3099 4028 3187 4078 ea,
3242 4027 3361 4082 quae
3415 4011 3470 4065 in

1897 4118 2098 4174 divinis
2132 4114 2454 4173 lectionibus
2496 4109 2819 4167 oﬂendicula
2849 4122 2972 4165 esse
3004 4107 3278 4169 videntur,
3328 4103 3470 4157 dicta

1899 4209 2221 4278 explicando
2257 4216 2523 4271 removet,
2574 4203 2620 4258 is
2677 4209 2762 4256 est
2811 4200 2902 4271 qui
2953 4200 3154 4269 lapides
3196 4196 3250 4251 in
3297 4193 3474 4249 medio

1901 4300 2216 4358 semitarum
2250 4298 2456 4369 positos
2481 4297 2757 4352 amolitur.
2809 4293 2945 4349 Nam
2975 4291 3102 4360 quia
3125 4287 3328 4343 erroris
3356 4285 3476 4339 vias

1903 4394 2165 4461 obstruit,
2191 4404 2246 4449 et
2274 4393 2542 4464 ejusmodi
2577 4390 2848 4449 clausulas
2878 4398 3083 4444 tutatur
3117 4400 3180 4439 ac
3207 4381 3472 4448 defendit,

217 4513 318 4568 καὶ
347 4477 751 4582 περιφράττων,
784 4477 1006 4572 εἰκότως
1047 4504 1328 4577 οἰκοδόμος
1368 4477 1666 4575 φραγμιῖηη
1694 4499 1793 4553 ὀνο-

1904 4503 2135 4558 seseque
2177 4488 2413 4557 undique
2446 4486 2706 4541 munitet
2736 4483 2898 4553 sepit,
2949 4477 3247 4535 aediﬁcator
3289 4486 3471 4527 mace-

283 4604 457 4642 ὗῗεφην

222 4621 506 4750 μαῖεῗέἔν
533 4691 880 4765 ἀποστρέψεις
907 4690 1000 4744 τὸν
1032 4688 1170 4742 πόδα
1208 4702 1302 4740 σου
1333 4684 1442 4741 ἀπὸ
1463 4683 1571 4736 τῶν
1593 4680 1803 4735 Σαϐϐά-

217 4808 354 4854 των,
370 4788 474 4843 τοῦ
507 4788 582 4859 μὴ
610 4788 784 4840 ποιεῖν
813 4784 882 4839 τὰ
903 4780 1185 4854 θελήματά
1211 4796 1304 4833 σου
1335 4780 1394 4833 ἐν
1419 4778 1486 4848 τῇ
1514 4773 1702 4847 ἡμέρᾳ
1731 4775 1797 4844 τῇ

222 4883 389 4953 ἁγίᾳ·
428 4880 523 4933 καὶ
573 4876 913 4940 καλέσειςτά
938 4874 1191 4929 Σάὸὄατα
1236 4867 1505 4942 τρυφερὰ,
1554 4867 1685 4935 am
1723 4864 1803 4935 τῷ

221 4973 373 5047 Θεῷ·
407 4972 509 5025 οὐκ
531 4971 686 5041 ἀρεῖς
716 4967 809 5021 τὸν
830 4966 961 5020 πόδα
984 4983 1076 5020 σου
1104 4965 1191 5017 ἐπ’
1220 4959 1522 5035 ἔργῳ,οὐδέ
1552 4957 1806 5029 λαλήσεις

221 5054 384 5133 λόγον
407 5065 466 5116 ἐν
499 5063 638 5133 ὀργῇ
670 5061 736 5114 ἐκ
763 5059 855 5114 τοῦ
887 5056 1154 5130 στόματός
1187 5072 1303 5109 σου.
1339 5052 1450 5105 Καὶ
1487 5049 1584 5122 ἔσῃ
1614 5065 1807 5103 πεποι-

1911 4583 2115 4638 riarum
2147 4582 2272 4649 jure
2297 4588 2544 4636 vocatur.

1984 4674 2148 4729 Vens.
2188 4673 2283 4739 l5,
2325 4672 2416 4727 14.
2462 4688 2482 4722 ι
2506 4669 2565 4724 Si
2615 4665 2879 4724 averteris
2922 4678 2953 4718 a
2994 4658 3246 4717 Sabbatis
3285 4653 3475 4726 pedem

1911 4779 2086 4833 tuum,
2142 4776 2202 4822 ut
2226 4782 2334 4821 non
2361 4765 2525 4821 facias
2552 4764 2854 4818 voluntates
2884 4768 3006 4814 tuas
3030 4756 3082 4810 in
3122 4752 3214 4807 die
3239 4756 3428 4804 sancta
3458 4759 3476 4798 :

1908 4870 1965 4916 et
1997 4859 2220 4915 vocabis
2246 4857 2486 4914 Sabbata
2513 4856 2766 4922 delicata,
2801 4859 2988 4908 sancta
3015 4849 3122 4904 Deo
3147 4862 3162 4911 ;
3196 4857 3301 4897 non
3326 4838 3478 4894 leva-

1912 4951 1996 5008 bis
2024 4952 2213 5020 pedem
2243 4960 2390 5006 tuum
2413 4950 2480 5006 ad
2500 4965 2657 5020 opus,
2689 4962 2863 5016 neque
2907 4938 3143 5012 loqueris
3170 4935 3392 4991 verbum
3423 4928 3479 4983 in

1914 5042 1995 5097 ira
2025 5042 2092 5098 de
2118 5056 2215 5098 ore
2244 5052 2356 5097 tuo.
2390 5041 2454 5096 Et
2480 5043 2589 5096 eris
2617 5038 2864 5093 fiduciam
2892 5034 3097 5088 habens
3118 5027 3172 5082 in
3204 5022 3431 5079 Domino
3460 5033 3478 5071 :

190 5196 204 5231 λ
507 5113 759 5225 -Ιὶόριονο
803 5151 898 5206 καὶ
926 5113 1245 5204 ἀνιαδιὸάσει
1270 5162 1331 5198 σε
1369 5143 1463 5196 ἐπὶ
1508 5113 1584 5195 τά
1602 5230 1609 5231 7
1628 5137 1793 5231 ἀγαθέ

1915 5146 1971 5190 et
1990 5135 2183 5191 evebet
2210 5144 2262 5188 te
2292 5133 2357 5187 ad
2388 5132 2527 5187 bona
2557 5140 2737 5192 term,
2766 5137 2822 5182 et
2845 5123 3046 5180 cibabit
3079 5132 3130 5174 Ie
3166 5113 3483 5172 haereditate

1918 5228 1941 5231 —
2045 5229 2055 5231 ς
2231 5227 2241 5231 -
2370 5224 2471 5231 --
2598 5225 2610 5231 -
2702 5221 2735 5231 ..
3072 5207 3474 5231 “suun”-

360 5244 489 5313 γῆς,
525 5207 625 5296 καί
642 5240 846 5312 ψωμιεῖ
872 5257 932 5294 σε
962 5239 1061 5311 τὴν
1084 5236 1446 5308 κληρονομίαν
1475 5207 1687 5287 Ἰακὼϐ
1712 5229 1793 5283 τοῐ

1910 5228 2078 5285 Jacob
2102 5227 2275 5297 patris
2308 5226 2405 5280 tui.
2434 5224 2508 5281 Os
2525 5225 2670 5279 enim
2701 5219 2912 5277 Domini
2947 5217 3182 5272 locutum
3206 5218 3291 5264 est
3306 5207 3475 5262 hac.-

227 5338 440 5411 πατρός
469 5352 587 5389 σου.
622 5335 696 5388 Τὸ
715 5332 826 5404 γάρ
854 5332 1028 5403 στόμα
1057 5328 1260 5402 Κυρίου
1290 5326 1519 5396 ὲλάλησε
1561 5322 1752 5376 ταῦτα.
1785 5339 1804 5372 ι

240 5428 572 5483 ’Υποὸάλλει
598 5427 641 5481 δ’
676 5427 706 5479 ό
754 5427 912 5494 λόγος
954 5423 1029 5496 μὴ
1086 5421 1367 5492 θελήματα
1421 5417 1700 5489 πράττειν,
1732 5413 1810 5476 ὡς

227 5521 459 5584 ἑαυτοὺς
507 5517 698 5590 μέθαις
764 5518 860 5571 καὶ
908 5513 1243 5587 κραιπάλαις
1300 5507 1688 5581 σχολάζονταςο
1751 5507 1811 5557 ἐν

231 5611 495 5685 ἁγιασμῷ
520 5612 579 5664 δέ
598 5611 692 5664 καὶ
713 5608 1045 5681 καθαρότητι
1076 5606 1380 5675 διάγοντας,
1405 5600 1547 5654 οὕτω
1592 5598 1687 5652 καὶ
1714 5594 1812 5667 τὴν

1914 5318 2011 5374 His
2069 5317 2444 5372 subindicatur
2500 5329 2605 5369 non
2658 5327 2756 5382 pro
2809 5309 2977 5364 lubito
3017 5300 3258 5374 singulos
3318 5308 3482 5368 agere

1918 5410 2115 5465 debere
2135 5446 2152 5474 ,
2184 5407 2258 5461 ita
2293 5414 2353 5461 ut
2380 5404 2632 5462 ebrietati
2665 5413 2719 5458 et
2744 5398 2980 5471 crapula:
3005 5393 3363 5462 indulgeant;
3388 5391 3484 5439 sed

1918 5505 1973 5558 in
1997 5502 2290 5559 sanctitate
2309 5508 2362 5554 et
2382 5497 2621 5569 puritate
2664 5493 2961 5564 degendam
2996 5501 3120 5543 esse
3147 5522 3164 5548 .
3209 5492 3367 5550 atque
3410 5477 3482 5530 ita

1923 5597 2064 5653 diem
2091 5604 2281 5652 sancte
2316 5590 2693 5647 celebrandam
2738 5594 2990 5657 oportere
3020 5598 3036 5635 :
3073 5582 3355 5650 ipsamque
3386 5575 3483 5630 l1:-

231 5674 750 5777 ἡμέράνάγιάξειν,
767 5674 1044 5774 τρυφεράν
1071 5715 1130 5752 τε
1170 5674 1341 5767 αὐτὴν
1371 5692 1467 5746 καὶ
1495 5690 1699 5745 άλυπον
1726 5686 1793 5740 διε

1924 5695 2032 5741 tam
2070 5702 2134 5742 ac
2166 5685 2285 5741 sine
2319 5682 2533 5738 tristitia
2553 5721 2576 5747 ,
2608 5681 2677 5735 ob
2706 5679 2877 5733 otium
2903 5674 3029 5730 illud
3061 5674 3168 5728 Deo
3206 5683 3487 5728 consecra—

231 5798 334 5868 τῆς
361 5800 421 5851 ἐν
450 5796 592 5865 αὐτῇ
610 5795 748 5849 κατὰ
774 5793 906 5849 Θεὸν
931 5788 1353 5861 ἐπιτελουμένης
1383 5783 1582 5855 σχολῆς
1614 5778 1814 5851 φυλάτ-

1925 5788 2051 5843 tum,
2089 5776 2387 5840 custodire,
2441 5788 2616 5843 ncqne
2641 5771 2721 5829 vel
2752 5768 3012 5825 tantillum
3046 5770 3239 5836 pedem
3272 5774 3491 5817 movere
