3880 6216
345 352 451 406 ι85

1022 351 1286 408 EUSEBII
1325 350 1805 408 CIESARIENSIS
1842 352 1918 408 ΟΕ

2034 353 2214 408 PARS
2255 354 2343 409 111.
2385 386 2454 396 —-
2491 352 2902 411 EXEGE‘I‘ICA.

3487 360 3590 414 484

345 475 410 526 ml
441 472 544 526 alia
577 487 762 540 opera,
795 487 970 545 neque
1004 473 1087 529 vel
1134 476 1460 529 verbotenus
1501 476 1636 528 labia
1681 476 1914 541 foedare;

2029 492 2153 535 τειν,
2179 476 2320 547 ’μηδὲ
2352 477 2510 546 μέχρι
2544 476 2635 530 τοῦ
2660 478 2912 549 τυχόντος
2939 477 3188 533 κινοῦντα
3218 480 3310 533 τὸν
3344 480 3478 534 πόδα
3505 482 3599 534 ἐπὶ

344 563 440 618 sed
469 564 566 618 soli
595 566 897 618 divinarum
929 580 1104 620 rerum
1132 567 1246 621 otio
1275 576 1383 620 tota
1413 567 1501 619 die
1528 582 1746 621 vacare.

2020 568 2283 638 πράξεσιν
2333 569 2571 640 ἑτέραις,
2625 569 2762 641 μηδέ
2816 571 2978 642 μέχρι
3005 571 3166 638 λόγου
3225 571 3474 642 μολύνειν
3529 571 3600 624 τὰ

345 656 494 730 χειῖὶη
519 675 532 688 ο
568 658 705 733 μόνῃ
731 655 788 710 δὲ
827 659 891 728 τῇ
920 658 1080 729 σχολῇ
1112 657 1220 711 τῶν
1243 658 1400 712 θείων
1425 658 1514 712 διὰ
1539 658 1720 729 πάσης
1749 659 2106 730 προσανέχειν
2131 658 2229 728 τῆς
2257 659 2486 730 ἡμέρας.

923 791 1149 848 CAPUT
1178 791 1314 847 LIX.

413 889 578 944 Vsus.
615 889 666 944 l.
700 905 720 939 ι
758 887 948 940 Annon
979 894 1156 951 potest
1181 901 1376 940 manus
1403 884 1618 940 Domini
1647 885 1860 941 salvare
1894 887 1918 940 ἶ

345 980 425 1033 An
457 987 748 1046 aggravata
783 983 867 1028 est
897 976 1044 1028 auris
1077 974 1192 1042 ejus
1215 1013 1231 1039 ,
1283 985 1341 1028 ut
1378 991 1483 1028 non
1517 976 1773 1029 exaudiat
1806 976 1829 1029 ‘I
1891 995 1910 1028 ι

349 1072 636 1139 Postquam
669 1069 722 1122 in
751 1067 1181 1138 praecedentibus
1224 1081 1343 1135 qua:
1387 1083 1416 1120 a
1465 1066 1692 1122 Judaico
1722 1067 1918 1138 populo

348 1163 553 1234 agenda
585 1169 781 1225 erant,
821 1159 1194 1228 prazscripsit,
1229 1168 1392 1228 atque
1442 1160 1510 1214 iis
1561 1162 1652 1229 qui
1710 1161 1915 1230 agenda

347 1255 676 1324 perfecerint
703 1297 719 1320 ,
751 1235 1113 1322 congruentes
1141 1253 1559 1320 pollicitationes
1590 1253 1819 1318 obtulit,
1853 1267 1918 1306 ac

345 1349 620 1403 contraria
655 1345 1017 1414 deligentibus
1047 1343 1342 1413 promerita
1373 1343 1639 1412 supplicia
1690 1345 1917 1398 commi-

347 1450 508 1493 natus
536 1447 652 1502 est;
681 1438 793 1507 jam
820 1438 904 1492 bis
939 1436 1119 1490 verbis
1148 1437 1293 1504 ipsos
1323 1437 1585 1505 coarguit,
1613 1447 1802 1506 utpote
1822 1439 1912 1507 qui

346 1529 522 1598 aliqua
561 1527 652 1580 Dei
698 1527 962 1580 voluntati
998 1526 1272 1580 contraria
1317 1525 1663 1598 delegerint:
1705 1543 1810 1595 qua
1843 1529 1911 1582 de

346 1635 509 1674 causa
554 1620 607 1673 in
654 1619 994 1672 calamitates
1037 1616 1241 1684 delapsi
1293 1627 1438 1672 sunt.
1489 1618 1580 1672 Ait
1607 1633 1737 1688 ergo
1770 1619 1911 1673 illis:

346 1710 699 1780 Nequaquam
751 1709 882 1763 mibi
929 1709 1036 1763 Deo
1088 1708 1421 1774 impossibile
1464 1719 1576 1763 erat
1611 1725 1707 1764 vos
1750 1711 1914 1764 etiam

343 1802 584 1872 perditos
614 1811 922 1855 restaurare
948 1840 963 1864 ,
989 1815 1167 1868 neque
1199 1799 1412 1854 infirma
1441 1810 1526 1854 est
1559 1815 1751 1854 manus
1779 1815 1918 1862 mea,
1951 1804 1994 1858 B

347 1905 405 1954 ut
436 1909 550 1958 vos,
580 1894 826 1963 indignos
856 1893 1000 1958 licet,
1035 1908 1252 1948 servare
1287 1907 1584 1962 nequeam;
1620 1893 1766 1946 auris
1793 1907 1920 1946 vero

348 2001 488 2047 mea,
514 2001 633 2056 qua:
658 1985 836 2038 omnia
865 1984 1012 2038 audit
1037 2024 1054 2048 ,
1085 1999 1190 2038 non
1223 1983 1296 2039 ita
1340 1992 1633 2054 aggravata
1669 1994 1783 2038 erat
1807 2023 1822 2047 ,
1861 1993 1920 2038 ut

347 2088 453 2127 non
489 2089 700 2144 possem
733 2088 826 2127 vos
853 2072 1154 2128 clamantes
1180 2073 1463 2128 exaudire.

415 2273 580 2328 Vens.
615 2273 670 2328 2.
714 2292 734 2325 ι
781 2273 886 2329 Sed
923 2281 1144 2342 peccata
1185 2282 1362 2329 vestra
1396 2274 1676 2330 dissidium
1707 2274 1918 2330 faciunt

346 2364 487 2420 inter
512 2380 606 2419 vos
636 2373 691 2419 et
719 2365 886 2420 Deum
924 2383 937 2419 :
965 2375 1020 2419 et
1047 2374 1271 2435 propter
1301 2374 1524 2434 peccata
1561 2376 1742 2420 vestra
1762 2380 1918 2420 aver-

347 2457 411 2512 tit
444 2457 636 2511 faciem
671 2470 704 2509 a
732 2455 888 2510 vobis
913 2495 930 2520 ,
983 2464 1042 2510 nt
1069 2471 1174 2510 non
1223 2457 1571 2511 misereatur.
1614 2476 1635 2509 ι
1668 2457 1914 2527 lmproba

345 2548 454 2600 vita
488 2555 666 2601 vestra
703 2561 810 2600 non
857 2546 988 2600 sinit
1014 2559 1109 2600 vos
1151 2545 1332 2600 divina
1381 2544 1484 2599 frui
1533 2548 1872 2614 providentia
1898 2588 1914 2612 ,

345 2637 473 2707 quia
508 2637 649 2692 Deus
682 2645 963 2705 peccatum
990 2675 1006 2702 ,
1039 2645 1099 2688 nt
1146 2651 1258 2689 rem
1306 2636 1548 2705 putidam
1573 2677 1590 2702 ,
1625 2646 1836 2706 turpem
1864 2647 1919 2692 et

347 2726 604 2781 infamem
635 2725 999 2779 abominatur.
1037 2723 1244 2793 Papqu
1273 2723 1454 2791 itaque
1501 2726 1675 2780 ruina“:
1721 2741 1786 2781 ac
1827 2741 1916 2782 re-

348 2815 600 2870 motionis
625 2829 654 2868 a
685 2815 797 2869 Deo
827 2813 1027 2868 nullam
1071 2813 1233 2867 aliam
1262 2813 1430 2868 fuisse
1468 2829 1686 2869 causam
1714 2817 1873 2872 docet
1898 2857 1915 2882 ,

343 2923 506 2977 quam
543 2915 764 2976 peccata
798 2919 987 2960 eorum
1036 2921 1052 2959 :
1101 2903 1296 2959 horum
1341 2919 1472 2960 vero
1510 2908 1721 2976 species
1759 2908 1915 2963 dein-

347 3016 474 3068 ceps
497 3006 803 3055 enumerat.

419 3202 582 3256 Vatis.
617 3198 672 3255 5.
713 3217 734 3252 ι
771 3197 963 3254 Manus
993 3197 1137 3253 enim
1172 3205 1366 3251 vestrae
1402 3193 1619 3265 polluta
1648 3201 1776 3248 sunt
1797 3207 1918 3248 san-

341 3294 506 3364 guine
529 3331 546 3358 ,
573 3299 628 3344 et
657 3289 809 3356 digiti
847 3289 1012 3343 vestri
1043 3289 1096 3341 in
1137 3286 1374 3356 peccatis
1405 3303 1419 3340 ε
1449 3284 1590 3338 labia
1617 3295 1798 3339 vestra
1835 3286 1918 3340 lo-

347 3392 473 3439 cuta
504 3391 628 3438 sunt
663 3381 1000 3450 iniquitatem
1027 3420 1043 3445 ,
1075 3388 1130 3432 et
1155 3378 1338 3449 lingua
1373 3387 1552 3432 vestra
1594 3376 1916 3445 iniustitiam

341 3474 659 3528 meditatur.
720 3490 740 3525 ι
794 3471 862 3526 Et
892 3470 1198 3541 perpendas
1245 3467 1403 3522 velim
1449 3483 1544 3523 eos
1585 3467 1677 3523 hic
1709 3482 1822 3536 non
1852 3467 1920 3523 de

349 3563 687 3626 idololatria,
719 3571 814 3616 aut
837 3563 906 3617 de
936 3561 1042 3615 alio
1069 3555 1318 3630 improbo
1355 3559 1599 3615 facinore
1629 3563 1878 3615 accusari
1901 3598 1916 3624 ,

338 3657 442 3712 sed
489 3658 555 3712 de
603 3657 750 3711 caede
784 3655 942 3710 labiis
981 3662 1292 3724 perpetrata
1319 3693 1333 3718 ,
1373 3663 1426 3708 et
1457 3653 1523 3708 de
1549 3653 1662 3707 oris
1691 3654 1772 3708 sui
1807 3653 1918 3708 ini-

349 3751 578 3817 quitate.
615 3746 782 3813 Queis
810 3745 1119 3800 subindicat
1144 3759 1331 3799 eorum
1359 3752 1546 3797 contra
1575 3742 1917 3798 Servatorem

340 3838 816 3910 conspirationes,
858 3844 1021 3906 atque
1046 3835 1272 3890 insidias
1299 3836 1365 3890 ab
1394 3835 1474 3889 eis
1499 3843 1690 3890 contra
1723 3835 1920 3904 probos

349 3934 496 3989 viros
521 3941 777 3988 structas.
803 3930 1030 3986 Etiamsi
1054 3945 1183 3985 vero
1202 3929 1544 3984 Servatorem
1566 3942 1672 3982 non
1703 3927 1919 3996 prppria

352 4041 510 4080 manu
535 4024 883 4087 trucidarint;
910 4038 1033 4078 cum
1062 4032 1238 4076 tamen
1270 4021 1586 4090 sanguinem
1618 4019 1734 4090 ejus
1759 4033 1922 4088 super

349 4132 410 4171 se
439 4125 488 4170 et
545 4129 708 4182 super
762 4114 898 4168 filios
926 4128 1053 4167 suos
1087 4114 1446 4182 expetierint,
1497 4127 1560 4166 ac
1603 4111 1784 4179 impiis
1837 4110 1918 4163 usi

351 4209 460 4260 sint
492 4206 842 4272 clamoribus,
872 4217 1061 4272 reapse
1091 4205 1436 4258 declararunt
1463 4219 1522 4259 se
1571 4217 1763 4257 manus
1791 4216 1920 4256 san-

349 4301 512 4368 guine
545 4299 774 4352 faedatas
805 4298 1005 4353 habere
1029 4339 1045 4363 ,
1075 4297 1214 4352 labia
1260 4311 1444 4351 eorum
1477 4296 1814 4364 iniquitatem
1845 4294 1922 4348 lo-

351 4401 474 4444 cuta
509 4405 672 4453 esse,
723 4381 778 4444 et
829 4389 1064 4460 linguam
1098 4403 1288 4443 eorum
1343 4389 1679 4456 impietatem
1730 4394 1919 4456 protu-

2529 794 2928 848 ΚΕΦΑΛΑΙΟΝ
2955 793 3080 852 NG’.

2097 900 2114 932 ι
2148 882 2240 952 Μὴ
2291 884 2392 936 οὐκ
2446 883 2684 954 ἰσχύειή
2734 886 2855 955 χεὶρ
2909 883 3245 954 Κυρίου-τοῦ
3287 885 3492 948 σῶσαι;
3531 882 3601 936 ’⁸11

2020 971 2250 1044 ἐϐάρυνε
2275 972 2336 1024 τὸ
2361 969 2452 1037 οῦς
2477 973 2640 1028 αὐτοῦ
2666 974 2760 1027 τοῦ
2787 975 2862 1046 μὴ
2892 975 3242 1039 είσακοῦσαις
3287 993 3305 1025 ι
3349 976 3435 1037 Ὠς
3464 974 3602 1045 πρὸς

2019 1065 2111 1118 τὸν
2150 1065 2258 1118 τῶν
2304 1065 2571 1119 Ἰουδαίων
2617 1066 2744 1119 λαὸν
2792 1067 3227 1138 διαστειλάμενος
3271 1069 3299 1121 ό
3346 1067 3503 1136 λόγος
3543 1068 3603 1118 ἐν

2020 1160 2133 1219 τοῖς
2164 1158 2269 1228 πρὸ
2291 1157 2480 1210 τούτου
2515 1158 2585 1211 τά
2627 1159 2896 1230 πρακτέα,
2928 1160 3022 1213 καὶ
3051 1163 3164 1222 τοῖς
3198 1160 3295 1230 μὲν
3346 1159 3415 1211 τά
3455 1177 3602 1230 πρα-

2025 1249 2156 1301 κτέα
2183 1248 2250 1300 δι’
2280 1248 2458 1319 ἔργων
2501 1249 2844 1304 ἐπιτελέσασι
2877 1249 2976 1312 τάς
3009 1249 3322 1320 πρεπούσας
3361 1251 3603 1318 ἐπαγγεςι

2021 1338 2141 1403 λίας
2173 1341 2462 1411 παραθεὶς,
2489 1343 2604 1404 τοῖς
2623 1341 2680 1394 δὲ
2702 1341 2959 1395 τάναντία
2982 1341 3254 1412 ἑλομένοις
3277 1341 3375 1404 τάς
3404 1342 3607 1394 καταλη

2022 1429 2216 1499 λήλους
2249 1431 2553 1500 ἀπειλήσας
2599 1429 2899 1502 τιμωρίας·
2936 1429 3025 1483 διά
3051 1429 3179 1497 Δτῶν
3223 1430 3605 1500 προκειμένων

2023 1521 2240 1591 ἔλεγχον
2266 1521 2450 1582 αὐτοῖς
2482 1521 2804 1592 προσφέρει,
2839 1519 2914 1583 ῶς
2935 1536 3055 1572 τινα
3087 1517 3304 1572 ἐναντία
3328 1518 3604 1588 ἑλομένοις

2021 1613 2090 1680 τῇ
2118 1609 2213 1663 τοῦ
2250 1609 2386 1663 Θεοῦ
2441 1609 2604 1680 βουλῇ
2627 1626 2640 1635 ·
2679 1602 2740 1662 οῦ
2774 1609 2932 1680 χάριν
2958 1610 3052 1661 καὶ
3085 1611 3197 1672 τοῖς
3223 1610 3411 1670 κακοῖς
3448 1623 3606 1678 περι-

2024 1703 2368 1756 πεπτώκασι.
2397 1702 2564 1774 Φησὶν
2610 1696 2703 1754 οῦν
2742 1700 2878 1771 πρὸς
2911 1699 3133 1762 αὐτούς’
3171 1699 3284 1751 Οὐκ
3309 1693 3376 1770 ἦν
3405 1697 3602 1752 ἀδύνα-

2022 1814 2112 1849 τον
2143 1796 2265 1867 ἐμοὶ
2296 1795 2374 1866 τῷ
2415 1795 2553 1865 Θεῷ,
2586 1796 2682 1848 καὶ⁵
2727 1792 3132 1863 ἀπολλυμένους
3171 1792 3315 1861 ὑμᾶς
3364 1791 3604 1861 ἀνακτή-

2023 1887 2241 1950 σασθαι,
2269 1885 2390 1938 οὐδὲ
2423 1885 2696 1955 ἀσθενεῖή
2731 1884 2838 1954 ἐμὴ
2869 1885 2987 1954 χεὶρ
3037 1883 3131 1935 xui.
3162 1879 3414 1946 ἀναξίους
3441 1882 3604 1945 ὄντας

2020 1980 2164 2049 ὑμᾶς
2203 1977 2497 2030 διασῶσαι’
2555 1976 2739 2030 καὶτὸ
2769 1973 2862 2039 οῦς
2907 1975 2963 2028 δὲ
3011 1974 3074 2027 τὸ
3103 1974 3234 2044 ἐμὸν
3278 1974 3339 2027 τὸ
3380 1973 3602 2028 πάντων

2019 2068 2341 2122 ἀκουστικὸν
2371 2069 2470 2137 οὐχ
2490 2065 2663 2131 οὕτως
2693 2062 2762 2138 ἦν
2785 2065 3111 2137 βαρυήκοον,
3137 2064 3214 2128 ὡς
3239 2065 3313 2136 μὴ
3338 2063 3602 2120 δύνασθαι

2023 2159 2174 2230 ὑμῶν
2207 2159 2528 2213 εἰσακοῦσαι
2561 2157 2832 2228 βοώντων.

2095 2290 2111 2321 ι
2145 2269 2303 2323 Ἀλλά
2326 2269 2395 2322 τὰ
2419 2269 2794 2340 ἁμαρτήματα
2822 2266 2978 2337 ὑμῶν
3006 2266 3280 2320 διιστῶσιν
3307 2265 3410 2319 δινά
3435 2266 3604 2336 μέσον

2018 2361 2172 2433 ὑμῶν
2197 2362 2291 2415 καὶ
2318 2361 2423 2414 ἀνά
2461 2361 2628 2432 μέσον
2656 2360 2751 2414 τοῦ
2782 2357 2938 2413 Θεοῦ·
2971 2359 3065 2411 καὶ
3093 2357 3182 2412 διὰ
3209 2358 3308 2421 τὰς
3328 2358 3605 2430 ἁμαρτιας

2018 2455 2171 2524 ὑμῶν
2197 2453 2503 2524 ἀπέστρεψε
2527 2452 2588 2506 τὸ
2617 2450 2908 2522 πρόσωπον
2931 2451 3026 2520 ἀφ’
3062 2449 3238 2521 ὑμῶν,
3271 2449 3364 2503 τοῦ
3389 2450 3465 2521 μὴ
3489 2449 3608 2503 ἐλε-

2016 2548 2166 2615 ῆσαι.
2229 2564 2249 2597 ι
2284 2545 2342 2597 ’0
2383 2544 2699 2615 παράνομος
2751 2542 2903 2613 ὑμῶν
2945 2541 3060 2612 βίος
3099 2542 3200 2595 οὐκ
3237 2543 3301 2612 ἐᾷ
3321 2544 3420 2612 τῆς
3451 2540 3606 2604 θείας

2017 2639 2162 2709 ὑμᾶς
2193 2639 2498 2693 ἀπολαῦσαι
2544 2635 2824 2708 προνοίας,
2851 2635 2940 2689 διὰ
2981 2634 3044 2688 τὸ
3091 2633 3468 2705 βδελύττεσθαι
3496 2633 3608 2687 ῶσ-

2018 2749 2125 2802 περ
2155 2731 2364 2802 δυσώδη
2407 2731 2502 2784 καὶ
2543 2728 2776 2800 αἰσχρὰν
2807 2729 2900 2781 καὶ
2933 2729 3126 2799 ἄτιμον
3165 2727 3266 2798 τὴν
3304 2726 3601 2798 ἁμαρτίαν.

2017 2822 2091 2876 Τὸ
2123 2822 2221 2892 μὲν
2253 2817 2345 2874 οὖν
2376 2822 2548 2874 αῐτιον
2576 2820 2676 2889 τῆς
2707 2817 3080 2881 ἀποπτῶσεως
3098 2817 3190 2871 τοῦ
3214 2818 3345 2872 λαοῦ
3375 2818 3469 2871 καὶ
3500 2818 3605 2888 τῆς

2018 2912 2354 2985 πορρωτάτω
2385 2910 2480 2964 τοῦ
2515 2909 2650 2964 Θεοῦ
2681 2908 2952 2980 ἀποϐολῆς
2995 2907 3165 2962 αὐτοῦ
3211 2909 3366 2962 οὐδὲν
3409 2908 3605 2979 ἕτερον

2017 3001 2156 3059 εἶναι
2205 3002 2442 3067 ἐδίδαξεν
2481 3002 2514 3073 ἢ
2565 3001 2664 3064 τὰς
2692 3000 2992 3072 ἁμαρτίαςο
3028 3000 3090 3054 τὸ
3125 2999 3183 3053 δὲ
3211 2999 3414 3054 τούτων
3462 2995 3604 3063 εἶδος

2020 3094 2148 3166 ἐξῆς
2176 3093 2612 3164 καταριθμεῖται.

2099 3226 2118 3259 ι
2157 3209 2221 3260 Δί
2261 3205 2371 3279 γάρ
2409 3207 2589 3278 χεῖρες
2617 3203 2772 3276 ὑμῶν
2820 3202 3228 3275 μεμολυσμέναι
3261 3203 3474 3274 αἵματι,
3503 3221 3604 3258 και

2022 3305 2070 3356 ol
2096 3301 2349 3356 δάκτυλοι
2378 3298 2532 3370 ὑμῶν
2561 3300 2620 3351 ἐν
2645 3295 2940 3368 ἁμαρτίαις
2961 3311 2976 3326 ·
3015 3295 3083 3349 τὰ
3113 3295 3264 3366 χείλη
3297 3295 3452 3366 ὑμῶν
3477 3295 3610 3351 ἐλά-

2023 3395 2192 3465 λησαν
2224 3392 2474 3462 ἀνομίαν,
2501 3389 2596 3444 καὶ
2622 3390 2656 3461 ἡ
2679 3388 2898 3458 γλῶσσα
2926 3387 3081 3460 ὑμῶν
3105 3387 3318 3442 ἀδικίαν
3345 3387 3566 3460 μελετᾷ.
3582 3409 3602 3441 ι

2024 3485 2134 3539 Καὶ
2191 3483 2309 3549 θέα,
2339 3483 2415 3547 ὡς
2447 3483 2546 3536 οὐκ
2579 3481 2953 3552 ἐπιμέμφεται
2981 3480 3164 3543 αὐτοῖς
3194 3479 3251 3532 ἐν
3283 3479 3492 3543 τούτοις
3520 3481 3607 3533 εί-

2023 3574 2442 3646 δωλολατρείαν,
2471 3573 2579 3626 οὐδ’
2640 3573 2834 3642 ἑτέραν
2860 3570 2984 3627 τινά
3017 3570 3332 3643 παράνομον
3360 3571 3563 3642 πρᾶξιν
3587 3589 3603 3602 ο

2025 3666 2162 3720 ἀλλά
2189 3665 2288 3737 τὴν
2312 3664 2403 3718 διά
2435 3663 2660 3735 χειλέων
2707 3663 3038 3734 μιαιφονίαν,
3089 3663 3183 3716 καὶ
3214 3662 3313 3734 τὴν
3339 3662 3429 3717 διά
3476 3663 3608 3717 στό-

2029 3772 2194 3825 ματος
2227 3754 2592 3826 παρανομίαν.
2623 3753 2701 3806 Δι’
2729 3746 2804 3808 ὧν
2824 3753 3041 3825 ᾐνίξατο
3067 3753 3164 3825 τὴν
3194 3753 3337 3807 κατά
3366 3753 3459 3806 τοῦ
3485 3755 3609 3808 Σως

2023 3847 2186 3916 τῆρος
2215 3845 2580 3899 ἐπανάστασιν
2603 3843 2801 3910 αὐτῶν,
2827 3847 2922 3898 καὶ
2946 3844 3043 3916 τὴν
3076 3845 3216 3898 κατὰ
3245 3844 3353 3898 τῶν
3377 3844 3608 3899 δικαίων

2024 3935 2231 4007 ἀνδρῶν
2255 3935 2572 4006 ἐπιϐουλήν.
2605 3936 2666 3987 Ei
2693 3935 2749 3987 δὲ
2775 3935 2869 3987 καὶ
2894 3935 2967 4006 μὴ
2995 3936 3312 4006 αὐτόχειρες
3343 3935 3605 4003 γεγόνασι

2023 4026 2118 4079 τοῦ
2147 4027 2420 4098 Σωτῆρος,
2453 4025 2588 4078 ἀλλά
2607 4025 2666 4078 τὸ
2691 4019 2828 4095 αἷμα
2860 4023 3021 4077 αὐτοῦ
3048 4025 3119 4077 ἐπ
3159 4026 3357 4088 αὐτοὺς
3390 4031 3481 4078 καὶ
3508 4026 3610 4079 ἐπὶ

2025 4119 2094 4172 τά
2118 4118 2284 4172 τέκνα
2334 4117 2513 4171 αὐτῶν
2557 4117 2931 4188 αἰτησάμενοι,
2959 4118 3052 4170 καὶ⁵
3085 4117 3235 4187 βοαῖς
3259 4117 3441 4181 ἀθέοις
3468 4135 3612 4191 χρη-

2028 4210 2269 4280 σάμενοι,
2319 4208 2466 4280 ἐργῳ
2509 4209 2860 4280 παρέστησαν
2887 4209 2987 4274 τὰς
3024 4211 3211 4280 χεῖρας
3247 4209 3390 4280 ἔχειν
3435 4226 3611 4280 μεμο-

2025 4302 2296 4373 λυσμένας
2321 4301 2533 4371 αἵματι,
2550 4301 2620 4354 τά
2637 4319 2696 4354 τε
2719 4302 2873 4372 χείλη
2895 4301 3074 4354 αὐτῶν
3095 4301 3447 4372 λελαληκέναι
3477 4303 3608 4355 ἀνο-

2030 4394 2178 4464 μίαν,
2214 4393 2308 4446 xui.
2333 4391 2433 4463 τὴν
2476 4391 2728 4460 γλῶσσαν
2773 4392 2952 4446 αὐτῶν
2999 4392 3449 4464 μεμελετηκέναι.
3489 4393 3610 4459 Ἐξ·-

352 4483 498 4538 lisse.
542 4480 674 4535 Nam
700 4497 818 4536 sese
845 4483 1179 4551 decipientes
1209 4481 1372 4534 alium
1403 4480 1680 4535 Christum
1720 4492 1918 4546 exspe-

2029 4484 2343 4546 απατῶντες
2376 4482 2486 4554 γὰρ
2515 4484 2741 4546 ἑαυτοὺς
2763 4484 2950 4555 ἕτερον
2983 4485 3320 4556 προσδοκῶσι
3348 4486 3607 4556 Χριστὸν,

350 4583 540 4636 ctant,
577 4574 810 4626 humana
859 4576 1104 4641 quaedam
1139 4582 1194 4626 et
1229 4572 1472 4626 fabulosa
1523 4571 1590 4625 de
1643 4570 1760 4638 ipso
1791 4583 1919 4622 nar-

355 4677 558 4719 rantes.

429 4779 592 4832 Vens.
618 4777 672 4839 4,
702 4777 756 4831 5.
793 4796 811 4828 ι
856 4777 1023 4831 Nemo
1054 4786 1292 4846 mqmtnr
1329 4777 1500 4848 justa,
1533 4792 1634 4832 nec
1667 4779 1922 4849 estjudi-

348 4869 494 4922 cium
527 4885 737 4922 verum.
785 4868 1073 4922 Conlidunt
1127 4871 1290 4923 rebus
1333 4870 1510 4932 vanis,
1547 4879 1600 4922 et
1627 4869 1923 4938 loquuntur

358 4960 555 5019 inania.
587 4962 708 5028 quia
744 4961 1057 5029 concipiunt
1090 4959 1352 5024 dolorem,
1381 4973 1429 5014 et
1467 4963 1687 5029 pariunt
1720 4961 1922 5032 iniquio

352 5061 541 5105 tatem.
575 5051 682 5107 Ova
727 5053 969 5120 aspidum
1023 5053 1341 5122 fregerunt,
1389 5064 1444 5108 et
1493 5056 1654 5109 telam
1710 5071 1926 5110 araneae

353 5153 543 5197 texunt
575 5162 589 5197 :
626 5154 678 5198 et
703 5145 791 5213 qui
825 5149 938 5197 vult
967 5144 1037 5199 de
1070 5146 1187 5198 ovis
1217 5160 1405 5198 eorum
1438 5147 1746 5207 comedere.
1778 5146 1926 5200 fran-

351 5250 487 5304 gens
514 5235 726 5289 urinum
758 5235 1000 5302 invenit,
1031 5246 1086 5290 et
1116 5236 1169 5289 in
1206 5237 1323 5304 ipso
1355 5238 1617 5306 regulum.
1663 5257 1680 5288 ι
1717 5239 1924 5291 Adver-

354 5327 623 5380 sariarum
649 5336 974 5396 potestatum
1002 5329 1207 5381 semina
1238 5328 1291 5381 in
1324 5343 1382 5381 se
1406 5328 1718 5396 parturiunt
1756 5345 1769 5380 :
1798 5342 1926 5396 qua-

357 5430 420 5469 re
453 5417 668 5469 malitia:
692 5416 1119 5485 etimprobitatis
1149 5432 1259 5471 suae
1286 5417 1407 5469 filiis
1435 5416 1774 5481 dicebautur
1800 5419 1927 5470 Ser-

359 5514 584 5574 pentes,
632 5507 896 5574 genimina
948 5507 1275 5575 viperarum.
1335 5525 1352 5557 ι
1385 5507 1740 5574 Proportione
1797 5520 1925 5558 vero

360 5595 589 5664 quadam
624 5597 688 5646 ad
721 5596 959 5648 divinum
993 5611 1176 5650 semen
1228 5595 1408 5648 habita
1435 5637 1450 5657 ,
1486 5594 1923 5650 adversariarum

361 5695 688 5755 potestatum
715 5702 896 5740 semen
929 5727 943 5748 ,
972 5704 1070 5740 ova
1099 5688 1431 5757 appellavit,
1467 5687 1680 5754 reptilis
1706 5685 1924 5751 generis

359 5778 605 5848 exemplo
631 5779 885 5834 insistens
922 5796 936 5832 :
974 5795 1098 5834 nam
1145 5781 1361 5850 aspides
1385 5821 1400 5846 ,
1427 5791 1709 5849 serpentes
1736 5792 1790 5834 et
1815 5779 1918 5833 alia

2019 4575 2334 4646 ἀνθρώπινά
2365 4592 2486 4628 τινα
2507 4575 2639 4645 περὶ
2672 4575 2836 4627 αὑτοῦ
2865 4575 3304 4644 μυθολογοῦντες.

2096 4801 2112 4832 ι
2141 4779 2333 4844 Οὐθεὶς
2387 4779 2538 4832 λαλεῖ
2571 4777 2776 4840 δίκαια,
2811 4777 2931 4830 οὐδέ
2963 4765 3077 4830 ἐστι
3121 4777 3302 4846 κρίσις
3352 4773 3605 4843 ἀληθινή.

2019 4871 2347 4926 Πεποίθασιν
2403 4872 2496 4923 ἐπὶ
2553 4870 2820 4942 ματαίοις,
2887 4869 2980 4921 καὶ
3033 4868 3251 4920 λαλοῦσι
3317 4867 3472 4926 κενά,
3524 4868 3610 4918 ὅτι

2032 4961 2220 5014 κύουσι
2264 4961 2444 5026 πόνον,
2493 4961 2586 5012 καὶ
2622 4960 2894 5012 τίκτουσιν
2939 4958 3185 5028 ἀνομίαν.
3229 4957 3321 5010 Ὠὰ
3364 4956 3610 5008 ἀσπίδων

2033 5051 2286 5122 tamen,
2319 5051 2411 5104 καὶ
2431 5050 2574 5102 ἱστὸν
2603 5051 2844 5120 ἀράχνης
2869 5049 3152 5118 ὑφαίνουσι
3170 5065 3184 5078 '
3226 5049 3321 5101 καὶ
3349 5049 3378 5100 ό
3399 5048 3612 5117 μέλλων

2030 5141 2139 5193 τῶν
2169 5140 2292 5192 ὠῶν
2328 5141 2508 5192 αὐτῶν
2557 5143 2774 5209 φαγεῖν,
2793 5138 3088 5208 συντρίψας
3117 5138 3297 5208 οῦριον
3329 5132 3478 5208 εὗρε,
3513 5139 3613 5190 καὶ

2031 5233 2088 5283 ἐν
2113 5231 2261 5299 αύτῷ
2297 5231 2624 5300 βασιλίσκον.
2677 5250 2694 5282 ι
2737 5231 2858 5283 Τῶν
2900 5231 3287 5301 ἀντικειμένων
3327 5232 3613 5299 δυνάμεων

2029 5324 2098 5376 τά
2137 5324 2425 5394 σπέρματα
2471 5326 2528 5377 ἐν
2561 5326 2743 5387 αὐτοῖς
2767 5326 3070 5396 κυήσαντες
3090 5340 3103 5354 °
3129 5324 3208 5377 διὸ
3238 5328 3351 5387 τοῖς
3375 5325 3474 5394 τῆς
3503 5342 3608 5377 και

2034 5415 2157 5477 κίας
2203 5415 2297 5466 καὶ
2338 5415 2600 5486 πονηρίας
2647 5414 2823 5468 αὐτῶν
2857 5417 2992 5479 υἱοῖς
3039 5415 3291 5483 ἐλέγετο·
3335 5434 3354 5467 ι
3398 5418 3609 5484 Ὀφεις,

2032 5503 2343 5575 γεννήματα
2377 5507 2616 5577 ἐχιδνῶν.
2659 5525 2676 5556 ›
2712 5505 3012 5574 ’Λναλόγως
3041 5507 3097 5558 δέ
3129 5507 3206 5576 τῷ
3235 5507 3611 5576 σπέρματιτῷ

2033 5594 2162 5664 θείῳ
2191 5596 2282 5648 τὸν
2301 5597 2406 5649 τῶν
2427 5597 2813 5666 ἀντικειμένων
2834 5597 3116 5666 δυνάμεων
3138 5597 3337 5666 σπόρον
3363 5596 3447 5649 ῶά
3474 5597 3611 5648 ὠνό-

2037 5704 2174 5756 μασε
2214 5689 2302 5741 διὰ
2348 5690 2407 5740 τὸ
2458 5690 2806 5760 παράδειγμα
2852 5690 2944 5741 τοῦ
2997 5689 3327 5759 ἐρπυστικοῦ
3379 5689 3597 5756 γένους-

2028 5780 2252 5842 ἀσπίδες
2281 5783 2375 5833 καὶ
2395 5781 2572 5849 ὄφεις,
2599 5782 2692 5833 καὶ
2706 5781 2772 5833 τὰ
2792 5780 3015 5833 τοιαῦτα
3033 5780 3141 5832 τῶν
3157 5779 3407 5832 ᾠοτόκων
3423 5779 3589 5832 ἐστίν.
