3880 6216
159 333 270 387 485

1087 329 1592 388 COMMENTARIA
1630 329 1703 386 IN
1740 329 1997 388 ISAIAM.
2040 362 2109 372 —
2148 333 2302 390 CAP.
2342 334 2481 393 LIX.

3332 349 3437 404 43ίί

173 449 397 521 Ἐπειδὴ
428 449 570 520 μετά
597 449 868 521 τοσαύτην
921 450 1126 504 κακίαν
1179 449 1607 520 ἐπαγγέλλονται
1659 451 1744 522 μὲι

1864 450 2205 520 huiusmodi,
2237 469 2336 507 ova
2369 453 2607 523 pariunt.
2643 455 2910 520 Quoniam
2951 469 3073 530 post
3104 467 3305 515 tantam
3342 478 3408 516 ex

157 539 259 603 τὰς
291 539 401 592 ἀπὸ
429 538 594 592 θείων
639 538 874 611 Γραφῶν
906 537 1278 602 διδασκαλίας,
1324 540 1651 593 ἐκπίπτουσι
1699 541 1756 594 δὲ

160 635 240 696 είς
262 631 534 704 γραώδεις
570 630 794 703 μύθους,
819 632 916 685 καὶ
953 633 1034 696 είς
1065 632 1393 703 παραδόσεις
1432 631 1754 701 ἀνθρώπων,

159 725 314 777 οὐδὲν
375 724 526 793 ὑγιὲς
584 723 720 797 μηδὲ
770 723 1044 794 ὠφέλιμον
1101 723 1488 797 περιεχούσας·
1535 725 1758 790 εἰκότως

159 816 408 885 ἐπιλέγει
435 835 446 845 ·
487 835 505 866 ι
555 815 668 869 Καὶ
700 816 845 870 ἰστὸν
882 816 1128 888 ἀράχνης
1158 816 1466 884 ὑφαίνουσι,
1519 835 1538 869 ι
1571 817 1630 870 τὸ
1668 834 1759 870 σα-

161 906 294 978 θρὸν
327 907 425 960 καὶ
450 907 647 978 ἄτιμον
677 907 777 977 τῆς
801 907 1059 978 τοιαύτης
1092 906 1270 962 αὑτῶν
1301 908 1536 980 σπουδῆς
1557 907 1634 978 τῷ
1659 910 1758 980 τῆς

143 987 410 1068 ’ἀράχνης
440 997 722 1068 ὑφάσματι
753 998 1138 1070 παραϐάλλων.
1168 999 1346 1052 Ποίων
1377 999 1434 1053 δὲ
1463 999 1586 1054 ώῶν
1619 1018 1756 1072 μνη-

163 1088 406 1159 μονεύει,
431 1088 464 1158 ἦ
492 1090 620 1160 περὶ
644 1081 719 1141 ὧν
743 1088 983 1161 εἴρηταιο
1023 1109 1041 1141 ι
1077 1090 1158 1143 Τὰ
1191 1090 1274 1144 ώὰ
1316 1092 1560 1146 ἀσπίδων
1593 1091 1757 1164 ἔρρη-

163 1179 294 1243 ξαν;
335 1197 353 1230 ι
391 1180 454 1232 Οἰ
491 1178 590 1248 μὲν
643 1175 737 1232 οὖν
779 1181 837 1234 ἐν
891 1179 1060 1250 κακία
1100 1180 1318 1243 τέλειοι,
1367 1179 1763 1263 διαρρήξαντες⁸

159 1271 368 1325 τούτων
394 1271 504 1324 τῶν
529 1271 672 1336 ώῶν,
690 1271 760 1325 τὰ
787 1272 1253 1343 τελεσφορηθέντα
1281 1274 1360 1336 εἰς
1381 1274 1608 1337 ἑαυτοὺς
1656 1275 1757 1326 ὑπ-

162 1363 439 1429 εδέξαντο·
476 1366 523 1418 οῖ
564 1365 621 1417 δὲ
673 1365 1036 1438 άτελέστεροι,
1069 1367 1198 1436 πρὶν
1257 1365 1755 1437 διαρῤαγῆναικαὶ

157 1456 630 1528 τελεσφορηθῆναι
664 1457 1001 1529 ἐμφαγόντες
1028 1458 1228 1522 αὑτῶν,
1281 1458 1634 1512 ἀπόλλυνται.
1665 1458 1756 1511 Διὸ

159 1551 305 1603 κατὰ
332 1552 460 1613 τοὺς
487 1550 711 1614 λοιποὺς
735 1550 1078 1622 ὲρμηνευτὰς
1103 1551 1319 1622 εἴρηται
1341 1569 1353 1581 ·
1397 1570 1414 1603 ι
1459 1552 1516 1605 '0
1560 1551 1754 1606 ἐσθίων

160 1644 226 1695 ἐκ
253 1642 363 1694 τῶν
386 1642 507 1695 ὠῶν
542 1643 722 1696 αὐτῶν
751 1643 1123 1697 ἀποθανεῖται.
1168 1662 1185 1692 ι
1216 1645 1279 1696 El
1312 1643 1368 1696 δέ
1399 1661 1482 1707 τις
1504 1643 1750 1714 εὑρεθείη

158 1732 386 1796 συνετὸς
441 1733 581 1804 ἀνὴρ
611 1735 640 1786 ό
675 1734 983 1804 συντρίϐειν
1010 1734 1150 1787 αὐτὰ
1185 1734 1480 1804 δυνάμενος
1524 1736 1753 1806 ἀνατρε-

159 1824 343 1894 πτικῷ
403 1825 498 1878 καὶ
548 1824 849 1896 ἐλεγκτικῷ
902 1825 1066 1897 λόγῳ,
1113 1821 1268 1890 οὗτος
1309 1826 1458 1898 εὑροι
1492 1826 1556 1880 ἂν
1596 1827 1654 1879 τὸ
1694 1830 1751 1879 ὲν

157 1916 346 1980 αὐτοῖς
403 1918 688 1987 ἀνεμιαῖον
740 1918 832 1971 καὶ
864 1917 1068 1990 οὔριον.
1103 1920 1199 1974 καὶ
1235 1919 1469 1983 δυσῶδες
1499 1919 1594 1971 καὶ
1619 1918 1750 1988 φθο-

161 2012 405 2080 ριμαῖον,
469 2011 562 2065 καὶ
616 2011 674 2063 ὲν
726 2010 939 2075 τούτοις
994 2013 1161 2066 πᾶσιν
1232 2011 1605 2081 ἰλυσπώμενον
1658 2012 1751 2065 κα)⁴

158 2101 628 2172 ὲγκρυπτόμενον,
654 2099 746 2153 τὸν
785 2101 1003 2155 πάντων
1051 2101 1298 2174 ἑρπετῶν
1339 2103 1434 2154 καὶ
1482 2099 1542 2165 ἐξ
1586 2099 1749 2155 αὑτοῦ

157 2191 250 2244 τοῦ
284 2191 598 2262 βλέμματος
631 2190 1011 2257 θανατοποιὸν,
1056 2193 1148 2246 τὸν
1182 2193 1493 2263 βασιλίσκον
1516 2193 1679 2263 λέγω.

228 2299 249 2332 ε
290 2282 350 2335 Ὀ
391 2281 535 2346 ἱστὸς
565 2283 746 2337 αὐτῶν
791 2285 889 2337 οὐκ
919 2283 1076 2338 ἔσται
1118 2285 1198 2347 είς
1240 2285 1474 2354 ἱμάτιον,
1507 2283 1628 2337 οὐδὲ
1675 2284 1749 2354 μὴ

156 2373 563 2444 περιϐάλωνται
620 2376 728 2429 ἀπὸ
766 2376 874 2430 τῶν
903 2377 1079 2449 ἔργων
1113 2376 1292 2429 αὑτῶν
1313 2393 1326 2407 ⁸
1371 2376 1439 2430 τὰ
1473 2375 1609 2448 ἔργα
1655 2376 1751 2430 αύ-

154 2466 266 2518 τῶν
292 2464 433 2536 ἔργα
458 2465 690 2535 ἀνομίας
709 2482 723 2496 ’
757 2466 807 2519 οἱ
837 2465 894 2519 δὲ
936 2467 1093 2530 πόδες
1135 2465 1316 2519 αὑτῶν
1348 2465 1440 2517 ἐπὶ
1483 2463 1750 2535 πονηρίαν

162 2559 439 2630 τρέχουσι,
497 2559 706 2630 ταχινοὶ
747 2560 936 2629 ἐκχέαι
982 2556 1144 2631 αἷμα,
1189 2559 1281 2612 καὶ
1309 2559 1358 2612 oi
1409 2555 1750 2626 διαλογισμοὶ

155 2651 362 2715 αὐτῶν,
393 2650 736 2722 διαλογισμοὶ
769 2651 879 2704 ἀπὸ
929 2652 1126 2720 φόνων.
1162 2649 1486 2720 Σύντριμμα
1523 2647 1619 2701 καὶ
1651 2664 1748 2700 τα-

154 2741 437 2814 λαιπωρία
462 2743 522 2797 ὲν
548 2745 669 2806 ταῖς
695 2743 833 2807 ὁδοῖς
867 2743 1071 2807 αὐτῶν,
1104 2743 1200 2795 καὶ
1245 2741 1362 2795 ὁδὸν
1401 2741 1620 2813 εἰρήνης
1649 2740 1750 2793 οὑκ

151 2831 388 2888 οἴδασιν.
431 2851 450 2885 ι
488 2833 564 2887 Οὐ
592 2833 702 2906 γὰρ
729 2834 1092 2905 παρεδέξαντο
1114 2834 1205 2886 τὸν
1239 2834 1337 2904 τῆς
1363 2833 1582 2904 είρήνης
1613 2831 1752 2904 πρύ-

151 2940 331 2989 τανιν,
367 2925 498 2996 περὶ
531 2919 592 2979 οὑ
627 2926 844 2998 εῖρηται
864 2942 878 2956 ο
913 2943 930 2976 t
962 2924 1134 2990 Αὐτὸς
1159 2925 1268 2997 γάρ
1315 2925 1463 2977 ἐστιν
1491 2925 1525 2995 ή
1556 2924 1747 2995 είρήνη

153 3017 349 3088 ήμῶν·
401 3035 420 3068 ι
454 3017 535 3071 διὸ
581 3018 696 3080 τοῖς
740 3016 906 3071 αὑτοῦ
951 3015 1223 3089 μαθηταῖς
1265 3015 1471 3086 ταύτην
1497 3014 1750 3087 προξενεῖ

152 3108 362 3176 λέγων·
388 3125 408 3160 ι
429 3108 668 3180 Εἰρήνην
683 3107 783 3180 τὴν
810 3107 949 3180 ἐμὴν
980 3107 1171 3180 δίδωμι
1209 3108 1360 3179 ὑμῖν,
1385 3108 1610 3179 εἰρήνην
1646 3107 1747 3179 τὴν

151 3200 295 3271 ἐμὴν
333 3199 532 3270 ἀφίημι
560 3200 710 3271 ὑμῖν.
735 3218 756 3253 ι
782 3230 852 3242 -
871 3219 888 3252 ι
913 3201 1023 3255 Καὶ
1049 3201 1149 3254 οὑκ
1181 3201 1298 3255 ἔστι
1333 3201 1516 3273 κρίσις
1542 3202 1600 3255 ὲν
1630 3203 1750 3267 ταῖς

149 3291 298 3354 ὁδοῖς
324 3292 522 3346 αὑτῶν.
547 3292 614 3346 Ai
641 3290 751 3363 γὰρ
783 3292 960 3364 τρίϐοι
991 3292 1172 3347 αὑτῶν
1198 3293 1651 3364 διεστραμμέναι,
1679 3292 1748 3358 ἃς

149 3381 479 3436 διοδεύουσι·
511 3383 607 3436 καὶ
645 3383 745 3436 οὑκ
785 3382 990 3436 οἴδασιν
1037 3385 1284 3456 εἰρήνην.
1318 3403 1339 3436 ι
1375 3383 1750 3456 Ψηλαφῶντες

152 3472 265 3544 γὰρ
292 3473 390 3538 τὰς
417 3473 568 3538 θείας
595 3473 845 3546 Γραφὰς,
893 3477 956 3530 οὑ
1003 3476 1217 3530 συνίασι
1243 3477 1334 3532 τὸν
1380 3479 1440 3532 ὲν
1469 3477 1622 3548 βάθει
1640 3479 1749 3532 τῶν

152 3562 356 3630 λέξεων
386 3563 880 3636 ἀποκεκρυμμένον
915 3564 1041 3620 νοῦν
1066 3583 1080 3596 '
1111 3565 1240 3638 περὶ
1268 3565 1326 3619 δὲ
1352 3564 1416 3637 δὴ
1455 3566 1622 3638 μόνην
1650 3568 1748 3640 τὴν

152 3653 300 3721 λέξιν
325 3655 748 3728 ἀσχολούμενοι,
775 3655 967 3731 ῶσπερ
987 3658 1112 3713 τινὰ
1135 3661 1311 3730 τοῖχον
1331 3659 1542 3713 ἐοίκασι
1569 3659 1735 3730 ψηλα-

153 3748 285 3800 κᾶν.

283 3819 385 3892 Δίά
411 3841 566 3895 τοῦτο
589 3841 798 3915 ἀπέστη
824 3844 857 3914 ή
898 3842 1079 3915 κρίσις
1107 3843 1203 3896 ἀπ’
1231 3843 1429 3910 αὐτῶν,
1460 3847 1554 3898 καὶ
1581 3847 1641 3900 οὑ
1671 3847 1745 3919 μὴ

153 3930 441 4004 καταλάϐῃ
481 3934 678 3998 αὐτοὺς
731 3934 1080 4006 δικαιοσύνηο
1118 3934 1528 3999 ὑπομεινάντων
1568 3937 1745 3990 αὐτῶν

151 4021 296 4089 φῶς,
333 4023 551 4091 ἐγένετο
590 4026 776 4090 αὐτοῖς
823 4025 1049 4090 σκότος·
1103 4027 1388 4098 μείναντες
1433 4029 1632 4101 αὐγὴν,
1685 4033 1744 4085 ἐν

148 4113 332 4185 ἀωρίᾳ
355 4118 790 4187 περιεπάτησαν.
837 4119 1264 4190 ιΙίηλαιιοήσουσιν
1291 4120 1368 4184 ὼς
1413 4121 1606 4190 τυφλοὶ
1631 4125 1744 4176 τοῖ-

147 4223 266 4276 χον,
305 4207 399 4261 καὶ
425 4208 501 4271 ὡς
526 4209 624 4280 οὐχ
657 4211 1009 4282 ὑπαρχόντων
1025 4211 1320 4282 ὀφθαλμῶν
1340 4211 1739 4285 ψηλαφήσουσι.

149 4298 264 4352 Καὶ
296 4299 590 4353 πεσοῦνται
623 4302 680 4354 ἐν
728 4303 1045 4376 μεσημϐρίᾳ
1072 4303 1147 4368 ὡς
1187 4305 1244 4358 ἐν
1277 4305 1631 4377 μεσονυκτίῳ,
1665 4307 1742 4372 ὡς

146 4389 593 4461 ἀποθνήσκοντες
649 4393 984 4460 στενάξουσι.
1026 4414 1046 4447 ι
1097 4395 1256 4450 Κατά
1309 4396 1364 4449 δὲ
1413 4397 1505 4450 τὸν
1549 4399 1741 4469 καιρὸν

1860 543 2088 597 bibitam
2119 545 2521 613 improbitatem
2549 585 2565 612 ,
2596 546 2904 604 divinarum
2943 550 3162 619 quidem
3195 550 3443 621 Scriptu-

1860 651 2041 692 rarum
2066 637 2369 692 doctrinam
2400 639 2726 708 profitentur
2747 682 2764 708 ,
2811 641 2866 697 in
2910 644 3082 700 aniles
3111 661 3239 704 vero
3285 645 3437 702 fabu-

1858 728 1939 784 las
1966 738 2023 784 et
2053 729 2106 784 in
2143 731 2460 786 traditiones
2495 733 2777 788 hominum
2826 735 3175 802 delabuntur,
3206 755 3325 809 quae
3355 742 3439 796 ui-

1857 821 1932 876 hil
1972 836 2198 888 sanum,
2231 824 2363 877 utile
2394 824 2530 878 nihil
2584 825 2826 893 habent;
2859 830 3054 883 merito
3083 830 3286 900 infert,
3320 853 3338 885 ι
3373 831 3440 888 Ει

1859 912 2020 967 telam
2051 929 2270 970 aranea:
2318 925 2525 985 texunt,
2571 935 2589 969 ι
2625 918 2876 988 putidum
2909 920 3039 975 illud
3065 936 3252 978 eorum
3287 926 3433 981 inde-

1857 1017 2154 1075 corumque
2213 1008 2449 1062 studium
2485 1007 2606 1062 telae
2634 1023 2850 1064 araneae
2877 1010 3224 1081 comparans.
3248 1014 3438 1082 Qualia

1859 1111 2019 1165 porro
2039 1111 2138 1150 ova
2166 1108 2448 1164 memorat,
2486 1099 2589 1154 nisi
2621 1115 2683 1155 ea
2711 1100 2776 1154 de
2807 1103 3002 1172 quibus
3033 1105 3264 1162 dicitur:
3289 1108 3440 1164 «Ova

1858 1188 2105 1256 aspidum
2137 1200 2435 1258 eruperunt
2462 1191 2485 1245 ?
2533 1211 2552 1244 ι
2595 1191 2694 1258 Qui
2728 1193 2892 1264 igitur
2915 1197 2965 1249 in
2997 1197 3218 1252 malitia:
3250 1216 3440 1254 cumu-

1858 1278 1964 1333 lum
2000 1281 2350 1344 devenerunt,
2389 1283 2470 1336 his
2502 1284 2732 1352 diruptis
2769 1287 2908 1351 ovis,
2947 1287 3112 1342 fetum
3141 1290 3192 1342 in
3229 1305 3287 1344 se
3317 1306 3438 1344 sus-

1856 1380 2158 1438 ceperunt:
2193 1373 2554 1440 simpliciores
2596 1391 2724 1431 vero
2771 1386 3062 1447 antequam
3127 1381 3440 1450 dirumpan-

1859 1471 1946 1513 tur
1975 1470 2031 1514 et
2061 1460 2228 1515 fetum
2256 1463 2442 1528 edant,
2479 1464 2592 1533 ipsa
2625 1469 2996 1534 comedentes,
3029 1471 3440 1539 perennt.Qua-

1856 1561 2078 1622 pr0pter
2106 1556 2401 1608 secundum
2435 1557 2676 1625 reliquos
2706 1557 3037 1628 interpretes
3069 1561 3272 1617 dictqu
3304 1577 3387 1620 est
3413 1585 3426 1620 :

1861 1663 1879 1697 ι
1916 1644 2015 1712 Qui
2048 1647 2343 1701 comederit
2372 1663 2441 1703 ex
2474 1649 2592 1704 ovis
2624 1665 2812 1705 eorum
2840 1690 2854 1714 ,
2895 1654 3180 1709 morietur.
3221 1674 3240 1709 ι
3281 1656 3436 1726 Quod

1857 1739 1900 1792 si
1935 1739 2055 1808 quis
2092 1741 2399 1810 reperiatur
2434 1741 2519 1795 vir
2556 1742 2792 1810 prudens
2819 1783 2833 1807 ,
2871 1744 2961 1814 qui
2991 1745 3165 1813 possit
3193 1747 3283 1802 illa
3309 1759 3437 1804 hor-

1861 1831 2026 1884 tando
2055 1840 2111 1885 et
2145 1832 2422 1900 arguendo
2469 1841 2757 1888 conterere
2781 1874 2796 1899 ,
2835 1834 2881 1889 is
2933 1836 3172 1893 inveniet
3205 1840 3256 1891 in
3295 1839 3398 1894 illis
3423 1883 3436 1906 ,

1859 1923 2007 1978 venti
2043 1933 2098 1978 et
2131 1924 2244 1979 lotii
2275 1924 2496 1978 odorem
2533 1927 2778 1994 putidum
2807 1936 2971 1996 atque
3008 1941 3352 1998 corruptum,
3385 1943 3440 1986 et

1860 2017 1913 2070 in
1947 2017 2031 2072 his
2073 2017 2325 2072 omnibus
2373 2017 2518 2073 fmde
2563 2018 2860 2073 volutatum
2888 2031 2943 2074 et
2971 2019 3436 2080 latens.omnium

1860 2106 2134 2176 reptilium
2168 2105 2533 2171 teterrimum,
2575 2106 2661 2160 vel
2693 2106 2809 2161 visu
2836 2106 2952 2162 solo
2982 2107 3318 2166 lethiferum.
3352 2125 3436 2163 re-

1859 2199 2041 2270 gulum
2072 2199 2217 2253 dico.

1932 2289 2097 2343 Vens.
2123 2289 2157 2343 6
2182 2319 2202 2330 -
2236 2289 2290 2344 8.
2329 2307 2349 2342 ι
2386 2289 2512 2344 Tela
2545 2303 2732 2344 eorum
2765 2305 2872 2345 non
2919 2291 3023 2344 erit
3063 2292 3114 2345 in
3143 2290 3436 2345 vestimen-

1857 2389 1995 2446 tum,
2037 2395 2214 2451 neque
2242 2382 2558 2450 operientur
2582 2382 2838 2451 operibus
2865 2382 2979 2437 suis
3013 2399 3028 2436 :
3055 2397 3218 2452 opera
3249 2397 3435 2437 eorum

1857 2486 2021 2543 opera
2053 2472 2358 2542 iniquitatis
2396 2491 2409 2526 :
2443 2473 2608 2542 pedes
2641 2482 2823 2527 autem
2849 2487 3039 2528 eorum
3069 2475 3138 2527 ad
3174 2472 3434 2527 malitiam

1857 2571 2104 2628 currunt,
2131 2562 2348 2618 veloces
2374 2564 2441 2618 ad
2475 2562 2858 2618 eﬂ'undendum
2899 2564 3239 2633 sanguinem,
3263 2573 3319 2618 et
3341 2578 3437 2621 co-

1855 2655 2147 2726 gitationes
2179 2669 2390 2722 eorum,
2422 2655 2783 2725 cositationes
2813 2668 2843 2707 a
2871 2655 3130 2709 caedibus.
3163 2653 3436 2708 Contritio

1855 2754 1910 2799 et
1937 2745 2155 2799 miseria
2177 2745 2230 2799 in
2261 2745 2366 2800 viis
2392 2759 2600 2811 eorum,
2637 2753 2691 2798 et
2731 2745 2874 2799 viam
2902 2745 3055 2813 pacis
3083 2760 3188 2798 non
3221 2760 3430 2814 cogno-

1856 2845 2068 2893 verunt.
2110 2855 2130 2889 ι
2159 2834 2345 2907 Neque
2369 2835 2514 2891 enim
2545 2836 2697 2905 pacis
2725 2835 3026 2904 principem
3068 2847 3390 2905 receperunt
3417 2877 3433 2902 ,

1855 2930 1922 2983 de
1944 2943 2051 2998 quo
2083 2927 2285 2982 dictum
2319 2936 2437 2983 est:
2464 2944 2483 2978 ι
2525 2925 2646 2997 Ipse
2665 2928 2809 2981 enim
2841 2939 2924 2982 est
2953 2943 3055 2993 pax
3081 2938 3267 2984 nostra
3287 2929 3367 2982 ¹³;
3409 2947 3428 2980 ι

1855 3031 2185 3091 quapmpter
2235 3034 2354 3076 eam
2411 3018 2693 3088 discipulis
2738 3027 2998 3090 procurat
3043 3021 3158 3076 suis
3206 3020 3431 3083 dicens,

1860 3132 1879 3167 ι
1916 3113 2111 3171 Pacem
2167 3129 2344 3169 meam
2378 3115 2445 3168 do
2475 3113 2630 3170 vobis
2654 3153 2671 3179 ,
2709 3128 2898 3184 pacem
2953 3130 3129 3171 meam
3183 3117 3434 3187 relinquo

1852 3202 2083 3260 vobis“.
2099 3223 2222 3256 ›-«
2252 3203 2320 3258 Et
2336 3218 2440 3257 non
2457 3202 2814 3273 estjudicium
2839 3203 2892 3258 in
2915 3203 3239 3258 viiseorum.
3256 3203 3434 3258 Semi-

1853 3304 1920 3348 tas
1945 3294 2090 3350 enim
2115 3308 2299 3348 eorum
2331 3307 2772 3364 perversae,quas
2801 3303 3209 3364 pertranseunt,
3240 3307 3296 3350 et
3323 3311 3432 3351 ncn

1853 3394 2118 3439 noverunt
2147 3399 2358 3454 pacem.
2401 3402 2420 3435 ι
2455 3382 2589 3438 Nam
2615 3399 2738 3439 cum
2763 3385 2975 3440 divinas
3005 3385 3320 3455 Scripturas
3348 3398 3433 3442 at-

1851 3477 2098 3546 tingunt,
2126 3477 2178 3531 in
2209 3474 2580 3547 profunditate
2611 3476 2901 3532 verborum
2927 3480 3186 3532 latentem
3214 3489 3432 3532 senten-

1849 3568 1980 3622 tiam
2017 3583 2122 3622 non
2149 3568 2462 3638 intelligunt
2496 3584 2510 3620 :
2543 3567 2640 3623 sed
2672 3567 2764 3622 uni
2798 3567 3025 3622 dictioni
3050 3579 3331 3637 vacantes,
3355 3572 3431 3625 vi.

1848 3661 2043 3716 dentur
2065 3659 2220 3730 quasi
2253 3675 2466 3714 murum
2503 3666 2869 3716 contrectare.

1920 3839 2086 3898 Vsns.
2127 3840 2184 3906 9,
2229 3840 2317 3897 10.
2360 3859 2380 3893 ι
2435 3840 2728 3912 Propterea
2765 3841 2996 3897 recessit
3039 3843 3304 3913 judicium
3358 3846 3436 3899 ab

1847 3933 1957 3999 eis,
1989 3950 2088 3989 nec
2136 3933 2507 4004 apprehendet
2555 3948 2649 3989 eos
2692 3933 2938 4006 justitia;
2971 3949 3093 3988 cum
3133 3945 3422 4004 exspecta-

1846 4037 1967 4081 rent
2001 4026 2195 4092 lucem,
2231 4025 2390 4082 facta:
2418 4037 2544 4082 sunt
2565 4026 2646 4081 eis
2683 4026 2918 4081 tenebrm
2944 4043 2960 4093 ;
2991 4041 3112 4080 cum
3141 4037 3425 4096 exspecta-

1844 4127 1966 4174 rent
1991 4118 2274 4188 fulgorem,
2302 4117 2357 4172 in
2385 4118 2619 4188 caligine
2646 4118 3081 4174 ambulaverunt.
3122 4117 3423 4188 Palpabunt

1847 4221 2097 4278 tanquam
2127 4209 2252 4266 caeci
2280 4225 2491 4264 murum
2511 4227 2525 4262 :
2545 4221 2599 4264 et
2627 4210 2779 4278 quasi
2810 4211 2997 4265 oculos
3032 4225 3137 4265 non
3166 4211 3427 4278 habeant,

1841 4305 2229 4359 attrectahunt.
2263 4302 2331 4358 Et
2353 4305 2552 4358 cadent
2587 4304 2642 4358 in
2684 4303 2913 4358 meridie
2942 4313 3197 4373 tanquam
3231 4305 3282 4356 in
3312 4319 3420 4357 me-

1841 4399 1928 4451 dia
1957 4407 2138 4463 nocte,
2167 4397 2320 4462 quasi
2354 4395 2648 4451 morientes
2677 4395 3051 4466 ingemiscent.
3100 4415 3122 4447 ι
3157 4395 3426 4464 Tempore

144 4477 243 4530 τοῦ
277 4478 386 4532 τῶν
416 4480 584 4534 ὲθνῶν
630 4483 1004 4556 μεσημϐρινοῦ
1037 4487 1235 4552 φωτὸς,
1281 4491 1402 4553 ταῖς
1450 4491 1739 4562 σωτηρίοις

1855 4490 2157 4544 meridiana:
2184 4489 2421 4559 gentium
2450 4489 2588 4543 lucis
2609 4527 2626 4552 ,
2652 4487 2982 4542 salutaribus
3009 4499 3064 4545 et
3085 4487 3419 4557 evangelicis

146 4569 240 4623 καὶ
289 4571 673 4639 εὑαγγελικαῖς
719 4574 914 4642 αὐγαῖς
947 4577 1047 4648 τῆς
1087 4578 1411 4649 Ἐκκλησίας
1453 4579 1547 4632 τοῦ
1599 4579 1734 4634 Θεοῦ

145 4660 678 4735 καταλαμπομένης,
709 4665 859 4735 μόνοι
894 4667 1070 4730 αὑτοὶ,
1101 4667 1175 4730 ὡς
1200 4668 1266 4722 ἂν
1295 4669 1364 4722 τὰ
1398 4669 1534 4740 πρὸς
1575 4669 1738 4724 θάνα-

143 4769 238 4806 τον
269 4756 677 4826 ἡμαρτηκότες,
728 4756 1072 4822 πεπτώκασι,
1131 4761 1226 4812 καὶ
1270 4759 1458 4832 ὥσπερ
1486 4763 1543 4815 ὲν
1570 4779 1736 4833 μεσο-

147 4847 354 4916 νυκτίῳ
372 4845 673 4914 διάγουσιν.

223 4956 242 4988 ι
293 4938 383 5001 Ὠς
419 4939 620 5008 ἄρκτος
664 4939 696 5010 ἢ
743 4937 818 5001 ώς
857 4941 1156 5013 περιστερά
1199 4942 1316 5012 ἅμα
1356 4942 1728 5014 πορεύσονται.

154 5027 553 5100 Ἀνεμείναμεν
579 5030 782 5103 κρίσιν,
810 5032 904 5084 καὶ
933 5033 1033 5085 οὑκ
1064 5032 1178 5086 ἔστι
1205 5033 1478 5106 σωτηρία·
1518 5035 1732 5107 μακρὰν

147 5122 461 5193 ἀφέστηκεν
520 5122 614 5192 ἀφ’
665 5123 844 5194 ἡμῶν.
899 5123 1078 5195 Πολλὴ
1131 5125 1240 5196 γὰρ
1269 5126 1426 5198 ήμῶν
1461 5129 1494 5198 ή
1536 5129 1736 5198 ἀνομία

144 5215 390 5267 ἐναντίον
440 5230 553 5275 σου,
613 5215 709 5267 καὶ
765 5217 818 5267 αἰ
872 5215 1138 5286 ἁμαρτίαι
1189 5215 1345 5286 ήμῶν
1398 5217 1732 5287 ἀντέστησαν

144 5307 306 5374 ἡμῖν·
339 5307 398 5357 αἱ
428 5303 538 5376 γὰρ
568 5306 787 5376 ἀνομίαι
822 5306 978 5376 ἡμῶν
1001 5309 1058 5358 ὲν
1097 5308 1248 5377 ἡμῖν,
1287 5308 1381 5361 καὶ
1428 5307 1496 5361 τὰ
1540 5308 1730 5381 ἀδική-

145 5414 293 5466 ματα
325 5396 486 5466 ήμῶν
515 5397 778 5467 ἔγνωμεν.
820 5418 838 5450 ι
869 5401 932 5451 υἱ
959 5399 1067 5470 γὰρ
1115 5399 1408 5470 στεναγμοὶ
1448 5399 1645 5466 αὐτῶν,
1681 5403 1729 5454 εἱ

147 5488 246 5557 μὲν
274 5487 422 5541 κατὰ
446 5487 605 5556 λόγον
636 5489 872 5558 ἐγίνοντο
895 5489 1036 5558 ὑπὲρ
1073 5481 1147 5541 ὧν
1181 5490 1544 5561 τετολμήκασι
1589 5491 1729 5544 κατὰ

148 5578 236 5632 τοῦ
269 5581 543 5650 Σωτῆρος,
571 5581 867 5649 ὲπωφελεῖς
896 5580 1140 5650 ἐγένοντο
1173 5581 1256 5637 ἄν.
1303 5583 1423 5652 Χρὴ
1475 5583 1581 5653 γὰρ
1629 5583 1724 5636 αὐ-

213 5779 262 5812 "
301 5781 501 5851 Epltes.
537 5799 596 5848 Il,
632 5783 718 5838 14.
799 5785 840 5816 ¹¹⁶
869 5784 1024 5840 Jnau.
1056 5787 1280 5851 nv,‘.’.7.

1844 4579 2009 4634 radiis
2040 4579 2306 4634 illustrata
2348 4578 2590 4634 Ecclesia
2621 4577 2718 4632 Dei
2745 4618 2760 4642 ,
2801 4579 2898 4648 ipsi
2928 4577 3030 4632 soli
3059 4617 3075 4643 ,
3107 4587 3295 4646 utpote
3321 4581 3416 4648 qui

1839 4669 1903 4722 ad
1933 4679 2162 4724 mortem
2200 4668 2589 4738 peccaverint,
2639 4666 2848 4736 delapsi
2880 4675 3046 4730 sunt,
3087 4677 3142 4720 et
3167 4666 3319 4736 quasi
3364 4667 3420 4720 in

1839 4761 2016 4816 media
2050 4770 2209 4816 nocte
2234 4772 2422 4831 agunt.

1913 4943 2074 4999 Vens.
2107 4943 2195 5007 Η,
2229 4943 2316 4997 12.
2353 4962 2372 4994 ι
2402 4942 2682 5012 Tanquam
2717 4948 3014 5005 ursus,aut
3045 4948 3297 5008 tanquam
3322 4952 3417 4992 co-

1835 5038 2017 5092 lumba
2051 5037 2213 5092 simul
2251 5037 2525 5091 incedent.
2565 5033 3015 5103 Exspectavinms
3048 5031 3432 5102 judicium,et.

1836 5147 1940 5185 non
1980 5140 2065 5185 est
2090 5129 2234 5184 salus
2269 5147 2283 5183 :
2318 5129 2480 5199 longe
2512 5128 2740 5181 recessit
2769 5141 2796 5178 a
2837 5124 3014 5182 nobis.
3059 5123 3222 5178 Multa
3263 5121 3410 5176 enim

1835 5223 2094 5291 iniquitas
2126 5229 2308 5276 nostra
2352 5220 2404 5273 in
2452 5227 2743 5286 conspectu
2797 5226 2890 5269 tuo
2914 5256 2929 5280 ,
2966 5224 3018 5268 et
3049 5226 3269 5284 peccata
3310 5228 3410 5266 no-

1833 5325 1942 5366 stra
1982 5311 2309 5366 obstiterunt
2355 5309 2535 5363 nobis.
2579 5305 2898 5375 lniquitates
2931 5306 3076 5359 enim
3123 5313 3326 5357 nostra:
3354 5301 3407 5353 in

1834 5403 1993 5457 nobis
2043 5411 2169 5456 sunt
2201 5439 2216 5467 ,
2256 5409 2312 5454 et
2363 5397 2658 5466 injustitias
2703 5407 2919 5451 nostras
2962 5395 3338 5466 cognovimus.
3380 5413 3406 5445 ›

1833 5491 1963 5545 Nam
2005 5491 2240 5562 gemitus
2302 5489 2541 5560 ipsorum
2573 5526 2591 5553 ε
2649 5487 2915 5556 siquidem
2955 5487 3166 5538 ratione
3215 5497 3404 5537 conm

1829 5599 1950 5654 qua:
1983 5593 2172 5640 contra
2206 5581 2546 5638 Salvatorem
2577 5579 2695 5636 ausi
2736 5587 2882 5643 sunt,
2923 5577 3107 5634 emissi
3151 5575 3406 5643 fuissent,
