3880 6216
395 368 498 424 48⁸1

1076 362 1346 420 EUSEBll
1382 361 1866 418 CESARIENSIS
1939 362 2092 421 OPP.
2135 360 2318 418 PARS
2357 362 2442 418 111.
2483 391 2556 407 -—
2593 361 3005 421 EXEGETICA.

3575 367 3676 423 488

397 490 530 560 ipsis
567 503 699 545 sane
730 487 994 543 fructuosi
1043 486 1211 541 futuri
1251 497 1430 542 erant.
1471 486 1681 542 Etenim
1716 501 1852 556 opus
1890 495 1974 542 est

2085 489 2204 551 τοὺς
2231 489 2322 541 καὶ
2342 487 2558 540 πενθεῖν
2587 487 2679 539 καὶ
2709 486 3007 550 στενάζειν,
3039 487 3132 540 καὶ
3158 486 3546 559 ἀποδύρεσθαι,
3575 487 3672 541 καὶ

396 584 543 652 ipsos
581 581 784 650 lugere,
831 581 1222 651 ingemiscere,
1265 580 1555 635 lamentari
1623 590 1678 635 et
1702 580 1978 651 plangere,

395 674 698 745 sanguinis,
733 688 894 744 quem
931 673 1259 735 emiderunt,
1295 687 1478 727 causa.
1517 673 1712 728 Verum
1761 673 1886 742 quia
1922 673 1977 726 id

396 780 558 834 agere
613 781 719 818 non
755 765 1042 826 videntur,
1090 763 1184 817 sed
1241 763 1427 817 urbem
1489 763 1636 818 illam
1685 764 1978 830 sensilem,

396 856 825 925 Hierosolymam
857 855 1002 918 dico,
1026 854 1332 924 deplorant,
1353 866 1405 910 et
1422 856 1631 909 ruinam
1651 856 1767 922 ejus
1790 856 1982 911 stolide

396 946 581 1015 lugent
603 985 620 1012 ,
644 944 769 1012 jure
803 945 989 999 bestiae
1014 944 1143 999 ferae
1182 957 1587 1014 comparantur.
1617 944 1980 1012 Quamobrem

394 1037 634 1092 dicitur:
675 1057 693 1089 ι
735 1035 801 1089 Ει
826 1037 1182 1107 ingemiscent
1214 1045 1468 1106 tanquam
1502 1054 1699 1102 ursus;
1730 1057 1748 1090 ι
1781 1037 1833 1091 in
1859 1037 1981 1092 aliis

393 1143 526 1183 vero
579 1129 799 1194 dicitur,
842 1146 862 1180 ι
928 1125 1084 1181 Sicut
1122 1141 1248 1180 ursa
1300 1127 1454 1193 prole
1487 1128 1700 1181 orbata.
1743 1147 1760 1178 ι
1805 1125 1980 1182 Ursus

393 1223 578 1290 itaque
626 1228 914 1284 vocantur,
967 1218 1091 1287 quia
1131 1219 1247 1273 haec
1297 1219 1411 1272 fera
1454 1219 1705 1273 homines
1735 1219 1978 1273 devorat.

395 1311 841 1379 Quandoquidem
896 1318 952 1364 et
997 1309 1101 1379 ipsi
1143 1310 1391 1365 homines
1431 1309 1786 1374 devorabant,
1818 1311 1982 1363 caedi-

394 1406 498 1459 bus
532 1412 788 1458 vacantes
815 1442 832 1466 ,
881 1411 937 1456 et
963 1401 1258 1472 prophetas
1283 1401 1642 1467 occidentes;
1676 1417 1817 1456 ursae
1853 1403 1981 1456 item

396 1496 552 1566 prole
579 1497 789 1551 orbata:
817 1494 1021 1551 similes
1052 1504 1202 1560 sunt,
1243 1495 1314 1550 ob
1342 1495 1572 1549 ﬁliorum
1609 1510 1831 1550 suorum
1867 1495 1986 1550 exi-

400 1589 537 1642 tium

471 1680 633 1736 Vens.
663 1679 745 1734 15.
786 1695 806 1731 ι
840 1678 1008 1749 lmpie
1051 1678 1283 1750 egimus,
1325 1688 1380 1734 et
1419 1680 1628 1734 mentiti
1677 1694 1897 1742 sumus,
1927 1687 1983 1733 et

393 1776 807 1833 retrocessimus
845 1789 874 1828 a
914 1774 1023 1828 Deo
1061 1782 1267 1829 nostro.
1302 1771 1489 1826 Loculi
1539 1787 1724 1826 sumus
1771 1771 1979 1839 iniqua,

2087 578 2364 651 δακρύειν,
2393 572 2468 632 ὧν
2501 578 2714 648 ἐξέχεον
2756 579 3003 648 αἱμάτων
3026 577 3208 631 ἕνεκα.
3244 579 3399 631 Ἐπεὶ
3427 579 3485 631 δὲ
3515 578 3676 632 τοῦτο

2093 671 2273 741 μὲνού
2310 669 2756 742 προσποιοῦνται,
2792 669 2889 739 τὴν
2934 669 2990 721 δὲ
3038 668 3192 721 πόλιν
3239 669 3340 741 τὴν
3385 668 3674 742 αἰσθητὴν.

2087 763 2231 832 λέγω
2287 763 2352 834 δὴ
2402 763 2500 834 τὴν
2544 761 2920 833 Ἰερουσαλὴμ,
2968 761 3378 827 ἀποκλαίονται,
3430 762 3525 816 καὶ
3574 763 3677 832 τὴν

2090 859 2298 912 πτῶσιν
2347 858 2517 928 αὐτῆς
2556 853 2902 919 στενάζουσιν
2940 854 3182 923 ἀλόγωςο
3225 854 3450 918 εἰκότως
3494 853 3676 924 ἀγρίῳ

2088 950 2264 1022 θηρίῳ
2279 948 2721 1020 παρεϐλήοησαν.
2742 947 2832 999 Διὸ
2848 946 3117 1000 λέλεκται·
3147 965 3164 996 ι
3185 946 3297 999 Kal
3326 945 3676 1010 στενάξουσιν

2085 1045 2160 1108 ὡς
2183 1044 2413 1115 ἀρκτοςο
2445 1061 2462 1093 ι
2499 1041 2593 1096 καὶ
2637 1044 2694 1095 ἐν
2736 1041 2916 1104 ἄλλοις
2941 1041 2995 1094 δὲ
3024 1040 3239 1112 εἴρηται
3261 1057 3274 1069 ο
3307 1035 3330 1091 ί
3365 1040 3452 1103 Ὠς
3468 1041 3673 1110 ἄρκτος

2087 1135 2480 1206 ἀτεκνουμένη.
2516 1155 2533 1186 ι
2561 1135 2795 1206 Ἄρκτος
2836 1135 2936 1206 μὲν
2967 1130 3059 1188 οῦν
3097 1132 3186 1186 διὰ
3221 1133 3284 1186 τὸ
3329 1132 3680 1205 ἀνθρωποϐό-

2087 1245 2179 1299 ρον
2202 1227 2297 1280 τοῦ
2337 1226 2501 1297 θηρὸς
2523 1227 2939 1298 ὠνομάσθησαν.
2980 1227 3132 1280 Ἐπεὶ
3159 1228 3252 1280 καὶ
3283 1227 3441 1280 αὐτοὶ
3465 1226 3680 1298 ἀνθρώ-

2087 1339 2221 1384 πους
2245 1320 2445 1390 ἔφαγον
2470 1321 2900 1392 μιαιφονοῦντες,
2934 1321 3029 1374 καὶ
3052 1321 3179 1385 τοὺς
3212 1321 3494 1392 προφήτας
3522 1320 3682 1372 ἀναι-

2091 1413 2314 1486 ροῦντες
2333 1432 2345 1444 ·
2378 1414 2754 1485 ἀτεκνουμένῃ
2781 1413 2838 1467 δὲ
2866 1413 3054 1485 ἄρκτῳ
3080 1413 3555 1486 παρωμοιώθησαν
3588 1411 3683 1466 διὰ

2084 1511 2183 1584 τὴν
2203 1509 2479 1564 ἀπώλειαν
2497 1509 2603 1562 τῶν
2631 1507 2836 1561 τέκνων
2865 1506 3066 1562 αὐτῶν.

2163 1709 2180 1740 ι
2204 1689 2604 1761 Ἦσεϐήσαμεν,
2623 1690 2716 1744 καὶ
2730 1687 3097 1758 ἐψευσάμεθα,
3114 1688 3208 1741 καὶ
3224 1687 3430 1757 ἀπέστη
3439 1703 3538 1756 μεν
3555 1701 3684 1740 οπε-

2089 1780 2214 1833 σθεν
2242 1779 2337 1832 τοῦ
2383 1778 2520 1832 Θεοῦ
2556 1778 2731 1850 ἡμῶν.
2776 1778 3146 1850 Ἐλαλήσαμεν
3175 1777 3354 1838 ἄδικα,
3389 1777 3481 1829 καὶ
3517 1778 3683 1845 ἠπει-

394 1879 453 1925 et
498 1869 916 1937 inobsequentes
970 1865 1191 1920 fuimus.
1243 1863 1600 1934 Concepimus
1639 1873 1694 1918 et
1741 1861 1979 1919 meditati

2087 1871 2351 1942 θήσαμεν.
2397 1869 2680 1940 Ἐκύομεν,
2734 1870 2828 1924 καὶ
2857 1868 3265 1941 ἐμελετήσαμεν
3312 1866 3420 1921 ἀπὸ
3449 1866 3682 1937 καρδίας

395 1975 586 2017 sumus
631 1961 696 2014 de
728 1959 891 2012 corde
923 1965 1112 2011 nostro
1143 1956 1306 2010 verba
1356 1955 1558 2025 iniqua.
1593 1974 1611 2007 ι
1649 1953 1774 2008 Hmc
1804 1963 1982 2008 autem

394 2053 654 2122 pr0plieta
699 2050 832 2104 dicit
874 2062 941 2103 ex
991 2060 1222 2116 persona
1263 2045 1478 2114 papuli,
1529 2045 1726 2099 docens
1767 2059 1895 2109 eos,
1926 2052 1984 2098 ut

393 2142 752 2198 conﬁteantur
785 2138 896 2193 Deo
939 2148 1188 2208 peccata,
1216 2146 1272 2190 et
1304 2151 1424 2191 sese
1463 2145 1720 2190 accusent
1747 2151 1762 2200 ;
1795 2145 1851 2189 ut
1901 2135 1985 2190 vel

396 2235 469 2288 ita
511 2233 700 2289 saltem
751 2231 930 2284 animo
979 2227 1325 2297 compnncti,
1367 2227 1595 2295 gradum
1644 2235 1900 2282 revocent
1927 2235 1984 2280 et

393 2331 778 2380 convertantur
807 2319 1182 2389 paenitentiam
1217 2317 1428 2372 edocti.

470 2414 630 2470 Vens.
661 2413 846 2466 14-20.
881 2430 901 2463 ‹
939 2411 1007 2465 Ει
1055 2411 1380 2466 abduximus
1430 2417 1577 2462 retro
1615 2408 1898 2477 judicium,
1927 2419 1983 2464 et

387 2509 600 2581 justitia
631 2507 786 2576 longe
815 2503 1063 2559 discessit
1089 2517 1103 2554 :
1135 2501 1392 2571 quoniam
1441 2511 1762 2571 consumpta
1813 2511 1895 2556 est
1925 2501 1979 2555 in

391 2601 498 2656 viis
522 2614 708 2654 eorum
735 2597 956 2659 veritas,
989 2604 1044 2650 et
1088 2608 1183 2664 per
1231 2601 1441 2648 rectum
1471 2593 1576 2646 iter
1615 2594 1849 2648 transire
1875 2607 1978 2646 non

394 2699 708 2763 potuerunt.
737 2689 805 2742 Et
837 2688 1044 2744 veritas
1088 2685 1299 2740 sublata
1347 2696 1467 2748 est,
1498 2692 1554 2738 et
1586 2683 1982 2740 transtulerunt

392 2789 654 2842 mentem,
689 2789 750 2832 ut
792 2792 900 2832 non
927 2774 1310 2844 intelligerent.
1350 2773 1416 2827 Et
1453 2773 1590 2828 vidit
1621 2773 1902 2838 Dominus,
1928 2782 1983 2828 et

393 2885 504 2925 non
537 2867 735 2937 placuit
768 2866 896 2938 ipsi,
929 2865 1056 2935 quia
1094 2879 1202 2918 non
1241 2874 1359 2920 erat
1384 2863 1671 2932 judicium.
1709 2864 1777 2919 Et
1825 2866 1979 2930 vidit,

395 2970 451 3014 et
487 2975 590 3014 non
621 2969 740 3014 erat
773 2959 894 3012 vir:
921 2967 974 3012 et
1005 2955 1397 3020 consideravit,
1422 2963 1604 3011 etnon
1624 2965 1744 3010 erat
1771 2957 1867 3026 qui
1883 2957 1979 3012 de-

394 3049 680 3104 fenderet:
709 3056 765 3102 et
789 3046 935 3102 ultus
963 3053 1047 3101 est
1071 3059 1166 3101 eos
1189 3044 1416 3100 brachio
1446 3059 1564 3110 suo,
1587 3054 1643 3101 et
1671 3046 1979 3103 misericor-

389 3140 482 3194 dia
523 3137 885 3194 conﬁrmavit.
925 3135 994 3191 Et
1040 3135 1216 3190 induit
1241 3133 1508 3204 justitiam
1547 3137 1705 3206 quasi
1731 3135 1976 3204 loricam,

391 3241 453 3288 et
489 3228 876 3300 circumposuit
914 3227 1120 3298 galeam
1163 3225 1418 3283 salutaris
1456 3225 1508 3281 in
1540 3227 1747 3297 capite,
1777 3236 1831 3282 et
1874 3228 1984 3282 cir-

390 3323 672 3382 cumdedit
713 3334 772 3376 se
807 3319 1135 3374 vestimento
1163 3317 1386 3373 ultionis
1425 3333 1440 3370 :
1473 3327 1529 3373 et
1576 3318 1812 3373 amictus
1846 3318 1983 3386 ejus,

391 3411 650 3483 ‘anquam
678 3410 1045 3466 retributurus
1067 3408 1138 3464 sit
1166 3407 1984 3479 retribuMopprobrium

397 3504 746 3560 adversariis.
793 3501 860 3556 Et
905 3500 1176 3556 timebunt
1213 3497 1592 3556 Occidentales
1644 3514 1839 3554 nomen
1879 3501 1984 3555 Do-

396 3600 552 3664 mini,
583 3606 638 3653 et
665 3597 756 3668 qui
785 3603 912 3651 sunt
961 3594 1028 3649 ab
1061 3602 1186 3649 ortu
1225 3592 1392 3660 solis,
1432 3607 1631 3648 nomen
1666 3591 1982 3663 gloriosum.

396 3691 592 3746 Veniet
613 3690 782 3755 enim,
817 3687 976 3759 quasi
1002 3685 1201 3741 ﬂuvius
1232 3685 1500 3740 violentus
1529 3684 1609 3738 ira
1641 3699 1672 3738 a
1707 3685 1933 3739 Domino
1966 3711 1981 3749 τ

394 3784 578 3839 veniet
606 3797 727 3838 cum
776 3780 980 3846 furore,
1015 3788 1070 3834 et
1103 3777 1284 3833 veniet
1317 3786 1536 3848 propter
1565 3775 1696 3831 Sion
1726 3777 1818 3845 qui
1852 3775 1985 3831 libe-

396 3886 503 3940 rat,
531 3885 588 3930 et
617 3881 827 3929 avertet
874 3872 1182 3940 impietates
1217 3885 1245 3924 a
1292 3867 1480 3924 Jacob.
1517 3886 1536 3920 ι
1576 3867 1676 3922 ilic
1711 3868 1840 3923 item
1887 3883 1984 3937 per

394 3969 530 4024 Sion
564 3968 649 4036 pia
696 3965 886 4036 religio
924 3963 1284 4034 signiﬁcatur,
1327 3977 1489 4030 quam
1532 3959 1764 4016 diversis
1808 3960 1981 4015 modis

397 4059 695 4117 Ecclesiam
734 4057 829 4112 Dei
883 4071 1006 4112 esse
1052 4054 1460 4124 comprobatum
1507 4063 1613 4108 est.
1665 4052 1834 4121 Hujus
1877 4054 1980 4107 ita-

395 4169 501 4224 que
535 4152 630 4207 Dei
656 4149 893 4206 civitatis
922 4162 1088 4203 causa
1119 4155 1379 4202 venturus
1414 4143 1675 4200 liberator
1694 4160 1814 4201 esse
1843 4146 1979 4201 dici-

393 4256 506 4310 tur,
551 4244 641 4314 qui
680 4244 790 4314 jam
835 4255 1002 4311 prope
1035 4248 1139 4296 est.
1184 4236 1253 4293 Et
1295 4236 1426 4307 quid
1479 4235 1641 4292 faciet
1677 4238 1703 4292 ?
1732 4236 1980 4294 Dimittet

395 4348 616 4412 peccata
648 4333 1036 4392 accedentibus
1061 4333 1130 4388 ad
1158 4347 1238 4388 se.

2086 1964 2243 2036 ἡμῶν
2281 1964 2474 2032 λόγους
2507 1963 2745 2026 ἀδίκους.
2769 1981 2787 2013 ι
2833 1962 2996 2031 Λέγει
3029 1961 3084 2014 δέ
3112 1960 3285 2014 ταῦτα
3317 1961 3346 2012 ὁ
3389 1959 3682 2029 προφήτης

2085 2058 2150 2109 ἐκ
2175 2055 2468 2128 προσώπου
2502 2054 2595 2108 τοῦ
2628 2052 2780 2120 λαοῦ,
2815 2053 3084 2108 διδάσκων
3111 2053 3308 2116 αὐτοὺς
3339 2050 3683 2121 ἐξομολογεῖ-

2086 2149 2208 2202 σθαι
2224 2149 2301 2220 τῷ
2323 2148 2442 2220 Θεῷ
2465 2148 2563 2212 τὰς
2583 2147 2855 2220 ἁμαρτίας
2872 2147 2966 2200 καὶ
2980 2148 3304 2218 κατηγορεῖν
3332 2146 3529 2208 αὐτοὺς
3549 2145 3682 2198 ἐαυ-

2082 2239 2214 2303 τῶν,
2233 2239 2319 2292 ἵνα
2333 2239 2435 2292 κᾶν
2457 2239 2650 2302 οὕτως,
2669 2236 2968 2310 πληγέντες
2987 2237 3085 2309 τὴν
3113 2237 3308 2310 ψυχὴν,
3339 2237 3680 2292 ἀνανεύσωσι

2083 2333 2175 2386 καὶ
2207 2332 2599 2403 ἐπιστρέψωσι,
2636 2333 2916 2402 μετανοεῖν
2933 2330 3291 2401 διδαχθέντες.

2159 2443 2177 2474 ‹
2205 2424 2315 2477 Kal
2361 2425 2748 2494 ἀπεστήσαμεν
2795 2422 2970 2476 ὀπίσω
3012 2423 3109 2494 τὴν
3159 2424 3358 2496 κρίσιν,
3403 2425 3498 2478 καὶ
3527 2424 3560 2494 ἡ
3589 2422 3676 2476 δι-

2082 2512 2339 2583 καιοσύνη
2360 2511 2578 2584 μακρὰν
2610 2511 2946 2581 ἀφέστηκεν·
2975 2512 3056 2566 ὄτι
3083 2511 3434 2583 κατηναλώθη
3465 2513 3521 2563 ὲν
3549 2513 3676 2574 ταῖς

2081 2603 2221 2666 ὁδοῖς
2247 2603 2426 2656 αὐτῶν
2465 2603 2499 2672 ἡ
2542 2601 2788 2672 ἀλήθεια,
2814 2601 2907 2653 καὶ
2945 2600 3012 2654 δι’
3040 2600 3254 2662 εὐθείας
3291 2601 3390 2652 οὐκ
3421 2599 3678 2654 ἐδύναντο

2078 2696 2326 2750 διελθεῖν.
2376 2696 2487 2750 Kal
2519 2696 2552 2766 ἡ
2581 2695 2808 2767 ἀλήθεια
2837 2693 3023 2768 ἦρται,
3061 2695 3153 2747 καὶ
3199 2693 3532 2764 μετέστησαν
3572 2692 3678 2764 τὴν

2079 2783 2318 2838 διάνοιαν
2349 2784 2443 2836 τοῦ
2475 2785 2734 2840 συνιέναι.
2767 2786 2878 2839 Kal
2903 2782 3009 2837 εἶδε
3043 2783 3263 2854 Κύριος,
3293 2782 3387 2836 καὶ
3421 2782 3520 2835 οὐκ
3545 2782 3682 2855 ἡρε-

2082 2890 2174 2928 σεν
2206 2871 2376 2944 αὐτῷ,
2434 2875 2515 2926 ὅτι
2549 2875 2648 2928 οὐκ
2673 2871 2740 2946 ἦν
2767 2875 2968 2946 κρίσις.
3003 2875 3112 2926 Καὶ
3157 2867 3286 2936 εἶδε,
3332 2871 3429 2926 καὶ
3475 2873 3576 2925 οὐκ
3602 2867 3679 2945 ἦν

2081 2967 2222 3039 ἀνὴρ
2246 2984 2259 2997 ·
2291 2969 2383 3020 καὶ
2405 2967 2722 3040 κατενόησε,
2752 2969 2845 3021 καὶ
2871 2968 2972 3020 οὐκ
2995 2961 3062 3038 ἦν
3094 2965 3514 3037 ἀντιληψόμενος
3533 2982 3546 2996 ⁸
3579 2966 3680 3021 καὶ

2080 3057 2328 3128 ἠμύνατο
2371 3059 2569 3123 αὐτοὺς
2608 3059 2686 3131 τῷ
2727 3058 2970 3131 βραχίονι
3003 3058 3188 3124 αὑτοῦ,
3225 3059 3318 3112 καὶ
3356 3060 3422 3128 τῇ
3450 3057 3681 3129 ἐλεημο-

2088 3147 2221 3219 σύνη
2248 3148 2589 3219 ἐστηρίσατο.
2640 3148 2751 3202 Kal
2784 3148 3066 3202 ἐνεδύσατο
3096 3146 3440 3218 δικαιοσύνην
3462 3148 3538 3212 ὡς
3568 3147 3677 3200 θώο

2091 3256 2255 3310 ρακα,
2278 3239 2372 3292 καὶ
2392 3238 2672 3312 περιέθετο
2699 3238 3128 3310 περικεφαλαίαν
3150 3238 3418 3309 σωτηρίου
3451 3239 3544 3291 ἐπὶ
3571 3239 3680 3309 τῆς

2090 3331 2354 3401 κεφαλῆς,
2387 3333 2482 3387 καὶ
2534 3331 2886 3404 περιεϐάλετο
2918 3331 3130 3403 ἱμάτιον
3164 3331 3498 3400 ἐκδικήσεως
3520 3347 3534 3360 ·
3575 3332 3679 3384 καὶ

2086 3421 2148 3474 rb
2179 3420 2522 3493 περιϐόλαιον
2547 3422 2733 3485 αὑτοῦ,
2767 3421 2843 3486 ὡς
2867 3415 3675 3506 ἀνταποδώσωνοάνταπόδοσιν,

2084 3511 2284 3576 όνειδος
2315 3514 2424 3574 τοῖς
2445 3512 2797 3576 ὑπεναντίοις.
2814 3511 2924 3565 Kal
2950 3505 3346 3580 φοϐηθήσονται
3372 3507 3420 3559 οἱ
3443 3505 3678 3559 ἀπὸηδυο

2087 3603 2238 3674 σμῶν
2258 3603 2320 3657 rb
2341 3603 2512 3675 ὅνομα
2538 3604 2766 3674 Κυρίου,
2801 3603 2895 3657 καὶ
2925 3602 2974 3654 οἱ
3003 3601 3096 3655 ἀπ’
3127 3597 3398 3653 ἀνατολῶν
3431 3597 3581 3669 ⁴ἡλίου
3607 3597 3680 3651 τὸ

2083 3695 2252 3765 ὄνομα
2277 3695 2339 3748 τὸ
2370 3694 2597 3760 ἔνδοξον.
2621 3694 2778 3760 ’Ἥξει
2801 3694 2911 3766 γὰρ
2941 3693 3017 3758 ὡς
3043 3691 3286 3762 ποταμὸς
3320 3689 3492 3761 βιαῖος
3521 3692 3555 3758 η
3583 3688 3679 3758 ὀρ-

2083 3784 2154 3857 γὴ
2187 3785 2336 3858 παρά
2379 3785 2615 3856 Κυρίου·
2642 3784 2760 3856 ἥξει
2789 3783 2928 3856 μετά
2955 3783 3152 3855 θυμοῦ,
3185 3783 3279 3837 καὶ
3318 3781 3436 3852 ἥξει
3479 3780 3677 3833 ἕνεκεν

2083 3874 2220 3930 Σιὼν
2243 3880 2272 3931 ὁ
2304 3878 2584 3949 ῥυόμενος,
2630 3879 2726 3931 καὶ
2760 3877 3094 3948 ἀποστρέψει
3129 3874 3383 3938 ἀσεϐείας
3411 3873 3519 3926 ἀπὸ
3557 3873 3673 3925 Ἰα-

2083 3967 2217 4022 κώϐ.
2246 3989 2265 4020 ι
2301 3969 2470 4022 Πάλιν
2497 3969 2554 4022 δὲ
2588 3971 2683 4022 καὶ
2723 3967 2954 4022 ἐνταῦθα
2984 3967 3046 4020 rb
3088 3965 3335 4028 θεοσεϐὲς
3364 3964 3675 4033 πολίτευμα

2083 4057 2405 4128 σημαίνεται
2429 4059 2518 4112 διά
2555 4059 2654 4129 τῆς
2678 4057 2837 4122 Σιὼν,
2868 4058 2988 4128 ἥτις
3011 4057 3279 4128 διαφόρως
3311 4055 3675 4108 ἀπεδείκνυτο

2079 4145 2266 4220 οῦσαή
2305 4148 2598 4221 Ἐκκλησία
2637 4149 2730 4203 τοῦ
2767 4149 2921 4202 Θεοῦ.
2975 4148 3192 4218 Ταύτης
3225 4141 3317 4200 οὖν
3346 4144 3533 4198 ἕνεκεν
3564 4145 3675 4216 τῆς

2079 4240 2173 4294 τοῦ
2207 4241 2343 4294 Θεοῦ
2375 4242 2582 4305 πόλεως
2614 4241 2764 4312 ἥξειν
2809 4240 3026 4310 λέγεται
3078 4242 3106 4294 ὁ
3136 4239 3397 4312 ῥυόμενος
3428 4240 3456 4290 ὁ
3508 4238 3678 4308 ἀγχι-

2081 4333 2304 4386 στεύων.
2353 4333 2464 4386 Kal
2500 4333 2554 4386 τί
2604 4333 2854 4404 ποιήσεις
2903 4330 3254 4402 Συγχωρήσει
3302 4329 3401 4392 τὰς
3450 4327 3676 4393 ἀδικίας

2077 4428 2191 4489 τοῖς
2219 4424 2536 4496 προσιοῦσιν
2566 4423 2730 4495 αὐτῷ.

471 4515 635 4571 Vens.
662 4515 752 4570 2!.
783 4533 804 4568 ι
841 4513 910 4568 Ει
955 4514 1058 4570 hoc
1080 4512 1210 4585 ipsis
1246 4510 1646 4568 Testamentum
1673 4527 1704 4567 a
1734 4527 1820 4567 me
1871 4521 1971 4578 est,

2155 4535 2175 4567 ί
2202 4517 2312 4571 Kal
2344 4515 2484 4588 αῦτη
2514 4517 2698 4580 αὐτοῖς
2733 4518 2768 4587 ἡ
2801 4516 2931 4587 παρ’
2952 4514 3086 4586 ἐμοῦ
3114 4513 3376 4585 Διαθήκη,
3402 4509 3524 4566 εἷπε
3554 4511 3676 4566 Κύ-

395 4609 536 4662 dixit
571 4607 849 4662 Dominus.
872 4605 1108 4675 Spiritus
1148 4619 1324 4673 meus,
1349 4606 1440 4676 qui
1465 4615 1548 4661 est
1575 4606 1628 4660 in
1672 4614 1831 4659 tezet
1859 4619 1977 4658 ver-

396 4697 490 4765 ba,
519 4712 639 4766 qua:
672 4696 795 4751 dedi
825 4696 880 4750 in
917 4710 980 4751 os
1009 4704 1159 4750 tuum
1191 4712 1204 4750 :
1237 4704 1293 4751 et
1343 4712 1448 4750 non
1488 4695 1739 4752 deﬁcient
1772 4709 1839 4750 ex
1881 4708 1978 4750 ore

397 4799 512 4857 tuo,
537 4804 712 4858 neque
733 4803 800 4844 ex
847 4803 944 4844 ore
991 4787 1218 4844 seminis
1239 4789 1338 4843 tui.
1367 4789 1518 4842 Dixit
1546 4788 1689 4842 enim
1720 4787 1978 4841 Dominus

400 4879 594 4934 amodo
627 4887 686 4935 et
735 4893 907 4948 usque
937 4879 990 4934 in
1020 4879 1296 4934 saxulum.
1328 4897 1347 4932 ι
1382 4878 1482 4934 llic
1529 4879 1710 4948 itaque
1743 4878 1977 4947 Spiritus

395 4971 799 5028 Testamentum
827 4980 946 5026 erat
967 4987 982 5024 :
1001 4971 1358 5041 quamobrem
1378 4971 1626 5027 Salvator
1645 4979 1699 5026 et
1716 4970 1974 5025 Dominus

397 5073 582 5119 noster
607 5062 762 5119 Jesus
787 5061 1035 5117 Christus
1077 5062 1358 5132 discipulis
1387 5063 1500 5119 suis
1531 5061 1788 5132 Spiritum
1827 5062 1975 5117 dedit

394 5155 618 5211 dicens:
651 5172 670 5207 ι
697 5155 938 5224 Accipite
977 5153 1240 5222 Spiritum
1269 5164 1518 5209 sanctum
1552 5170 1566 5219 ;
1597 5153 1644 5207 si
1671 5152 1968 5222 cujuspiam

396 5247 714 5302 remiseritis
746 5254 992 5317 peccata,
1037 5247 1384 5300 remittemur
1418 5246 1466 5299 ei
1501 5246 1566 5293 ⁸⁸.
1603 5264 1620 5296 ι
1659 5244 1769 5298 Hoc
1811 5243 1975 5312 igitur

397 5337 603 5394 Novum
653 5337 1058 5393 Testamentum
1092 5346 1197 5402 est,
1225 5347 1280 5391 et
1310 5347 1471 5407 caput
1507 5337 1768 5407 mysterii,
1793 5333 1970 5405 Spiri-

397 5438 484 5484 tus
513 5439 754 5484 sanctus.
779 5429 846 5484 Et
869 5429 1052 5492 verba,
1082 5444 1202 5499 quae
1237 5429 1358 5484 dedi
1391 5429 1442 5482 in
1468 5443 1529 5484 os
1567 5439 1739 5491 tuum,
1758 5437 1812 5481 et
1859 5442 1964 5482 non

393 5521 664 5577 deﬁcient.
706 5541 724 5574 ι
756 5522 973 5579 Manent
997 5524 1140 5578 enim
1171 5531 1227 5577 et
1255 5523 1307 5575 in
1343 5522 1594 5591 praesenti
1623 5531 1678 5576 et
1702 5521 1753 5574 in
1789 5519 1967 5575 futuro

391 5611 587 5667 szeculo
613 5613 726 5669 haec
750 5614 1269 5680 omnia,secundum
1307 5612 1611 5670 Servatoris
1651 5613 1820 5668 nostri
1848 5626 1967 5667 ver-

399 5821 406 5828 .
461 5782 503 5815 ⁸³
530 5781 689 5840 Joan.
723 5802 813 5854 xx,
844 5788 933 5858 22,
965 5793 1054 5848 25.

2081 4624 2215 4678 ριος.
2250 4608 2323 4660 Τὸ
2354 4606 2579 4678 Πνεῦμα
2599 4607 2661 4659 rb
2687 4606 2838 4677 ἐμὸν,
2865 4607 2895 4659 ὅ
2920 4607 3066 4659 ἐστιν
3094 4605 3185 4657 ἐπὶ
3215 4605 3316 4666 σοι,
3352 4603 3444 4656 καὶ
3470 4602 3541 4655 τὰ
3573 4605 3678 4675 ρη.

2081 4716 2223 4770 ματα
2257 4699 2293 4752 ἃ
2331 4698 2504 4752 ἔδωκα
2552 4701 2632 4762 είς
2663 4698 2726 4751 rb
2755 4697 2928 4768 στόμα
2962 4713 3056 4749 σου
3077 4713 3090 4726 ·
3137 4694 3232 4749 καὶ
3257 4695 3319 4747 οὐ
3355 4693 3429 4765 μὴ
3463 4693 3677 4767 ἐκλίπῃ

2075 4791 2141 4843 ἐκ
2163 4789 2258 4843 τοῦ
2291 4791 2556 4860 στόματός
2585 4807 2701 4854 σου,
2736 4790 2831 4842 καὶ
2867 4791 2931 4842 ἐκ
2957 4787 3051 4841 τοῦ
3078 4787 3344 4858 στόματος
3369 4784 3460 4838 τοῦ
3494 4784 3675 4853 σπέρ.

2079 4880 2249 4948 ματός
2276 4896 2391 4932 σου.
2427 4875 2562 4932 Εἷπε
2599 4878 2708 4950 γὰρ
2742 4878 2944 4949 Κύριος
2967 4877 3075 4931 ἀπὸ
3096 4876 3189 4930 τοῦ
3214 4876 3308 4930 νῦν
3341 4874 3436 4928 καὶ
3467 4876 3549 4936 εις
3572 4875 3674 4926 τὸν

2075 4971 2267 5026 αἰῶνα.
2293 4990 2312 5024 ι
2345 4971 2515 5024 Τοῦτο
2541 4971 2670 5040 γοῦν
2697 4971 2757 5024 rb
2790 4971 3013 5042 Πνεῦμα
3033 4973 3066 5041 ἠ
3098 4968 3340 5040 Διαθήκη
3365 4966 3634 5036 ἐτύγχανε

2071 5062 2260 5134 διόπερ
2279 5063 2308 5115 ὁ
2335 5063 2524 5135 Σωτὴρ
2569 5065 2664 5117 καὶ
2694 5062 2899 5135 Κύριος
2921 5065 2955 5133 ἡ
2965 5061 3083 5132 μῶν
3127 5059 3335 5132 Ἰησοῦς
3371 5059 3400 5111 ὁ
3424 5058 3671 5130 Χριστὸς

2073 5156 2184 5216 τοῖς
2211 5153 2403 5206 ἐαυτοῦ
2432 5155 2702 5225 μαθηταῖς
2730 5153 2896 5207 ἐδίδου
2923 5153 2984 5207 τὸ
3010 5151 3234 5222 Πνεῦμα
3264 5149 3465 5218 λέγων·
3507 5165 3527 5199 ι
3549 5148 3652 5204 Δάν

2072 5244 2196 5297 ϐετε
2245 5245 2470 5316 Πνεῦμα
2500 5246 2672 5314 ἆγιον,
2707 5246 2802 5299 ἐάν
2830 5261 2974 5308 τινος
3003 5243 3176 5314 ἀφῆτε
3211 5239 3311 5303 τὰς
3356 5237 3663 5310 ἁμαρτιας,

2071 5335 2318 5405 ἀφίενται
2349 5337 2517 5408 αὐτῷ.
2544 5357 2562 5390 ι
2598 5336 2746 5409 Αὕτη
2780 5336 2958 5389 τοίνυν
2996 5337 3029 5405 ἡ
3063 5332 3241 5400 Καινὴ
3269 5329 3536 5400 Διαθήκη,
3561 5329 3665 5382 καὶ

2072 5430 2132 5481 rb
2186 5429 2481 5498 κεφάλαιον
2511 5429 2605 5482 τοῦ
2638 5428 2958 5500 μυστηρίου,
2995 5427 3056 5480 rb
3104 5423 3330 5494 Πνεῦμα
3377 5421 3440 5475 rb
3477 5419 3660 5488 ἅγιον.

2079 5537 2097 5570 ι
2124 5521 2233 5572 Kal
2258 5521 2326 5574 τὰ
2359 5523 2582 5593 ῥήματα
2612 5520 2647 5576 ἃ
2679 5520 2853 5573 ἔδωκα
2893 5521 2974 5582 είς
3008 5517 3070 5570 rb
3097 5512 3192 5580 οῦς
3226 5532 3342 5581 σου,
3369 5515 3464 5570 καὶ
3487 5513 3548 5566 οὐ
3579 5511 3660 5583 μὴ

2072 5611 2287 5684 ἐκλίπῃ.
2317 5633 2334 5664 ι
2385 5612 2554 5667 Μένει
2583 5611 2692 5683 γὰρ
2717 5611 2810 5664 καὶ
2841 5613 2920 5674 εἰς
2947 5609 3038 5662 τὸν
3073 5608 3314 5680 παρόντα
3349 5606 3527 5660 αἰῶνα
3557 5603 3661 5658 καὶ
