3880 6216
172 322 274 378 489

1145 311 1654 370 ΕΟΜΜΕΝΤΑΒΙΑ
1689 312 1760 368 1N
1801 314 2054 371 ISAIAM.
2097 345 2164 355 --
2200 315 2356 372 CAP.
2398 315 2509 372 LX.

3325 314 3433 372 490

170 445 248 504 εἰς
271 439 366 493 τὸν
395 437 656 510 μέλλοντα
701 437 873 490 ταῦτα
907 434 1104 500 πάντα,
1149 432 1289 486 κατὰ
1333 434 1400 488 τὰ
1423 434 1675 506 ῥήματα,
1715 432 1751 487 ά

1877 450 1919 488 ιο
1955 437 2008 489 in
2033 434 2336 506 Evangeliis
2377 435 2571 491 tradita
2626 435 2697 492 ab
2737 435 2859 504 ipso
2882 433 3163 490 Salvatore
3195 431 3432 499 dicente,

171 527 407 595 ἐδίδαξεν
433 529 598 592 αὐτὸς
641 531 670 582 ό
703 527 895 600 Σωτὴρ
939 528 996 579 ἐν
1019 525 1371 595 Εὑαγγελίοις
1415 525 1584 578 εἰπών
1605 541 1618 554 ο
1655 542 1676 576 ι
1698 525 1756 578 '0

170 621 396 691 οὐρανὸς
441 621 538 674 καὶ⁵
572 622 606 691 ἡ
649 619 723 690 γῆ
754 617 1168 691 παρελεύσεται,
1208 618 1256 670 οἱ
1284 615 1341 669 δὲ
1374 614 1520 684 λόγοι
1564 633 1664 686 μου
1693 616 1755 668 οὐ

172 711 248 784 μὴ
269 711 634 784 παρέλθωσιν.
668 728 688 763 ι

708 840 1105 896 ΚΕΦΔΛΑΙΟΝ
1141 838 1214 893 Ξ¹.

241 953 262 986 ι
281 931 548 999 Φωτίζου,
577 930 833 1002 φωτίζου,
872 929 1256 1002 Ἰερουσαλήμ·
1295 930 1420 1001 ἥκει
1441 930 1550 1001 γάρ
1573 946 1665 983 σου
1695 929 1756 982 τὸ

168 1025 306 1095 φῶς,
334 1025 432 1080 καὶ
455 1027 490 1096 ή
511 1023 638 1089 δόξα
669 1024 875 1096 Κυρίου
905 1024 998 1078 ἐπὶ
1026 1022 1086 1078 σὲ
1131 1021 1513 1077 ἀνατέταλκεν.
1541 1041 1559 1074 ι
1605 1021 1757 1077 Ἐπεὶ

167 1118 347 1171 τοίνυν
379 1119 408 1170 ὀ
437 1116 672 1190 Χριστὸς
705 1115 868 1180 αὐτὸς
890 1110 958 1186 ἦν
989 1115 1050 1169 τὸ
1082 1113 1199 1185 φῶς
1223 1114 1318 1168 καὶ
1350 1116 1384 1186 ή
1409 1113 1636 1184 ἀλήθεια
1666 1113 1757 1169 καὶ

170 1211 370 1283 ἡ.ζωὴ,
399 1210 492 1264 καὶ
518 1209 634 1279 φῶς
652 1211 762 1273 τοῖς
792 1209 871 1271 είς
888 1206 980 1260 τὸν
1007 1207 1209 1276 κόσμον
1230 1221 1245 1236 °
1275 1205 1499 1268 εἰκότως
1511 1204 1612 1275 τῆς
1639 1202 1759 1257 τού-

171 1319 265 1355 του
320 1301 620 1374 παρουσίας
676 1300 972 1354 ἀπολαύειν
1027 1301 1057 1352 ό
1091 1299 1248 1368 λόγος
1290 1301 1360 1370 τῇ
1406 1296 1758 1368 Ἰερουσαλὴμ

174 1393 513 1468 προσεφώνει
567 1393 781 1462 λέγων·
835 1411 854 1443 ι
882 1391 1142 1456 Φωτίζου,
1191 1389 1446 1460 φωτίζου,
1483 1389 1752 1460 Ἰερουσα-

170 1487 284 1558 λήμ
303 1504 316 1516 ·
348 1487 474 1557 ἥκει
503 1484 610 1556 γάρ
636 1501 728 1538 σου
753 1484 814 1537 τὸ
849 1483 980 1554 φῶς.
1012 1502 1031 1535 ι
1091 1482 1273 1553 Αὐτῆς
1302 1481 1358 1534 δὲ
1382 1477 1521 1536 εἶναι
1556 1479 1753 1551 φάσκει

171 1580 233 1634 τὸ
255 1579 392 1649 φῶς.
418 1579 504 1635 διὰ
523 1579 584 1632 τὸ
607 1579 743 1649 αὐτῇ
767 1577 865 1640 τὰς
892 1574 1134 1648 περὶτοῦ
1163 1573 1402 1647 Χριστοῦ
1429 1575 1758 1645 ἐπαγγελίας

173 1669 282 1722 ὑπὸ
308 1667 417 1722 τῶν
446 1667 742 1740 προφητῶν
763 1665 1117 1738 κεκηρῦχθαι.
1153 1665 1217 1720 Ei
1242 1665 1341 1737 μὲν
1362 1663 1455 1720 οὖν
1478 1665 1759 1720 πεισθεῖσα

1862 545 1881 578 ι
1903 525 2110 582 ϐωιυιη
2151 535 2206 582 οι
2243 537 2388 582 terra
2421 527 2744 592 transibunt,
2779 524 2943 582 verba
2972 535 3154 582 autem
3179 538 3299 581 mea
3323 538 3434 582 non

1866 619 2169 676 transibunt
2191 618 2259 674 ³⁸.
2278 638 2303 672 μ»

2455 838 2680 897 CAPUT
2720 837 2836 894 LX.

1926 934 2090 992 Vens.
2109 936 2161 990 l.
2198 953 2216 986 ι
2236 933 2568 1003 llluminare,
2590 933 2917 998 illuminare,
2937 929 3260 996 Jerusalem,
3287 931 3440 988 venit

1856 1030 1999 1083 enim
2044 1029 2221 1084 lumen
2271 1038 2440 1096 tuum,
2470 1037 2526 1083 et
2563 1026 2734 1096 gloria
2768 1023 2983 1080 Domini
3026 1037 3190 1094 super
3237 1031 3289 1078 te
3319 1031 3438 1078 orta

1857 1131 1963 1176 est.
1993 1140 2012 1173 ι
2052 1120 2317 1189 Quoniam
2345 1135 2474 1194 ergo
2503 1119 2617 1191 ipse
2646 1119 2900 1176 Christus
2931 1125 3049 1172 erat
3089 1117 3179 1171 tux
3203 1125 3260 1172 et
3296 1104 3453 1170 veri-'

1861 1224 1940 1271 tas
1968 1224 2023 1270 et
2054 1215 2186 1282 vita,
2235 1213 2324 1268 lux
2354 1213 2562 1269 scilicet
2597 1213 2666 1270 iis
2685 1213 2777 1284 qui
2816 1212 2868 1266 in
2901 1210 3101 1266 mundo
3131 1218 3277 1271 sunt,
3320 1207 3442 1278 ejus

1856 1306 2140 1377 praesentia
2171 1305 2454 1360 {ruituram
2481 1303 2780 1360 Jerusalem
2816 1304 3012 1359 merito
3040 1301 3443 1374 praenuntiabat

1861 1401 1946 1454 his
1975 1399 2174 1464 verbis,
2206 1417 2226 1450 ι
2257 1396 2565 1452 llluminare
2585 1437 2600 1463 ,
2637 1398 2966 1462 illuminare,
2990 1394 3315 1462 Jerusalem,
3346 1410 3440 1450 ve-

1857 1493 1938 1545 nit
1968 1491 2116 1546 enim
2151 1490 2239 1545 lux
2266 1501 2376 1545 tua.
2416 1508 2434 1542 ι
2470 1488 2598 1561 Ejus
2629 1501 2809 1546 autem
2836 1503 2956 1546 esse
2981 1489 3155 1545 lucem
3189 1489 3285 1554 ait,
3312 1488 3442 1559 quia

1865 1583 1967 1653 ipsi
2012 1583 2218 1637 venturi
2245 1581 2445 1638 Christi
2476 1582 2898 1654 pollicitationes
2935 1597 2964 1638 a
2998 1581 3278 1652 prophetis
3306 1597 3440 1654 pra}-

1861 1674 2052 1728 dicatm
2077 1681 2218 1727 sunt.
2248 1671 2306 1726 Si
2337 1672 2498 1743 igitur
2528 1682 2796 1742 prtecepto
2830 1674 3120 1744 morigera,
3152 1672 3288 1728 lucis
3311 1685 3440 1727 con-

173 1763 252 1834 τῷ
282 1761 722 1833 παραγγέλματι,
766 1759 858 1814 τοῦ
901 1760 1080 1830 φωτὸς
1127 1759 1461 1831 μετειλήφει,
1495 1759 1586 1814 τὸν
1622 1761 1758 1830 Χρι-

1877 1780 1980 1820 sors
2010 1764 2218 1830 fuisset,
2254 1762 2526 1818 Christum
2551 1762 2647 1819 Dei
2677 1765 3042 1834 suscipiendo,
3077 1779 3250 1836 usque
3290 1765 3343 1818 in
3372 1763 3440 1818 ﬁ-

176 1854 301 1908 στὸν
320 1851 416 1907 τοῦ
443 1851 583 1906 Θεοῦ
618 1850 1061 1924 παραδεξαμένη,
1095 1849 1360 1922 διέμεινεν
1388 1850 1453 1905 ἂν
1479 1852 1537 1904 ἐν
1567 1851 1761 1924 είρήνῃ

1877 1877 1986 1917 nem
2009 1860 2196 1929 utique
2218 1859 2270 1913 in
2294 1872 2424 1930 pace
2449 1859 2759 1914 mansisset.
2781 1856 2992 1914 Etenim
3015 1871 3141 1913 ecce
3157 1856 3272 1926 jam
3295 1856 3445 1911 venit

176 1947 341 2020 μέχρι
372 1946 577 2010 τέλους.
631 1945 706 1999 Ίέδ
737 1944 847 2016 γὰρ
890 1943 1059 1998 πάλαι
1099 1960 1180 1997 σοι
1214 1942 1303 1998 διὰ
1332 1942 1441 1996 τῶν
1465 1944 1762 2014 προφητῶν

173 2037 615 2108 κατηγγελμένον
638 2035 755 2104 φῶς
787 2035 897 2089 ἰδοὺ
930 2034 1026 2089 νῦν
1058 2035 1303 2108 ἐλήλυθε.
1338 2034 1430 2088 Διὸ
1466 2034 1540 2107 μὴ
1579 2034 1760 2105 μέλλε,

173 2131 411 2201 φωτίζον
440 2131 518 2197 δὲ,
553 2127 811 2199 φωτίζον,
848 2129 942 2183 καὶ
973 2127 1073 2198 τῆς
1094 2129 1317 2200 χάριτος
1347 2126 1759 2199 μεταλάμὼνευ

175 2221 290 2276 ἔστι
331 2221 441 2292 γάρ
467 2237 548 2273 σοι
581 2217 914 2289 φωτισθείσῃ
944 2217 1068 2289 τάδε
1103 2219 1196 2272 καὶ
1222 2216 1370 2272 τάδε.

251 2332 270 2365 ι
306 2313 436 2366 Ἰδοὺ
472 2311 661 2374 σκότος
706 2309 935 2378 καλύψει
990 2309 1093 2380 γῆν
1126 2310 1221 2364 καὶ
1257 2310 1449 2379 γνόφος
1496 2311 1582 2364 ἐπ’
1612 2308 1761 2381 ἔθνη.

184 2405 310 2458 Ἐπὶ
343 2403 400 2456 δὲ
436 2403 494 2456 σὲ
526 2404 827 2474 φανήσεται
864 2399 1089 2473 Κύριος.
1123 2402 1220 2456 καὶ
1255 2405 1289 2474 ἡ
1320 2401 1444 2469 δόξα
1476 2401 1643 2456 αὑτοῦ
1673 2403 1766 2455 ἐπὶ

176 2495 236 2547 σέ
266 2493 584 2564 ὀφθήσεται.
616 2513 636 2546 ι
677 2495 768 2560 Ὠς
803 2494 946 2549 κατὰ
968 2494 1067 2565 τὴν
1098 2493 1320 2565 πρώτην
1350 2495 1646 2567 παρουσίαν
1671 2495 1764 2550 τοῦ

174 2586 430 2658 Σωτῆρος
461 2585 620 2657 ήμῶν
649 2585 909 2640 δύνασθαι
940 2583 1114 2640 ταῦτα
1142 2585 1481 2656 πληροῦσθαι
1511 2604 1525 2618 ο
1561 2587 1623 2641 ού
1659 2588 1766 2660 μὴν

172 2678 313 2733 ἀλλὰ
365 2679 458 2734 καὶ
491 2677 633 2733 κατὰ
664 2679 765 2750 τὴν
792 2678 1049 2748 δευτέραν
1093 2678 1186 2736 καὶ
1211 2677 1418 2746 ἔνδοξον
1443 2680 1607 2734 αὑτοῦ
1645 2679 1765 2735 θεο-

174 2771 404 2844 φάνειαν
430 2770 618 2836 τέλους
641 2770 781 2824 αὐτὰ
808 2769 1114 2836 τεύξεσθαι.

251 2863 405 2918 «Καὶ
440 2862 797 2938 πορεύσονται
837 2861 1074 2933 βασιλεῖς
1115 2864 1173 2916 ἐν
1214 2862 1292 2936 τῷ
1333 2864 1472 2933 φωτί
1519 2880 1634 2928 σου,
1675 2865 1768 2918 καὶ

176 2956 306 3026 rem
330 2957 396 3026 τῇ
425 2954 772 3026 λαμπρότητι
807 2971 924 3010 σου.
949 2973 967 3004 ι
1005 2955 1080 3008 Οὐ
1102 2953 1211 3027 γὰρ
1231 2955 1323 3009 ἐπὶ
1349 2955 1555 3019 πάντας
1583 2956 1770 3009 ἀνατε-

173 3048 311 3111 λεῖς,
348 3046 462 3100 ἀλλ’
501 3046 595 3099 ἐπὶ
630 3045 823 3117 μόνους
849 3047 976 3110 τοὺς
1015 3045 1219 3114 ἀξίους.
1247 3045 1388 3112 Τοὺς
1417 3045 1526 3118 γὰρ
1553 3045 1630 3119 μὴ
1659 3063 1768 3100 τοι-

1863 1951 1956 2008 lux
2003 1951 2116 2017 illa,
2143 1951 2274 2007 olim
2312 1950 2407 2006 tibi
2450 1966 2546 2022 per
2577 1949 2871 2022 prophetas
2895 1949 3229 2004 annuntiata.
3265 1947 3444 2017 Quare

1863 2060 1930 2100 ne
1959 2043 2252 2109 cuncteris,
2295 2045 2393 2101 sed
2437 2043 2762 2111 illuminare,
2794 2041 3138 2109 illuminare,
3169 2049 3224 2096 et
3253 2040 3445 2111 gratia

1865 2139 2135 2208 particeps
2159 2145 2312 2204 esto;
2339 2137 2431 2194 tibi
2462 2138 2608 2193 enim
2645 2135 2963 2193 illuminata
2997 2135 3112 2190 haec
3139 2143 3194 2190 et
3229 2133 3319 2189 illa
3347 2132 3443 2190 ad-

1864 2235 2046 2284 erunt.
2369 2246 2375 2252 ’

1935 2317 2104 2374 Vsus.
2133 2317 2191 2371 2.
2227 2336 2247 2370 ι
2279 2317 2419 2373 Ecce
2454 2311 2689 2373 teneb'raa
2732 2315 2979 2386 operient
3010 2324 3233 2381 terram,
3262 2321 3318 2368 et
3351 2329 3444 2370 ca-

1865 2410 1976 2480 ligo
2012 2424 2173 2480 super
2206 2417 2418 2481 gentes.
2453 2407 2628 2479 Super
2652 2417 2706 2462 te
2739 2416 2917 2462 autem
2947 2406 3228 2476 apparebit
3258 2404 3442 2459 Domi-

1867 2515 1989 2564 nus,
2024 2507 2080 2554 et
2125 2497 2294 2570 gloria
2325 2497 2442 2564 ejus
2483 2498 2535 2552 in
2569 2506 2620 2552 te
2666 2495 2956 2552 videbitur.
2990 2513 3011 2548 ι
3051 2495 3184 2564 Quae
3223 2509 3356 2549 sane
3387 2494 3442 2548 iu

1865 2591 2043 2662 primo
2073 2589 2367 2646 Salvatoris
2384 2589 2614 2644 adventu
2640 2587 2899 2644 accidisse
2920 2596 3143 2657 possunt
3159 2603 3174 2651 ;
3193 2601 3258 2641 ac
3278 2585 3442 2641 etiam

1867 2683 1921 2738 in
1953 2683 2191 2740 secunda
2230 2691 2285 2738 et
2317 2681 2550 2752 gloriosa
2585 2681 2872 2750 divinaque
2900 2679 3016 2750 ejus
3055 2681 3340 2749 praesentia
3380 2677 3445 2732 ﬁ-

1869 2789 1992 2830 nem
2027 2773 2288 2844 consequi
2319 2770 2594 2827 valebunt.

1938 2863 2106 2924 Vens.
2138 2865 2188 2919 '5.
2217 2882 2235 2916 ι
2257 2863 2322 2918 Ει
2344 2861 2694 2919 ambulabunt
2729 2876 2883 2932 rcges
2911 2861 2965 2916 in
2989 2859 3195 2915 lumine
3236 2869 3350 2922 tuo,
3390 2869 3448 2914 et

1867 2965 2055 3030 gentes
2072 2958 2121 3010 in
2137 2953 2426 3025 splendore
2439 2963 2550 3008 tuo.
2566 2951 2706 3008 »Νοιι
2724 2951 2974 3010 omnibus
2989 2952 3257 3016 enim,sed
3270 2950 3446 3022 dignis

1871 3057 2076 3101 tantum
2126 3045 2340 3102 orieris.
2375 3042 2630 3116 indignos
2661 3045 2857 3116 quippe
2893 3045 3125 3102 tenebrae
3147 3045 3447 3102 exteriores

176 3137 372 3201 ούτους
397 3136 718 3208 διαλήψεται
743 3137 804 3190 τὸ
838 3134 1100 3210 ἐξώτερον
1135 3137 1324 3203 σκότος
1351 3138 1447 3192 καὶ
1485 3137 1547 3191 τὸ
1575 3138 1686 3210 πῦρ
1708 3138 1765 3193 τὸ

1877 3150 1925 3195 οι
1951 3139 2090 3209 ignis
2119 3150 2357 3196 aeternus
2406 3137 2698 3208 excipient,
2731 3153 2940 3194 necnon
2969 3137 3074 3192 alia
3109 3139 3290 3194 omnia
3328 3152 3447 3208 qua

177 3229 417 3296 αἰώνιον,
445 3231 540 3284 καὶ
559 3231 659 3283 ὅσα
681 3228 815 3285 ἄλλα
838 3231 949 3297 τοῖς
981 3229 1229 3284 ἀσεϐέσιν
1261 3230 1570 3303 ήπείληται.
1596 3233 1686 3286 Δεῖ
1709 3231 1769 3286 δὲ

176 3323 445 3394 πρότερον
483 3321 660 3391 φωτὸς
699 3323 794 3376 καὶ
842 3320 1107 3393 ἀνατολῆς
1134 3325 1248 3387 τοῖς
1291 3322 1575 3394 μέλλουσιν
1602 3325 1767 3378 αὑτοῦ

176 3415 406 3484 Wesed:
436 3416 537 3487 τὴν
563 3413 720 3480 δόξαν
740 3431 754 3445 ⁸
789 3415 962 3480 ὅπως,
988 3415 1048 3466 ἐν
1069 3413 1253 3486 ἡμέρᾳ
1277 3415 1459 3470 θεῖκοῦ
1486 3416 1663 3486 φωτὸς
1685 3434 1771 3486 γε-

176 3508 418 3578 νόμενοι,
473 3505 670 3578 θεωροὶ
695 3507 794 3578 τῆς
835 3504 994 3576 δόξης
1015 3504 1109 3560 τοῦ
1145 3506 1467 3578 μονογενοῦς
1509 3506 1639 3563 Υἱοῦ
1672 3507 1768 3563 τοῦ

174 3599 316 3652 θεοῦ
351 3597 718 3652 καταστῶσιν.

255 3685 458 3760 «τΔρον
481 3689 666 3760 κύκλῳ
693 3691 820 3754 τοὺς
847 3689 1160 3761 ὀφθαλμούς
1192 3707 1308 3756 σου.
1340 3691 1434 3745 καὶ
1466 3691 1543 3746 ῐδε
1571 3709 1770 3765 συνηγ-

180 3781 321 3853 μένα
348 3780 417 3835 τὰ
442 3781 606 3834 τέκνα
637 3797 750 3835 σου.
781 3801 802 3834 ι
839 3781 930 3834 Διὸ
957 3781 1158 3846 πάντες
1195 3782 1244 3835 oi
1273 3780 1332 3847 ἐξ
1363 3781 1533 3836 ἐθνῶν
1564 3785 1644 3848 είς
1674 3784 1770 3838 τὸν

174 3871 315 3926 Θεὸν
343 3871 434 3925 διὰ
475 3870 566 3925 τοῦ
598 3871 842 3942 Χριστοῦ
880 3872 1308 3937 πεπιστευκότες
1347 3872 1674 3942 ἐπαγγελίαν
1695 3877 1771 3928 εί-

177 3963 419 4032 λήφασιν
466 3963 842 4018 ἀναπαύεσθαι
876 3965 957 4030 εἰς
994 3965 1228 4029 κόλπους
1273 3964 1522 4036 Ἀϐραὰμ
1571 3967 1666 4020 καὶ
1700 3967 1769 4020 Ἰ-

178 4053 329 4107 σαὰκ
357 4053 452 4107 καὶ
488 4052 702 4118 Ἰακὼϐ,
736 4053 892 4108 τοῦτο
918 4053 1014 4110 τοῦ
1047 4055 1298 4127 Σωτῆρος
1330 4054 1497 4108 αὑτοῦ
1530 4054 1772 4120 διδάξαν-

175 4163 292 4210 τος.
324 4145 438 4200 Kal
457 4145 518 4198 ἐν
539 4143 746 4216 ἑτέροις
773 4144 831 4198 δὲ
861 4144 1102 4200 πλείοσιν
1127 4147 1162 4217 ή
1188 4145 1248 4212 ἐξ
1269 4144 1439 4200 ἐθνῶν
1477 4145 1772 4218 Ἐκκλησία

178 4236 431 4308 θυγάτηρ
481 4236 844 4308 ἀνηγόρευται
882 4236 1020 4291 Σιὼν
1066 4238 1160 4292 καὶ
1207 4237 1452 4310 θυγάτηρ
1504 4239 1773 4309 Ἰερουσα-

176 4327 315 4400 λήμ.
341 4329 580 4383 «Ἤκασι
610 4329 810 4394 πάντες
831 4331 882 4384 οἱ
912 4329 1016 4384 υἱοί
1044 4347 1138 4384 σου
1168 4329 1464 4402 μακρόθεν,
1482 4331 1576 4384 καὶ
1592 4332 1648 4384 αἱ
1675 4329 1770 4382 Ou-

179 4419 417 4490 γατὲρες
441 4435 534 4472 σου
563 4421 650 4472 ἐπ’
685 4419 851 4490 ῶμων
879 4420 1226 4492 ἀρθήσονται.
1254 4440 1273 4474 ι
1298 4417 1480 4492 Ἦμεν
1506 4422 1613 4493 γὰρ
1640 4421 1772 4494 πόρ-

1871 3231 2052 3300 impiis
2086 3230 2444 3286 comminatus
2469 3228 2728 3284 Dominus
2759 3237 2860 3284 est.
2904 3227 3038 3283 Nam
3080 3230 3174 3300 qui
3218 3229 3447 3300 gloriam

1869 3323 1987 3392 ejus
2017 3324 2184 3379 visuri
2214 3331 2362 3390 sunt,
2398 3323 2517 3378 luce
2541 3323 2774 3392 primum
2801 3329 2856 3378 et
2878 3329 3000 3376 ortu
3027 3320 3142 3390 ejus
3179 3337 3317 3392 Opus
3345 3322 3449 3376 ha-

1869 3417 2031 3484 bent,
2060 3425 2118 3472 ut
2167 3416 2220 3472 in
2253 3415 2343 3470 die
2391 3414 2587 3472 divina:
2630 3412 2787 3480 lucis,
2813 3413 2997 3485 gloriae
3027 3414 3290 3484 unigeniti
3323 3413 3448 3472 Filii

1868 3509 1964 3568 Dei
1989 3507 2356 3580 speculatores
2385 3520 2507 3564 esse
2538 3505 2774 3562 valeant.

1942 3691 2107 3752 Vens.
2139 3690 2194 3749 4,
2233 3707 2254 3742 ι
2302 3688 2444 3744 Leva
2485 3687 2538 3742 in
2575 3685 2808 3742 circuitu
2834 3685 3024 3741 oculos
3049 3694 3191 3750 tuos,
3225 3693 3280 3739 et
3325 3683 3450 3741 vide

1870 3793 2227 3855 congregatos
2266 3782 2406 3837 ﬁlios
2443 3790 2586 3836 tuos.
2625 3798 2644 3832 ι
2687 3778 3051 3846 Quamobrem
3085 3785 3352 3847 quotquot
3379 3792 3450 3833 ex

1870 3877 2120 3950 gentibus
2145 3873 2348 3932 Christi
2368 3887 2533 3945 opera
2561 3873 2614 3928 in
2641 3871 2809 3928 Deum
2831 3870 3198 3935 crediderunt,
3219 3870 3450 3940 promis-

1870 3969 2080 4025 sionem
2132 3980 2412 4038 accepere,
2451 3964 2594 4036 quod
2628 3965 2682 4020 in
2728 3965 2851 4021 sinu
2895 3963 3151 4031 Abrahae,
3185 3963 3352 4019 lsaaci
3394 3971 3451 4019 et

1869 4059 2057 4116 Jacobi
2078 4060 2320 4130 requiem
2363 4057 2602 4116 habituri
2637 4057 2746 4113 sint
2775 4071 2792 4110 :
2818 4056 2871 4112 id
2892 4056 3011 4126 ipso
3035 4055 3326 4112 Servatore
3354 4053 3453 4111 (Ιοτ

1872 4163 2048 4208 cente.
2077 4152 2212 4208 Aliis
2241 4153 2372 4208 item
2419 4151 2474 4206 in
2505 4149 2639 4206 locis
2679 4150 2925 4208 Ecclesia
2966 4165 3034 4206 ex
3066 4149 3314 4222 gentibus
3340 4147 3451 4206 ﬁlia

1875 4243 2005 4301 Sion
2033 4253 2088 4301 et
2119 4245 2226 4300 ﬁiia
2277 4243 2574 4302 Jerusalem
2623 4253 2866 4300 vocatur.
2901 4262 2920 4296 ι
2954 4243 3230 4299 Venerunt
3257 4255 3450 4298 omnes

1874 4338 1968 4394 ﬁlii
2015 4339 2090 4393 tui
2127 4339 2194 4394 de
2232 4337 2388 4407 longe
2411 4377 2428 4404 ,
2465 4347 2522 4391 et
2560 4335 2682 4390 ﬁliai
2720 4343 2824 4390 ture
2860 4335 3105 4390 humeris
3161 4332 3452 4404 gestabunv

1875 4437 1982 4486 tur.
2025 4447 2045 4482 ι
2086 4429 2314 4484 Eramus
2336 4430 2535 4500 quippe
2559 4427 2720 4498 longe
2751 4437 2806 4482 et
2833 4407 3019 4505 procul
3047 4423 3207 4494 positi
3241 4439 3270 4478 a
3294 4437 3450 4492 repuo

181 4513 265 4582 ρω
300 4527 407 4564 που
447 4511 540 4564 καὶ
586 4510 802 4583 μακρὰν
840 4511 942 4582 τῆς
976 4511 1252 4577 πολιτείας
1295 4512 1389 4567 τοῦ
1432 4513 1648 4586 Ἰσραὴλ
1678 4515 1765 4568 καὶ

1879 4521 2018 4578 blica
2038 4521 2270 4585 lsraelis,
2307 4534 2374 4576 ac
2392 4519 2557 4589 iustis
2588 4517 2860 4585 extranei,
2887 4532 3041 4588 spem
3079 4515 3456 4586 promissionis

181 4604 326 4668 ξένοι
348 4602 459 4656 τῶν
487 4602 732 4669 δικαίων,
776 4607 877 4676 τῆς
919 4605 1251 4674 ἐπαγγελίας
1279 4605 1472 4659 ἐλπίδα
1518 4606 1592 4678 μὴ
1621 4605 1770 4677 έχον-

177 4712 298 4760 τες,
329 4697 427 4749 καὶ
458 4694 606 4750 ἄθεοι
631 4697 692 4748 ἐν
726 4695 804 4768 τῷ
831 4697 1042 4768 κόσμῳ.
1079 4697 1148 4750 Αἵ
1162 4714 1223 4751 τε
1252 4697 1364 4768 γὰρ
1388 4696 1592 4752 ἁπαλαὶ
1615 4695 1772 4755 οὖσαι

178 4787 358 4858 ψυχαὶ
391 4789 488 4841 καὶ
531 4787 610 4841 ἐτι
641 4789 853 4860 νήπιαι,
888 4788 965 4852 ὡς
998 4788 1332 4861 άρτιγένητα
1372 4787 1570 4861 βρέφη,
1595 4789 1658 4842 τὸ
1685 4789 1774 4842 λο⁴

1876 4625 1983 4666 non
2029 4610 2313 4674 habentes,
2343 4619 2509 4680 atque
2555 4609 2705 4680 impii
2736 4611 2789 4664 in
2834 4609 3036 4665 mundo
3073 4605 3456 4661 versahamur.

1875 4701 2011 4757 Nam
2040 4709 2242 4756 tenera:
2270 4709 2326 4756 et
2352 4700 2529 4756 adhuc
2563 4700 2800 4756 infantes
2821 4700 3036 4764 animai,
3061 4696 3217 4768 quasi
3241 4694 3459 4765 pueruli

1879 4792 2039 4847 modo
2063 4792 2254 4862 geniti,
2305 4791 2633 4847 rationabile
2660 4801 2716 4848 et
2748 4792 2868 4848 sine
2905 4793 3032 4846 dolo
3065 4790 3148 4846 lac
3191 4787 3460 4856 concupi-

179 4880 341 4948 γικὸν
361 4881 458 4934 καὶ
477 4879 660 4935 ἄδολον
682 4879 824 4948 γάλα
856 4879 1205 4934 ἐπιποθοῦσι·
1234 4879 1324 4935 διά
1343 4896 1404 4933 τε
1428 4880 1528 4951 τῆς
1556 4882 1614 4934 ἐν
1640 4879 1765 4951 Χρι-

1879 4890 2037 4934 scunt
2062 4895 2077 4932 :
2100 4892 2164 4934 ac
2178 4893 2273 4950 per
2286 4880 2746 4950 regenerationem
2765 4881 2819 4936 in
2842 4879 3080 4944 Christo,
3109 4878 3204 4934 ﬁlii
3225 4876 3460 4934 Abrahae

183 4970 300 5041 στῷ
339 4971 753 5041 ἀναγεννήσεως
781 4971 1073 5041 γενόμεναι
1125 4969 1290 5024 τέκνα
1344 4969 1438 5023 τοῦ
1502 4968 1771 5040 Ἀϐραὰμ,

179 5061 658 5126 ὑποὸαστάζονται
697 5065 782 5115 ἐπ’
815 5061 1002 5133 ὤμων,
1028 5062 1312 5132 αἰρόμεναι
1345 5063 1440 5115 καὶ
1478 5059 1775 5128 ὐποκουφι-

178 5157 242 5221 ζό
254 5171 414 5224 μεναι
445 5153 552 5208 ὑπὸ
567 5153 673 5206 τῶν
705 5153 1187 5225 χειραγωγούντων
1209 5152 1378 5216 αὐτὰς
1409 5151 1773 5206 διδασκάλων

1877 4969 2118 5036 eﬁ'ectze,
2153 4970 2398 5027 humeris
2456 4981 2740 5042 gestantur
2777 4987 2809 5028 a
2850 4972 3122 5043 magistris
3167 4969 3314 5035 suis,
3357 4969 3460 5022 viae

1884 5063 2134 5128 ducibus,
2163 5063 2388 5118 sublatae
2415 5075 2576 5133 atque
2602 5072 2940 5130 sustentatae,
2958 5063 3134 5134 qualis
3161 5071 3282 5118 erat
3314 5058 3455 5113 Pau-

1884 5155 1988 5219 lus,
2015 5153 2106 5224 qui
2131 5154 2226 5218 ait,
2259 5171 2278 5206 ι
2302 5153 2579 5224 Tanquam
2611 5154 2658 5210 si
2691 5155 2874 5210 nutrix
2914 5154 3094 5210 foveat
3121 5151 3262 5207 ﬁlios
3293 5163 3454 5214 suos.

175 5244 294 5313 οἷος
327 5244 400 5320 ἦν
431 5250 462 5302 ό
492 5247 702 5310 Παῦλος
733 5247 906 5315 λέγων
929 5264 944 5278 ο
983 5265 1002 5298 ι
1023 5246 1112 5310 Ὠς
1142 5245 1209 5299 ἂν
1247 5245 1446 5316 τροφὸς
1493 5244 1674 5316 θάλπῃ
1711 5243 1765 5297 τὰ

1887 5245 1964 5300 ita
1989 5243 2448 5313 desiderantes",
2479 5264 2498 5297 ι
2541 5256 2649 5301 etc.

177 5341 393 5410 ἐαυτῆς
411 5341 602 5404 τέκνα,
619 5337 792 5402 οὓτως
809 5338 1142 5408 ἱμειρόμενοι
1164 5339 1193 5390 ὑ
1202 5338 1338 5407 μῶν,
1363 5355 1382 5390 ι
1403 5335 1584 5390 καὶτὰ
1600 5335 1747 5406 ἑξῆς.

265 5453 284 5484 ι
313 5433 450 5486 Τότε
491 5431 622 5503 ὄψῃ,
658 5431 753 5484 καὶ
788 5424 1094 5502 φοϐηθήσῃ,
1125 5431 1220 5484 καλ¹
1249 5432 1490 5503 ἐκστήσῃ
1529 5433 1595 5501 τῇ
1645 5447 1780 5501 καρ-

1957 5427 2124 5486 Vens.
2154 5429 2209 5486 5.
2254 5449 2273 5481 ι
2315 5431 2469 5487 Tunc
2505 5430 2743 5497 videbis,
2787 5438 2842 5486 et
2895 5427 3134 5495 timebis,
3171 5436 3230 5482 et
3273 5426 3463 5482 obstu-

180 5525 299 5596 δίᾳ,
349 5527 433 5579 ὅτι
475 5523 772 5600 μεταϐαλεῖ
804 5525 883 5587 εἰς
940 5523 999 5576 σὲ
1047 5517 1277 5588 πλοῦτος
1327 5523 1623 5595 θαλάσσης,
1685 5523 1765 5579 κα¹

1887 5532 2078 5592 pesces
2097 5522 2290 5592 corde,
2343 5525 2472 5595 quia
2500 5523 2898 5582 transferentur
2921 5523 2977 5581 in
3019 5531 3072 5578 te
3102 5520 3309 5578 divitia:
3340 5535 3465 5577 ma-

272 5753 315 5784 “
342 5751 532 5809 Matth.
559 5764 709 5816 xxrv,
748 5749 837 5804 '55.
934 5751 974 5780 "
1003 5749 1018 5803 I
1060 5749 1252 5803 Thess.
1296 5763 1359 5814 ιι,
1388 5749 1446 5805 7.

604 5845 878 5905 Paxaea.
929 5843 1048 5904 Gn.
1093 5842 1300 5904 XXIV

3068 5845 3144 5905 ιϐ
