3880 6216
445 301 548 360 511

1116 298 1385 399 EUSEDII
1417 299 1900 362 CESARIENSIS
1936 299 2086 361 ΟῬΡ.
2127 303 2306 361 PARS
2344 303 2430 361 lll.
2470 335 2539 347 -—
2576 303 2988 361 EREGETICA.

3593 307 3696 363 492

448 423 546 486 ris,
574 426 628 474 et
646 417 884 489 gentium
906 425 962 474 et
985 418 1372 488 pOpnlorumn
1396 420 1493 476 Hic
1521 435 1736 492 quoque
1763 421 2010 478 observes

2124 421 2291 477 ἐθνῶν
2316 424 2410 476 καὶ
2437 402 2602 476 λαῶν.
2630 442 2648 476 ι
2706 422 2816 476 Καὶ
2854 421 3086 477 ἐνταῦθα
3119 422 3184 476 ’δὲ
3225 423 3380 494 τήρει
3413 420 3561 486 ὅπως
3589 423 3698 495 ’τὴν

445 513 632 576 velim,
671 525 778 580 quo
811 518 969 580 pacto
1000 509 1399 565 multitudinem
1442 511 1714 580 ingentem
1749 511 1892 566 illam
1926 525 2018 566 eo-

449 618 593 668 rum,
639 601 732 672 qui
788 601 1016 656 salutem
1069 611 1494 672 consequuntur,
1548 602 1718 657 maris
1768 601 2018 658 ﬂuctibus

446 701 744 766 comparet.
779 691 1062 748 Fortitudo
1093 702 1272 749 autem
1302 694 1541 764 gentium
1575 693 1608 749 ii
1664 693 1884 760 fuerint,
1922 696 2016 765 qui

446 787 604 844 bonis
629 785 888 858 operibus
931 786 1120 852 dediti,
1170 803 1201 840 α
1251 786 1548 858 spiritualis
1581 787 1706 842 vita
1751 802 1916 842 cursu
1963 795 2021 843 et

447 889 636 960 tenore
667 894 770 934 non
805 878 1084 934 deﬁciunt.

515 962 680 1018 Vsus.
711 961 766 1030 6,
791 963 844 1016 7.
879 983 898 1017 ι
944 963 1007 1018 Ει
1036 964 1259 1020 venient
1302 965 1398 1021 tibi
1433 978 1624 1035 greges
1663 963 2017 1028 camelorum,

441 1064 501 1112 et
526 1056 776 1128 operient
800 1065 852 1112 te
895 1057 1084 1112 cameli
1116 1056 1349 1113 Madiam
1375 1068 1430 1114 et
1457 1057 1695 1129 Gephar.
1721 1057 1921 1114 Omnes
1951 1057 2018 1113 de

444 1147 588 1203 Saba
630 1149 869 1214 venient,
913 1147 1150 1203 ferentes
1205 1163 1419 1217 aurum,
1459 1157 1515 1204 et
1553 1151 1678 1205 thus
1731 1148 1928 1212 ferent,
1961 1156 2016 1202 et

443 1237 695 1293 Salutare
731 1235 943 1292 Domini
975 1239 1386 1294 annuntiabunt.
1420 1239 1488 1296 Et
1529 1254 1722 1296 omnes
1754 1254 1885 1295 oves
1906 1237 2017 1295 ‘Ce-

443 1325 547 1384 dar
569 1328 1063 1400 congregabuntur,
1086 1337 1140 1384 et
1177 1329 1376 1386 arietes
1405 1329 1670 1386 Nabaioth
1693 1331 1931 1395 venient,
1961 1337 2016 1385 et

442 1419 741 1476 oﬁ‘erentur
761 1419 1111 1490 acceptabilia
1130 1412 1292 1492 super
1311 1420 1482 1478 altare
1507 1437 1708 1478 meum.
1731 1442 1750 1474 ι
1769 1421 1864 1478 His
1886 1422 2016 1479 sub-

442 1511 672 1567 indicari
697 1520 838 1581 puto
874 1525 968 1567 eos
995 1511 1086 1579 qui
1118 1510 1172 1565 in
1214 1510 1451 1567 Ecclesia
1497 1511 1692 1582 opibus
1721 1521 1776 1567 et
1811 1511 2014 1568 divitiis

441 1603 665 1659 aﬂluunt
695 1621 709 1658 :
741 1603 820 1660 sic
842 1606 985 1660 enim
1013 1602 1273 1660 Salvator
1304 1604 1526 1660 divitem
1565 1605 1772 1661 camelo
1794 1618 2013 1674 compa-

428 1712 567 1752 ~rans
596 1697 827 1764 dicebat,
862 1715 881 1749 ι
912 1695 1148 1752 Facilius
1199 1706 1284 1753 est
1319 1699 1584 1752 camelum
1633 1712 1731 1767 per
1766 1696 2012 1752 foramen

2119 512 2319 584 πολλὴν
2355 513 2724 585 πολυπληθίαν
2767 512 2876 566 τῶν
2912 512 3235 583 σωζομένων
3269 511 3461 585 πλήθει
3499 512 3697 567 θαλάσ-

2121 621 2221 677 σης
2246 605 2536 661 ἀπείκασε.
2584 603 2823 676 Δύναμις
2849 604 2907 657 δὲ
2943 603 3048 658 τῶν
3074 604 3244 659 ἐθνῶν
3268 606 3320 658 οἱ
3367 605 3696 679 κατορθοῦν-

2117 715 2210 762 τες
2238 695 2347 752 είεν
2380 698 2446 752 ἂν
2475 699 2598 770 μηδ’
2627 697 3084 770 ἐξασθενήσαντες
3119 697 3254 770 πρὸς
3291 697 3383 753 τὸν
3417 699 3572 756 τόνον
3603 699 3699 754 τοῦ

2123 790 2319 863 νοητοῦ
2355 791 2493 862 βίου.

2193 984 2214 1017 ‹
2237 963 2348 1018 Καὶ
2375 965 2563 1034 ἥξουσί
2589 982 2671 1018 σοι
2710 964 2900 1034 ἀγέλαι
2939 963 3222 1035 καμήλων,
3264 963 3359 1016 καὶ
3398 964 3701 1034 καλύψουσί

2119 1072 2179 1109 σε
2217 1055 2451 1127 κάμηλοι
2489 1055 2715 1128 Μαδιὰμ
2756 1057 2848 1111 καὶ
2875 1056 3079 1128 Γεφάρ.
3109 1055 3318 1120 Πάντες
3359 1057 3424 1109 ἐκ
3453 1053 3602 1110 Σᾶϐα
3631 1035 3700 1127 ῆ-

2118 1146 2289 1214 ξουσι,
2312 1147 2568 1219 φέροντες
2597 1147 2836 1220 χρυσίον,
2874 1148 2970 1202 καὶ
3011 1147 3226 1200 λίϐανον
3253 1145 3476 1214 οἴσουσι,
3513 1147 3607 1201 καὶ
3640 1148 3701 1201 τὸ

2117 1238 2396 1309 Σωτήριον
2419 1237 2626 1310 Κυρίου
2655 1237 3112 1307 εὐαγγελιοῦνται.
3131 1239 3242 1292 Καὶ
3264 1241 3440 1294 πάντα
3469 1239 3539 1292 τὰ
3565 1234 3702 1311 πρό⁶

2116 1323 2256 1380 ϐατα
2279 1325 2468 1398 Κηδὰρ
2497 1326 2939 1398 συναχθήσονται,
2968 1327 3062 1380 καὶ
3088 1329 3232 1398 κριοὶ
3256 1327 3512 1382 Ναϐαιὼθ
3534 1329 3700 1399 ἥξου-

2117 1433 2192 1481 σι,
2242 1417 2334 1470 καὶ
2383 1416 2803 1486 ἀνενεχθήσεται
2849 1415 3013 1470 δεκτὰ
3062 1417 3156 1469 ἐπὶ
3201 1417 3261 1470 τὸ
3315 1417 3702 1488 θυσιαστήριόν

2119 1525 2240 1578 μου.
2267 1527 2284 1559 ι
2331 1507 2669 1562 Αίνίττεσθαι
2714 1507 2770 1561 δέ
2820 1502 2972 1578 οῖμαι
3001 1505 3088 1560 διὰ
3124 1506 3329 1560 τούτων
3375 1509 3500 1571 τοὺς
3549 1507 3700 1579 ἐντῇ

2128 1598 2424 1670 Ἐκκλησία
2483 1598 2749 1670 εὐπόρους
2793 1599 2886 1651 καὶ
2926 1596 3155 1651 πλοῦτον
3201 1597 3699 1670 περιρρεομένους·

2115 1687 2256 1742 οῦτω
2280 1689 2409 1758 γοῦν
2439 1691 2533 1743 καὶ
2562 1691 2590 1742 ό
2618 1689 2809 1762 Σωτὴρ
2859 1689 2952 1742 τὸν
2975 1688 3230 1743 πλούσιον
3257 1690 3488 1761 καμήλῳ
3514 1707 3700 1760 παρα-

440 1803 572 1844 acus
597 1788 1005 1859 ingredi,quam
1047 1789 1266 1844 divitem
1293 1788 1345 1842 in
1377 1803 1600 1858 regnum
1625 1787 1884 1843 caelorum
1903 1787 1966 1842 ¹⁸.
1987 1805 2008 1840 ι

2116 1779 2324 1833 ϐάλλων
2351 1779 2556 1848 ἔλεγεν,
2589 1797 2607 1830 ι
2639 1778 3027 1852 Εὐκοπώτερόν
3055 1782 3169 1834 ἐστι
3190 1780 3433 1852 κάμηλον
3447 1781 3535 1834 διὰ
3565 1799 3700 1853 τρυ-

438 1880 710 1936 Caeterum
745 1878 1065 1934 admirabile
1094 1879 1226 1935 illud
1255 1886 1394 1943 erat,
1419 1879 1546 1949 quia
1575 1879 1720 1949 quod
1756 1878 2012 1950 impossi-

436 1973 547 2029 bile
584 1973 916 2038 hominibus,
954 1973 1186 2042 idipsum
1241 1972 1352 2026 Deo
1408 1969 1666 2041 possibile
1717 1979 1821 2026 est.
1869 1969 2012 2038 Qua-

438 2073 659 2134 propter
695 2061 1014 2126 Jerusalem,
1063 2061 1422 2117 admiratione
1465 2073 1645 2130 capta,
1682 2061 1878 2131 gaudio
1925 2077 2012 2117 re-

437 2156 636 2226 pletur,
692 2155 820 2210 dum
872 2153 1079 2210 scilicet
1127 2153 1336 2208 animas
1377 2153 1600 2208 camelis
1646 2161 2008 2224 comparatas,

438 2250 771 2314 immutatas,
813 2255 867 2302 et
898 2245 1053 2317 quasi
1114 2261 1210 2316 per
1260 2244 1501 2301 foramen
1534 2259 1686 2311 acus,
1752 2259 1853 2316 per
1909 2260 2010 2300 an-

433 2351 649 2414 gustam
682 2349 738 2398 et
781 2347 986 2395 arctam
1031 2338 1173 2394 viam
1211 2338 1264 2394 in
1315 2339 1480 2394 vitam
1532 2347 1791 2394 azternam
1826 2338 2010 2410 ingre-

435 2435 650 2490 dientes
682 2431 968 2502 conspicit.
1002 2429 1204 2487 Cameli
1241 2445 1372 2487 vero
1425 2444 1534 2485 non
1590 2429 1748 2484 vacui
1789 2437 1844 2486 et
1889 2431 2011 2486 sine

437 2521 654 2579 sarcina
709 2529 995 2585 venerunt,
1043 2520 1138 2575 sed
1171 2519 1312 2576 dona
1346 2520 1480 2584 Deo,
1522 2528 1582 2574 ut
1615 2534 1713 2589 par
1740 2529 1845 2586 est,
1877 2512 2011 2575 olfe-

436 2623 626 2669 rentes
653 2613 721 2667 ad
755 2613 948 2668 animae
977 2626 1091 2668 suae
1123 2611 1572 2682 redemptionem.
1601 2611 1789 2681 itaque
1813 2610 2011 2668 cameli

429 2700 688 2758 'Salutare
708 2700 918 2757 Domini
941 2701 1362 2767 annuntiabunt,
1385 2708 1676 2771 postquam
1706 2709 2010 2756 memorata

435 2795 576 2849 dona
609 2792 934 2859 obtulerint;
980 2793 1129 2858 thus,
1159 2791 1366 2848 scilicet
1399 2792 1733 2862 spiritualem
1762 2805 2012 2848 suavem-

435 2899 546 2956 que
576 2881 860 2953 theologia:
887 2882 1144 2949 odorem;
1191 2896 1384 2937 aurum
1415 2897 1567 2948 vero,
1603 2896 1894 2952 corporeas
1927 2882 2011 2937 ni-

428 2977 638 3034 mirum
677 2990 828 3047 opes.
881 2973 1112 3030 Madiam
1164 2988 1327 3043 porro
1371 2981 1427 3029 et
1471 2972 1709 3044 Gephar,
1759 2976 2011 3045 regiones

424 3067 790 3124 "barbarorum
823 3073 964 3129 sunt,
1009 3064 1344 3120 camelorum
1379 3063 1608 3130 feraces,
1656 3065 2008 3135 quemadmo-

409 3157 565 3212 -dum
597 3165 653 3212 et
692 3155 857 3221 Saba,
907 3170 1070 3226 supra
1094 3155 1348 3210 Arabiam
1381 3156 1509 3222 sita,
1543 3170 1710 3227 penes
1744 3171 1880 3227 quos
1907 3172 2008 3228 po-

434 3248 593 3320 pulos
612 3247 941 3304 camelorum
969 3261 1141 3319 genus
1179 3247 1381 3318 ingenti
1420 3241 1647 3303 numero
1685 3259 1812 3304 est:
1838 3264 2008 3320 quare

435 3341 634 3399 horum
660 3339 904 3411 exemplo
950 3355 1128 3397 sermo
1161 3340 1349 3395 utitur.
1378 3340 1444 3395 Et
1477 3341 1608 3396 mihi
1639 3355 1773 3397 sane
1796 3344 2010 3398 videtur

435 3431 524 3489 his
541 3432 720 3488 verbis
741 3429 1101 3502 Scripturam,
1111 3431 1425 3503 juvenculas
1443 3442 1498 3488 et
1514 3431 1791 3489 in'fantiles
1815 3448 2009 3505 corpo-

435 3539 653 3582 reorum
696 3521 1006 3580 Judaeorum
1036 3535 1196 3580 aures
1249 3523 1468 3579 allicere
1502 3532 1556 3580 et
1594 3524 1919 3591 demulcere,
1950 3534 2010 3581 ut

436 3631 530 3671 eas
561 3615 844 3687 pertrabat
866 3615 1203 3670 ethortetur
1228 3615 1296 3670 ad
1335 3614 1498 3669 vitam
1525 3614 1672 3669 illam
1702 3625 1759 3670 et
1790 3615 2011 3685 religion

414 3723 585 3776 -nem,
613 3721 730 3778 quae
764 3705 1062 3763 secundum
1078 3704 1258 3761 Deum
1297 3713 1401 3772 es’t,
1431 3715 1643 3762 mature
1692 3705 2006 3764 iucundam.

511 3892 531 3926 ‹
556 3873 623 3928 Et
646 3887 836 3929 omnes
859 3886 990 3929 oves
1015 3871 1207 3928 Cedar.
1224 3891 1252 3925 -ι
1289 3872 1610 3942 Huiusmodi
1634 3875 1848 3931 animas
1874 3874 2009 3932 alie-

436 3963 662 4032 nigenas
686 3971 741 4018 et
767 3973 1056 4018 extraneas
1080 3977 1201 4018 esse
1224 3963 1608 4020 subindicans‘:
1627 3966 1889 4036 siquidem
1911 3981 2010 4038 per

436 4053 944 4123 camelos,opulenti
967 4061 1024 4108 et
1052 4053 1248 4109 divites
1263 4054 1511 4111 homines
1539 4056 1845 4112 indicantur
1867 4074 1882 4124 ;
1903 4073 2008 4129 per

435 4159 566 4202 Oves
608 4153 810 4210 autem,
873 4145 1271 4200 mansuetiores
1333 4160 1399 4202 ac
1460 4147 1858 4217 simpliciores;
1909 4163 2009 4219 per

431 4237 660 4302 arietes,
702 4235 740 4290 ii
780 4236 1015 4291 maxime
1049 4251 1116 4291 ex
1150 4235 1400 4306 gentibus
1427 4238 1520 4306 qui
1554 4239 1859 4310 principatu
1896 4257 2008 4296 va-

417 4327 612 4384 ;lentes
650 4325 1106 4382 convertebantnr
1137 4341 1314 4395 :quos
1336 4327 1404 4381 ad
1448 4327 1620 4383 altare
1653 4330 1746 4384 Dei
1781 4345 2006 4387 munera

419 4419 696 4474 allaturos
737 4433 858 4474 esse
895 4431 1076 4472 sermo
1107 4416 1366 4472 declarat.
1407 4417 1472 4472 Et
1504 4432 1632 4474 vero
1665 4418 1775 4487 jam
1815 4420 2004 4490 imple-
2033 4449 2078 4506 υ

424 4523 548 4568 tum
586 4510 865 4568 oraculum
911 4509 1098 4565 videre
1141 4518 1220 4565 est
1263 4527 1278 4564 :
1338 4525 1460 4564 cum
1517 4525 1585 4566 ex
1645 4513 2003 4568 conversione

433 4605 698 4677 gentium,
723 4602 1024 4674 huiusmodi
1053 4601 1245 4656 animae
1267 4616 1386 4657 sese
1418 4602 1522 4672 piae
1548 4601 1820 4673 religionis
1838 4605 2004 4662 verbo

431 4695 713 4758 dedentes,
761 4703 816 4748 et
855 4691 1042 4747 altaris
1093 4691 1185 4747 Dei
1218 4691 1525 4748 ministerio
1551 4695 1891 4751 ’assistentes
1920 4696 2004 4750 vi-

431 4789 682 4843 deantur.
717 4783 852 4839 Nam
905 4792 1035 4839 tunc
1071 4783 1305 4840 maxime
1336 4799 1432 4853 per
1470 4786 1661 4842 borum
1702 4787 2009 4844 conversio-

427 4893 554 4932 nem
581 4886 639 4932 et
665 4876 916 4941 salutem,
940 4875 1186 4931 Ecclesia
1237 4877 1334 4932 Dei
1364 4877 1614 4932 laudibus
1654 4877 1958 4933 celebratur
1985 4895 1999 4932 :

430 4985 602 5038 quare
633 4968 887 5036 deinceps
914 4967 1113 5024 dicitur
1143 4986 1158 5022 :
1196 4985 1214 5020 ι
1247 4967 1316 5024 Et
1346 4969 1541 5025 domus
1573 4969 1839 5026 orationis
1870 4983 2006 5026 mete

433 5059 845 5133 glorificabitur.
873 5079 899 5114 ι

505 5217 674 5273 Vens.
700 5217 752 5272 8.
790 5235 810 5268 ι
844 5217 1074 5286 Quinam
1121 5218 1175 5274 hi
1207 5220 1367 5275 sunt?
1399 5228 1458 5274 ut
1509 5221 1680 5276 nubes
1716 5219 1924 5286 volant,
1953 5231 2009 5276 et

435 5311 576 5368 sicut
605 5310 868 5367 columbae
899 5327 1021 5366 cum
1070 5311 1232 5378 pullis
1261 5326 1422 5382 super
1452 5327 1556 5368 me.
1581 5333 1602 5365 ι
1644 5312 1701 5366 ld
1729 5327 1896 5382 porro
1925 5314 2009 5368 in-

431 5402 741 5472 telligemus
782 5403 829 5458 si
881 5403 1033 5458 Pauli
1088 5419 1275 5461 vocem
1325 5405 1744 5474 perpendamus,
1772 5421 1895 5476 quae
1926 5406 2008 5461 sic

439 5494 636 5548 habet:
667 5513 686 5546 α
719 5494 830 5552 Nos
846 5497 944 5566 qui
975 5497 1231 5562 vivimus,
1257 5498 1348 5567 qui
1381 5496 1580 5552 residui
1603 5511 1791 5554 sumus
1811 5499 1876 5552 -in
1907 5499 2006 5554 ad-

437 5593 657 5640 ventum
690 5584 923 5654 Christi,
967 5590 1242 5659 rapiemur
1287 5591 1342 5647 in
1375 5588 1632 5648 nubibus“
1651 5587 1868 5648 obviam
1898 5591 2000 5650 Do-

512 5795 556 5826 "
586 5793 773 5852 Matth.
801 5810 914 5862 xu,
945 5797 1036 5851 2L

2117 1869 2316 1941 μαλιᾶς
2352 1869 2572 1942 ῥαφίδος
2616 1870 2879 1924 εἰσελθεῖν
2917 1871 2948 1942 ἢ
2996 1871 3247 1927 πλούσιον
3299 1875 3378 1936 είς
3403 1872 3502 1944 τὴν
3545 1873 3705 1943 βασι-

2112 1960 2261 2016 λείαν
2301 1961 2409 2016 τῶν
2441 1961 2706 2034 οὐρανῶν.
2735 1981 2755 2015 ι
2785 1963 2935 2034 Πλὴν
2960 1963 3095 2018 ἀλλὰ
3131 1963 3193 2017 τὸ
3223 1963 3408 2035 θαῦμα
3432 1964 3582 2019 τοῦτ’
3605 1961 3700 2038 ἦν,

2109 2054 2192 2108 ὅτι
2217 2054 2276 2108 τὸ
2306 2055 2457 2127 παρὰ
2478 2054 2784 2129 ἀνθρώποις
2809 2056 3090 2122 ἀδύνατον,
3119 2057 3275 2111 τοῦτο
3300 2058 3525 2112 δυνατὸν
3550 2061 3702 2128 γίνες

2108 2164 2198 2200 ται
2229 2146 2310 2219 τῷ
2331 2145 2469 2218 Θεῷ.
2505 2147 2595 2200 Διὸ
2624 2149 2718 2202 καὶ
2749 2148 3027 2214 ἐξίσταται
3073 2150 3427 2221 Ἰερουσαλὴμ
3470 2151 3558 2205 διὰ
3600 2151 3702 2207 τοῦ

2109 2240 2288 2310 χαρᾶς
2337 2238 2710 2311 πληροῦσθαν
2767 2240 3037 2312 καμήλοις
3091 2241 3155 2312 δὴ
3205 2242 3705 2315 παραϐεϐλημένας

2107 2326 2286 2398 ψυχὰς
2329 2327 2580 2399 θεωμένη
2627 2329 3056 2400 μεταϐαλούσας,
3101 2332 3196 2385 καὶ
3225 2331 3413 2403 ὥσπερ
3445 2332 3533 2386 διὰ
3568 2351 3704 2404 τρυ-

2113 2415 2307 2486 μαλιᾶς
2343 2416 2566 2488 ῥαφίδος
2595 2415 2681 2470 διὰ
2703 2416 2805 2487 τῆς
2839 2417 3032 2489 στενῆς
3065 2420 3159 2473 καὶ
3187 2420 3550 2492 τεθλιμμένης
3577 2420 3701 2476 ὁδοῦ

2109 2507 2190 2571 είς
2221 2506 2320 2580 τὴν
2353 2507 2570 2562 αίώνιον
2617 2508 2763 2580 ζωὴν
2792 2511 3085 2575 εἰσιούσας.
3123 2511 3196 2566 Οὐ
3235 2513 3358 2584 δίχα
3386 2513 3444 2567 δὲ
3475 2515 3700 2586 φορτίου

2108 2598 2405 2671 προσίεσαν
2432 2591 2613 2666 αὗται,
2648 2600 2796 2672 δῶρα
2829 2601 2887 2654 δὲ
2913 2601 2990 2673 τῷ
3027 2601 3146 2673 Θεῷ
3179 2604 3586 2676 προσφέρουσαι
3616 2607 3700 2658 εί-

2109 2691 2282 2755 κότως
2307 2689 2377 2744 τὰ
2401 2689 2573 2763 λύτρα
2601 2692 2702 2763 τῆς
2728 2691 2906 2746 αὐτῶν
2937 2693 3136 2765 ψυχῆς.
3181 2694 3390 2748 Οὐκοῦν
3433 2697 3488 2750 αί
3524 2697 3704 2769 κάμη.

2107 2781 2188 2836 λοι
2235 2782 2298 2836 τὸ
2341 2782 2617 2854 Σωτήρων
2668 2783 2874 2855 Κυρίου
2925 2784 3366 2853 εὐαγγελιοῦνται
3422 2788 3563 2858 μετὰ
3602 2787 3700 2842 τοῦ

2105 2873 2257 2946 δῶρα
2300 2874 2632 2946 προσφέρειν
2679 2873 2749 2928 τὰ
2801 2875 3199 2946 προλεχθένταο
3248 2877 3465 2932 λίϐανον
3500 2879 3558 2932 δὲ
3599 2882 3704 2952 τὴν

2105 2962 2206 3034 τῆς
2247 2961 2525 3032 θεολογίας
2554 2964 2932 3035 πνευματικὴν
2965 2965 3214 3032 εὐωδίαν,
3253 2967 3454 3038 χρυσὸν
3494 2968 3550 3022 δὲ
3601 2971 3706 3041 τὴν

2111 3050 2429 3124 σωματικὴν
2463 3051 2745 3124 εὐπορίαν.
2797 3051 2864 3105 Ἠ
2895 3053 2954 3106 δὲ
2997 3053 3223 3126 Μαδιὰμ
3263 3056 3356 3109 καὶ
3382 3057 3567 3131 Γεφὰρ
3609 3061 3706 3128 γό-

2113 3157 2259 3210 νιμοι
2280 3141 2543 3213 καμήλων
2572 3141 2679 3194 εἰσὶ
2701 3139 2876 3214 χῶραι
2906 3141 3216 3216 βαρϐάρων,
3243 3144 3319 3210 ὡς
3339 3147 3430 3200 καὶ
3463 3150 3496 3219 ἡ
3527 3149 3700 3218 Σαϐὰ,

2111 3231 2252 3303 ὑπὲρ
2286 3231 2383 3304 τὴν
2426 3231 2686 3304 ’Δραϐίαν
2714 3233 2960 3306 κειμένη,
2995 3237 3125 3307 παρ’
3153 3230 3235 3300 οἷς
3266 3237 3602 3312 πολυπληθεί
3639 3243 3703 3295 τὸ

2108 3322 2217 3377 τῶν
2250 3325 2511 3395 καμήλων
2531 3324 2702 3394 γένος·
2734 3325 2814 3378 διὸ
2843 3329 2909 3398 τῇ
2943 3325 3144 3381 τούτων
3171 3331 3436 3402 κέχρηται
3476 3333 3511 3384 ’ό
3542 3332 3704 3401 λόγος

2109 3413 2297 3467 είκόνι.
2325 3414 2436 3468 Καί
2471 3432 2561 3486 μοι
2589 3415 2735 3469 δοκεῖ
2767 3415 2854 3469 διὰ
2883 3415 3087 3471 τούτων
3114 3420 3143 3472 ό
3174 3418 3329 3488 λόγος
3369 3420 3582 3491 θέλγειν
3605 3426 3702 3477 καὶ

2108 3504 2492 3574 ἐγγλυκαίνειν
2532 3505 2634 3570 τὰς
2659 3505 2830 3570 ἀκοὰς
2873 3507 2975 3572 τὰς
3001 3509 3294 3580 νηπιὼδεις
3321 3510 3429 3566 τῶν
3460 3529 3706 3584 σωματι-

2108 3596 2220 3652 κῶν
2262 3596 2524 3650 Ἰουδαίων
2566 3597 2646 3662 είς
2682 3597 2744 3651 τὺ
2782 3598 3183 3667 ὲφελκύσασθαι
3210 3601 3403 3668 αὐτὰς,
3436 3603 3534 3656 καὶ
3560 3621 3705 3676 προ.

2110 3687 2304 3758 τρέψαι
2348 3687 2600 3744 σπεύδειν
2642 3689 2723 3754 είς
2761 3689 2853 3745 τὸν
2899 3691 3042 3746 κατὰ
3077 3690 3211 3745 Θεὸν
3257 3691 3372 3764 βίον
3420 3693 3518 3746 καὶ
3555 3695 3704 3750 πολι-

2109 3780 2280 3835 τείαν.

2184 3889 2204 3923 t
2231 3871 2342 3924 Καὶ
2377 3871 2554 3926 πάντα
2584 3871 2655 3928 τὰ
2709 3873 2959 3947 πρόϐατα
2985 3873 3180 3947 Κηδάρ
3203 3892 3216 3906 ·
3243 3895 3262 3928 ι
3313 3877 3374 3929 τὸ
3412 3877 3701 3947 ἀλλογενές

2109 3963 2203 4016 καὶ
2231 3963 2526 4034 ἀλλόφυλον
2553 3965 2662 4019 τῶν
2691 3965 2946 4021 τοιούτων
2977 3966 3042 4038 δὴ
3071 3967 3260 4038 ψυχῶν
3302 3969 3696 4040 αἰνιττόμενος.

2108 4055 2208 4110 Διὰ
2250 4054 2352 4126 μὲν
2385 4051 2480 4111 οῦν
2510 4057 2617 4111 τῶν
2661 4057 2923 4129 καμήλων
2953 4059 3004 4111 οἱ
3050 4059 3271 4131 εὔποροι
3311 4062 3404 4114 καὶ
3450 4063 3701 4118 πλούσιοι

2105 4145 2214 4199 τῶν
2247 4147 2305 4200 ἐν
2335 4145 2643 4217 ἀνθρώποις
2679 4146 2994 4220 ἐδηλοῦντοο
3041 4149 3128 4204 διὰ
3163 4151 3218 4205 δὲ
3258 4152 3366 4206 τῶν
3402 4157 3700 4226 προϐάτων

2107 4237 2157 4288 oi
2188 4236 2530 4308 ήμερὼτατοι
2559 4239 2652 4292 καὶ
2676 4239 3044 4294 ἁπλούστατοι
3062 4258 3076 4272 ο
3111 4241 3198 4296 διὰ
3218 4243 3273 4296 δὲ
3293 4244 3401 4298 τῶν
3427 4247 3622 4318 κριῶν,
3646 4250 3701 4302 oi

2107 4325 2471 4397 ἀρχικώτατοι
2515 4329 2622 4382 τῶν
2659 4329 2716 4397 ἐξ
2754 4330 2926 4386 ἐθνῶν
2972 4333 3434 4406 ἐπιστρεφόντων·
3473 4337 3569 4402 οὓς
3599 4341 3701 4394 ἀν·-

2109 4415 2496 4488 ενεχθήσεσθαι
2523 4417 2671 4490 δῶρα
2696 4418 2789 4471 ἐπὶ
2809 4419 2870 4472 τὸ
2889 4419 3270 4493 θυσιαστήριον
3297 4422 3389 4475 τοῦ
3415 4423 3552 4477 Θεοῦ
3587 4444 3698 4499 φη-

2106 4522 2191 4559 σιν
2219 4506 2441 4576 ὁ·λόγος.
2492 4508 2602 4562 Καὶ
2642 4507 2757 4562 ἐστι
2785 4509 2846 4563 τὸ
2884 4509 3060 4580 λόγιον
3089 4512 3460 4584 πληρούμενον
3495 4516 3700 4574 θεάσα-

2109 4595 2232 4650 σθαι
2250 4589 2274 4627 ·’
2300 4597 2518 4651 ἐπειδὰν
2543 4600 2606 4651 ἐκ
2639 4599 2739 4670 τῆς
2763 4600 2872 4654 τῶν
2911 4601 3079 4655 ἐθνῶν
3111 4604 3444 4678 ἐπιστροφῆς
3481 4610 3698 4665 τοιάσδε

2105 4691 2282 4763 ψυχὰς
2327 4693 2425 4747 ἴδοι
2454 4711 2538 4758 τις
2576 4695 2868 4761 ἀναθείσας
2909 4698 3106 4762 ἑαυτὰς
3134 4697 3212 4770 τῷ
3240 4701 3339 4771 τῆς
3379 4700 3698 4768 θεοσεϐείας

2106 4782 2249 4854 λόγῳ
2281 4784 2376 4837 καὶ
2402 4785 2500 4855 τῆς
2529 4784 2869 4858 λειτουργίας
2894 4788 2988 4841 τοῦ
3011 4788 3400 4861 θυσιαστηρίου
3429 4790 3526 4845 τοῦ
3558 4793 3695 4847 Θεοῦ

2112 4873 2604 4944 προσεδρευσάσας.
2639 4875 2771 4929 Τότε
2797 4877 2905 4949 γὰρ
2941 4878 3174 4949 μάλιστα
3199 4879 3287 4934 διὰ
3316 4881 3418 4951 τῆς
3453 4882 3565 4937 τῶν
3589 4902 3698 4937 τοι·

2117 4962 2287 5016 ούτων
2332 4965 2666 5038 ἐπιστροφῆς
2714 4966 2808 5020 καὶ
2847 4969 3121 5041 σωτηρίας
3169 4973 3202 5041 ἡ
3253 4971 3551 5042 Ἐκκλησία
3599 4975 3696 5028 τοῦ

2115 5052 2252 5107 Θεοῦ
2286 5053 2598 5120 δοξάζεται·
2623 5056 2703 5110 διὸ
2733 5058 2978 5113 λέλεκται
3007 5061 3101 5114 καὶ
3129 5059 3255 5130 ἑξῆς
3276 5077 3292 5092 ·
3324 5080 3342 5114 ι
3364 5063 3474 5116 Καὶ
3495 5066 3524 5118 ό
3551 5060 3696 5128 οἶκος

2113 5143 2212 5214 τῆς
2238 5146 2544 5216 προσευχῆς
2579 5164 2680 5218 μου
2706 5147 3113 5221 δοξασθήσεται.
3136 5171 3156 5204 ι

2193 5251 2212 5284 ‹
2240 5233 2394 5298 Τίνες
2423 5234 2529 5288 οἵδε
2549 5251 2564 5299 ;
2585 5235 2661 5300 ὼς
2693 5235 2913 5306 νεφέλαι
2948 5237 3229 5306 πέτανται,
3261 5239 3358 5294 καὶ
3382 5240 3515 5293 ὡσεὶ
3541 5256 3696 5312 περι-

2117 5325 2306 5394 στεραὶ
2335 5327 2431 5379 σὺν
2470 5328 2710 5389 νεοσσοῖς
2749 5327 2834 5379 ἐπ’
2860 5327 2982 5407 ἐμέ..
3010 5347 3030 5385 ι
3082 5329 3193 5383 Καὶ
3233 5330 3391 5384 τοῦτο
3416 5331 3475 5383 δὲ
3504 5333 3696 5404 νοήσο-

2119 5429 2216 5483 μεν
2259 5416 2650 5487 ἐπιστήσαντες
2693 5419 2760 5488 τῇ
2793 5415 3004 5496 ῌαύλου
3049 5422 3200 5493 φωνῇ
3237 5419 3586 5496 διδασκούσῃ,
3619 5423 3695 5487 ὡς

2114 5507 2243 5578 ἄρα,
2289 5526 2306 5560 ι
2332 5509 2520 5581 Ἡμεῖς
2553 5513 2601 5564 oi
2643 5509 2864 5576 ζῶντες,
2905 5513 2954 5565 oi
2992 5513 3429 5584 περιλειπόμενοι
3476 5518 3558 5580 είς
3595 5516 3694 5589 τήν

2115 5598 2415 5671 παρουσίαν
2457 5599 2552 5654 τοῦ
2579 5599 2837 5674 Χριστοῦ,
2880 5602 3309 5676 ἁρπαγησόμεθα
3344 5606 3407 5660 ἐν
3439 5607 3694 5677 νεφέλαις
