3880 6216
186 336 291 395 495

1152 332 1650 393 (ΞΟΜΜΕΝΤΑΒΙΑ
1678 329 1745 387 ιΝ
1785 329 2047 386 lSAIAM.
2087 360 2156 371 ——
2192 327 2344 386 CAP.
2381 327 2494 383 LX.

3329 325 3432 381 494

184 457 266 518 εἰς
288 457 595 526 ἀπαντησιν
625 451 717 507 τοῦ
743 454 947 525 Κυρίου
985 455 1064 518 είς
1103 455 1258 526 ἀέρα,
1305 457 1399 510 καὶ
1429 455 1600 519 οῦτως
1633 455 1766 528 πάν-

1885 452 2012 506 ηἰηο
2037 452 2092 505 in
2111 465 2240 506 aera
2255 467 2268 504 :
2285 459 2340 505 et
2366 450 2447 505 sic
2470 461 2682 518 semper
2705 461 2832 502 cum
2853 447 3079 502 Domino
3097 443 3299 500 erimus
3315 444 3380 506 ";
3409 463 3429 494 ι

185 563 308 601 τοτε
353 546 450 599 σὺν
477 545 667 617 Κυρίῳ
707 546 944 617 ἐσόμεθα
962 563 978 579 ο
999 565 1018 599 ι
1055 547 1416 618 συναφθέντες
1442 546 1642 619 δηλαδὴ
1668 547 1763 602 καὶ

189 637 686 708 συγκαταλεγέντες
721 635 798 708 τῷ
835 637 983 709 χορῷ
1013 638 1122 691 τῶν
1151 639 1210 690 ἐν
1251 637 1328 709 τῷ
1363 637 1614 708 προτέρῳ
1650 636 1765 708 λαῷ

187 731 651 804 κατωρθωκότων.
697 729 786 784 Διὸ
811 729 1290 802 ἀποθαυμάζοντες
1316 731 1413 802 τὴν
1451 732 1530 795 εἰς
1557 728 1767 802 ἀνθρώ-

187 844 323 890 πους
354 824 609 896 χυθεῖσαν
649 824 741 877 τοῦ
779 823 1018 895 Χριστοῦ
1046 826 1204 896 χάριν
1237 825 1331 878 καὶ
1360 823 1468 877 τῶν
1509 823 1569 890 ἐξ
1599 822 1768 877 ἐθνῶν

187 915 512 988 σωζομένων
550 917 612 970 τὸ
649 915 872 985 πλῆθος,
929 916 1029 986 τήν
1071 933 1132 968 τε
1177 918 1257 980 εἰς
1294 915 1556 987 οὐρανοὺς
1591 915 1769 969 αὐτῶν

183 1007 509 1079 ἀνάπτησιν,
542 1005 641 1078 τὴν
670 1006 807 1077 μετά
834 1005 931 1076 τὴν
953 1005 1130 1070 ἔξοδον
1151 1005 1244 1058 τοῦ
1273 1003 1386 1076 βίου
1415 1007 1577 1075 φασί·
1614 1005 1769 1070 Τίνες

184 1097 323 1162 οῖδε;
379 1097 454 1161 ὡς
492 1097 712 1167 νεφέλαι
753 1096 1042 1162 πέτανται,
1075 1097 1169 1149 καὶ
1209 1095 1285 1159 ὡς
1313 1097 1635 1171 περιστεραὶ
1675 1097 1770 1151 σὺν

187 1192 426 1253 νεοσσοῖς
455 1189 542 1242 ἐπ’
575 1189 695 1260 ἐμέ.
719 1207 740 1242 ι
1395 1187 1398 1189 “
1519 1198 1524 1203 ’

261 1300 282 1334 ι
303 1281 436 1352 Ἐμὲ
450 1282 506 1334 αἰ
520 1281 584 1351 νῆ
592 1298 672 1334 σοι
687 1280 1005 1351 ὑπέμειναν,
1020 1281 1115 1334 καὶ
1137 1279 1294 1332 πλοῖα
1310 1277 1542 1351 Θαρσεῖς
1557 1280 1614 1333 ἐν
1632 1277 1772 1350 πρώ-

185 1388 317 1435 τοις,
339 1373 568 1439 ἀγαγεῖν
585 1369 656 1424 τά
675 1369 839 1424 τέκνα
866 1387 959 1424 σου
989 1367 1281 1442 μακρόθεν,
1310 1368 1404 1422 καὶ
1422 1368 1510 1421 τὸν
1533 1368 1774 1441 ἄργυρον

184 1460 386 1514 καὶτὸν
403 1461 602 1532 χρυσὸν
626 1460 804 1515 αὐτῶν
826 1461 940 1530 μετ’
962 1460 1163 1525 αὐτῶν,
1185 1459 1282 1513 καὶ
1299 1459 1386 1513 διὰ
1407 1459 1468 1512 τὸ
1491 1458 1659 1530 ὃνομα
1670 1461 1774 1513 Κυ-

189 1549 306 1622 ρίου
328 1551 391 1603 τὸ
421 1551 596 1619 ἅγιον,
619 1551 711 1603 καὶ
735 1551 822 1605 διὰ
839 1551 902 1604 τὸ
929 1551 1020 1605 τδν
1036 1551 1190 1620 ἅγιον
1207 1550 1302 1604 τοῦ
1331 1550 1544 1622 Ἰσραὴλ
1565 1549 1773 1617 ἔνδοξον

185 1639 347 1696 εἶναι.
374 1660 392 1693 ι
427 1642 538 1706 Τὰς
568 1642 860 1714 ἐκκλησίας
881 1641 939 1696 δὲ
966 1643 1162 1713 νήσους
1194 1643 1288 1696 καὶ
1315 1642 1403 1697 διὰ
1433 1642 1540 1695 τῶν
1566 1641 1772 1712 ἐμπρο-

187 1733 314 1788 σθεν
336 1736 365 1787 ό
385 1734 542 1802 λόγος
580 1735 821 1807 ᾐνίττετο
845 1736 1146 1806 σημαίνων.
1177 1736 1329 1790 Ἐπεὶ
1350 1735 1529 1788 τοίνυν
1553 1735 1652 1798 τὰς
1673 1736 1774 1786 ἐπ-

1863 541 2103 611 adjuncti
2145 540 2356 596 scilicet
2403 551 2460 596 et
2506 539 2844 594 annumerati
2889 539 3056 593 choro
3096 551 3308 600 eorum,
3341 537 3434 604 qui

1864 633 1918 687 in
1960 631 2139 702 prisco
2169 632 2260 687 illo
2296 632 2494 702 populo
2529 632 2697 702 probe
2725 645 2784 686 se
2815 637 3123 702 gesserunt.
3145 627 3433 695 Quocirca,

1865 719 2090 776 eﬂusam
2125 720 2327 777 Christi
2387 721 2442 776 in
2499 722 2745 776 homines
2799 721 3028 791 gratiam
3080 721 3435 786 admirantes,

1865 827 2078 868 necnon
2122 813 2383 882 gentium,
2415 828 2538 882 qua
2567 812 2792 869 salutem
2826 812 3094 877 obtinent,
3129 812 3438 868 multitudi-

1867 918 2015 970 nem,
2048 919 2344 974 eorumque
2393 914 2517 974 post
2549 914 2778 961 mortem
2833 905 2902 959 ad
2948 905 3144 960 calum
3173 904 3436 977 volatum,

1870 994 2075 1056 dicunt,
2103 1013 2122 1046 ι
2151 993 2380 1061 Quinam
2411 997 2462 1049 hi
2491 996 2660 1050 sunt?
2697 1005 2757 1050 ut
2779 995 2950 1052 nubes
2971 993 3176 1065 volant,
3202 1005 3258 1053 et
3298 997 3437 1053 sicut

1869 1087 2130 1143 columba
2161 1101 2285 1143 cum
2308 1088 2470 1158 pullis
2492 1103 2652 1160 super
2685 1104 2788 1144 me.
2817 1107 2836 1141 ι

1940 1267 2106 1323 Vens.
2152 1266 2274 1323 9.1
2323 1265 2406 1323 Me
2462 1267 2650 1324 insula
2709 1278 3116 1339 exspectarunt,
3175 1280 3231 1327 et
3276 1287 3441 1330 naves

1872 1357 2097 1415 Tharsis
2125 1359 2180 1414 in
2210 1360 2498 1429 primis,ut
2528 1359 2799 1414 adducant
2836 1360 2975 1416 ﬁlios
3014 1371 3131 1416 tuos
3159 1362 3227 1418 de
3258 1362 3441 1434 longe,

1873 1459 1928 1506 et
1949 1462 2230 1522 argentum
2262 1460 2319 1507 et
2356 1467 2546 1507 aurum
2577 1467 2762 1508 eorum
2793 1469 2915 1508 cum
2956 1453 3058 1520 eis,
3092 1461 3311 1524 prepter
3348 1471 3442 1512 no-

1872 1557 1994 1598 men
2023 1543 2234 1598 Domini
2263 1553 2529 1612 sanctum,
2560 1555 2616 1598 et
2643 1554 2702 1599 ut
2729 1555 2952 1600 sanctus
2984 1543 3148 1600 lsrael
3179 1546 3443 1616 gloriosus

1873 1635 1965 1690 sit.
2009 1652 2030 1687 ι
2071 1634 2342 1690 Ecclesias
2368 1650 2498 1691 vero
2549 1635 2604 1689 in
2655 1635 3086 1704 praecedentibus
3117 1651 3213 1705 per
3241 1637 3444 1692 insulas

1876 1723 2186 1779 adumbrari
2216 1725 2575 1794 signiﬁcabat.
2615 1726 2748 1793 Quia
2779 1728 2946 1796 igitur
2978 1729 3241 1798 promissa
3271 1729 3444 1798 patri-

184 1826 531 1898 ηγγελμένας
570 1827 706 1898 πρὸς
744 1828 868 1892 τοὺς
905 1826 1146 1900 πατέρας
1187 1826 1515 1896 ἐπαγγελίας
1557 1827 1615 1878 αῖ
1673 1827 1762 1878 ἐκ·

1885 1830 1961 1870 ms
1993 1813 2132 1869 facta
2175 1815 2428 1872 Ecclesia
2466 1817 2582 1882 Dei,
2636 1819 2946 1887 prophetias
2983 1819 3314 1886 evolventes,
3345 1835 3444 1874 ex-

187 1917 410 1987 κλησίαι
439 1915 534 1970 τοῦ
561 1915 695 1970 Θεοῦ
731 1916 833 1980 τὰς
863 1918 1197 1989 προφητείας
1235 1917 1576 1989 διερχόμεναι
1605 1933 1772 1988 προσ-

187 2007 410 2071 ιδόκων,
434 2007 660 2072 εἰκότως
680 2008 904 2079 φησίνοςι
927 2009 1056 2079 Ἐμὲ
1081 2008 1232 2080 νῆσοι
1261 2009 1578 2079 ὑπέμειναν.
1605 2009 1772 2062 Ηλοῖα

189 2096 450 2167 Θαρσεῖς·
478 2116 498 2149 ι
525 2097 820 2151 αἰνίττεται
849 2096 920 2150 τὰ
952 2097 1178 2168 σώματα
1199 2092 1280 2162 οἷς
1307 2097 1636 2170 ἐπενήξαντο
1673 2115 1772 2152 κα-

187 2189 257 2242 τὰ
287 2189 382 2243 τὸν
417 2189 607 2261 θνητὸν
640 2189 756 2261 βίον
797 2192 852 2244 αἱ
875 2189 1062 2262 ψυχαί.
1107 2190 1339 2261 Θαρσεῖς
1381 2191 1439 2244 δὲ
1462 2190 1774 2261 ἀλλοφύλων

189 2280 356 2334 πάλιν
387 2281 647 2352 ἐτύγχανε
685 2281 869 2354 χώραο
905 2283 988 2337 διὸ
1025 2282 1155 2354 περί
1190 2282 1498 2354 ἀλλοφύλων
1531 2283 1774 2337 ἀπίστων

191 2373 408 2445 εἴρηταί
435 2391 538 2427 που
557 2391 570 2404 ·
611 2393 631 2426 ι
655 2374 743 2428 Ἐν
772 2375 1040 2445 πνεύματι
1091 2375 1248 2448 βιαίῳ
1282 2375 1592 2449 συντρίψεις
1618 2376 1775 2431 πλοῖα

190 2466 448 2537 Θαρσεῖς.
475 2484 494 2518 ι
541 2465 677 2519 Ἀλλ’
701 2467 878 2520 ἐκεῖνο
916 2466 1015 2538 μὲν
1046 2467 1386 2539 συνετρίϐετο
1408 2484 1423 2499 ο
1454 2467 1689 2522 ἐνταῦθα
1719 2468 1776 2522 δὲ

189 2555 263 2610 τὰ
294 2556 460 2609 τέκνα
489 2556 591 2626 τῆς
629 2556 864 2621 παλαιᾶς
909 2558 1261 2630 Ἰερουσαλὴμ
1283 2558 1352 2612 τὰ
1387 2558 1447 2624 ἐξ
1482 2559 1649 2613 ἐθνῶν
1680 2560 1777 2613 αύ-

189 2649 262 2718 τῇ
299 2647 708 2719 προσγενόμενα
735 2649 920 2712 αὐτοῖς
961 2649 1165 2713 πλοίοις
1203 2649 1475 2722 μακρόθεν
1513 2650 1650 2722 πρὸς
1689 2651 1780 2706 αύο

189 2736 295 2809 τὴν
324 2736 444 2808 ἥξει
463 2755 476 2768 ·
508 2740 807 2804 τουτέστιν,
832 2741 1015 2803 αὐτοῖς
1043 2739 1290 2811 σώμασιν
1318 2743 1410 2795 ἐπί
1438 2742 1499 2795 τὸ
1531 2745 1778 2814 κρεῖττον

196 2828 603 2900 μεταϐληθεῖσι.
633 2829 857 2896 Ἥξουσι
900 2832 1080 2887 τοίνυν
1119 2834 1298 2898 αὐτοῖς
1326 2837 1437 2898 τοῖς
1462 2834 1704 2907 σώμασιν
1729 2837 1778 2889 οἰ

192 2922 585 2992 πῳλεχθέντες
621 2923 721 2988 τὰς
761 2927 880 2979 κατ’
915 2925 1114 2998 ἀρετὴν
1159 2925 1385 2999 πράξεις
1414 2928 1650 3000 ἄργυρον
1688 2928 1780 2982 καὶ

193 3011 400 3081 χρυσὸν
423 3011 827 3086 ὀνομαζομένας
849 3017 1198 3089 ἐπαγόμενοι.
1234 3017 1466 3090 Πράξεις
1485 3019 1541 3071 δέ
1563 3014 1668 3072 οἶδε
1690 3018 1780 3072 τὸν

195 3101 398 3175 χρυσὸν
422 3105 517 3159 καὶ
546 3105 637 3158 τὸν
665 3104 904 3179 ἄργυρον
930 3108 960 3159 ὁ
998 3105 1362 3173 Ἀπόστολος.’

1876 1905 2228 1973 spectabant,
2274 1905 2400 1976 jure
2449 1907 2546 1972 ait,
2597 1925 2616 1957 ι
2657 1907 2740 1962 Me
2793 1908 2982 1963 insula
3035 1921 3446 1978 exspectarunt.

1875 1994 2050 2052 Naves
2070 1983 2336 2061 Tharsis;
2371 2016 2392 2050 ι
2426 1996 2511 2053 bis
2540 1998 2848 2052 subindicat
2893 2013 3142 2068 corpora,
3165 1999 3220 2053 in
3251 1999 3447 2068 quibus

1877 2088 2173 2142 enatabant
2227 2090 2423 2143 anima
2473 2089 2528 2144 in
2576 2091 2678 2144 hac
2713 2091 2925 2146 mortali
2971 2093 3084 2146 vita
3117 2093 3447 2148 constituta.

1878 2177 2101 2234 Tharsis
2141 2179 2268 2234 item
2330 2181 2752 2252 alienigenarum
2800 2184 3043 2253 gentium
3089 2183 3237 2253 regio
3284 2177 3448 2239 erat:

1883 2282 2054 2337 quare
2080 2270 2146 2324 de
2179 2267 2473 2324 incredulis
2503 2269 2819 2342 alienigenis
2852 2269 3046 2327 alicubi
3079 2273 3297 2337 dicitur,
3342 2289 3362 2324 ι
3390 2272 3447 2326 lit

1879 2360 2070 2429 spiritu
2102 2361 2408 2416 vehementi
2439 2373 2688 2417 conteres
2717 2376 2882 2429 naves
2918 2361 3141 2418 Tharsis
3166 2363 3234 2417 ³ο.
3277 2380 3298 2414 ι
3339 2361 3450 2418 Sed

1882 2451 2011 2517 illud
2053 2451 2270 2520 quidem
2318 2453 2742 2508 conterebatur:
2773 2452 2864 2508 hic
2908 2468 3039 2510 vero
3083 2454 3180 2510 lilii
3217 2457 3451 2529 antiqua

1882 2541 2027 2597 illius
2055 2540 2376 2609 Jerusalem,
2408 2543 2499 2614 qui
2534 2560 2603 2598 ex
2650 2545 2900 2613 gentibus
2929 2548 2995 2600 ad
3025 2561 3145 2601 eam
3191 2549 3452 2604 accedent

1881 2633 2070 2704 procul
2109 2642 2162 2688 et
2190 2635 2257 2689 ad
2287 2633 2461 2704 ipsam
2493 2634 2762 2704 appellent
2783 2637 2922 2691 vecti
2958 2637 3208 2704 navibus,
3256 2640 3310 2694 id
3344 2652 3451 2710 est,

1883 2727 2204 2797 corporibus
2250 2728 2304 2782 in
2337 2728 2530 2784 melius
2563 2730 2928 2784 commutatis.
2988 2729 3122 2786 Cum
3159 2732 3290 2800 ipsis
3320 2747 3452 2805 ergo

1883 2819 2201 2888 corporibus
2227 2820 2464 2886 pradicti
2496 2819 2734 2888 venient,
2776 2835 2938 2890 opera
2967 2837 3088 2876 cum
3110 2824 3311 2880 virtute
3337 2825 3454 2879 edi-

1884 2921 1960 2978 ta,
1993 2926 2184 2965 aurum
2221 2918 2276 2966 et
2327 2921 2612 2982 argentum
2667 2913 2826 2978 dicta,
2879 2914 3224 2971 advehentes.
3275 2916 3452 2988 Opera

1885 3016 2015 3058 vero
2039 3016 2137 3072 pro
2161 3016 2296 3058 auro
2317 3011 2373 3057 et
2403 3011 2624 3073 argento
2647 3004 2845 3074 accipit
2867 3004 3173 3075 Apostolus.

277 3217 297 3249 ι
316 3198 427 3251 Καὶ
464 3174 902 3271 οἰκοδομήσω-σιν
927 3199 1231 3270 ἀλλογενεῖς
1257 3200 1328 3256 τὰ
1366 3198 1518 3275 τείχη
1545 3220 1660 3267 σου,
1690 3202 1782 3256 καὶ

1956 3205 2121 3262 Vens.
2157 3206 2242 3273 ιο,
2275 3206 2361 3261 ll.
2400 3224 2420 3259 ι
2453 3204 2522 3262 Et
2546 3205 2891 3262 adiﬁcahunt
2925 3207 3240 3278 alienigena
3271 3223 3455 3264 muros

194 3289 250 3343 οἰ
284 3289 523 3359 βασιλεῖς
553 3289 733 3344 αὐτῶν
753 3291 1196 3362 παραστήσονται
1234 3311 1335 3348 σοι.
1365 3293 1463 3347 Διὰ
1489 3294 1596 3366 γὰρ
1615 3295 1784 3366 ὀργήν

200 3399 307 3453 μου
345 3380 594 3447 ἐπάταξά
616 3399 697 3446 σε,
743 3385 838 3437 καὶ
864 3383 952 3439 διὰ
972 3385 1117 3438 ἔλεον
1144 3385 1412 3457 ἠγάπησά
1441 3402 1520 3438 σε.
1553 3387 1662 3439 Καὶ
1689 3386 1785 3439 ἀν·

194 3473 544 3546 οιχθήσονται
570 3475 627 3526 αἰ
648 3473 814 3528 πύλαι
839 3491 931 3528 σου
957 3475 1046 3529 διά
1073 3475 1292 3540 παντὸς,
1317 3474 1528 3547 ἡμέρας
1567 3475 1662 3529 καὶ⁸
1702 3494 1788 3530 νυ-

197 3565 330 3630 κτὸς
363 3565 424 3619 ού
460 3565 888 3638 κλεισθήσονται,
927 3569 1244 3638 εἰσαγαγεῖν
1294 3567 1430 3640 πρὸς
1461 3567 1522 3620 σέ
1560 3566 1787 3639 δύναμιν

197 3656 395 3719 ἐθνῶν,
423 3657 518 3710 καὶ
555 3656 797 3727 βασιλεῖς
822 3658 1000 3712 αὐτῶν
1025 3660 1344 3729 ἀγομένους.
1377 3677 1397 3711 ι
1430 3658 1541 3713 Καὶ
1567 3659 1698 3713 αὐτὸ
1722 3659 1788 3713 δι’

199 3749 383 3820 ἔργων
419 3749 670 3803 ἐπιτελού
679 3767 838 3821 μενον
865 3751 985 3822 ὄψει
1013 3752 1314 3823 ἐπιστήσας
1339 3751 1428 3806 τὸν
1459 3751 1604 3818 νοῦν,
1628 3753 1703 3817 ὡς
1730 3752 1791 3819 ἐξ

201 3839 511 3910 ἀλλογενῶν
541 3841 636 3895 καὶ
663 3841 975 3912 ἀλλοφύλων
1003 3842 1172 3896 ἐθνῶν
1209 3843 1311 3914 τῆς
1345 3844 1670 3915 Ἐκκλησίας
1692 3844 1788 3898 τοῦ

201 3931 344 3985 Θεοῦ
391 3931 733 4001 προεστῶτες
766 3933 960 4004 ἄνδρες
996 3933 1366 3998 διδασκαλίαις
1393 3936 1791 4008 περιφράττου-

203 4038 315 4086 σιν,
343 4019 534 4092 ῶσπερ
563 4021 672 4076 τισὶ
698 4023 1004 4094 περιϐόλοις
1032 4024 1127 4078 καὶ
1150 4023 1389 4094 τείχεσιν
1426 4023 1790 4096 ἀσφαλιζόμε·

203 4129 291 4169 voc
323 4111 416 4164 τὸν
444 4112 544 4182 τῆς
584 4113 894 4178 θεοσεϐείας
927 4114 1106 4184 λόγον,
1143 4116 1223 4179 εἰς
1256 4115 1316 4168 τὸ
1361 4115 1434 4187 μὴ
1471 4116 1793 4188 παρεισδύε·

205 4204 335 4259 σθαι
368 4206 496 4268 τοὺς
525 4202 837 4277 ἀλλοτρίους
866 4206 965 4278 τῆς
993 4205 1249 4272 πίστεως,
1281 4207 1416 4278 μηδέ
1444 4206 1628 4280 χώραν
1649 4207 1792 4278 ἔχειν

204 4296 503 4367 ἐπιϐουλῆς
530 4297 671 4350 κατά
691 4296 799 4350 τῶν
831 4298 930 4368 τῆς
953 4297 1210 4369 ἀληθείας
1231 4298 1538 4370 δογμάτων.
1572 4301 1637 4353 Ol
1659 4298 1792 4368 γοῦν

204 4388 320 4443 τῶν
357 4389 680 4459 Ῥωμαῖκῶν
719 4390 1016 4460 ταγμάτων
1049 4389 1328 4460 ἄρχοντες,
1369 4391 1462 4444 καὶ¹
1510 4391 1618 4444 τῶν
1665 4408 1796 4463 κρα-

203 4482 453 4536 τούντων
486 4481 749 4558 βασιλέων
793 4483 822 4535 ὁ
851 4481 1014 4552 φόϐος
1055 4481 1124 4535 τὰ
1164 4482 1374 4554 μεγάλα
1425 4483 1790 4554 συμϐάλλεται

207 4573 352 4644 πρὸς
392 4573 703 4645 ἀνατροπὴν
729 4571 838 4626 τῶν
873 4573 1243 4628 ἐπιϐουλεύειν
1267 4576 1332 4646 τῇ
1373 4575 1666 4647 Ἐκκλησία
1697 4575 1790 4629 τοῦ

206 4665 350 4720 Θεοῦ
378 4665 754 4736 πειρωμένων.
780 4665 953 4719 Πύλαι
983 4665 1041 4718 δὲ
1068 4665 1168 4736 τῆς
1200 4666 1292 4720 τοῦ
1316 4666 1451 4720 Θεοῦ
1483 4666 1690 4730 πόλεως
1714 4666 1796 4720 τί-

205 4775 302 4820 νες
334 4755 401 4811 ἂν
426 4751 536 4809 εἷεν
559 4757 592 4828 ἢ
626 4759 680 4810 αἱ
715 4757 1070 4828 στοιχειώδεις
1094 4759 1187 4813 καὶ
1219 4759 1524 4812 εἰσακτικαὶ
1550 4758 1798 4814 διδασκα-

206 4850 358 4913 λίαι;
386 4849 486 4902 Διά
510 4850 704 4914 νυκτὸς
733 4851 826 4904 καὶ
849 4850 1087 4922 ἡμέρας,
1118 4852 1304 4923 φησὶν,
1337 4850 1606 4922 ὴνεῷχθαι
1630 4853 1796 4905 πᾶσιν

205 4939 527 5010 ἀνθρώποις
548 4941 686 5012 πρὸς
709 4941 770 4994 τὸ
797 4943 1006 5006 πάντας
1035 4941 1371 5013 εἰσδέχεσθαι
1393 4943 1518 5007 τοὺς
1547 4941 1606 5007 ἐξ
1633 4944 1797 4997 ἀπάν-

203 5049 322 5085 των
367 5029 477 5083 τῶν
520 5031 689 5086 ἐθνῶν
735 5032 1005 5087 θεοσεϐεῖν
1053 5033 1486 5106 προῃρημένους.
1530 5034 1797 5104 Δυνάμεις

208 5123 315 5193 μὲν
348 5117 443 5175 οῦν
469 5122 576 5176 τῶν
599 5123 768 5178 ἐθνῶν
794 5126 931 5178 εἰσιν
967 5126 1016 5179 οἱ
1054 5125 1341 5198 δυνάμενοι
1370 5126 1580 5195 λέγεινέ
1617 5143 1634 5176 ι
1654 5125 1796 5180 Πάν-

203 5232 280 5267 τα
315 5215 488 5285 ἰσχύω
521 5217 578 5269 ἐν
609 5215 688 5287 τῷ
722 5215 1104 5289 ἐνδυναμοῦντί
1142 5235 1208 5290 με
1231 5234 1244 5247 °
1276 5237 1295 5270 ι
1345 5216 1582 5287 βασιλεῖς
1610 5216 1667 5269 δὲ
1698 5216 1796 5270 αύο

204 5308 326 5360 τῶν
360 5308 410 5360 οἱ
436 5306 703 5379 ἐξαίρετοι
737 5308 834 5362 καὶ
859 5309 957 5380 τῆς
982 5309 1305 5382 ἐπουρανίου
1332 5308 1608 5380 βασιλείας
1631 5307 1790 5372 ἄξιοι.

212 5399 366 5468 Ἤδη
392 5398 448 5451 δὲ
474 5400 567 5454 καὶ
587 5403 930 5472 σωματικοὺς
967 5401 1248 5473 Ῥωμαίων
1275 5401 1678 5474 αὐτοκράτορας
1701 5402 1794 5454 καὶ

215 5486 466 5558 βασιλεῖς
491 5489 633 5560 ὀρῶν
661 5507 744 5553 τις
789 5489 1182 5562 ύποτρέχοντας
1211 5492 1310 5561 τῆς
1348 5489 1670 5560 Ἐκκλησίας
1700 5486 1794 5542 τοῦ

215 5579 362 5634 Θεοῦ
388 5579 487 5643 τὰς
502 5580 696 5644 πύλας,
720 5581 815 5636 καὶ
836 5580 944 5636 τῶν
961 5581 1090 5635 εἴσω
1115 5582 1296 5636 πυλῶν
1329 5581 1638 5654 μυστηρίων
1666 5599 1798 5635 κατ-

1884 3309 2029 3367 tuos,
2063 3309 2118 3356 et
2154 3315 2308 3372 reges
2337 3315 2524 3356 eorum
2569 3300 2824 3356 astahunt
2877 3301 2996 3357 tibi.
3059 3301 3286 3371 Propter
3318 3301 3454 3356 iram

1885 3393 2030 3449 enim
2074 3407 2250 3447 meam
2294 3392 2533 3462 percussi
2567 3401 2642 3459 te,
2681 3401 2736 3446 et
2781 3401 3003 3462 propter
3029 3393 3456 3448 misericordiam

1887 3484 2049 3540 dilexi
2089 3492 2161 3539 te.
2195 3484 2263 3538 Et
2290 3485 2603 3554 aperientur
2652 3492 2819 3555 porta
2853 3495 2958 3539 tua
3000 3499 3233 3554 semper,
3259 3485 3346 3540 die
3394 3498 3460 3540 ac

1887 3585 2045 3631 nocte
2074 3590 2178 3631 non
2205 3575 2547 3639 claudentur,
2583 3585 2644 3630 ut
2674 3577 2934 3630 inducant
2977 3577 3042 3628 ad
3083 3584 3133 3630 te
3161 3577 3457 3646 potentiam

1887 3667 2150 3739 gentium,
2185 3675 2240 3720 et
2278 3680 2432 3736 reges
2469 3681 2655 3720 earum
2697 3666 2886 3721 duces.
2922 3683 2942 3718 ι
3003 3666 3068 3719 Et
3099 3666 3203 3721 hoc
3241 3681 3301 3722 re
3333 3681 3460 3737 per-

1890 3766 2069 3811 actum
2109 3757 2314 3825 videas,
2343 3757 2388 3812 si
2414 3758 2597 3812 animo
2629 3758 2903 3821 attendas,
2947 3772 3012 3811 ex
3055 3757 3375 3828 alienigenis
3404 3769 3462 3814 et

1889 3849 2160 3904 extraneis
2205 3849 2459 3918 gentibus
2502 3852 2652 3904 viros
2717 3845 2976 3904 Ecclesia
3029 3848 3121 3903 Dei
3178 3848 3462 3918 prafectos

1890 3941 2062 4010 ipsam
2077 3941 2319 3995 doctrina
2350 3939 2797 4005 circummunire,
2817 3942 2917 4010 pia
2937 3940 3210 4009 religionis
3235 3943 3462 3996 verbum

1891 4033 2045 4102 quasi
2069 4043 2222 4103 septo
2259 4042 2313 4088 et
2345 4048 2504 4088 muro
2536 4041 2796 4098 tutantes,
2834 4047 2900 4088 ne
2947 4033 3109 4088 alieni
3147 4048 3175 4086 a
3207 4033 3311 4088 lide
3344 4034 3464 4089 sub-

1893 4130 2104 4192 repant,
2123 4135 2257 4176 neve
2278 4120 2455 4175 locum
2481 4121 2717 4176 habeant
2751 4121 2976 4176 insidias
3001 4131 3190 4176 contra
3216 4121 3466 4176 veritatis

1891 4216 2144 4282 dogmata
2177 4212 2424 4284 parandi.
2489 4211 2855 4268 Romanorum
2895 4215 3095 4283 quippe
3127 4214 3464 4268 exercituum

1892 4305 2184 4375 principes,
2235 4319 2299 4359 ac
2341 4303 2725 4374 imperantium
2777 4319 2964 4374 regum
3011 4314 3186 4358 metus
3231 4304 3468 4357 maxime

1894 4397 2180 4452 conferunt
2229 4395 2296 4450 ad
2329 4395 2704 4466 depellendum
2745 4407 2860 4457 eos,
2921 4393 3012 4462 qui
3069 4394 3323 4449 Ecclesia
3374 4394 3467 4452 Dei

1822 4518 1866 4574 Β
1897 4488 2124 4543 insidias
2152 4495 2386 4542 struunt.
2432 4485 2610 4541 Porta
2666 4493 2849 4540 autem
2886 4487 3122 4541 civitatis
3168 4485 3284 4550 Dei,
3317 4500 3468 4556 qua-

1896 4594 2020 4635 nam
2050 4577 2273 4642 fuerint,
2291 4577 2396 4631 nisi
2418 4575 2774 4632 elementares
2797 4576 2901 4631 illa
2919 4587 2973 4632 et
3003 4576 3239 4632 initiales
3263 4577 3469 4632 doctri-

1895 4671 2011 4726 na?
2039 4668 2205 4725 Nocte
2223 4677 2277 4725 et
2301 4668 2408 4733 die,
2433 4669 2630 4739 inquit,
2659 4668 2908 4724 omnibus
2940 4669 3249 4724 hominibus
3269 4679 3469 4746 aperta

1896 4770 2045 4828 sunt,
2075 4771 2135 4817 ut
2186 4760 2458 4830 excipiant
2489 4775 2583 4815 eos
2637 4776 2704 4815 ex
2743 4761 2996 4815 omnibus
3046 4760 3318 4831 gentibus,
3375 4760 3468 4828 qui

1897 4853 2066 4909 Deum
2101 4854 2279 4910 colere
2309 4853 2362 4908 in
2398 4855 2673 4924 proposito
2701 4853 2922 4908 habent.
2949 4853 3196 4908 Potentia
3230 4853 3470 4923 gentium

1899 4951 2028 4998 sunt
2061 4943 2096 4997 ii
2124 4944 2212 5011 qui
2242 4943 2421 4998 dicere
2449 4944 2654 5005 valent,
2684 4963 2702 4995 ι
2724 4943 2914 5000 Omnia
2945 4958 3161 5012 possum
3193 4943 3246 4996 in
3275 4957 3340 4998 eo
3378 4942 3469 5010 qui

1903 5049 1989 5088 me
2044 5034 2313 5088 confortat
2341 5032 2426 5087 ἰε
2463 5051 2482 5083 ι
2527 5047 2680 5102 reges
2723 5048 2909 5087 earum
2947 5033 2983 5087 ii
3036 5042 3162 5088 sunt
3202 5033 3292 5102 qui
3341 5046 3470 5100 pra-

1901 5123 2190 5178 stantiores
2241 5131 2297 5178 et
2337 5123 2545 5178 caelesti
2593 5138 2760 5194 regno
2813 5123 2959 5194 digni
3012 5124 3299 5178 habentur.
3350 5121 3469 5180 Jam

1900 5231 2062 5286 vero,
2119 5231 2242 5272 cum
2304 5231 2563 5288 corporeo
2607 5231 2758 5272 more
2806 5225 3058 5286 acceptos
3103 5215 3470 5270 Romanorum

1899 5307 2251 5378 imperatores
2280 5307 2511 5362 vidimus
2538 5310 2606 5361 ad
2641 5306 2898 5362 ecclesias
2937 5307 3029 5360 Dei
3063 5312 3470 5366 concurrentes,

1900 5405 1955 5452 et
1991 5398 2368 5468 mysteriorum
2398 5412 2518 5468 quae
2556 5397 2697 5451 intra
2719 5395 2913 5465 januas
2941 5403 3274 5466 peraguntur
3302 5393 3472 5463 parti-

1903 5487 2068 5555 cipes,
2107 5488 2376 5559 quomodo
2432 5487 2673 5543 vaticinii
2713 5487 2995 5542 veritatem
3051 5501 3158 5542 non
3211 5485 3472 5543 conﬁtea-

1905 5580 2062 5634 mur?

217 5671 596 5743 ἀξιουμένους,
633 5669 752 5735 πῶς
787 5671 888 5724 οὐκ
916 5670 1168 5742 ἀλήθειαν
1209 5674 1546 5743 μαρτυρήσει
1583 5672 1660 5742 τῷ
1690 5671 2054 5742 θεσπίσματι;

195 5811 210 5833 ,
303 5765 385 5820 ’Ἰ
432 5765 620 5824 Thess.
645 5781 716 5832 tv,
751 5764 837 5820 l6.
911 5767 957 5799 ὀ
979 5765 1290 5834 Psal.xr.vn,
1321 5767 1374 5823 8.
1466 5770 1509 5801 ἰ
1540 5767 1770 5837 Philipp.
1804 5783 1874 5833 iv,
1904 5767 1985 5822 l3.
