3880 6216
218 321 306 378 491

1157 293 1655 377 COMMENTARIA
1691 319 1760 375 IN
1797 317 2053 375 ISAIAM.
2092 347 2160 358 -—
2199 315 2352 374 CAP.
2391 317 2550 374 LX“.

3348 315 3450 372 #93

183 442 186 444 ⁷
223 441 418 506 τούτου;
456 459 475 492 ι
505 439 658 495 ἔσται
703 441 924 495 κάκεῖνο
962 442 1243 513 σωτήριον.
1277 441 1548 514 Σωτήρων
1574 443 1630 497 δὲ
1658 443 1766 516 ἱμά-

1886 457 1971 498 me
1999 441 2250 499 liberabit
2281 441 2346 498 de
2372 454 2602 511 corpore
2635 441 2824 496 mortis
2864 439 3022 508 hujus
3043 440 3125 493 ἠ
3159 459 3178 492 ι
3223 437 3316 495 sed
3347 441 3453 494 erit

216 551 315 586 τιον
349 535 418 603 τῇ
456 531 600 604 ψυχῇ
629 532 1005 605 περιθήσεται,
1045 534 1139 588 καὶ
1163 533 1368 604 χιτῶνα
1402 534 1770 606 εὐφροσύνης*

215 628 425 690 ἕκαστος
478 625 589 697 γὰρ
644 628 762 690 ταῖς
819 625 1015 681 ἑαυτοῦ
1075 627 1306 700 πράξεσι
1349 628 1468 692 ταῖς
1507 627 1648 682 κατὰ
1695 629 1776 683 δι-

212 717 493 788 καιοσύνην
524 717 942 790 πεπραγμέναις
989 719 1080 774 τὸν
1138 717 1332 772 ἑαυτοῦ
1375 719 1578 791 κόσμον
1626 717 1776 772 ἐνδύ-

211 826 372 864 σεται.

280 921 297 952 ι
333 902 406 956 Οὐ
432 902 541 974 γάρ
571 901 788 956 δύσεταί
812 919 893 956 σοι
911 902 940 956 6
962 902 1114 974 ἥλιός
1140 921 1242 970 σοι,
1272 905 1366 959 καὶ
1397 905 1431 975 ἡ
1467 903 1664 976 σελήνη
1693 919 1776 956 σοι

209 988 303 1042 οὐκ
332 989 568 1060 ἐκλείψει
592 1007 606 1021 ο
669 989 822 1044 ἔσται
869 991 979 1062 γάρ
1024 1008 1105 1046 σοι
1149 992 1355 1066 Κύριος
1389 994 1504 1064 φῶς
1537 992 1773 1061 αἰώνιον,

210 1079 299 1132 καὶ
329 1081 882 1154 ἀναπληρωθήσονται
930 1083 986 1136 αί
1032 1084 1238 1157 ήμέραι
1277 1085 1370 1139 τοῦ
1399 1085 1626 1150 πένθους
1658 1103 1772 1139 σου.

210 1171 313 1222 Kal
349 1170 378 1222 6
418 1169 543 1234 λαός
579 1187 672 1224 σου
697 1171 806 1234 πᾶς
832 1170 1060 1239 δίκαιος,
1099 1173 1168 1226 δι’
1202 1173 1397 1239 αίῶνος
1440 1174 1778 1248 κληρονομή-

212 1277 354 1314 σουσι
386 1261 484 1332 τὴν
511 1262 634 1332 γῆν,
685 1262 973 1333 φυλάσσων
1019 1263 1080 1316 τὸ
1121 1264 1371 1337 φύτευμα
1414 1264 1551 1338 ἔργα
1580 1264 1778 1337 χειρῶν

208 1351 364 1405 αὐτοῦ
396 1355 476 1417 είς
497 1353 674 1421 δόξαν.
716 1354 775 1408 '0
801 1353 1078 1423 ὀλιγοστὸς
1108 1354 1262 1410 ἔσται
1289 1358 1369 1421 είς
1386 1356 1651 1426 χιλιάδας,
1683 1357 1777 1413 καὶ

202 1447 234 1498 6
260 1444 556 1528 ἐλάχιστος,
591 1446 670 1510 είς
699 1445 852 1511 ἔθνος
887 1447 1048 1518 μέγα.
1093 1445 1234 1517 Ἐγὼ
1259 1447 1462 1522 Κύριος
1493 1449 1632 1504 κατὰ
1659 1467 1778 1505 και-

208 1536 297 1607 ρὸν
317 1536 526 1602 συνάξω
558 1537 773 1602 αὐτούς.

703 1630 1101 1688 ΚΕΦΑΛΑΙΟΝ
1161 1629 1282 1685 ΞΑ’.

277 1736 296 1769 ι
335 1717 557 1788 Πνεῦμα
607 1718 812 1790 Κυρίου
842 1719 930 1774 ἐπ’
967 1722 1090 1794 ἐμὲ,
1135 1715 1197 1776 οῦ
1237 1721 1444 1776 εἵνεκεν
1474 1719 1656 1794 ἔχρισέ
1681 1739 1770 1794 με,

199 1807 646 1876 εὐαγγελίσασθαι
679 1813 911 1880 πτωχοῖς
933 1811 1241 1866 ἀπέσταλκέ
1273 1829 1454 1884 με.....
1493 1832 1512 1866 ι

714 1903 1114 1957 ΚΕΦΑΛΑΙΟΝ
1143 1903 1261 1958 EB’.

274 2005 293 2040 ι
332 1989 431 2044 Διὰ
465 1991 601 2047 Σιὼν
647 1993 707 2046 οὐ
743 1996 1112 2066 σιωπήσομαι,
1162 1997 1255 2050 καὶ
1288 1996 1377 2050 διὰ
1419 1995 1772 2070 Ἰερουσαλὴμ

195 2081 298 2134 οὐκ
326 2083 530 2153 ἀνήσω,
560 2084 664 2150 ἓως
689 2085 755 2140 ἂν
785 2085 976 2161 ἐξέλθῃ
1003 2087 1078 2152 ὡς
1106 2088 1221 2158 φῶς
1255 2090 1288 2161 ὴ
1324 2089 1636 2161 δικαιοσύνη
1674 2091 1766 2144 αὐ-

194 2173 331 2244 τῆς·
390 2173 451 2228 τὺ
481 2176 538 2230 δὲ
582 2178 856 2252 Σωτήριόν
909 2198 1011 2252 μου
1045 2181 1120 2246 ὡς
1160 2181 1380 2253 λαμπάς
1414 2183 1768 2256 καυθήσεται.

197 2265 310 2318 Kal
341 2265 560 2336 ὄψονται
585 2269 655 2324 τὰ
687 2270 813 2344 ἔθνη
840 2270 938 2343 τὴν
963 2271 1308 2346 δικαιοσύνην
1344 2291 1458 2342 σου,
1490 2276 1585 2329 καὶ
1615 2276 1768 2346 βασι-

191 2355 324 2423 λεῖς,
358 2358 456 2430 τὴν
491 2359 648 2426 δόξαν
685 2379 798 2416 σου.
831 2363 940 2416 Kal
962 2364 1178 2418 καλεσει
1208 2382 1266 2419 σε
1287 2365 1348 2419 τὸ
1369 2367 1538 2438 ὄνομα
1561 2367 1621 2421 τὺ
1646 2385 1769 2421 και-

191 2451 304 2515 νὸν,
360 2450 390 2503 ὃ
419 2453 449 2505 6
479 2451 683 2523 Κύριος
727 2454 980 2525 όνομάσει
1021 2456 1170 2511 αὐτό.
1214 2458 1324 2512 Kal
1367 2457 1464 2532 ἔσῃ
1512 2460 1770 2528 στέφανος

191 2545 418 2608 κάλλους
449 2546 506 2599 ὲν
542 2547 686 2618 χειρὶ
721 2546 951 2618 Κυρίου,
1000 2549 1095 2600 καὶ
1131 2548 1367 2620 διάδημα
1405 2549 1682 2620 βασιλείας
1711 2553 1768 2606 ἐν

188 2638 334 2710 χειρὶ
391 2637 527 2691 Θεοῦ
561 2633 690 2694 σου.
733 2658 752 2692 ι
801 2641 894 2694 Ὃν
945 2640 1279 2713 ἀπολήψεται
1325 2642 1443 2696 τότε
1494 2643 1764 2712 λέγουσαο

195 2747 214 2780 ι
253 2729 357 2784 Τὸν
391 2730 554 2784 καλὸν
576 2730 887 2804 ἠγώνισμαι
916 2732 1123 2802 ἀγῶνα,
1151 2733 1241 2787 τὸν
1260 2733 1460 2806 δρόμον
1487 2735 1756 2796 τετέλεκα,

188 2821 290 2892 τὴν
317 2821 499 2875 πίστιν
525 2824 805 2895 τετήρηκα
828 2841 842 2855 ·
872 2824 1055 2881 λοιπὸν
1081 2828 1366 2883 ἀπόκειταί
1407 2846 1496 2901 μοι
1517 2831 1544 2884 6
1573 2830 1671 2901 τῆς
1693 2831 1769 2884 δι-

186 2913 483 2986 καιοσύνης
507 2915 787 2986 στέφανος.
828 2935 847 2969 ι
891 2919 956 2972 Ἦ
994 2919 1051 2973 δὲ
1086 2919 1244 2992 αὐτὴ,
1281 2921 1468 2994 νύμφη
1515 2940 1600 2987 τις
1632 2919 1766 2984 οὐσα

184 3004 282 3058 τοῦ
314 3007 545 3077 νυμφίου
566 3007 740 3078 Λόγου
770 3010 864 3063 καὶ
886 3009 954 3063 τά
976 3013 1104 3083 παρ’
1137 3012 1302 3067 αὐτοῦ
1325 3013 1615 3086 σπέρματα
1638 3017 1768 3072 ὐπο-

181 3097 477 3169 δεξαμένη,
514 3102 758 3172 καρποὺς
785 3102 1018 3174 ὡραίους
1053 3105 1146 3158 καὶ
1183 3105 1429 3171 εὐανθεῖς
1453 3108 1761 3166 ἀποδίδωσι.

185 3188 358 3242 Πάλιν
385 3189 442 3242 δὲ
474 3190 753 3246 κάνταῦθα
794 3193 854 3246 τὸ
892 3192 1139 3260 θεοσεϐὲς
1164 3195 1464 3268 πολίτευμα
1502 3198 1564 3252 τὸ
1596 3200 1763 3256 πάλαι

183 3281 444 3344 συνεστὸς
487 3281 638 3353 παρὰ
681 3283 956 3350 Ἰουδαίοις
1001 3287 1172 3357 δηλοῖ.
1224 3289 1497 3359 Στέφανος
1539 3292 1648 3364 γὰρ
1689 3292 1765 3359 ὡς

179 3371 406 3440 άληθῶς
449 3372 685 3443 Χριστοῦ
741 3376 941 3441 πάντες
975 3377 1025 3430 οί
1062 3377 1128 3430 δι’
1166 3377 1330 3432 αὐτοῦ
1374 3381 1764 3454 κατορθοῦντες

177 3462 535 3530 τυγχάνουσι,
578 3463 672 3516 καὶ
696 3463 930 3536 διάδημα
954 3466 1227 3538 βασιλείας
1256 3469 1363 3523 εἰσὶ
1390 3471 1489 3542 τῆς
1518 3472 1686 3527 αὐτοῦ
1715 3477 1764 3529 οἱ

177 3555 297 3616 τοῖς
323 3553 470 3624 ὑπὲρ
503 3555 670 3608 αὐτοῦ
704 3549 1060 3630 ἐνηθληκότες
1103 3559 1330 3628 ἀγῶσιν,
1367 3563 1416 3614 οἱ
1443 3562 1589 3632 άγιοι
1622 3565 1764 3637 μάρ-

175 3661 370 3716 τυρες,
405 3644 499 3708 οὓς
525 3649 590 3718 τῇ
625 3647 817 3702 ἑαυτοῦ
847 3649 989 3722 χειρὶ
1022 3652 1051 3704 6
1082 3651 1272 3724 Πατήρ
1305 3653 1661 3727 ἐκλεξάμενος
1687 3657 1766 3730 τῷ

176 3735 300 3806 Υίῷ
329 3737 661 3807 περιτίθησι,
697 3740 976 3808 στεφανῶν
1012 3741 1173 3795 αὐτὸν
1206 3742 1300 3796 καὶ
1335 3744 1626 3817 διαδήματι
1669 3747 1766 3818 βα-

175 3832 381 3904 σιλικῷ
409 3834 584 3904 τιμῶν
611 3833 672 3887 τὸ
706 3833 907 3906 πλῆθος
937 3835 1045 3891 τῶν
1076 3837 1141 3890 δι’
1169 3836 1336 3892 αὐτοῦ
1367 3840 1460 3893 καὶ
1485 3841 1575 3896 ὐπ’
1599 3841 1762 3896 αὐτοῦ

175 3927 567 3998 σεσωσμένων.

255 4039 277 4073 ι
321 4022 436 4075 Καὶ
466 4022 682 4078 καλεσει
715 4013 775 4078 σε
799 4025 969 4097 ὄνομα
999 4024 1203 4092 καινὸν,
1230 4025 1259 4080 ὃ
1280 4027 1310 4081 6
1336 4027 1540 4100 Κύριος
1568 4030 1764 4103 ὀνομά-

169 4129 259 4166 σει
289 4113 430 4165 αὐτό
449 4129 462 4142 ·
499 4132 519 4164 ι
554 4114 816 4182 τουτέστι,
846 4114 990 4170 κατὰ
1014 4115 1076 4169 τὸ
1099 4114 1308 4188 θέλημα
1336 4117 1398 4172 τὸ
1419 4119 1550 4190 ὲμὺν
1568 4119 1764 4194 ὀνομα-

170 4204 470 4275 σθήσεται.

248 4313 268 4345 ι
308 4297 428 4349 Kal
466 4295 648 4350 οὐκέτι
693 4297 940 4374 κληθήσῃ
965 4299 1454 4376 καταλελειμμένη,
1483 4303 1576 4356 καὶ
1610 4302 1644 4375 ή
1688 4302 1761 4376 γῆ

168 4403 274 4440 σου
307 4387 374 4439 οὐ
405 4386 734 4459 κληθήσεται
776 4389 854 4443 ἔτι
883 4390 1118 4464 ἐρημοςο
1157 4393 1238 4447 σοὶ
1270 4393 1378 4465 γὰρ
1408 4392 1758 4466 κληθήσεται,

1785 3151 1835 3210 C

1876 546 1931 591 et
1952 535 2078 591 illud
2107 535 2359 590 salutare.
2394 532 2639 588 Salutare
2660 548 2822 603 porro
2847 533 3227 588 vestimentum
3259 531 3452 586 animae

1877 628 2333 698 circumponetur,
2369 634 2424 680 et
2456 625 2636 680 tunica
2661 624 3110 696 laetititezsinguli
3143 624 3285 678 enim
3321 637 3451 693 ope-

1878 722 2030 777 ribus
2050 721 2165 777 suis
2202 735 2324 776 cum
2360 717 2571 788 justitia
2594 717 2753 775 editis
2779 725 2975 774 ornatu
3002 730 3101 772 suo
3135 714 3446 772 induantur.

1946 899 2113 957 Vens.
2136 897 2328 955 20-22.
2355 917 2375 951 ι
2401 895 2518 955 Νοη
2549 897 2693 954 enim
2718 897 2932 953 occidet
2958 896 3040 953 sol
3079 896 3197 964 tibi,
3233 904 3290 952 et
3322 896 3447 950 luna

1876 992 1975 1049 tibi
2032 1007 2141 1048 non
2199 990 2413 1048 deﬁciet
2443 1007 2457 1043 :
2487 991 2593 1045 erit
2648 990 2844 1059 quippe
2893 987 2987 1043 tibi
3041 987 3305 1042 Dominus
3353 985 3444 1040 lux

1877 1084 2224 1156 sempiterna,
2259 1090 2313 1138 et
2365 1081 2730 1152 implebuntur
2773 1081 2890 1135 dies
2918 1079 3095 1135 luctus
3122 1077 3221 1133 tui.
3249 1077 3316 1131 Et
3347 1092 3444 1146 po-

1873 1177 2032 1250 pulus
2065 1185 2187 1232 tuus
2223 1174 2400 1233 omnis
2443 1173 2642 1245 justus,
2683 1173 2736 1228 in
2759 1171 3014 1228 saeculum
3044 1169 3448 1226 haereditabunt

1875 1274 2077 1322 terram
2119 1281 2134 1320 :
2173 1265 2480 1321 custodiens
2521 1262 2908 1334 plantationem
2961 1276 3125 1332 opera
3185 1276 3444 1316 manuum

1875 1356 1994 1428 ejus
2025 1357 2079 1412 in
2113 1355 2359 1427 gloriam.
2395 1355 2498 1421 Qui
2527 1369 2694 1424 parvo
2734 1367 2984 1418 numero,
3013 1351 3117 1406 erit
3154 1349 3211 1406 in
3237 1350 3440 1417 millia;

1874 1457 1929 1503 et
1949 1448 2040 1518 qui
2070 1448 2348 1512 minimus,
2384 1447 2438 1501 in
2469 1453 2682 1517 gentem
2715 1458 2981 1515 magnam.
3045 1442 3158 1513 Ego
3183 1441 3446 1498 Dominus

1875 1537 1932 1594 in
1962 1546 2205 1608 tempore
2240 1537 2578 1607 congregabo
2608 1550 2721 1591 eos.
2756 1555 2776 1589 ι

2451 1625 2681 1684 CAPUT
2713 1627 2849 1686 LXI.

1945 1722 2113 1779 Vens.
2149 1722 2201 1778 l.
2236 1741 2255 1775 ι
2297 1721 2529 1792 Spiritus
2567 1721 2781 1776 Domini
2833 1736 2994 1792 super
3049 1734 3157 1789 me,
3206 1735 3270 1777 eo
3300 1719 3445 1792 quod

1802 1797 1845 1853 Β
1877 1813 2096 1869 unxerit
2125 1828 2249 1870 me:
2273 1814 2644 1886 evangelizare
2664 1813 2991 1882 pauperibus
3014 1813 3158 1870 misit
3181 1827 3380 1870 me.....
3416 1831 3436 1865 ι

2451 1906 2680 1965 CAPUT
2717 1905 2876 1963 an.
3162 1980 3164 1982 τ

1947 1999 2110 2056 Vsus.
2147 2000 2260 2056 1υὸ.
2302 2019 2321 2054 ι
2349 1999 2578 2071 Propter
2601 1997 2729 2056 Sion
2762 2015 2868 2056 non
2898 1999 3108 2066 tacebo,
3135 2007 3189 2054 et
3223 2005 3443 2069 propter

1874 2091 2172 2148 Jerusalem
2214 2107 2325 2148 non
2359 2093 2658 2163 quiescam,
2688 2093 2857 2148 donec
2891 2091 3201 2162 egrediatur
3236 2099 3296 2146 ut
3346 2089 3442 2144 lux

1869 2183 2082 2254 justitia
2138 2183 2258 2255 ejus
2291 2200 2304 2235 :
2337 2183 2589 2242 Salutare
2646 2193 2826 2240 autem
2893 2199 3074 2239 meum
3130 2191 3190 2238 ut
3238 2181 3446 2252 lampas

1875 2278 2224 2334 accendetur.
2250 2277 2318 2333 Et
2345 2278 2608 2335 videbunt
2641 2287 2828 2349 gentes
2871 2275 3140 2346 justitiam
3190 2283 3358 2340 tuam,
3384 2282 3442 2328 et

1876 2383 2028 2440 reges
2073 2369 2299 2440 gloriam
2336 2378 2503 2427 tuam.
2548 2370 2615 2426 Et
2658 2368 2873 2425 vocabit
2924 2377 2980 2425 te
3027 2366 3246 2423 nomine
3277 2380 3441 2433 novo,

1874 2462 2015 2530 quod
2045 2459 2308 2517 Dominus
2356 2461 2681 2518 nominabit.
2711 2461 2782 2516 Et
2809 2461 2920 2517 eris
2954 2473 3155 2517 corona
3201 2457 3442 2528 pulchri-

1876 2553 2079 2609 tudinis
2113 2552 2166 2608 in
2195 2568 2358 2608 manu
2391 2553 2627 2621 Domini,
2649 2561 2703 2609 et
2725 2553 2979 2609 diadema
3009 2551 3160 2621 regni
3187 2549 3239 2603 in
3275 2563 3450 2604 manu-

1871 2643 1972 2698 Dei
2032 2644 2176 2699 tui.»
2219 2644 2392 2712 Quam
2442 2653 2570 2701 tunc
2631 2645 2855 2718 recipiet
2920 2646 3104 2702 dicens
3143 2642 3443 2699 :«Bonum

1873 2745 2155 2792 certamen
2183 2737 2411 2804 certavi,
2441 2753 2660 2794 cursum
2693 2737 3088 2805 consummavi,
3130 2735 3289 2790 ﬁdem
3317 2749 3437 2791 ser-

1872 2826 2038 2881 vavi:
2075 2827 2127 2882 in
2179 2827 2386 2899 reliquo
2435 2831 2672 2898 reposita
2719 2835 2803 2884 est
2853 2827 2986 2882 mihi
3033 2841 3237 2882 corona
3278 2824 3440 2894 justi-

1875 2917 1961 2973 tia:
1981 2917 2048 2972 ⁸³.
2075 2936 2096 2971 ι
2133 2917 2336 2975 Eadem
2368 2934 2521 2987 vero,
2545 2933 2666 2974 cum
2699 2919 2882 2991 sponsi
2908 2917 3070 2975 Verbi
3105 2931 3302 2988 sponsa
3347 2916 3440 2983 sit,

1871 3019 1928 3065 et
1955 3011 2076 3081 ejus
2113 3013 2322 3067 semina
2352 3011 2676 3082 susceperit,
2708 3011 2987 3083 speciosos
3015 3020 3070 3066 et
3093 3010 3221 3067 boni
3258 3008 3442 3066 odoris

1871 3101 2084 3159 fructus
2114 3103 2333 3159 emittit.
2370 3102 2469 3161 Hic
2503 3111 2684 3160 autem
2713 3117 2902 3159 rursus
2939 3103 3084 3174 piam
3117 3101 3433 3172 religionem

1869 3195 1999 3251 olim
2048 3198 2189 3267 apud
2231 3195 2449 3254 Iudaeos
2481 3199 2754 3270 vigentem
2801 3197 3092 3269 signiﬁcat.
3141 3194 3277 3252 Nam
3306 3210 3438 3252 vere

1865 3284 2075 3342 Christi
2115 3300 2316 3342 corona
2347 3295 2476 3344 sunt
2504 3295 2772 3358 quotquot
2814 3302 2914 3359 per
2948 3301 3072 3343 eum
3101 3287 3241 3342 bona
3272 3301 3457 3358 opera.

1866 3378 2053 3444 edunt,
2085 3387 2142 3434 et
2183 3378 2436 3434 diadema
2478 3382 2634 3452 regni
2680 3381 2799 3452 ejus
2831 3388 2979 3445 sunt,
3006 3379 3101 3450 qui
3129 3379 3437 3434 certamina

1865 3465 1980 3535 ejus
2005 3482 2170 3524 causa
2191 3479 2570 3540 susceperunt,
2592 3471 2764 3526 sancti
2788 3479 3078 3540 martyres,
3103 3484 3242 3539 quos
3273 3484 3450 3524 manu:

1865 3570 1964 3612 sua
1997 3557 2160 3614 Pater
2191 3559 2456 3631 deligens,
2486 3569 2545 3616 ut
2566 3575 2822 3618 coronam
2843 3560 2982 3616 Filio
3008 3574 3106 3616 suo
3129 3561 3441 3630 circumpo-

1865 3649 1964 3716 nit,
1992 3658 2047 3705 et
2095 3650 2244 3722 regio
2287 3651 2597 3708 diademate
2635 3651 3037 3708 multitudinem
3076 3661 3309 3708 exornat
3336 3667 3446 3708 eo-

1865 3759 2007 3812 rum,
2041 3743 2134 3818 qui
2169 3759 2268 3815 per
2305 3746 2479 3818 ipsum
2519 3753 2578 3802 et
2614 3745 2684 3801 ab
2731 3746 2853 3818 ipso
2881 3743 3110 3801 salutem
3145 3753 3276 3800 sunt
3301 3759 3453 3801 con--

1864 3837 2032 3895 secuti

1944 4021 2049 4076 «Et
2071 4021 2289 4077 vocabit
2318 4027 2370 4076 te
2403 4034 2626 4078 nomine
2657 4036 2820 4087 novo,
2853 4024 2999 4094 quod
3044 4025 3306 4082 Dominus
3333 4038 3442 4081 no-

1864 4109 2122 4178 minabit;
2149 4130 2170 4164 ι
2203 4111 2257 4167 id
2283 4120 2387 4182 est,
2419 4113 2720 4170 secundum
2745 4113 3093 4184 voluntatem
3127 4131 3304 4172 meam
3337 4133 3435 4175 no-

1863 4203 2176 4260 minabitur.

1933 4293 2097 4350 Vn—ns.
2129 4297 2184 4364 4,
2213 4295 2268 4352 5.
2308 4313 2328 4348 ι
2352 4295 2420 4351 Ει
2442 4311 2551 4352 non
2577 4297 2860 4356 vocaberis
2889 4299 3034 4356 ultra
3065 4297 3353 4366 derelicta,
3377 4308 3435 4358 et

1868 4396 2018 4445 terra
2060 4400 2151 4445 tua
2192 4406 2298 4446 non
2334 4390 2622 4446 vocabitur
2654 4391 2796 4447 ultra
2841 4393 3060 4450 deserta
3094 4411 3109 4447 :
3147 4393 3436 4449 vocaberis

164 4477 397 4549 θέλημα
427 4479 559 4549 ὲμόν
577 4496 591 4510 ο
620 4480 713 4532 καὶ
741 4481 776 4548 ή
801 4481 871 4552 γῆ
899 4499 1014 4551 σου,
1046 4484 1356 4556 οἰκουμένῃ’
1395 4484 1478 4538 ὅτι
1505 4485 1761 4559 εὐδόκησε

1877 4480 2005 4535 enim
2049 4479 2300 4535 voluntas
2340 4493 2496 4546 mea;
2533 4489 2588 4534 et
2638 4487 2955 4550 terra,tua,
3002 4481 3271 4546 habitata,
3303 4481 3433 4550 quia

165 4570 390 4642 Κύριος
418 4571 477 4622 ὲν
497 4572 600 4636 σοὶ,
627 4573 721 4626 καὶ
747 4575 781 4644 ή
805 4573 877 4645 γῆ
911 4591 1006 4628 σου
1041 4577 1530 4650 συνοικισθήσεται.
1552 4578 1664 4632 Kal
1687 4579 1762 4644 ὼς

163 4661 446 4716 συνοικῶν
475 4657 756 4729 νεανίσκος
780 4666 1052 4740 παρθένῳ.
1090 4667 1232 4723 οὕτω
1269 4671 1681 4743 κατοικήσουσιν
1710 4672 1761 4724 οί
1790 4661 1802 4674 ’

163 4752 282 4804 υἱοί
307 4770 427 4805 σου.
465 4754 576 4806 Kal
598 4753 746 4808 ἔσται
764 4755 823 4809 ὃν
846 4757 1046 4827 τρόπον
1077 4759 1508 4831 εὐφρανθήσεται
1530 4761 1762 4832 νυμφίος

159 4844 266 4897 ἐπὶ
295 4844 513 4916 νύμφῃ,
549 4844 722 4910 οὕτως
766 4847 1195 4920 εὐφρανθήσεται
1226 4849 1430 4922 Κύριος
1464 4851 1557 4904 ἐπὶ
1594 4851 1695 4906 σοί.
1736 4872 1756 4906 ι

171 4934 274 4986 Ἐν
301 4934 389 5005 τῷ
421 4935 593 5006 καινῷ
625 4935 780 4990 αίῶνι
812 4938 908 5010 τῆς
929 4940 1166 5010 Χριστοῦ
1192 4940 1468 5012 βασιλείας
1495 4945 1760 5017 συστήσε-

155 5041 284 5086 ται,
322 5025 526 5096 μόνους
555 5027 751 5094 ἕξουσα
783 5031 1073 5104 οἰκήτορας
1110 5033 1236 5098 τοὺς
1273 5033 1383 5088 τῶν
1421 5035 1762 5105 ἐπαγγελιῶν

158 5115 263 5169 τοῦ
297 5115 442 5170 Θεοῦ
475 5119 1070 5193 καταξιωθήσομένους,
1110 5125 1160 5180 οἳ
1185 5125 1279 5179 καὶ
1307 5128 1366 5181 ὲν
1399 5127 1636 5201 τοσαύτῃ
1667 5129 1764 5182 θυ-

154 5205 348 5278 μηδίᾳ
395 5207 492 5261 καὶ
525 5207 833 5283 εὐφροσύνῃ
863 5211 1152 5278 διάξουσιν,
1200 5214 1277 5278 ὡς
1316 5214 1460 5269 ἔοικε
1496 5217 1762 5288 νεανίσκῳ

151 5296 316 5366 ἁγίῳ
365 5297 521 5370 ἀνδρὶ
561 5300 769 5354 συνόντι
810 5303 1062 5376 παρθένῳ
1107 5305 1340 5378 καθαρᾷ,
1383 5307 1630 5378 οὐδαμῶς
1661 5308 1762 5380 μὲν

152 5390 351 5461 αὐτῆς
404 5390 505 5462 τὴν
561 5393 856 5464 παρθενίαν
911 5396 1216 5452 σπιλοῦντιο
1261 5402 1326 5471 τῇ
1364 5400 1420 5454 δὲ
1461 5401 1652 5472 ἁγνείᾳ
1689 5405 1756 5476 τῇ

150 5483 486 5554 παρθενικῇ
523 5486 620 5537 καὶ⁹
650 5488 715 5558 τῇ
750 5487 965 5560 καθαρᾷ
993 5491 1361 5564 συνδιατριϐῇ,
1399 5494 1492 5548 καί
1524 5496 1760 5550 συνοικεὶ

151 5575 445 5646 χαίροντι.
470 5573 585 5630 Kal
609 5577 658 5630 οἱ
687 5578 784 5648 μὲν
808 5579 912 5633 υἱοί
942 5597 1034 5634 σου
1061 5580 1235 5648 οὕτως
1263 5583 1754 5656 εὐφρανθήσονται·

227 5757 287 5792 ¹²
314 5760 482 5818 Rom.
522 5776 618 5832 vu,
647 5761 736 5818 ει.
876 5763 921 5797 υ
949 5764 990 5821 ll
1023 5764 1161 5821 Tim.
1199 5783 1272 5831 ιν,
1309 5767 1359 5822 7.

1865 4571 2193 4642 complacuit
2226 4570 2330 4627 sibi
2371 4570 2634 4626 Dominus
2654 4569 2711 4626 in
2742 4579 2813 4639 te,
2832 4581 2886 4628 et
2916 4580 3058 4628 terra
3089 4581 3178 4626 tua
3215 4571 3434 4627 inhabi-

1865 4664 2086 4720 labitur.
2130 4663 2198 4718 Et
2245 4664 2387 4720 sicut
2423 4663 2633 4719 habitat
2654 4663 2876 4734 juvenis
2921 4679 3043 4722 eum
3092 4663 3328 4736 virgine,
3356 4663 3436 4722 sic

1865 4755 2186 4813 habitabunt
2206 4743 2302 4811 lilii
2333 4755 2434 4812 tui.
2467 4755 2534 4811 Et
2571 4757 2696 4822 erit,
2735 4755 3190 4826 quemadmodum
3221 4753 3436 4811 laetabi-

1865 4857 1954 4904 tur
1997 4862 2230 4918 sponsus
2276 4862 2440 4918 super
2492 4861 2711 4917 sponsa,
2740 4847 2820 4904 sic
2866 4845 3141 4902 laetabitur
3172 4845 3433 4902 Dominus

1866 4939 1920 4996 in
1958 4950 2029 4996 te.
2056 4958 2077 4993 ι
2117 4939 2196 4994 Ea
2226 4939 2279 4994 in
2314 4953 2454 4994 novo
2483 4939 2682 4995 saeculo
2716 4938 2871 5009 regni
2905 4938 3108 4993 Christi
3135 4938 3432 4994 constitue-

1868 5039 1974 5100 tur,
2006 5045 2208 5100 eosque
2235 5039 2445 5085 tantum
2478 5029 2686 5085 incolas
2717 5030 2958 5100 habebit,
2986 5031 3078 5100 qui
3117 5030 3434 5100 promissio-

1866 5137 1994 5178 num
2043 5123 2137 5178 Dei
2177 5123 2382 5194 dignati
2421 5121 2662 5190 fuerint;
2704 5123 2796 5195 qui
2842 5125 2897 5179 in
2945 5133 3095 5180 tanto
3144 5124 3340 5196 gaudio
3378 5133 3434 5180 et

1866 5215 2053 5272 laetitia
2109 5214 2494 5281 versabuntur,
2536 5223 2597 5270 ut
2633 5213 2938 5285 comparari
2987 5216 3202 5286 possint
3244 5213 3433 5283 juveni

1866 5317 1922 5363 et
1949 5317 2136 5362 sancto
2163 5307 2280 5362 viro
2310 5322 2430 5361 cum
2462 5321 2594 5375 pura
2625 5307 2834 5378 virgine
2861 5308 3096 5379 degenti,
3133 5322 3232 5363 nec
3253 5317 3435 5364 tamen

1866 5398 1981 5469 ejus
2021 5415 2254 5470 unquam
2282 5401 2644 5472 virginitatem
2698 5401 3007 5466 temeranti,
3049 5399 3143 5456 sed
3177 5400 3234 5456 in
3269 5397 3436 5456 casti-

1868 5502 1976 5550 tate
2025 5494 2299 5564 virginali,
2331 5503 2386 5551 et
2417 5511 2547 5564 pura
2579 5496 3022 5562 conversatione,
3042 5510 3167 5551 cum
3201 5501 3314 5550 tota
3345 5493 3435 5550 do-

1869 5603 1955 5646 mo
2001 5586 2275 5658 gaudenti.
2320 5586 2386 5644 Et
2423 5587 2517 5644 lilii
2558 5587 2776 5660 quidem
2809 5587 2885 5644 tui
2934 5587 3007 5644 ita
3062 5587 3430 5656 laetabuntur;
