3880 6216
456 345 562 404 I99

1124 328 1396 390 EUSEBII
1433 322 1907 384 CIESARIENSIS
1943 321 2093 380 OPP.
2138 318 2319 376 PARS
2353 315 2442 372 1H.
2483 295 2551 356 -ξ-
2589 289 2998 370 EXEGETICA.

3592 298 3709 363 εεο

456 465 576 532 ipse
621 467 750 511 vero
799 449 1060 504 Dominus
1087 455 1192 511 εει,
1224 444 1315 515 qui
1342 453 1394 500 te
1431 451 1673 498 sanctam
1698 438 2028 504 Ecclesiam,

2141 432 2290 495 κύτος
2315 430 2371 484 δὲ
2398 431 2427 483 ὁ
2452 427 2657 497 Κύριος
2685 425 2784 497 τὴν
2817 420 3010 478 ἑαυτοῦ
3043 419 3258 492 νύμφην
3298 413 3610 483 ἀπολαϐὼν,
3639 417 3706 471 σὲ

455 545 714 621 perfectis
773 538 1030 596 membr-is
1091 544 1460 602 constantem,
1492 549 1559 589 ex
1609 534 1791 604 prisco
1835 542 2030 599 nempe

461 637 660 711 populo
689 643 743 690 et
780 634 884 688 hoc
923 645 1063 685 novo
1100 643 1168 684 ex
1208 627 1458 696 gentibus
1497 623 1737 689 coeunti,
1775 623 1827 676 in
1861 636 2028 691 spon-

456 751 572 791 sam
609 731 837 800 accepit.
881 725 1084 782 Deinde
1131 721 1431 778 Ecclesiam
1479 720 1652 790 ipsam
1683 715 2016 787 alloquitur:

455 825 627 893 Hujus
675 822 769 875 lilii
823 817 1119 875 secundum
1158 827 1376 869 carnem
1419 809 1638 867 fuerunt
1665 809 1832 863 divini
1859 805 2026 861 disci-

453 917 590 988 puli,
620 913 712 985 qui
757 923 1023 968 summam
1071 920 1204 976 erga
1249 905 1428 975 ipsam
1475 901 1803 958 charitatem
1838 910 2024 952 serva-

457 1017 618 1074 runt;
670 1007 747 1061 ita
802 1011 863 1059 ut
916 1001 1006 1056 illa
1056 997 1278 1054 dilectio
1319 994 1516 1052 similis
1559 993 1809 1048 videatur
1845 989 1896 1045 ei
1923 1003 2028 1060 qua

455 1098 681 1154 allectus
711 1104 794 1150 est
820 1091 1038 1164 juvenis
1059 1104 1182 1145 cum
1213 1086 1423 1156 virgine
1447 1083 1722 1140 habitans.
1753 1079 1847 1136 Sic
1879 1078 2030 1134 laeta-

455 1190 607 1245 bitur
664 1184 926 1242 Dominus
977 1194 1144 1250 super
1183 1186 1260 1243 te,
1310 1173 1768 1246 quemadmodum
1801 1183 2030 1241 sponsus

455 1293 620 1350 super
657 1288 876 1346 sponsa.
914 1270 1128 1326 Etenim
1156 1268 1224 1324 de
1272 1267 1416 1324 ccelo
1444 1263 1729 1322 descendit
1779 1262 2028 1332 unigeni-

459 1381 572 1427 tum
615 1368 710 1424 Dei
740 1365 998 1430 Verbum,
1030 1371 1090 1417 ut
1119 1360 1466 1416 fructiferam
1491 1357 1806 1414 ostenderet
1839 1354 2028 1411 Eccle-

455 1464 617 1528 siam,
663 1472 825 1529 quam
877 1456 990 1526 ipse
1037 1453 1140 1509 sibi
1191 1452 1458 1523 virginem
1517 1459 1724 1506 castam
1765 1447 2027 1513 admovit,

455 1570 565 1612 non
595 1553 886 1608 habentem
914 1547 1184 1603 maculam
1228 1559 1404 1614 neque
1439 1541 1691 1609 sordem,
1713 1541 1823 1596 imo
1853 1541 2029 1610 potius

461 1651 705 1700 sanctam
732 1649 788 1695 et
821 1635 1247 1694 immaculatam.
1296 1633 1386 1689 Ab
1411 1632 1504 1688 illo
1539 1630 1708 1701 igitur
1731 1629 2029 1700 evangelici

460 1732 700 1791 instituti
738 1731 946 1786 semina
981 1727 1278 1796 accipiens,
1315 1723 1689 1793 spiritualihus
1739 1721 2026 1778 sacriﬁciis

458 1836 515 1883 et
553 1826 758 1883 sanctis
789 1823 1044 1894 operibus
1066 1819 1358 1892 fulgentem
1386 1831 1640 1888 sponsam
1666 1814 1930 1871 exhibuit.

527 2003 694 2060 Vsus.
729 2001 846 2058 6-8.
887 2000 998 2055 «Et
1044 2014 1206 2070 super
1252 2009 1439 2053 muros
1496 2005 1641 2063 tuos,
1701 1993 2027 2060 Jerusalem,

458 2091 714 2149 constitui
744 2090 994 2146 custodes
1023 2097 1132 2143 tota
1167 2087 1256 2142 die
1303 2099 1359 2140 et
1393 2096 1503 2142 tota
1544 2093 1725 2151 nocte,
1763 2085 1856 2156 qui
1891 2099 2030 2138 nun-

455 2199 622 2256 quam
663 2182 939 2248 tacebuut,
981 2191 1252 2235 memores
1296 2176 1529 2233 Domini.
1593 2173 1710 2232 Non
1757 2183 1841 2230 est
1883 2173 2030 2230 enim

457 2275 618 2332 vobis
654 2273 867 2339 similis,
902 2271 948 2326 si
984 2271 1246 2341 corrigat,
1283 2278 1339 2324 et
1361 2267 1527 2323 faciat
1558 2265 1864 2323 Jerusalem
1898 2279 2030 2336 gau-

455 2367 607 2424 dium
633 2365 687 2420 in
719 2374 878 2419 terra.
913 2360 1124 2417 Iuravit
1162 2359 1424 2414 Dominus
1455 2372 1555 2428 per
1594 2357 1822 2428 gloriam
1852 2371 2028 2420 suam,

457 2462 515 2509 et
544 2467 641 2523 per
667 2449 1039 2506 fortitudinem
1070 2446 1282 2503 brachii
1308 2447 1411 2502 sui.
1435 2465 1454 2498 ι
1483 2444 1622 2502 Olim
1656 2447 1854 2517 quippe
1881 2455 2031 2516 gesta

459 2553 589 2599 sunt
620 2541 746 2609 ista,
775 2554 898 2594 cum
945 2537 1182 2592 fructum
1213 2551 1370 2592 suum
1403 2536 1456 2590 in
1486 2535 1670 2591 cibum
1700 2534 1896 2590 darent
1929 2536 2032 2590 ini-

459 2634 619 2689 micis
671 2631 786 2698 Dei,
832 2632 888 2687 id
928 2638 1169 2703 agentes,
1210 2628 1266 2685 id
1315 2637 1591 2698 curantes,
1625 2637 1685 2684 ut
1733 2638 1884 2700 gesta
1933 2643 2031 2685 sua

461 2724 804 2783 daemonibus
847 2738 972 2779 esca
1030 2730 1234 2778 essent.
1285 2720 1404 2777 Jam
1449 2736 1581 2776 vero
1622 2720 1707 2785 iis,
1743 2721 1834 2791 qui
1895 2735 2032 2776 novo

459 2815 662 2872 sarculo
710 2815 947 2872 donandi
986 2821 1040 2868 et
1068 2813 1333 2884 promissa
1369 2814 1648 2884 accepturi
1702 2813 2029 2880 sunt,iura-

457 2915 645 2963 mento
667 2906 926 2962 Dominus
943 2905 1195 2971 aﬂirmat,
1214 2919 1273 2960 se
1299 2920 1402 2960 non
1423 2905 1653 2974 amplius
1683 2905 1917 2960 inimicis
1939 2905 2033 2960 da-

460 3010 642 3052 turum
673 3011 793 3053 esse
830 2997 1042 3052 fructus
1072 3010 1279 3060 eorum,
1323 2997 1420 3052 sed
1469 2997 1621 3065 ipsos
1661 2996 1728 3051 iis
1773 2995 2034 3052 fruituros

2127 524 2226 596 τὴν
2256 522 2417 592 ἁγίαν
2450 516 2794 589 Ἐκκλησίαν,
2848 518 2913 570 ὲκ
2943 513 3162 568 τελείων
3218 511 3392 583 μελῶν
3423 508 3700 563 συνεσκτῶ⁹

2129 631 2250 678 σαν,
2305 612 2369 666 ἐκ
2397 629 2458 665 τε
2503 609 2598 664 τοῦ
2639 607 2904 680 προτέρου
2944 604 3074 659 λαοῦ
3119 605 3215 658 καὶ
3245 600 3340 656 τοῦ
3363 602 3484 656 νέου
3523 600 3619 655 τοῦ
3644 598 3704 666 ἐξ

2127 706 2314 762 ἐθνῶν.
2342 699 2476 758 Εἶτα
2525 701 2620 756 καὶ
2657 700 2794 772 πρὸς
2826 698 2926 770 τὴν
2959 693 3283 767 Ἐκκλησίαν
3314 695 3550 746 ποιεῖται
3574 692 3703 756 τοὺς

2126 796 2349 865 λόγους·
2369 792 2570 863 ταύτης
2597 789 2884 860 γεγόνασιν
2917 787 3023 839 υἱοὶ
3057 783 3197 838 κατά
3221 782 3398 854 σάρκα
3426 782 3475 834 oi
3505 777 3706 834 θεσπέ-

2130 903 2232 940 σιοι
2265 883 2520 957 μαθηταὶ,
2541 881 2638 953 τὴν
2659 879 2942 948 είς.ἀκραν
2965 877 3135 946 αὐτῆς
3159 873 3422 938 σώζοντες
3443 871 3667 940 ἀγάπην
3684 887 3701 901 ο

2128 976 2267 1030 ὥστε
2327 975 2499 1028 δοκεῖν
2555 971 2652 1042 τὴν
2704 967 3001 1039 γενομένην
3031 962 3429 1035 φιλοστοργίαν,
3457 958 3549 1016 οἷά
3598 978 3708 1032 περ

2127 1067 2394 1138 νεανίσκῳ
2431 1049 2771 1136 Δσυνῳκηκότι
2801 1058 3073 1130 παρθένῳ.
3111 1055 3295 1119 Οὕτως
3331 1053 3705 1126 εὐφρανθήσε-

2126 1177 2215 1214 ται
2248 1157 2454 1230 Κύριος
2477 1155 2572 1209 ἐπὶ
2598 1151 2702 1218 σοὶ,
2730 1148 2982 1222 καθάπερ
3008 1147 3198 1219 ἀμέλει
3234 1144 3328 1198 καὶ
3355 1144 3586 1215 νυμφίος
3614 1141 3711 1196 ὲπὶ

2128 1252 2336 1322 νύμφῃ.
2367 1247 2655 1316 Καθήκετο
2689 1243 2806 1316 γὰρ.
2849 1241 2918 1308 ἐξ
2939 1238 3182 1309 οὐρανῶν
3223 1237 3252 1289 ὸ
3284 1234 3576 1307 μονογενὴς
3612 1230 3711 1286 τοῦ

2127 1341 2260 1397 Θεοῦ
2294 1341 2485 1409 Λόγος,
2519 1337 2585 1391 ἵν’
2615 1335 2890 1407 ἔγκαρπον
2935 1330 3192 1401 ἀποφήνῃ
3217 1327 3322 1399 τὴν
3356 1324 3710 1396 Ἐκκλησίαν,

2130 1433 2194 1505 ἢν
2217 1432 2378 1496 αὐτὸς
2403 1428 2581 1501 ἑαυτῷ
2611 1427 2926 1499 παρέστησε
2948 1422 3214 1495 παρθένον
3241 1420 3432 1493 ἁγνὴν,
3459 1419 3536 1490 μὴ
3555 1417 3712 1488 ἐχου-

2131 1543 2231 1580 σαν
2266 1523 2451 1578 σπίλον
2489 1522 2522 1594 ἢ
2560 1519 2774 1593 ρυτίδω
2820 1517 2983 1585 ἁγίαν
3010 1515 3066 1568 δὲ
3099 1513 3424 1586 μᾶλλον³καὶ
3450 1512 3706 1582 ἄμωμον.

2128 1615 2404 1686 Δεξαμένη
2442 1611 2620 1666 τοίνυν
2653 1609 2785 1682 παρῗ
2822 1604 2986 1662 αὐτοῦ
3028 1604 3127 1674 τῆς
3164 1600 3526 1671 εὺαΠελικῆς
3550 1598 3709 1654 πολιν

2127 1707 2278 1770 τείας
2320 1705 2391 1758 τὰ
2429 1703 2740 1772 σπέρματα,
2771 1696 3166 1768 πνευματικαῖς
3191 1692 3402 1756 θυσίαις
3433 1692 3530 1745 καὶ
3555 1692 3720 1759 ἅγιοι

2055 1804 2100 1859 Β
2133 1797 2369 1871 πρεπέσι
2397 1784 2784 1865 κατορθώμασι
2809 1789 2907 1861 τὴν
2953 1786 3171 1858 νύμφην
3194 1783 3581 1839 ὲκλάιιπουσαν
3611 1783 3713 1836 ἀπ’

2126 1887 2344 1954 έδειξεν.

2205 1998 2224 2033 ι
2264 1979 2376 2033 Καὶ
2410 1977 2506 2031 ἐπὶ
2535 1975 2645 2030 τῶν
2669 1970 2862 2044 τειχῶν
2890 1987 3006 2036 σου,
3039 1963 3411 2040 Ἰερουσαλὴμ,
3443 1963 3718 2034 κατέστη,

2131 2091 2198 2128 σα
2223 2070 2470 2144 φύλακας
2505 2067 2632 2138 ὅλην
2669 2065 2768 2137 τὴν
2795 2063 3009 2135 ἡμέραν
3042 2059 3139 2116 καὶ
3163 2059 3291 2130 ὅλην
3315 2057 3413 2129 τὴν
3436 2055 3630 2122 νύκτα,
3657 2055 3711 2109 οῖ

2126 2167 2216 2222 διὰ
2240 2165 2426 2228 τέλους
2446 2161 2508 2216 ού
2541 2156 2997 2230 σιωπηθήσονται,
3027 2150 3452 2224 μιμνησκόμενοι
3476 2147 3709 2221 Κυρίου.

2131 2259 2247 2313 Οὐκ
2274 2257 2390 2311 ἔστι
2417 2255 2524 2326 γὰρ
2551 2253 2679 2322 ὑμῖν
2705 2250 2909 2320 ὅμοιος,
2943 2245 3037 2300 ὲάν
3061 2243 3350 2316 διορθώσῃ,
3383 2240 3478 2295 καὶ
3509 2239 3714 2310 ποιήσῃ

2140 2347 2497 2422 Ἰερουσαλὴμ
2527 2341 2813 2414 γαυρίαμα
2845 2337 2941 2392 ἐπὶ
2987 2338 3087 2407 τῆς
3128 2337 3251 2407 γῆς.
3279 2335 3482 2406 Ὢμοσε
3505 2331 3716 2402 Κύριος

2131 2441 2272 2497 κατά
2291 2440 2390 2512 τῆς
2415 2437 2573 2508 δόξης
2607 2432 2795 2497 αὐτοῦ,
2821 2432 2914 2485 καὶ
2941 2429 3082 2484 κατὰ
3111 2430 3211 2501 τῆς
3236 2427 3417 2505 ίσχύος
3447 2425 3542 2479 τοῦ
3574 2424 3714 2497 βρα-

2131 2533 2308 2604 χίονος
2338 2525 2524 2583 αὐτοῦ.
2559 2543 2579 2578 ι
2618 2523 2795 2578 Πάλαι
2838 2523 2934 2595 μὲν
2963 2521 3072 2594 γὰρ
3103 2519 3275 2574 ταῦτα
3304 2517 3542 2586 ἐγένετο,
3571 2518 3714 2587 ὁπη-

2131 2626 2258 2681 νίκα
2283 2623 2375 2678 τδν
2393 2620 2600 2676 ἑαυτῶν
2628 2620 2836 2694 καρπὸν
2861 2617 3058 2691 βρῶμα
3080 2617 3339 2687 παρεῖχον
3357 2615 3470 2676 τοῖς
3499 2611 3714 2684 ἐχθροῖς

2131 2715 2224 2770 τοῦ
2263 2712 2421 2778 Θεοῦ,
2457 2709 2684 2764 τοιαῦτα
2729 2708 3055 2782 πράττοντες
3102 2705 3196 2758 καὶ
3231 2702 3585 2774 ἐνεργοῦντες
3635 2700 3716 2765 ὡς

2130 2805 2420 2878 δαιμονίων
2445 2802 2694 2873 γίνεσθαι
2711 2799 2917 2873 τροφὴν
2946 2797 3043 2862 τὰς
3067 2795 3275 2850 ἑαυτῶν
3303 2793 3529 2866 πράξεις
3551 2810 3565 2823 ·
3595 2793 3720 2848 νυνὶ

2131 2898 2189 2953 δὲ
2221 2899 2333 2961 τοῖς
2359 2894 2454 2949 τοῦ
2484 2894 2607 2948 νέου
2641 2891 2835 2954 αἰῶνος
2863 2885 3448 2956 καταξιωθησομένοις,
3481 2884 3578 2938 καὶ
3605 2883 3716 2936 τῶν
3773 2895 3806 2922 ο

2133 2986 2561 3061 ἐπηγγελμένων
2599 2983 2962 3054 τευξομένοις,
2996 2980 3146 3052 ὅρκῳ
3182 2978 3407 3049 ὖμνυσιν
3446 2979 3476 3030 ὁ
3511 2976 3719 3048 Κύριος

463 3101 609 3144 esse.
644 3085 780 3140 Nam
825 3101 949 3141 cum
991 3086 1216 3157 probam
1253 3087 1418 3141 vitam
1467 3094 1625 3157 agant
1676 3101 1739 3141 ac
1779 3085 2028 3156 religiose

2141 3083 2334 3156 μηκέτι
2362 3079 2552 3134 δώσειν
2581 3078 2798 3149 ἐχθροῖς
2821 3074 2949 3136 τοὺς
2975 3069 3221 3142 καρποὺς
3243 3067 3441 3133 αὐτῶν,
3476 3067 3592 3121 ἀλλ’
3619 3067 3720 3119 αὐ-

460 3188 778 3243 versentur,
817 3193 1030 3248 aequum
1070 3192 1201 3234 sane
1241 3187 1324 3234 est
1370 3187 1431 3232 ut
1471 3177 1710 3249 propriis
1763 3177 2028 3249 gaudeant

2141 3149 2262 3236 τούς
2294 3169 2473 3225 αὐτῶν
2504 3165 2815 3222 ἀπολαύειν.
2863 3160 3276 3234 Κατορθοῢντας
3324 3158 3433 3249 γὰρ
3472 3159 3571 3213 τὸν
3594 3161 3722 3212 κατ’

2137 3262 2336 3337 ἀρετὴν
2365 3261 2478 3332 βίον
2497 3261 2593 3314 καὶ
2620 3255 2885 3320 θεοσεϐῶς
2903 3253 3206 3322 διάγοντας,
3235 3241 3440 3305 δίκαιον
3478 3249 3587 3304 τῶν
3623 3250 3723 3303 ol-

2138 3354 2303 3409 κείων
2331 3351 2624 3408 ἀπολαύειν
2646 3347 2894 3422 καρπῶν.
2932 3365 2952 3400 ι
2980 3347 3042 3400 Ei
3065 3343 3309 3398 έτιδώσω
3325 3344 3415 3397 τὸν
3430 3342 3578 3396 σῖτόν
3597 3358 3719 3410 σου,

2138 3449 2232 3502 καὶ
2265 3446 2331 3500 τὰ
2362 3444 2624 3518 βρώματά
2652 3460 2746 3496 σου
2765 3442 2878 3505 τοῖς
2901 3437 3116 3511 ἐχθροῖς
3142 3454 3258 3503 σου,
3275 3436 3371 3490 καὶ
3391 3436 3473 3489 έτι
3502 3435 3726 3490 πίονται

2140 3540 2248 3594 υιοὶ
2266 3539 2536 3609 ἀλλότριοι
2593 3537 2686 3590 τὸν
2729 3531 2872 3589 οἶνόν
2913 3549 3033 3598 σου,
3067 3532 3164 3602 ἐφ’
3187 3525 3232 3598 ᾧ
3263 3528 3607 3600 ἐμόχθησας·

2216 3631 2352 3688 Ἀλλ’
2396 3631 2447 3684 οἱ
2487 3626 2882 3697 συναγαγόντες
2919 3623 3183 3693 φάγονται
3217 3619 3378 3686 αὐτὰ,
3425 3619 3521 3672 καὶ
3574 3618 3722 3672 αἰνέ-

2140 3742 2290 3780 σουσι
2317 3722 2542 3795 Κύριον,
2587 3720 2683 3774 καὶ
2717 3720 2766 3772 οί
2811 3715 3208 3786 συναγαγόντες
3241 3713 3455 3767 πίονται
3482 3712 3623 3795 αύτά
3660 3713 3722 3764 ὲν

2136 3817 2255 3880 ταῖς
2307 3794 2568 3868 ὲπαύλεσι
2605 3811 2725 3873 ταῖς
2767 3808 2950 3877 ἁγίαις
3003 3823 3127 3877 μου.
3161 3823 3181 3857 ι
3224 3800 3347 3858 Εἶεν
3379 3803 3424 3856 δ’
3453 3801 3522 3856 ἂν
3557 3794 3722 3855 αὗται

2136 3909 2193 3960 at
2219 3906 2408 3961 nonat
2435 3902 2594 3976 μοναὶ
2618 3902 2675 3956 αἱ
2705 3900 2856 3973 παρά
2875 3897 2951 3970 τῷ
2975 3897 3171 3970 Πατρί.

2218 4017 2237 4051 ι
2269 3996 2574 4070 Πορεύεσθε
2608 3993 2696 4047 διὰ
2720 3992 2828 4047 τῶν
2858 3990 3042 4044 πυλῶν
3074 4005 3196 4060 μου.
3238 4007 3258 4042 ι
3291 3989 3450 4042 Νοεῖν
3489 3986 3549 4040 δὲ
3587 3987 3730 4057 ἡμῖν

2138 4089 2369 4163 παρέχει
2399 4087 2488 4143 διὰ
2516 4085 2722 4141 τούτων
2758 4083 2856 4156 τὴν
2885 4080 3207 4152 ἐπουράνιον
3243 4080 3336 4134 τοῦ
3371 4079 3506 4134 Θεοῦ
3541 4078 3722 4143 πόλιν,

463 4181 687 4250 ejusque
723 4189 908 4251 portas
939 4196 954 4233 :
983 4197 1106 4252 quae
1151 4181 1332 4236 omnia
1379 4181 1436 4236 in
1491 4181 1602 4248 illo,
1642 4182 1784 4252 quod
1816 4182 2028 4252 pollice-

2141 4182 2235 4236 καῖ
2255 4183 2354 4245 τὰς
2385 4180 2554 4252 αὐτῆς
2584 4178 2758 4240 πύλας
2776 4192 2790 4206 ·
2820 4174 2857 4228 ἃ
2881 4173 2945 4245 δὴ
2966 4173 3144 4228 πάντα
3169 4172 3310 4226 κατὰ
3331 4171 3422 4224 τὸν
3442 4169 3719 4240 smne):

463 4283 576 4341 tur,
607 4273 806 4329 seculo
845 4273 1025 4343 dignis
1050 4273 1378 4344 pandentur.
1412 4289 1477 4329 ac
1507 4275 1756 4330 dicetur:
1797 4274 1912 4330 tlte
1937 4289 2028 4344 per

2143 4275 2300 4346 μένον
2347 4271 2520 4327 αἰῶνα
2567 4269 3072 4341 ἀναπετασθήσεται
3114 4268 3227 4330 τοῖς
3261 4262 3432 4329 ἀξίοις
3489 4261 3584 4316 καί
3636 4261 3729 4314 λε-

461 4373 652 4436 portas
685 4379 856 4431 meas,
879 4372 934 4419 et
962 4365 1104 4420 viam
1137 4364 1298 4420 facite
1331 4364 1526 4435 populo
1551 4380 1692 4432 meo,
1721 4365 2028 4435 lapidesque

2141 4365 2418 4437 χθήσεται’
2465 4383 2485 4417 ι
2513 4361 2815 4434 Πορεύεσθε
2843 4361 2929 4416 διὰ
2953 4359 3062 4414 τῶν
3093 4358 3276 4412 πυλῶν
3309 4373 3431 4428 μου,
3476 4356 3573 4409 καὶ
3601 4354 3728 4408 ὁδο-

461 4457 530 4512 de
555 4459 640 4512 via
663 4455 929 4527 projicite.
960 4456 1177 4512 Elevate
1201 4457 1413 4528 signum
1449 4459 1501 4512 in
1537 4467 1743 4528 gentes.
1769 4476 1789 4510 ι
1816 4457 2028 4512 Nullum

2141 4459 2405 4531 ποιήσατε
2445 4456 2524 4527 τῷ
2563 4454 2679 4526 λαῷ
2713 4472 2837 4527 μου,
2877 4453 2970 4508 καὶ
3007 4453 3140 4515 τοὺς.
3161 4450 3340 4514 λίθους
3373 4448 3440 4502 έκ
3466 4448 3566 4518 τῆς
3595 4446 3725 4501 ὀδοῦ

462 4548 627 4608 enim.
655 4547 853 4618 inquit,
885 4547 1351 4617 impedimentum,
1383 4546 1560 4601 nullus
1587 4549 1731 4602 obex
1755 4547 1884 4612 erit,
1926 4560 2028 4602 non

2141 4549 2477 4624 διαρῤίψατε.
2515 4547 2776 4619 Ἐξάρατε
2809 4545 3088 4617 σύσσημον
3113 4544 3193 4606 είς
3217 4541 3285 4596 τά
3305 4540 3454 4611 ἔθνη.
3487 4559 3506 4592 ι
3536 4539 3729 4610 Μηδὲν

461 4639 690 4705 invidia,
712 4654 817 4694 non
845 4640 1004 4705 livor,
1034 4655 1138 4695 non
1156 4648 1448 4709 praetextus
1473 4640 1768 4711 quispiam,
1795 4655 1900 4695 non
1926 4639 2028 4696 daa-

2141 4643 2270 4714 γὰρ,
2301 4641 2485 4714 φησὶν,
2521 4639 2672 4693 ἔσται
2700 4637 2957 4710 κώλυμα,
2986 4635 3121 4709 μηδὲ
3150 4633 3425 4706 ἐμπόδιον,
3466 4631 3605 4703 μηδέ
3637 4648 3729 4695 τις

471 4744 616 4796 mon,
645 4746 752 4785 non
788 4727 1031 4800 Spiritus
1060 4731 1348 4800 malignus,
1383 4747 1492 4788 non
1525 4733 1837 4789 adversaria
1884 4742 2028 4804 pote-

2141 4733 2356 4803 φθόνος,
2392 4731 2526 4804 μηδὲ
2553 4729 2839 4801 βάσκανος,
2873 4729 2950 4800 μὴ
2987 4725 3261 4799 πρόφασίς
3297 4741 3379 4790 τε,
3438 4723 3573 4795 μηδὲ
3605 4722 3732 4776 δαί-

459 4833 574 4878 stas
611 4822 786 4877 oberit
837 4824 1032 4894 populo
1067 4838 1210 4890 meo,
1252 4824 1539 4894 quominus
1576 4825 1629 4881 in
1662 4841 1890 4896 regnum
1920 4841 2028 4882 coe-

2144 4843 2283 4900 μων,
2324 4825 2400 4897 μὴ
2434 4823 2650 4894 πνεῦμα
2697 4821 2953 4893 πονηρὸν,
2994 4820 3068 4891 μὴ
3105 4818 3332 4889 δύναμις
3367 4815 3736 4885 ἀντικειμένη

463 4913 641 4968 lorum
687 4915 1043 4985 ingrediatur.
1077 4915 1203 4974 Haec
1234 4928 1415 4973 autem
1453 4916 1782 4988 quibusdam
1833 4915 2028 4990 angeli-

2141 4917 2486 4974 διακωλυέτω
2511 4915 2600 4970 τὸν
2631 4913 2758 4969 λαὸν
2780 4913 2870 4966 τὸν
2903 4911 3033 4983 ἐμὸν
3067 4913 3148 4975 εἰς
3173 4911 3272 4982 τὴν
3301 4907 3579 4979 βασιλείαν
3611 4906 3732 4959 τῶν

463 5006 546 5060 cis
579 5007 869 5062 virtutibus
903 5007 1172 5063 dicentur.

2142 5009 2384 5082 οὐρανῶν
2435 5007 2680 5062 εἰσιέναι.
2725 5003 2912 5059 Ταῦτα
2940 5003 2997 5056 δὲ
3043 5000 3180 5074 πρός
3223 5018 3376 5065 τινας
3423 4998 3731 5070 ἀγγελικάς

2140 5101 2458 5174 λεχθήσεται
2487 5097 2762 5169 δυνάμεις.

2220 5211 2240 5245 ι
2279 5192 2408 5246 Ἰδοὺ
2434 5190 2544 5263 γὰρ
2575 5188 2781 5260 Κύριος
2813 5187 3068 5259 ἐποίησεν
3096 5181 3362 5240 ἀκουστὸν
3403 5182 3511 5247 ἕως
3561 5181 3732 5253 ἐσχά-

448 3271 752 3330 Jructibus.
790 3289 820 3323 «ι
841 3271 900 3326 Si
927 3271 1067 3325 ultra
1102 3270 1303 3326 dedero
1333 3270 1578 3325 triticum
1621 3278 1795 3337 tuum,
1824 3278 1881 3325 et
1926 3269 2031 3324 ali-

465 3371 650 3420 menta
673 3373 763 3418 tua
791 3363 1026 3418 inimicis
1052 3362 1179 3428 tuis,
1202 3371 1258 3418 et
1285 3362 1329 3418 si
1362 3362 1503 3417 ultra
1525 3362 1718 3419 bibant
1743 3362 1843 3418 ﬁlii
1867 3362 2032 3420 alieni

463 3458 650 3512 vinum
680 3464 855 3524 tuum,
886 3455 940 3512 in
968 3470 1078 3528 quo
1105 3455 1364 3512 laborasti
1390 3469 1416 3509 ε

535 3636 702 3693 Vens.
739 3636 792 3693 9.
842 3655 862 3688 ι
888 3635 994 3692 Sed
1033 3635 1127 3707 qui
1173 3635 1522 3706 collegerint,
1543 3637 1828 3691 comedent
1856 3649 1956 3702 ea,
1979 3643 2035 3691 et

461 3725 761 3782 laudabunt
791 3725 1105 3792 Dominum,
1131 3735 1185 3782 et
1213 3727 1307 3797 qui
1339 3728 1826 3799 congregaverint,
1847 3727 2034 3784 bibent

468 3834 532 3872 ea
556 3819 610 3873 in
645 3820 802 3873 atriis
833 3820 1040 3874 sanctis
1081 3819 1236 3874 meis.
1259 3837 1282 3872 ι
1316 3819 1444 3875 Haec
1466 3833 1597 3874 vero
1623 3819 1824 3875 fuerint
1849 3819 2032 3876 multa:

474 3910 580 3964 illa:
605 3911 918 3966 mansiones
949 3911 1090 3980 apud
1127 3911 1368 3967 Patrem.

540 4000 702 4058 Vsus.
743 4002 830 4056 10.
871 4021 892 4054 ι
920 4003 997 4058 Ite
1029 4019 1126 4072 per
1147 4014 1336 4074 portas
1363 4019 1577 4060 meas.»
1607 4004 1704 4061 His
1735 4020 1898 4076 porro
1929 4021 2028 4061 no-

461 4091 551 4148 bis
581 4093 1027 4149 considerandam
1058 4093 1220 4150 oﬂ‘ert
1267 4095 1548 4150 cmlestem
1587 4095 1684 4150 Dei
1729 4097 2030 4163 civitatem,

538 5185 703 5241 Vens.
729 5186 817 5254 Η,
844 5186 932 5243 12.
966 5207 984 5240 c
1009 5187 1148 5243 Ecce
1169 5187 1312 5243 enim
1337 5188 1596 5244 Dominus
1624 5189 1865 5244 auditum
1906 5187 2037 5244 fecit

465 5288 640 5342 usque
681 5276 746 5329 ad
787 5286 1091 5332 extremum
1125 5286 1302 5343 terrm,
1338 5278 1514 5334 Dicite
1548 5279 1670 5334 ﬁliae
1712 5277 1867 5343 Sion,
1899 5279 2038 5334 Ecce

465 5363 718 5420 Salvator
749 5367 841 5421 tibi
873 5368 1018 5423 venit
1041 5369 1246 5423 habens
1277 5371 1579 5425 mercedem
1620 5385 1797 5436 suam,
1823 5379 1877 5423 et
1902 5383 2038 5438 Opus

463 5463 787 5514 suum'ante
821 5458 1014 5514 faciem
1059 5475 1234 5516 suam.
1273 5463 1336 5517 Et
1379 5463 1596 5518 vocabit
1624 5478 1747 5518 eum
1779 5463 2034 5533 populum

467 5558 742 5611 sanctum,
777 5551 1117 5621 redemptum
1173 5569 1201 5607 a
1255 5554 1506 5610 Domino.
1540 5555 1620 5610 Tu
1654 5563 1834 5609 autem
1870 5569 2034 5610 voca-

2143 5302 2237 5340 του
2264 5285 2365 5355 τῆς
2385 5283 2511 5352 γῆς·
2538 5281 2743 5336 Εἴπατε
2791 5283 2857 5352 τῇ
2902 5278 3131 5352 θυγατρὶ
3161 5277 3299 5330 Σιών
3318 5293 3332 5307 θ
3388 5276 3519 5330 Ἰδοὺ
3550 5276 3578 5328 ό
3613 5275 3734 5328 Σω-

2141 5377 2247 5449 τήρ
2277 5391 2359 5427 σοι
2390 5372 2765 5444 παραγέγονεν
2796 5370 2936 5440 έχων
2963 5369 3054 5423 τὸν
3079 5368 3272 5424 ἑαυτοῦ
3302 5367 3516 5439 μισθὸν,
3541 5366 3640 5421 καὶ
3663 5364 3732 5421 τὸ

2144 5464 2304 5536 ἔργον
2339 5461 2500 5517 αὐτοῦ
2537 5461 2644 5534 πρὸ
2673 5459 2962 5532 προσώπου
2997 5457 3184 5512 αὑτοῦ.
3219 5458 3332 5510 Καὶ
3363 5455 3585 5510 καλέσει
3623 5456 3728 5509 αύ-

2143 5559 2235 5612 τὸν
2289 5557 2416 5610 λαὸν
2461 5556 2636 5624 ἅγιον,
2681 5551 3087 5625 λελυτρωμένον
3131 5550 3236 5604 ὑπὸ
3277 5550 3510 5622 Κυρίου.
3564 5551 3641 5604 Σὺ
3670 5549 3732 5605 δὲ

2145 5644 2392 5718 κληθήσῃ
2416 5641 2819 5713 ὲπιζητουμένη
2845 5640 3001 5704 πόλις
3043 5640 3138 5695 καὶ
3179 5640 3278 5694 οὐκ
3305 5639 3733 5712 ἐγκαταλελειμ-

2149 5735 2302 5807 μένη.
2343 5753 2360 5787 ι
2391 5733 2483 5805 Μὴ
2509 5731 2616 5804 γὰρ
2640 5730 2906 5804 νομιζέτω
2929 5749 3030 5799 τις,
3073 5731 3255 5804 φησὶν,
3299 5731 3428 5803 περὶ
3461 5732 3555 5788 τοῦ
3594 5735 3730 5787 ἰουο

470 5631 617 5687 beris
649 5636 908 5704 requisita
938 5639 1238 5707 civitas,-et
1283 5659 1388 5698 non
1454 5643 1663 5699 relicta.
1693 5663 1714 5694 ι
1741 5642 1819 5699 Ne
1850 5643 2040 5699 existi-

469 5733 584 5780 met
635 5726 926 5795 quispiam,
962 5730 1057 5796 ait,
1107 5733 1219 5790 haec
1262 5736 1328 5791 de
1377 5735 1601 5793 Judaico
1655 5735 1854 5807 populo
1887 5736 2034 5793 dici:
