3880 6216
231 283 325 343 594

1186 288 1690 348 COMMENTARIA
1727 291 1798 348 IN
1833 292 2085 352 ISAIAM.
2126 327 2196 337 —
2230 296 2380 354 CAP.
2420 298 2609 356 LXIII:

3378 308 3487 364 502

228 400 392 494 δαίων
418 399 549 456 λαοῦ
574 400 745 456 ταῦτα
767 403 1016 476 εἰρῆσθαι
1033 424 1047 437 ·
1075 408 1375 483 ἐπειδήπερ
1399 411 1576 466 πάντα
1598 413 1664 467 τὰ
1682 413 1798 482 ἐθντ

1913 418 2167 487 quoniam
2198 436 2386 478 omnes
2417 431 2606 494 gentes
2630 422 2842 494 signum
2870 422 3051 481 levare
3072 425 3251 493 jubet,
3288 434 3343 481 et
3363 442 3483 481 om-

228 493 287 588 τὸ
344 495 581 588 σημεῖον
610 496 861 568 αἴρεσθαι
900 501 1247 570 προστάττει,
1309 504 1405 557 καὶ
1449 504 1659 569 πάντας
1706 505 1798 571 ἓως

1911 513 2072 569 nibus
2105 528 2281 585 usque
2318 515 2384 569 ad
2427 493 2737 573 extremum
2771 526 2930 573 terra:
2964 519 3220 588 praedicta
3274 534 3456 575 annnn

227 580 461 651 ἐσχάτου
518 582 621 654 τῆς
672 585 777 656 γῆς
844 587 1253 657 εὐαγγελίζεται
1309 593 1378 647 τὰ
1425 594 1807 666 προλεχθέντα.

228 672 405 727 Πάλαι
438 674 537 745 μὲν
565 670 659 730 οὖν
700 678 841 731 κατὰ
869 679 968 751 τὴν
994 681 1215 754 πρώτην
1242 685 1405 739 αὐτοῦ
1451 688 1752 758 παρουσίαν
1782 689 1811 740 6

226 763 391 828 αὐτὸς
436 761 506 837 ἦν
543 768 736 840 Σωτὴρ
777 769 845 822 δι’
894 766 970 825 ὧν
1018 771 1220 845 ἔπραξε
1259 777 1353 830 καὶ
1378 776 1643 832 πέπονθεν
1670 779 1811 851 ὑπὲρ

222 856 317 910 τοῦ
383 858 511 913 τῶν-
553 859 856 933 ἀνθρώπων
913 863 1103 932 γένους
1154 868 1255 940 τὴν
1314 871 1465 942 παρὰ
1514 871 1609 924 τοῦ
1673 870 1808 925 Θεοῦ

226 950 501 1023 σωτηρίαν
525 954 639 1015 τοῖς
663 955 743 1017 εἰς
765 954 926 1010 αὑτὸν
959 958 1272 1014 πιστεύουσι
1295 963 1590 1033 προξενῶν,
1616 964 1746 1036 παρ’
1767 956 1812 1033 ᾧ

223 1041 321 1095 καί⁸
351 1043 559 1115 Ἰησοῦς
580 1044 897 1119 ὠνομάσθη,
934 1050 1076 1103 κατὰ
1095 1050 1195 1124 τὴν
1217 1053 1310 1107 τοῦ
1340 1054 1570 1124 ἀγγέλου
1606 1072 1811 1127 μαρτυ-

224 1134 367 1205 ρίαν.

733 1233 1131 1291 ΚΕΦΑΛΔΙΟΝ
1177 1236 1295 1293 ΞΡ.

298 1359 321 1395 1
355 1343 454 1407 Τίς
486 1336 641 1411 οὗτος
682 1348 712 1401 6
746 1350 1186 1423 παραγενόμενος
1211 1352 1273 1419 ἐξ
1313 1352 1527 1425 Ἔδὼμ,
1558 1354 1811 1428 ἐρύθημα

219 1434 456 1506 ἱματίων
496 1440 575 1493 ἐκ·
614 1440 818 1512 Βοσόρ;
855 1442 1027 1507 οὕτως
1068 1445 1269 1517 ὡραῖος
1315 1448 1374 1501 ἐν
1409 1448 1568 1522 στολῇ
1606 1449 1769 1505 αὐτοῦ
1792 1469 1807 1484 ·

1915 604 2031 658 tiat.
2068 604 2210 662 Olim
2242 606 2459 676 quidem
2506 608 2564 662 in
2607 608 2783 678 primo
2810 623 2908 663 suo
2948 610 3184 665 adventu
3218 608 3332 679 ipse
3365 609 3487 664 Sal-

1910 705 2087 763 vator,
2114 713 2213 768 per
2256 714 2317 755 ea
2345 714 2465 770 qua;
2492 715 2590 770 pro
2624 701 2860 756 humano
2885 716 3089 770 genere
3120 701 3249 757 fecit
3282 711 3337 757 et
3359 716 3485 771 per-

1910 806 2097 860 pessus
2126 801 2229 858 est,
2264 806 2382 847 eam
2418 809 2537 863 quae
2563 809 2595 848 a
2624 794 2737 849 Deo
2768 803 2859 849 est
2906 794 3139 851 salutem
3176 795 3229 849 in
3264 809 3323 851 se
3365 808 3484 849 cre-

1910 881 2162 940 dentibus
2191 883 2534 951 conciliabat,
2558 885 2701 939 unde
2730 884 2888 943 Jesus
2926 884 3243 957 appellatus
3262 894 3367 954 est,
3404 899 3486 942 se-

1912 973 2149 1029 cundum
2194 974 2370 1045 angeli
2405 974 2796 1031 testimonium.

2472 1239 2700 1298 CAPUT
2735 1238 2915 1296 LXIH.

1982 1329 2149 1386 Vens.
2178 1331 2230 1387 1.
2267 1350 2287 1385 1
2318 1332 2449 1400 Quis
2475 1341 2559 1389 est
2583 1336 2687 1390 iste
2711 1334 2804 1405 qui
2832 1333 2982 1390 venit
3010 1334 3075 1390 de
3102 1333 3292 1399 Edom,
3321 1334 3489 1391 rubor

1911 1426 2359 1483 vestimentorum
2395 1427 2464 1484 de
2486 1427 2689 1483 Bosor?
2713 1427 2793 1483 sic
2821 1426 3091 1484 formosus
3114 1428 3167 1483 in
3188 1428 3325 1484 stola
3352 1443 3473 1495 sua,

221 1526 317 1598 βία
350 1528 489 1599 μετά
532 1531 735 1602 ἰσχύος.
783 1533 923 1603 Ἐγὼ
967 1535 1288 1609 διαλέγομαι
1325 1518 1673 1612 δικαιοσύνην
1716 1542 1798 1595 καλ

1910 1518 2172 1574 violentia
2221 1534 2344 1575 cum
2371 1520 2720 1577 fortitudine.
2750 1520 2864 1595 Ego
2889 1521 3085 1593 loquor
3119 1520 3390 1591 justitiam
3433 1530 3491 1578 et

218 1617 402 1690 κρίσιν
428 1620 724 1693 Σωτηρίου.
758 1624 1230 1696 ι-Προσωποποιεῖ
1265 1630 1294 1681 6
1324 1628 1482 1698 λόγος
1510 1609 1798 1703 ἐρωτήσεις

1908 1609 2173 1682 judicium
2225 1612 2556 1668 Salutarisn
2605 1611 3016 1684 Interrogantes
3060 1614 3267 1670 inducit
3296 1628 3490 1685 perso-

216 1707 381 1761 τινῶν
415 1709 669 1781 ὁρώντων
692 1712 784 1766 τὸν
810 1711 1045 1785 Χριστὸν
1077 1717 1359 1790 πολεμικῷ
1393 1720 1639 1791 σχήματι
1676 1721 1798 1775 θεω-

1912 1717 2011 1759 nas
2042 1703 2303 1774 quasdam
2343 1703 2626 1760 Christum
2678 1704 2877 1760 bellico
2921 1705 3111 1761 habitu
3164 1713 3221 1760 et
3254 1713 3490 1760 cruento

217 1798 483 1870 ρούμενον
517 1802 611 1855 καὶ
633 1802 731 1874 τὴν
763 1805 1058 1877 περιϐολὴν
1087 1810 1406 1881 ᾑμαγμένον
1429 1828 1443 1841 ·
1467 1813 1518 1865 οῖ
1545 1813 1639 1866 καὶ
1670 1812 1805 1885 πρὸς

214 1887 477 1960 ἀλλήλους
501 1893 633 1961 φασὶ
656 1892 718 1946 τὸ
746 1891 895 1958 ξένον
914 1894 1135 1970 τοῦησχή
1146 1916 1316 1969 ματος
1339 1899 1798 1972 ἐκπληττόμενοι·

220 1995 241 2029 1
284 1978 381 2041 Τίς
418 1973 573 2044 οὗτος
613 1983 643 2035 6
690 1985 1137 2056 παραγενόμενος
1176 1984 1238 2051 ἐξ
1299 1986 1497 2058 Ἐδὼμ,
1550 1989 1805 2061 ἐρύθημα

214 2068 452 2140 ἱματίων
484 2074 549 2126 ἐκ
578 2074 784 2146 Βοσόρ;
833 2094 853 2127 1
912 2077 1128 2149 Ἐπειδὴ
1172 2077 1284 2150 γὰρ
1319 2081 1353 2151 ἡ
1412 2077 1591 2151 Ἐδὼμ
1636 2081 1731 2135 καὶ
1768 2081 1803 2152 ἡ

210 2158 390 2232 Βοσὸρ
414 2161 517 2231 τῆς
554 2164 663 2218 τῶν
690 2166 1003 2236 ἀλλοφύλων
1030 2167 1217 2241 χώρας
1245 2171 1341 2225 καὶ
1373 2170 1459 2224 ἀεὶ
1496 2170 1606 2224 τῶν
1648 2169 1805 2225 πολε-

213 2250 359 2324 μίων
396 2254 492 2307 τοῦ
544 2254 761 2329 Ἰσραὴλ
786 2261 1165 2331 τυγχάνουσιν,
1204 2262 1429 2329 εἰκότως
1471 2264 1561 2318 διὰ
1601 2264 1804 2319 τούτων

209 2342 323 2397 τῶν
352 2343 634 2415 ὀνομάτων
658 2348 757 2412 τὰς
788 2351 1173 2423 ἀντικειμένας
1199 2352 1461 2426 δυνάμεις
1484 2355 1801 2421 αἰνίττεται,

210 2434 311 2489 καὶ
346 2435 457 2491 τῶν
501 2438 888 2511 ἀνῃρημένων,
936 2445 1031 2498 καὶ
1064 2444 1305 2517 ὠσπερεί
1337 2448 1802 2520 κατεσφαγμένων

209 2524 303 2579 τὸν
346 2526 643 2601 ἱματισμὸν
687 2533 853 2587 αὑτοῦ
902 2553 1035 2606 φησι
1084 2538 1452 2607 πεφοινίσθαι.
1500 2541 1714 2614 Σφόδρα
1746 2541 1803 2595 δέ

210 2618 377 2674 αὐτὸν
407 2621 615 2677 ἀλλοῖον
642 2625 879 2697 ὁρῶντες
913 2630 978 2683 ἐκ
1018 2630 1118 2701 τῆς
1148 2630 1289 2685 κατὰ
1320 2631 1430 2686 τῶν
1462 2633 1675 2687 ἀσεϐῶν
1719 2652 1802 2688 τι-

211 2712 449 2784 μωρίας,
476 2715 599 2770 ούδὲ
632 2718 921 2790 γνωρίζειν
952 2721 1189 2777 ἐοίκασιν
1229 2724 1413 2792 αὐτὸν,
1451 2726 1674 2801 φαιδρὸν
1706 2726 1801 2781 καὶ

206 2805 447 2876 γαληνὸν
484 2810 579 2863 καὶ
618 2810 828 2884 ἥμερον
864 2814 1029 2867 αὐτὸν
1061 2815 1435 2886 ἐπιστάμενοι·
1472 2818 1553 2873 διὸ
1591 2819 1799 2873 πυνθά-

74 2918 101 2939 ο
206 2912 395 2951 νονται
448 2898 732 2969 λέγοντες;
775 2921 797 2955 1
832 2905 928 2968 Τίς
960 2896 1116 2970 οὗτος
1179 2907 1208 2959 6
1250 2910 1694 2981 παραγενόμενος
1740 2912 1800 2980 ἐξ

194 3034 200 3047 ,
220 2987 423 3059 Ἐδὼμ,
445 2989 696 3063 ἐρύθημα
712 2994 940 3064 ἱματίων
955 2997 1020 3050 ἐκ
1031 2996 1230 3068 Βοσόρ;
1255 3016 1379 3050 1—1
1401 2999 1763 3073 Ὑπερμαχῶν
1775 3021 1794 3054 1

205 3076 342 3149 γάρ,
374 3078 516 3133 κατά
546 3081 637 3135 τὸν
665 3082 984 3156 Σύμμαχον,
1017 3086 1126 3140 τῶν
1154 3088 1355 3154 ἀδίκως
1381 3090 1485 3144 ὑπὸ
1515 3091 1623 3145 τῶν
1654 3094 1801 3149 ἀντι-

205 3169 483 3240 κειμένων
516 3173 799 3246 δυνάμεων
846 3180 1371 3252 καταπονουμένων,
1405 3184 1533 3247 τοὺς
1578 3184 1678 3255 μέν
1724 3186 1802 3252 ὡς

203 3262 444 3334 ἐχθροὺς
477 3268 812 3339 μετήρχετο,
844 3270 973 3335 τοὺς
1003 3272 1060 3326 δέ
1110 3272 1313 3338 ἔσωζεν
1355 3275 1657 3348 ἐλευθερῶν
1702 3280 1803 3351 τῆς

207 3354 318 3408 ὑπὸ
346 3357 457 3419 τοῖς
481 3358 696 3430 ἐχθροῖς
717 3361 1058 3428 δυναστείας.

186 3464 193 3491 ι
282 3463 303 3496 1
338 3446 440 3500 Διά
469 3448 523 3501 τί
557 3466 650 3503 σου
693 3452 900 3525 ἐρυθρά
926 3454 994 3508 τά
1038 3456 1249 3527 ἱμάτια,
1284 3459 1379 3513 καὶ
1420 3458 1490 3513 τά
1528 3460 1802 3533 ἐνδύματά

204 3557 306 3593 σου
337 3540 415 3604 ὡς
442 3541 550 3595 ἀπὸ
576 3544 817 3615 πατητοῦ
844 3546 1035 3617 ληνοῦ;
1070 3552 1292 3625 Πλήρης
1325 3553 1733 3625 πεπατημένης.
1774 3576 1795 3609 1

204 3630 357 3702 Ὅρα
388 3631 447 3685 δέ
478 3632 597 3697 πῶς
626 3635 840 3708 εἰρηται
872 3638 1032 3711 ληνὸν
1061 3644 1438 3713 πεπατηκέναι
1471 3645 1796 3717 μονώτατος.

200 3722 375 3793 Μόνῳ
404 3722 514 3796 γὰρ
542 3726 692 3797 αὐτῷ
717 3728 817 3800 τὴν
844 3730 1028 3795 κρίσιν
1050 3732 1282 3787 δέδωκεν
1307 3736 1336 3788 ὁ
1368 3736 1580 3808 Πατὴρ,
1614 3738 1714 3808 τὴν
1741 3737 1799 3790 δὲ

200 3814 317 3869 τῶν
354 3816 770 3891 ἁμαρτημάτων
800 3821 1066 3894 ἔκπραξιν
1092 3823 1253 3894 ληνὸν
1281 3825 1441 3880 εἴωθε
1475 3827 1658 3882 καλεῖν
1676 3845 1688 3858 ·
1715 3826 1745 3880 6
1754 3826 1801 3879 ιδ

200 3909 265 3960 ἐν
309 3910 426 3972 τοῖς
464 3909 695 3981 Θρήνοις
761 3913 1030 3985 Ἱερεμίας
1073 3915 1207 3986 φησί
1231 3932 1245 3946 ⁸
1282 3935 1317 3973 1.
1344 3917 1519 3988 Ληνὸν
1558 3919 1799 3991 ἐπάτησε

199 3997 416 4068 Κύριος
455 4000 710 4073 παρθένῳ
753 4001 987 4075 θυγατρὶ
1039 4004 1243 4059 Ἰούδα*
1302 4006 1396 4060 ἐπὶ
1435 4006 1645 4072 τούτοις
1687 4008 1799 4077 ἐγὼ

199 4090 400 4143 κλαίω.
434 4110 455 4143 1
489 4093 698 4164 Ὥσπερ
718 4092 775 4146 δὲ
802 4096 836 4164 ὴ
872 4095 967 4148 ἐπὶ
997 4095 1058 4149 τὸ
1089 4097 1222 4151 αὐτὸ
1242 4097 1353 4152 τῶν
1381 4100 1798 4171 ἁμαρτημάτων

197 4181 430 4253 εύθύνη,
465 4184 561 4238 καὶ
591 4187 621 4239 6
649 4185 867 4257 ἐλεγχος
900 4188 988 4241 ἐπ’
1015 4189 1219 4253 αὐτοῖς,
1252 4189 1288 4260 ἥ
1323 4207 1383 4243 τε
1417 4189 1679 4262 ἐκπραξις
1704 4191 1799 4246 καὶ

199 4274 237 4344 ἠ
267 4275 514 4346 τιμωρία
540 4275 701 4347 ληνὸς
727 4277 1041 4349 ὠνόμασται
1063 4294 1077 4309 ⁸
1111 4279 1254 4333 οὕτω
1290 4282 1385 4335 καὶ
1422 4281 1535 4336 τῶν
1576 4282 1797 4351 ἀγαθῶν

195 4366 438 4437 καρπῶν
478 4368 543 4420 ἐκ
572 4368 675 4438 τῆς
712 4369 926 4440 ἀγαθῆς
968 4370 1217 4440 ἀμπέλου
1246 4372 1612 4444 τρυγωμένων
1646 4374 1798 4446 ληνοὶ

1828 3139 1871 3199 C

1914 1797 2113 1852 amictu
2158 1796 2403 1853 videntes
2433 1813 2445 1847 :
2473 1812 2595 1867 quae
2642 1798 2908 1869 stupendo
2963 1799 3159 1854 vestitu
3198 1798 3485 1869 perculsa),

1912 1890 1988 1946 ita
2015 1901 2201 1945 mutuo
2228 1890 2618 1961 colloquuntur
2652 1909 2664 1944 :
2706 1909 2725 1942 1
2755 1890 2886 1958 Quis
2931 1900 3017 1947 est
3058 1892 3181 1961 iste,
3210 1893 3301 1963 qui
3336 1893 3489 1948 venit

1912 1981 1978 2037 de
2013 1980 2206 2046 Edom,
2255 1982 2424 2038 rubor
2460 1982 2905 2039 vestimentorum
2946 1998 3015 2039 ex
3063 1984 3273 2040 Bosor?
3302 2004 3320 2037 1
3347 1983 3514 2040 Nam.

1912 2073 2037 2144 quia
2067 2073 2236 2129 Edom
2281 2083 2338 2129 et
2374 2073 2547 2130 Bosor
2571 2076 2999 2148 alienigenarum
3024 2077 3275 2149 regiones
3307 2086 3511 2145 erant,

1912 2166 2096 2222 israeli
2136 2181 2351 2238 semper
2393 2167 2630 2236 infestae;
2666 2168 2754 2224 his
2796 2168 3112 2225 nominibus
3141 2169 3510 2225 adversarias.

1910 2266 2209 2327 potestates
2261 2268 2626 2330 congruenter
2679 2260 2925 2326 indicat,
2979 2276 3044 2317 ac
3098 2260 3486 2315 vestimentum

1911 2364 2069 2404 suum
2093 2364 2357 2405 caesorum
2389 2365 2453 2406 ac
2483 2351 2855 2422 Jugulatorum
2887 2367 3081 2408 cruore
3110 2352 3262 2423 quasi
3288 2367 3482 2422 purpu-

1910 2450 2088 2496 ratum
2118 2455 2239 2497 esse
2269 2441 2422 2497 dicit.
2458 2442 2591 2498 Cum
2633 2453 2814 2499 autem
2857 2445 3033 2515 ipsum
3077 2460 3108 2499 a
3148 2454 3366 2516 sumpto
3418 2448 3486 2501 de

1909 2534 2090 2605 impiis
2124 2534 2388 2606 supplicio
2414 2535 2569 2592 valde
2606 2537 2947 2591 immutatum
2978 2545 3226 2604 cernant,
3263 2551 3331 2591 ne
3358 2538 3484 2606 qui-

1909 2626 2029 2682 dem
2046 2641 2207 2683 nosse
2232 2627 2503 2695 videntur,
2530 2641 2689 2698 quem
2718 2628 2919 2693 laetum,
2954 2627 3303 2698 tranquillum
3335 2643 3486 2683 mann

1907 2728 2230 2790 suetumque
2266 2734 2386 2776 esse
2423 2719 2673 2776 sciebant
2703 2736 2717 2772 :
2752 2721 3104 2791 quamobrem
3132 2720 3482 2775 sciscitantur

1906 2812 1994 2869 his
2019 2812 2201 2870 verbis
2226 2829 2239 2865 :
2267 2832 2286 2865 1
2315 2813 2447 2881 Quis
2483 2820 2566 2869 est
2586 2813 2688 2869 iste
2714 2813 2806 2884 qui
2838 2814 2987 2869 venit
3014 2813 3080 2869 de
3102 2811 3295 2880 Edom,
3315 2813 3489 2867 rubor.

1907 2905 2353 2962 vestimentorum
2378 2907 2445 2962 de
2481 2906 2694 2963 Bosor?
2727 2924 2849 2959 1—1
2875 2901 3227 2977 Propugnans
3256 2923 3276 2958 1
3308 2904 3478 2970 enim,

1907 2999 2205 3054 secundum
2243 2999 2651 3071 Symmachum,
2678 3013 2775 3070 pro
2804 2998 2896 3065 iis,
2927 2998 3018 3068 qui
3052 2997 3120 3052 ab
3152 2995 3479 3052 adversariis

1905 3092 2265 3161 potestatibus
2311 3091 2711 3165 aﬂligebantur,
2768 3092 2889 3148 illos
2931 3091 3149 3162 quidem
3201 3099 3262 3145 ut
3294 3089 3481 3145 hostes

1905 3181 2216 3248 invadebat,
2251 3181 2353 3239 hos
2384 3192 2567 3239 autem
2609 3184 2783 3239 salute
2816 3182 3075 3251 donabat,
3114 3180 3181 3238 ab
3228 3180 3481 3238 inimico-

1902 3288 2022 3330 rum
2052 3275 2292 3347 potentia
2330 3283 2567 3347 ereptos.

1977 3432 2140 3490 Vsus.
2172 3434 2226 3489 2.
2272 3453 2292 3487 1
2314 3435 2493 3503 Quare
2524 3435 2693 3492 rubra
2727 3436 3053 3492 vestimenta
3080 3441 3191 3500 tua,
3230 3442 3285 3489 et
3319 3433 3479 3489 indu-

1902 3536 2085 3583 menta
2120 3536 2210 3583 tua
2260 3533 2417 3599 quasi
2464 3546 2493 3585 a
2541 3530 2748 3586 calcato
2786 3529 3088 3586 tore-lari?
3120 3528 3322 3583 Plenus
3348 3544 3479 3583 con-

1900 3620 2134 3679 culcata.
2164 3641 2184 3676 1
2210 3622 2345 3679 Vide
2386 3625 2654 3694 quomodo
2686 3623 2832 3679 solus
2863 3621 3103 3678 torcular
3127 3619 3480 3674 conculcasse

1900 3718 2130 3774 dicatur.
2174 3717 2285 3789 Ipsi
2337 3729 2577 3787 namque
2622 3716 2725 3771 soli
2770 3716 3032 3786 judicium
3081 3719 3233 3775 dedit
3266 3720 3475 3774 Pater:

1899 3820 2246 3882 peccatorum
2278 3824 2408 3865 vero
2435 3810 2696 3865 ultionem
2724 3810 2961 3866 torcular
2983 3812 3257 3883 appellare
3287 3814 3427 3869 solet
3458 3829 3476 3869 :

1899 3919 2072 3975 quare
2103 3904 2158 3958 in
2196 3903 2431 3959 Threnis
2462 3902 2536 3956 ait
2559 3900 2866 3959 Jeremias:
2900 3922 2919 3956 1
2947 3903 3210 3960 Torcular
3245 3904 3478 3959 calcavit

1901 3996 2159 4052 Dominus
2181 3997 2378 4067 virgini
2410 3997 2535 4052 ﬁlia:
2558 3996 2585 4051 J
2596 3999 2696 4052 uda
2725 4016 2739 4051 :
2766 4014 2929 4069 super
2963 3998 3050 4053 his
3072 4013 3171 4069 ego
3191 3997 3343 4069 ploro
3368 3997 3481 4055 ".1-

1898 4090 2367 4156 Quemadmodum
2421 4098 2601 4145 autem
2653 4090 2936 4146 confertim
2990 4091 3192 4145 habitae
3224 4100 3477 4161 peccato-

1898 4199 2016 4239 rum
2051 4197 2246 4255 pmnaa,
2284 4183 2614 4253 redargutio,
2637 4182 2771 4238 ultio
2821 4194 2877 4238 et
2908 4184 3230 4254 supplicium
3295 4193 3478 4239 torcu-

1896 4272 1980 4327 lar
2005 4285 2313 4341 vocantur;
2346 4274 2423 4328 ita
2452 4281 2508 4328 et
2538 4273 2803 4328 bonorum
2831 4272 3102 4329 fructuum
3132 4290 3198 4329 ex
3221 4275 3360 4330 bona
3392 4275 3476 4328 vi-

1898 4378 1998 4419 nea
2022 4364 2422 4435 decerptorum,
2453 4363 2564 4418 Deo
2590 4363 2845 4418 amabilia
2870 4372 2923 4417 et
2952 4364 3146 4432 placita
3177 4363 3475 4419 toreularia

195 4456 471 4527 θεοφιλεῖς
521 4460 614 4513 καὶ
665 4459 784 4531 Θεῷ
827 4461 1057 4533 ἀρεσταὶ
1111 4462 1384 4531 γίνονται·
1432 4464 1520 4534 ἐφ’
1566 4461 1655 4530 αἷς
1699 4467 1797 4520 καὶ

1908 4464 2160 4526 parantur
2186 4471 2200 4508 :
2227 4470 2330 4525 qua
2360 4455 2425 4510 de
2450 4468 2613 4511 causa
2645 4453 2828 4523 hymni
2859 4471 2878 4504 1
2918 4454 3025 4508 Pro
3057 4454 3420 4510 torcularibus
3448 4474 3469 4508 1

200 4569 223 4602 1
247 4549 556 4622 Ἐπιλήνιοι
597 4570 616 4603 1
654 4551 813 4623 ὕμνοι
846 4554 1089 4625 εἴρηνται
1114 4553 1171 4608 ἐν
1202 4556 1315 4619 τοῖς
1338 4556 1608 4629 Ψαλμοῖς.
1639 4576 1658 4609 1
1693 4558 1792 4612 Διά

1908 4548 2150 4603 licttntur
2195 4547 2250 4602 in
2300 4545 2553 4602 Psalmis.
2583 4564 2601 4598 1
2631 4548 2811 4612 Quare
2842 4544 3005 4599 rubra
3046 4546 3388 4612 vestimenta,
3419 4554 3476 4601 et

190 4639 259 4695 τί
290 4656 390 4693 σου
432 4640 642 4713 ἐρυθρά
686 4641 755 4695 τά
789 4642 1001 4713 ἰμάτια,
1036 4644 1133 4697 καὶ
1175 4643 1246 4698 τὰ
1275 4644 1553 4719 ὲνδύματά
1587 4665 1681 4701 σου
1714 4648 1790 4712 ὡς

1908 4642 2211 4697 indumenta
2264 4651 2354 4696 tua
2407 4641 2561 4712 quasi
2606 4656 2635 4696 a
2684 4640 2895 4697 calcato
2944 4639 3201 4693 lorculari
3219 4640 3253 4693 7»
3274 4638 3476 4695 Plenus

192 4730 309 4786 ἀπὸ
345 4731 589 4803 πατητοῦ
622 4733 819 4805 ληνοῦ;
851 4735 1073 4807 Πλήρης
1108 4738 1515 4811 πεπατημένης.
1560 4758 1579 4791 1
1613 4739 1792 4794 Μολύ-

189 4840 277 4879 νει
311 4823 375 4877 δὲ
411 4823 482 4877 τὰ
525 4825 797 4896 ἐνδύματα
833 4825 999 4880 αὐτοῦ
1020 4868 1035 4893 ,
1072 4827 1261 4901 ὥσπερ
1294 4831 1501 4902 ἐρυθρά
1533 4833 1788 4901 γενέσθαι

188 4914 341 4969 αύτά
364 4915 582 4983 λέγεται
606 4917 1023 4990 προσωποποιίᾳ
1050 4920 1325 4991 ἐμφατικῇ
1346 4937 1358 4950 ·
1387 4921 1577 4996 ῶσπερ
1608 4924 1701 4977 καὶ
1724 4922 1789 4977 τὸ

188 5002 341 5076 αἷμα
372 5004 483 5059 τῶν
516 5005 747 5077 ἐχθρῶν,
782 5008 912 5079 περὶ
940 5000 1001 5060 οὗ
1049 5025 1181 5079 φησι
1201 5026 1215 5039 ο
1268 5028 1287 5061 1
1333 5012 1444 5065 Καὶ
1474 5014 1785 5085 κατήγαγον

185 5095 254 5147 τὸ
295 5088 441 5165 αἷμα
481 5094 663 5149 αὐτῶν
695 5097 775 5159 εἰς
795 5097 919 5167 γῆν.
958 5113 978 5148 1
1007 5096 1081 5150 Οὐ
1108 5095 1217 5167 γὰρ
1247 5098 1311 5170 δὴ
1359 5100 1614 5172 αἰσθητὸν
1647 5098 1785 5175 αἷμα

184 5187 422 5259 νοητέον
462 5182 601 5240 εἰναι
638 5187 768 5259 περὶ
796 5187 896 5253 τὰς
924 5188 1307 5261 ἀντικειμένας
1333 5190 1613 5264 δυνάμεις.

267 5298 290 5330 1
344 5280 457 5333 Καὶ
494 5280 604 5334 τῶν
633 5279 806 5334 ἐθνῶν
829 5281 931 5334 οὐκ
964 5280 1110 5334 ἐστιν
1141 5282 1283 5354 ἀνὴρ
1320 5286 1437 5354 μετ’
1475 5285 1632 5356 ἐμοῦ.
1675 5290 1786 5343 Καὶ

181 5372 559 5443 κατεπάτησα
587 5372 785 5435 αὐτοὺς
811 5373 868 5425 ἐν
896 5370 1052 5443 θυμῷ
1085 5389 1208 5442 μου,
1236 5375 1331 5427 καὶ
1356 5376 1661 5431 κατέθλασα
1689 5381 1788 5433 αύ-

178 5464 323 5529 τοῦς
348 5464 427 5528 ῶς
444 5465 568 5535 γῆν,
594 5464 691 5519 καὶ
718 5466 1027 5537 κατήγαγον
1056 5466 1117 5520 τὸ
1150 5460 1288 5538 αἷμα
1305 5468 1483 5523 αὐτῶν
1502 5472 1582 5535 εἰς
1601 5473 1724 5543 γῆν.
1753 5493 1770 5525 1

194 5555 432 5627 Ἐπειδὴ
464 5556 575 5628 γὰρ
603 5557 821 5612 ἐδόκουν
854 5556 915 5611 τὸ
944 5557 1207 5630 πρότερον
1239 5559 1603 5627 ἀνυπότακτοί
1636 5582 1778 5633 τινες

264 5733 316 5766 ⁸⁵
351 5733 628 5801 ἰἰιιθεηιιιι
663 5739 737 5800 l5,
779 5735 852 5785 16.

1894 4732 2229 4790 conculcata.
2259 4753 2277 4787 1
2323 4734 2666 4790 Vestimenta
2694 4748 2859 4804 porro
2883 4732 3148 4800 inquinat,
3185 4733 3258 4786 ita
3286 4741 3466 4785 ut-ru-

1891 4827 2024 4882 bore
2076 4827 2374 4898 tingantur,
2432 4842 2791 4899 prosopopoaa
2840 4843 2973 4885 usus
3030 4827 3350 4894 aptissima;
3409 4834 3468 4878 ut

1891 4919 2058 4973 etiam
2115 4934 2239 4973 cum
2271 4919 2339 4974 de
2390 4920 2656 4991 sanguine
2695 4921 3042 4978 inimicorum
3075 4922 3149 4977 ita
3180 4920 3462 4990 loquitur:

1895 5025 1916 5061 1
1947 5008 2013 5063 Et
2042 5008 2242 5065 deduxi
2280 5014 2600 5081 sanguinem
2643 5028 2837 5068 eorum
2871 5015 2923 5069 in
2970 5023 3192 5069 terram.
3224 5031 3242 5065 1
3280 5011 3483 5080 Neque:

1890 5101 2032 5155 enim
2078 5102 2131 5156 in
2178 5103 2507 5158 adversariis
2562 5105 2923 5174 potestatibus
2977 5105 3293 5177 sanguinem
3346 5117 3495 5157 esse.-

1888 5196 2234 5266 cogitandum
2260 5206 2363 5253 est.

1959 5289 2123 5344 Vsus.
2155 5289 2207 5344 5.
2250 5308 2270 5342 1
2299 5290 2365 5345 Et
2394 5290 2459 5346 de
2491 5290 2740 5356 gentibus
2774 5306 2883 5346 non
2915 5300 3009 5346 est
3032 5292 3115 5345 vir
3138 5304 3370 5345 mecum.
3402 5289 3481 5343 Et

1888 5380 2199 5437 conculcavi
2245 5396 2340 5437 eos
2392 5382 2444 5435 in
2499 5381 2684 5437 furore
2725 5398 2863 5446 meo,
2894 5392 2949 5437 et
2986 5382 3224 5454 confregi
3274 5396 3370 5436 eos
3409 5382 3463 5435 in

1889 5482 2114 5539 terram,
2143 5481 2198 5529 et
2244 5474 2446 5530 deduxi
2484 5476 2803 5544 sanguinem
2858 5489 3044 5530 eorum
3084 5475 3136 5529 in
3181 5483 3401 5529 terram.
3439 5491 3479 5525 μ

1889 5566 2023 5624 Nam
2069 5567 2193 5638 quia
2248 5568 2397 5638 prius
2456 5582 2559 5623 non
2610 5567 2799 5623 domiti
2850 5582 2991 5636 esse,
3027 5581 3126 5623 nec
3172 5565 3472 5626 victoriam.
