3880 6216
395 224 497 285 503

1060 217 1332 278 EUSEBII
1361 219 1848 280 CESARIENSIS
1887 220 2039 280 OPP.
2081 219 2262 281 PARS
2310 222 2401 278 ῐιῐ.
2437 250 2505 263 -
2533 219 2943 281 EXEGETICA.

3535 225 3650 285 5οε

395 348 692 405 concedere
724 345 1072 408 videbantur,
1108 341 1232 411 iure
1261 341 1506 397 devictos
1536 341 1657 397 illos
1699 355 1764 397 ac
1805 340 1951 411 deje-

2080 337 2197 395 Ivat
2222 341 2317 395 ml
2355 341 2520 413 μηδὲν
2555 340 3013 413 παραχωροῦντες
3041 340 3138 410 τῆς
3174 339 3350 413 νίκης,
3390 342 3649 409 εἰκότως,

395 451 512 499 ctos
544 437 915 501 subindicans,
949 434 1028 490 ait
1057 433 1110 488 in
1138 440 1343 489 terram
1376 433 1644 503 dejectam
1678 432 1848 489 fuisse
1882 434 1961 488 vi-

392 532 617 588 ctoriam
649 543 857 583 corum.
896 543 915 577 ι
942 524 1010 580 Et
1045 523 1291 594 confregi
1319 538 1416 580 eos
1438 524 1493 579 in
1521 533 1753 590 terram,
1775 533 1832 580 et
1862 524 1959 581 de-

391 624 520 679 duxi
551 620 871 692 sanguinem
905 632 1093 674 eorum
1126 616 1179 672 in
1209 625 1431 675 terram.
1460 635 1481 670 ι

461 800 629 857 Vens.
667 800 723 854 4.
762 818 782 852 ι
807 795 933 854 Dies
964 796 1108 854 enim
1149 796 1522 852 retributionis
1578 796 1727 850 venit
1776 795 1873 858 eis,
1909 804 1964 850 et

390 907 567 948 annus
601 889 993 960 redemptionis
1033 889 1207 943 adest.
1242 907 1265 940 ι
1302 887 1578 956 Siquidem
1609 903 1715 943 uno
1752 887 1964 943 eodem-

391 995 496 1050 que
545 990 787 1050 tempore
845 992 973 1033 suos
1016 977 1284 1043 redimet;
1314 976 1435 1030 aliis
1488 991 1619 1032 vero
1677 978 1960 1040 retribuet,

392 1077 556 1139 prout
594 1069 737 1141 apud
778 1068 1003 1139 Moysen
1056 1066 1321 1137 scriptum
1373 1076 1501 1122 est:
1540 1067 1652 1121 «Et
1703 1068 1967 1122 retribuet

390 1166 684 1222 vindictam
735 1164 993 1231 inimicis,
1051 1172 1106 1220 et
1145 1164 1457 1221 odientibus
1510 1179 1571 1220 se
1603 1164 1906 1218 retribuet:
1939 1183 1961 1217 ι

393 1257 845 1329 quemadmodum
882 1256 986 1322 iis,
1010 1256 1099 1325 qui
1134 1256 1395 1325 pietatem
1422 1256 1725 1323 coluerunt,
1761 1254 1963 1311 Serva-

392 1360 484 1405 tor
513 1364 637 1405 cum
685 1349 935 1403 mercede
986 1362 1082 1403 sua
1115 1348 1335 1404 venisse
1385 1348 1608 1413 dicitur,
1641 1357 1699 1402 ut
1743 1347 1966 1417 praemia

392 1443 677 1507 tribueret,
705 1449 760 1496 et
783 1438 970 1496 bravia
1000 1454 1247 1509 supernae
1276 1440 1572 1496 vocationis
1616 1439 1685 1495 iis
1730 1441 1821 1509 qui
1866 1455 1965 1510 pro

392 1534 592 1606 pietate
646 1532 1012 1600 certaverint;
1050 1531 1126 1587 ita
1176 1541 1232 1587 et
1287 1532 1468 1601 impiis
1533 1539 1588 1587 et
1628 1532 1965 1586 contrariam

392 1629 538 1683 viam
587 1625 825 1682 emensis
865 1625 980 1696 ipse
1011 1626 1173 1681 timor
1228 1624 1461 1691 accedit,
1496 1633 1553 1680 et
1580 1622 1966 1680 venturaultio

2060 435 2161 507 τὴν
2196 428 2368 508 ἧτταν
2401 435 2493 487 ml
2520 434 2619 505 τὴν
2650 434 2977 488 ταπείνωσιν
3010 433 3191 488 αὐτῶν
3216 435 3640 506 αἰνιτττόμενος,

2062 528 2261 597 φάσκει
2293 528 2373 590 εἰς
2398 526 2502 597 γῆν
2528 525 2944 597 κατενηνοχέναι
2980 524 3039 577 τὸ
3067 527 3215 588 νῖκος
3242 526 3443 579 αὐτῶν.
3477 546 3495 579 r
3530 529 3644 582 Kal

2061 618 2417 689 κατεπάτησα
2444 617 2641 681 αὐτοὺς
2670 616 2745 681 ὡς
2771 616 2897 687 γῆν,
2930 616 3026 670 ml
3058 618 3370 689 κατήγαγον
3398 619 3459 672 τὸ
3497 615 3641 692 αἷμα

2062 711 2242 765 αὐτῶν
2279 713 2359 774 εἰς
2391 706 2514 782 γῆν.
2559 730 2578 763 ι

2139 821 2158 854 ι
2211 802 2421 874 Ἡμέρα
2452 801 2561 873 γὰρ
2606 800 3019 865 ἀνταποδόσεως
3056 801 3292 875 ἐπῆλθεν
3329 803 3512 868 αὐτοῖς
3548 805 3647 859 ml

2064 895 2309 961 ἐνιαυτὸς
2341 896 2661 967 λυτρώσεως
2695 895 2947 966 πάρεστι.
2987 914 3007 949 ι
3053 896 3141 949 Ἐν
3171 896 3352 968 ταυτῷ
3382 896 3491 970 γὰρ
3514 898 3644 962 τοὺς

2068 989 2168 1060 μὲν
2192 988 2426 1052 οἰκείους
2472 987 2825 1060 λυτρώσεται,
2862 989 2974 1051 τοῖς
3004 987 3060 1041 δὲ
3084 988 3472 1054 ἀνταποδώσει,
3500 987 3657 1042 κατά

2064 1080 2126 1133 τὸ
2152 1080 2438 1152 εἰρημένον
2464 1079 2615 1152 παρά
2645 1080 2871 1150 Μωῡσῆ·
2903 1099 2923 1131 (
2944 1080 3054 1133 Καὶ
3096 1079 3461 1133 ἀνταποδώσει
3486 1080 3647 1151 δίκην

2064 1174 2178 1237 τοῖς
2235 1172 2479 1245 ἐχθροῖς,
2537 1172 2631 1227 ml
2676 1175 2791 1236 τοῖς
2849 1170 3098 1244 μισοῦσιν
3168 1172 3560 1227 ἀνταποδώσει.
3616 1192 3641 1227 ι

2070 1268 2280 1338 Ὥσπερ
2319 1270 2431 1331 τοῖς
2465 1266 2843 1339 κατορθώσασι
2888 1268 2991 1339 τὴν
3036 1266 3342 1321 θεοσέϐειαν
3387 1268 3415 1319 6
3451 1267 3651 1340 Σωτήρ

2067 1358 2282 1427 ἐλέγετο
2320 1358 2653 1429 ἐληλυθέναι,
2687 1358 2825 1429 ἔχων
2853 1358 2943 1413 τὸν
2974 1357 3168 1412 ἑαυτοῦ
3205 1358 3412 1429 μισθὸν,
3450 1358 3528 1422 ὡς
3578 1358 3661 1413 ἂν

2067 1450 2167 1513 τὰς
2191 1449 2423 1520 ἀμοιϐὰς
2449 1450 2632 1521 ἀποδῷ
2661 1453 2756 1506 ml
2778 1450 2848 1504 τὰ
2876 1450 3105 1523 βραϐεϊα
3142 1452 3239 1520 τῆς
3264 1451 3375 1505 ἄνω
3399 1450 3659 1522 κλήσεωςΔ

2067 1542 2180 1607 τοῖς
2221 1542 2361 1615 ὑπὲρ
2396 1542 2677 1607 εὐσεϐείας
2711 1542 3137 1614 ἠγωνισμένοις·
3173 1541 3314 1595 οὕτω
3352 1543 3466 1606 τοῖς
3514 1543 3651 1596 ἀσε-

2070 1634 2189 1689 ϐέσι
2219 1634 2314 1689 καὶ
2343 1635 2444 1706 τὴν
2472 1634 2716 1689 ἐναντίαν
2737 1635 2863 1689 ὁδὸν
2880 1634 3264 1707 πορευομένοις
3286 1636 3314 1687 6
3345 1633 3504 1697 αὑτός
3530 1633 3652 1713 ἐστι

389 1717 723 1790 ρτωᾱίοἱῑυτ.
780 1716 899 1771 «Et
945 1715 1215 1771 retribuet
1273 1714 1567 1769 vindictam
1626 1714 1883 1781 inimicis,
1914 1725 1971 1770 et

2080 1724 2234 1793 φόϐος
2274 1725 2367 1778 καὶ
2406 1723 2468 1777 τὸ
2503 1724 2876 1797 τιμωρητικὸν
2911 1723 3062 1795 ἥξειν
3095 1723 3425 1788 θεσπίζεται.
3476 1742 3496 1775 ι
3535 1724 3655 1775 Καὶ

391 1811 703 1868 odientibus
730 1824 789 1866 se
818 1808 1103 1866 retribuet.

463 1990 632 2046 Vens.
659 1989 715 2055 5',
747 1987 802 2043 6.
835 2007 861 2040 oe
876 1988 946 2044 Et
992 1989 1203 2060 aspexi,
1234 1997 1291 2045 et
1338 2003 1445 2044 non
1474 1998 1597 2063 erat
1631 1990 1963 2045 auxiliator:

392 2089 449 2138 et
496 2080 860 2147 consideravl,
919 2089 976 2137 et
1032 2080 1210 2136 nullus
1259 2089 1399 2146 erat,
1427 2081 1521 2151 qui
1569 2081 1966 2151 adjuvaret.Et

391 2172 536 2229 eruit
573 2186 668 2228 eos
704 2172 990 2228 brachium
1025 2187 1228 2241 meum,
1280 2183 1334 2228 et
1383 2172 1534 2228 furor
1583 2189 1735 2229 meus
1769 2175 1963 2229 adfuit.

391 2264 461 2320 Et
490 2264 805 2321 conculcavi
829 2279 924 2322 eos
960 2266 1017 2321 in
1049 2267 1130 2321 ira
1154 2282 1295 2335 mea,
1328 2280 1385 2323 et
1423 2266 1621 2322 deduxi
1646 2272 1966 2337 sanguinem

392 2370 585 2413 eorum
617 2356 672 2411 in
704 2364 924 2412 terram.
959 2375 985 2409 ι
1018 2355 1128 2413 Cur
1154 2359 1270 2414 haec
1297 2358 1554 2415 dicantur
1579 2359 1963 2431 intelligemus,

392 2450 440 2505 si
465 2449 885 2520 perpendamus,
927 2451 1196 2519 quomodo
1238 2452 1354 2522 ipse
1396 2451 1546 2508 solus
1576 2466 1697 2509 sese
1736 2468 1968 2507 evacua-

390 2543 554 2607 verit,
604 2542 780 2597 forma
823 2543 965 2602 servi
1013 2553 1257 2613 accepta,
1319 2558 1383 2599 ac
1431 2559 1554 2601 sese
1600 2544 1970 2600 humiliaverit

391 2634 575 2689 factus
617 2634 882 2690 obediens
921 2648 1097 2704 usque
1135 2634 1202 2689 ad
1244 2644 1496 2701 mortem,
1529 2646 1759 2692 mortem
1787 2646 1966 2691 autem

393 2724 594 2781 crucis.
645 2725 779 2780 Nam
834 2741 954 2796 qua:
987 2725 1167 2782 nullus
1221 2742 1460 2797 unquam
1513 2729 1818 2795 hominum,
1867 2743 1969 2784 nec

397 2817 737 2889 angelorum,
772 2833 874 2874 nec
907 2821 1212 2875 divinarum
1254 2822 1515 2876 virtutum
1540 2818 1819 2886 sustinuit,
1856 2823 1969 2891 ipse

393 2911 546 2967 solus
582 2926 681 2981 pro
733 2910 913 2967 salute
936 2921 1120 2968 nostra
1144 2913 1368 2969 exhibet
1397 2931 1412 2970 :
1449 2928 1513 2970 ac
1545 2915 1646 2984 ipsi
1673 2913 1773 2970 soli
1804 2913 1968 2971 Pater

394 3020 592 3063 nomen
620 3006 790 3070 dedit,
817 3007 962 3076 quod
993 3015 1078 3063 est
1122 3021 1288 3077 super
1320 3023 1482 3064 omne
1510 2998 1728 3072 nomen,
1762 3024 1827 3064 ac
1852 3025 1969 3064 om-

2071 1813 2438 1868 ἀνταποδώσει
2482 1814 2635 1886 δίκην
2672 1818 2785 1879 τοῖς
2832 1814 3065 1886 ἐχθροῖς,
3110 1815 3205 1869 καὶ
3245 1816 3357 1878 τοῖς
3399 1812 3656 1885 μισοῦσιν

2071 1906 2459 1962 ἀνταποδώσει.
2499 1926 2517 1958 ι

2147 2016 2167 2050 ι
2207 1999 2319 2052 Καὶ
2369 1998 2661 2069 ἐπέϐλεψα,
2700 1999 2795 2053 καὶ
2836 1999 2938 2053 οὐκ
2978 1994 3047 2067 ἦν
3094 1997 3310 2069 βοηθός·
3352 1999 3447 2052 καὶ
3486 2014 3657 2069 προσ-

2073 2083 2290 2156 ενόησα,
2317 2085 2413 2138 καὶ
2438 2084 2612 2149 οὐδεὶς
2626 2086 3079 2158 ἀντελαμϐάνετο.
3117 2088 3226 2141 Καὶ
3253 2087 3523 2159 ἐρρύσατο
3554 2087 3658 2140 αύ-

2072 2176 2197 2240 τοὺς
2226 2179 2255 2230 6
2287 2176 2527 2249 βραχίων
2565 2194 2689 2248 μου,
2728 2180 2821 2233 καὶ
2864 2181 2894 2232 6
2926 2179 3097 2250 θυμός
3129 2197 3229 2250 μου
3270 2179 3497 2250 ἐπέστη.
3544 2180 3662 2231 Kal

2073 2266 2430 2341 κατεπάτησα
2462 2267 2660 2331 αὐτοὺς
2683 2271 2750 2340 τῇ
2781 2268 2918 2340 ὀργῇ
2959 2286 3083 2338 μου,
3118 2269 3212 2322 ml
3244 2268 3560 2340 κατήγαγον
3591 2267 3660 2321 τὺ

2073 2356 2214 2429 αἷμα
2237 2358 2417 2413 αὐτῶν
2443 2361 2524 2424 εἰς
2559 2363 2681 2433 γῆν.
2726 2380 2745 2411 ι
2782 2362 3065 2431 Νοήσομεν
3091 2359 3147 2413 δὲ
3192 2359 3309 2424 πῶς
3338 2362 3367 2414 6
3390 2359 3547 2428 λόγος
3576 2358 3659 2412 εἴ·-

2074 2467 2257 2522 ρηται,
2292 2452 2684 2523 ἐπιστήσαντες
2714 2451 2831 2515 πῶς
2864 2454 3024 2523 μόνος
3052 2453 3213 2517 αὐτὸς
3234 2452 3501 2505 ἐκένωσεν
3525 2452 3663 2504 ἐαυ-

2071 2543 2164 2596 τὸν
2197 2542 2412 2613 μορφὴν
2459 2541 2645 2595 δούλου
2689 2540 2868 2595 λαϐὼν
2889 2581 2904 2607 ,
2938 2542 3035 2595 ml
3065 2542 3428 2595 ἐταπείνωσεν
3462 2539 3659 2594 ἑαυτὸν

2074 2633 2313 2705 ὑπήκοος
2341 2633 2632 2705 γενόμενος
2663 2632 2826 2705 μέχρι
2862 2632 3113 2698 θανάτου,
3137 2631 3367 2687 θανάτου
3398 2630 3456 2684 δὲ
3490 2645 3657 2691 σταυ-

2074 2729 2192 2799 ροῦ.
2228 2729 2295 2780 "A
2320 2726 2429 2799 γὰρ
2454 2726 2629 2790 οὐδεὶς
2650 2725 2869 2780 πώποτε
2896 2726 3221 2798 ἀνθρώπων,
3237 2723 3358 2777 οὐδὲ
3383 2723 3656 2791 ἀγγέλων,

2073 2821 2196 2875 οὐδὲ
2221 2820 2330 2874 τῶν
2361 2820 2519 2873 θείων
2546 2820 2828 2890 δυνάμεων
2861 2818 3092 2889 ὑπέστη,
3133 2817 3290 2889 μόνος
3322 2816 3487 2878 αὐτὸς
3513 2814 3662 2885 ὑπὲρ

2074 2912 2174 2983 τῆς
2199 2912 2473 2983 ήμετέρας
2495 2911 2872 2965 ἀναδείκνυται
2895 2910 3187 2980 σωτηρίας,
3219 2909 3311 2962 ml
3334 2908 3482 2979 μόνῳ
3506 2906 3667 2977 αὺτῷ

2074 3010 2103 3062 6
2134 3006 2322 3078 Πατὴρ
2354 3007 2646 3077 ἐχαρίσατο
2681 3005 2744 3058 τὸ
2769 3004 2940 3076 ὄνομα
2968 3005 3028 3058 τὸ
3056 3004 3198 3074 ὑπὲρ
3229 3004 3336 3055 πᾶν
3361 3002 3533 3071 ὄνομα
3564 3002 3665 3053 ml

394 3098 546 3153 nium
603 3096 708 3167 ipsi
758 3096 1025 3165 judicium
1081 3100 1321 3154 tradidit.
1364 3100 1463 3155 me
1503 3116 1654 3165 vero,
1686 3110 1909 3171 accepta
1938 3117 1967 3155 a

2080 3100 2171 3170 τὴν
2195 3099 2335 3153 κατὰ
2370 3100 2589 3153 πάντων
2621 3097 2802 3169 κρίσιν
2829 3097 3175 3169 ἐνεχείρισεν·
3204 3097 3233 3147 6
3256 3095 3335 3160 δὲ,
3366 3094 3466 3165 τὴν
3503 3093 3667 3167 παρὰ

396 3190 561 3246 Patre
607 3198 906 3260 potestate,
960 3190 1096 3246 alios
1134 3191 1353 3261 quidem
1402 3193 1571 3260 eruit,
1600 3208 1741 3263 quos
1793 3192 1969 3247 salute

396 3281 652 3349 donavit;
689 3282 937 3338 inimicos
986 3290 1169 3338 autem
1205 3291 1261 3337 et
1307 3284 1651 3341 adversarios
1684 3287 1737 3340 in
1788 3284 1968 3357 fugam

397 3374 584 3429 vertit.

467 3469 634 3526 Vens.
653 3470 707 3533 7,
725 3467 779 3525 8.
810 3466 1222 3526 «Misericordiae
1252 3467 1463 3524 Domini
1487 3470 1805 3528 recordatus
1831 3486 1969 3536 sum,

396 3563 659 3618 virtutum
706 3562 918 3618 Domini
959 3561 1015 3617 in
1054 3562 1470 3630 omnibus,quae
1507 3562 1761 3618 retribuit
1792 3564 1970 3619 nobis.

400 3650 669 3709 Dominus
698 3651 865 3721 iudex
898 3652 1074 3707 bonus
1117 3651 1305 3707 domui
1336 3650 1525 3718 Israel,
1562 3652 1783 3707 adduCit
1818 3654 1973 3708 nobis

398 3744 700 3802 secundum
735 3742 1170 3798 misericordiam
1205 3756 1388 3807 suam,
1408 3750 1463 3795 et
1492 3741 1788 3797 secundum
1835 3743 1974 3797 mul-

398 3836 688 3896 titudinem
729 3834 957 3903 iustitia:
997 3849 1126 3889 suae.
1154 3834 1223 3887 Et
1251 3834 1391 3889 dixit
1424 3832 1579 3890 :Non
1613 3835 1847 3904 populus
1878 3851 1976 3906 po-

397 3927 557 3999 pulus
612 3941 768 3981 mens
822 3925 968 3980 :tilii
1017 3940 1359 3995 nequaquam
1421 3926 1842 3995 repudiaverint.
1908 3927 1976 3982 Et

400 4018 577 4074 factus
604 4026 689 4072 est
721 4017 855 4086 ipsis
910 4019 963 4071 in
1017 4018 1269 4072 salutem.
1294 4035 1313 4067 ι
1358 4016 1506 4081 Haec,
1561 4017 1761 4088 inquit,
1791 4019 1971 4074 omnia

399 4109 759 4172 recordabor,
776 4108 1203 4178 magnitudinem
1223 4106 1481 4161 bonitatis
1507 4122 1619 4163 sua:
1641 4123 1930 4165 recensens
1955 4127 1968 4162 :

400 4202 543 4258 hanc
581 4217 711 4257 vero
744 4201 979 4256 maxime
1020 4200 1250 4270 gratiam
1284 4199 1546 4270 elargitus
1572 4210 1678 4266 est,
1715 4212 1775 4256 ut
1802 4218 1972 4272 popu-

402 4293 514 4351 lum
546 4292 687 4348 ﬁlios
718 4301 939 4348 vocaret
972 4306 1123 4358 suos,
1152 4293 1200 4346 si
1230 4301 1408 4346 tamen
1459 4292 1533 4346 illi
1561 4293 1790 4364 gratiam
1818 4309 1972 4350 suam

404 4401 513 4443 non
544 4385 972 4457 repudiaverint.

474 4478 637 4532 Vsus.
673 4477 828 4532 9-16.
871 4476 989 4533 «Ex
1038 4475 1186 4531 omni
1234 4473 1577 4531 tribulatione
1635 4491 1822 4533 eorum
1867 4495 1973 4537 non

402 4570 647 4639 legatus,
692 4583 798 4624 non
846 4566 1069 4637 angelus
1092 4606 1117 4631 ,ι
1149 4566 1244 4621 sed
1297 4565 1411 4635 ipse
1441 4567 1667 4621 salvavit
1700 4582 1815 4632 eos,
1851 4570 1975 4638 quia

406 4659 663 4732 diligebat
702 4674 817 4725 eos,
842 4668 896 4713 et
922 4661 1184 4728 parcebat
1228 4658 1328 4712 eis.
1361 4658 1479 4727 Ipse
1514 4660 1744 4713 redemit
1776 4674 1892 4725 eos,
1923 4671 1979 4717 et

406 4754 666 4823 suscepit,
701 4762 757 4807 et
785 4751 1047 4805 exultavit
1091 4766 1186 4805 eos
1236 4750 1491 4804 omnibus
1544 4750 1733 4807 diebus
1769 4753 1974 4807 saeculi.

404 4843 509 4913 ipsi
540 4854 716 4897 autem
754 4858 861 4898 non
884 4842 1251 4904 crediderunt,
1288 4850 1343 4897 et
1370 4843 1837 4899 exacerbaverunt
1863 4847 1977 4916 spi-

406 4938 571 4990 ritum
607 4946 855 4991 sanctum
876 4934 994 5004 ejus
1028 4950 1041 4985 :
1080 4943 1135 4989 et
1180 4948 1476 4989 conversus
1508 4945 1590 4989 est
1620 4936 1751 5004 ipsis
1783 4937 1837 4991 in
1879 4939 1981 4992 ini-

406 5030 667 5087 micitiam
693 5046 707 5082 :
731 5030 845 5100 ipse
866 5028 1190 5099 oppugnavit
1214 5029 1403 5083 eos.Et
1420 5032 1733 5086 recordatus
1759 5042 1841 5087 est
1868 5034 1985 5089 die-

407 5139 528 5178 rum
563 5134 912 5177 arternorum.
949 5121 1048 5176 Ubi
1076 5131 1159 5175 est
1180 5122 1270 5187 qui
1317 5122 1505 5174 eduxit
1534 5122 1599 5176 de
1631 5123 1763 5177 mari
1810 5136 1986 5193 pasto-

406 5231 521 5271 rem
569 5214 793 5271 ovium?
824 5214 927 5270 Ubi
969 5223 1051 5268 est
1090 5215 1179 5282 qui
1228 5214 1406 5282 posuit
1450 5215 1499 5267 in
1557 5214 1689 5283 ipsis
1720 5215 1982 5285 Spiritum

408 5308 696 5361 sanctum?
729 5309 819 5376 qui
883 5307 1069 5360 eduxit
1124 5307 1347 5360 dextera
1400 5305 1640 5373 Moysen,
1702 5310 1981 5364 brachium

410 5399 591 5468 gloriae
617 5401 733 5465 eius
755 5401 777 5453 ’ἱ
802 5399 1091 5453 Praevaluit
1112 5414 1249 5468 aqua
1280 5414 1310 5453 a
1344 5398 1486 5453 facie
1509 5402 1648 5467 ejus,
1685 5413 1740 5454 ut
1783 5400 1990 5456 faceret

410 5489 509 5542 sibi
548 5504 739 5543 nomen
776 5491 1191 5559 sempiternum.
1241 5491 1407 5546 Duxit
1438 5508 1533 5549 eos
1568 5510 1664 5563 per
1707 5497 1983 5565 abyssum,

412 5589 669 5647 suntquam
725 5598 921 5650 equum
977 5599 1073 5651 per
1120 5583 1490 5651 solitudinem,
1534 5603 1710 5655 neque
1771 5589 1984 5641 labora-

416 5683 567 5737 runt,
595 5683 647 5728 et
686 5684 939 5743 tanquam
992 5675 1233 5745 iumenta
1272 5695 1367 5750 per
1418 5694 1648 5748 .ampum
1706 5679 1987 5737 descendit

2072 3192 2287 3263 Πατρὸς
2327 3190 2508 3246 λαϐὼν
2534 3191 2806 3259 ἐξουσίαν,
2846 3192 2975 3254 τοὺς
3011 3191 3109 3261 μὲν
3143 3189 3388 3262 ἐρρύετο,
3414 3188 3510 3252 οὒς
3549 3205 3629 3241 σω

2073 3283 2265 3355 τηρίας
2309 3283 2483 3352 ἠξίου,
2521 3284 2649 3346 τοὺς
2680 3282 2739 3336 δέ
2785 3282 3076 3354 πολεμίους
3118 3283 3213 3335 καὶ
3250 3281 3376 3346 τοὺς
3426 3280 3663 3351 ἐχθροὺς

2073 3378 2132 3431 ἐτ
2142 3374 2394 3449 ροποῦτο.

2150 3489 2168 3521 ι
2215 3468 2319 3523 Τὸν
2347 3469 2494 3522 ἔλεον
2522 3469 2728 3540 Κυρίου
2763 3466 3191 3541 ἐμνήσθην,’τάς
3220 3468 3421 3539 ἀρετὰς
3448 3465 3667 3537 Κυρίου

2074 3563 2131 3614 ἐν
2157 3561 2344 3624 πᾶσιν,
2372 3554 2453 3624 οἷς
2476 3562 2606 3637 ἡμῖν
2632 3560 3040 3615 ἀνταποδίδωσι.
3077 3561 3279 3633 Κύριος
3308 3558 3499 3631 κριτὴς
3523 3559 3667 3625 ἀγα-

2075 3655 2167 3719 θὸς
2195 3653 2273 3725 τῷ
2297 3652 2432 3724 οἴκῳ
2472 3652 2711 3724 Ἰσραὴλ,
2741 3652 2936 3722 ἐπάγει
2961 3654 3093 3723 ήμῦν
3125 3652 3267 3707 κατὰ
3294 3652 3355 3705 τὸ
3388 3650 3537 3714 ἔλεος
3562 3651 3666 3703 αύ-

2073 3746 2190 3812 τοῦ,
2218 3746 2316 3800 καὶ
2344 3744 2487 3799 κατά
2512 3744 2575 3798 τδ
2605 3744 2809 3815 πλῆθος
2836 3744 2937 3815 τῆς
2961 3743 3306 3815 δικαιοσύνης
3334 3742 3520 3796 αὑτοῦ.
3548 3743 3670 3795 Kal

2075 3834 2254 3892 εἶπεν·
2292 3837 2405 3908 Οὐχ
2429 3839 2458 3890 6
2491 3835 2618 3899 λαὸς
2644 3836 2772 3899 λαός
2799 3853 2921 3907 μου’
2945 3837 3112 3890 τέκνα
3135 3835 3196 3888 ού
3227 3835 3300 3905 μὴ
3329 3834 3664 3905 ἀθετήσωσι.

2075 3930 2184 3985 Kal
2225 3929 2441 3999 ἐγένετο
2486 3928 2670 3991 αύτόἴς
2708 3930 2787 3991 εἰς
2820 3928 3114 3999 σωτηρίαν.
3164 3946 3183 3980 ι
3222 3925 3406 3979 Ταῦτα
3454 3926 3669 3988 τοίνυν,

2076 4022 2229 4094 φησὶ,
2267 4021 2443 4074 πάντα
2475 4021 2774 4091 ἀναμνήσω
2817 4020 2887 4073 τὰ
2934 4021 3116 4091 πλήθη
3153 4016 3667 4088 καταριθμούμενος

2075 4120 2175 4188 τῆς
2214 4115 2573 4187 ἀγαθωσύνης
2607 4115 2810 4183 αὐτοῦ,
2848 4116 2907 4169 ἐν
2957 4110 3040 4179 οἷς
3076 4115 3173 4168 καὶ
3209 4114 3367 4169 τοῦτο
3404 4114 3674 4185 μέγιστον

2076 4212 2389 4284 ἐδωρήσατο
2422 4212 2703 4282 χάρισμα,
2737 4208 3083 4274 καταξιώσας
3117 4210 3285 4263 τέκνα
3329 4208 3495 4262 αὐτοῦ
3538 4210 3665 4262 ὀνο-

2080 4306 2251 4377 μάσαι
2277 4305 2371 4358 τὸν
2397 4304 2547 4369 λαὸν,
2582 4306 2631 4357 εἰ
2665 4303 2740 4376 μὴ
2770 4303 3014 4358 ἀθετοῖεν
3040 4303 3140 4374 τὴν
3167 4302 3332 4356 αὐτοῦ
3370 4302 3551 4373 χάριν.

2160 4511 2178 4545 ‹
2232 4492 2326 4545 Ἐκ
2354 4491 2534 4561 πάσης
2561 4489 2792 4559 θλίψεως
2820 4488 2999 4543 αὐτῶν
3025 4489 3088 4542 οὐ
3121 4487 3382 4559 πρέσϐυς,
3414 4486 3539 4539 οὐδὲ
3566 4485 3673 4556 ᾶγά

2081 4583 2256 4653 γελος,
2291 4581 2403 4634 ἀλλ’
2438 4581 2599 4644 αὐτὸς
2634 4581 2839 4635 ἔσωσεν
2867 4579 3081 4645 αὐτοὺς,
3110 4578 3199 4632 διὰ
3226 4577 3286 4631 τὸ
3323 4579 3543 4648 ἀγαπᾷν
3571 4579 3677 4631 ιιύ⁴

2080 4675 2206 4737 τοὺς
2228 4674 2322 4726 ml
2344 4671 2621 4741 φείδεσθαι
2647 4670 2847 4724 αὐτῶν.
2880 4669 3053 4734 Αὐτὸς
3076 4667 3419 4741 ἐλυτρώσατο
3443 4669 3668 4731 αὐτοὺς,

2081 4767 2176 4820 καὶ
2204 4764 2464 4819 ἀνέλαϐεν
2490 4765 2710 4829 αὐτοὺς,
2747 4764 2842 4817 ml
2887 4761 3102 4833 ὕψωσεν
3130 4762 3327 4825 αὐτοὺς
3354 4761 3539 4824 πάσας
3570 4763 3672 4825 τὰς

2083 4855 2295 4926 ἡμέρας
2326 4853 2418 4907 τοῦ
2454 4855 2667 4917 αἰῶνος.
2714 4853 2878 4907 Αὐτοὶ
2908 4850 2966 4905 δὲ
3008 4851 3331 4923 ἠπείθησαν,
3378 4852 3474 4905 ml
3522 4866 3672 4924 παρ-

2084 4944 2294 5012 ώξυναν
2316 4946 2378 4999 τὸ
2403 4944 2628 5016 Πνεῦμα
2642 4945 2702 4998 τὸ
2721 4944 2873 5013 ἀγιον
2898 4942 3083 4996 αὐτοῦ’
3109 4943 3203 4997 ml
3226 4942 3468 5014 ἐστράφη
3487 4943 3674 5006 αὐτοῖς

2088 5039 2166 5100 εἰς
2193 5036 2390 5109 ἔχθραν
2416 5055 2428 5067 ·
2461 5038 2620 5101 αὐτὸς
2651 5036 2989 5106 ἐπολέμησεν
3023 5035 3238 5099 αὐτούς.
3268 5036 3381 5089 Kal
3422 5034 3671 5106 ἐμνήσθη

2089 5128 2311 5199 ήμερῶν
2337 5128 2590 5182 αἰωνίων.
2620 5125 2730 5181 Ποῦ
2764 5130 2793 5180 6
2818 5126 3155 5191 ἀναϐιϐάσας
3188 5129 3251 5180 ἐκ
3274 5127 3372 5198 τῆς
3393 5125 3674 5196 θαλάσσης

2086 5224 2180 5275 τὸν
2205 5222 2435 5293 ποιμένα
2464 5222 2573 5275 τῶν
2613 5221 2934 5293 προϐάτων;
2969 5218 3081 5273 Ποῦ
3114 5222 3261 5273 ἐστιν
3284 5222 3313 5273 6
3344 5218 3458 5281 θεὶς
3486 5220 3544 5271 ὲν
3576 5216 3675 5271 αὐ-

2088 5316 2198 5376 τοῖς
2222 5315 2281 5366 τὸ
2302 5313 2526 5384 Πνεῦμα
2549 5313 2784 5381 τὺ.ἆγιον
2804 5330 2819 5379 ;
2843 5315 2871 5366 6
2891 5311 3114 5381 ἀγαγὼν
3135 5314 3202 5383 τῇ
3230 5311 3381 5383 δεξιᾷ
3404 5311 3673 5380 Μωῦσῆν,

2086 5408 2114 5460 6
2155 5406 2391 5477 βραχίων
2435 5406 2535 5476 τῆς
2566 5405 2722 5477 δόξης
2766 5405 2963 5471 αὐτοῦς
3000 5405 3346 5475 Κατίσχυσεν
3383 5402 3531 5473 ὕδωρ
3564 5402 3674 5455 ἀπὸ

2086 5497 2375 5569 προσώπου
2429 5498 2628 5562 αὐτοῦ,
2692 5499 2915 5568 ποιῆσαι
2972 5497 3152 5567 ἐαυτῷ
3202 5496 3373 5567 δνομα
3426 5494 3670 5549 αἰώνιον.

2090 5590 2331 5657 Ἥγαγεν
2379 5589 2577 5652 αὐτοὺς
2616 5588 2680 5641 δι’
2714 5588 2975 5651 ἀϐύσσου,
3004 5588 3079 5650 ὡς
3118 5589 3283 5641 ἵππον
3331 5587 3400 5639 δι’
3434 5586 3671 5656 ἐρήμου.

2087 5680 2177 5732 ml
2205 5677 2305 5731 οὐκ
2337 5679 2653 5749 ἐκοπίασαν,
2693 5679 2782 5732 ml
2814 5677 2888 5741 ὡς
2920 5678 3090 5748 κτήνη
3122 5675 3207 5731 διὰ
3240 5676 3422 5730 πεδίου
3464 5673 3681 5744 κατέϐη
