3880 6216
199 280 299 339 505

1113 278 1618 338 COMMENTARI‘A
1655 282 1723 339 ΙΝ
1761 282 2020 342 ISAIAM.
2057 319 2127 328 -—
2162 286 2312 344 CAP.
2351 285 2536 345 LX111.

3359 292 3465 350 506

200 400 422 470 Πνεῦμα
460 395 612 468 παρὰ
638 395 869 468 Κυρίου,
900 396 995 450 καί¹
1033 395 1318 469 ὡδήγησεν
1346 398 1563 464 αὐτοὺς.
1599 401 1783 465 Οὕτως

1891 403 2126 475 Spiritus
2169 421 2200 461 a
2238 405 2489 474 Domino,
2529 414 2585 464 et
2612 407 2839 463 deduxit
2861 419 2977 464 eos.
3006 404 3098 462 Sic
3128 407 3330 464 duxisti
3361 427 3462 479 po-

201 496 403 566 ήγαγες
444 491 535 544 τὸν
568 486 696 544 λαόν
739 504 854 552 σου,
887 489 1112 560 ποιῆσαι
1146 489 1358 560 σεαυτῷ
1398 491 1569 563 ὄνομα
1599 492 1776 564 δόξης.

211 583 568 654 Ἐπίστρεψον
606 583 670 635 ὲκ
713 579 808 635 τοῦ
846 581 1100 653 οὐρανοῦ,
1149 583 1245 636 καὶ
1283 583 1360 636 ῖδε
1397 584 1462 636 ὲκ
1503 585 1597 637 τοῦ
1629 584 1779 638 οἴκου

199 679 291 733 τοῦ
327 678 483 746 ἁγίου
517 695 633 734 σου.
667 675 779 729 Ποῦ
827 675 972 728 ἐστιν
1009 677 1038 730 ό
1080 674 1242 746 ζῆλός
1277 694 1370 730 σου
1412 678 1508 731 καὶ
1545 679 1578 749 ἡ
1629 678 1782 749 ἰσχύς

201 789 293 824 σου
316 789 330 836 ;
360 769 469 823 Ποῦ
508 771 623 822 ἐστι
650 766 712 821 τὸ
736 767 940 838 πλῆθος
965 766 1059 820 τοῦ
1102 768 1288 833 ἐλέους
1313 786 1429 835 σου,
1464 769 1558 823 καὶ
1579 771 1784 842 οἰκτιρ-

200 860 318 931 μῶν
374 873 490 922 σου,
537 858 619 911 ὅτι
647 857 902 924 ιάνέσχου
952 856 1144 929 ἡμῶνς
1199 858 1272 911 Σὺ
1333 857 1444 930 γὰρ
1497 856 1550 913 εἴ
1587 860 1782 932 ’Πατὴρ

196 951 377 1022 ἡμῶν,
408 951 490 1004 ὅτι
536 948 786 1021 ’Δϐραὰμ
814 949 914 1002 οὐκ
937 948 1078 1017 ἔγνω
1114 950 1280 1020 ἡμᾶς,
1312 950 1406 1004 καὶ
1436 951 1655 1024 Ἰσραὴλ
1683 953 1784 1007 οὐκ

195 1042 413 1110 ἐπέγνω
439 1041 605 1112 ἡμᾶς.
645 1039 806 1093 Ἀλλὰ
831 1041 919 1105 σὺ,
949 1038 1142 1112 Κύριε,
1176 1040 1370 1112 Πατὴρ
1407 1039 1586 1111 ήμῶν,
1623 1041 1784 1112 ῥῦσαι

197 1135 366 1204 ἡμᾶς,
398 1131 491 1185 ἀπ’
523 1131 698 1203 ἀρχῆς
725 1131 785 1184 τὺ
809 1131 983 1202 ὄνομά
1013 1149 1106 1185 σου
1135 1133 1220 1202 ἐφ’
1247 1134 1397 1204 ἡμᾶς
1421 1134 1560 1187 ἐστι.
1592 1153 1610 1186 ι
1643 1134 1780 1206 Ἤδη

197 1225 306 1298 γὰρ
344 1225 442 1280 καὶ
467 1224 655 1279 ἄλλοτε
698 1223 959 1288 πολλάκις
1007 1224 1442 1296 ἁμαρτησάντων
1487 1226 1646 1299 ἡμῶν
1688 1228 1783 1281 ἀν-

198 1317 382 1388 έσχου·
407 1317 501 1370 καὶ
532 1315 685 1370 οὐδὲν
712 1316 1044 1388 θαυμαστὸν,
1064 1317 1250 1389 ἐπειδὴ
1271 1318 1416 1386 ἅπαξ
1441 1318 1784 1391 κατηξίωσας

197 1409 412 1462 εἰπεῖν’
458 1427 477 1458 ι
537 1409 594 1462 ὐ
631 1407 758 1472 λαός
792 1426 894 1479 μου
930 1408 1118 1475 τέκνα,
1160 1411 1254 1464 καὶ
1293 1412 1322 1464 ὁ
1354 1411 1481 1475 λαός
1528 1429 1630 1482 μου
1680 1410 1784 1464 υἱοί

195 1499 354 1550 εἰσιν.
390 1516 410 1549 ι
452 1497 539 1561 Ὡς
570 1493 666 1551 οὖν
696 1497 878 1570 πατὴρ
896 1498 1102 1555 τέκνων
1128 1499 1509 1572 καὶπρότερον
1531 1500 1782 1571 ἀνέσχουο,

197 1589 294 1643 καὶ
336 1588 433 1642 νῦν
465 1588 630 1643 πάλιν
662 1589 891 1661 ἀνέσχον
911 1608 925 1622 ·
961 1592 1022 1646 οὗ
1066 1591 1176 1664 γὰρ
1222 1592 1473 1664 Ἀϐραὰμ
1503 1587 1572 1664 ἦν
1601 1593 1784 1665 πατὴρ

195 1681 388 1751 ἡμῶν,
425 1682 474 1734 εί
524 1681 619 1734 καὶ
662 1681 1028 1737 διακονεῖσθαι
1074 1686 1142 1756 τῇ
1196 1683 1339 1738 κατὰ
1395 1683 1573 1756 σάρκα
1625 1683 1784 1756 ἡμῶν

197 1772 344 1840 ἔδοξε
370 1772 603 1842 γενέσει.
646 1774 862 1846 Ἀληθεῖ
892 1775 950 1828 δὲ
983 1775 1128 1846 λόγῳ
1162 1777 1226 1831 σὺ
1257 1776 1446 1848 Πατὴρ
1487 1776 1666 1848 ἡμῶν,
1698 1774 1787 1832 οἷα
1816 1774 1859 1829 Β

196 1866 385 1938 πατὴρ
432 1865 650 1920 πάντων
683 1869 1012 1940 πνευμάτων
1055 1866 1348 1940 ὑπάρχων,
1384 1869 1479 1923 καὶ
1523 1869 1631 1923 τῶν
1663 1870 1783 1924 κατ’

196 1957 383 2011 εἰκόνα
409 1959 795 2030 πεποιημένων
822 1959 1030 2030 ψυχῶν.
1058 1959 1149 2012 Διὸ
1173 1959 1439 2030 ῥύσασθαι
1465 1961 1613 2030 ἡμᾶς
1636 1961 1785 2014 ἀντι-

196 2048 479 2121 ϐολοῦμεν·
523 2070 541 2102 ι
565 2051 684 2104 Ἀπ’
709 2052 885 2123 ἀρχῆς
909 2051 970 2104 τὸ
993 2051 1166 2122 δνομά
1189 2068 1283 2104 σου
1308 2053 1393 2121 ἐφ’
1421 2053 1568 2124 ἡμᾶς
1587 2052 1723 2106 ἐστι.
1759 2069 1778 2104 ι

273 2161 293 2193 ι
334 2143 401 2196 Τί
427 2141 742 2214 ὲπλάνησας
771 2145 952 2215 ἡμᾶς,
990 2143 1163 2215 Κύριε
1183 2183 1199 2209 ,
1231 2143 1340 2197 ἀπὸ
1373 2145 1472 2216 τῆς
1497 2144 1618 2198 ὁδοῦ
1655 2161 1782 2210 σονς

196 2236 540 2308 ὲσκλὴρυνας
584 2238 684 2301 τὰς
724 2237 951 2309 καρδίας
990 2237 1184 2309 ήμῶν,
1224 2235 1321 2290 τοῦ
1384 2238 1462 2309 μὴ
1501 2237 1786 2306 φοϐεῖσθαί

196 2345 296 2394 cs;
345 2329 707 2401 Ἐπίστρεψον
738 2327 828 2382 διὰ
859 2330 986 2393 τοὺς
1017 2329 1237 2393 δούλους
1269 2346 1386 2394 σου,
1415 2329 1506 2383 διὰ
1543 2330 1644 2394 τὰς
1685 2348 1787 2401 φυ-

193 2419 296 2485 λὰς
319 2421 420 2492 τῆς
451 2420 817 2493 κληρονομίας
849 2439 963 2475 σου.
1006 2441 1026 2474 ι
1073 2423 1131 2476 '0
1165 2422 1453 2494 προφήτης
1486 2423 1662 2477 πάντα
1692 2423 1785 2476 ἐπὶ

191 2511 448 2566 τὺν’Θεὸν
477 2514 740 2585 ἀναφέρει
763 2530 778 2546 ο
810 2513 908 2585 οὐχ
940 2514 1015 2578 ὡς
1041 2513 1134 2567 τοῦ
1165 2513 1301 2567 Θεοῦ
1333 2513 1510 2568 αἰτίου
1541 2516 1674 2586 ἡμῖν
1700 2531 1786 2585 γι-

190 2604 424 2674 νομένου
452 2603 544 2657 τοῦ
579 2605 918 2677 ἁμαρτάνειν
937 2643 952 2668 ,
982 2603 1097 2658 ἀλλ’
1121 2605 1415 2669 ἐνδιδόντος
1441 2607 1536 2660 καὶ
1568 2622 1783 2678 συγχω-

197 2695 421 2768 ροῦντος
456 2697 643 2751 ἐκεῖνα
684 2697 945 2769 πράττειν
974 2697 1010 2751 ἃ
1044 2697 1108 2750 ἄν
1153 2715 1238 2760 τις
1287 2697 1508 2769 αἱρῆται.
1528 2715 1541 2727 ο
1573 2697 1649 2761 ὡς
1683 2697 1784 2768 τὴν

197 2788 299 2858 μὲν
330 2788 512 2842 αἰτίαν
543 2789 688 2860 ἔχειν
715 2788 777 2854 ἐξ
802 2788 984 2860 ἡμῶν,
1019 2789 1119 2860 τὴν
1158 2789 1215 2841 δὲ
1260 2789 1540 2860 ἀναφορὰν
1572 2791 1663 2842 ἐπὶ
1692 2788 1784 2844 τὸν

193 2878 355 2932 Θεόν.
388 2898 407 2930 ι
453 2880 571 2934 Ἵνα
601 2880 796 2952 μικρὸν
825 2880 1329 2954 κληρονομήσωμεν
1361 2879 1455 2934 τοῦ
1495 2880 1656 2953 ὄρους
1689 2879 1784 2934 τοῦ

192 2969 356 3037 ἁγίου
399 2987 495 3024 σου
518 2988 532 3001 ·
581 2991 600 3024 ι
633 2972 766 3024 ὡσεὶ
811 2972 1286 3042 καταλειφθέντων
1316 2972 1520 3035 αὐτῶν,
1567 2971 1662 3026 καὶ
1707 2971 1783 3044 μὴ

1892 495 2078 568 pulum
2115 506 2286 565 tuum,
2319 505 2378 552 ut
2411 499 2624 555 faceres
2658 499 2756 554 tibi
2779 513 2975 553 nomen
3007 500 3209 570 gloriae.
3234 502 3464 559 Conver-

1890 601 2007 648 tere
2031 593 2101 648 de
2130 595 2292 657 coelo,
2319 602 2375 647 et
2399 591 2526 648 vide
2565 591 2634 648 de
2663 594 2825 648 domo
2855 603 3040 648 sancta
3088 602 3198 650 tua.
3237 595 3338 652 Ubi
3381 608 3468 655 est

1891 683 2039 740 zelus
2086 694 2212 738 tuus
2248 693 2304 738 et
2332 683 2596 738 fortitudo
2642 683 2771 736 tua?
2806 680 2909 738 Ubi
2935 693 3021 738 est
3049 684 3334 742 multitudo
3364 689 3468 742 mi-

1890 775 2202 831 sericordiae
2235 784 2359 837 tuae,
2392 784 2449 830 et
2482 775 2893 830 miserationum
2933 783 3170 840 tuarum,
3205 779 3464 846 quoniam

1891 866 2196 922 sustinuisti
2224 865 2460 922 nosi'Tu
2509 865 2656 920 enim
2679 880 2740 921 es
2765 865 2931 921 Pater
2964 875 3174 930 noster,
3210 865 3466 935 quoniam

1893 961 2167 1016 Abraham
2201 974 2308 1014 non
2345 959 2498 1013 novit
2527 973 2647 1026 nos,
2677 966 2731 1013 et
2755 957 2925 1013 lsrael
2957 973 3055 1013 nos
3068 957 3369 1028 ignoravit.
3396 957 3470 1010 At

1892 1063 1970 1122 tu,
1998 1054 2244 1118 Domine,
2272 1051 2434 1108 Pater
2462 1061 2670 1116 noster,
2701 1052 2874 1107 libera
2920 1065 3042 1115 nos,
3073 1053 3140 1105 ab
3187 1050 3340 1104 initio
3371 1065 3468 1104 no-

1889 1161 2014 1202 men
2054 1155 2204 1201 tuum
2241 1161 2408 1215 super
2467 1160 2570 1202 nos
2625 1154 2730 1201 est.
2763 1163 2782 1196 ι
2818 1142 2939 1198 Jam
2977 1143 3123 1199 enim
3174 1158 3315 1212 saepe
3364 1159 3466 1197 nos

1889 1251 2182 1309 peccantes
2222 1237 2489 1304 tolerastiv,
2537 1237 2782 1306 nihilque
2809 1237 3028 1302 mirum,
3059 1237 3274 1305 quando
3301 1234 3468 1290 semel

1890 1330 2071 1385 dicere
2098 1331 2356 1402 dignatus
2388 1343 2448 1384 es
2475 1345 2489 1381 :
2521 1347 2541 1380 ι
2569 1327 2804 1398 Populus
2855 1342 3009 1382 meus
3047 1327 3250 1397 proles,
3292 1337 3348 1382 et
3375 1341 3470 1398 po-

1888 1425 2050 1494 pulus
2075 1439 2228 1479 meus
2259 1423 2374 1477 filii.
2404 1441 2424 1476 ι
2455 1420 2527 1478 Ut
2557 1429 2716 1492 pater
2739 1422 2921 1493 itaque
2981 1419 3120 1475 ﬁlios
3147 1420 3275 1476 olim
3305 1422 3468 1476 susti-

1893 1517 2081 1584 nuisti,
2129 1526 2182 1574 et
2211 1517 2325 1589 jam
2361 1517 2639 1573 sustines:
2663 1531 2773 1573 non
2807 1517 2951 1572 enim
3001 1514 3276 1570 Abraham
3313 1523 3470 1583 pater

1891 1620 2077 1666 noster
2122 1619 2264 1676 erat,
2300 1610 2404 1666 etsi
2464 1619 2652 1665 nostro
2698 1608 2993 1665 secundum
3040 1621 3262 1663 carnem
3322 1606 3471 1661 ortui

1891 1701 2204 1756 ministrare
2231 1701 2382 1757 visus
2407 1700 2497 1756 sit.
2526 1699 2634 1756 Sed
2667 1715 2856 1756 revera
2893 1708 2947 1755 tu
2982 1699 3141 1754 Pater
3172 1711 3356 1754 noster
3384 1713 3466 1766 es,

1888 1800 1946 1847 ut
1969 1793 2062 1860 qui
2099 1792 2340 1848 omnium
2377 1792 2664 1862 spirituum
2728 1799 2783 1846 et
2817 1792 3124 1845 animarum
3167 1789 3235 1844 ad
3268 1789 3343 1844 tui
3387 1789 3466 1844 si-

1887 1884 2248 1940 militudinem
2295 1884 2559 1940 factarum
2592 1890 2746 1953 pater
2779 1882 2878 1937 sis.
2906 1880 3085 1949 Quare
3109 1895 3362 1952 rogamus
3389 1889 3470 1944 te,

1887 1991 1989 2033 nos
2022 1991 2182 2032 eruas
2216 1994 2229 2031 :
2268 1975 2379 2030 «Ab
2412 1975 2566 2030 initio
2593 1988 2786 2029 nomen
2825 1984 2972 2028 tuum
2997 1986 3160 2038 super
3192 1986 3293 2026 nos
3325 1979 3462 2026 est.)

1955 2158 2122 2214 Vens.
2156 2159 2242 2227 Π,
2271 2157 2360 2214 18.
2396 2177 2415 2210 ι
2446 2157 2556 2214 Cur
2583 2170 2770 2213 errare
2800 2170 2899 2212 nos
2929 2139 3132 2222 fecisti,
3163 2139 3411 2221 Domine,
3435 2171 3466 2209 ιι

1885 2253 1970 2308 via
2008 2252 2144 2307 tua?
2178 2251 2446 2306 lndurasti
2490 2255 2656 2306 corda
2687 2259 2895 2314 nostra,
2923 2259 2983 2304 ut
3011 2264 3116 2304 non
3151 2249 3474 2305 timeremus

1889 2353 1958 2398 te.
1995 2343 2326 2398 Convertere
2373 2351 2596 2413 propter
2625 2355 2813 2396 servos
2843 2349 2994 2405 tuos,
3024 2348 3080 2394 et
3109 2347 3328 2407 propter
3365 2340 3466 2394 tri-

1885 2435 1987 2489 bus
2029 2433 2364 2490 haereditatis
2417 2443 2540 2489 tuae.
2580 2453 2600 2487 ι
2647 2432 2840 2490 Omnia
2887 2433 2955 2488 ad
2994 2431 3162 2488 Deum
3203 2432 3469 2500 propheta

1885 2526 2094 2583 refert:
2127 2541 2233 2582 non
2261 2527 2400 2597 quod
2428 2526 2570 2581 Deus
2598 2524 2753 2580 nobis
2783 2524 3043 2594 peccandi
3081 2537 3245 2579 causa
3283 2522 3466 2588 fuerit,

1887 2619 1982 2676 sed
2011 2619 2154 2689 quod
2187 2617 2496 2689 permiserit
2542 2625 2597 2671 et
2643 2616 2975 2672 concesserit
3004 2615 3093 2670 illa
3128 2631 3310 2686 agere,
3343 2631 3470 2687 qua!

1886 2711 2062 2782 quivis
2088 2711 2350 2781 elegerit;
2387 2711 2462 2765 ita
2495 2718 2554 2764 ut
2583 2709 2794 2780 peccati
2825 2721 2991 2762 causa
3024 2722 3191 2777 penes
3230 2722 3328 2762 nos
3357 2709 3464 2763 sit:

1885 2804 1979 2859 sed
2013 2813 2194 2858 tamen
2228 2803 2296 2857 ad
2341 2801 2509 2856 Deum
2543 2801 2831 2857 referatur.
2865 2818 2884 2852 ι
2928 2799 3000 2856 Ut
3042 2800 3310 2854 modicum
3345 2815 3470 2870 pos-

1886 2896 2158 2950 sideamus
2185 2895 2383 2950 montis
2413 2893 2586 2949 sancti
2635 2892 2734 2948 tui.
2764 2912 2784 2946 ι
2818 2893 2984 2958 Quasi
3017 2892 3148 2963 ipsis
3173 2893 3468 2959 derelictis,

1887 2999 1990 3040 nec
2023 2998 2310 3054 resurgere
2338 2983 2644 3038 valentibus
2682 2983 2750 3038 ob
2797 2981 3031 3038 inﬂictas
3080 2983 3306 3055 plagas,
3347 2999 3469 3054 quae

192 3061 637 3134 ἀνατελλομένων
669 3062 760 3117 διὰ
787 3063 1012 3134 πληγῶν
1034 3063 1144 3117 τῶν
1170 3062 1498 3117 κωλυουσῶν
1531 3063 1783 3134 ἁμαρτά-

1891 3077 2039 3148 ipsos
2067 3091 2099 3131 a
2129 3076 2402 3148 peccando
2428 3075 2710 3131 arcebant.

189 3169 257 3209 ’νε
263 3174 311 3209 ιν
316 3195 332 3209 ο

274 3266 295 3300 ι
373 3247 706 3319 Ἐγενόμεθα
746 3248 822 3312 ὡς
865 3247 928 3302 τὸ
977 3247 1072 3302 ἀπ’
1107 3248 1281 3319 ἀρχῆς
1327 3247 1418 3302 ὅτε
1463 3247 1563 3301 οὐκ
1607 3241 1782 3318 ἦρξας

192 3336 380 3410 ήμῶν,
422 3339 544 3392 οὐδὲ
572 3339 775 3411 ἐκλήθη
804 3339 867 3393 τὸ
891 3339 1063 3410 ὅνομά
1091 3356 1186 3392 σου
1224 3340 1309 3408 ἐφ’
1334 3339 1501 3410 ἡμᾶς,
1539 3357 1558 3389 ι
1598 3338 1685 3402 Ὡς
1717 3340 1783 3391 ὲκ

195 3427 492 3502 προσώπου
523 3429 618 3483 τοῦ
642 3429 773 3484 λαοῦ
802 3430 976 3485 ταῦτά
997 3445 1182 3502 φησιν.
1215 3429 1430 3502 Ὠσπερ
1449 3427 1559 3501 γὰρ
1588 3428 1784 3500 ἐσκλή-

199 3539 368 3594 ρυνας
392 3523 625 3577 πάντοτε
652 3520 751 3594 τὴν
775 3521 1002 3594 καρδίαν
1023 3521 1118 3575 τοῦ
1139 3518 1358 3592 Φαραὼ,
1385 3519 1526 3574 οὕτω
1551 3519 1644 3573 καὶ
1664 3518 1779 3583 νῦν,

193 3614 388 3684 φησὶν,
430 3614 577 3684 ἡμᾶς
610 3612 983 3683 ὲσκλήρυνας,
1017 3609 1270 3677 ἀναξίους
1305 3603 1444 3662 εἶναι
1469 3606 1662 3680 κρίνας
1687 3605 1781 3660 τοῦ

191 3703 366 3774 φόῦου
395 3721 519 3757 σου·
558 3703 697 3757 ἀλλὰ
728 3703 825 3757 καὶ⁴
861 3701 1172 3774 ὲπλάνησας
1212 3701 1359 3772 ἡμᾶς
1394 3700 1459 3753 σὺ
1503 3699 1684 3764 αὐτὸς,
1735 3689 1782 3752 ὧ

189 3797 394 3868 Κύριε,
425 3795 521 3849 τοῦ
556 3794 630 3866 μὴ
658 3794 925 3868 γνωρίσαι
958 3793 1057 3864 τὴν
1097 3793 1216 3846 ὁδόν
1245 3810 1359 3846 σου.
1391 3792 1541 3863 Πλὴν
1587 3791 1700 3846 ἀλλ’
1733 3790 1783 3843 εί

189 3891 292 3944 καὶ
316 3890 483 3960 ἡμεῖς
510 3883 763 3952 τοιοῦτοι,
795 3888 860 3940 σὺ
906 3886 1037 3955 γοῦν
1083 3885 1160 3949 ὡς
1189 3884 1340 3949 Θεὸς,
1375 3883 1464 3937 διὰ
1501 3878 1627 3945 τοὺς
1662 3882 1783 3937 δού-

191 3982 322 4044 λους
356 3996 451 4034 σου
487 3979 658 4050 (εἰκὸς
695 3977 807 4051 γὰρ
835 3974 974 4032 εἷναί
1007 3993 1160 4040 τινας
1201 3977 1260 4030 ὲν
1284 3976 1361 4047 τῷ
1391 3975 1586 4048 πλήθει
1609 3973 1786 4029 τοιού-

191 4073 410 4142 τους),
451 4070 800 4141 ὲπίστρεψον.
846 4069 958 4122 Καὶ
1007 4067 1196 4139 ἐπειδὴ
1239 4067 1440 4138 κλῆρός
1479 4085 1571 4121 σου
1612 4085 1784 4139 κατη-

192 4161 476 4233 ξιώθημεν
513 4158 900 4232 ὀνομάζεσθαι,
935 4159 1251 4230 ἱκετεύομεν
1271 4179 1290 4211 ι
1313 4156 1667 4228 Ἑπιστρέψαι
1698 4157 1788 4211 διὰ

1953 3235 2120 3290 Vens.
2159 3233 2247 3289 19.
2293 3250 2312 3285 ι
2348 3231 2500 3288 Facti
2558 3245 2744 3288 sumus
2788 3230 2937 3286 velut
2991 3231 3060 3286 ab
3111 3232 3286 3298 initio,
3341 3247 3473 3289 cum

1883 3342 1991 3383 non
2045 3324 2407 3382 dominareris
2462 3324 2675 3390 nostri,
2733 3338 2909 3392 neque
2962 3324 3307 3379 invocaretur
3364 3339 3467 3379 no-

1883 3435 2008 3475 men
2036 3429 2183 3474 tuum
2218 3434 2380 3490 super
2411 3433 2532 3473 nos.
2566 3435 2586 3469 ι
2653 3416 2815 3483 Quasi
2869 3431 2936 3471 ex
2984 3432 3218 3486 persona
3281 3417 3461 3488 populi

1883 3511 1998 3566 haec
2024 3510 2237 3566 effatur.
2283 3511 2442 3566 Sicut
2485 3509 2653 3573 enim,
2695 3509 2794 3574 ait,
2837 3522 2934 3562 cor
2971 3507 3272 3564 Pharaonis
3319 3524 3468 3564 sern-

1883 3618 1982 3674 per
2044 3601 2344 3668 indurasti,
2409 3601 2484 3655 ita
2539 3612 2684 3654 nunc
2735 3613 2950 3669 quoque
3015 3615 3114 3654 nos
3177 3600 3472 3664 indurasti,

1885 3695 2140 3767 indignos
2171 3694 2422 3764 judicans
2469 3693 2663 3748 timore
2711 3701 2841 3748 tuo:
2872 3693 3175 3762 quinetiam
3221 3704 3276 3748 tu
3327 3681 3464 3762 ipse,

1884 3789 2132 3851 Domine,
2169 3801 2357 3842 errare
2388 3800 2488 3841 nos
2529 3785 2734 3850 fecisti,
2765 3793 2826 3839 ut
2865 3785 3010 3840 viam
3053 3795 3202 3840 tuam
3250 3787 3476 3856 ignora-

1883 3895 2086 3936 remus.
2111 3880 2383 3936 Caeterum
2407 3879 2619 3934 etiamsi
2645 3892 2746 3933 nos
2775 3877 2911 3933 tales
2933 3878 3125 3943 simus,
3169 3887 3224 3932 tu
3258 3887 3464 3944 tamen,

1884 3981 2073 4042 utpote
2106 3972 2268 4038 Deus,
2301 3979 2525 4041 propter
2574 3983 2764 4025 servos
2811 3976 2934 4024 tuos
2973 3969 3122 4039 (nam
3165 3967 3478 4024 verisimle-

1885 4073 1968 4120 est
1998 4066 2050 4119 in
2082 4063 2236 4120 turba
2285 4063 2544 4132 quosdam
2574 4059 2884 4130 huiusmodi
2937 4059 3081 4131 esse)
3111 4070 3458 4116 convertere.

1888 4157 1954 4212 Et
1981 4159 2107 4226 quia
2141 4155 2289 4226 digni
2325 4155 2495 4210 habiti
2528 4167 2716 4210 sumus
2739 4152 2831 4222 qui
2863 4152 3154 4208 haereditas
3185 4162 3273 4206 tua
3304 4166 3469 4207 voca-

188 4256 326 4318 τοὺς
352 4253 571 4317 δούλους
598 4269 714 4317 σου,
742 4251 838 4305 καὶ
862 4249 951 4304 διὰ
977 4250 1075 4313 τὰς
1098 4250 1271 4320 φυλὰς
1296 4249 1395 4319 τῆς
1420 4248 1783 4319 κληρονομίας

1891 4265 2092 4314 remur,
2119 4249 2238 4304 ideo
2266 4263 2575 4318 precamur,
2614 4262 2635 4297 ι
2664 4244 2999 4301 Convertere
3035 4253 3257 4314 propter
3281 4259 3477 4300 servos

189 4363 314 4400 σου.
367 4364 388 4398 ι
434 4344 761 4415 Δυνηθῶμεν
789 4342 885 4396 καὶ
911 4343 1070 4413 ἡμεῖς
1095 4341 1146 4393 οί
1174 4339 1381 4404 ἀνάξιοι
1415 4341 1615 4410 μικρᾶς
1641 4355 1783 4402 τινος

1891 4351 2031 4410 tuos,
2057 4352 2113 4397 et
2165 4351 2385 4412 propter
2436 4340 2609 4395 tribus
2648 4337 2984 4394 haereditatis
3029 4346 3154 4393 tuae.
3196 4357 3216 4391 ι
3266 4336 3331 4392 Ει
3369 4351 3474 4392 nos

188 4439 414 4504 ἐλπίδος
461 4439 646 4508 τυχεῖν
691 4439 750 4490 ὲν
795 4435 876 4507 τῷ
923 4432 1318 4507 ὲπηγγελμένῳ
1365 4431 1472 4485 ὑπὸ
1524 4430 1618 4484 σοῦ
1671 4429 1783 4502 ὅρει

1891 4450 2105 4506 quoque
2130 4434 2406 4489 valeamus
2429 4471 2447 4499 ,
2481 4432 2616 4488 licet
2656 4429 2905 4500 indigni,
2952 4431 3222 4485 modicam
3270 4429 3468 4484 saltem

185 4533 369 4604 ἁγίῳο
396 4523 470 4585 ὀὗ
513 4528 791 4593 παντελῶς
818 4528 914 4583 νῦν
961 4524 1434 4595 ὲκπεπτώκαμενυ
1471 4523 1701 4595 ἐπείπερ
1737 4525 1787 4576 οἱ

191 4626 514 4680 ὑπεναντίοι
547 4623 704 4696 ήμῶν
744 4621 1131 4691 κατεπάτησαν
1164 4619 1226 4672 τὸ
1254 4617 1499 4688 ἁγίασμὰ
1530 4633 1652 4670 σουο
1689 4615 1787 4670 καὶ

191 4720 342 4773 τοῦτ’
383 4717 629 4790 ἔπραξαν
663 4717 749 4770 διὰ
780 4715 840 4769 τὸ
873 4715 933 4768 σὲ
976 4711 1393 4784 ἀποστραφῆναι
1425 4710 1592 4781 ἡμᾶς.
1629 4708 1784 4762 Οὕτω

190 4809 331 4878 γοῦν
385 4807 840 4877 καταλειφθέντες
891 4805 1089 4877 ἔρημοι
1145 4805 1244 4875 τῆς
1305 4801 1405 4872 σῆς
1455 4799 1780 4869 ἐπισκοπῆς,

190 4903 430 4957 τοιοῦτοι
458 4900 554 4953 νῦν
594 4901 782 4970 ἐσμεν,
816 4901 990 4953 ὁποῖοι
1024 4894 1120 4950 καὶ
1159 4893 1288 4967 πρίν
1316 4910 1374 4946 σε
1410 4893 1566 4964 ἡμῶν
1605 4890 1784 4963 ἄρξαι.

195 4996 293 5060 Ὧς
337 4997 444 5067 γὰρ
479 4991 547 5066 ἦν
590 5011 719 5047 ποτε
768 4993 990 5064 χρόνος,
1026 4991 1116 5044 ὅτε
1153 4988 1280 5042 οὔτε
1318 4986 1626 5058 προφήτας,
1664 4984 1789 5037 οὕτε

191 5088 406 5159 ἱερέας,
448 5086 572 5140 οὔτε
607 5085 866 5156 βασιλεῖς,
898 5082 1020 5137 οὔτε
1061 5099 1114 5136 τι
1141 5082 1250 5136 τῶν
1286 5080 1392 5136 σῶν
1437 5080 1790 5151 χαρισμάτων

185 5181 445 5251 εἴχομεν
482 5178 574 5233 τδν
613 5178 775 5231 αὑτὸν
804 5177 1004 5248 τρόπον
1036 5177 1129 5229 καὶ
1159 5173 1254 5227 νῦν
1283 5175 1363 5238 είς
1405 5173 1620 5243 ἐκείνην
1663 5188 1792 5224 κατ-

185 5273 440 5344 έστημεν
478 5271 576 5343 τὴν
615 5271 870 5343 ἐρημίαν.
916 5269 1102 5322 Ταῦτα
1141 5268 1319 5322 πάντα
1360 5265 1536 5319 ἔοικεν
1585 5263 1787 5334 ἀναφέ-

189 5365 394 5438 ρεσθαι
427 5365 521 5417 ἐπὶ
561 5363 654 5416 τὸν
683 5363 873 5433 καιρὸν
908 5361 999 5414 τὸν
1041 5359 1178 5431 μετὰ
1217 5359 1317 5430 τὴν
1347 5355 1650 5428 παρουσίαν
1694 5354 1785 5407 τοῦ

186 5457 453 5528 Σωτῆρος
507 5456 693 5526 ἡμῶν·
734 5455 792 5508 ὲν
831 5447 876 5522 ᾧ
909 5451 1188 5515 παντελῶς
1219 5448 1651 5521 κατελείφθησαν
1695 5447 1783 5501 διὰ

186 5547 262 5602 τὰ
303 5547 450 5600 κατὰ
480 5545 575 5598 τοῦ
604 5546 854 5617 Σωτῆρος
880 5543 1038 5616 ἡμῶν
1074 5541 1412 5614 τολμηθέντα
1438 5541 1638 5603 αὐτοῖς.
1671 5540 1785 5592 Νῦν

187 5637 306 5708 γὰρ
329 5638 407 5700 ὡς
433 5636 646 5707 ἀληθῶς
671 5636 901 5689 τοιοῦτοι
926 5634 1236 5704 γεγόνασιν,
1271 5634 1346 5697 ὡς
1375 5633 1435 5685 τὸ
1461 5633 1554 5686 ἀπ’
1585 5631 1779 5702 ἀρχῆς,
1826 5661 1830 5666 ι

190 5729 287 5783 ὅτε
327 5731 428 5784 οὐκ
459 5725 628 5802 ἦρχεν
665 5728 842 5783 αὐτῶν
881 5730 909 5781 ὁ
946 5727 1098 5794 Θεὸς,
1133 5726 1272 5782 ὥστε
1293 5725 1549 5782 δύνασθαι
1582 5725 1778 5794 λέγειν·

1895 4544 2046 4600 spem
2082 4526 2340 4596 consequi
2373 4526 2428 4580 in
2461 4534 2643 4582 monte
2671 4532 2860 4578 sancto
2897 4531 3010 4589 tuo,
3057 4535 3218 4592 quem
3247 4520 3474 4591 pollice-

1893 4622 1970 4678 ris
1997 4639 2010 4676 :
2039 4637 2105 4676 ex
2133 4635 2242 4690 quo
2266 4621 2376 4691 jam
2407 4633 2631 4688 prorsus
2655 4616 2994 4681 excidimus;
3021 4612 3147 4683 quia
3171 4610 3476 4668 adversarii

1892 4713 2065 4770 nostri
2096 4711 2554 4767 conculcaverunt
2583 4707 2955 4764 sanctuarium
2985 4715 3157 4772 tuum,
3181 4704 3342 4775 idque
3389 4704 3470 4760 fe-

1891 4814 2105 4872 cerunt,
2147 4804 2272 4874 quia
2318 4810 2600 4858 aversatus
2629 4816 2730 4858 nos
2761 4813 2841 4854 es.
2903 4797 2994 4852 Sic
3037 4796 3202 4868 igitur
3225 4795 3477 4853 derelicti

1890 4908 1948 4958 et
1973 4896 2284 4952 visitatione
2319 4905 2410 4951 tua
2439 4892 2678 4965 privati,
2714 4892 2848 4946 tales
2875 4888 2987 4959 jam
3023 4903 3210 4944 sumus
3233 4927 3248 4953 ,
3282 4886 3478 4957 quales

1894 5002 2113 5046 eramus
2145 4999 2433 5057 antequam
2465 4990 2766 5055 imperares
2799 4984 2974 5039 nobis.
3004 4979 3476 5048 Quemadmodum

1894 5083 2037 5137 enim
2063 5092 2275 5151 tempus
2297 5079 2423 5134 olim
2454 5079 2574 5144 fuit,
2597 5092 2718 5132 cum
2748 5090 2921 5146 neque
2944 5074 3262 5145 prophetas,
3290 5085 3479 5139 neque-
3523 5057 3530 5067 “

1898 5174 2232 5238 sacerdotes,
2264 5185 2440 5241 neque
2465 5185 2642 5246 reges,
2675 5183 2852 5236 neque
2879 5167 3024 5222 aliud
3052 5166 3325 5236 quidpiam
3350 5180 3379 5217 a
3417 5174 3481 5218 te.

1897 5279 2093 5320 munus
2135 5263 2481 5328 haberemus,
2535 5261 2614 5315 sic
2641 5268 2696 5314 et
2731 5274 2874 5313 nunc
2901 5257 3148 5314 eamdem
3192 5257 3244 5310 in
3272 5254 3466 5310 solitu-

1895 5357 2074 5411 dinem
2099 5364 2152 5408 et
2180 5355 2548 5410 conditionem
2578 5350 2888 5406 recidimus.
2919 5348 3044 5403 Haec
3070 5347 3249 5402 omnia
3273 5344 3467 5400 referri.

1893 5448 2147 5502 videntur
2174 5448 2240 5500 ad
2272 5455 2504 5515 tempus,
2535 5444 2682 5514 quod
2715 5443 3004 5497 adventum
3040 5438 3342 5494 Salvatoris
3369 5451 3467 5490 no-

1891 5539 1991 5595 stri
2018 5536 2365 5593 subsecutum
2394 5545 2477 5591 est
2503 5553 2519 5592 :
2555 5551 2662 5606 quo
2686 5549 2910 5604 prorsus
2935 5530 3177 5587 derelicti
3204 5537 3330 5584 sunt
3349 5570 3364 5595 ,
3395 5527 3474 5582 οι)

1890 5629 2094 5686 scelera
2121 5639 2308 5684 contra
2348 5627 2596 5683 eumdem
2633 5625 2969 5680 Salvatorem
2999 5623 3068 5678 ab
3097 5623 3228 5692 ipsis
3267 5635 3456 5689 perpe-

1890 5733 2052 5782 trata.
2086 5723 2236 5780 Nunc
2274 5723 2415 5780 enim
2462 5736 2649 5778 revera
2688 5719 2823 5777 tales
2854 5728 3005 5785 sunt,
3030 5717 3216 5789 quales
3246 5721 3404 5773 erant
3430 5727 3474 5766 ιδ
