3880 6216
357 229 363 236 “
463 261 566 317 507

1164 253 1436 312 EUSEBII
1475 254 1948 313 CIESARIENSIS
1985 254 2136 312 OPP.
2179 253 2358 311 PARS
2397 234 2989 312 lll.—EXEGETICA.

3588 257 3719 312 508.

461 378 748 451 principio,
781 391 902 432 cum
929 375 1162 431 nondum
1192 375 1322 446 ipsis
1350 377 1489 433 Deus
1520 379 1886 433 dominaretur
1911 418 1928 443 ,
1961 388 2020 432 ut

2130 397 2144 431 t
2189 377 2517 448 Ἐγενὸμεθα
2542 379 2618 440 ὡς
2640 375 2703 428 τὸ
2725 374 2818 428 ἀπ’
2844 372 3039 442 ἀρχῆς,
3071 387 3157 424 υτε
3181 387 3282 424 ουκ
3303 363 3476 442 ἦρξας
3509 371 3701 442 ἡμῶν,

460 473 643 528 dicere
677 469 890 524 valeant
925 487 939 522 :
972 485 991 520 t
1026 467 1177 522 Facti
1219 483 1403 523 sumus
1427 468 1572 522 velut
1602 469 1671 523 ab
1711 469 1864 523 initio
1897 483 2021 522 cum

461 579 566 619 non
597 561 954 616 dominareris
995 559 1202 623 nostri,
1233 575 1403 630 neque
1448 560 1787 615 invocaretur
1828 575 2022 614 nomen

455 663 608 710 tuum
639 666 805 721 super
831 665 951 706 nos.
988 669 1008 702 ι

1019 739 1245 797 CAPUT
1283 739 1464 794 LXIV.

525 833 688 888 Vens.
722 833 773 886 1.
811 850 830 883 ι
875 831 930 886 Si
973 831 1187 900 aperias
1219 830 1417 884 cmlum
1441 868 1457 894 ,
1494 839 1698 884 tremor
1725 831 2024 901 apprehen-

455 923 546 977 det
576 938 604 975 a
643 930 697 977 te
746 931 994 985 montes,
1027 930 1080 974 et
1114 919 1428 988 liquescent.
1473 938 1491 971 ι
1547 920 1812 975 Caeterum
1859 921 2023 991 probe

456 1015 706 1068 novimus
739 1022 791 1068 et
816 1026 1132 1080 persuasum
1164 1010 1457 1074 habemus.
1485 1011 1530 1065 si
1561 1011 1794 1066 volueris
1819 1012 2021 1067 caelum

457 1104 709 1170 aperire,
748 1111 935 1169 utpote
996 1100 1136 1154 Deus
1186 1100 1561 1168 omnipotens,
1610 1111 1898 1156 tremorem
1949 1101 2022 1155 tui

456 1202 671 1247 montes
725 1192 1184 1262 apprehensurum
1219 1205 1372 1255 esse,
1402 1190 1654 1245 videlicet
1685 1190 2024 1247 adversarias

455 1293 773 1354 p0testates,
825 1299 942 1350 quae
979 1291 1167 1337 contra
1209 1282 1570 1352 cognitionem
1613 1281 1687 1336 tui
1722 1282 2022 1350 eriguntur.

530 1377 686 1429 Vsus.
723 1374 778 1437 2,
813 1375 865 1428 5.
900 1393 918 1424 (
959 1372 1257 1427 Sicutcera
1303 1387 1334 1426 a
1380 1371 1520 1427 facie
1568 1373 1710 1442 ignis
1747 1372 2022 1442 liquescit,

455 1478 512 1524 et
539 1467 816 1522 comburet
853 1465 990 1535 ignis
1023 1472 1140 1519 tuos
1168 1464 1528 1530 adversarios,
1585 1473 1639 1519 et
1682 1463 2022 1520 manifestum

458 1560 562 1612 erit
595 1571 786 1611 nomen
839 1565 988 1609 tuum
1035 1555 1406 1609 adversariis:
1445 1569 1476 1608 a
1523 1553 1660 1610 facie
1707 1563 1794 1610 tua
1841 1564 2025 1626 gentes

459 1647 834 1701 turbabuntur.
865 1665 882 1697 ι
909 1646 1050 1701 Sane
1070 1664 1096 1699 .t
1127 1648 1289 1700 Deum
1309 1659 1465 1700 nemo
1488 1644 1621 1699 vidit
1642 1659 1874 1714 unquam
1891 1647 1972 1712 “g;
1997 1663 2016 1698 ι

2127 469 2246 524 οὐδὲ
2271 469 2471 542 ὲκλήθη
2501 467 2562 522 τὸ
2585 465 2756 538 ὄνομα
2784 481 2877 518 σου
2899 463 2982 534 ἐφ’
3009 463 3173 534 ἡμᾶς.
3211 481 3231 514 ι

2633 731 2813 787 ΚΕΦΑ
2821 729 3026 784 ΔΑΙοΝ
3064 727 3179 782 EA’.

2203 846 2223 879 ι
2276 825 2399 880 Ἐὰν
2419 824 2636 896 ἀνοίξῃς
2664 823 2756 877 τὸν
2793 821 3046 894 οὐρανὸν,
3087 818 3288 890 τρόμος
3306 817 3539 890 -λήψεται
3587 816 3704 871 ἀπὸ

2128 917 2223 972 σοῦ
2257 918 2380 990 ὅρη,
2410 917 2503 970 καὶ
2546 916 2896 986 τακήσονται.
2937 931 2956 964 ι
3003 911 3148 982 Πλὴν
3189 910 3304 964 ἀλλ’
3339 908 3493 980 ἴσμεν
3537 909 3706 978 ἀκρι-

2127 1008 2237 1072 ϐῶς
2277 1008 2366 1060 καὶ
2407 1003 2767 1075 πεπείσμεθα,
2804 1003 2906 1070 ὅτι,
2947 1001 3041 1055 ἐὰν
3083 1001 3311 1072 θελήσῃς
3364 998 3571 1064 ἀνοῖξαι
3603 999 3705 1052 τὸν

2125 1098 2350 1170 οὐρανὸν
2376 1097 2508 1161 Θεὸς
2535 1097 2609 1151 ὢν
2651 1095 2746 1149 καὶ
2786 1095 2962 1149 πάντα
3006 1094 3334 1164 δυνάμενος,
3371 1093 3573 1163 τρόμος
3603 1091 3707 1160 λή-

2125 1190 2286 1260 ψεται
2313 1188 2418 1242 ἀπὸ
2442 1189 2535 1241 σοῦ
2563 1187 2684 1261 ὅρη,
2707 1186 2803 1250 τὰς
2821 1185 3199 1256 ἀντικειμένας
3221 1182 3416 1254 δηλαδὴ
3439 1182 3708 1254 δυνάμεις

2126 1281 2227 1345 τὰς
2257 1280 2622 1354 ἐπαιρομένας
2651 1278 2792 1348 κατά
2822 1279 2921 1348 τῆς
2953 1275 3205 1346 γνώσεώς
3238 1293 3353 1330 σου.

2204 1389 2224 1424 ι
2284 1370 2372 1433 Ὧς
2403 1369 2570 1441 κηρὸς
2607 1368 2714 1423 ἀπὸ
2759 1366 3049 1439 προσώπου
3095 1367 3266 1438 πυρὸς
3312 1367 3560 1438 τήκεται,
3603 1366 3711 1420 καὶ

2129 1460 2458 1516 κατακαύσει
2489 1459 2600 1533 πῦρ
2619 1461 2745 1523 τοὺς
2771 1458 3139 1524 ὑπεναντίους,
3168 1457 3263 1512 καὶ
3290 1459 3518 1530 φανερὸν
3543 1457 3709 1512 ἔσται

2127 1554 2188 1607 τὸ
2217 1553 2386 1624 ὄνομά
2417 1571 2511 1606 σου
2547 1555 2660 1616 τοῖς
2697 1551 3053 1615 ὑπεναντίοις.
3100 1551 3232 1606 Ἀπὸ
3275 1550 3568 1622 προσώπου
3604 1567 3710 1602 σου

2129 1641 2256 1714 ἔθνη
2276 1643 2729 1716 ταραχθήσονται.
2764 1662 2782 1694 ›
2804 1645 2916 1697 Kal
2948 1643 3052 1714 μὴν
3079 1662 3096 1694 ι
3123 1643 3255 1695 Θεὸν
3283 1643 3453 1706 οὐδεὶς
3480 1640 3707 1713 ἑώρακε

457 1749 534 1804 et,
575 1757 594 1790 ι
631 1737 797 1793 Nemo
827 1739 1030 1793 videbit
1059 1738 1248 1793 faciem
1279 1751 1474 1804 meam,
1498 1745 1552 1791 et
1586 1738 1729 1792 vivet
1753 1737 1822 1792 “.
1862 1755 1882 1789 ι
1919 1735 2020 1791 Sed

2130 1737 2367 1800 πώποτε,
2409 1755 2428 1788 t
2465 1738 2579 1802 καὶ,
2619 1754 2637 1788 t
2682 1739 2869 1802 Οὐδεὶς
2902 1735 3091 1807 ὄψεταί
3131 1753 3233 1807 μου
3277 1734 3338 1788 τὸ
3380 1734 3706 1806 πρόσωπον,

456 1828 544 1882 bis
577 1829 790 1882 videtur
819 1829 980 1883 Deum
1007 1829 1372 1893 subindicare,
1401 1829 1492 1898 qui
1525 1829 1576 1882 in
1609 1828 1827 1882 deserto
1854 1826 2024 1898 Moysi

456 1921 677 1976 oracula
717 1921 889 1983 dedit,
915 1929 968 1974 et
999 1921 1086 1989 qui
1117 1920 1184 1974 ab
1225 1920 1370 1975 omni
1415 1919 1610 1990 populo
1634 1919 1783 1976 visus
1818 1928 1898 1974 est
1931 1935 2027 1988 per

459 2014 685 2082 gloriam
737 2013 988 2066 omnibus
1023 2020 1393 2080 apparentem,
1429 2011 1495 2065 de
1535 2026 1644 2080 qua
1677 2012 1878 2067 dictum
1907 2019 2022 2066 est:

465 2122 484 2155 ι
517 2105 586 2160 Ει
613 2103 742 2159 vidit
767 2102 946 2158 omnis
978 2102 1209 2174 populus
1238 2102 1462 2174 gloriam
1491 2101 1704 2158 Domini
1734 2103 1802 2157 ".
1839 2121 1858 2155 ›

529 2275 691 2333 Vens.
719 2276 835 2332 4-6.
880 2295 901 2329 ι
932 2277 1065 2333 Cum
1105 2277 1299 2334 feceris
1323 2278 1578 2350 gloriosa,
1611 2287 1814 2335 tremor
1840 2277 1914 2333 tui
1941 2279 2026 2332 in-

457 2369 618 2422 vadet
644 2378 873 2424 montes.
899 2369 944 2423 A
973 2359 1169 2424 saeculo
1195 2385 1301 2425 non
1323 2371 1650 2435 audivimus,
1680 2386 1855 2441 neque
1880 2373 2021 2427 ocul

459 2459 628 2513 nostri
657 2459 906 2514 viderunt
929 2459 1116 2525 Deum,
1144 2469 1338 2529 prteter
1375 2469 1449 2526 te,
1475 2470 1724 2530 etopera
1753 2471 1875 2528 tua,
1905 2478 2024 2533 qua:

459 2549 628 2604 facies
653 2551 1090 2619 exspectantibus
1119 2551 1566 2608 misericordiam.
1591 2553 1851 2610 Occurret
1877 2545 2022 2608 enim

458 2641 527 2695 iis
574 2640 665 2708 qui
714 2639 919 2694 faciunt
956 2639 1244 2710 justitiam,
1271 2650 1327 2697 et
1351 2642 1557 2697 viarum
1606 2651 1817 2697 tuarum
1845 2658 2022 2698 recor-

459 2731 752 2788 dabuntur.
783 2733 923 2788 Ecce
973 2741 1027 2787 tu
1074 2733 1244 2788 iratus
1291 2748 1385 2799 es,
1421 2743 1477 2789 et
1518 2749 1619 2790 nos
1658 2736 2019 2805 peccavimus.

457 2821 665 2879 Idcirco
692 2824 1026 2890 erravimus,
1068 2833 1122 2880 et
1153 2823 1283 2879 facti
1334 2839 1519 2880 sumus
1563 2827 1718 2896 quasi
1763 2825 2022 2880 immundi

460 2927 647 2969 omnes
677 2930 812 2970 nos:
846 2925 1106 2984 tanquam
1143 2929 1354 2984 pannus
1397 2916 1636 2972 sedentis
1661 2917 1836 2971 omnis
1863 2915 2023 2986 justi-

460 3004 537 3057 tia
561 3014 767 3060 nostra.
801 3024 822 3058 ι
855 3006 1007 3073 Quod
1032 3007 1076 3060 si
1107 3021 1211 3074 qua
1243 3007 1382 3074 apud
1412 3022 1510 3061 nos
1555 3007 1781 3077 reperiri
1807 3016 2021 3076 putetur

2126 1831 2222 1884 καὶ
2248 1829 2467 1901 ζήσεται
2487 1847 2502 1860 ⁸
2544 1849 2563 1881 ι
2592 1828 2706 1883 ἀλλ’
2742 1829 2884 1882 ἔοικε
2911 1829 3000 1883 τὸν
3027 1827 3157 1881 Θεὸν
3184 1826 3270 1880 διὰ
3300 1825 3500 1879 τούτων
3528 1826 3707 1878 αἰνίτ-

2124 1921 2311 1976 τεσθαι
2333 1921 2422 1975 τὸν
2449 1921 2545 1975 καὶ
2571 1921 2663 1974 ἐπὶ
2684 1922 2782 1992 τῆς
2804 1921 3007 1992 ἐρήμου
3037 1918 3449 1990 χρηματίσαντα
3467 1916 3707 1986 Μωῦσῆ,

2123 2013 2203 2083 τῷ
2237 2029 2296 2065 τε
2336 2011 2497 2066 παντὶ
2533 2011 2645 2081 λαῷ
2684 2010 2981 2082 ἑωραμένῳ
3020 2009 3111 2062 διὰ
3153 2008 3251 2079 τῆς
3295 2004 3708 2077 ἐμφαινομένης

2123 2107 2236 2168 τοῖς
2280 2105 2415 2158 πᾶσι
2442 2103 2600 2174 δόξης
2634 2103 2760 2175 περὶ
2788 2096 2857 2173 ἦς
2884 2101 3126 2172 εἴρηταιο
3161 2118 3180 2152 ι
3206 2097 3317 2152 Kal
3357 2090 3505 2169 ἑώρα
3540 2099 3649 2160 πᾶς
3675 2097 3707 2150 6

2123 2196 2251 2261 λαὸς
2281 2196 2379 2268 τὴν
2410 2196 2562 2261 δόξαν
2607 2194 2832 2266 Κυρίου.
2867 2212 2885 2246 t

2201 2307 2221 2340 ι
2256 2289 2424 2342 Ὅταν
2458 2289 2615 2359 ποιῇς
2644 2286 2713 2340 τὰ
2745 2283 2952 2348 ἔνδοξα,
2977 2283 3180 2355 τρόμος
3210 2281 3437 2354 λήψεται
3468 2279 3575 2334 ἀπὸ
3603 2278 3705 2332 σοῦ

2122 2378 2245 2450 ὅρη.
2288 2377 2421 2430 Ἀπὸ
2461 2377 2550 2430 τοῦ
2578 2377 2770 2439 αἰῶνος
2790 2375 2890 2428 οὐκ
2917 2373 3251 2443 ἠκούσαμεν,
3286 2372 3408 2426 οὐδὲ
3433 2369 3706 2441 ὀφθαλμοὶ

2121 2469 2279 2542 ήμῶν
2301 2465 2438 2522 εἶδον
2464 2468 2593 2522 Θεὸν
2636 2468 2775 2539 πλήν
2803 2485 2916 2533 σου,
2953 2467 3047 2520 καὶ
3081 2465 3150 2519 τὰ
3180 2465 3315 2537 ἔργα
3357 2481 3471 2529 σου,
3508 2463 3544 2516 ἃ
3582 2480 3710 2516 ποι-

2123 2561 2276 2632 ήσεις
2309 2563 2421 2624 τοῖς
2451 2558 2809 2631 ὑπομένουσιν
2835 2559 2998 2612 ἔλεον.
3026 2557 3420 2627 Συναντήσεται
3451 2554 3562 2625 γὰρ
3588 2557 3707 2618 τοῖς

2123 2651 2333 2706 ποιοῦσι
2357 2651 2418 2704 τὸ
2440 2650 2666 2716 δίκαιον,
2702 2649 2794 2703 καὶ
2827 2649 2933 2703 τῶν
2973 2647 3107 2702 ὁδῶν
3152 2665 3244 2702 σου
3281 2647 3704 2718 μνησθήσονται.

2136 2742 2264 2795 Ἰδοὺ
2301 2743 2364 2796 σὺ
2389 2740 2686 2814 ὠργίσθης,
2724 2740 2816 2793 καὶ
2848 2740 3009 2811 ἡμεῖς
3038 2739 3373 2810 ἡμάρτομεν.
3407 2735 3506 2788 Διά
3542 2733 3708 2790 τοῦτο

2122 2833 2504 2906 ἔπλανήθημεν
2534 2835 2627 2889 καὶ
2677 2832 3011 2905 ἐγενήθημεν
3051 2830 3126 2894 ὡς
3158 2829 3456 2901 ἀκάθαρτοι
3500 2829 3707 2891 πάντες

2121 2924 2309 2994 ἡμεῖς’
2341 2923 2416 2987 ὡς
2459 2923 2624 2993 ῥάκος
2663 2921 3087 2993 ἀποκαθημένης
3124 2920 3274 2972 πᾶσα
3317 2921 3351 2989 ή
3387 2917 3708 2986 δικαιοσύνη

2122 3011 2298 3084 ἡμῶν.
2351 3030 2370 3064 ι
2404 3012 2470 3066 Ei
2499 3012 2555 3066 δὲ
2585 3011 2678 3065 καί
2704 3029 2787 3076 τις
2812 3013 2869 3064 ἐν
2908 3011 3040 3080 ἡμῖν
3067 3005 3324 3078 ἐνομίσθη
3351 3003 3706 3076 εὑρίσκεσθαι

456 3093 665 3164 iustitia
701 3096 949 3165 actioque
979 3096 1170 3166 proba,
1205 3110 1268 3151 ea
1316 3099 1564 3155 sordibus
1600 3100 1756 3170 plena
1781 3108 1836 3155 et
1863 3100 2019 3157 inde-

2130 3102 2431 3176 δικαιοσύνη
2463 3104 2558 3157 xal
2583 3103 2781 3174 πρᾶξις
2810 3100 3014 3166 δικαία,
3041 3098 3404 3173 ὲρῤυπωμένη
3436 3098 3531 3152 καὶ
3562 3097 3707 3168 αὑτὴ

460 3201 585 3242 cora
621 3201 745 3242 esse
773 3187 1213 3258 deprehenditur.

537 3280 696 3333 Vens.
741 3280 895 3333 7-12.
930 3298 950 3330 σ
982 3281 1048 3334 Ει
1080 3280 1398 3338 deﬂuximus
1437 3281 1590 3351 quasi
1630 3282 1756 3338 folia
1806 3293 2023 3355 propter

460 3372 773 3445 iniquitates
811 3381 1055 3429 nostras:
1083 3374 1163 3429 sic
1195 3385 1390 3432 ventus
1425 3375 1632 3431 auferet
1677 3390 1807 3439 nos,
1833 3387 1887 3432 et
1915 3391 2021 3432 non

459 3477 545 3522 est
578 3467 668 3534 qui
707 3463 920 3522 invocet
963 3479 1159 3520 nomen
1207 3475 1392 3534 tuum,
1441 3482 1542 3522 nec
1573 3468 1664 3536 qui
1713 3469 2022 3523 recordatus

459 3558 830 3626 apprehendat
859 3567 950 3614 te:
987 3557 1242 3629 quoniam
1281 3558 1523 3615 avertisti
1573 3560 1769 3615 faciem
1818 3569 1963 3614 tuam
1990 3575 2021 3614 a

460 3651 638 3714 nobis,
671 3661 725 3702 et
769 3651 1034 3706 tradidisti
1064 3667 1162 3708 nos
1191 3662 1416 3722 propter
1447 3651 1756 3723 iniquitates
1784 3662 2017 3709 nostras.

458 3739 530 3796 Et
550 3755 709 3806 nunc,
741 3741 985 3809 Domine,
1018 3742 1180 3798 Pater
1218 3754 1402 3800 noster
1434 3753 1515 3810 tu,
1541 3760 1640 3800 nos
1662 3761 1790 3802 vero
1824 3747 2017 3810 lutum,

457 3849 595 3902 opus
640 3848 892 3888 manuum
927 3843 1142 3890 tuarum
1188 3851 1398 3901 omnes,
1446 3851 1514 3891 ne
1563 3837 1816 3892 irascaris
1866 3837 2020 3893 nobis

459 3925 637 3988 valde,
689 3939 863 3994 neque
915 3926 968 3978 in
1021 3935 1264 3995 tempore
1320 3927 1630 3982 memineris
1665 3928 2011 3997 iniquitatum

463 4024 792 4068 nostrarum.
824 4015 889 4068 Et
923 4032 1068 4070 nunc
1097 4017 1330 4080 intuere,
1367 4018 1611 4084 Domine,
1641 4020 1895 4086 quoniam
1921 4033 2021 4090 po-

462 4105 619 4174 pulus
647 4116 768 4158 tuus
809 4120 997 4160 omnes
1029 4121 1146 4160 nos.
1179 4107 1382 4161 Civitas
1425 4109 1598 4162 sancti
1635 4109 1708 4163 tui
1754 4108 1895 4164 facta
1939 4119 2022 4164 est

464 4196 672 4249 deserta
702 4194 830 4249 Sion
867 4213 880 4249 :
917 4205 976 4250 ut
1007 4197 1280 4251 desertum
1307 4198 1447 4252 facta
1477 4207 1560 4253 est
1585 4198 1908 4262 Jerusalem,
1964 4199 2018 4253 in

463 4287 897 4343 maledictionem
935 4292 1146 4352 domus,
1183 4297 1427 4341 sanctum
1460 4299 1727 4354 nostrum,
1769 4297 1822 4342 et
1850 4287 2017 4357 gloria

461 4379 548 4432 cui
576 4378 967 4433 benedixerunt
995 4389 1176 4448 patres
1204 4378 1397 4444 nostri,
1424 4380 1546 4448 igne
1571 4379 1870 4445 combusta,
1901 4393 2018 4433 om-

460 4469 660 4537 niaque
689 4469 920 4540 gloriosa
946 4479 1130 4525 nostra
1161 4469 1533 4524 conciderunt.
1562 4471 1738 4540 Atque
1763 4470 1816 4524 in
1849 4470 2017 4524 omni-

460 4559 563 4614 bus
597 4560 714 4615 istis
745 4561 1073 4630 sustinuisti,
1108 4561 1355 4626 Domine,
1386 4569 1442 4616 et
1491 4561 1726 4629 tacuisti,
1755 4570 1810 4617 et
1842 4561 2022 4616 humi-

462 4648 609 4705 liasti
641 4665 739 4705 nos
769 4651 946 4705 valde.
980 4668 1001 4702 ι

1019 4739 1248 4797 CAPUT
1281 4740 1445 4797 LXV.

530 4827 692 4886 Vens.
734 4831 844 4886 1-5.
886 4849 905 4882 ι
936 4832 1171 4904 Apparui
1202 4849 1306 4889 non
1339 4833 1653 4905 rogantibus
1675 4848 1758 4889 me
1786 4849 1800 4887 :
1828 4834 2017 4890 inven-

459 4927 546 4977 tus
571 4937 690 4976 sum
717 4922 784 4976 ab
810 4922 876 4977 iis
904 4924 998 4993 qui
1043 4939 1129 4978 me
1177 4940 1282 4980 non
1315 4925 1647 4994 quaerebant.
1685 4923 1802 4978 Dixi
1837 4940 1851 4978 :
1879 4925 2018 4980 Ecce

458 5015 672 5078 adsum,
704 5015 849 5083 genti
899 5029 1022 5082 qua:
1075 5030 1182 5069 non
1239 5015 1516 5069 invocavit
1562 5031 1758 5070 nomen
1812 5029 2012 5071 meum.

459 5101 702 5170 Expandi
736 5118 926 5157 manus
966 5117 1115 5157 meas
1140 5111 1250 5157 tota
1285 5103 1369 5158 die
1395 5106 1460 5158 ad
1489 5105 1740 5174 populum
1770 5119 1876 5158 non
1914 5104 2014 5158 ob-

460 5199 870 5260 temperantem,
899 5200 948 5248 el
997 5193 1482 5260 contradicentem,
1521 5193 1621 5258 iis,
1656 5193 1747 5263 qui
1775 5193 2018 5248 ambula-

459 5282 591 5335 bant
617 5282 669 5335 in
693 5283 778 5337 via
811 5299 913 5337 non
942 5284 1102 5350 bona,
1133 5284 1225 5338 sed
1250 5294 1371 5353 post
1389 5293 1610 5354 peccata
1635 5299 1753 5339 sua.
1783 5284 2017 5354 Populus

461 5368 571 5433 itic,
597 5371 689 5439 qtti
715 5373 1004 5427 exacerbat
1037 5387 1145 5439 me,
1191 5373 1247 5427 in
1277 5383 1569 5442 conspectu
1605 5388 1724 5428 meo
1754 5388 1965 5442 semper
1997 5391 2012 5427 :

464 5457 563 5526 ipsi
596 5459 873 5517 immolant
903 5463 957 5517 in
993 5463 1191 5528 hortis,
1220 5471 1276 5520 et
1303 5463 1520 5519 adolent
1550 5464 1827 5521 incensum
1854 5478 2018 5535 super

543 5637 587 5668 ³⁵
609 5634 763 5693 Joan.
796 5654 834 5704 t,
871 5638 960 5696 l8.

2122 3195 2216 3250 καὶ
2237 3196 2428 3267 ἀτιμος
2457 3195 2796 3268 ἐλήλεγκται.

2195 3304 2215 3336 ι
2246 3287 2357 3340 Kal
2379 3285 2608 3357 ἐξερρύη
2618 3303 2715 3356 μεν
2737 3285 2813 3348 ὡς
2839 3283 3012 3354 φύλλα
3035 3283 3124 3337 διὰ
3142 3281 3242 3347 τὰς
3266 3281 3496 3354 ἀνομίας
3510 3281 3700 3353 ,ἡμῶν

2119 3375 2292 3440 οὕτως
2331 3376 2530 3447 ἄνεμος
2561 3375 2697 3429 οίσει
2728 3377 2904 3447 ἡμᾶς·
2942 3376 3035 3429 καὶ
3057 3363 3331 3428 οὐκτέστιν
3358 3374 3387 3426 6
3412 3371 3706 3426 ἐπικαλού-

2121 3484 2284 3538 μενος
2311 3467 2373 3519 τὸ
2394 3466 2565 3537 ὄνομά
2585 3483 2698 3532 σου,
2720 3467 2815 3521 καὶ
2837 3470 2865 3521 6
2893 3467 3148 3538 μνησθεὶς
3171 3466 3553 3521 ἀντιλαϐέσθαι
3580 3482 3701 3518 σου·

2117 3559 2198 3613 ὅτι
2229 3557 2575 3630 ἀπέστρεψας
2596 3558 2656 3612 τὸ
2681 3559 2966 3630 πρόσωπόν
2989 3575 3082 3611 σου
3109 3559 3202 3628 ἀφ’
3227 3557 3404 3630 ήμῶν,
3440 3558 3533 3611 καὶ
3562 3573 3705 3628 παρ-

2118 3649 2326 3716 έδωκας
2371 3651 2517 3721 ἡμᾶς
2563 3648 2651 3702 διά
2705 3649 2804 3712 τάς
2852 3647 3124 3724 ἁμαρτίας
3181 3648 3358 3720 ήμῶν.
3416 3648 3528 3702 Kal
3579 3647 3700 3711 νῦν,

2117 3743 2289 3813 Κύριε
2312 3781 2328 3808 ,
2356 3742 2544 3814 Πατὴρ
2584 3739 2740 3814 ἡμῶν
2779 3741 2864 3807 σὺ,
2896 3743 3059 3813 ἡμεῖς
3088 3739 3146 3794 δὲ
3187 3740 3377 3812 πηλὸς,
3417 3739 3556 3812 ἔργα
3588 3738 3701 3791 τῶν

2117 3836 2316 3907 χειρῶν
2349 3852 2440 3888 σου
2477 3835 2697 3899 πάντες,
2740 3835 2814 3907 μὴ
2847 3834 3065 3908 ὀργίξου
3097 3834 3230 3905 ἡμῖν
3265 3833 3492 3905 σφόδρα,
3531 3832 3605 3903 μὴ
3640 3833 3695 3885 ἐν

2118 3925 2295 3998 καιρῷ
2328 3924 2573 3996 μνησθῇς
2607 3923 2889 3995 ἁμαρτιῶν
2918 3923 3094 3994 ήμῶν.
3123 3921 3234 3976 Kal
3258 3921 3351 3976 νῦν
3385 3920 3700 3990 ἐπίϐλεψον,

2118 4017 2199 4069 ὅτι
2220 4017 2348 4080 λαός
2376 4033 2465 4068 σου
2493 4015 2691 4078 πάντες
2725 4016 2905 4086 ἡμεῖς.
2942 4014 3103 4078 Πόλις
3130 4011 3225 4066 τοῦ
3260 4012 3413 4081 ἁγίου
3447 4029 3542 4065 σου
3579 4014 3699 4080 ἔγεμ-

2116 4110 2250 4181 νήθη
2278 4109 2482 4180 ἔρημος
2524 4107 2682 4174 Σιὼν,
2724 4109 2798 4172 ὠς
2821 4108 3023 4179 ἔρημος
3050 4106 3281 4177 ἐγενήθη
3320 4105 3696 4178 Ἰερουσαλὴμ,

2116 4201 2195 4264 είς
2235 4199 2476 4271 κατάραν
2503 4201 2532 4252 6
2561 4196 2739 4263 οἶκος,
2787 4200 2847 4253 τὸ
2875 4198 3029 4268 ἅγιον
3067 4198 3246 4269 ήμῶν,
3281 4197 3373 4252 καὶ
3405 4199 3438 4268 ή
3467 4197 3594 4261 δόξα
3629 4199 3697 4269 ἦν

2116 4291 2426 4362 ηύλόγησαν
2467 4292 2516 4344 οί
2561 4291 2792 4362 πατέρες
2835 4289 3015 4362 ήμῶν,
3044 4289 3274 4362 ὲγενήθη
3306 4289 3695 4361 πυρίκαυστος,

2119 4381 2214 4433 καὶ
2264 4380 2444 4434 πάντα
2479 4380 2664 4444 ἔνδοξα
2703 4380 2858 4451 ἡμῶν
2922 4379 3202 4434 συνέπεσε.
3261 4381 3372 4434 Kal
3417 4381 3510 4432 ἐπὶ
3561 4381 3696 4433 πᾶσι

2117 4470 2327 4534 τούτοις
2365 4471 2616 4540 ἀνέσχου,
2666 4470 2859 4542 Κύριε,
2908 4472 3002 4524 καὶ
3033 4471 3368 4543 ἔσιώπησας,
3421 4471 3518 4526 καὶ
3569 4473 3697 4526 ἔτα-

2121 4561 2391 4624 πείνωσας
2429 4560 2577 4630 ἡμᾶς
2607 4558 2830 4630 σφόδρα.
2867 4577 2886 4609 ι

2612 4735 3009 4790 ΚΕΦΑΛΑΙΟΝ
3056 4735 3175 4791 ΞΕ’.

2198 4841 2219 4875 t
2272 4825 2550 4897 Ἐμφανὴς
2579 4827 2844 4899 ἐγενήθην
2873 4830 2985 4891 τοῖς
3007 4827 3106 4898 ἐμὲ
3134 4827 3208 4899 μὴ
3239 4822 3577 4898 ἐπερωτῶσι,
3601 4828 3693 4881 εὑ-

2125 4913 2288 4986 ρέθην
2331 4919 2444 4980 τοῖς
2482 4917 2582 4987 ἐμὲ
2619 4917 2694 4990 μὴ
2734 4917 3005 4988 ζητοῦσιν.
3051 4914 3226 4971 Εἶπαο
3286 4903 3416 4971 Ἰδού
3465 4921 3582 4988 είμι
3614 4919 3691 4989 τῷ

2123 5005 2284 5069 ἔθνει,
2316 5005 2364 5058 οἳ
2390 5006 2488 5059 οὐκ
2520 5007 2783 5061 ὲκάλεσάν
2812 5025 2912 5079 μου
2935 5008 2994 5062 τὸ
3018 5009 3206 5079 ὄνομα.
3233 5008 3570 5074 Ἑξεπέτασα
3593 5009 3692 5073 τὰς

2121 5096 2309 5168 χεῖράς
2345 5114 2445 5168 μου
2482 5097 2610 5170 ὅλην
2635 5099 2736 5170 τὴν
2767 5099 2978 5170 ἡμέραν
3019 5101 3158 5171 πρὸς
3184 5100 3309 5154 λαὸν
3337 5099 3688 5163 ἀπειθοῦντα,

2118 5190 2214 5243 καὶ
2257 5189 2629 5259 ἀντιλέγοντα,
2671 5191 2797 5255 τοὺς
2831 5191 3230 5263 πορευομένους
3271 5191 3376 5262 ὁδῷ
3421 5193 3485 5245 οὐ
3527 5193 3695 5264 καλῇν.

2117 5279 2232 5332 ἀλλ’
2259 5280 2434 5334 ὀπίσω
2478 5280 2585 5334 τῶν
2632 5281 2912 5352 ἁμαρτιῶν
2965 5281 3161 5335 αὐτῶν.
3202 5282 3259 5335 '0
3299 5282 3424 5347 λαὸς
3467 5277 3621 5346 οὗτος
3661 5287 3688 5338 ὁ

2119 5373 2436 5443 παροξύνων
2475 5391 2541 5445 με
2571 5375 2811 5428 ἐναντίον
2839 5373 2971 5444 ἐμοῦ
3005 5373 3093 5427 διὰ
3116 5375 3316 5438 παντός
3339 5391 3355 5407 ·
3400 5376 3556 5431 αὐτοὶ
3599 5375 3688 5428 θυσ-

2123 5462 2396 5529 σιάζουσιν
2445 5464 2503 5520 ὲν
2538 5465 2648 5528 τοῖς
2688 5464 2917 5535 κήποις,
2967 5462 3060 5519 καὶ
3109 5461 3377 5534 θυμιῶσιν
3427 5464 3521 5517 ἐπὶ
3571 5466 3691 5530 ταῖς

1071 5640 1116 5674 ’⁸
1144 5640 1315 5698 Exod.
1347 5656 1542 5711 xxmt,
1575 5640 1666 5700 20.
1743 5642 1785 5675 ”
1818 5641 1974 5700 Num.
2003 5657 2110 5710 xvr,
2151 5642 2235 5698 19.
