  <div class='ocr_page' id='page_1' title='image "/cluster/home/n/w/nwhite01/storage/ocr_20150623/24/nnc1.0046978259/272.png"; bbox 0 0 3880 6216; ppageno 0'>
   <div class='ocr_carea' id='block_1_1' title="bbox 237 255 347 314">
    <p class='ocr_par' dir='ltr' id='par_1_1' title="bbox 237 255 347 314">
     <span class='ocr_line' id='line_1_1' title="bbox 237 255 347 314; baseline 0 0"><span class='ocrx_word' id='word_1_1' title='bbox 237 255 347 314; x_wconf 69' lang='lat'><strong>509</strong></span> 
     </span>
    </p>
   </div>
   <div class='ocr_carea' id='block_1_2' title="bbox 1197 261 2591 327">
    <p class='ocr_par' dir='ltr' id='par_1_2' title="bbox 1197 261 2591 327">
     <span class='ocr_line' id='line_1_2' title="bbox 1197 261 2591 327; baseline 0.005 -7"><span class='ocrx_word' id='word_1_2' title='bbox 1197 261 1697 322; x_wconf 74' lang='lat' dir='ltr'><strong>COMMENTARIA</strong></span> <span class='ocrx_word' id='word_1_3' title='bbox 1732 264 1801 320; x_wconf 69' lang='grc' dir='ltr'><strong>ΙΝ</strong></span> <span class='ocrx_word' id='word_1_4' title='bbox 1832 263 2088 325; x_wconf 70' lang='grc' dir='ltr'><strong>ῙΞΔΙΑΜ.</strong></span> <span class='ocrx_word' id='word_1_5' title='bbox 2125 299 2197 310; x_wconf 91' lang='grc'><strong>--</strong></span> <span class='ocrx_word' id='word_1_6' title='bbox 2232 267 2390 325; x_wconf 83' lang='lat' dir='ltr'><strong>CAP.</strong></span> <span class='ocrx_word' id='word_1_7' title='bbox 2425 267 2591 327; x_wconf 81' lang='lat' dir='ltr'><strong>LXV.</strong></span> 
     </span>
    </p>
   </div>
   <div class='ocr_carea' id='block_1_3' title="bbox 3405 278 3508 335">
    <p class='ocr_par' dir='ltr' id='par_1_3' title="bbox 3405 278 3508 335">
     <span class='ocr_line' id='line_1_3' title="bbox 3405 278 3508 335; baseline -0.029 0"><span class='ocrx_word' id='word_1_8' title='bbox 3405 278 3508 335; x_wconf 73' lang='lat'><strong>510</strong></span> 
     </span>
    </p>
   </div>
   <div class='ocr_carea' id='block_1_4' title="bbox 233 379 1790 464">
    <p class='ocr_par' dir='ltr' id='par_1_4' title="bbox 233 379 1790 453">
     <span class='ocr_line' id='line_1_4' title="bbox 233 379 1790 453; baseline 0.006 -20"><span class='ocrx_word' id='word_1_9' title='bbox 233 379 483 444; x_wconf 79' lang='grc' dir='ltr'>πλίνθοις</span> <span class='ocrx_word' id='word_1_10' title='bbox 505 381 620 444; x_wconf 78' lang='grc' dir='ltr'>τοῖς</span> <span class='ocrx_word' id='word_1_11' title='bbox 644 379 966 453; x_wconf 73' lang='grc' dir='ltr'><strong>δαιμονίοις,</strong></span> <span class='ocrx_word' id='word_1_12' title='bbox 987 382 1025 438; x_wconf 75' lang='grc' dir='ltr'>ἃ</span> <span class='ocrx_word' id='word_1_13' title='bbox 1049 383 1148 440; x_wconf 81' lang='grc' dir='ltr'>οὐκ</span> <span class='ocrx_word' id='word_1_14' title='bbox 1172 384 1341 441; x_wconf 84' lang='grc' dir='ltr'>ἐστιν.</span> <span class='ocrx_word' id='word_1_15' title='bbox 1381 405 1407 438; x_wconf 31' lang='grc' dir='ltr'><strong>ι.</strong></span> <span class='ocrx_word' id='word_1_16' title='bbox 1437 386 1508 442; x_wconf 70' lang='lat' dir='ltr'><strong>Ei</strong></span> <span class='ocrx_word' id='word_1_17' title='bbox 1548 405 1634 453; x_wconf 84' lang='grc' dir='ltr'><strong>τις</strong></span> <span class='ocrx_word' id='word_1_18' title='bbox 1683 387 1790 442; x_wconf 83' lang='grc' dir='ltr'><strong>θέλε</strong></span> 
     </span>
    </p>
   </div>
   <div class='ocr_carea' id='block_1_5' title="bbox 1899 379 3498 464">
    <p class='ocr_par' dir='ltr' id='par_1_5' title="bbox 1899 388 3498 464">
     <span class='ocr_line' id='line_1_5' title="bbox 1899 388 3498 464; baseline 0.001 -15"><span class='ocrx_word' id='word_1_19' title='bbox 1899 439 1903 449; x_wconf 90' lang='grc'><strong>.</strong></span> <span class='ocrx_word' id='word_1_20' title='bbox 1931 388 2132 444; x_wconf 92' lang='lat' dir='ltr'><strong>lateres</strong></span> <span class='ocrx_word' id='word_1_21' title='bbox 2165 390 2468 457; x_wconf 66' lang='lat' dir='ltr'><strong>daemoniis,“</strong></span> <span class='ocrx_word' id='word_1_22' title='bbox 2492 405 2613 460; x_wconf 67' lang='lat' dir='ltr'><strong>quae</strong></span> <span class='ocrx_word' id='word_1_23' title='bbox 2640 404 2746 446; x_wconf 91' lang='lat' dir='ltr'><strong>non</strong></span> <span class='ocrx_word' id='word_1_24' title='bbox 2779 399 2929 449; x_wconf 81' lang='lat' dir='ltr'><strong>sunt.</strong></span> <span class='ocrx_word' id='word_1_25' title='bbox 2954 391 3055 450; x_wconf 62' lang='grc' dir='ltr'><strong>λεὶ</strong></span> <span class='ocrx_word' id='word_1_26' title='bbox 3082 392 3226 464; x_wconf 83' lang='lat' dir='ltr'><strong>quis,</strong></span> <span class='ocrx_word' id='word_1_27' title='bbox 3249 394 3498 451; x_wconf 72' lang='lat' dir='ltr'><strong>veritatis</strong></span> 
     </span>
    </p>
   </div>
   <div class='ocr_carea' id='block_1_6' title="bbox 231 471 1827 553">
    <p class='ocr_par' dir='ltr' id='par_1_6' title="bbox 231 471 1827 553">
     <span class='ocr_line' id='line_1_6' title="bbox 231 471 1827 553; baseline 0.008 -30"><span class='ocrx_word' id='word_1_28' title='bbox 231 471 527 544; x_wconf 83' lang='grc' dir='ltr'>φιλαλήθει</span> <span class='ocrx_word' id='word_1_29' title='bbox 558 473 808 546; x_wconf 79' lang='grc' dir='ltr'>λογισμῷ</span> <span class='ocrx_word' id='word_1_30' title='bbox 828 474 928 547; x_wconf 80' lang='grc' dir='ltr'>τὴν</span> <span class='ocrx_word' id='word_1_31' title='bbox 957 476 1258 552; x_wconf 77' lang='grc' dir='ltr'>ἐμὴν-όρᾷν</span> <span class='ocrx_word' id='word_1_32' title='bbox 1284 478 1714 553; x_wconf 81' lang='grc' dir='ltr'><strong>φιλανθρωπίαν,</strong></span> <span class='ocrx_word' id='word_1_33' title='bbox 1744 481 1827 536; x_wconf 82' lang='grc' dir='ltr'>εὕ-</span> 
     </span>
    </p>
   </div>
   <div class='ocr_carea' id='block_1_7' title="bbox 233 563 1825 646">
    <p class='ocr_par' dir='ltr' id='par_1_7' title="bbox 233 563 1825 646">
     <span class='ocr_line' id='line_1_7' title="bbox 233 563 1825 646; baseline 0.007 -28"><span class='ocrx_word' id='word_1_34' title='bbox 233 581 326 634; x_wconf 84' lang='grc' dir='ltr'><strong>ροι</strong></span> <span class='ocrx_word' id='word_1_35' title='bbox 371 563 442 619; x_wconf 80' lang='grc' dir='ltr'>ἂν</span> <span class='ocrx_word' id='word_1_36' title='bbox 467 565 738 634; x_wconf 81' lang='grc' dir='ltr'>φθάνοντά</span> <span class='ocrx_word' id='word_1_37' title='bbox 770 584 838 638; x_wconf 88' lang='grc' dir='ltr'><strong>με</strong></span> <span class='ocrx_word' id='word_1_38' title='bbox 869 570 991 633; x_wconf 86' lang='grc' dir='ltr'>ταῖς</span> <span class='ocrx_word' id='word_1_39' title='bbox 1038 571 1379 642; x_wconf 83' lang='grc' dir='ltr'><strong>εὐεργεσίαις</strong></span> <span class='ocrx_word' id='word_1_40' title='bbox 1421 573 1515 626; x_wconf 79' lang='grc' dir='ltr'>καὶ</span> <span class='ocrx_word' id='word_1_41' title='bbox 1548 576 1672 638; x_wconf 89' lang='grc' dir='ltr'>τοὺς</span> <span class='ocrx_word' id='word_1_42' title='bbox 1722 593 1825 646; x_wconf 83' lang='grc' dir='ltr'>μα·-</span> 
     </span>
    </p>
   </div>
   <div class='ocr_carea' id='block_1_8' title="bbox 228 658 1822 739">
    <p class='ocr_par' dir='ltr' id='par_1_8' title="bbox 228 658 1822 739">
     <span class='ocr_line' id='line_1_8' title="bbox 228 658 1822 739; baseline 0.007 -28"><span class='ocrx_word' id='word_1_43' title='bbox 228 658 379 730; x_wconf 79' lang='grc' dir='ltr'>κρὰν</span> <span class='ocrx_word' id='word_1_44' title='bbox 407 658 728 728; x_wconf 74' lang='grc' dir='ltr'><strong>ἀφεστῶτας</strong></span> <span class='ocrx_word' id='word_1_45' title='bbox 753 659 854 731; x_wconf 83' lang='grc' dir='ltr'>τῆς</span> <span class='ocrx_word' id='word_1_46' title='bbox 877 661 1018 733; x_wconf 78' lang='grc' dir='ltr'>ἐμῆς</span> <span class='ocrx_word' id='word_1_47' title='bbox 1063 662 1338 730; x_wconf 82' lang='grc' dir='ltr'>γνώσεως.</span> <span class='ocrx_word' id='word_1_48' title='bbox 1385 666 1594 720; x_wconf 83' lang='grc' dir='ltr'>Αὐτίκα</span> <span class='ocrx_word' id='word_1_49' title='bbox 1622 666 1687 739; x_wconf 85' lang='grc' dir='ltr'>δὴ</span> <span class='ocrx_word' id='word_1_50' title='bbox 1727 662 1822 722; x_wconf 86' lang='grc' dir='ltr'><strong>οῦν</strong></span> 
     </span>
    </p>
   </div>
   <div class='ocr_carea' id='block_1_9' title="bbox 225 749 1820 827">
    <p class='ocr_par' dir='ltr' id='par_1_9' title="bbox 225 749 1820 827">
     <span class='ocr_line' id='line_1_9' title="bbox 225 749 1820 827; baseline 0.006 -25"><span class='ocrx_word' id='word_1_51' title='bbox 225 753 353 813; x_wconf 84' lang='grc' dir='ltr'>τοῖς</span> <span class='ocrx_word' id='word_1_52' title='bbox 391 749 549 813; x_wconf 82' lang='grc' dir='ltr'>ἐκτὸς</span> <span class='ocrx_word' id='word_1_53' title='bbox 589 751 948 822; x_wconf 83' lang='grc' dir='ltr'>μηδεπώποτε</span> <span class='ocrx_word' id='word_1_54' title='bbox 976 753 1286 825; x_wconf 84' lang='grc' dir='ltr'>ἐρωτήσασί</span> <span class='ocrx_word' id='word_1_55' title='bbox 1329 773 1396 826; x_wconf 90' lang='grc' dir='ltr'><strong>με</strong></span> <span class='ocrx_word' id='word_1_56' title='bbox 1427 756 1646 827; x_wconf 80' lang='grc' dir='ltr'><strong>ἐμφανῆ</strong></span> <span class='ocrx_word' id='word_1_57' title='bbox 1687 775 1820 811; x_wconf 84' lang='grc' dir='ltr'>κατ-</span> 
     </span>
    </p>
   </div>
   <div class='ocr_carea' id='block_1_10' title="bbox 224 840 1816 920">
    <p class='ocr_par' dir='ltr' id='par_1_10' title="bbox 224 840 1816 920">
     <span class='ocr_line' id='line_1_10' title="bbox 224 840 1816 920; baseline 0.006 -27"><span class='ocrx_word' id='word_1_58' title='bbox 224 840 444 910; x_wconf 83' lang='grc' dir='ltr'>έστησα</span> <span class='ocrx_word' id='word_1_59' title='bbox 494 843 732 913; x_wconf 80' lang='grc' dir='ltr'>ἐμαυτὸν</span> <span class='ocrx_word' id='word_1_60' title='bbox 783 843 849 896; x_wconf 89' lang='grc' dir='ltr'><strong>δι’</strong></span> <span class='ocrx_word' id='word_1_61' title='bbox 894 843 1336 915; x_wconf 77' lang='grc' dir='ltr'>ὑπερϐάλλουσαν</span> <span class='ocrx_word' id='word_1_62' title='bbox 1375 847 1816 920; x_wconf 83' lang='grc' dir='ltr'><strong>φιλανθρωπίαν·</strong></span> 
     </span>
    </p>
   </div>
   <div class='ocr_carea' id='block_1_11' title="bbox 225 933 1818 1014">
    <p class='ocr_par' dir='ltr' id='par_1_11' title="bbox 225 933 1818 1014">
     <span class='ocr_line' id='line_1_11' title="bbox 225 933 1818 1014; baseline 0.006 -27"><span class='ocrx_word' id='word_1_63' title='bbox 225 933 380 988; x_wconf 80' lang='grc' dir='ltr'>ὥστε</span> <span class='ocrx_word' id='word_1_64' title='bbox 414 935 514 1007; x_wconf 74' lang='grc' dir='ltr'><strong>ήδη</strong></span> <span class='ocrx_word' id='word_1_65' title='bbox 569 936 698 1000; x_wconf 79' lang='grc' dir='ltr'>τοὺς</span> <span class='ocrx_word' id='word_1_66' title='bbox 738 937 1045 1007; x_wconf 84' lang='grc' dir='ltr'>ἀλλογενεῖς</span> <span class='ocrx_word' id='word_1_67' title='bbox 1077 941 1170 994; x_wconf 71' lang='grc' dir='ltr'><strong>καὶ</strong></span> <span class='ocrx_word' id='word_1_68' title='bbox 1199 939 1528 1009; x_wconf 78' lang='grc' dir='ltr'><strong>ἀλλοφύλους</strong></span> <span class='ocrx_word' id='word_1_69' title='bbox 1555 941 1653 1012; x_wconf 83' lang='grc' dir='ltr'>τὴν</span> <span class='ocrx_word' id='word_1_70' title='bbox 1680 942 1818 1014; x_wconf 81' lang='grc' dir='ltr'>ἐμὴν</span> 
     </span>
    </p>
   </div>
   <div class='ocr_carea' id='block_1_12' title="bbox 221 1026 1820 1104">
    <p class='ocr_par' dir='ltr' id='par_1_12' title="bbox 221 1026 1820 1104">
     <span class='ocr_line' id='line_1_12' title="bbox 221 1026 1820 1104; baseline 0.006 -26"><span class='ocrx_word' id='word_1_71' title='bbox 221 1026 435 1095; x_wconf 83' lang='grc' dir='ltr'>γνῶσιν</span> <span class='ocrx_word' id='word_1_72' title='bbox 465 1026 834 1099; x_wconf 81' lang='grc' dir='ltr'>ἀνειληφέναι,</span> <span class='ocrx_word' id='word_1_73' title='bbox 867 1032 1070 1104; x_wconf 90' lang='grc' dir='ltr'>καίπερ</span> <span class='ocrx_word' id='word_1_74' title='bbox 1093 1032 1259 1104; x_wconf 85' lang='grc' dir='ltr'>μηδὲν</span> <span class='ocrx_word' id='word_1_75' title='bbox 1283 1034 1363 1096; x_wconf 88' lang='grc' dir='ltr'><strong>είς</strong></span> <span class='ocrx_word' id='word_1_76' title='bbox 1394 1031 1551 1086; x_wconf 86' lang='grc' dir='ltr'>τοῦτο</span> <span class='ocrx_word' id='word_1_77' title='bbox 1577 1033 1820 1104; x_wconf 79' lang='grc' dir='ltr'>συμϐαλ-</span> 
     </span>
    </p>
   </div>
   <div class='ocr_carea' id='block_1_13' title="bbox 221 1117 1817 1198">
    <p class='ocr_par' dir='ltr' id='par_1_13' title="bbox 221 1117 1817 1198">
     <span class='ocr_line' id='line_1_13' title="bbox 221 1117 1817 1198; baseline 0.006 -27"><span class='ocrx_word' id='word_1_78' title='bbox 221 1117 511 1190; x_wconf 84' lang='grc' dir='ltr'>λομένους.</span> <span class='ocrx_word' id='word_1_79' title='bbox 565 1121 730 1176; x_wconf 82' lang='grc' dir='ltr'><strong>Ἀλλά</strong></span> <span class='ocrx_word' id='word_1_80' title='bbox 783 1123 877 1176; x_wconf 78' lang='grc' dir='ltr'>καὶ</span> <span class='ocrx_word' id='word_1_81' title='bbox 921 1127 1036 1188; x_wconf 80' lang='grc' dir='ltr'>τοῖς</span> <span class='ocrx_word' id='word_1_82' title='bbox 1068 1125 1143 1196; x_wconf 83' lang='grc' dir='ltr'>μὴ</span> <span class='ocrx_word' id='word_1_83' title='bbox 1195 1123 1464 1197; x_wconf 84' lang='grc' dir='ltr'>ζητήσασι</span> <span class='ocrx_word' id='word_1_84' title='bbox 1519 1125 1618 1197; x_wconf 81' lang='grc' dir='ltr'>τὴν</span> <span class='ocrx_word' id='word_1_85' title='bbox 1676 1125 1817 1198; x_wconf 81' lang='grc' dir='ltr'>ἐμὴν</span> 
     </span>
    </p>
   </div>
   <div class='ocr_carea' id='block_1_14' title="bbox 221 1211 1814 1290">
    <p class='ocr_par' dir='ltr' id='par_1_14' title="bbox 221 1211 1814 1290">
     <span class='ocr_line' id='line_1_14' title="bbox 221 1211 1814 1290; baseline 0.004 -26"><span class='ocrx_word' id='word_1_86' title='bbox 221 1211 398 1282; x_wconf 75' lang='grc' dir='ltr'>χάριν</span> <span class='ocrx_word' id='word_1_87' title='bbox 428 1212 631 1285; x_wconf 81' lang='grc' dir='ltr'><strong>ταύτης</strong></span> <span class='ocrx_word' id='word_1_88' title='bbox 659 1213 963 1285; x_wconf 84' lang='grc' dir='ltr'><strong>μετέδωκα,</strong></span> <span class='ocrx_word' id='word_1_89' title='bbox 1001 1215 1213 1286; x_wconf 77' lang='grc' dir='ltr'><strong>φθάσας</strong></span> <span class='ocrx_word' id='word_1_90' title='bbox 1238 1233 1298 1270; x_wconf 90' lang='grc' dir='ltr'><strong>τε</strong></span> <span class='ocrx_word' id='word_1_91' title='bbox 1337 1216 1436 1281; x_wconf 85' lang='grc' dir='ltr'><strong>τὰς</strong></span> <span class='ocrx_word' id='word_1_92' title='bbox 1469 1217 1672 1290; x_wconf 87' lang='grc' dir='ltr'>ἐτέρων</span> <span class='ocrx_word' id='word_1_93' title='bbox 1705 1235 1814 1271; x_wconf 87' lang='grc' dir='ltr'>πα-</span> 
     </span>
    </p>
   </div>
   <div class='ocr_carea' id='block_1_15' title="bbox 223 1302 1814 1381">
    <p class='ocr_par' dir='ltr' id='par_1_15' title="bbox 223 1302 1814 1381">
     <span class='ocr_line' id='line_1_15' title="bbox 223 1302 1814 1381; baseline 0.006 -26"><span class='ocrx_word' id='word_1_94' title='bbox 223 1302 560 1375; x_wconf 74' lang='grc' dir='ltr'>ρακλήσεις·</span> <span class='ocrx_word' id='word_1_95' title='bbox 595 1305 724 1375; x_wconf 76' lang='grc' dir='ltr'>πρὶν</span> <span class='ocrx_word' id='word_1_96' title='bbox 755 1307 849 1359; x_wconf 60' lang='grc' dir='ltr'><strong>καὶ⁵</strong></span> <span class='ocrx_word' id='word_1_97' title='bbox 893 1305 1182 1373; x_wconf 80' lang='grc' dir='ltr'>εὕξασθαι,</span> <span class='ocrx_word' id='word_1_98' title='bbox 1228 1309 1360 1381; x_wconf 74' lang='grc' dir='ltr'>πρὶν</span> <span class='ocrx_word' id='word_1_99' title='bbox 1409 1309 1502 1362; x_wconf 84' lang='grc' dir='ltr'>καὶ</span> <span class='ocrx_word' id='word_1_100' title='bbox 1541 1307 1814 1364; x_wconf 77' lang='grc' dir='ltr'>ἱκετεῦσαι</span> 
     </span>
    </p>
   </div>
   <div class='ocr_carea' id='block_1_16' title="bbox 220 1391 1123 1470">
    <p class='ocr_par' dir='ltr' id='par_1_16' title="bbox 220 1391 1123 1470">
     <span class='ocr_line' id='line_1_16' title="bbox 220 1391 1123 1470; baseline 0.006 -23"><span class='ocrx_word' id='word_1_101' title='bbox 220 1393 453 1460; x_wconf 72' lang='grc' dir='ltr'>αὐτοὺς,</span> <span class='ocrx_word' id='word_1_102' title='bbox 474 1391 626 1448; x_wconf 75' lang='grc' dir='ltr'>εἷπον</span> <span class='ocrx_word' id='word_1_103' title='bbox 645 1411 662 1426; x_wconf 77' lang='grc'><strong><em>⁸</em></strong></span> <span class='ocrx_word' id='word_1_104' title='bbox 708 1397 840 1450; x_wconf 83' lang='grc' dir='ltr'>Ἰδοὺ</span> <span class='ocrx_word' id='word_1_105' title='bbox 871 1398 1123 1470; x_wconf 85' lang='grc' dir='ltr'>πάρειμι.</span> 
     </span>
    </p>
   </div>
   <div class='ocr_carea' id='block_1_17' title="bbox 304 1485 1809 1562">
    <p class='ocr_par' dir='ltr' id='par_1_17' title="bbox 304 1485 1809 1562">
     <span class='ocr_line' id='line_1_17' title="bbox 304 1485 1809 1562; baseline 0.008 -27"><span class='ocrx_word' id='word_1_106' title='bbox 304 1501 325 1535; x_wconf 80' lang='grc' dir='ltr'><strong>ι</strong></span> <span class='ocrx_word' id='word_1_107' title='bbox 369 1485 459 1537; x_wconf 85' lang='grc' dir='ltr'>Ἐν</span> <span class='ocrx_word' id='word_1_108' title='bbox 485 1487 600 1549; x_wconf 86' lang='grc' dir='ltr'>τοῖς</span> <span class='ocrx_word' id='word_1_109' title='bbox 631 1487 878 1558; x_wconf 82' lang='grc' dir='ltr'><strong>μνήμασι</strong></span> <span class='ocrx_word' id='word_1_110' title='bbox 909 1489 1001 1542; x_wconf 80' lang='grc' dir='ltr'>καὶ</span> <span class='ocrx_word' id='word_1_111' title='bbox 1033 1491 1092 1543; x_wconf 90' lang='grc' dir='ltr'><strong>ἐν</strong></span> <span class='ocrx_word' id='word_1_112' title='bbox 1112 1491 1224 1554; x_wconf 86' lang='grc' dir='ltr'>τοῖς</span> <span class='ocrx_word' id='word_1_113' title='bbox 1258 1490 1543 1562; x_wconf 86' lang='grc' dir='ltr'>σπηλαίοις</span> <span class='ocrx_word' id='word_1_114' title='bbox 1567 1491 1809 1562; x_wconf 85' lang='grc' dir='ltr'>κοιμῶν-</span> 
     </span>
    </p>
   </div>
   <div class='ocr_carea' id='block_1_18' title="bbox 217 1575 1810 1655">
    <p class='ocr_par' dir='ltr' id='par_1_18' title="bbox 217 1575 1810 1655">
     <span class='ocr_line' id='line_1_18' title="bbox 217 1575 1810 1655; baseline 0.006 -27"><span class='ocrx_word' id='word_1_115' title='bbox 217 1591 316 1629; x_wconf 84' lang='grc' dir='ltr'><strong>ται</strong></span> <span class='ocrx_word' id='word_1_116' title='bbox 345 1575 436 1629; x_wconf 88' lang='grc' dir='ltr'><strong>διά</strong></span> <span class='ocrx_word' id='word_1_117' title='bbox 460 1576 684 1632; x_wconf 83' lang='grc' dir='ltr'>ἐνύπνια</span> <span class='ocrx_word' id='word_1_118' title='bbox 721 1580 772 1631; x_wconf 77' lang='lat' dir='ltr'><strong>oi</strong></span> <span class='ocrx_word' id='word_1_119' title='bbox 801 1578 1049 1644; x_wconf 80' lang='grc' dir='ltr'>ἔσθοντες</span> <span class='ocrx_word' id='word_1_120' title='bbox 1083 1582 1253 1654; x_wconf 81' lang='grc' dir='ltr'>κρέας</span> <span class='ocrx_word' id='word_1_121' title='bbox 1291 1582 1456 1649; x_wconf 90' lang='grc' dir='ltr'>ὕειον,</span> <span class='ocrx_word' id='word_1_122' title='bbox 1493 1585 1586 1638; x_wconf 67' lang='grc' dir='ltr'>καὶ</span> <span class='ocrx_word' id='word_1_123' title='bbox 1626 1584 1810 1655; x_wconf 79' lang='grc' dir='ltr'>ζωμὸν</span> 
     </span>
    </p>
   </div>
   <div class='ocr_carea' id='block_1_19' title="bbox 218 1669 1804 1749">
    <p class='ocr_par' dir='ltr' id='par_1_19' title="bbox 218 1669 1804 1749">
     <span class='ocr_line' id='line_1_19' title="bbox 218 1669 1804 1749; baseline 0.005 -25"><span class='ocrx_word' id='word_1_124' title='bbox 218 1669 880 1742; x_wconf 71' lang='grc' dir='ltr'>θυσιῶν,’μεμολυμμένα</span> <span class='ocrx_word' id='word_1_125' title='bbox 924 1673 1101 1727; x_wconf 80' lang='grc' dir='ltr'>πάντα</span> <span class='ocrx_word' id='word_1_126' title='bbox 1146 1675 1215 1730; x_wconf 88' lang='grc' dir='ltr'><strong>τὰ</strong></span> <span class='ocrx_word' id='word_1_127' title='bbox 1281 1676 1448 1749; x_wconf 89' lang='grc' dir='ltr'>σκεύη</span> <span class='ocrx_word' id='word_1_128' title='bbox 1498 1677 1695 1731; x_wconf 80' lang='grc' dir='ltr'>αὐτῶν.</span> <span class='ocrx_word' id='word_1_129' title='bbox 1740 1680 1804 1732; x_wconf 82' lang='lat' dir='ltr'><strong>Ol</strong></span> 
     </span>
    </p>
   </div>
   <div class='ocr_carea' id='block_1_20' title="bbox 213 1754 1801 1840">
    <p class='ocr_par' dir='ltr' id='par_1_20' title="bbox 213 1754 1801 1840">
     <span class='ocr_line' id='line_1_20' title="bbox 213 1754 1801 1840; baseline 0.005 -25"><span class='ocrx_word' id='word_1_130' title='bbox 213 1760 493 1830; x_wconf 79' lang='grc' dir='ltr'>λέγοντες,</span> <span class='ocrx_word' id='word_1_131' title='bbox 523 1754 720 1833; x_wconf 80' lang='grc' dir='ltr'>Πόρῤω</span> <span class='ocrx_word' id='word_1_132' title='bbox 752 1763 848 1816; x_wconf 89' lang='grc' dir='ltr'><strong>ἀπ’</strong></span> <span class='ocrx_word' id='word_1_133' title='bbox 877 1763 1036 1834; x_wconf 90' lang='grc' dir='ltr'>ἐμοῦ,</span> <span class='ocrx_word' id='word_1_134' title='bbox 1067 1765 1140 1838; x_wconf 86' lang='grc' dir='ltr'>μὴ</span> <span class='ocrx_word' id='word_1_135' title='bbox 1175 1767 1399 1840; x_wconf 80' lang='grc' dir='ltr'>ἐγγίσῃς</span> <span class='ocrx_word' id='word_1_136' title='bbox 1433 1786 1544 1839; x_wconf 89' lang='grc' dir='ltr'>μοι,</span> <span class='ocrx_word' id='word_1_137' title='bbox 1577 1768 1658 1822; x_wconf 82' lang='grc' dir='ltr'>ὅτι</span> <span class='ocrx_word' id='word_1_138' title='bbox 1697 1786 1801 1824; x_wconf 89' lang='grc' dir='ltr'><strong>κα-</strong></span> 
     </span>
    </p>
   </div>
   <div class='ocr_carea' id='block_1_21' title="bbox 215 1847 1799 1931">
    <p class='ocr_par' dir='ltr' id='par_1_21' title="bbox 215 1847 1799 1931">
     <span class='ocr_line' id='line_1_21' title="bbox 215 1847 1799 1931; baseline 0.004 -23"><span class='ocrx_word' id='word_1_139' title='bbox 215 1853 389 1926; x_wconf 85' lang='grc' dir='ltr'>θαρός</span> <span class='ocrx_word' id='word_1_140' title='bbox 415 1849 552 1926; x_wconf 81' lang='grc' dir='ltr'>ἒίμι.</span> <span class='ocrx_word' id='word_1_141' title='bbox 569 1847 735 1919; x_wconf 76' lang='grc' dir='ltr'>Οὗτος</span> <span class='ocrx_word' id='word_1_142' title='bbox 756 1857 962 1921; x_wconf 89' lang='grc' dir='ltr'>καπνὸς</span> <span class='ocrx_word' id='word_1_143' title='bbox 985 1856 1081 1912; x_wconf 87' lang='grc' dir='ltr'><strong>τοῦ</strong></span> <span class='ocrx_word' id='word_1_144' title='bbox 1113 1857 1285 1929; x_wconf 88' lang='grc' dir='ltr'>θυμοῦ</span> <span class='ocrx_word' id='word_1_145' title='bbox 1305 1876 1424 1931; x_wconf 86' lang='grc' dir='ltr'>μου.</span> <span class='ocrx_word' id='word_1_146' title='bbox 1443 1859 1560 1930; x_wconf 90' lang='grc' dir='ltr'>Πῦρ</span> <span class='ocrx_word' id='word_1_147' title='bbox 1586 1861 1799 1915; x_wconf 87' lang='grc' dir='ltr'>καίεται</span> 
     </span>
    </p>
   </div>
   <div class='ocr_carea' id='block_1_22' title="bbox 211 1946 1800 2024">
    <p class='ocr_par' dir='ltr' id='par_1_22' title="bbox 211 1946 1800 2024">
     <span class='ocr_line' id='line_1_22' title="bbox 211 1946 1800 2024; baseline 0.004 -23"><span class='ocrx_word' id='word_1_148' title='bbox 211 1948 280 2002; x_wconf 78' lang='grc' dir='ltr'><strong>ἐν</strong></span> <span class='ocrx_word' id='word_1_149' title='bbox 312 1946 465 2018; x_wconf 85' lang='grc' dir='ltr'>αὑτῷ</span> <span class='ocrx_word' id='word_1_150' title='bbox 520 1948 701 2012; x_wconf 87' lang='grc' dir='ltr'>πάσας</span> <span class='ocrx_word' id='word_1_151' title='bbox 737 1947 838 2013; x_wconf 87' lang='grc' dir='ltr'><strong>τὰς</strong></span> <span class='ocrx_word' id='word_1_152' title='bbox 891 1949 1124 2022; x_wconf 79' lang='grc' dir='ltr'>ἡμέρας.</span> <span class='ocrx_word' id='word_1_153' title='bbox 1175 1951 1305 2004; x_wconf 82' lang='grc' dir='ltr'>Ἰδοὺ</span> <span class='ocrx_word' id='word_1_154' title='bbox 1356 1953 1662 2024; x_wconf 88' lang='grc' dir='ltr'>γέγραπται</span> <span class='ocrx_word' id='word_1_155' title='bbox 1712 1956 1800 2007; x_wconf 90' lang='grc' dir='ltr'>ἐν-</span> 
     </span>
    </p>
   </div>
   <div class='ocr_carea' id='block_1_23' title="bbox 209 2035 1798 2110">
    <p class='ocr_par' dir='ltr' id='par_1_23' title="bbox 209 2035 1798 2110">
     <span class='ocr_line' id='line_1_23' title="bbox 209 2035 1798 2110; baseline 0.004 -19"><span class='ocrx_word' id='word_1_156' title='bbox 209 2035 416 2091; x_wconf 78' lang='grc' dir='ltr'>ώπιόν⁹</span> <span class='ocrx_word' id='word_1_157' title='bbox 437 2054 560 2108; x_wconf 81' lang='grc' dir='ltr'>μου’</span> <span class='ocrx_word' id='word_1_158' title='bbox 596 2037 671 2093; x_wconf 84' lang='grc' dir='ltr'><strong>Οὑ</strong></span> <span class='ocrx_word' id='word_1_159' title='bbox 722 2040 986 2110; x_wconf 85' lang='grc' dir='ltr'>σιωπήσω</span> <span class='ocrx_word' id='word_1_160' title='bbox 1023 2041 1128 2105; x_wconf 85' lang='grc' dir='ltr'><strong>ἐως</strong></span> <span class='ocrx_word' id='word_1_161' title='bbox 1167 2043 1232 2096; x_wconf 84' lang='grc' dir='ltr'>ἂν</span> <span class='ocrx_word' id='word_1_162' title='bbox 1270 2042 1534 2097; x_wconf 84' lang='grc' dir='ltr'>ἀποδώσω</span> <span class='ocrx_word' id='word_1_163' title='bbox 1580 2045 1660 2108; x_wconf 88' lang='grc' dir='ltr'><strong>είς</strong></span> <span class='ocrx_word' id='word_1_164' title='bbox 1707 2044 1798 2099; x_wconf 87' lang='grc' dir='ltr'>τὸν</span> 
     </span>
    </p>
   </div>
   <div class='ocr_carea' id='block_1_24' title="bbox 209 2127 1797 2207">
    <p class='ocr_par' dir='ltr' id='par_1_24' title="bbox 209 2127 1797 2207">
     <span class='ocr_line' id='line_1_24' title="bbox 209 2127 1797 2207; baseline 0.004 -24"><span class='ocrx_word' id='word_1_165' title='bbox 209 2127 420 2183; x_wconf 81' lang='grc' dir='ltr'>κόλπον</span> <span class='ocrx_word' id='word_1_166' title='bbox 451 2129 630 2184; x_wconf 80' lang='grc' dir='ltr'>αὐτῶν</span> <span class='ocrx_word' id='word_1_167' title='bbox 654 2129 753 2195; x_wconf 87' lang='grc' dir='ltr'><strong>τάς</strong></span> <span class='ocrx_word' id='word_1_168' title='bbox 779 2130 1056 2203; x_wconf 84' lang='grc' dir='ltr'>ἁμαρτίας</span> <span class='ocrx_word' id='word_1_169' title='bbox 1083 2133 1266 2187; x_wconf 79' lang='grc' dir='ltr'>αὐτῶν</span> <span class='ocrx_word' id='word_1_170' title='bbox 1285 2134 1378 2188; x_wconf 76' lang='grc' dir='ltr'><strong>καὶ</strong></span> <span class='ocrx_word' id='word_1_171' title='bbox 1405 2134 1514 2188; x_wconf 84' lang='grc' dir='ltr'>τῶν</span> <span class='ocrx_word' id='word_1_172' title='bbox 1545 2136 1797 2207; x_wconf 84' lang='grc' dir='ltr'>πατέρων</span> 
     </span>
    </p>
   </div>
   <div class='ocr_carea' id='block_1_25' title="bbox 208 2219 1796 2301">
    <p class='ocr_par' dir='ltr' id='par_1_25' title="bbox 208 2219 1796 2301">
     <span class='ocr_line' id='line_1_25' title="bbox 208 2219 1796 2301; baseline 0.006 -27"><span class='ocrx_word' id='word_1_173' title='bbox 208 2222 417 2287; x_wconf 84' lang='grc' dir='ltr'>αὐτῶν,</span> <span class='ocrx_word' id='word_1_174' title='bbox 466 2219 614 2291; x_wconf 82' lang='grc' dir='ltr'>λέγει</span> <span class='ocrx_word' id='word_1_175' title='bbox 648 2222 873 2294; x_wconf 88' lang='grc' dir='ltr'>Κύριος.</span> <span class='ocrx_word' id='word_1_176' title='bbox 923 2225 986 2278; x_wconf 79' lang='grc' dir='ltr'><strong>Οἳ</strong></span> <span class='ocrx_word' id='word_1_177' title='bbox 1017 2225 1320 2298; x_wconf 75' lang='grc' dir='ltr'>ἐθυμίασαν</span> <span class='ocrx_word' id='word_1_178' title='bbox 1345 2226 1439 2280; x_wconf 78' lang='grc' dir='ltr'>ἐπὶ</span> <span class='ocrx_word' id='word_1_179' title='bbox 1468 2227 1577 2281; x_wconf 84' lang='grc' dir='ltr'><strong>τῶν</strong></span> <span class='ocrx_word' id='word_1_180' title='bbox 1626 2229 1796 2301; x_wconf 84' lang='grc' dir='ltr'>ὀρέων</span> 
     </span>
    </p>
   </div>
   <div class='ocr_carea' id='block_1_26' title="bbox 207 2313 1794 2393">
    <p class='ocr_par' dir='ltr' id='par_1_26' title="bbox 207 2313 1794 2393">
     <span class='ocr_line' id='line_1_26' title="bbox 207 2313 1794 2393; baseline 0.006 -28"><span class='ocrx_word' id='word_1_181' title='bbox 207 2314 311 2367; x_wconf 74' lang='grc' dir='ltr'>καὶ</span> <span class='ocrx_word' id='word_1_182' title='bbox 343 2313 437 2367; x_wconf 75' lang='grc' dir='ltr'>ἐπὶ</span> <span class='ocrx_word' id='word_1_183' title='bbox 461 2313 570 2367; x_wconf 86' lang='grc' dir='ltr'><strong>τῶν</strong></span> <span class='ocrx_word' id='word_1_184' title='bbox 600 2314 803 2385; x_wconf 84' lang='grc' dir='ltr'>βουνῶν</span> <span class='ocrx_word' id='word_1_185' title='bbox 837 2316 1120 2372; x_wconf 86' lang='grc' dir='ltr'>ὠνείδισάν</span> <span class='ocrx_word' id='word_1_186' title='bbox 1151 2336 1239 2389; x_wconf 89' lang='grc' dir='ltr'><strong>με,</strong></span> <span class='ocrx_word' id='word_1_187' title='bbox 1273 2318 1537 2373; x_wconf 82' lang='grc' dir='ltr'><strong>ἀποδώσω</strong></span> <span class='ocrx_word' id='word_1_188' title='bbox 1565 2319 1633 2373; x_wconf 88' lang='grc' dir='ltr'><strong>τά</strong></span> <span class='ocrx_word' id='word_1_189' title='bbox 1658 2320 1794 2393; x_wconf 80' lang='grc' dir='ltr'>ἔργα</span> 
     </span>
    </p>
   </div>
   <div class='ocr_carea' id='block_1_27' title="bbox 205 2405 1788 2485">
    <p class='ocr_par' dir='ltr' id='par_1_27' title="bbox 205 2405 1788 2485">
     <span class='ocr_line' id='line_1_27' title="bbox 205 2405 1788 2485; baseline 0.005 -26"><span class='ocrx_word' id='word_1_190' title='bbox 205 2405 393 2459; x_wconf 76' lang='grc' dir='ltr'>αὐτῶν</span> <span class='ocrx_word' id='word_1_191' title='bbox 433 2407 514 2470; x_wconf 83' lang='grc' dir='ltr'><strong>εἰς</strong></span> <span class='ocrx_word' id='word_1_192' title='bbox 556 2407 649 2461; x_wconf 81' lang='grc' dir='ltr'>τὸν</span> <span class='ocrx_word' id='word_1_193' title='bbox 687 2408 886 2462; x_wconf 86' lang='grc' dir='ltr'>κόλπον</span> <span class='ocrx_word' id='word_1_194' title='bbox 918 2409 1118 2464; x_wconf 84' lang='grc' dir='ltr'>αὐτῶν.</span> <span class='ocrx_word' id='word_1_195' title='bbox 1150 2410 1338 2475; x_wconf 85' lang='grc' dir='ltr'>Οὕτως</span> <span class='ocrx_word' id='word_1_196' title='bbox 1380 2410 1526 2480; x_wconf 85' lang='grc' dir='ltr'>λέγει</span> <span class='ocrx_word' id='word_1_197' title='bbox 1565 2412 1788 2485; x_wconf 90' lang='grc' dir='ltr'>Κύριος·</span> 
     </span>
    </p>
   </div>
   <div class='ocr_carea' id='block_1_28' title="bbox 209 2497 1791 2576">
    <p class='ocr_par' dir='ltr' id='par_1_28' title="bbox 209 2497 1791 2576">
     <span class='ocr_line' id='line_1_28' title="bbox 209 2497 1791 2576; baseline 0.006 -25"><span class='ocrx_word' id='word_1_198' title='bbox 209 2497 316 2551; x_wconf 80' lang='grc' dir='ltr'>’ον</span> <span class='ocrx_word' id='word_1_199' title='bbox 344 2498 544 2570; x_wconf 80' lang='grc' dir='ltr'>τρόπον</span> <span class='ocrx_word' id='word_1_200' title='bbox 578 2499 932 2572; x_wconf 84' lang='grc' dir='ltr'>εὑρεθήσεται</span> <span class='ocrx_word' id='word_1_201' title='bbox 974 2501 1002 2553; x_wconf 99' lang='lat'><strong>6</strong></span> <span class='ocrx_word' id='word_1_202' title='bbox 1043 2501 1154 2574; x_wconf 78' lang='grc' dir='ltr'><strong>ῥὼξ</strong></span> <span class='ocrx_word' id='word_1_203' title='bbox 1208 2504 1266 2556; x_wconf 87' lang='grc' dir='ltr'><strong>ἐν</strong></span> <span class='ocrx_word' id='word_1_204' title='bbox 1313 2502 1390 2575; x_wconf 84' lang='grc' dir='ltr'>τῷ</span> <span class='ocrx_word' id='word_1_205' title='bbox 1445 2503 1649 2576; x_wconf 88' lang='grc' dir='ltr'>βότρυῖ,</span> <span class='ocrx_word' id='word_1_206' title='bbox 1696 2507 1791 2560; x_wconf 82' lang='grc' dir='ltr'>καὶ</span> 
     </span>
    </p>
   </div>
   <div class='ocr_carea' id='block_1_29' title="bbox 203 2587 1786 2670">
    <p class='ocr_par' dir='ltr' id='par_1_29' title="bbox 203 2587 1786 2670">
     <span class='ocr_line' id='line_1_29' title="bbox 203 2587 1786 2670; baseline 0.008 -29"><span class='ocrx_word' id='word_1_207' title='bbox 203 2587 430 2658; x_wconf 79' lang='grc' dir='ltr'>ἐροῦσι·</span> <span class='ocrx_word' id='word_1_208' title='bbox 458 2591 549 2661; x_wconf 79' lang='grc' dir='ltr'><strong>Μὴ</strong></span> <span class='ocrx_word' id='word_1_209' title='bbox 575 2591 789 2666; x_wconf 80' lang='grc' dir='ltr'>λυμήνῃ</span> <span class='ocrx_word' id='word_1_210' title='bbox 807 2592 989 2659; x_wconf 81' lang='grc' dir='ltr'>αὐτὸν,</span> <span class='ocrx_word' id='word_1_211' title='bbox 1008 2595 1089 2648; x_wconf 84' lang='grc' dir='ltr'>ὅτι</span> <span class='ocrx_word' id='word_1_212' title='bbox 1116 2594 1332 2664; x_wconf 86' lang='grc' dir='ltr'>εὐλογία</span> <span class='ocrx_word' id='word_1_213' title='bbox 1353 2597 1502 2651; x_wconf 78' lang='grc' dir='ltr'>ἐστὶν</span> <span class='ocrx_word' id='word_1_214' title='bbox 1532 2599 1590 2650; x_wconf 90' lang='grc' dir='ltr'><strong>ἐν</strong></span> <span class='ocrx_word' id='word_1_215' title='bbox 1618 2598 1786 2670; x_wconf 76' lang='grc' dir='ltr'>αὐτῷ’</span> 
     </span>
    </p>
   </div>
   <div class='ocr_carea' id='block_1_30' title="bbox 201 2681 1794 2760">
    <p class='ocr_par' dir='ltr' id='par_1_30' title="bbox 201 2681 1794 2760">
     <span class='ocr_line' id='line_1_30' title="bbox 201 2681 1794 2760; baseline 0.005 -25"><span class='ocrx_word' id='word_1_216' title='bbox 201 2681 385 2747; x_wconf 85' lang='grc' dir='ltr'>οὕτως</span> <span class='ocrx_word' id='word_1_217' title='bbox 413 2685 624 2754; x_wconf 89' lang='grc' dir='ltr'>ποιήσω</span> <span class='ocrx_word' id='word_1_218' title='bbox 647 2685 832 2738; x_wconf 82' lang='grc' dir='ltr'>ἐνεκεν</span> <span class='ocrx_word' id='word_1_219' title='bbox 857 2685 952 2739; x_wconf 88' lang='grc' dir='ltr'><strong>τοῦ</strong></span> <span class='ocrx_word' id='word_1_220' title='bbox 989 2686 1331 2752; x_wconf 89' lang='grc' dir='ltr'>δουλεύοντός</span> <span class='ocrx_word' id='word_1_221' title='bbox 1359 2706 1468 2760; x_wconf 91' lang='grc' dir='ltr'>μοι.</span> <span class='ocrx_word' id='word_1_222' title='bbox 1511 2708 1530 2741; x_wconf 76' lang='grc' dir='ltr'><strong>ι</strong></span> <span class='ocrx_word' id='word_1_223' title='bbox 1571 2689 1709 2743; x_wconf 84' lang='grc' dir='ltr'>Ἀλλ’</span> <span class='ocrx_word' id='word_1_224' title='bbox 1739 2691 1794 2743; x_wconf 79' lang='grc' dir='ltr'><strong>εί</strong></span> 
     </span>
    </p>
   </div>
   <div class='ocr_carea' id='block_1_31' title="bbox 201 2773 1788 2854">
    <p class='ocr_par' dir='ltr' id='par_1_31' title="bbox 201 2773 1788 2854">
     <span class='ocr_line' id='line_1_31' title="bbox 201 2773 1788 2854; baseline 0.003 -24"><span class='ocrx_word' id='word_1_225' title='bbox 201 2773 314 2830; x_wconf 80' lang='grc' dir='ltr'><strong>πού</strong></span> <span class='ocrx_word' id='word_1_226' title='bbox 349 2792 431 2838; x_wconf 88' lang='grc' dir='ltr'><strong>τις</strong></span> <span class='ocrx_word' id='word_1_227' title='bbox 477 2775 629 2840; x_wconf 87' lang='grc' dir='ltr'>ἐντὸς</span> <span class='ocrx_word' id='word_1_228' title='bbox 671 2777 852 2831; x_wconf 83' lang='grc' dir='ltr'>αὐτῶν</span> <span class='ocrx_word' id='word_1_229' title='bbox 893 2777 1168 2850; x_wconf 87' lang='grc' dir='ltr'>εὑρεθείη,</span> <span class='ocrx_word' id='word_1_230' title='bbox 1213 2780 1288 2844; x_wconf 83' lang='grc' dir='ltr'><strong>ὡς</strong></span> <span class='ocrx_word' id='word_1_231' title='bbox 1336 2781 1392 2834; x_wconf 88' lang='grc' dir='ltr'><strong>ἐν</strong></span> <span class='ocrx_word' id='word_1_232' title='bbox 1428 2775 1615 2853; x_wconf 84' lang='grc' dir='ltr'>βότρυῖ</span> <span class='ocrx_word' id='word_1_233' title='bbox 1649 2778 1788 2854; x_wconf 80' lang='grc' dir='ltr'>ξηρᾷ</span> 
     </span>
    </p>
   </div>
   <div class='ocr_carea' id='block_1_32' title="bbox 201 2866 1786 2946">
    <p class='ocr_par' dir='ltr' id='par_1_32' title="bbox 201 2866 1786 2946">
     <span class='ocr_line' id='line_1_32' title="bbox 201 2866 1786 2946; baseline 0.005 -26"><span class='ocrx_word' id='word_1_234' title='bbox 201 2866 370 2939; x_wconf 73' lang='grc' dir='ltr'>ὑγιὴς</span> <span class='ocrx_word' id='word_1_235' title='bbox 415 2867 508 2920; x_wconf 79' lang='grc' dir='ltr'>καὶ</span> <span class='ocrx_word' id='word_1_236' title='bbox 548 2869 862 2940; x_wconf 76' lang='grc' dir='ltr'>ἐρρωμένος</span> <span class='ocrx_word' id='word_1_237' title='bbox 902 2869 1033 2940; x_wconf 59' lang='lat' dir='ltr'><strong>pene,</strong></span> <span class='ocrx_word' id='word_1_238' title='bbox 1058 2872 1119 2924; x_wconf 88' lang='grc' dir='ltr'><strong>οὑ</strong></span> <span class='ocrx_word' id='word_1_239' title='bbox 1144 2872 1481 2926; x_wconf 79' lang='grc' dir='ltr'>διαπεσεῖται</span> <span class='ocrx_word' id='word_1_240' title='bbox 1505 2875 1636 2946; x_wconf 88' lang='grc' dir='ltr'>παρ’</span> <span class='ocrx_word' id='word_1_241' title='bbox 1665 2875 1786 2946; x_wconf 81' lang='grc' dir='ltr'>ἐμοὶ</span> 
     </span>
    </p>
   </div>
   <div class='ocr_carea' id='block_1_33' title="bbox 199 2957 1782 3037">
    <p class='ocr_par' dir='ltr' id='par_1_33' title="bbox 199 2957 1782 3037">
     <span class='ocr_line' id='line_1_33' title="bbox 199 2957 1782 3037; baseline 0.005 -25"><span class='ocrx_word' id='word_1_242' title='bbox 199 2957 285 3029; x_wconf 78' lang='grc' dir='ltr'><strong>τῷ</strong></span> <span class='ocrx_word' id='word_1_243' title='bbox 317 2961 501 3030; x_wconf 81' lang='grc' dir='ltr'>κριτῇ,</span> <span class='ocrx_word' id='word_1_244' title='bbox 533 2960 656 3014; x_wconf 83' lang='grc' dir='ltr'>οὐδὲ</span> <span class='ocrx_word' id='word_1_245' title='bbox 684 2961 1064 3016; x_wconf 81' lang='grc' dir='ltr'>συναπολεϊται</span> <span class='ocrx_word' id='word_1_246' title='bbox 1105 2965 1218 3027; x_wconf 84' lang='grc' dir='ltr'>τοῖς</span> <span class='ocrx_word' id='word_1_247' title='bbox 1255 2963 1662 3037; x_wconf 78' lang='grc' dir='ltr'>ἀπολλυμένοις,</span> <span class='ocrx_word' id='word_1_248' title='bbox 1695 2966 1782 3020; x_wconf 83' lang='grc' dir='ltr'><strong>διὰ</strong></span> 
     </span>
    </p>
   </div>
   <div class='ocr_carea' id='block_1_34' title="bbox 1929 481 3510 557">
    <p class='ocr_par' dir='ltr' id='par_1_34' title="bbox 1929 481 3510 557">
     <span class='ocr_line' id='line_1_34' title="bbox 1929 481 3510 557; baseline 0.004 -21"><span class='ocrx_word' id='word_1_249' title='bbox 1929 481 2109 537; x_wconf 91' lang='lat' dir='ltr'><strong>studio</strong></span> <span class='ocrx_word' id='word_1_250' title='bbox 2131 490 2332 548; x_wconf 88' lang='lat' dir='ltr'><strong>motus,</strong></span> <span class='ocrx_word' id='word_1_251' title='bbox 2369 497 2546 536; x_wconf 84' lang='lat' dir='ltr'><strong>meam</strong></span> <span class='ocrx_word' id='word_1_252' title='bbox 2576 497 2702 554; x_wconf 88' lang='lat' dir='ltr'><strong>erga</strong></span> <span class='ocrx_word' id='word_1_253' title='bbox 2726 484 2978 541; x_wconf 84' lang='lat' dir='ltr'><strong>homines</strong></span> <span class='ocrx_word' id='word_1_254' title='bbox 3002 485 3345 541; x_wconf 88' lang='lat' dir='ltr'><strong>clementiam</strong></span> <span class='ocrx_word' id='word_1_255' title='bbox 3380 501 3510 557; x_wconf 82' lang='lat' dir='ltr'><strong>per-</strong></span> 
     </span>
    </p>
   </div>
   <div class='ocr_carea' id='block_1_35' title="bbox 1926 571 3502 652">
    <p class='ocr_par' dir='ltr' id='par_1_35' title="bbox 1926 571 3502 652">
     <span class='ocr_line' id='line_1_35' title="bbox 1926 571 3502 652; baseline 0.008 -28"><span class='ocrx_word' id='word_1_256' title='bbox 1926 571 2162 641; x_wconf 88' lang='lat' dir='ltr'><strong>pendere</strong></span> <span class='ocrx_word' id='word_1_257' title='bbox 2201 573 2353 642; x_wconf 89' lang='lat' dir='ltr'><strong>velit,</strong></span> <span class='ocrx_word' id='word_1_258' title='bbox 2381 576 2428 630; x_wconf 90' lang='lat' dir='ltr'><strong>is</strong></span> <span class='ocrx_word' id='word_1_259' title='bbox 2456 575 2696 629; x_wconf 79' lang='lat' dir='ltr'><strong>inveniet</strong></span> <span class='ocrx_word' id='word_1_260' title='bbox 2724 591 2810 631; x_wconf 90' lang='lat' dir='ltr'><strong>me</strong></span> <span class='ocrx_word' id='word_1_261' title='bbox 2844 591 3054 649; x_wconf 82' lang='lat' dir='ltr'><strong>semper</strong></span> <span class='ocrx_word' id='word_1_262' title='bbox 3089 580 3171 636; x_wconf 90' lang='lat' dir='ltr'><strong>vel</strong></span> <span class='ocrx_word' id='word_1_263' title='bbox 3199 596 3317 648; x_wconf 86' lang='lat' dir='ltr'><strong>eos,</strong></span> <span class='ocrx_word' id='word_1_264' title='bbox 3341 582 3433 652; x_wconf 86' lang='lat' dir='ltr'><strong>qui</strong></span> <span class='ocrx_word' id='word_1_265' title='bbox 3469 596 3502 637; x_wconf 70' lang='grc' dir='ltr'>ι</span> 
     </span>
    </p>
   </div>
   <div class='ocr_carea' id='block_1_36' title="bbox 1924 663 3501 741">
    <p class='ocr_par' dir='ltr' id='par_1_36' title="bbox 1924 663 3501 741">
     <span class='ocr_line' id='line_1_36' title="bbox 1924 663 3501 741; baseline 0.008 -26"><span class='ocrx_word' id='word_1_266' title='bbox 1924 663 2230 732; x_wconf 76' lang='lat' dir='ltr'><strong>cognitione</strong></span> <span class='ocrx_word' id='word_1_267' title='bbox 2260 679 2380 720; x_wconf 90' lang='lat' dir='ltr'><strong>mea</strong></span> <span class='ocrx_word' id='word_1_268' title='bbox 2409 666 2598 736; x_wconf 85' lang='lat' dir='ltr'><strong>procul</strong></span> <span class='ocrx_word' id='word_1_269' title='bbox 2627 669 2817 723; x_wconf 80' lang='lat' dir='ltr'><strong>remoti</strong></span> <span class='ocrx_word' id='word_1_270' title='bbox 2845 679 3027 736; x_wconf 90' lang='lat' dir='ltr'><strong>erant,</strong></span> <span class='ocrx_word' id='word_1_271' title='bbox 3050 670 3326 727; x_wconf 83' lang='lat' dir='ltr'><strong>beneficiis</strong></span> <span class='ocrx_word' id='word_1_272' title='bbox 3355 687 3501 741; x_wconf 75' lang='lat' dir='ltr'><strong>pra:-</strong></span> 
     </span>
    </p>
   </div>
   <div class='ocr_carea' id='block_1_37' title="bbox 1923 754 3500 834">
    <p class='ocr_par' dir='ltr' id='par_1_37' title="bbox 1923 754 3500 834">
     <span class='ocr_line' id='line_1_37' title="bbox 1923 754 3500 834; baseline 0.007 -27"><span class='ocrx_word' id='word_1_273' title='bbox 1923 754 2158 809; x_wconf 86' lang='lat' dir='ltr'><strong>venisse.</strong></span> <span class='ocrx_word' id='word_1_274' title='bbox 2210 755 2278 810; x_wconf 90' lang='lat' dir='ltr'><strong>Et</strong></span> <span class='ocrx_word' id='word_1_275' title='bbox 2324 772 2454 813; x_wconf 77' lang='lat' dir='ltr'><strong>vero</strong></span> <span class='ocrx_word' id='word_1_276' title='bbox 2485 761 2788 827; x_wconf 75' lang='lat' dir='ltr'><strong>extraneis,</strong></span> <span class='ocrx_word' id='word_1_277' title='bbox 2834 761 2928 829; x_wconf 91' lang='lat' dir='ltr'><strong>qui</strong></span> <span class='ocrx_word' id='word_1_278' title='bbox 2965 778 3050 818; x_wconf 89' lang='lat' dir='ltr'><strong>me</strong></span> <span class='ocrx_word' id='word_1_279' title='bbox 3102 779 3374 834; x_wconf 80' lang='lat' dir='ltr'><strong>nunquam</strong></span> <span class='ocrx_word' id='word_1_280' title='bbox 3416 764 3500 818; x_wconf 92' lang='lat' dir='ltr'><strong>in-</strong></span> 
     </span>
    </p>
   </div>
   <div class='ocr_carea' id='block_1_38' title="bbox 1924 847 3499 918">
    <p class='ocr_par' dir='ltr' id='par_1_38' title="bbox 1924 847 3499 918">
     <span class='ocr_line' id='line_1_38' title="bbox 1924 847 3499 918; baseline 0.009 -23"><span class='ocrx_word' id='word_1_281' title='bbox 1924 851 2341 914; x_wconf 85' lang='lat' dir='ltr'><strong>terrogaverant</strong></span> <span class='ocrx_word' id='word_1_282' title='bbox 2376 888 2392 912; x_wconf 93' lang='lat'><strong>,</strong></span> <span class='ocrx_word' id='word_1_283' title='bbox 2448 847 2519 903; x_wconf 91' lang='lat' dir='ltr'><strong>ob</strong></span> <span class='ocrx_word' id='word_1_284' title='bbox 2572 848 2680 903; x_wconf 93' lang='lat' dir='ltr'><strong>vim</strong></span> <span class='ocrx_word' id='word_1_285' title='bbox 2742 849 2970 906; x_wconf 81' lang='lat' dir='ltr'><strong>all‘ectus</strong></span> <span class='ocrx_word' id='word_1_286' title='bbox 3029 851 3156 918; x_wconf 89' lang='lat' dir='ltr'><strong>mei,</strong></span> <span class='ocrx_word' id='word_1_287' title='bbox 3211 852 3499 910; x_wconf 84' lang='lat' dir='ltr'><strong>manifeste</strong></span> 
     </span>
    </p>
   </div>
   <div class='ocr_carea' id='block_1_39' title="bbox 1921 936 3499 1015">
    <p class='ocr_par' dir='ltr' id='par_1_39' title="bbox 1921 936 3499 1015">
     <span class='ocr_line' id='line_1_39' title="bbox 1921 936 3499 1015; baseline 0.008 -29"><span class='ocrx_word' id='word_1_288' title='bbox 1921 936 2172 1002; x_wconf 87' lang='lat' dir='ltr'><strong>apparui,</strong></span> <span class='ocrx_word' id='word_1_289' title='bbox 2206 937 2276 991; x_wconf 91' lang='lat' dir='ltr'><strong>ita</strong></span> <span class='ocrx_word' id='word_1_290' title='bbox 2303 946 2361 991; x_wconf 90' lang='lat' dir='ltr'><strong>ut</strong></span> <span class='ocrx_word' id='word_1_291' title='bbox 2395 938 2510 1008; x_wconf 73' lang='lat' dir='ltr'><strong>iam</strong></span> <span class='ocrx_word' id='word_1_292' title='bbox 2556 941 2876 1013; x_wconf 80' lang='lat' dir='ltr'><strong>alienigenae</strong></span> <span class='ocrx_word' id='word_1_293' title='bbox 2927 951 2982 997; x_wconf 92' lang='lat' dir='ltr'><strong>et</strong></span> <span class='ocrx_word' id='word_1_294' title='bbox 3014 944 3285 1015; x_wconf 75' lang='lat' dir='ltr'><strong>peregrini</strong></span> <span class='ocrx_word' id='word_1_295' title='bbox 3321 948 3499 1012; x_wconf 85' lang='lat' dir='ltr'><strong>cogni-</strong></span> 
     </span>
    </p>
   </div>
   <div class='ocr_carea' id='block_1_40' title="bbox 1919 1026 3497 1105">
    <p class='ocr_par' dir='ltr' id='par_1_40' title="bbox 1919 1026 3497 1105">
     <span class='ocr_line' id='line_1_40' title="bbox 1919 1026 3497 1105; baseline 0.008 -26"><span class='ocrx_word' id='word_1_296' title='bbox 1919 1026 2120 1081; x_wconf 86' lang='lat' dir='ltr'><strong>tionem</strong></span> <span class='ocrx_word' id='word_1_297' title='bbox 2156 1029 2262 1084; x_wconf 90' lang='lat' dir='ltr'><strong>mei</strong></span> <span class='ocrx_word' id='word_1_298' title='bbox 2311 1032 2548 1085; x_wconf 88' lang='lat' dir='ltr'><strong>assecuti</strong></span> <span class='ocrx_word' id='word_1_299' title='bbox 2592 1032 2741 1102; x_wconf 89' lang='lat' dir='ltr'><strong>sint;</strong></span> <span class='ocrx_word' id='word_1_300' title='bbox 2780 1035 2881 1090; x_wconf 86' lang='lat' dir='ltr'><strong>etsi</strong></span> <span class='ocrx_word' id='word_1_301' title='bbox 2912 1033 2986 1089; x_wconf 92' lang='lat' dir='ltr'><strong>illi</strong></span> <span class='ocrx_word' id='word_1_302' title='bbox 3017 1033 3218 1089; x_wconf 84' lang='lat' dir='ltr'><strong>nullam</strong></span> <span class='ocrx_word' id='word_1_303' title='bbox 3273 1050 3497 1105; x_wconf 88' lang='lat' dir='ltr'><strong>operam</strong></span> 
     </span>
    </p>
   </div>
   <div class='ocr_carea' id='block_1_41' title="bbox 1917 1119 3495 1197">
    <p class='ocr_par' dir='ltr' id='par_1_41' title="bbox 1917 1119 3495 1197">
     <span class='ocr_line' id='line_1_41' title="bbox 1917 1119 3495 1197; baseline 0.008 -25"><span class='ocrx_word' id='word_1_304' title='bbox 1917 1133 1980 1173; x_wconf 90' lang='lat' dir='ltr'><strong>ea</strong></span> <span class='ocrx_word' id='word_1_305' title='bbox 2009 1119 2062 1172; x_wconf 87' lang='lat' dir='ltr'><strong>in</strong></span> <span class='ocrx_word' id='word_1_306' title='bbox 2097 1135 2155 1174; x_wconf 90' lang='lat' dir='ltr'><strong>re</strong></span> <span class='ocrx_word' id='word_1_307' title='bbox 2183 1121 2449 1177; x_wconf 79' lang='lat' dir='ltr'><strong>dederint.</strong></span> <span class='ocrx_word' id='word_1_308' title='bbox 2480 1123 2593 1179; x_wconf 91' lang='lat' dir='ltr'><strong>lmo</strong></span> <span class='ocrx_word' id='word_1_309' title='bbox 2620 1125 2783 1179; x_wconf 88' lang='lat' dir='ltr'><strong>etiam</strong></span> <span class='ocrx_word' id='word_1_310' title='bbox 2823 1126 2910 1192; x_wconf 91' lang='lat' dir='ltr'><strong>iis,</strong></span> <span class='ocrx_word' id='word_1_311' title='bbox 2936 1128 3026 1196; x_wconf 90' lang='lat' dir='ltr'><strong>qui</strong></span> <span class='ocrx_word' id='word_1_312' title='bbox 3059 1128 3288 1197; x_wconf 78' lang='lat' dir='ltr'><strong>gratiam</strong></span> <span class='ocrx_word' id='word_1_313' title='bbox 3316 1143 3495 1186; x_wconf 81' lang='lat' dir='ltr'><strong>meam</strong></span> 
     </span>
    </p>
   </div>
   <div class='ocr_carea' id='block_1_42' title="bbox 1916 1213 3491 1290">
    <p class='ocr_par' dir='ltr' id='par_1_42' title="bbox 1916 1213 3491 1290">
     <span class='ocr_line' id='line_1_42' title="bbox 1916 1213 3491 1290; baseline 0.007 -26"><span class='ocrx_word' id='word_1_314' title='bbox 1916 1225 2026 1265; x_wconf 91' lang='lat' dir='ltr'><strong>non</strong></span> <span class='ocrx_word' id='word_1_315' title='bbox 2083 1213 2422 1279; x_wconf 66' lang='lat' dir='ltr'><strong>quazrebant,</strong></span> <span class='ocrx_word' id='word_1_316' title='bbox 2459 1229 2651 1284; x_wconf 89' lang='lat' dir='ltr'><strong>preces</strong></span> <span class='ocrx_word' id='word_1_317' title='bbox 2685 1231 2878 1272; x_wconf 88' lang='lat' dir='ltr'><strong>eorum</strong></span> <span class='ocrx_word' id='word_1_318' title='bbox 2932 1228 3263 1286; x_wconf 69' lang='lat' dir='ltr'><strong>praeverteris</strong></span> <span class='ocrx_word' id='word_1_319' title='bbox 3317 1219 3491 1290; x_wconf 83' lang='lat' dir='ltr'><strong>ipsam</strong></span> 
     </span>
    </p>
   </div>
   <div class='ocr_carea' id='block_1_43' title="bbox 1916 1299 3491 1382">
    <p class='ocr_par' dir='ltr' id='par_1_43' title="bbox 1916 1299 3491 1382">
     <span class='ocr_line' id='line_1_43' title="bbox 1916 1299 3491 1382; baseline 0.01 -30"><span class='ocrx_word' id='word_1_320' title='bbox 1916 1299 2116 1354; x_wconf 85' lang='lat' dir='ltr'><strong>tradidi</strong></span> <span class='ocrx_word' id='word_1_321' title='bbox 2150 1317 2164 1354; x_wconf 90' lang='lat'><strong>:</strong></span> <span class='ocrx_word' id='word_1_322' title='bbox 2202 1301 2517 1372; x_wconf 87' lang='lat' dir='ltr'><strong>priusquam</strong></span> <span class='ocrx_word' id='word_1_323' title='bbox 2551 1315 2827 1377; x_wconf 78' lang='lat' dir='ltr'><strong>rogarent,</strong></span> <span class='ocrx_word' id='word_1_324' title='bbox 2868 1307 3187 1378; x_wconf 80' lang='lat' dir='ltr'><strong>priusquam</strong></span> <span class='ocrx_word' id='word_1_325' title='bbox 3217 1309 3491 1382; x_wconf 85' lang='lat' dir='ltr'><strong>supplica-</strong></span> 
     </span>
    </p>
   </div>
   <div class='ocr_carea' id='block_1_44' title="bbox 1913 1391 2632 1457">
    <p class='ocr_par' dir='ltr' id='par_1_44' title="bbox 1913 1391 2632 1457">
     <span class='ocr_line' id='line_1_44' title="bbox 1913 1391 2632 1457; baseline 0.007 -12"><span class='ocrx_word' id='word_1_326' title='bbox 1913 1398 2060 1455; x_wconf 90' lang='lat' dir='ltr'><strong>rent,</strong></span> <span class='ocrx_word' id='word_1_327' title='bbox 2086 1391 2222 1457; x_wconf 82' lang='lat' dir='ltr'><strong>dixi,</strong></span> <span class='ocrx_word' id='word_1_328' title='bbox 2244 1393 2386 1449; x_wconf 87' lang='lat' dir='ltr'><strong>Ecce</strong></span> <span class='ocrx_word' id='word_1_329' title='bbox 2420 1397 2632 1450; x_wconf 87' lang='lat' dir='ltr'><strong>adsum.</strong></span> 
     </span>
    </p>
   </div>
   <div class='ocr_carea' id='block_1_45' title="bbox 1987 1483 3490 1564">
    <p class='ocr_par' dir='ltr' id='par_1_45' title="bbox 1987 1483 3490 1564">
     <span class='ocr_line' id='line_1_45' title="bbox 1987 1483 3490 1564; baseline 0.011 -29"><span class='ocrx_word' id='word_1_330' title='bbox 1987 1483 2144 1538; x_wconf 74' lang='lat' dir='ltr'><strong>Vens.</strong></span> <span class='ocrx_word' id='word_1_331' title='bbox 2177 1484 2294 1540; x_wconf 73' lang='grc'><strong>4-8.</strong></span> <span class='ocrx_word' id='word_1_332' title='bbox 2317 1504 2336 1536; x_wconf 78' lang='grc' dir='ltr'><strong>ι</strong></span> <span class='ocrx_word' id='word_1_333' title='bbox 2361 1485 2418 1540; x_wconf 89' lang='lat' dir='ltr'><strong>In</strong></span> <span class='ocrx_word' id='word_1_334' title='bbox 2455 1489 2719 1559; x_wconf 84' lang='lat' dir='ltr'><strong>sepulcris</strong></span> <span class='ocrx_word' id='word_1_335' title='bbox 2739 1499 2794 1546; x_wconf 89' lang='lat' dir='ltr'><strong>et</strong></span> <span class='ocrx_word' id='word_1_336' title='bbox 2826 1491 2880 1547; x_wconf 91' lang='lat' dir='ltr'><strong>in</strong></span> <span class='ocrx_word' id='word_1_337' title='bbox 2913 1493 3189 1564; x_wconf 84' lang='lat' dir='ltr'><strong>speluncis</strong></span> <span class='ocrx_word' id='word_1_338' title='bbox 3211 1495 3490 1552; x_wconf 89' lang='lat' dir='ltr'><strong>dormiunt</strong></span> 
     </span>
    </p>
   </div>
   <div class='ocr_carea' id='block_1_46' title="bbox 1912 1576 3488 1652">
    <p class='ocr_par' dir='ltr' id='par_1_46' title="bbox 1912 1576 3488 1652">
     <span class='ocr_line' id='line_1_46' title="bbox 1912 1576 3488 1652; baseline 0.012 -28"><span class='ocrx_word' id='word_1_339' title='bbox 1912 1582 2130 1643; x_wconf 86' lang='lat' dir='ltr'><strong>propter</strong></span> <span class='ocrx_word' id='word_1_340' title='bbox 2155 1576 2391 1642; x_wconf 90' lang='lat' dir='ltr'><strong>somnia,</strong></span> <span class='ocrx_word' id='word_1_341' title='bbox 2433 1579 2522 1647; x_wconf 93' lang='lat' dir='ltr'><strong>qui</strong></span> <span class='ocrx_word' id='word_1_342' title='bbox 2572 1582 2864 1638; x_wconf 88' lang='lat' dir='ltr'><strong>comedunt</strong></span> <span class='ocrx_word' id='word_1_343' title='bbox 2899 1599 3117 1641; x_wconf 89' lang='lat' dir='ltr'><strong>carnem</strong></span> <span class='ocrx_word' id='word_1_344' title='bbox 3166 1586 3398 1652; x_wconf 79' lang='lat' dir='ltr'><strong>suillam,</strong></span> <span class='ocrx_word' id='word_1_345' title='bbox 3431 1595 3488 1643; x_wconf 86' lang='lat' dir='ltr'><strong>et</strong></span> 
     </span>
    </p>
   </div>
   <div class='ocr_carea' id='block_1_47' title="bbox 1907 1665 3488 1745">
    <p class='ocr_par' dir='ltr' id='par_1_47' title="bbox 1907 1665 3488 1745">
     <span class='ocr_line' id='line_1_47' title="bbox 1907 1665 3488 1745; baseline 0.009 -26"><span class='ocrx_word' id='word_1_346' title='bbox 1907 1665 1995 1734; x_wconf 89' lang='lat' dir='ltr'><strong>jus</strong></span> <span class='ocrx_word' id='word_1_347' title='bbox 2038 1665 2360 1733; x_wconf 72' lang='lat' dir='ltr'><strong>hosﬁarum,</strong></span> <span class='ocrx_word' id='word_1_348' title='bbox 2398 1669 2625 1738; x_wconf 81' lang='lat' dir='ltr'><strong>profana</strong></span> <span class='ocrx_word' id='word_1_349' title='bbox 2666 1687 2793 1727; x_wconf 90' lang='lat' dir='ltr'><strong>vasa</strong></span> <span class='ocrx_word' id='word_1_350' title='bbox 2820 1675 3004 1729; x_wconf 90' lang='lat' dir='ltr'><strong>omnia</strong></span> <span class='ocrx_word' id='word_1_351' title='bbox 3048 1691 3256 1731; x_wconf 87' lang='lat' dir='ltr'><strong>eorum.</strong></span> <span class='ocrx_word' id='word_1_352' title='bbox 3285 1677 3488 1745; x_wconf 82' lang='lat' dir='ltr'><strong>Quidi-</strong></span> 
     </span>
    </p>
   </div>
   <div class='ocr_carea' id='block_1_48' title="bbox 1908 1759 3482 1839">
    <p class='ocr_par' dir='ltr' id='par_1_48' title="bbox 1908 1759 3482 1839">
     <span class='ocr_line' id='line_1_48' title="bbox 1908 1759 3482 1839; baseline 0.008 -28"><span class='ocrx_word' id='word_1_353' title='bbox 1908 1767 2056 1823; x_wconf 90' lang='lat' dir='ltr'><strong>cunt,</strong></span> <span class='ocrx_word' id='word_1_354' title='bbox 2092 1759 2276 1829; x_wconf 91' lang='lat' dir='ltr'><strong>Longe</strong></span> <span class='ocrx_word' id='word_1_355' title='bbox 2309 1776 2339 1814; x_wconf 93' lang='lat' dir='ltr'><strong>a</strong></span> <span class='ocrx_word' id='word_1_356' title='bbox 2372 1775 2476 1826; x_wconf 91' lang='lat' dir='ltr'><strong>me,</strong></span> <span class='ocrx_word' id='word_1_357' title='bbox 2505 1777 2574 1816; x_wconf 91' lang='lat' dir='ltr'><strong>ne</strong></span> <span class='ocrx_word' id='word_1_358' title='bbox 2600 1763 3004 1835; x_wconf 90' lang='lat' dir='ltr'><strong>appropinques</strong></span> <span class='ocrx_word' id='word_1_359' title='bbox 3038 1767 3197 1836; x_wconf 88' lang='lat' dir='ltr'><strong>mihi,</strong></span> <span class='ocrx_word' id='word_1_360' title='bbox 3225 1770 3482 1839; x_wconf 88' lang='lat' dir='ltr'><strong>quoniam</strong></span> 
     </span>
    </p>
   </div>
   <div class='ocr_carea' id='block_1_49' title="bbox 1905 1851 3485 1931">
    <p class='ocr_par' dir='ltr' id='par_1_49' title="bbox 1905 1851 3485 1931">
     <span class='ocr_line' id='line_1_49' title="bbox 1905 1851 3485 1931; baseline 0.009 -29"><span class='ocrx_word' id='word_1_361' title='bbox 1905 1852 2134 1906; x_wconf 92' lang='lat' dir='ltr'><strong>mundus</strong></span> <span class='ocrx_word' id='word_1_362' title='bbox 2158 1866 2298 1906; x_wconf 89' lang='lat' dir='ltr'><strong>sum.</strong></span> <span class='ocrx_word' id='word_1_363' title='bbox 2324 1851 2430 1908; x_wconf 88' lang='lat' dir='ltr'><strong>Iste</strong></span> <span class='ocrx_word' id='word_1_364' title='bbox 2459 1863 2544 1908; x_wconf 88' lang='lat' dir='ltr'><strong>est</strong></span> <span class='ocrx_word' id='word_1_365' title='bbox 2571 1853 2749 1910; x_wconf 87' lang='lat' dir='ltr'><strong>fumus</strong></span> <span class='ocrx_word' id='word_1_366' title='bbox 2785 1857 2982 1914; x_wconf 90' lang='lat' dir='ltr'><strong>furoris</strong></span> <span class='ocrx_word' id='word_1_367' title='bbox 3009 1860 3135 1914; x_wconf 91' lang='lat' dir='ltr'><strong>mei.</strong></span> <span class='ocrx_word' id='word_1_368' title='bbox 3164 1859 3308 1931; x_wconf 87' lang='lat' dir='ltr'><strong>Ignis</strong></span> <span class='ocrx_word' id='word_1_369' title='bbox 3330 1863 3485 1916; x_wconf 86' lang='lat' dir='ltr'><strong>ardet</strong></span> 
     </span>
    </p>
   </div>
   <div class='ocr_carea' id='block_1_50' title="bbox 1902 1937 3480 2022">
    <p class='ocr_par' dir='ltr' id='par_1_50' title="bbox 1902 1937 3480 2022">
     <span class='ocr_line' id='line_1_50' title="bbox 1902 1937 3480 2022; baseline 0.01 -30"><span class='ocrx_word' id='word_1_370' title='bbox 1902 1937 1955 1992; x_wconf 93' lang='lat' dir='ltr'><strong>in</strong></span> <span class='ocrx_word' id='word_1_371' title='bbox 1988 1954 2053 1994; x_wconf 89' lang='lat' dir='ltr'><strong>eo</strong></span> <span class='ocrx_word' id='word_1_372' title='bbox 2080 1943 2295 1996; x_wconf 85' lang='lat' dir='ltr'><strong>cunctis</strong></span> <span class='ocrx_word' id='word_1_373' title='bbox 2315 1943 2524 1998; x_wconf 85' lang='lat' dir='ltr'><strong>diebus.</strong></span> <span class='ocrx_word' id='word_1_374' title='bbox 2554 1944 2692 1999; x_wconf 89' lang='lat' dir='ltr'><strong>Ecce</strong></span> <span class='ocrx_word' id='word_1_375' title='bbox 2709 1946 2967 2017; x_wconf 89' lang='lat' dir='ltr'><strong>scriptum</strong></span> <span class='ocrx_word' id='word_1_376' title='bbox 2999 1959 3078 2004; x_wconf 91' lang='lat' dir='ltr'><strong>est</strong></span> <span class='ocrx_word' id='word_1_377' title='bbox 3111 1951 3164 2004; x_wconf 91' lang='lat' dir='ltr'><strong>in</strong></span> <span class='ocrx_word' id='word_1_378' title='bbox 3187 1964 3480 2022; x_wconf 90' lang='lat' dir='ltr'><strong>conspectu</strong></span> 
     </span>
    </p>
   </div>
   <div class='ocr_carea' id='block_1_51' title="bbox 1900 2031 3479 2100">
    <p class='ocr_par' dir='ltr' id='par_1_51' title="bbox 1900 2031 3479 2100">
     <span class='ocr_line' id='line_1_51' title="bbox 1900 2031 3479 2100; baseline 0.009 -15"><span class='ocrx_word' id='word_1_379' title='bbox 1900 2047 2062 2088; x_wconf 90' lang='lat' dir='ltr'><strong>meo:</strong></span> <span class='ocrx_word' id='word_1_380' title='bbox 2101 2031 2215 2089; x_wconf 86' lang='lat' dir='ltr'><strong>Non</strong></span> <span class='ocrx_word' id='word_1_381' title='bbox 2259 2037 2446 2093; x_wconf 87' lang='lat' dir='ltr'><strong>tacebo</strong></span> <span class='ocrx_word' id='word_1_382' title='bbox 2509 2037 2683 2093; x_wconf 90' lang='lat' dir='ltr'><strong>donec</strong></span> <span class='ocrx_word' id='word_1_383' title='bbox 2714 2041 2935 2096; x_wconf 83' lang='lat' dir='ltr'><strong>reddam</strong></span> <span class='ocrx_word' id='word_1_384' title='bbox 2989 2041 3044 2096; x_wconf 93' lang='lat' dir='ltr'><strong>in</strong></span> <span class='ocrx_word' id='word_1_385' title='bbox 3069 2043 3243 2098; x_wconf 90' lang='lat' dir='ltr'><strong>sinum</strong></span> <span class='ocrx_word' id='word_1_386' title='bbox 3288 2061 3479 2100; x_wconf 90' lang='lat' dir='ltr'><strong>eorum</strong></span> 
     </span>
    </p>
   </div>
   <div class='ocr_carea' id='block_1_52' title="bbox 1897 2127 3477 2199">
    <p class='ocr_par' dir='ltr' id='par_1_52' title="bbox 1897 2127 3477 2199">
     <span class='ocr_line' id='line_1_52' title="bbox 1897 2127 3477 2199; baseline 0.009 -23"><span class='ocrx_word' id='word_1_387' title='bbox 1897 2133 2121 2193; x_wconf 86' lang='lat' dir='ltr'><strong>peccata</strong></span> <span class='ocrx_word' id='word_1_388' title='bbox 2155 2127 2394 2195; x_wconf 80' lang='lat' dir='ltr'><strong>ipsorum</strong></span> <span class='ocrx_word' id='word_1_389' title='bbox 2426 2137 2482 2183; x_wconf 90' lang='lat' dir='ltr'><strong>et</strong></span> <span class='ocrx_word' id='word_1_390' title='bbox 2524 2137 2738 2199; x_wconf 89' lang='lat' dir='ltr'><strong>patrum</strong></span> <span class='ocrx_word' id='word_1_391' title='bbox 2766 2145 3012 2198; x_wconf 87' lang='lat' dir='ltr'><strong>suorum,</strong></span> <span class='ocrx_word' id='word_1_392' title='bbox 3042 2134 3171 2188; x_wconf 92' lang='lat' dir='ltr'><strong>dicit</strong></span> <span class='ocrx_word' id='word_1_393' title='bbox 3196 2134 3477 2193; x_wconf 84' lang='lat' dir='ltr'><strong>Dominus.</strong></span> 
     </span>
    </p>
   </div>
   <div class='ocr_carea' id='block_1_53' title="bbox 1897 2213 3477 2299">
    <p class='ocr_par' dir='ltr' id='par_1_53' title="bbox 1897 2213 3477 2299">
     <span class='ocr_line' id='line_1_53' title="bbox 1897 2213 3477 2299; baseline 0.012 -32"><span class='ocrx_word' id='word_1_394' title='bbox 1897 2213 1998 2280; x_wconf 85' lang='lat' dir='ltr'><strong>Qui</strong></span> <span class='ocrx_word' id='word_1_395' title='bbox 2027 2215 2381 2272; x_wconf 85' lang='lat' dir='ltr'><strong>adoleverunt</strong></span> <span class='ocrx_word' id='word_1_396' title='bbox 2406 2218 2687 2274; x_wconf 91' lang='lat' dir='ltr'><strong>incensum</strong></span> <span class='ocrx_word' id='word_1_397' title='bbox 2737 2237 2898 2292; x_wconf 87' lang='lat' dir='ltr'><strong>supra</strong></span> <span class='ocrx_word' id='word_1_398' title='bbox 2946 2235 3159 2280; x_wconf 90' lang='lat' dir='ltr'><strong>montes</strong></span> <span class='ocrx_word' id='word_1_399' title='bbox 3216 2236 3271 2280; x_wconf 90' lang='lat' dir='ltr'><strong>et</strong></span> <span class='ocrx_word' id='word_1_400' title='bbox 3313 2242 3477 2299; x_wconf 84' lang='lat' dir='ltr'><strong>supra</strong></span> 
     </span>
    </p>
   </div>
   <div class='ocr_carea' id='block_1_54' title="bbox 1895 2306 3476 2384">
    <p class='ocr_par' dir='ltr' id='par_1_54' title="bbox 1895 2306 3476 2384">
     <span class='ocr_line' id='line_1_54' title="bbox 1895 2306 3476 2384; baseline 0.01 -23"><span class='ocrx_word' id='word_1_401' title='bbox 1895 2306 2061 2362; x_wconf 89' lang='lat' dir='ltr'><strong>colles</strong></span> <span class='ocrx_word' id='word_1_402' title='bbox 2079 2307 2705 2377; x_wconf 83' lang='lat' dir='ltr'><strong>exprobraveruntmihi,</strong></span> <span class='ocrx_word' id='word_1_403' title='bbox 2727 2314 3018 2367; x_wconf 86' lang='lat' dir='ltr'><strong>retribuam</strong></span> <span class='ocrx_word' id='word_1_404' title='bbox 3039 2331 3198 2384; x_wconf 86' lang='lat' dir='ltr'><strong>opera</strong></span> <span class='ocrx_word' id='word_1_405' title='bbox 3218 2333 3403 2373; x_wconf 92' lang='lat' dir='ltr'><strong>eorum</strong></span> <span class='ocrx_word' id='word_1_406' title='bbox 3420 2321 3476 2377; x_wconf 87' lang='lat' dir='ltr'><strong>in</strong></span> 
     </span>
    </p>
   </div>
   <div class='ocr_carea' id='block_1_55' title="bbox 1893 2397 3477 2471">
    <p class='ocr_par' dir='ltr' id='par_1_55' title="bbox 1893 2397 3477 2471">
     <span class='ocr_line' id='line_1_55' title="bbox 1893 2397 3477 2471; baseline 0.009 -19"><span class='ocrx_word' id='word_1_407' title='bbox 1893 2397 2068 2452; x_wconf 84' lang='lat' dir='ltr'><strong>sinum</strong></span> <span class='ocrx_word' id='word_1_408' title='bbox 2083 2414 2290 2454; x_wconf 89' lang='lat' dir='ltr'><strong>eorum.</strong></span> <span class='ocrx_word' id='word_1_409' title='bbox 2308 2400 2399 2454; x_wconf 85' lang='lat' dir='ltr'><strong>Sic</strong></span> <span class='ocrx_word' id='word_1_410' title='bbox 2410 2401 2838 2460; x_wconf 89' lang='lat' dir='ltr'><strong>dicitDominus:</strong></span> <span class='ocrx_word' id='word_1_411' title='bbox 2855 2404 3310 2471; x_wconf 83' lang='lat' dir='ltr'><strong>Quemadmodum</strong></span> <span class='ocrx_word' id='word_1_412' title='bbox 3326 2410 3477 2466; x_wconf 89' lang='lat' dir='ltr'><strong>inve-</strong></span> 
     </span>
    </p>
   </div>
   <div class='ocr_carea' id='block_1_56' title="bbox 1893 2489 3474 2570">
    <p class='ocr_par' dir='ltr' id='par_1_56' title="bbox 1893 2489 3474 2570">
     <span class='ocr_line' id='line_1_56' title="bbox 1893 2489 3474 2570; baseline 0.009 -28"><span class='ocrx_word' id='word_1_413' title='bbox 1893 2489 2071 2544; x_wconf 88' lang='lat' dir='ltr'><strong>nietur</strong></span> <span class='ocrx_word' id='word_1_414' title='bbox 2088 2490 2272 2545; x_wconf 90' lang='lat' dir='ltr'><strong>acinus</strong></span> <span class='ocrx_word' id='word_1_415' title='bbox 2288 2491 2339 2545; x_wconf 93' lang='lat' dir='ltr'><strong>in</strong></span> <span class='ocrx_word' id='word_1_416' title='bbox 2370 2492 2546 2558; x_wconf 92' lang='lat' dir='ltr'><strong>botro,</strong></span> <span class='ocrx_word' id='word_1_417' title='bbox 2565 2494 2808 2548; x_wconf 89' lang='lat' dir='ltr'><strong>etdicent</strong></span> <span class='ocrx_word' id='word_1_418' title='bbox 2828 2514 2840 2550; x_wconf 95' lang='lat'><strong>:</strong></span> <span class='ocrx_word' id='word_1_419' title='bbox 2863 2494 3141 2563; x_wconf 57' lang='lat' dir='ltr'><strong>Ne&#39;perdas</strong></span> <span class='ocrx_word' id='word_1_420' title='bbox 3157 2498 3326 2566; x_wconf 90' lang='lat' dir='ltr'><strong>illum,</strong></span> <span class='ocrx_word' id='word_1_421' title='bbox 3347 2503 3474 2570; x_wconf 81' lang='lat' dir='ltr'><strong>quia</strong></span> 
     </span>
    </p>
   </div>
   <div class='ocr_carea' id='block_1_57' title="bbox 1890 2580 3470 2659">
    <p class='ocr_par' dir='ltr' id='par_1_57' title="bbox 1890 2580 3470 2659">
     <span class='ocr_line' id='line_1_57' title="bbox 1890 2580 3470 2659; baseline 0.008 -24"><span class='ocrx_word' id='word_1_422' title='bbox 1890 2580 2198 2638; x_wconf 86' lang='lat' dir='ltr'><strong>benedictio</strong></span> <span class='ocrx_word' id='word_1_423' title='bbox 2223 2593 2306 2638; x_wconf 90' lang='lat' dir='ltr'><strong>est</strong></span> <span class='ocrx_word' id='word_1_424' title='bbox 2334 2585 2387 2638; x_wconf 93' lang='lat' dir='ltr'><strong>in</strong></span> <span class='ocrx_word' id='word_1_425' title='bbox 2410 2584 2502 2639; x_wconf 90' lang='lat' dir='ltr'><strong>illo</strong></span> <span class='ocrx_word' id='word_1_426' title='bbox 2537 2602 2552 2650; x_wconf 87' lang='lat'><strong>;</strong></span> <span class='ocrx_word' id='word_1_427' title='bbox 2583 2586 2661 2641; x_wconf 92' lang='lat' dir='ltr'><strong>sic</strong></span> <span class='ocrx_word' id='word_1_428' title='bbox 2683 2585 2875 2641; x_wconf 84' lang='lat' dir='ltr'><strong>faciam</strong></span> <span class='ocrx_word' id='word_1_429' title='bbox 2901 2601 3119 2659; x_wconf 88' lang='lat' dir='ltr'><strong>propter</strong></span> <span class='ocrx_word' id='word_1_430' title='bbox 3141 2593 3470 2648; x_wconf 80' lang='lat' dir='ltr'><strong>servientem</strong></span> 
     </span>
    </p>
   </div>
   <div class='ocr_carea' id='block_1_58' title="bbox 1891 2669 3470 2746">
    <p class='ocr_par' dir='ltr' id='par_1_58' title="bbox 1891 2669 3470 2746">
     <span class='ocr_line' id='line_1_58' title="bbox 1891 2669 3470 2746; baseline 0.009 -23"><span class='ocrx_word' id='word_1_431' title='bbox 1891 2669 2045 2724; x_wconf 92' lang='lat' dir='ltr'><strong>mihi.</strong></span> <span class='ocrx_word' id='word_1_432' title='bbox 2079 2689 2099 2723; x_wconf 76' lang='grc' dir='ltr'><strong>ι</strong></span> <span class='ocrx_word' id='word_1_433' title='bbox 2138 2671 2244 2727; x_wconf 91' lang='lat' dir='ltr'><strong>Sed</strong></span> <span class='ocrx_word' id='word_1_434' title='bbox 2287 2672 2332 2727; x_wconf 88' lang='lat' dir='ltr'><strong>si</strong></span> <span class='ocrx_word' id='word_1_435' title='bbox 2365 2673 2486 2742; x_wconf 88' lang='lat' dir='ltr'><strong>quis</strong></span> <span class='ocrx_word' id='word_1_436' title='bbox 2545 2675 2687 2728; x_wconf 90' lang='lat' dir='ltr'><strong>inter</strong></span> <span class='ocrx_word' id='word_1_437' title='bbox 2732 2691 2828 2731; x_wconf 91' lang='lat' dir='ltr'><strong>eos</strong></span> <span class='ocrx_word' id='word_1_438' title='bbox 2867 2679 3192 2746; x_wconf 87' lang='lat' dir='ltr'><strong>reperiatur,</strong></span> <span class='ocrx_word' id='word_1_439' title='bbox 3231 2681 3372 2735; x_wconf 88' lang='lat' dir='ltr'><strong>sicut</strong></span> <span class='ocrx_word' id='word_1_440' title='bbox 3415 2683 3470 2738; x_wconf 89' lang='lat' dir='ltr'><strong>in</strong></span> 
     </span>
    </p>
   </div>
   <div class='ocr_carea' id='block_1_59' title="bbox 1887 2763 3470 2842">
    <p class='ocr_par' dir='ltr' id='par_1_59' title="bbox 1887 2763 3470 2842">
     <span class='ocr_line' id='line_1_59' title="bbox 1887 2763 3470 2842; baseline 0.006 -25"><span class='ocrx_word' id='word_1_441' title='bbox 1887 2763 2048 2818; x_wconf 87' lang='lat' dir='ltr'><strong>botro</strong></span> <span class='ocrx_word' id='word_1_442' title='bbox 2073 2764 2246 2829; x_wconf 89' lang='lat' dir='ltr'><strong>arida,</strong></span> <span class='ocrx_word' id='word_1_443' title='bbox 2266 2779 2433 2820; x_wconf 89' lang='lat' dir='ltr'><strong>sanus</strong></span> <span class='ocrx_word' id='word_1_444' title='bbox 2460 2764 2783 2836; x_wconf 84' lang='lat' dir='ltr'><strong>vividusque</strong></span> <span class='ocrx_word' id='word_1_445' title='bbox 2800 2768 3011 2835; x_wconf 89' lang='lat' dir='ltr'><strong>acinus,</strong></span> <span class='ocrx_word' id='word_1_446' title='bbox 3036 2785 3140 2824; x_wconf 91' lang='lat' dir='ltr'><strong>non</strong></span> <span class='ocrx_word' id='word_1_447' title='bbox 3158 2772 3314 2826; x_wconf 90' lang='lat' dir='ltr'><strong>cadet</strong></span> <span class='ocrx_word' id='word_1_448' title='bbox 3330 2772 3470 2842; x_wconf 85' lang='lat' dir='ltr'><strong>apud</strong></span> 
     </span>
    </p>
   </div>
   <div class='ocr_carea' id='block_1_60' title="bbox 1888 2855 3468 2932">
    <p class='ocr_par' dir='ltr' id='par_1_60' title="bbox 1888 2855 3468 2932">
     <span class='ocr_line' id='line_1_60' title="bbox 1888 2855 3468 2932; baseline 0.004 -22"><span class='ocrx_word' id='word_1_449' title='bbox 1888 2870 1974 2910; x_wconf 93' lang='lat' dir='ltr'><strong>me</strong></span> <span class='ocrx_word' id='word_1_450' title='bbox 2004 2855 2262 2926; x_wconf 73' lang='lat' dir='ltr'><strong>iudicem,</strong></span> <span class='ocrx_word' id='word_1_451' title='bbox 2315 2873 2494 2928; x_wconf 91' lang='lat' dir='ltr'><strong>neque</strong></span> <span class='ocrx_word' id='word_1_452' title='bbox 2530 2874 2650 2914; x_wconf 91' lang='lat' dir='ltr'><strong>cum</strong></span> <span class='ocrx_word' id='word_1_453' title='bbox 2693 2861 3050 2930; x_wconf 89' lang='lat' dir='ltr'><strong>pereuntibus</strong></span> <span class='ocrx_word' id='word_1_454' title='bbox 3087 2863 3305 2932; x_wconf 87' lang='lat' dir='ltr'><strong>peribit,</strong></span> <span class='ocrx_word' id='word_1_455' title='bbox 3341 2864 3468 2932; x_wconf 83' lang='lat' dir='ltr'><strong>quia</strong></span> 
     </span>
    </p>
   </div>
   <div class='ocr_carea' id='block_1_61' title="bbox 1890 2948 3469 3024">
    <p class='ocr_par' dir='ltr' id='par_1_61' title="bbox 1890 2948 3469 3024">
     <span class='ocr_line' id='line_1_61' title="bbox 1890 2948 3469 3024; baseline 0.003 -20"><span class='ocrx_word' id='word_1_456' title='bbox 1890 2948 2289 3013; x_wconf 86' lang='lat' dir='ltr'><strong>benedictionis</strong></span> <span class='ocrx_word' id='word_1_457' title='bbox 2324 2951 2604 3021; x_wconf 89' lang='lat' dir='ltr'><strong>particeps</strong></span> <span class='ocrx_word' id='word_1_458' title='bbox 2627 2961 2730 3007; x_wconf 89' lang='lat' dir='ltr'><strong>est.</strong></span> <span class='ocrx_word' id='word_1_459' title='bbox 2757 2949 2930 3007; x_wconf 90' lang='lat' dir='ltr'><strong>Tanto</strong></span> <span class='ocrx_word' id='word_1_460' title='bbox 2957 2961 3136 3009; x_wconf 87' lang='lat' dir='ltr'><strong>autem</strong></span> <span class='ocrx_word' id='word_1_461' title='bbox 3178 2954 3469 3024; x_wconf 78' lang='lat' dir='ltr'><strong>pretiosior</strong></span> 
     </span>
    </p>
   </div>
   <div class='ocr_carea' id='block_1_62' title="bbox 199 3043 1790 3126">
    <p class='ocr_par' dir='ltr' id='par_1_62' title="bbox 199 3045 1787 3126">
     <span class='ocr_line' id='line_1_62' title="bbox 199 3045 1787 3126; baseline 0.006 -24"><span class='ocrx_word' id='word_1_462' title='bbox 199 3045 268 3102; x_wconf 78' lang='grc' dir='ltr'><strong>τὺ</strong></span> <span class='ocrx_word' id='word_1_463' title='bbox 302 3048 549 3119; x_wconf 87' lang='grc' dir='ltr'>μετέχειν</span> <span class='ocrx_word' id='word_1_464' title='bbox 567 3049 733 3103; x_wconf 82' lang='grc' dir='ltr'>αὑτὸν</span> <span class='ocrx_word' id='word_1_465' title='bbox 757 3051 1022 3121; x_wconf 82' lang='grc' dir='ltr'>εὐλογίας.</span> <span class='ocrx_word' id='word_1_466' title='bbox 1062 3051 1217 3106; x_wconf 89' lang='grc' dir='ltr'>Οὕτω</span> <span class='ocrx_word' id='word_1_467' title='bbox 1239 3053 1297 3107; x_wconf 89' lang='grc' dir='ltr'><strong>δέ</strong></span> <span class='ocrx_word' id='word_1_468' title='bbox 1327 3053 1478 3109; x_wconf 83' lang='grc' dir='ltr'>ἐσται</span> <span class='ocrx_word' id='word_1_469' title='bbox 1502 3057 1530 3108; x_wconf 87' lang='lat'><strong>6</strong></span> <span class='ocrx_word' id='word_1_470' title='bbox 1561 3055 1672 3126; x_wconf 82' lang='grc' dir='ltr'><strong>ρὼξ</strong></span> <span class='ocrx_word' id='word_1_471' title='bbox 1695 3051 1787 3112; x_wconf 87' lang='grc' dir='ltr'>οὕ-</span> 
     </span>
    </p>
   </div>
   <div class='ocr_carea' id='block_1_63' title="bbox 1899 3043 3467 3126">
    <p class='ocr_par' dir='ltr' id='par_1_63' title="bbox 1899 3043 3467 3116">
     <span class='ocr_line' id='line_1_63' title="bbox 1899 3043 3467 3116; baseline 0.004 -19"><span class='ocrx_word' id='word_1_472' title='bbox 1899 3043 2036 3113; x_wconf 81' lang='lat' dir='ltr'><strong>apud</strong></span> <span class='ocrx_word' id='word_1_473' title='bbox 2069 3057 2156 3100; x_wconf 85' lang='lat' dir='ltr'><strong>me</strong></span> <span class='ocrx_word' id='word_1_474' title='bbox 2183 3043 2289 3098; x_wconf 89' lang='lat' dir='ltr'><strong>erit</strong></span> <span class='ocrx_word' id='word_1_475' title='bbox 2322 3044 2413 3099; x_wconf 86' lang='lat' dir='ltr'><strong>hic</strong></span> <span class='ocrx_word' id='word_1_476' title='bbox 2451 3046 2663 3110; x_wconf 90' lang='lat' dir='ltr'><strong>acinus,</strong></span> <span class='ocrx_word' id='word_1_477' title='bbox 2709 3054 2914 3116; x_wconf 91' lang='lat' dir='ltr'><strong>quanto</strong></span> <span class='ocrx_word' id='word_1_478' title='bbox 2961 3047 3162 3102; x_wconf 87' lang='lat' dir='ltr'><strong>rarior.</strong></span> <span class='ocrx_word' id='word_1_479' title='bbox 3201 3048 3282 3102; x_wconf 88' lang='lat' dir='ltr'><strong>Ad</strong></span> <span class='ocrx_word' id='word_1_480' title='bbox 3321 3047 3467 3104; x_wconf 90' lang='lat' dir='ltr'><strong>hunc</strong></span> 
     </span>
    </p>
   </div>
   <div class='ocr_carea' id='block_1_64' title="bbox 199 3138 1788 3212">
    <p class='ocr_par' dir='ltr' id='par_1_64' title="bbox 199 3138 1788 3212">
     <span class='ocr_line' id='line_1_64' title="bbox 199 3138 1788 3212; baseline 0.008 -23"><span class='ocrx_word' id='word_1_481' title='bbox 199 3154 296 3201; x_wconf 70' lang='grc' dir='ltr'><strong>τος</strong></span> <span class='ocrx_word' id='word_1_482' title='bbox 328 3138 507 3208; x_wconf 89' lang='grc' dir='ltr'>τίμιος</span> <span class='ocrx_word' id='word_1_483' title='bbox 547 3139 676 3212; x_wconf 87' lang='grc' dir='ltr'>παρ’</span> <span class='ocrx_word' id='word_1_484' title='bbox 707 3140 860 3212; x_wconf 74' lang='grc' dir='ltr'>ἐμοὶ,</span> <span class='ocrx_word' id='word_1_485' title='bbox 890 3141 999 3212; x_wconf 82' lang='grc' dir='ltr'><strong>ὅσῳ</strong></span> <span class='ocrx_word' id='word_1_486' title='bbox 1037 3143 1131 3196; x_wconf 81' lang='grc' dir='ltr'><strong>καὶ</strong></span> <span class='ocrx_word' id='word_1_487' title='bbox 1167 3144 1409 3208; x_wconf 84' lang='grc' dir='ltr'>σπάνιος.</span> <span class='ocrx_word' id='word_1_488' title='bbox 1445 3145 1606 3200; x_wconf 84' lang='grc' dir='ltr'>Κατὰ</span> <span class='ocrx_word' id='word_1_489' title='bbox 1629 3147 1788 3202; x_wconf 89' lang='grc' dir='ltr'>τοῦτο</span> 
     </span>
    </p>
   </div>
   <div class='ocr_carea' id='block_1_65' title="bbox 199 3227 1786 3309">
    <p class='ocr_par' dir='ltr' id='par_1_65' title="bbox 199 3227 1786 3309">
     <span class='ocr_line' id='line_1_65' title="bbox 199 3227 1786 3309; baseline 0.006 -27"><span class='ocrx_word' id='word_1_490' title='bbox 199 3227 263 3282; x_wconf 85' lang='grc' dir='ltr'>δὲ</span> <span class='ocrx_word' id='word_1_491' title='bbox 293 3229 356 3283; x_wconf 80' lang='grc' dir='ltr'>τὸ</span> <span class='ocrx_word' id='word_1_492' title='bbox 385 3230 733 3302; x_wconf 86' lang='grc' dir='ltr'>παράδειγμα</span> <span class='ocrx_word' id='word_1_493' title='bbox 754 3232 847 3286; x_wconf 76' lang='grc' dir='ltr'>καὶ</span> <span class='ocrx_word' id='word_1_494' title='bbox 878 3233 969 3286; x_wconf 78' lang='grc' dir='ltr'>ἐπὶ</span> <span class='ocrx_word' id='word_1_495' title='bbox 988 3232 1082 3286; x_wconf 89' lang='grc' dir='ltr'><strong>τοῦ</strong></span> <span class='ocrx_word' id='word_1_496' title='bbox 1111 3233 1313 3297; x_wconf 82' lang='grc' dir='ltr'>παντὸς</span> <span class='ocrx_word' id='word_1_497' title='bbox 1341 3234 1527 3300; x_wconf 83' lang='grc' dir='ltr'>έθνους</span> <span class='ocrx_word' id='word_1_498' title='bbox 1555 3238 1786 3309; x_wconf 85' lang='grc' dir='ltr'>ποιήσω,</span> 
     </span>
    </p>
   </div>
   <div class='ocr_carea' id='block_1_66' title="bbox 201 3323 1786 3399">
    <p class='ocr_par' dir='ltr' id='par_1_66' title="bbox 201 3323 1786 3399">
     <span class='ocr_line' id='line_1_66' title="bbox 201 3323 1786 3399; baseline 0.006 -25"><span class='ocrx_word' id='word_1_499' title='bbox 201 3323 364 3394; x_wconf 81' lang='grc' dir='ltr'>είπερ</span> <span class='ocrx_word' id='word_1_500' title='bbox 411 3340 494 3386; x_wconf 89' lang='grc' dir='ltr'><strong>τις</strong></span> <span class='ocrx_word' id='word_1_501' title='bbox 542 3324 790 3396; x_wconf 82' lang='grc' dir='ltr'>εὑρεθείη</span> <span class='ocrx_word' id='word_1_502' title='bbox 829 3325 922 3378; x_wconf 80' lang='grc' dir='ltr'>καὶ</span> <span class='ocrx_word' id='word_1_503' title='bbox 966 3325 1024 3378; x_wconf 91' lang='grc' dir='ltr'><strong>ἐν</strong></span> <span class='ocrx_word' id='word_1_504' title='bbox 1059 3324 1269 3389; x_wconf 85' lang='grc' dir='ltr'>τούτοις</span> <span class='ocrx_word' id='word_1_505' title='bbox 1309 3327 1580 3399; x_wconf 87' lang='grc' dir='ltr'>σωτηρίας</span> <span class='ocrx_word' id='word_1_506' title='bbox 1615 3329 1786 3395; x_wconf 79' lang='grc' dir='ltr'>ἄξιος.</span> 
     </span>
    </p>
   </div>
   <div class='ocr_carea' id='block_1_67' title="bbox 281 3413 1787 3490">
    <p class='ocr_par' dir='ltr' id='par_1_67' title="bbox 281 3413 1787 3490">
     <span class='ocr_line' id='line_1_67' title="bbox 281 3413 1787 3490; baseline 0.007 -26"><span class='ocrx_word' id='word_1_507' title='bbox 281 3433 302 3464; x_wconf 79' lang='grc' dir='ltr'><strong>ι</strong></span> <span class='ocrx_word' id='word_1_508' title='bbox 333 3413 539 3467; x_wconf 79' lang='grc' dir='ltr'>Τούτου</span> <span class='ocrx_word' id='word_1_509' title='bbox 565 3415 750 3469; x_wconf 77' lang='grc' dir='ltr'>ἕνεκεν</span> <span class='ocrx_word' id='word_1_510' title='bbox 785 3417 844 3468; x_wconf 85' lang='grc' dir='ltr'><strong>οὑ</strong></span> <span class='ocrx_word' id='word_1_511' title='bbox 872 3416 947 3488; x_wconf 77' lang='grc' dir='ltr'>μὴ</span> <span class='ocrx_word' id='word_1_512' title='bbox 977 3415 1228 3470; x_wconf 85' lang='grc' dir='ltr'>ἀπολέσω</span> <span class='ocrx_word' id='word_1_513' title='bbox 1249 3418 1478 3486; x_wconf 85' lang='grc' dir='ltr'>πάντας,</span> <span class='ocrx_word' id='word_1_514' title='bbox 1499 3419 1592 3473; x_wconf 72' lang='grc' dir='ltr'>καὶ</span> <span class='ocrx_word' id='word_1_515' title='bbox 1613 3419 1787 3490; x_wconf 81' lang='grc' dir='ltr'>ἐξάξω</span> 
     </span>
    </p>
   </div>
   <div class='ocr_carea' id='block_1_68' title="bbox 198 3502 1788 3583">
    <p class='ocr_par' dir='ltr' id='par_1_68' title="bbox 198 3502 1788 3583">
     <span class='ocr_line' id='line_1_68' title="bbox 198 3502 1788 3583; baseline 0.005 -27"><span class='ocrx_word' id='word_1_516' title='bbox 198 3503 263 3557; x_wconf 81' lang='grc' dir='ltr'>τὸ</span> <span class='ocrx_word' id='word_1_517' title='bbox 291 3502 353 3568; x_wconf 81' lang='grc' dir='ltr'>ἐξ</span> <span class='ocrx_word' id='word_1_518' title='bbox 396 3505 592 3558; x_wconf 78' lang='grc' dir='ltr'><strong>Ἰακὼϐ</strong></span> <span class='ocrx_word' id='word_1_519' title='bbox 625 3507 848 3578; x_wconf 83' lang='grc' dir='ltr'>σπέρμα</span> <span class='ocrx_word' id='word_1_520' title='bbox 881 3509 974 3561; x_wconf 74' lang='grc' dir='ltr'><strong>καὶ</strong></span> <span class='ocrx_word' id='word_1_521' title='bbox 993 3507 1052 3574; x_wconf 81' lang='grc' dir='ltr'>ἐξ</span> <span class='ocrx_word' id='word_1_522' title='bbox 1098 3508 1294 3562; x_wconf 78' lang='grc' dir='ltr'>Ἰούδαο</span> <span class='ocrx_word' id='word_1_523' title='bbox 1331 3510 1426 3563; x_wconf 77' lang='grc' dir='ltr'>καὶ</span> <span class='ocrx_word' id='word_1_524' title='bbox 1450 3509 1788 3583; x_wconf 87' lang='grc' dir='ltr'>κληρονομή-</span> 
     </span>
    </p>
   </div>
   <div class='ocr_carea' id='block_1_69' title="bbox 199 3595 1784 3675">
    <p class='ocr_par' dir='ltr' id='par_1_69' title="bbox 199 3595 1784 3675">
     <span class='ocr_line' id='line_1_69' title="bbox 199 3595 1784 3675; baseline 0.006 -27"><span class='ocrx_word' id='word_1_525' title='bbox 199 3612 287 3648; x_wconf 86' lang='grc' dir='ltr'><strong>σει</strong></span> <span class='ocrx_word' id='word_1_526' title='bbox 321 3595 382 3648; x_wconf 80' lang='grc' dir='ltr'><strong>τδ</strong></span> <span class='ocrx_word' id='word_1_527' title='bbox 429 3597 554 3668; x_wconf 82' lang='grc' dir='ltr'>ὅρος</span> <span class='ocrx_word' id='word_1_528' title='bbox 595 3597 657 3651; x_wconf 83' lang='grc' dir='ltr'>τὸ</span> <span class='ocrx_word' id='word_1_529' title='bbox 691 3597 844 3668; x_wconf 76' lang='grc' dir='ltr'>ἅγιόν</span> <span class='ocrx_word' id='word_1_530' title='bbox 877 3615 1012 3670; x_wconf 77' lang='grc' dir='ltr'>μουο</span> <span class='ocrx_word' id='word_1_531' title='bbox 1043 3601 1138 3654; x_wconf 80' lang='grc' dir='ltr'><strong>καὶ</strong></span> <span class='ocrx_word' id='word_1_532' title='bbox 1189 3601 1688 3675; x_wconf 77' lang='grc' dir='ltr'>κληρονομήσουσιν</span> <span class='ocrx_word' id='word_1_533' title='bbox 1735 3606 1784 3659; x_wconf 75' lang='lat' dir='ltr'><strong>oi</strong></span> 
     </span>
    </p>
   </div>
   <div class='ocr_carea' id='block_1_70' title="bbox 199 3687 1784 3766">
    <p class='ocr_par' dir='ltr' id='par_1_70' title="bbox 199 3687 1784 3766">
     <span class='ocr_line' id='line_1_70' title="bbox 199 3687 1784 3766; baseline 0.006 -27"><span class='ocrx_word' id='word_1_534' title='bbox 199 3687 451 3741; x_wconf 81' lang='grc' dir='ltr'>ἐκλεκτοί</span> <span class='ocrx_word' id='word_1_535' title='bbox 498 3706 599 3759; x_wconf 89' lang='grc' dir='ltr'><strong>μου</strong></span> <span class='ocrx_word' id='word_1_536' title='bbox 649 3689 743 3743; x_wconf 75' lang='grc' dir='ltr'><strong>καὶ</strong></span> <span class='ocrx_word' id='word_1_537' title='bbox 780 3691 830 3743; x_wconf 83' lang='grc' dir='ltr'>οἱ</span> <span class='ocrx_word' id='word_1_538' title='bbox 862 3690 1041 3744; x_wconf 83' lang='grc' dir='ltr'>δοῦλοί</span> <span class='ocrx_word' id='word_1_539' title='bbox 1082 3709 1207 3763; x_wconf 87' lang='grc' dir='ltr'>μου,</span> <span class='ocrx_word' id='word_1_540' title='bbox 1235 3693 1330 3746; x_wconf 55' lang='grc' dir='ltr'><strong>καὶ⁵</strong></span> <span class='ocrx_word' id='word_1_541' title='bbox 1365 3695 1784 3766; x_wconf 78' lang='grc' dir='ltr'>κατοικήσουσιν</span> 
     </span>
    </p>
   </div>
   <div class='ocr_carea' id='block_1_71' title="bbox 199 3780 1784 3860">
    <p class='ocr_par' dir='ltr' id='par_1_71' title="bbox 199 3780 1784 3860">
     <span class='ocr_line' id='line_1_71' title="bbox 199 3780 1784 3860; baseline 0.006 -27"><span class='ocrx_word' id='word_1_542' title='bbox 199 3780 337 3834; x_wconf 78' lang='grc' dir='ltr'>ἐκεῖ.</span> <span class='ocrx_word' id='word_1_543' title='bbox 380 3801 400 3833; x_wconf 73' lang='grc' dir='ltr'><strong>ι</strong></span> <span class='ocrx_word' id='word_1_544' title='bbox 440 3781 513 3834; x_wconf 82' lang='grc' dir='ltr'>Τὸ</span> <span class='ocrx_word' id='word_1_545' title='bbox 549 3783 755 3853; x_wconf 87' lang='grc' dir='ltr'>ἀγαθὸν</span> <span class='ocrx_word' id='word_1_546' title='bbox 804 3785 899 3838; x_wconf 76' lang='grc' dir='ltr'><strong>καὶ</strong></span> <span class='ocrx_word' id='word_1_547' title='bbox 947 3786 1171 3840; x_wconf 87' lang='grc' dir='ltr'>σπάνιον</span> <span class='ocrx_word' id='word_1_548' title='bbox 1223 3788 1477 3858; x_wconf 83' lang='grc' dir='ltr'>σπέρμα,</span> <span class='ocrx_word' id='word_1_549' title='bbox 1513 3787 1714 3860; x_wconf 75' lang='grc' dir='ltr'>δηλαδὴ</span> <span class='ocrx_word' id='word_1_550' title='bbox 1756 3791 1784 3842; x_wconf 82' lang='grc' dir='ltr'><strong>ό</strong></span> 
     </span>
    </p>
   </div>
   <div class='ocr_carea' id='block_1_72' title="bbox 196 3873 1784 3951">
    <p class='ocr_par' dir='ltr' id='par_1_72' title="bbox 196 3873 1784 3951">
     <span class='ocr_line' id='line_1_72' title="bbox 196 3873 1784 3951; baseline 0.006 -26"><span class='ocrx_word' id='word_1_551' title='bbox 196 3873 561 3938; x_wconf 80' lang='grc' dir='ltr'>ἀποστολικὸς</span> <span class='ocrx_word' id='word_1_552' title='bbox 604 3875 762 3948; x_wconf 83' lang='grc' dir='ltr'>χορὸς</span> <span class='ocrx_word' id='word_1_553' title='bbox 813 3876 908 3930; x_wconf 91' lang='grc' dir='ltr'><strong>τοῦ</strong></span> <span class='ocrx_word' id='word_1_554' title='bbox 961 3877 1200 3949; x_wconf 86' lang='grc' dir='ltr'>πλήθους</span> <span class='ocrx_word' id='word_1_555' title='bbox 1244 3879 1353 3934; x_wconf 84' lang='grc' dir='ltr'><strong>τῶν</strong></span> <span class='ocrx_word' id='word_1_556' title='bbox 1397 3879 1784 3951; x_wconf 82' lang='grc' dir='ltr'>ἀπολλυμένων</span> 
     </span>
    </p>
   </div>
   <div class='ocr_carea' id='block_1_73' title="bbox 196 3965 1783 4037">
    <p class='ocr_par' dir='ltr' id='par_1_73' title="bbox 196 3965 1783 4037">
     <span class='ocr_line' id='line_1_73' title="bbox 196 3965 1783 4037; baseline 0.006 -21"><span class='ocrx_word' id='word_1_557' title='bbox 196 3965 535 4036; x_wconf 80' lang='grc' dir='ltr'>ἀφορισθείς.</span> <span class='ocrx_word' id='word_1_558' title='bbox 568 3968 739 4022; x_wconf 85' lang='grc' dir='ltr'>Πάλιν</span> <span class='ocrx_word' id='word_1_559' title='bbox 771 3969 1048 4024; x_wconf 86' lang='grc' dir='ltr'>κάνταῦθα</span> <span class='ocrx_word' id='word_1_560' title='bbox 1098 3971 1389 4036; x_wconf 79' lang='grc' dir='ltr'>ἐκλεκτοὺς</span> <span class='ocrx_word' id='word_1_561' title='bbox 1423 3972 1517 4026; x_wconf 75' lang='grc' dir='ltr'><strong>καὶ</strong></span> <span class='ocrx_word' id='word_1_562' title='bbox 1566 3972 1783 4037; x_wconf 88' lang='grc' dir='ltr'>δούλους</span> 
     </span>
    </p>
   </div>
   <div class='ocr_carea' id='block_1_74' title="bbox 195 4055 1783 4137">
    <p class='ocr_par' dir='ltr' id='par_1_74' title="bbox 195 4055 1783 4137">
     <span class='ocr_line' id='line_1_74' title="bbox 195 4055 1783 4137; baseline 0.004 -26"><span class='ocrx_word' id='word_1_563' title='bbox 195 4055 364 4111; x_wconf 85' lang='grc' dir='ltr'>αὐτοῦ</span> <span class='ocrx_word' id='word_1_564' title='bbox 402 4059 529 4123; x_wconf 81' lang='grc' dir='ltr'>τοὺς</span> <span class='ocrx_word' id='word_1_565' title='bbox 569 4060 900 4126; x_wconf 87' lang='grc' dir='ltr'>ἀποστόλους</span> <span class='ocrx_word' id='word_1_566' title='bbox 934 4061 1210 4133; x_wconf 88' lang='grc' dir='ltr'>σημαίνει,</span> <span class='ocrx_word' id='word_1_567' title='bbox 1261 4064 1456 4128; x_wconf 76' lang='grc' dir='ltr'>οἵτινες</span> <span class='ocrx_word' id='word_1_568' title='bbox 1494 4063 1570 4129; x_wconf 82' lang='grc' dir='ltr'><strong>ὡς</strong></span> <span class='ocrx_word' id='word_1_569' title='bbox 1608 4065 1783 4137; x_wconf 77' lang='grc' dir='ltr'><strong>ρὦες</strong></span> 
     </span>
    </p>
   </div>
   <div class='ocr_carea' id='block_1_75' title="bbox 193 4148 1784 4227">
    <p class='ocr_par' dir='ltr' id='par_1_75' title="bbox 193 4148 1784 4227">
     <span class='ocr_line' id='line_1_75' title="bbox 193 4148 1784 4227; baseline 0.006 -25"><span class='ocrx_word' id='word_1_570' title='bbox 193 4148 488 4221; x_wconf 85' lang='grc' dir='ltr'>εὕρηνται·</span> <span class='ocrx_word' id='word_1_571' title='bbox 532 4150 624 4215; x_wconf 89' lang='grc' dir='ltr'><strong>οὕς</strong></span> <span class='ocrx_word' id='word_1_572' title='bbox 650 4152 744 4205; x_wconf 75' lang='grc' dir='ltr'><strong>καὶ</strong></span> <span class='ocrx_word' id='word_1_573' title='bbox 769 4153 1128 4225; x_wconf 80' lang='grc' dir='ltr'>ἐκλεξάμενος</span> <span class='ocrx_word' id='word_1_574' title='bbox 1154 4156 1545 4227; x_wconf 83' lang='grc' dir='ltr'>περιφυλάττει</span> <span class='ocrx_word' id='word_1_575' title='bbox 1577 4159 1642 4210; x_wconf 85' lang='grc' dir='ltr'><strong>ἐκ</strong></span> <span class='ocrx_word' id='word_1_576' title='bbox 1674 4157 1784 4212; x_wconf 87' lang='grc' dir='ltr'><strong>τῶν</strong></span> 
     </span>
    </p>
   </div>
   <div class='ocr_carea' id='block_1_76' title="bbox 196 4241 1723 4320">
    <p class='ocr_par' dir='ltr' id='par_1_76' title="bbox 196 4241 1723 4320">
     <span class='ocr_line' id='line_1_76' title="bbox 196 4241 1723 4320; baseline 0.006 -26"><span class='ocrx_word' id='word_1_577' title='bbox 196 4241 425 4312; x_wconf 78' lang='grc' dir='ltr'>ἐτέρων,</span> <span class='ocrx_word' id='word_1_578' title='bbox 461 4243 556 4296; x_wconf 69' lang='grc' dir='ltr'><strong>καὶ</strong></span> <span class='ocrx_word' id='word_1_579' title='bbox 590 4243 814 4316; x_wconf 89' lang='grc' dir='ltr'>σπέρμα</span> <span class='ocrx_word' id='word_1_580' title='bbox 837 4246 990 4314; x_wconf 84' lang='grc' dir='ltr'>ἆγιον</span> <span class='ocrx_word' id='word_1_581' title='bbox 1020 4247 1114 4299; x_wconf 78' lang='grc' dir='ltr'>καὶ</span> <span class='ocrx_word' id='word_1_582' title='bbox 1144 4247 1397 4302; x_wconf 85' lang='grc' dir='ltr'>ἐκλεκτὸν</span> <span class='ocrx_word' id='word_1_583' title='bbox 1421 4248 1723 4320; x_wconf 83' lang='grc' dir='ltr'>ὠνόμασεν.</span> 
     </span>
    </p>
   </div>
   <div class='ocr_carea' id='block_1_77' title="bbox 271 4331 1780 4411">
    <p class='ocr_par' dir='ltr' id='par_1_77' title="bbox 271 4331 1780 4411">
     <span class='ocr_line' id='line_1_77' title="bbox 271 4331 1780 4411; baseline 0.009 -29"><span class='ocrx_word' id='word_1_584' title='bbox 271 4349 293 4382; x_wconf 78' lang='grc' dir='ltr'><strong>ι</strong></span> <span class='ocrx_word' id='word_1_585' title='bbox 325 4331 436 4384; x_wconf 74' lang='grc' dir='ltr'><strong>Καὶ</strong></span> <span class='ocrx_word' id='word_1_586' title='bbox 463 4331 676 4386; x_wconf 76' lang='grc' dir='ltr'>ἔσονται</span> <span class='ocrx_word' id='word_1_587' title='bbox 705 4336 764 4388; x_wconf 89' lang='grc' dir='ltr'><strong>ἐν</strong></span> <span class='ocrx_word' id='word_1_588' title='bbox 783 4334 862 4405; x_wconf 84' lang='grc' dir='ltr'><strong>τῷ</strong></span> <span class='ocrx_word' id='word_1_589' title='bbox 887 4335 1077 4407; x_wconf 80' lang='grc' dir='ltr'>δρυμῷ</span> <span class='ocrx_word' id='word_1_590' title='bbox 1098 4336 1356 4402; x_wconf 85' lang='grc' dir='ltr'>ἐπαύλεις</span> <span class='ocrx_word' id='word_1_591' title='bbox 1378 4339 1664 4411; x_wconf 85' lang='grc' dir='ltr'>ποιμνίων.</span> <span class='ocrx_word' id='word_1_592' title='bbox 1685 4341 1780 4395; x_wconf 74' lang='grc' dir='ltr'>καὶ</span> 
     </span>
    </p>
   </div>
   <div class='ocr_carea' id='block_1_78' title="bbox 1888 3134 3462 3211">
    <p class='ocr_par' dir='ltr' id='par_1_78' title="bbox 1888 3134 3462 3211">
     <span class='ocr_line' id='line_1_78' title="bbox 1888 3134 3462 3211; baseline 0.004 -23"><span class='ocrx_word' id='word_1_593' title='bbox 1888 3134 2048 3205; x_wconf 89' lang='lat' dir='ltr'><strong>plane</strong></span> <span class='ocrx_word' id='word_1_594' title='bbox 2063 3135 2278 3190; x_wconf 91' lang='lat' dir='ltr'><strong>modum</strong></span> <span class='ocrx_word' id='word_1_595' title='bbox 2310 3146 2366 3191; x_wconf 92' lang='lat' dir='ltr'><strong>et</strong></span> <span class='ocrx_word' id='word_1_596' title='bbox 2391 3136 2620 3192; x_wconf 88' lang='lat' dir='ltr'><strong>formam</strong></span> <span class='ocrx_word' id='word_1_597' title='bbox 2651 3153 2771 3192; x_wconf 90' lang='lat' dir='ltr'><strong>cum</strong></span> <span class='ocrx_word' id='word_1_598' title='bbox 2800 3147 2957 3206; x_wconf 87' lang='lat' dir='ltr'><strong>gente</strong></span> <span class='ocrx_word' id='word_1_599' title='bbox 2985 3146 3099 3194; x_wconf 91' lang='lat' dir='ltr'><strong>tota</strong></span> <span class='ocrx_word' id='word_1_600' title='bbox 3128 3154 3243 3194; x_wconf 86' lang='lat' dir='ltr'><strong>rem</strong></span> <span class='ocrx_word' id='word_1_601' title='bbox 3282 3153 3462 3211; x_wconf 87' lang='lat' dir='ltr'><strong>agam,</strong></span> 
     </span>
    </p>
   </div>
   <div class='ocr_carea' id='block_1_79' title="bbox 1888 3226 3186 3301">
    <p class='ocr_par' dir='ltr' id='par_1_79' title="bbox 1888 3226 3186 3301">
     <span class='ocr_line' id='line_1_79' title="bbox 1888 3226 3186 3301; baseline 0.005 -21"><span class='ocrx_word' id='word_1_602' title='bbox 1888 3226 1937 3281; x_wconf 89' lang='lat' dir='ltr'><strong>si</strong></span> <span class='ocrx_word' id='word_1_603' title='bbox 1971 3227 2093 3297; x_wconf 91' lang='lat' dir='ltr'><strong>quis</strong></span> <span class='ocrx_word' id='word_1_604' title='bbox 2114 3242 2283 3298; x_wconf 91' lang='lat' dir='ltr'><strong>penes</strong></span> <span class='ocrx_word' id='word_1_605' title='bbox 2310 3228 2433 3285; x_wconf 92' lang='lat' dir='ltr'><strong>illos</strong></span> <span class='ocrx_word' id='word_1_606' title='bbox 2454 3229 2756 3300; x_wconf 90' lang='lat' dir='ltr'><strong>reperiatur</strong></span> <span class='ocrx_word' id='word_1_607' title='bbox 2781 3230 2956 3286; x_wconf 87' lang='lat' dir='ltr'><strong>salute</strong></span> <span class='ocrx_word' id='word_1_608' title='bbox 2978 3229 3186 3301; x_wconf 86' lang='lat' dir='ltr'><strong>dignus.</strong></span> 
     </span>
    </p>
   </div>
   <div class='ocr_carea' id='block_1_80' title="bbox 1958 3405 3463 3477">
    <p class='ocr_par' dir='ltr' id='par_1_80' title="bbox 1958 3405 3463 3477">
     <span class='ocr_line' id='line_1_80' title="bbox 1958 3405 3463 3477; baseline -0.001 -14"><span class='ocrx_word' id='word_1_609' title='bbox 1958 3406 2122 3463; x_wconf 72' lang='lat' dir='ltr'><strong>Vens.</strong></span> <span class='ocrx_word' id='word_1_610' title='bbox 2149 3407 2202 3463; x_wconf 90' lang='lat'><strong>9.</strong></span> <span class='ocrx_word' id='word_1_611' title='bbox 2229 3425 2248 3460; x_wconf 81' lang='grc' dir='ltr'><strong>ι</strong></span> <span class='ocrx_word' id='word_1_612' title='bbox 2275 3405 2400 3463; x_wconf 87' lang='lat' dir='ltr'><strong>Ideo</strong></span> <span class='ocrx_word' id='word_1_613' title='bbox 2431 3423 2536 3462; x_wconf 93' lang='lat' dir='ltr'><strong>non</strong></span> <span class='ocrx_word' id='word_1_614' title='bbox 2577 3407 2800 3477; x_wconf 90' lang='lat' dir='ltr'><strong>perdam</strong></span> <span class='ocrx_word' id='word_1_615' title='bbox 2836 3422 3044 3474; x_wconf 89' lang='lat' dir='ltr'><strong>omnes,</strong></span> <span class='ocrx_word' id='word_1_616' title='bbox 3070 3416 3126 3462; x_wconf 93' lang='lat' dir='ltr'><strong>et</strong></span> <span class='ocrx_word' id='word_1_617' title='bbox 3147 3408 3372 3462; x_wconf 87' lang='lat' dir='ltr'><strong>educam</strong></span> <span class='ocrx_word' id='word_1_618' title='bbox 3392 3406 3463 3462; x_wconf 90' lang='lat' dir='ltr'><strong>de</strong></span> 
     </span>
    </p>
   </div>
   <div class='ocr_carea' id='block_1_81' title="bbox 1885 3497 3460 3570">
    <p class='ocr_par' dir='ltr' id='par_1_81' title="bbox 1885 3497 3460 3570">
     <span class='ocr_line' id='line_1_81' title="bbox 1885 3497 3460 3570; baseline 0 -17"><span class='ocrx_word' id='word_1_619' title='bbox 1885 3497 2051 3554; x_wconf 89' lang='lat' dir='ltr'><strong>Jacob</strong></span> <span class='ocrx_word' id='word_1_620' title='bbox 2073 3514 2278 3564; x_wconf 86' lang='lat' dir='ltr'><strong>semen,</strong></span> <span class='ocrx_word' id='word_1_621' title='bbox 2299 3509 2353 3554; x_wconf 88' lang='lat' dir='ltr'><strong>et</strong></span> <span class='ocrx_word' id='word_1_622' title='bbox 2378 3500 2443 3553; x_wconf 92' lang='lat' dir='ltr'><strong>de</strong></span> <span class='ocrx_word' id='word_1_623' title='bbox 2462 3498 2596 3554; x_wconf 83' lang='lat' dir='ltr'><strong>Juda</strong></span> <span class='ocrx_word' id='word_1_624' title='bbox 2621 3518 2634 3554; x_wconf 93' lang='lat'><strong>:</strong></span> <span class='ocrx_word' id='word_1_625' title='bbox 2655 3510 2709 3556; x_wconf 90' lang='lat' dir='ltr'><strong>et</strong></span> <span class='ocrx_word' id='word_1_626' title='bbox 2744 3501 3042 3570; x_wconf 90' lang='lat' dir='ltr'><strong>possidebit</strong></span> <span class='ocrx_word' id='word_1_627' title='bbox 3065 3510 3300 3554; x_wconf 90' lang='lat' dir='ltr'><strong>montem</strong></span> <span class='ocrx_word' id='word_1_628' title='bbox 3327 3514 3460 3554; x_wconf 85' lang='lat' dir='ltr'><strong>san-</strong></span> 
     </span>
    </p>
   </div>
   <div class='ocr_carea' id='block_1_82' title="bbox 1885 3591 3458 3655">
    <p class='ocr_par' dir='ltr' id='par_1_82' title="bbox 1885 3591 3458 3655">
     <span class='ocr_line' id='line_1_82' title="bbox 1885 3591 3458 3655; baseline -0.001 -9"><span class='ocrx_word' id='word_1_629' title='bbox 1885 3601 2031 3646; x_wconf 90' lang='lat' dir='ltr'><strong>ctum</strong></span> <span class='ocrx_word' id='word_1_630' title='bbox 2054 3606 2230 3645; x_wconf 91' lang='lat' dir='ltr'><strong>meum</strong></span> <span class='ocrx_word' id='word_1_631' title='bbox 2255 3607 2269 3644; x_wconf 89' lang='lat'><strong>:</strong></span> <span class='ocrx_word' id='word_1_632' title='bbox 2299 3601 2352 3646; x_wconf 89' lang='lat' dir='ltr'><strong>et</strong></span> <span class='ocrx_word' id='word_1_633' title='bbox 2373 3591 2768 3647; x_wconf 72' lang='lat' dir='ltr'><strong>haereditabunt</strong></span> <span class='ocrx_word' id='word_1_634' title='bbox 2787 3593 2942 3649; x_wconf 91' lang='lat' dir='ltr'><strong>electi</strong></span> <span class='ocrx_word' id='word_1_635' title='bbox 2966 3593 3070 3647; x_wconf 87' lang='lat' dir='ltr'><strong>mei</strong></span> <span class='ocrx_word' id='word_1_636' title='bbox 3090 3601 3145 3646; x_wconf 88' lang='lat' dir='ltr'><strong>et</strong></span> <span class='ocrx_word' id='word_1_637' title='bbox 3166 3591 3308 3647; x_wconf 81' lang='lat' dir='ltr'><strong>servi</strong></span> <span class='ocrx_word' id='word_1_638' title='bbox 3329 3591 3458 3655; x_wconf 90' lang='lat' dir='ltr'><strong>mei,</strong></span> 
     </span>
    </p>
   </div>
   <div class='ocr_carea' id='block_1_83' title="bbox 1884 3681 3457 3744">
    <p class='ocr_par' dir='ltr' id='par_1_83' title="bbox 1884 3681 3457 3744">
     <span class='ocr_line' id='line_1_83' title="bbox 1884 3681 3457 3744; baseline -0.001 -8"><span class='ocrx_word' id='word_1_639' title='bbox 1884 3691 1938 3736; x_wconf 91' lang='lat' dir='ltr'><strong>et</strong></span> <span class='ocrx_word' id='word_1_640' title='bbox 1964 3681 2284 3737; x_wconf 80' lang='lat' dir='ltr'><strong>habitabunl</strong></span> <span class='ocrx_word' id='word_1_641' title='bbox 2315 3682 2410 3736; x_wconf 92' lang='lat' dir='ltr'><strong>ibi.</strong></span> <span class='ocrx_word' id='word_1_642' title='bbox 2441 3700 2460 3734; x_wconf 80' lang='grc' dir='ltr'><strong>ι</strong></span> <span class='ocrx_word' id='word_1_643' title='bbox 2482 3681 2685 3736; x_wconf 91' lang='lat' dir='ltr'><strong>Bonum</strong></span> <span class='ocrx_word' id='word_1_644' title='bbox 2712 3692 2766 3736; x_wconf 91' lang='lat' dir='ltr'><strong>et</strong></span> <span class='ocrx_word' id='word_1_645' title='bbox 2798 3696 2978 3736; x_wconf 89' lang='lat' dir='ltr'><strong>rarum</strong></span> <span class='ocrx_word' id='word_1_646' title='bbox 3015 3696 3221 3744; x_wconf 90' lang='lat' dir='ltr'><strong>semen,</strong></span> <span class='ocrx_word' id='word_1_647' title='bbox 3260 3681 3457 3735; x_wconf 88' lang='lat' dir='ltr'><strong>videli-</strong></span> 
     </span>
    </p>
   </div>
   <div class='ocr_carea' id='block_1_84' title="bbox 1885 3772 3459 3844">
    <p class='ocr_par' dir='ltr' id='par_1_84' title="bbox 1885 3772 3459 3844">
     <span class='ocr_line' id='line_1_84' title="bbox 1885 3772 3459 3844; baseline -0.001 -16"><span class='ocrx_word' id='word_1_648' title='bbox 1885 3784 1970 3829; x_wconf 87' lang='lat' dir='ltr'><strong>cet</strong></span> <span class='ocrx_word' id='word_1_649' title='bbox 2011 3775 2341 3844; x_wconf 88' lang='lat' dir='ltr'><strong>apostolicns</strong></span> <span class='ocrx_word' id='word_1_650' title='bbox 2370 3775 2605 3841; x_wconf 90' lang='lat' dir='ltr'><strong>chorus,</strong></span> <span class='ocrx_word' id='word_1_651' title='bbox 2652 3789 2682 3828; x_wconf 90' lang='lat' dir='ltr'><strong>a</strong></span> <span class='ocrx_word' id='word_1_652' title='bbox 2727 3775 3074 3844; x_wconf 90' lang='lat' dir='ltr'><strong>pereuntium</strong></span> <span class='ocrx_word' id='word_1_653' title='bbox 3115 3772 3459 3828; x_wconf 88' lang='lat' dir='ltr'><strong>multitudine</strong></span> 
     </span>
    </p>
   </div>
   <div class='ocr_carea' id='block_1_85' title="bbox 1885 3865 3449 3937">
    <p class='ocr_par' dir='ltr' id='par_1_85' title="bbox 1885 3865 3449 3937">
     <span class='ocr_line' id='line_1_85' title="bbox 1885 3865 3449 3937; baseline -0.003 -14"><span class='ocrx_word' id='word_1_654' title='bbox 1885 3876 2280 3937; x_wconf 85' lang='lat' dir='ltr'><strong>sequestratus.</strong></span> <span class='ocrx_word' id='word_1_655' title='bbox 2296 3865 2393 3921; x_wconf 88' lang='lat' dir='ltr'><strong>Hic</strong></span> <span class='ocrx_word' id='word_1_656' title='bbox 2417 3882 2630 3921; x_wconf 90' lang='lat' dir='ltr'><strong>rursum</strong></span> <span class='ocrx_word' id='word_1_657' title='bbox 2657 3867 2860 3923; x_wconf 90' lang='lat' dir='ltr'><strong>electos</strong></span> <span class='ocrx_word' id='word_1_658' title='bbox 2882 3875 2935 3922; x_wconf 92' lang='lat' dir='ltr'><strong>et</strong></span> <span class='ocrx_word' id='word_1_659' title='bbox 2955 3880 3140 3922; x_wconf 88' lang='lat' dir='ltr'><strong>servos</strong></span> <span class='ocrx_word' id='word_1_660' title='bbox 3167 3881 3294 3921; x_wconf 92' lang='lat' dir='ltr'><strong>suos</strong></span> <span class='ocrx_word' id='word_1_661' title='bbox 3318 3881 3449 3935; x_wconf 89' lang='lat' dir='ltr'><strong>apo-</strong></span> 
     </span>
    </p>
   </div>
   <div class='ocr_carea' id='block_1_86' title="bbox 1885 3957 3452 4029">
    <p class='ocr_par' dir='ltr' id='par_1_86' title="bbox 1885 3957 3452 4029">
     <span class='ocr_line' id='line_1_86' title="bbox 1885 3957 3452 4029; baseline -0.004 -13"><span class='ocrx_word' id='word_1_662' title='bbox 1885 3959 2052 4016; x_wconf 89' lang='lat' dir='ltr'><strong>stolos</strong></span> <span class='ocrx_word' id='word_1_663' title='bbox 2074 3969 2255 4028; x_wconf 88' lang='lat' dir='ltr'><strong>vocat,</strong></span> <span class='ocrx_word' id='word_1_664' title='bbox 2289 3960 2380 4029; x_wconf 86' lang='lat' dir='ltr'><strong>qui</strong></span> <span class='ocrx_word' id='word_1_665' title='bbox 2406 3959 2554 4013; x_wconf 87' lang='lat' dir='ltr'><strong>velut</strong></span> <span class='ocrx_word' id='word_1_666' title='bbox 2577 3958 2716 4014; x_wconf 89' lang='lat' dir='ltr'><strong>acini</strong></span> <span class='ocrx_word' id='word_1_667' title='bbox 2743 3959 2945 4028; x_wconf 90' lang='lat' dir='ltr'><strong>reperti</strong></span> <span class='ocrx_word' id='word_1_668' title='bbox 2973 3966 3125 4023; x_wconf 89' lang='lat' dir='ltr'><strong>sunt,</strong></span> <span class='ocrx_word' id='word_1_669' title='bbox 3157 3972 3294 4028; x_wconf 91' lang='lat' dir='ltr'><strong>quos</strong></span> <span class='ocrx_word' id='word_1_670' title='bbox 3322 3957 3452 4012; x_wconf 91' lang='lat' dir='ltr'><strong>item</strong></span> 
     </span>
    </p>
   </div>
   <div class='ocr_carea' id='block_1_87' title="bbox 1883 4051 3455 4119">
    <p class='ocr_par' dir='ltr' id='par_1_87' title="bbox 1883 4051 3455 4119">
     <span class='ocr_line' id='line_1_87' title="bbox 1883 4051 3455 4119; baseline -0.004 -10"><span class='ocrx_word' id='word_1_671' title='bbox 1883 4055 1952 4109; x_wconf 89' lang='lat' dir='ltr'><strong>ab</strong></span> <span class='ocrx_word' id='word_1_672' title='bbox 1973 4068 2032 4108; x_wconf 92' lang='lat' dir='ltr'><strong>se</strong></span> <span class='ocrx_word' id='word_1_673' title='bbox 2053 4053 2255 4109; x_wconf 90' lang='lat' dir='ltr'><strong>electos</strong></span> <span class='ocrx_word' id='word_1_674' title='bbox 2272 4069 2338 4107; x_wconf 84' lang='lat' dir='ltr'><strong>ex</strong></span> <span class='ocrx_word' id='word_1_675' title='bbox 2366 4052 2488 4108; x_wconf 90' lang='lat' dir='ltr'><strong>aliis</strong></span> <span class='ocrx_word' id='word_1_676' title='bbox 2511 4051 2768 4119; x_wconf 87' lang='lat' dir='ltr'><strong>servavit,</strong></span> <span class='ocrx_word' id='word_1_677' title='bbox 2800 4059 2858 4107; x_wconf 93' lang='lat' dir='ltr'><strong>et</strong></span> <span class='ocrx_word' id='word_1_678' title='bbox 2894 4065 3082 4108; x_wconf 89' lang='lat' dir='ltr'><strong>semen</strong></span> <span class='ocrx_word' id='word_1_679' title='bbox 3118 4060 3366 4106; x_wconf 85' lang='lat' dir='ltr'><strong>sanctum</strong></span> <span class='ocrx_word' id='word_1_680' title='bbox 3397 4057 3455 4104; x_wconf 88' lang='lat' dir='ltr'><strong>et</strong></span> 
     </span>
    </p>
   </div>
   <div class='ocr_carea' id='block_1_88' title="bbox 1882 4145 2388 4203">
    <p class='ocr_par' dir='ltr' id='par_1_88' title="bbox 1882 4145 2388 4203">
     <span class='ocr_line' id='line_1_88' title="bbox 1882 4145 2388 4203; baseline -0.008 0"><span class='ocrx_word' id='word_1_681' title='bbox 1882 4147 2114 4203; x_wconf 91' lang='lat' dir='ltr'><strong>electum</strong></span> <span class='ocrx_word' id='word_1_682' title='bbox 2155 4145 2388 4202; x_wconf 90' lang='lat' dir='ltr'><strong>vocavit.</strong></span> 
     </span>
    </p>
   </div>
   <div class='ocr_carea' id='block_1_89' title="bbox 1951 4323 3451 4398">
    <p class='ocr_par' dir='ltr' id='par_1_89' title="bbox 1951 4323 3451 4398">
     <span class='ocr_line' id='line_1_89' title="bbox 1951 4323 3451 4398; baseline -0.005 -16"><span class='ocrx_word' id='word_1_683' title='bbox 1951 4325 2119 4382; x_wconf 71' lang='lat' dir='ltr'><strong>Vens.</strong></span> <span class='ocrx_word' id='word_1_684' title='bbox 2156 4326 2239 4380; x_wconf 79' lang='lat'><strong>10.</strong></span> <span class='ocrx_word' id='word_1_685' title='bbox 2274 4343 2294 4378; x_wconf 79' lang='grc' dir='ltr'><strong>ι</strong></span> <span class='ocrx_word' id='word_1_686' title='bbox 2335 4326 2405 4381; x_wconf 83' lang='grc' dir='ltr'>Ει</span> <span class='ocrx_word' id='word_1_687' title='bbox 2445 4333 2604 4398; x_wconf 81' lang='lat' dir='ltr'><strong>erunt</strong></span> <span class='ocrx_word' id='word_1_688' title='bbox 2638 4326 2689 4380; x_wconf 95' lang='lat' dir='ltr'><strong>in</strong></span> <span class='ocrx_word' id='word_1_689' title='bbox 2718 4324 2857 4380; x_wconf 91' lang='lat' dir='ltr'><strong>saltu</strong></span> <span class='ocrx_word' id='word_1_690' title='bbox 2901 4323 3070 4381; x_wconf 71' lang='lat' dir='ltr'><strong>caulae</strong></span> <span class='ocrx_word' id='word_1_691' title='bbox 3109 4335 3356 4392; x_wconf 89' lang='lat' dir='ltr'><strong>gregum,</strong></span> <span class='ocrx_word' id='word_1_692' title='bbox 3393 4325 3451 4375; x_wconf 86' lang='lat' dir='ltr'><strong>et</strong></span> 
     </span>
    </p>
   </div>
   <div class='ocr_carea' id='block_1_90' title="bbox 194 4409 1790 4502">
    <p class='ocr_par' dir='ltr' id='par_1_90' title="bbox 194 4409 1772 4502">
     <span class='ocr_line' id='line_1_90' title="bbox 194 4409 1772 4502; baseline 0.006 -26"><span class='ocrx_word' id='word_1_693' title='bbox 194 4421 419 4494; x_wconf 76' lang='grc' dir='ltr'>φάραγξ</span> <span class='ocrx_word' id='word_1_694' title='bbox 462 4423 638 4496; x_wconf 85' lang='grc' dir='ltr'><strong>Ἀχὼρ</strong></span> <span class='ocrx_word' id='word_1_695' title='bbox 666 4427 745 4490; x_wconf 86' lang='grc' dir='ltr'><strong>είς</strong></span> <span class='ocrx_word' id='word_1_696' title='bbox 765 4426 1070 4481; x_wconf 86' lang='grc' dir='ltr'>ἀνάπαυσιν</span> <span class='ocrx_word' id='word_1_697' title='bbox 1097 4427 1387 4498; x_wconf 87' lang='grc' dir='ltr'>βουκολίων</span> <span class='ocrx_word' id='word_1_698' title='bbox 1407 4409 1486 4500; x_wconf 81' lang='grc' dir='ltr'><strong>τῷ</strong></span> <span class='ocrx_word' id='word_1_699' title='bbox 1502 4429 1617 4501; x_wconf 81' lang='grc' dir='ltr'>λαῷ</span> <span class='ocrx_word' id='word_1_700' title='bbox 1648 4448 1772 4502; x_wconf 89' lang='grc' dir='ltr'>μου,</span> 
     </span>
    </p>
   </div>
   <div class='ocr_carea' id='block_1_91' title="bbox 1899 4409 3451 4502">
    <p class='ocr_par' dir='ltr' id='par_1_91' title="bbox 1899 4415 3451 4488">
     <span class='ocr_line' id='line_1_91' title="bbox 1899 4415 3451 4488; baseline -0.006 -14"><span class='ocrx_word' id='word_1_701' title='bbox 1899 4420 2041 4475; x_wconf 81' lang='lat' dir='ltr'><strong>vallis</strong></span> <span class='ocrx_word' id='word_1_702' title='bbox 2073 4419 2255 4475; x_wconf 87' lang='lat' dir='ltr'><strong>Achor</strong></span> <span class='ocrx_word' id='word_1_703' title='bbox 2291 4420 2343 4472; x_wconf 92' lang='lat' dir='ltr'><strong>in</strong></span> <span class='ocrx_word' id='word_1_704' title='bbox 2387 4419 2628 4488; x_wconf 91' lang='lat' dir='ltr'><strong>requiem</strong></span> <span class='ocrx_word' id='word_1_705' title='bbox 2668 4427 3040 4473; x_wconf 91' lang='lat' dir='ltr'><strong>armentorum</strong></span> <span class='ocrx_word' id='word_1_706' title='bbox 3080 4415 3278 4485; x_wconf 91' lang='lat' dir='ltr'><strong>populo</strong></span> <span class='ocrx_word' id='word_1_707' title='bbox 3306 4427 3451 4477; x_wconf 90' lang='lat' dir='ltr'><strong>meo,</strong></span> 
     </span>
    </p>
   </div>
   <div class='ocr_carea' id='block_1_92' title="bbox 192 4514 1776 4596">
    <p class='ocr_par' dir='ltr' id='par_1_92' title="bbox 192 4514 1776 4596">
     <span class='ocr_line' id='line_1_92' title="bbox 192 4514 1776 4596; baseline 0.007 -29"><span class='ocrx_word' id='word_1_708' title='bbox 192 4515 244 4568; x_wconf 79' lang='grc' dir='ltr'>οἶ</span> <span class='ocrx_word' id='word_1_709' title='bbox 302 4514 578 4586; x_wconf 84' lang='grc' dir='ltr'>ἐζήτησάν</span> <span class='ocrx_word' id='word_1_710' title='bbox 611 4533 699 4588; x_wconf 91' lang='grc' dir='ltr'><strong>με.</strong></span> <span class='ocrx_word' id='word_1_711' title='bbox 725 4536 745 4569; x_wconf 71' lang='grc' dir='ltr'><strong>ι</strong></span> <span class='ocrx_word' id='word_1_712' title='bbox 788 4517 1007 4590; x_wconf 82' lang='grc' dir='ltr'>Δρυμὸν</span> <span class='ocrx_word' id='word_1_713' title='bbox 1054 4518 1112 4573; x_wconf 83' lang='grc' dir='ltr'>δὲ</span> <span class='ocrx_word' id='word_1_714' title='bbox 1158 4519 1347 4575; x_wconf 88' lang='grc' dir='ltr'>εἴωθεν</span> <span class='ocrx_word' id='word_1_715' title='bbox 1396 4523 1431 4594; x_wconf 81' lang='grc' dir='ltr'><strong>ἡ</strong></span> <span class='ocrx_word' id='word_1_716' title='bbox 1476 4522 1667 4596; x_wconf 87' lang='grc' dir='ltr'>Γραφὴ</span> <span class='ocrx_word' id='word_1_717' title='bbox 1713 4525 1776 4578; x_wconf 83' lang='grc' dir='ltr'>τὸ</span> 
     </span>
    </p>
   </div>
   <div class='ocr_carea' id='block_1_93' title="bbox 193 4607 1771 4683">
    <p class='ocr_par' dir='ltr' id='par_1_93' title="bbox 193 4607 1771 4683">
     <span class='ocr_line' id='line_1_93' title="bbox 193 4607 1771 4683; baseline 0.007 -23"><span class='ocrx_word' id='word_1_718' title='bbox 193 4607 407 4677; x_wconf 78' lang='grc' dir='ltr'>πλῆθος</span> <span class='ocrx_word' id='word_1_719' title='bbox 430 4608 538 4662; x_wconf 85' lang='grc' dir='ltr'><strong>τῶν</strong></span> <span class='ocrx_word' id='word_1_720' title='bbox 564 4609 878 4680; x_wconf 85' lang='grc' dir='ltr'>ἀλλοφύλων</span> <span class='ocrx_word' id='word_1_721' title='bbox 898 4612 1084 4666; x_wconf 83' lang='grc' dir='ltr'>καλεῖν</span> <span class='ocrx_word' id='word_1_722' title='bbox 1112 4613 1206 4666; x_wconf 78' lang='grc' dir='ltr'>καὶ</span> <span class='ocrx_word' id='word_1_723' title='bbox 1245 4613 1547 4683; x_wconf 84' lang='grc' dir='ltr'>ἀλλογενῶν</span> <span class='ocrx_word' id='word_1_724' title='bbox 1569 4615 1738 4670; x_wconf 85' lang='grc' dir='ltr'>ἐθνῶν</span> <span class='ocrx_word' id='word_1_725' title='bbox 1756 4633 1771 4648; x_wconf 85' lang='grc'>⁶</span> 
     </span>
    </p>
   </div>
   <div class='ocr_carea' id='block_1_94' title="bbox 195 4695 1775 4774">
    <p class='ocr_par' dir='ltr' id='par_1_94' title="bbox 195 4695 1775 4774">
     <span class='ocr_line' id='line_1_94' title="bbox 195 4695 1775 4774; baseline 0.007 -22"><span class='ocrx_word' id='word_1_726' title='bbox 195 4700 253 4752; x_wconf 85' lang='grc' dir='ltr'><strong>ἐν</strong></span> <span class='ocrx_word' id='word_1_727' title='bbox 277 4695 361 4764; x_wconf 76' lang='grc' dir='ltr'>οἷς</span> <span class='ocrx_word' id='word_1_728' title='bbox 395 4701 651 4766; x_wconf 88' lang='grc' dir='ltr'>ἐπαύλεις</span> <span class='ocrx_word' id='word_1_729' title='bbox 689 4703 956 4774; x_wconf 84' lang='grc' dir='ltr'>ποιμνίων</span> <span class='ocrx_word' id='word_1_730' title='bbox 981 4703 1198 4758; x_wconf 73' lang='grc' dir='ltr'>ἔσεσθαι</span> <span class='ocrx_word' id='word_1_731' title='bbox 1226 4705 1508 4772; x_wconf 80' lang='grc' dir='ltr'>θεσπίζει,</span> <span class='ocrx_word' id='word_1_732' title='bbox 1551 4706 1648 4772; x_wconf 85' lang='grc' dir='ltr'><strong>τὰς</strong></span> <span class='ocrx_word' id='word_1_733' title='bbox 1681 4709 1775 4762; x_wconf 89' lang='grc' dir='ltr'>ἐκ-</span> 
     </span>
    </p>
   </div>
   <div class='ocr_carea' id='block_1_95' title="bbox 193 4789 1774 4870">
    <p class='ocr_par' dir='ltr' id='par_1_95' title="bbox 193 4789 1774 4870">
     <span class='ocr_line' id='line_1_95' title="bbox 193 4789 1774 4870; baseline 0.007 -27"><span class='ocrx_word' id='word_1_734' title='bbox 193 4789 425 4862; x_wconf 89' lang='grc' dir='ltr'>κλησίας</span> <span class='ocrx_word' id='word_1_735' title='bbox 449 4791 558 4846; x_wconf 81' lang='grc' dir='ltr'><strong>τῶν</strong></span> <span class='ocrx_word' id='word_1_736' title='bbox 584 4792 679 4846; x_wconf 90' lang='grc' dir='ltr'><strong>τοῦ</strong></span> <span class='ocrx_word' id='word_1_737' title='bbox 725 4793 861 4848; x_wconf 89' lang='grc' dir='ltr'>Θεοῦ</span> <span class='ocrx_word' id='word_1_738' title='bbox 890 4795 1176 4866; x_wconf 76' lang='grc' dir='ltr'>προὸἀτων</span> <span class='ocrx_word' id='word_1_739' title='bbox 1209 4799 1597 4870; x_wconf 80' lang='grc' dir='ltr'>αἰνιττόμενος.</span> <span class='ocrx_word' id='word_1_740' title='bbox 1631 4800 1774 4865; x_wconf 86' lang='grc' dir='ltr'><strong>Λαὸς</strong></span> 
     </span>
    </p>
   </div>
   <div class='ocr_carea' id='block_1_96' title="bbox 193 4883 1774 4966">
    <p class='ocr_par' dir='ltr' id='par_1_96' title="bbox 193 4883 1774 4966">
     <span class='ocr_line' id='line_1_96' title="bbox 193 4883 1774 4966; baseline 0.006 -28"><span class='ocrx_word' id='word_1_741' title='bbox 193 4884 249 4938; x_wconf 82' lang='grc' dir='ltr'>δὲ</span> <span class='ocrx_word' id='word_1_742' title='bbox 269 4887 298 4938; x_wconf 85' lang='grc' dir='ltr'>ὁ</span> <span class='ocrx_word' id='word_1_743' title='bbox 331 4883 638 4957; x_wconf 78' lang='grc' dir='ltr'>ἐκζητήσας</span> <span class='ocrx_word' id='word_1_744' title='bbox 657 4886 818 4940; x_wconf 73' lang='grc' dir='ltr'>αὑτὸν</span> <span class='ocrx_word' id='word_1_745' title='bbox 843 4889 872 4940; x_wconf 92' lang='lat'><strong>6</strong></span> <span class='ocrx_word' id='word_1_746' title='bbox 902 4887 1014 4960; x_wconf 81' lang='grc' dir='ltr'><strong>ρὼξ</strong></span> <span class='ocrx_word' id='word_1_747' title='bbox 1039 4883 1108 4961; x_wconf 78' lang='grc' dir='ltr'>ἦν</span> <span class='ocrx_word' id='word_1_748' title='bbox 1137 4890 1234 4944; x_wconf 78' lang='grc' dir='ltr'>καὶ</span> <span class='ocrx_word' id='word_1_749' title='bbox 1265 4891 1326 4944; x_wconf 82' lang='grc' dir='ltr'>τὸ</span> <span class='ocrx_word' id='word_1_750' title='bbox 1339 4890 1596 4964; x_wconf 89' lang='grc' dir='ltr'>ἀνωτέρω</span> <span class='ocrx_word' id='word_1_751' title='bbox 1620 4894 1774 4966; x_wconf 73' lang='grc' dir='ltr'>εἰρη-</span> 
     </span>
    </p>
   </div>
   <div class='ocr_carea' id='block_1_97' title="bbox 199 4973 1774 5053">
    <p class='ocr_par' dir='ltr' id='par_1_97' title="bbox 199 4973 1774 5053">
     <span class='ocr_line' id='line_1_97' title="bbox 199 4973 1774 5053; baseline 0.008 -27"><span class='ocrx_word' id='word_1_752' title='bbox 199 4974 357 5047; x_wconf 83' lang='grc' dir='ltr'>μένον</span> <span class='ocrx_word' id='word_1_753' title='bbox 393 4975 616 5048; x_wconf 85' lang='grc' dir='ltr'>σπέρμα</span> <span class='ocrx_word' id='word_1_754' title='bbox 655 4977 706 5029; x_wconf 85' lang='grc' dir='ltr'>οἱ</span> <span class='ocrx_word' id='word_1_755' title='bbox 755 4978 1002 5033; x_wconf 76' lang='grc' dir='ltr'>ἐκλεκτοὶ</span> <span class='ocrx_word' id='word_1_756' title='bbox 1041 4979 1251 5034; x_wconf 90' lang='grc' dir='ltr'>δοῦλοι·</span> <span class='ocrx_word' id='word_1_757' title='bbox 1295 4980 1363 5035; x_wconf 83' lang='grc' dir='ltr'>δι’</span> <span class='ocrx_word' id='word_1_758' title='bbox 1393 4973 1468 5036; x_wconf 87' lang='grc' dir='ltr'>ὧν</span> <span class='ocrx_word' id='word_1_759' title='bbox 1519 4982 1774 5053; x_wconf 85' lang='grc' dir='ltr'>βουκόλια</span> 
     </span>
    </p>
   </div>
   <div class='ocr_carea' id='block_1_98' title="bbox 195 5064 1775 5146">
    <p class='ocr_par' dir='ltr' id='par_1_98' title="bbox 195 5064 1775 5146">
     <span class='ocr_line' id='line_1_98' title="bbox 195 5064 1775 5146; baseline 0.008 -30"><span class='ocrx_word' id='word_1_760' title='bbox 195 5064 332 5135; x_wconf 83' lang='grc' dir='ltr'>βοῶν</span> <span class='ocrx_word' id='word_1_761' title='bbox 375 5066 473 5119; x_wconf 80' lang='grc' dir='ltr'>καὶ</span> <span class='ocrx_word' id='word_1_762' title='bbox 523 5067 749 5138; x_wconf 90' lang='grc' dir='ltr'>ποίμνια</span> <span class='ocrx_word' id='word_1_763' title='bbox 788 5070 1160 5142; x_wconf 88' lang='grc' dir='ltr'>συστήσασθαι</span> <span class='ocrx_word' id='word_1_764' title='bbox 1191 5073 1291 5125; x_wconf 87' lang='grc' dir='ltr'><strong>οὑκ</strong></span> <span class='ocrx_word' id='word_1_765' title='bbox 1320 5073 1378 5126; x_wconf 91' lang='grc' dir='ltr'><strong>ἐν</strong></span> <span class='ocrx_word' id='word_1_766' title='bbox 1421 5071 1500 5144; x_wconf 82' lang='grc' dir='ltr'>τῷ</span> <span class='ocrx_word' id='word_1_767' title='bbox 1539 5074 1775 5146; x_wconf 79' lang='grc' dir='ltr'>Ἰσιραὴλ,</span> 
     </span>
    </p>
   </div>
   <div class='ocr_carea' id='block_1_99' title="bbox 193 5158 1772 5238">
    <p class='ocr_par' dir='ltr' id='par_1_99' title="bbox 193 5158 1772 5238">
     <span class='ocr_line' id='line_1_99' title="bbox 193 5158 1772 5238; baseline 0.006 -28"><span class='ocrx_word' id='word_1_768' title='bbox 193 5158 311 5211; x_wconf 81' lang='grc' dir='ltr'>οὐδὲ</span> <span class='ocrx_word' id='word_1_769' title='bbox 331 5160 392 5210; x_wconf 88' lang='grc' dir='ltr'><strong>ἐν</strong></span> <span class='ocrx_word' id='word_1_770' title='bbox 422 5161 488 5230; x_wconf 79' lang='grc' dir='ltr'>τῇ</span> <span class='ocrx_word' id='word_1_771' title='bbox 531 5159 799 5215; x_wconf 87' lang='grc' dir='ltr'>Ἰουδαίων</span> <span class='ocrx_word' id='word_1_772' title='bbox 823 5161 997 5234; x_wconf 79' lang='grc' dir='ltr'>χώρα,</span> <span class='ocrx_word' id='word_1_773' title='bbox 1024 5162 1160 5218; x_wconf 89' lang='grc' dir='ltr'><strong>ἀλλά</strong></span> <span class='ocrx_word' id='word_1_774' title='bbox 1191 5165 1248 5218; x_wconf 90' lang='grc' dir='ltr'><strong>ἐν</strong></span> <span class='ocrx_word' id='word_1_775' title='bbox 1276 5164 1355 5234; x_wconf 84' lang='grc' dir='ltr'>τῷ</span> <span class='ocrx_word' id='word_1_776' title='bbox 1381 5165 1572 5238; x_wconf 87' lang='grc' dir='ltr'>δρυμῷ</span> <span class='ocrx_word' id='word_1_777' title='bbox 1598 5169 1692 5222; x_wconf 82' lang='grc' dir='ltr'><strong>καὶ</strong></span> <span class='ocrx_word' id='word_1_778' title='bbox 1713 5167 1772 5221; x_wconf 86' lang='grc' dir='ltr'><strong>ἐν</strong></span> 
     </span>
    </p>
   </div>
   <div class='ocr_carea' id='block_1_100' title="bbox 152 5249 1418 5328">
    <p class='ocr_par' dir='ltr' id='par_1_100' title="bbox 152 5249 1418 5328">
     <span class='ocr_line' id='line_1_100' title="bbox 152 5249 1418 5328; baseline 0.009 -28"><span class='ocrx_word' id='word_1_779' title='bbox 152 5303 159 5316; x_wconf 38' lang='grc' dir='ltr'><strong><em>ι</em></strong></span> <span class='ocrx_word' id='word_1_780' title='bbox 192 5249 544 5326; x_wconf 77' lang='grc' dir='ltr'>τῇλεχθείσῃ</span> <span class='ocrx_word' id='word_1_781' title='bbox 578 5252 822 5324; x_wconf 87' lang='grc' dir='ltr'>φάραγγι</span> <span class='ocrx_word' id='word_1_782' title='bbox 867 5253 1044 5328; x_wconf 88' lang='grc' dir='ltr'>Ἀχὼρ</span> <span class='ocrx_word' id='word_1_783' title='bbox 1067 5256 1418 5328; x_wconf 86' lang='grc' dir='ltr'>προφητεύει.</span> 
     </span>
    </p>
   </div>
   <div class='ocr_carea' id='block_1_101' title="bbox 155 5333 1774 5420">
    <p class='ocr_par' dir='ltr' id='par_1_101' title="bbox 155 5333 1774 5420">
     <span class='ocr_line' id='line_1_101' title="bbox 155 5333 1774 5420; baseline 0.007 -27"><span class='ocrx_word' id='word_1_784' title='bbox 155 5333 163 5417; x_wconf 56' lang='grc' dir='ltr'>ᾗ</span> <span class='ocrx_word' id='word_1_785' title='bbox 268 5360 287 5393; x_wconf 79' lang='grc' dir='ltr'><strong>ι</strong></span> <span class='ocrx_word' id='word_1_786' title='bbox 333 5341 523 5414; x_wconf 81' lang='grc' dir='ltr'>Ὑμεῖς</span> <span class='ocrx_word' id='word_1_787' title='bbox 570 5342 626 5396; x_wconf 88' lang='grc' dir='ltr'>δὲ</span> <span class='ocrx_word' id='word_1_788' title='bbox 663 5345 712 5397; x_wconf 80' lang='grc' dir='ltr'>οἱ</span> <span class='ocrx_word' id='word_1_789' title='bbox 745 5346 1203 5414; x_wconf 81' lang='grc' dir='ltr'>ἐγκαταλιπόντες</span> <span class='ocrx_word' id='word_1_790' title='bbox 1239 5365 1328 5420; x_wconf 88' lang='grc' dir='ltr'><strong>με,</strong></span> <span class='ocrx_word' id='word_1_791' title='bbox 1359 5349 1454 5403; x_wconf 76' lang='grc' dir='ltr'><strong>καὶ</strong></span> <span class='ocrx_word' id='word_1_792' title='bbox 1485 5349 1774 5405; x_wconf 88' lang='grc' dir='ltr'>ἐπιλανθα-</span> 
     </span>
    </p>
   </div>
   <div class='ocr_carea' id='block_1_102' title="bbox 193 5434 1771 5515">
    <p class='ocr_par' dir='ltr' id='par_1_102' title="bbox 193 5434 1771 5515">
     <span class='ocr_line' id='line_1_102' title="bbox 193 5434 1771 5515; baseline 0.005 -27"><span class='ocrx_word' id='word_1_793' title='bbox 193 5435 406 5504; x_wconf 81' lang='grc' dir='ltr'>νόμενοι</span> <span class='ocrx_word' id='word_1_794' title='bbox 437 5436 499 5488; x_wconf 87' lang='grc' dir='ltr'>τὸ</span> <span class='ocrx_word' id='word_1_795' title='bbox 533 5434 658 5508; x_wconf 78' lang='grc' dir='ltr'>ὅρος</span> <span class='ocrx_word' id='word_1_796' title='bbox 689 5437 749 5490; x_wconf 86' lang='grc' dir='ltr'>τὸ</span> <span class='ocrx_word' id='word_1_797' title='bbox 787 5436 942 5506; x_wconf 81' lang='grc' dir='ltr'>ἀγιόν</span> <span class='ocrx_word' id='word_1_798' title='bbox 975 5456 1106 5510; x_wconf 88' lang='grc' dir='ltr'>μου,</span> <span class='ocrx_word' id='word_1_799' title='bbox 1154 5439 1248 5494; x_wconf 79' lang='grc' dir='ltr'><strong>καὶ</strong></span> <span class='ocrx_word' id='word_1_800' title='bbox 1284 5441 1661 5513; x_wconf 78' lang='grc' dir='ltr'>ἐτοιμάζοντες</span> <span class='ocrx_word' id='word_1_801' title='bbox 1692 5442 1771 5515; x_wconf 85' lang='grc' dir='ltr'>τῷ</span> 
     </span>
    </p>
   </div>
   <div class='ocr_carea' id='block_1_103' title="bbox 193 5527 1771 5607">
    <p class='ocr_par' dir='ltr' id='par_1_103' title="bbox 193 5527 1771 5607">
     <span class='ocr_line' id='line_1_103' title="bbox 193 5527 1771 5607; baseline 0.007 -28"><span class='ocrx_word' id='word_1_802' title='bbox 193 5527 453 5599; x_wconf 85' lang='grc' dir='ltr'>δαιμονίῳ</span> <span class='ocrx_word' id='word_1_803' title='bbox 505 5528 826 5600; x_wconf 80' lang='grc' dir='ltr'>τράπεζαν.</span> <span class='ocrx_word' id='word_1_804' title='bbox 879 5532 975 5585; x_wconf 76' lang='grc' dir='ltr'>καὶ</span> <span class='ocrx_word' id='word_1_805' title='bbox 1026 5532 1356 5604; x_wconf 88' lang='grc' dir='ltr'>πληροῦντες</span> <span class='ocrx_word' id='word_1_806' title='bbox 1397 5537 1463 5606; x_wconf 81' lang='grc' dir='ltr'>τῇ</span> <span class='ocrx_word' id='word_1_807' title='bbox 1504 5535 1642 5607; x_wconf 86' lang='grc' dir='ltr'>τύχῃ</span> <span class='ocrx_word' id='word_1_808' title='bbox 1681 5537 1771 5590; x_wconf 82' lang='grc' dir='ltr'>κέ-</span> 
     </span>
    </p>
   </div>
   <div class='ocr_carea' id='block_1_104' title="bbox 197 5619 1772 5700">
    <p class='ocr_par' dir='ltr' id='par_1_104' title="bbox 197 5619 1772 5700">
     <span class='ocr_line' id='line_1_104' title="bbox 197 5619 1772 5700; baseline 0.008 -29"><span class='ocrx_word' id='word_1_809' title='bbox 197 5636 399 5690; x_wconf 88' lang='grc' dir='ltr'>ρασμα.</span> <span class='ocrx_word' id='word_1_810' title='bbox 441 5619 583 5689; x_wconf 82' lang='grc' dir='ltr'><strong>Ἐγὼ</strong></span> <span class='ocrx_word' id='word_1_811' title='bbox 608 5619 919 5693; x_wconf 83' lang='grc' dir='ltr'>παραδώσω</span> <span class='ocrx_word' id='word_1_812' title='bbox 948 5623 1093 5696; x_wconf 77' lang='grc' dir='ltr'>ὑμᾶς</span> <span class='ocrx_word' id='word_1_813' title='bbox 1123 5628 1204 5690; x_wconf 91' lang='grc' dir='ltr'><strong>είς</strong></span> <span class='ocrx_word' id='word_1_814' title='bbox 1229 5626 1534 5700; x_wconf 81' lang='grc' dir='ltr'>μάχαιραν·</span> <span class='ocrx_word' id='word_1_815' title='bbox 1571 5628 1772 5694; x_wconf 85' lang='grc' dir='ltr'>πάντες</span> 
     </span>
    </p>
   </div>
   <div class='ocr_carea' id='block_1_105' title="bbox 195 5712 1771 5793">
    <p class='ocr_par' dir='ltr' id='par_1_105' title="bbox 195 5712 1771 5793">
     <span class='ocr_line' id='line_1_105' title="bbox 195 5712 1771 5793; baseline 0.006 -29"><span class='ocrx_word' id='word_1_816' title='bbox 195 5712 249 5765; x_wconf 82' lang='grc' dir='ltr'><strong>ἐν</strong></span> <span class='ocrx_word' id='word_1_817' title='bbox 278 5715 460 5784; x_wconf 73' lang='grc' dir='ltr'>σφαγῇ</span> <span class='ocrx_word' id='word_1_818' title='bbox 483 5713 734 5768; x_wconf 85' lang='grc' dir='ltr'>πεσεῖσθε</span> <span class='ocrx_word' id='word_1_819' title='bbox 756 5731 770 5745; x_wconf 75' lang='grc' dir='ltr'>ο</span> <span class='ocrx_word' id='word_1_820' title='bbox 808 5714 904 5769; x_wconf 83' lang='grc' dir='ltr'>ὅτι</span> <span class='ocrx_word' id='word_1_821' title='bbox 924 5716 1157 5774; x_wconf 81' lang='grc' dir='ltr'>ἐκάλεσα</span> <span class='ocrx_word' id='word_1_822' title='bbox 1187 5720 1351 5790; x_wconf 80' lang='grc' dir='ltr'>ὑμᾶς,</span> <span class='ocrx_word' id='word_1_823' title='bbox 1396 5723 1490 5777; x_wconf 72' lang='grc' dir='ltr'><strong>καὶ</strong></span> <span class='ocrx_word' id='word_1_824' title='bbox 1509 5723 1606 5793; x_wconf 83' lang='grc' dir='ltr'><strong>οὐχ</strong></span> <span class='ocrx_word' id='word_1_825' title='bbox 1639 5723 1771 5793; x_wconf 75' lang='grc' dir='ltr'>ὑπη-</span> 
     </span>
    </p>
   </div>
   <div class='ocr_carea' id='block_1_106' title="bbox 1883 4509 3452 4586">
    <p class='ocr_par' dir='ltr' id='par_1_106' title="bbox 1883 4509 3452 4586">
     <span class='ocr_line' id='line_1_106' title="bbox 1883 4509 3452 4586; baseline -0.007 -18"><span class='ocrx_word' id='word_1_826' title='bbox 1883 4515 1975 4586; x_wconf 93' lang='lat' dir='ltr'><strong>qui</strong></span> <span class='ocrx_word' id='word_1_827' title='bbox 2000 4514 2327 4584; x_wconf 69' lang='lat' dir='ltr'><strong>quaesierunt</strong></span> <span class='ocrx_word' id='word_1_828' title='bbox 2352 4527 2457 4567; x_wconf 93' lang='lat' dir='ltr'><strong>me.</strong></span> <span class='ocrx_word' id='word_1_829' title='bbox 2489 4531 2508 4563; x_wconf 76' lang='grc' dir='ltr'><strong>ι</strong></span> <span class='ocrx_word' id='word_1_830' title='bbox 2529 4511 2681 4566; x_wconf 90' lang='lat' dir='ltr'><strong>Solet</strong></span> <span class='ocrx_word' id='word_1_831' title='bbox 2711 4511 2993 4580; x_wconf 90' lang='lat' dir='ltr'><strong>Scriptura</strong></span> <span class='ocrx_word' id='word_1_832' title='bbox 3028 4509 3452 4576; x_wconf 88' lang='lat' dir='ltr'><strong>alienigenarum</strong></span> 
     </span>
    </p>
   </div>
   <div class='ocr_carea' id='block_1_107' title="bbox 1847 4600 3452 4677">
    <p class='ocr_par' dir='ltr' id='par_1_107' title="bbox 1847 4600 3452 4677">
     <span class='ocr_line' id='line_1_107' title="bbox 1847 4600 3452 4677; baseline -0.007 -15"><span class='ocrx_word' id='word_1_833' title='bbox 1847 4605 1850 4607; x_wconf 13' lang='grc' dir='ltr'><strong>Α</strong></span> <span class='ocrx_word' id='word_1_834' title='bbox 1883 4616 1940 4662; x_wconf 90' lang='lat' dir='ltr'><strong>et</strong></span> <span class='ocrx_word' id='word_1_835' title='bbox 1968 4614 2348 4662; x_wconf 80' lang='lat' dir='ltr'><strong>extranearum</strong></span> <span class='ocrx_word' id='word_1_836' title='bbox 2372 4605 2610 4677; x_wconf 88' lang='lat' dir='ltr'><strong>gentium</strong></span> <span class='ocrx_word' id='word_1_837' title='bbox 2638 4603 3041 4660; x_wconf 89' lang='lat' dir='ltr'><strong>multitudinem</strong></span> <span class='ocrx_word' id='word_1_838' title='bbox 3064 4600 3261 4656; x_wconf 89' lang='lat' dir='ltr'><strong>saltum</strong></span> <span class='ocrx_word' id='word_1_839' title='bbox 3286 4612 3452 4653; x_wconf 90' lang='lat' dir='ltr'><strong>voca-</strong></span> 
     </span>
    </p>
   </div>
   <div class='ocr_carea' id='block_1_108' title="bbox 1883 4688 3451 4770">
    <p class='ocr_par' dir='ltr' id='par_1_108' title="bbox 1883 4688 3451 4770">
     <span class='ocr_line' id='line_1_108' title="bbox 1883 4688 3451 4770; baseline -0.008 -15"><span class='ocrx_word' id='word_1_840' title='bbox 1883 4714 1962 4764; x_wconf 89' lang='lat' dir='ltr'><strong>re,</strong></span> <span class='ocrx_word' id='word_1_841' title='bbox 1998 4700 2052 4754; x_wconf 92' lang='lat' dir='ltr'><strong>in</strong></span> <span class='ocrx_word' id='word_1_842' title='bbox 2083 4699 2280 4768; x_wconf 85' lang='lat' dir='ltr'><strong>quibus</strong></span> <span class='ocrx_word' id='word_1_843' title='bbox 2319 4698 2504 4753; x_wconf 90' lang='lat' dir='ltr'><strong>caulas</strong></span> <span class='ocrx_word' id='word_1_844' title='bbox 2537 4711 2758 4770; x_wconf 85' lang='lat' dir='ltr'><strong>gregum</strong></span> <span class='ocrx_word' id='word_1_845' title='bbox 2808 4696 2924 4751; x_wconf 88' lang='lat' dir='ltr'><strong>fore</strong></span> <span class='ocrx_word' id='word_1_846' title='bbox 2971 4694 3322 4756; x_wconf 86' lang='lat' dir='ltr'><strong>vaticinatur,</strong></span> <span class='ocrx_word' id='word_1_847' title='bbox 3355 4688 3451 4744; x_wconf 85' lang='lat' dir='ltr'><strong>Dei</strong></span> 
     </span>
    </p>
   </div>
   <div class='ocr_carea' id='block_1_109' title="bbox 1871 4785 3454 4857">
    <p class='ocr_par' dir='ltr' id='par_1_109' title="bbox 1871 4785 3454 4857">
     <span class='ocr_line' id='line_1_109' title="bbox 1871 4785 3454 4857; baseline -0.004 -13"><span class='ocrx_word' id='word_1_848' title='bbox 1871 4791 2053 4853; x_wconf 83' lang='lat' dir='ltr'><strong>ovium</strong></span> <span class='ocrx_word' id='word_1_849' title='bbox 2095 4791 2353 4847; x_wconf 90' lang='lat' dir='ltr'><strong>ecclesias</strong></span> <span class='ocrx_word' id='word_1_850' title='bbox 2401 4790 2769 4846; x_wconf 88' lang='lat' dir='ltr'><strong>subindicans.</strong></span> <span class='ocrx_word' id='word_1_851' title='bbox 2811 4787 3047 4857; x_wconf 90' lang='lat' dir='ltr'><strong>Populus</strong></span> <span class='ocrx_word' id='word_1_852' title='bbox 3080 4801 3209 4842; x_wconf 91' lang='lat' dir='ltr'><strong>vero</strong></span> <span class='ocrx_word' id='word_1_853' title='bbox 3237 4785 3329 4855; x_wconf 91' lang='lat' dir='ltr'><strong>qui</strong></span> <span class='ocrx_word' id='word_1_854' title='bbox 3357 4799 3454 4838; x_wconf 80' lang='lat' dir='ltr'><strong>cx-</strong></span> 
     </span>
    </p>
   </div>
   <div class='ocr_carea' id='block_1_110' title="bbox 1873 4880 3454 4961">
    <p class='ocr_par' dir='ltr' id='par_1_110' title="bbox 1873 4880 3454 4961">
     <span class='ocr_line' id='line_1_110' title="bbox 1873 4880 3454 4961; baseline -0.007 -19"><span class='ocrx_word' id='word_1_855' title='bbox 1873 4886 2096 4961; x_wconf 89' lang='lat' dir='ltr'><strong>quisivit</strong></span> <span class='ocrx_word' id='word_1_856' title='bbox 2117 4901 2263 4948; x_wconf 91' lang='lat' dir='ltr'><strong>eum,</strong></span> <span class='ocrx_word' id='word_1_857' title='bbox 2292 4884 2481 4939; x_wconf 90' lang='lat' dir='ltr'><strong>acinus</strong></span> <span class='ocrx_word' id='word_1_858' title='bbox 2501 4889 2640 4948; x_wconf 90' lang='lat' dir='ltr'><strong>erat,</strong></span> <span class='ocrx_word' id='word_1_859' title='bbox 2681 4891 2737 4936; x_wconf 93' lang='lat' dir='ltr'><strong>et</strong></span> <span class='ocrx_word' id='word_1_860' title='bbox 2761 4896 2944 4937; x_wconf 87' lang='lat' dir='ltr'><strong>semen</strong></span> <span class='ocrx_word' id='word_1_861' title='bbox 2977 4880 3225 4951; x_wconf 77' lang='lat' dir='ltr'><strong>superius</strong></span> <span class='ocrx_word' id='word_1_862' title='bbox 3247 4891 3454 4933; x_wconf 85' lang='lat' dir='ltr'><strong>memo—</strong></span> 
     </span>
    </p>
   </div>
   <div class='ocr_carea' id='block_1_111' title="bbox 1877 4974 3452 5047">
    <p class='ocr_par' dir='ltr' id='par_1_111' title="bbox 1877 4974 3452 5047">
     <span class='ocr_line' id='line_1_111' title="bbox 1877 4974 3452 5047; baseline -0.004 -11"><span class='ocrx_word' id='word_1_863' title='bbox 1877 4991 2054 5036; x_wconf 91' lang='lat' dir='ltr'><strong>ratum</strong></span> <span class='ocrx_word' id='word_1_864' title='bbox 2079 5017 2094 5042; x_wconf 92' lang='lat'><strong>,</strong></span> <span class='ocrx_word' id='word_1_865' title='bbox 2128 4977 2294 5031; x_wconf 88' lang='lat' dir='ltr'><strong>electi</strong></span> <span class='ocrx_word' id='word_1_866' title='bbox 2338 4976 2456 5046; x_wconf 89' lang='lat' dir='ltr'><strong>ejus</strong></span> <span class='ocrx_word' id='word_1_867' title='bbox 2494 4976 2679 5031; x_wconf 79' lang='lat' dir='ltr'><strong>famuli</strong></span> <span class='ocrx_word' id='word_1_868' title='bbox 2709 4991 2724 5029; x_wconf 89' lang='lat'><strong>:</strong></span> <span class='ocrx_word' id='word_1_869' title='bbox 2757 4991 2990 5046; x_wconf 87' lang='lat' dir='ltr'><strong>quorum</strong></span> <span class='ocrx_word' id='word_1_870' title='bbox 3040 4991 3204 5047; x_wconf 87' lang='lat' dir='ltr'><strong>opera</strong></span> <span class='ocrx_word' id='word_1_871' title='bbox 3265 4974 3452 5031; x_wconf 89' lang='lat' dir='ltr'><strong>caulas</strong></span> 
     </span>
    </p>
   </div>
   <div class='ocr_carea' id='block_1_112' title="bbox 1874 5067 3450 5139">
    <p class='ocr_par' dir='ltr' id='par_1_112' title="bbox 1874 5067 3450 5139">
     <span class='ocr_line' id='line_1_112' title="bbox 1874 5067 3450 5139; baseline -0.002 -14"><span class='ocrx_word' id='word_1_872' title='bbox 1874 5073 2036 5126; x_wconf 88' lang='lat' dir='ltr'><strong>boum</strong></span> <span class='ocrx_word' id='word_1_873' title='bbox 2075 5077 2129 5122; x_wconf 92' lang='lat' dir='ltr'><strong>et</strong></span> <span class='ocrx_word' id='word_1_874' title='bbox 2168 5068 2328 5122; x_wconf 86' lang='lat' dir='ltr'><strong>ovilia</strong></span> <span class='ocrx_word' id='word_1_875' title='bbox 2364 5083 2469 5122; x_wconf 93' lang='lat' dir='ltr'><strong>non</strong></span> <span class='ocrx_word' id='word_1_876' title='bbox 2497 5067 2550 5122; x_wconf 93' lang='lat' dir='ltr'><strong>in</strong></span> <span class='ocrx_word' id='word_1_877' title='bbox 2587 5067 2808 5134; x_wconf 89' lang='lat' dir='ltr'><strong>lsraele,</strong></span> <span class='ocrx_word' id='word_1_878' title='bbox 2839 5069 3084 5139; x_wconf 90' lang='lat' dir='ltr'><strong>nequein</strong></span> <span class='ocrx_word' id='word_1_879' title='bbox 3116 5067 3321 5132; x_wconf 82' lang='lat' dir='ltr'><strong>Judaea,</strong></span> <span class='ocrx_word' id='word_1_880' title='bbox 3355 5068 3450 5122; x_wconf 87' lang='lat' dir='ltr'><strong>sed</strong></span> 
     </span>
    </p>
   </div>
   <div class='ocr_carea' id='block_1_113' title="bbox 1877 5159 3450 5218">
    <p class='ocr_par' dir='ltr' id='par_1_113' title="bbox 1877 5159 3450 5218">
     <span class='ocr_line' id='line_1_113' title="bbox 1877 5159 3450 5218; baseline -0.003 0"><span class='ocrx_word' id='word_1_881' title='bbox 1877 5163 1932 5218; x_wconf 93' lang='lat' dir='ltr'><strong>in</strong></span> <span class='ocrx_word' id='word_1_882' title='bbox 1958 5162 2096 5218; x_wconf 79' lang='lat' dir='ltr'><strong>saltu</strong></span> <span class='ocrx_word' id='word_1_883' title='bbox 2139 5169 2195 5216; x_wconf 89' lang='lat' dir='ltr'><strong>et</strong></span> <span class='ocrx_word' id='word_1_884' title='bbox 2240 5161 2291 5214; x_wconf 93' lang='lat' dir='ltr'><strong>in</strong></span> <span class='ocrx_word' id='word_1_885' title='bbox 2337 5171 2636 5215; x_wconf 88' lang='lat' dir='ltr'><strong>memorata</strong></span> <span class='ocrx_word' id='word_1_886' title='bbox 2671 5159 2812 5216; x_wconf 88' lang='lat' dir='ltr'><strong>valle</strong></span> <span class='ocrx_word' id='word_1_887' title='bbox 2854 5160 3035 5217; x_wconf 82' lang='lat' dir='ltr'><strong>Achor</strong></span> <span class='ocrx_word' id='word_1_888' title='bbox 3073 5160 3450 5215; x_wconf 81' lang='lat' dir='ltr'><strong>constituenda</strong></span> 
     </span>
    </p>
   </div>
   <div class='ocr_carea' id='block_1_114' title="bbox 1876 5254 2376 5323">
    <p class='ocr_par' dir='ltr' id='par_1_114' title="bbox 1876 5254 2376 5323">
     <span class='ocr_line' id='line_1_114' title="bbox 1876 5254 2376 5323; baseline -0.012 -12"><span class='ocrx_word' id='word_1_889' title='bbox 1876 5271 1998 5311; x_wconf 89' lang='lat' dir='ltr'><strong>esse</strong></span> <span class='ocrx_word' id='word_1_890' title='bbox 2027 5254 2376 5323; x_wconf 72' lang='lat' dir='ltr'><strong>prrenuntiat.</strong></span> 
     </span>
    </p>
   </div>
   <div class='ocr_carea' id='block_1_115' title="bbox 1946 5343 3447 5417">
    <p class='ocr_par' dir='ltr' id='par_1_115' title="bbox 1946 5343 3447 5417">
     <span class='ocr_line' id='line_1_115' title="bbox 1946 5343 3447 5417; baseline -0.001 -15"><span class='ocrx_word' id='word_1_891' title='bbox 1946 5347 2113 5403; x_wconf 69' lang='lat' dir='ltr'><strong>Vens.</strong></span> <span class='ocrx_word' id='word_1_892' title='bbox 2151 5346 2240 5414; x_wconf 80' lang='lat' dir='ltr'><strong>ll,</strong></span> <span class='ocrx_word' id='word_1_893' title='bbox 2275 5345 2364 5400; x_wconf 75' lang='grc'>12.</span> <span class='ocrx_word' id='word_1_894' title='bbox 2394 5364 2414 5397; x_wconf 80' lang='grc' dir='ltr'><strong>ι</strong></span> <span class='ocrx_word' id='word_1_895' title='bbox 2443 5343 2553 5401; x_wconf 81' lang='lat' dir='ltr'><strong>Vos</strong></span> <span class='ocrx_word' id='word_1_896' title='bbox 2579 5355 2786 5413; x_wconf 90' lang='lat' dir='ltr'><strong>autem,</strong></span> <span class='ocrx_word' id='word_1_897' title='bbox 2814 5346 2906 5416; x_wconf 92' lang='lat' dir='ltr'><strong>qui</strong></span> <span class='ocrx_word' id='word_1_898' title='bbox 2935 5344 3302 5417; x_wconf 86' lang='lat' dir='ltr'><strong>dereliquistis</strong></span> <span class='ocrx_word' id='word_1_899' title='bbox 3342 5360 3447 5411; x_wconf 87' lang='lat' dir='ltr'><strong>me,</strong></span> 
     </span>
    </p>
   </div>
   <div class='ocr_carea' id='block_1_116' title="bbox 1873 5439 3451 5510">
    <p class='ocr_par' dir='ltr' id='par_1_116' title="bbox 1873 5439 3451 5510">
     <span class='ocr_line' id='line_1_116' title="bbox 1873 5439 3451 5510; baseline -0.003 -14"><span class='ocrx_word' id='word_1_900' title='bbox 1873 5450 1930 5496; x_wconf 87' lang='lat' dir='ltr'><strong>et</strong></span> <span class='ocrx_word' id='word_1_901' title='bbox 1955 5440 2106 5496; x_wconf 91' lang='lat' dir='ltr'><strong>obliti</strong></span> <span class='ocrx_word' id='word_1_902' title='bbox 2134 5439 2266 5494; x_wconf 86' lang='lat' dir='ltr'><strong>estis</strong></span> <span class='ocrx_word' id='word_1_903' title='bbox 2281 5440 2478 5494; x_wconf 88' lang='lat' dir='ltr'><strong>montis</strong></span> <span class='ocrx_word' id='word_1_904' title='bbox 2501 5440 2670 5495; x_wconf 89' lang='lat' dir='ltr'><strong>sancti</strong></span> <span class='ocrx_word' id='word_1_905' title='bbox 2696 5439 2823 5504; x_wconf 90' lang='lat' dir='ltr'><strong>mei,</strong></span> <span class='ocrx_word' id='word_1_906' title='bbox 2847 5439 2937 5509; x_wconf 87' lang='lat' dir='ltr'><strong>qui</strong></span> <span class='ocrx_word' id='word_1_907' title='bbox 2963 5440 3166 5510; x_wconf 88' lang='lat' dir='ltr'><strong>paratis</strong></span> <span class='ocrx_word' id='word_1_908' title='bbox 3188 5439 3451 5494; x_wconf 70' lang='lat' dir='ltr'><strong>daemonio</strong></span> 
     </span>
    </p>
   </div>
   <div class='ocr_carea' id='block_1_117' title="bbox 1877 5534 3450 5608">
    <p class='ocr_par' dir='ltr' id='par_1_117' title="bbox 1877 5534 3450 5608">
     <span class='ocr_line' id='line_1_117' title="bbox 1877 5534 3450 5608; baseline -0.002 -17"><span class='ocrx_word' id='word_1_909' title='bbox 1877 5549 2142 5600; x_wconf 89' lang='lat' dir='ltr'><strong>mensam,</strong></span> <span class='ocrx_word' id='word_1_910' title='bbox 2178 5546 2232 5590; x_wconf 91' lang='lat' dir='ltr'><strong>et</strong></span> <span class='ocrx_word' id='word_1_911' title='bbox 2259 5535 2349 5604; x_wconf 89' lang='lat' dir='ltr'><strong>qui</strong></span> <span class='ocrx_word' id='word_1_912' title='bbox 2386 5534 2622 5604; x_wconf 88' lang='lat' dir='ltr'><strong>impletis</strong></span> <span class='ocrx_word' id='word_1_913' title='bbox 2655 5536 2882 5590; x_wconf 67' lang='lat' dir='ltr'><strong>fortuna:</strong></span> <span class='ocrx_word' id='word_1_914' title='bbox 2913 5535 3166 5591; x_wconf 88' lang='lat' dir='ltr'><strong>libamen.</strong></span> <span class='ocrx_word' id='word_1_915' title='bbox 3189 5535 3301 5608; x_wconf 79' lang='lat' dir='ltr'><strong>Ego</strong></span> <span class='ocrx_word' id='word_1_916' title='bbox 3341 5545 3450 5589; x_wconf 86' lang='lat' dir='ltr'><strong>tra-</strong></span> 
     </span>
    </p>
   </div>
   <div class='ocr_carea' id='block_1_118' title="bbox 1880 5627 3447 5698">
    <p class='ocr_par' dir='ltr' id='par_1_118' title="bbox 1880 5627 3447 5698">
     <span class='ocr_line' id='line_1_118' title="bbox 1880 5627 3447 5698; baseline -0.003 -14"><span class='ocrx_word' id='word_1_917' title='bbox 1880 5631 2002 5684; x_wconf 92' lang='lat' dir='ltr'><strong>dam</strong></span> <span class='ocrx_word' id='word_1_918' title='bbox 2046 5643 2143 5684; x_wconf 89' lang='lat' dir='ltr'><strong>vos</strong></span> <span class='ocrx_word' id='word_1_919' title='bbox 2189 5628 2243 5683; x_wconf 92' lang='lat' dir='ltr'><strong>in</strong></span> <span class='ocrx_word' id='word_1_920' title='bbox 2281 5627 2516 5698; x_wconf 88' lang='lat' dir='ltr'><strong>gladium</strong></span> <span class='ocrx_word' id='word_1_921' title='bbox 2562 5647 2575 5683; x_wconf 89' lang='lat'><strong>:</strong></span> <span class='ocrx_word' id='word_1_922' title='bbox 2617 5642 2807 5684; x_wconf 89' lang='lat' dir='ltr'><strong>omnes</strong></span> <span class='ocrx_word' id='word_1_923' title='bbox 2849 5627 2902 5682; x_wconf 95' lang='lat' dir='ltr'><strong>in</strong></span> <span class='ocrx_word' id='word_1_924' title='bbox 2950 5628 3096 5684; x_wconf 73' lang='lat' dir='ltr'><strong>caede</strong></span> <span class='ocrx_word' id='word_1_925' title='bbox 3137 5631 3447 5684; x_wconf 88' lang='lat' dir='ltr'><strong>corruetis:</strong></span> 
     </span>
    </p>
   </div>
   <div class='ocr_carea' id='block_1_119' title="bbox 1880 5721 3446 5793">
    <p class='ocr_par' dir='ltr' id='par_1_119' title="bbox 1880 5721 3446 5793">
     <span class='ocr_line' id='line_1_119' title="bbox 1880 5721 3446 5793; baseline -0.001 -16"><span class='ocrx_word' id='word_1_926' title='bbox 1880 5721 2134 5793; x_wconf 87' lang='lat' dir='ltr'><strong>quoniam</strong></span> <span class='ocrx_word' id='word_1_927' title='bbox 2158 5721 2342 5779; x_wconf 86' lang='lat' dir='ltr'><strong>vocavi</strong></span> <span class='ocrx_word' id='word_1_928' title='bbox 2369 5735 2483 5789; x_wconf 83' lang='lat' dir='ltr'><strong>vos,</strong></span> <span class='ocrx_word' id='word_1_929' title='bbox 2513 5729 2566 5778; x_wconf 90' lang='lat' dir='ltr'><strong>et</strong></span> <span class='ocrx_word' id='word_1_930' title='bbox 2589 5738 2692 5780; x_wconf 91' lang='lat' dir='ltr'><strong>non</strong></span> <span class='ocrx_word' id='word_1_931' title='bbox 2725 5721 3052 5792; x_wconf 83' lang='lat' dir='ltr'><strong>audivistis;</strong></span> <span class='ocrx_word' id='word_1_932' title='bbox 3082 5723 3291 5780; x_wconf 86' lang='lat' dir='ltr'><strong>locutus</strong></span> <span class='ocrx_word' id='word_1_933' title='bbox 3307 5737 3446 5789; x_wconf 83' lang='lat' dir='ltr'><strong>sum,</strong></span> 
     </span>
    </p>
   </div>
  </div>
