3880 6216
465 304 562 360 5H
1140 302 1413 360 EUSEBIl
1449 305 1928 363 CESARIENSIS
1963 305 2114 362 OPP.
2154 301 2335 359 PARS
2372 302 2462 359 Ill.
2500 333 2570 344 -—
2601 299 3012 360 EXEGETICA.
3617 298 3730 358 διε

464 431 520 477 et
550 420 975 492 Eofuempsistis,
993 429 1046 475 et
1068 421 1276 478 fecistis
1305 423 1499 479 malum
1518 425 1569 480 in
1585 437 1875 496 conspectu
1897 442 2032 492 meo,

2143 424 2240 480 κού
2249 442 2374 479 σατε
2389 423 2522 496 (42)⁶
2538 424 2776 496 ἐλάλησα
2789 425 2884 478 καὶ
2902 422 3286 495 παρηκούσατε
3296 462 3310 487 ,
3325 422 3419 476 καὶ
3430 421 3587 494 ἐποιή
3594 440 3698 477 σατ
3718 445 3726 478 τ

465 526 519 572 et
543 531 664 585 qua:
707 515 955 570 nolebam
988 513 1252 585 elegistis.
1293 535 1311 567 ι
1348 517 1614 584 Quoniam
1658 535 1757 589 ego
1795 520 1909 589 ipse
1946 521 2032 588 qui

2139 517 2200 568 τὸ
2250 517 2484 588 πονηρὸν
2513 519 2754 572 ἐναντίον
2784 517 2943 589 ἐμοῦ,
2982 517 3076 570 καὶ¹
3107 516 3142 571 ἃ
3170 516 3269 570 οὑκ
3311 515 3614 588 ἐϐουλόμην
3639 518 3714 585 ἐξ·

463 623 558 664 vos
594 607 881 677 praesentia
923 622 1041 662 mea
1087 608 1279 677 dignos
1322 609 1525 676 habui,
1576 625 1674 664 vos
1707 610 1917 678 priores
1946 626 2032 679 per

2140 607 2414 673 ελέξασθε.
2445 628 2464 661 ι
2485 609 2699 682 Ἐπειδὴ
2715 610 2876 674 αὑτὸς
2897 608 3007 679 ἐγὼ
3032 610 3133 681 τῆς
3163 608 3400 679 ἐμαυτοῦ
3423 609 3718 681 παρουσία(

464 701 844 769 memetipsum
889 700 1099 765 vocavi,
1149 715 1248 756 vos
1290 712 1472 756 autem
1519 717 1627 756 non
1668 703 1986 760 obedivistis
2021 719 2032 756 :

2139 700 2489 768 καταξιώσας
2520 703 2668 766 ὑμᾶς
2705 701 2902 766 αὑτοὺς
2923 701 3170 774 πρώτους
3199 703 3345 772 ὑμᾶς
3382 701 3450 755 δι’
3483 702 3717 772 ἐμαυτο⁶

461 810 624 863 quam
657 795 789 848 item
814 793 1256 848 criminationem
1294 796 1445 863 prius
1475 792 1768 849 ell'erebam
1806 794 1890 850 bis
1919 809 2032 848 ver-

2139 792 2405 864 κέκληκα·
2445 794 2602 864 ὑμεῖς
2634 794 2691 848 δὲ
2713 795 2814 866 οὑχ
2837 792 3183 856 ὑπηκούσατε
3202 809 3215 823 ·
3245 794 3328 846 ὅτι
3353 793 3447 846 καὶ
3477 794 3585 864 πρὸ
3605 795 3701 847 τοὺ

461 887 564 953 bis,
599 907 616 938 ι
661 887 799 954 Quia
829 887 974 952 veni,
1003 896 1062 943 et
1099 903 1206 941 non
1229 897 1348 942 erat
1379 888 1572 954 homo;
1598 888 1810 955 vocavi,
1850 897 1905 943 et
1934 904 2032 943 non

2139 903 2236 940 του
2263 887 2513 959 ᾐτιώμην
2545 888 2740 957 λέγων·
2774 908 2792 940 ι
2817 888 2962 941 Διότι
2991 883 3173 958 ἦλθον,
3203 887 3298 941 καὶ
3321 887 3420 940 οὑκ
3432 883 3500 958 ἦν
3521 886 3718 958 ἄνθρω

459 987 580 1034 erat
609 981 700 1051 qui
745 980 981 1035 audiret.
1013 999 1032 1032 ι
1065 979 1302 1036 Rursum
1333 981 1387 1036 in
1420 981 1675 1052 populum
1713 981 1850 1035 tales
1873 994 2039 1035 accu-

460 1071 700 1126 sationes
746 1070 1002 1136 instituit,
1037 1069 1238 1124 docens
1273 1084 1332 1125 se
1353 1108 1370 1134 ,
1409 1079 1594 1140 utpote
1624 1068 1818 1133 Deum,
1850 1069 1943 1137 qui
1973 1069 2042 1124 ad

453 1161 680 1230 justitize
705 1163 959 1216 trutinam
985 1162 1166 1216 omnia
1214 1161 1402 1227 faciat,
1439 1175 1716 1231 nunquam
1765 1160 2042 1230 neglectu-

461 1270 582 1310 rum
613 1270 708 1310 eos
745 1269 891 1320 esse,
929 1256 1022 1326 qui
1054 1253 1157 1309 sibi
1189 1254 1384 1324 quovis
1413 1253 1468 1308 in
1512 1253 1634 1308 loco
1681 1253 1944 1318 serviant,
1973 1267 2039 1307 ex

452 1365 788 1420 quacunque
830 1359 991 1421 gente
1039 1348 1264 1404 fuerint.
1305 1347 1508 1404 Omnes
1543 1348 1778 1419 quippe,
1810 1347 1902 1418 qui
1938 1347 2040 1402 sibi

459 1441 671 1496 servire
712 1449 1045 1511 proponunt,
1082 1440 1256 1496 salute
1286 1440 1471 1494 donat.
1505 1439 1655 1510 Ipsos
1683 1440 1850 1510 igitur
1887 1440 2041 1494 exci—

355 1547 368 1556 °
459 1535 600 1604 piet,
632 1551 696 1590 ac
730 1535 798 1590 iis
837 1534 1113 1590 ccelestem
1156 1534 1336 1590 cibum
1371 1534 1763 1606 suppeditabit,
1801 1534 2042 1592 salutare

459 1641 657 1694 nempe
688 1625 948 1691 Verbum,
985 1625 1129 1696 quod
1153 1624 1251 1692 ait,
1281 1642 1301 1676 ι
1345 1624 1458 1693 Ego
1486 1639 1604 1680 sum
1638 1625 1816 1696 panis,
1847 1625 1938 1694 qui
1973 1625 2042 1680 de

457 1717 600 1773 caelo
630 1718 885 1774 descendi
911 1718 976 1772 ’⁸.
1010 1738 1029 1771 ι
1066 1717 1134 1772 Ει
1186 1717 1242 1772 1ιί
1297 1718 1515 1788 quidem
1570 1727 1873 1772 memorato
1903 1732 2041 1787 pane

2142 997 2267 1044 πος·
2300 980 2559 1047 ἐκάλεσα,
2591 980 2686 1034 καὶ
2707 981 2806 1034 οὑκ
2827 976 2896 1051 ἦν
2927 981 2956 1034 6
2983 980 3294 1034 ὑπακούων.
3335 1000 3354 1033 ι
3392 980 3562 1034 Πάλιν
3590 981 3726 1052 πρὸς

2140 1069 2233 1123 τὸν
2273 1069 2402 1124 λαὸν
2440 1069 2540 1134 τὰς
2575 1070 2947 1142 προκειμένας
2979 1072 3214 1123 ποιεῖται
3252 1069 3608 1141 κατηγορίας,
3647 1069 3710 1122 δι-

2140 1159 2377 1226 δάσκων,
2430 1161 2508 1225 ὡς
2550 1161 2898 1234 δικαιοσύνης
2942 1161 3093 1233 ζυγῷ
3119 1162 3300 1216 πάντα
3328 1161 3604 1232 πράττων,
3649 1160 3726 1225 ώς

2141 1249 2294 1314 Θεὸς,
2313 1249 2563 1321 οὐδαμῶς
2594 1250 2693 1321 μὲν
2715 1250 3024 1322 παρόψεται
3048 1251 3177 1314 τοὺς
3197 1251 3320 1304 ὅποι
3344 1250 3544 1321 δήποτε
3572 1250 3727 1321 αὑτῷ

2140 1341 2516 1406 δουλεύοντας,
2559 1341 2620 1408 ἐξ
2658 1342 2772 1396 οῖου
2805 1344 2850 1397 δ’
2879 1343 2947 1398 ἂν
2980 1343 3167 1408 ἔθνους
3199 1338 3328 1398 εἶεν.
3362 1345 3580 1408 Πάντας
3613 1343 3726 1416 γὰρ

2143 1434 2329 1500 ἁπλῶς
2356 1433 2609 1501 διασώζει
2632 1438 2760 1501 τοὺς
2800 1435 3070 1491 δουλεύειν
3108 1436 3256 1508 αὑτῷ
3286 1437 3725 1510 προῃρημένους.

2143 1526 2514 1599 Παραδέξεται
2544 1524 2659 1591 οὖν,
2697 1529 2792 1584 καὶ
2836 1529 3047 1594 τούτοις
3078 1529 3306 1602 παρέξει
3349 1531 3447 1602 τὴν
3488 1531 3724 1603 ἐπουράν

2141 1639 2254 1676 νιον
2286 1622 2514 1694 τροφὴν,
2549 1621 2642 1676 τὸν
2665 1623 2841 1691 Λόγον
2873 1622 2972 1678 τὸν
3012 1625 3278 1696 σωτήριον
3307 1624 3399 1677 τὸν
3431 1625 3724 1697 εἰρηκόταο

2148 1737 2168 1770 ι
2211 1717 2352 1788 Ἐγώ
2393 1721 2508 1790 είμι
2551 1718 2580 1770 ὁ
2621 1718 2788 1789 ἄρτος
2831 1722 2861 1772 6
2903 1721 2968 1772 ἐκ
3005 1719 3098 1773 τοὺ
3127 1719 3358 1791 οὑρανοῦ
3387 1720 3654 1784 καταϐάς.
3701 1741 3722 1773 ι

458 1811 772 1866 nutrientur
800 1819 854 1866 et
879 1811 1304 1876 saturabuntur;
1339 1825 1437 1865 vos
1471 1819 1676 1875 autem,
1724 1810 1921 1880 inquit,
1949 1811 2032 1880 qui

2142 1775 2302 1862 Οὗτοί
2349 1775 2461 1880 μὲν.
2492 1803 2586 1862 οὖν
2629 1775 2717 1880 τίς).
2752 1775 2994 1880 λεχθέντι
3027 1811 3177 1884 ἄρτῳ
3197 1775 3587 1883 ’τραφήσονται
3611 1775 3727 1864 ’καὶ

457 1904 692 1975 gratiam
719 1919 891 1958 meam
923 1919 1030 1960 non
1058 1903 1400 1974 suscepistis,
1440 1901 1783 1958 rationabilis
1809 1902 1914 1957 cibi
1944 1917 2041 1972 pe-

458 1996 617 2051 nuria
643 1997 898 2052 esurietis
925 2014 940 2052 :
971 1997 1210 2067 itemque
1238 1995 1329 2067 qui
1356 1995 1488 2050 mihi
1529 1994 1774 2051 serviunt
1814 1995 2041 2050 immor-

458 2088 586 2144 talis
644 2089 770 2144 vita:
823 2099 951 2159 potu
1001 2089 1378 2159 replebuntur,
1430 2087 1499 2142 de
1539 2102 1649 2158 quo
1693 2087 1900 2143 dictum
1931 2095 2036 2153 est,

462 2199 482 2233 ι
525 2180 847 2251 Quicunque
884 2181 1084 2236 biberit
1119 2198 1188 2237 ex
1226 2196 1366 2250 aqua
1409 2195 1573 2252 quam
1615 2195 1717 2248 ego
1759 2181 1896 2236 dabo
1945 2180 2034 2244 ei,

455 2271 554 2330 ﬁet
587 2274 642 2329 in
668 2289 732 2331 eo
759 2275 878 2330 fons
905 2290 1058 2346 aquae
1083 2275 1333 2332 salientis
1359 2275 1416 2330 in
1441 2273 1606 2329 vitam
1633 2274 1978 2330 aeternam”.
2013 2296 2032 2327 ο

441 2431 450 2489 ἶ
526 2454 692 2511 Vsus.
728 2456 912 2512 l5—l5.
937 2477 956 2506 ο
988 2456 1280 2528 PrOpterea
1298 2457 1417 2513 haec
1440 2456 1573 2513 dicit
1598 2457 1881 2522 Dominus,
1901 2456 2040 2512 Ecce

453 2545 546 2617 qui
578 2547 822 2602 serviunt
848 2548 982 2603 mihi
1028 2550 1350 2616 comedent;
1379 2564 1478 2604 vos
1522 2559 1704 2605 autem
1731 2551 1987 2606 esurietis
2021 2565 2034 2602 :

454 2655 582 2697 ecce
598 2643 690 2712 qui
707 2643 952 2699 serviunt
970 2645 1103 2699 mibi
1120 2643 1330 2709 bibent,
1343 2657 1443 2700 vos
1459 2655 1639 2700 autem
1660 2644 1861 2700 sitietis
1880 2662 1895 2698 :
1911 2656 2039 2699 ecce

453 2736 547 2806 qui
589 2736 840 2791 serviunt
870 2736 1001 2790 mihi
1039 2736 1386 2803 laetabuntur,
1409 2751 1506 2791 vos
1521 2745 1703 2792 autem
1739 2736 2038 2792 confunde-

455 2827 590 2882 mini
623 2844 639 2881 :
677 2843 807 2883 ecce
829 2829 922 2898 qui
952 2829 1195 2884 serviunt
1217 2829 1348 2884 mihi
1373 2829 1726 2886 exsultabunt
1749 2830 1802 2884 in
1831 2829 2034 2894 laetitia,

453 2933 554 2974 vos
575 2926 757 2973 autem
781 2919 1087 2974 clamabitis
1113 2929 1336 2990 propter
1366 2919 1608 2975 dolorem
1637 2921 1822 2976 cordis
1847 2921 2032 2988 vestri,

447 3019 554 3064 eta
577 3011 904 3066 contritione
930 3011 1155 3082 spiritus
1176 3012 1347 3068 vestri
1377 3012 1672 3070 ululabitis.
1697 3014 2035 3086 Relinquetis

2141 1901 2634 1974 ἐμπλησθήσονται⁶
2655 1903 2812 1973 ὑμεῖς
2831 1901 2908 1966 δέ,
2928 1903 3080 1972 φησὶ,
3097 1903 3146 1955 οἱ
3172 1902 3246 1973 μὴ
3261 1903 3359 1975 τὴν
3375 1902 3514 1974 ἐμὴν
3532 1903 3728 1956 ὑποδε-

2141 1993 2368 2066 ξάμενοι
2394 1995 2576 2068 χάριν,
2605 1995 2784 2067 ἐνδείᾳ
2816 1995 3042 2067 λογικῆς
3063 1995 3270 2068 τροφῆς
3291 1995 3556 2067 λιμώξετε
3575 2011 3590 2026 ’
3627 1995 3726 2050 καὶ

2140 2087 2307 2141 πάλιν
2331 2089 2379 2142 οἱ
2414 2088 2513 2159 μὲν
2548 2088 2673 2159 ἐμοὶ
2701 2087 3043 2152 δουλεύοντες
3075 2087 3238 2142 πότου
3271 2089 3416 2159 ζωῆς
3450 2086 3720 2142 ἀθανάτου

2140 2181 2578 2253 πλησθήσονται,
2621 2181 2749 2253 περὶ
2791 2173 2852 2234 οὗ
2889 2180 3172 2235 λέλεκται⁸
3214 2199 3233 2233 ι
3271 2181 3369 2245 ⁸ος
3401 2179 3468 2234 ἂν
3516 2181 3614 2252 πίῃ
3659 2180 3726 2234 ἐκ

2137 2274 2233 2328 τοῦ
2265 2274 2476 2339 ὓδατος,
2506 2265 2568 2328 οὗ
2615 2273 2726 2343 ἐγὼ
2758 2273 2914 2328 δώσω
2945 2273 3112 2346 αὑτῷ,
3141 2275 3430 2347 γενήσεται
3468 2277 3525 2329 ἐν
3573 2274 3724 2348 αὑτῷ

2138 2366 2289 2440 πηγὴ
2319 2366 2510 2430 ὓδατος
2538 2365 2829 2438 ἁλλομένου
2853 2368 2932 2428 είς
2963 2364 3106 2438 ζωὴν
3127 2366 3364 2422 αἰώνιον.
3388 2385 3407 2418 ι

2213 2476 2231 2510 ι
2287 2458 2386 2512 Διὰ
2429 2457 2588 2512 τοῦτο
2625 2459 2752 2513 τάδε
2799 2458 2946 2529 λέγει
2979 2458 3212 2531 Κύριοςο
3254 2459 3387 2513 Ἰδοὺ
3416 2459 3464 2512 οί
3497 2457 3718 2513 δουλεὺ-

2135 2551 2286 2616 οντές
2322 2570 2414 2623 μοι
2455 2551 2750 2622 φάγονται,
2783 2553 2940 2622 ὑμεῖς
2963 2552 3019 2607 δέ
3048 2553 3355 2607 πεινάσετε·
3395 2551 3503 2608 ίδοὺ
3525 2553 3576 2606 οἱ
3599 2552 3721 2606 δου-

2135 2642 2382 2708 λεύοντες
2409 2661 2499 2715 μοι
2530 2644 2766 2709 πίονται,
2801 2646 2960 2716 ὑμεῖς
2997 2645 3054 2699 δέ
3075 2645 3362 2716 διψήσετε·
3392 2645 3502 2699 ίδοὺ
3529 2645 3578 2698 οἱ
3599 2645 3722 2700 δου-

2135 2732 2382 2798 λεύοντές
2405 2751 2492 2806 μοι
2513 2735 2996 2808 εὐφρανθήσονται,
3011 2736 3172 2807 ὑμεῖς
3195 2737 3250 2790 δὲ
3269 2736 3716 2810 αἰσχυνθήσεσθε·

2138 2823 2248 2878 ἰδοὺ
2287 2826 2334 2878 οἱ
2363 2825 2703 2891 δουλεύοντες
2737 2845 2828 2898 μοι
2857 2827 3272 2896 άγαλλιάσονται
3305 2831 3364 2882 ἐν
3386 2830 3718 2903 εὐφροσύνῃ,

2135 2917 2295 2988 ὑμεῖς
2325 2917 2381 2972 δέ
2405 2917 2736 2992 κεκράξεσθε
2759 2919 2846 2974 διὰ
2871 2933 2964 2974 τον
2993 2921 3154 2975 πόνον
3169 2922 3268 2993 τῆς
3287 2923 3515 2994 καρδίας
3539 2924 3718 2996 ὑμῶν,

2133 3009 2228 3063 καὶ
2258 3009 2367 3063 ἀπὸ
2409 3011 2703 3084 συντριϐῆς
2736 3011 3044 3083 πνεύματος
3074 3011 3227 3084 ὑμῶν
3264 3013 3563 3080 ὀλολύξετε.
3597 3016 3719 3069 Κα-

454 3101 601 3156 enim
639 3117 833 3158 nomen
865 3105 1190 3158 vestrumin
1235 3105 1582 3160 saturitatem
1627 3105 1816 3162 electis
1854 3107 2029 3176 meis;

2137 3099 2419 3170 ταλείψετε
2453 3100 2563 3174 γὰρ
2608 3101 2668 3154 τὸ
2711 3101 2882 3174 ὖνομα
2927 3102 3082 3175 ὑμῶν
3123 3105 3204 3166 είς
3259 3102 3580 3175 πλησμονὴν
3606 3103 3724 3169 τοῖς

453 3205 552 3244 vos
582 3200 764 3246 autem
819 3193 1112 3250 interﬁciet
1159 3193 1469 3251 Dominus:
1517 3197 1884 3253 servientibus
1931 3212 2030 3252 au-

454 3288 566 3335 tem
609 3281 740 3336 mihi
775 3284 1062 3338 vocabitur
1096 3299 1291 3341 nomen
1335 3301 1555 3342 novum.
1597 3307 1616 3340 l
1657 3288 1813 3356 Quod
1852 3288 1896 3344 si
1929 3304 2030 3345 cu-

453 3370 600 3425 riose
641 3380 863 3442 agentes
891 3373 1136 3429 ediscere
1166 3375 1398 3445 cupiatis
1437 3377 1660 3447 quinam
1695 3378 1827 3433 mihi
1859 3378 2033 3434 servi-

454 3462 560 3516 turi
591 3463 720 3528 sint,
750 3472 806 3520 et
830 3466 970 3535 quod
998 3467 1102 3522 illis
1123 3469 1196 3524 sit
1224 3483 1441 3534 nomen,
1474 3471 1670 3526 scitote
1697 3473 1864 3528 Deum
1898 3488 2034 3529 non-

453 3555 582 3609 dum
609 3557 848 3628 ipsorum
877 3559 1280 3630 nomen’palam
1321 3559 1516 3618 efferre
1547 3563 1708 3631 velle,
1742 3567 1836 3620 sed
1865 3564 1918 3619 id
1949 3579 2035 3620 so-

2134 3191 2414 3257 ἐκλεκτοῖς
2453 3209 2554 3264 μου
2573 3209 2586 3223 ’
2624 3193 2769 3264 ὑμᾶς
2797 3195 2854 3247 δὲ
2895 3194 3077 3248 ἀνελεῖ
3102 3191 3306 3266 Κύριος
3323 3209 3337 3223 ο
3369 3195 3484 3258 τοῖς
3512 3193 3571 3245 δὲ
3597 3193 3724 3247 δου-

2131 3282 2349 3337 λεύουσί
2372 3301 2461 3356 μοι
2475 3284 2806 3358 κληθήσεται
2823 3287 2994 3359 ὄνομα
3007 3286 3210 3340 καινόν.
3227 3305 3246 3338 ι
3270 3286 3331 3339 El
3354 3285 3411 3339 δὲ
3429 3287 3721 3357 περιεργό-

2131 3393 2288 3448 τερον
2313 3376 2547 3432 ἐθέλοιτε
2573 3379 2766 3450 μαθεῖν
2781 3380 2926 3443 τίνες
2945 3374 3056 3434 εἶεν
3067 3381 3116 3434 οί
3131 3379 3414 3451 μέλλοντες
3423 3378 3722 3444 δουλεύειν,

2133 3471 2229 3524 καὶ
2271 3470 2325 3523 τί
2361 3472 2545 3536 αὑτοῖς
2583 3471 2786 3543 δνομα,
2829 3471 3165 3541 γινώσκετε,
3203 3471 3286 3525 ὅτι
3321 3469 3475 3525 οὔπω
3505 3472 3606 3543 μὲν
3639 3475 3724 3537 εἰς

2135 3563 2366 3635 φανερὸν
2391 3563 2628 3636 τοῦνομα
2648 3564 2825 3618 αὑτῶν
2845 3566 2873 3618 6
2906 3564 3037 3627 Θεὸς
3060 3563 3311 3634 βούλεται
3332 3565 3560 3634 ἀγαγεῖν
3584 3583 3598 3596 ·
3631 3584 3725 3620 το-

452 3645 730 3704 ιιηπηοόο
777 3649 1113 3720 signiﬁcare,
1159 3653 1302 3722 quod
1356 3668 1536 3723 neque
1583 3655 1754 3711 Israel
1801 3657 2030 3713 vocandi

2138 3655 2327 3709 σοῢτον
2356 3656 2414 3710 δὲ
2437 3656 2597 3728 μόνον
2630 3656 2904 3729 σημαίνει,
2937 3657 3014 3721 ώς
3039 3655 3161 3710 οὕτε
3197 3656 3412 3728 Ἰσραήλ
3428 3655 3726 3728 κληθήσον-

453 3739 583 3804 sint,
664 3756 840 3811 neque
905 3741 1119 3811 Jacob,
1173 3759 1349 3812 neque
1409 3744 1621 3812 Judaei,
1667 3762 1845 3819 neque
1927 3749 2032 3804 alio

2137 3766 2260 3814 ται,
2299 3747 2425 3802 οὔτε
2463 3747 2677 3816 Ἰακὼϐ,
2729 3748 2854 3803 οὔτε
2896 3749 3159 3813 Ἰουδαῖοι,
3209 3749 3332 3803 οὔτε
3360 3748 3497 3812 ὅλως
3523 3766 3576 3801 τι
3606 3747 3727 3802 τῶν

451 3825 705 3895 quopiam
741 3827 1078 3896 ihominibus
1141 3843 1270 3888 noto
1315 3833 1598 3890 vocabulo.
1629 3835 1837 3892 Novum
1885 3839 2031 3893 enim

2137 3841 2444 3914 ἀνθρώποις
2472 3841 2946 3913 συνεγνωσμένων.
2977 3841 3180 3898 Καινὸν
3208 3842 3318 3916 γάρ
3333 3861 3384 3896 τι
3401 3843 3495 3896 καὶ
3515 3841 3726 3898 νεώτα-

452 3919 722 3985 quoddam
744 3934 808 3973 ac
830 3923 1266 3978 recentissimum
1287 3939 1482 3981 nomen
1515 3927 1856 3997 imponetur;
1886 3929 2032 3986 illud-

2137 3950 2224 3986 τον
2257 3933 2441 3998 αὑτοῖς
2469 3933 2847 4005 ἐπιτεθήσεται
2890 3933 3083 4006 δνομα,
3117 3933 3286 4002 ξένον,
3337 3935 3431 3990 καὶ
3457 3934 3722 4007 μηδεπώ-

451 4019 560 4100 que
584 4005 843 4072 insolens,
875 4023 940 4063 ac
977 4025 1252 4081 nunquam
1293 4012 1430 4067 alias
1460 4013 1730 4080 auditum,
1762 4016 1908 4086 quod
1939 4016 2032 4071 be-

2137 4043 2264 4080 ποτε
2293 4027 2577 4094 ἀκουσθέν,
2605 4027 2634 4082 ὃ
2653 4005 3075 4100 εὑΑογηθήσεται
3112 4029 3205 4082 ἐπὶ
3234 4028 3332 4100 τῆς
3362 4005 3469 4099 γῆς
3492 4005 3721 4092 αὐξανό-

452 4094 735 4151 nedicetur
769 4098 822 4152 in
858 4109 1024 4166 terra,
1045 4112 1321 4158 accrescet
1345 4104 1496 4173 item,
1518 4115 1574 4162 et
1594 4106 2032 4178 multiplicabitur

2137 4132 2318 4186 μενον,
2347 4118 2442 4170 καὶ
2463 4117 2866 4189 πληθυνόμενον
2893 4118 3032 4190 ὑπὲρ
3065 4120 3247 4172 πᾶσαν
3285 4118 3601 4190 σωματικὴν
3627 4117 3722 4172 εὑ-

450 4199 561 4254 prte
587 4187 733 4283 omni
773 4191 1042 4260 corporali
1088 4192 1482 4252 benedictione.
1525 4197 1659 4252 Nam
1693 4199 1738 4255 si
1786 4216 1891 4270 qua
1928 4201 2031 4256 alia

2137 4207 2340 4277 λογίαν.
2369 4210 2432 4262 El
2455 4187 2567 4282 γάρ
2591 4227 2674 4274 τις
2693 4187 2787 4264 καὶ
2805 4210 2941 4280 άλλη
2971 4187 3207 4283 πλήθους
3227 4187 3482 4281 ποιητικὴ
3512 4187 3721 4281 τυγχά-

425 4278 712 4378 .augendte
738 4281 1068 4338 multitudini
1092 4292 1216 4354 apta
1241 4285 1335 4340 Dei
1361 4287 1669 4344 benedictio
1697 4292 1877 4358 fuerit,
1894 4293 2032 4348 hanc

2137 4316 2213 4352 νει
2253 4300 2318 4353 ἐκ
2345 4278 2480 4354 Θεοὺ
2532 4278 2773 4370 εὐλογία,
2821 4278 3027 4373 ταύτης
3065 4278 3311 4369 τεύξεται
3341 4278 3404 4355 τὸ
3439 4278 3728 4373 ὄνομα-*τὸ

419 4376 582 4448 item
623 4382 983 4444 consequetur
1023 4389 1220 4431 nomen
1250 4376 1421 4434 servis
1458 4380 1593 4436 meis
1629 4380 2029 4450 imponendum.

2137 4387 2588 4460 ἐπιτεθησόμενον
2614 4392 2726 4454 τοῖς
2746 4389 3056 4444 δουλεύουσί
3093 4407 3182 4463 μοι

418 4529 420 4532 ν
525 4463 692 4519 Vsus.
723 4463 812 4531 l6,
859 4466 947 4521 l7.
986 4485 1005 4519 ι
1035 4466 1360 4525 Benedicent
1403 4473 1547 4528 enim
1598 4472 1711 4529 Deo
1755 4489 1888 4530 vero
1927 4494 1941 4530 :
1973 4485 2026 4530 et

2205 4491 2226 4525 ι
2276 4475 2642 4548 Εὑλογήσουσι
2673 4481 2782 4551 γὰρ
2812 4479 2904 4534 τὸν
2933 4479 3068 4534 Θεὸν
3094 4481 3188 4535 τὸν
3215 4479 3499 4552 ἀληθινόν·
3536 4482 3634 4534 καὶ
3663 4483 3719 4535 οἱ

445 4557 539 4626 qui
593 4555 780 4625 iurant
831 4557 887 4612 in
936 4567 1102 4627 terra,
1149 4560 1412 4629 jurabunt
1457 4579 1554 4635 per
1591 4564 1759 4620 Deum
1813 4581 2022 4624 verum.

442 4645 848 4703 Obliviscentur
895 4650 1038 4706 enim
1098 4654 1460 4710 tribulationis
1525 4655 1746 4726 primte,
1811 4667 1866 4712 et
1916 4673 2026 4713 non

446 4739 702 4805 ascendet
732 4739 785 4794 in
820 4757 917 4798 cor
949 4759 1158 4799 eorum.
1187 4746 1302 4800 Erit
1340 4747 1483 4802 enim
1516 4747 1713 4804 caalum
1742 4763 1937 4804 novum
1971 4760 2026 4806 et

447 4839 592 4886 terra
627 4847 788 4901 nova,
817 4850 915 4890 nec
949 4839 1380 4894 recordabuntur
1412 4841 1674 4910 priorum,
1707 4855 1808 4896 nec
1843 4842 2024 4897 veniet

445 4924 499 4980 in
531 4940 626 4980 cor
665 4942 870 4982 eorum.
897 4946 917 4980 ι
969 4927 1105 4983 Nam
1133 4929 1266 4986 alias
1293 4946 1415 4986 cum
1463 4939 1590 4986 tunc
1618 4932 1814 4988 ctelum
1850 4935 2025 5004 suspi-

442 5025 668 5083 cerent,
719 5033 834 5074 rem
884 5032 1123 5076 creatam
1174 5022 1423 5078 colebant
1474 5039 1586 5094 pra:
1631 5023 1922 5093 Creatore,
1969 5037 2028 5083 et

445 5116 649 5164 terram
689 5109 942 5166 similiter
965 5113 1130 5167 veluti
1160 5113 1327 5168 Deum
1356 5117 1778 5182 venerabantur,
1811 5132 2024 5174 necnon

443 5212 662 5258 exortos
701 5217 767 5257 ex
809 5203 896 5258 illa
927 5203 1139 5260 fructus
1187 5223 1200 5260 :
1251 5221 1396 5261 nunc
1425 5221 1555 5262 Vero
1587 5207 1785 5262 caelum
1829 5224 2021 5265 novum

444 5281 496 5345 εἰ
531 5301 728 5349 terram
761 5311 954 5351 novam
987 5297 1252 5362 videntes,
1289 5313 1456 5369 opera
1486 5313 1742 5356 manuum
1770 5300 1866 5357 Dei
1895 5314 2019 5359 esse

445 5379 705 5460 fatentur,
733 5401 840 5442 non
869 5397 1052 5444 autem
1078 5389 1210 5444 deos
1229 5403 1352 5446 esse
1379 5398 1572 5462 putant

553 5586 600 5616 "'
629 5585 786 5644 Joan.
823 5606 901 5658 v1,
931 5591 1022 5648 41.
1097 5594 1143 5627 ³³
1165 5593 1324 5651 Joan.
1356 5610 1430 5659 tv,
1463 5595 1553 5653 14.

539 5681 628 5752 42)
671 5683 766 5758 llic
788 5695 840 5739 et
871 5687 921 5741 in
950 5690 1299 5758 sequentibus
1327 5689 1459 5744 locis
1499 5703 1683 5745 vocem
1719 5689 2015 5747 ὑπακούειν

448 5767 556 5807 non
586 5756 724 5809 male
774 5767 957 5814 vertas
991 5756 1321 5814 respondere.
1348 5759 1480 5815 Nam
1516 5759 1619 5816 hoc
1652 5777 1751 5819 usu
1782 5765 2016 5834 plerum-

2128 4567 2420 4640 ὀμνύοντες
2436 4569 2528 4622 ἐπὶ
2543 4570 2644 4641 τῆς
2662 4571 2769 4641 γῆς
2785 4571 3043 4644 ὀμοῦνται
3055 4572 3147 4626 τὸν
3169 4571 3300 4626 Θεὸν
3320 4573 3409 4627 τὸν
3435 4571 3716 4645 ἀληθινόν.

2142 4661 2521 4733 Ἐπιλήσονται
2550 4662 2660 4734 γὰρ
2694 4661 2792 4734 τὴν
2827 4663 3005 4734 θλίψιν
3049 4664 3149 4736 τὴν
3191 4662 3434 4736 πρώτην,
3470 4665 3567 4719 καὶ
3614 4666 3722 4719 οὑκ
3824 4690 3831 4694 τ

2127 4753 2459 4826 ἀναϐήσεται
2505 4754 2687 4809 αὑτῶν
2739 4755 2832 4809 ἐπὶ
2883 4755 2980 4828 τὴν
3025 4757 3272 4828 καρδίαν.
3306 4757 3503 4811 Ἔσται
3545 4757 3658 4829 γὰρ
3689 4761 3722 4812 6

2130 4843 2359 4914 οὑρανὸς
2387 4843 2573 4910 καινὸς
2605 4846 2754 4918 καὶὴ
2791 4846 2866 4919 γῆ
2889 4848 3070 4920 καινὴ,
3103 4849 3197 4902 καὶ
3225 4849 3286 4902 οὑ
3321 4850 3395 4920 μὴ
3433 4848 3721 4921 μνησθῶσι

2128 4935 2238 4988 τῶν
2281 4935 2583 5009 προτέρων,
2626 4938 2736 4992 οὐδ’
2767 4939 2828 4993 οὑ
2877 4940 2953 5012 μὴ
3001 4940 3202 5013 ἐπέλθῃ
3252 4942 3433 4995 αὑτῶν
3475 4943 3568 4994 ἐπὶ
3611 4943 3722 5016 τὴν

2127 5027 2375 5100 καρδίαν.
2414 5048 2434 5081 ι
2477 5029 2688 5094 Ἀλλως
2725 5029 2824 5102 μὲν
2857 5032 2966 5104 γὰρ
2995 5033 3117 5086 τότε
3158 5031 3394 5104 ὁρῶντες
3423 5031 3516 5085 τὸν
3545 5032 3718 5105 οὑρα-

2126 5119 2235 5184 νὸν,
2268 5119 2516 5175 ἐσέϐοντο
2540 5123 2607 5194 τῇ
2641 5123 2813 5177 κτίσει
2851 5123 3004 5194 παρὰ
3040 5123 3131 5178 τὸν
3160 5123 3441 5190 κτίσαντα,
3477 5125 3576 5178 καὶ
3615 5125 3721 5197 τὴν

2126 5209 2230 5280 γῆν
2254 5209 2454 5281 ὁμοίως
2488 5209 2817 5279 ἐθεοποίουν,
2845 5214 3086 5278 καὶτοὺς
3119 5216 3182 5268 ἐκ
3205 5215 3408 5288 ταύτης
3442 5217 3719 5288 βλαστῶν.

2127 5318 2228 5366 τας
2249 5302 2496 5372 καρπούς
2519 5320 2533 5334 ο
2580 5302 2676 5357 νῦν
2705 5304 2751 5358 δ’
2776 5305 2866 5358 ὅτε
2896 5305 3080 5360 καινὸν
3124 5305 3346 5376 όψοντες
3369 5307 3463 5360 τὸν
3483 5308 3719 5378 οὐρανὸν

2127 5394 2222 5448 καὶ
2273 5394 2370 5466 τὴν
2414 5395 2538 5466 γῆν,
2569 5395 2706 5467 ἔργα
2729 5396 2927 5469 χειρῶν
2979 5396 3115 5451 Θεοῦ
3157 5394 3295 5454 εἶναι
3332 5398 3716 5472 ὁμολογοῦσιν,

2128 5486 2310 5541 οὐκέτι
2337 5487 2394 5540 δέ
2426 5487 2581 5552 θεοὺς
2606 5483 2747 5543 εἶναι
2778 5490 3108 5562 νομίζουσιν.

2124 5710 2229 5764 que
2256 5695 2372 5773 liae};
2410 5710 2514 5751 vox
2555 5697 2790 5773 occurrit
2820 5707 2928 5755 tum
2973 5700 3027 5756 in
3061 5699 3340 5773 Scriptura
3377 5714 3559 5770 sacra,
3599 5711 3715 5757 tum

2124 5767 2268 5837 apud
2303 5766 2436 5823 alios
2469 5767 2787 5838 scriptores.
