3880 6216
119 317 231 373 513

1056 313 1563 370 COMMENTARIA
1600 314 1668 370 IN
1708 315 1966 373 ISAIAM.
2005 350 2075 360 —-
2111 319 2263 375 CAP.
2305 318 2466 376 LXV.

3281 324 3387 381 5M

193 453 217 487 ί
263 434 405 488 Ἀλλ’
434 433 775 505 εὐφροσύνην
802 434 896 488 καὶ
925 434 1243 504 ἀγαλλίασιν
1278 437 1603 508 εὑρήσουσιν
1647 440 1695 492 ἑκ

1881 438 2044 495 Vens.
2073 441 2267 497 18-20.
2308 459 2325 492 ι
2358 440 2461 495 Sed
2495 441 2733 496 laetitiam
2766 450 2820 498 et
2853 442 3268 500 exsultationem
3302 447 3387 499 in-

108 528 281 597 αὐτῇ.
318 528 437 582 Ὅτι
470 526 580 579 ἰδοὺ
624 526 738 595 ἑγὼ
779 526 917 580 ποιῶ
957 526 1271 599 ἀγαλλίαμα
1308 529 1665 601 Ἰερουσαλὴμ
1687 570 1702 595 ,

117 619 216 673 καὶ
239 618 334 671 τὸν
368 618 497 671 λαόν
530 635 632 689 μου
658 618 1001 690 εὐφροσύνην
1021 636 1033 648 ·
1063 620 1156 672 καὶ
1187 619 1588 691 ἀγαλλιάσομαι
1613 621 1707 674 ἐπὶ

127 710 509 782 Ἰερουσαλὴμ,
533 711 631 765 καὶ
644 711 1093 783 εὑφρανθήσομαι
1110 711 1205 766 ἑπί
1221 712 1298 783 τῷ
1314 712 1432 784 λαῷ
1456 730 1577 785 μουο
1612 714 1706 769 καὶ

118 802 312 855 οὐκέτι
337 802 411 872 μὴ
431 801 668 873 ἀκουσθῇ
699 803 756 855 ἑν
774 803 909 874 αὐτῇ
935 802 1086 874 φωνὴ
1114 802 1393 875 κλαυθμοῦ
1409 805 1531 858 οὐδὲ
1554 807 1705 879 φωνὴ

120 894 398 963 κραυγῆς,
424 893 532 946 οὐδ’
553 894 613 947 οὐ
647 893 721 965 μὴ
737 893 961 965 γένηται
986 894 1067 949 ἔτι
1092 896 1213 949 ἐκεῖ
1232 895 1410 968 ἄωρος
1439 898 1535 950 καὶ
1572 915 1707 967 πρε-

114 984 347 1055 σῦύῑτις,
377 983 437 1048 ὃς
458 984 559 1037 οὐκ
595 984 977 1056 ἑμπλήσειτὸν
1007 985 1196 1057 χρόνον
1222 986 1409 1042 αὐτοῦ.
1444 1006 1466 1040 ›
1498 989 1707 1052 Πάντες

113 1077 229 1149 γὰρ
270 1078 369 1148 τῆς
409 1079 539 1150 παρ’
571 1078 695 1148 ἐμοὶ
743 1078 1095 1143 ἀναστάσεως
1122 1079 1376 1149 τυχόντες
1421 1080 1565 1135 κατὰ
1612 1080 1705 1135 τὸν

115 1170 312 1241 καιρὸν
343 1170 451 1224 τῶν
482 1169 824 1238 ἐπαγγελιῶν
852 1170 933 1233 εἰς
953 1169 1121 1241 ἄνδρα
1149 1170 1376 1236 τέλειον,
1394 1172 1474 1235 εἰς
1508 1171 1704 1243 μέτρον

114 1262 342 1333 ἡλικίας
384 1260 607 1333 ἥξουσι·
658 1261 753 1315 καὶ
811 1262 1016 1325 πάντες
1066 1261 1281 1316 ἔσονται
1340 1262 1564 1333 ἀκμαῖοι
1605 1262 1705 1327 τὰς

115 1353 405 1425 Ψνκάςνὼς
438 1356 577 1425 μήτε
604 1353 782 1427 ἄωρον
809 1355 1002 1426 νήπιον
1037 1354 1132 1408 καὶ
1145 1354 1338 1424 ἀτελῆ,
1374 1356 1509 1425 μήτε
1537 1356 1705 1427 ὑπερ-

114 1445 396 1516 ϐεϐηκότα
439 1448 534 1499 καὶ
578 1446 930 1517 γεγηρακότα
976 1447 1034 1498 ἑν
1082 1446 1264 1509 αὐτοῖς
1315 1447 1699 1517 εὑρίσκεσθαι*

116 1538 324 1602 πάντες
355 1539 413 1592 δὲ
443 1538 726 1609 ὁμήλικες,
762 1539 839 1601 ὼς
869 1538 934 1593 ἂν
970 1538 1059 1607 ὑφ’
1089 1536 1186 1592 ἕνα
1220 1538 1410 1608 καιρὸν
1441 1538 1543 1608 τῆς
1569 1540 1701 1592 ἀνα-

112 1630 366 1693 στάσεως
384 1629 717 1700 τευξόμενοι,
734 1630 829 1683 καὶ
862 1631 991 1699 μιᾶς
1006 1628 1425 1699 παλιγγενεσίας
1452 1629 1705 1703 μεθέξον-

114 1736 229 1782 τες.

1806 532 2024 587 venient
2066 534 2119 586 in
2168 546 2253 587 ea.
2284 531 2548 599 Quoniam
2579 548 2706 589 ecce
2746 548 2844 605 ego
2887 534 3029 591 facio
3062 537 3385 593 exsultatio-

1806 636 1929 677 nem
1955 622 2275 691 Jerusalem,
2304 635 2357 678 et
2388 624 2640 694 p0pulum
2674 639 2851 679 meum
2886 626 3126 681 Iustitiam
3156 644 3172 683 :
3207 636 3263 684 et
3294 644 3387 683 ex-

1806 716 2016 771 sultabo
2047 730 2207 785 super
2252 715 2573 780 Jerusalem,
2618 726 2674 771 et
2707 716 2934 772 laetabor
2975 734 3139 789 super
3186 722 3388 791 populo

1806 819 1963 859 meo:
1997 812 2050 859 et
2100 820 2206 859 non
2253 806 2395 860 ultra
2431 807 2679 861 audietur
2712 807 2766 860 in
2819 810 2935 877 ipsa
2971 824 3077 863 vox
3124 809 3303 876 ﬂetus,
3331 821 3388 867 et

1807 910 1907 949 vox
1955 894 2241 960 clamoris,
2282 911 2454 965 neque
2498 896 2639 951 ultra
2698 898 2803 952 erit
2848 898 2923 953 ibi
2958 899 3281 955 immaturus
3328 911 3387 958 et

1806 998 1993 1048 senex,
2039 987 2127 1055 qui
2180 1001 2286 1041 non
2321 986 2544 1054 impleat
2586 996 2796 1057 tempus
2830 1003 3009 1044 suum.
3035 1008 3054 1041 ι
3110 990 3387 1064 Quotquot

1805 1074 1947 1128 enim
1995 1076 2446 1130 resurrectionem
2494 1092 2524 1131 a
2576 1094 2663 1134 me
2721 1078 2908 1134 datam
2959 1094 3385 1153 consequentur,

1807 1171 2051 1232 tempore
2081 1164 2521 1234 promissionum,
2570 1168 2626 1222 in
2673 1168 2847 1223 virum
2882 1172 3185 1240 perfectum
3228 1184 3284 1229 et
3330 1175 3382 1228 in

1805 1268 2111 1308 mensuram
2142 1256 2315 1310 aetatis
2344 1258 2603 1312 venient:
2643 1266 2807 1328 atque
2848 1276 3042 1316 omnes
3076 1264 3256 1318 anima
3291 1280 3385 1321 ve-

1805 1347 1911 1418 geti
1958 1356 2134 1413 erunt,
2164 1350 2237 1403 ita
2269 1358 2325 1404 ut
2360 1365 2534 1421 neque
2570 1350 2894 1407 immaturus
2926 1362 2980 1408 et
3018 1369 3125 1409 non
3163 1357 3386 1412 adultus

1798 1437 2034 1506 juvenis,
2082 1454 2257 1508 neque
2295 1448 2455 1493 aetate
2485 1452 2774 1511 provectus
2805 1451 2898 1497 aut
2926 1458 3092 1498 senex
3122 1445 3195 1501 ibi
3231 1462 3385 1518 repe-

1804 1529 2006 1594 riatur,
2057 1531 2154 1585 sed
2209 1532 2358 1600 paris
2410 1532 2587 1587 aetatis
2632 1547 2845 1599 omnes,
2893 1536 3218 1617 utpote‘qui
3272 1551 3387 1592 uno
3493 1554 3515 1569 ·

1804 1620 2102 1690 eodemque
2136 1631 2376 1690 tempore
2414 1632 2736 1693 resurgant,
2781 1633 2835 1679 et
2876 1624 3384 1699 ejusdemjregene-

1804 1711 2036 1765 rationis
2069 1722 2352 1766 consortes
2379 1713 2511 1766 sint.

192 1830 213 1862 ι
257 1811 455 1863 Ἔσται
486 1809 595 1881 γάρ
618 1812 647 1863 ό
669 1808 789 1872 νέος
812 1807 1003 1862 ἑκατὸν
1025 1806 1182 1871 ἑτῶν,
1207 1809 1236 1861 ὁ
1259 1807 1316 1861 δὲ
1347 1806 1695 1877 ἀποθνήσκων

1883 1822 1901 1855 ‹
1933 1802 2051 1857 Erit
2096 1803 2240 1858 enim
2290 1803 2505 1873 juvenis
2540 1814 2754 1860 centum
2800 1822 3089 1874 annorum,
3120 1809 3213 1879 qui
3250 1826 3381 1868 vero

114 1902 445 1973 ἁμαρτωλὸς
473 1901 670 1957 ἑκατὸν
694 1901 854 1966 ἑτῶν,
889 1900 983 1953 καὶ
1023 1898 1427 1970 ὲπικατάρατος
1457 1897 1633 1950 ἔσται.
1673 1917 1693 1949 ι

114 1995 188 2049 Τὸ
214 1995 332 2048 ἴσον
356 1993 453 2047 τοῦ
487 1994 679 2066 χρόνου
712 1994 814 2063 τῆς
840 1994 905 2046 ἑκ
932 1993 1141 2064 νεκρῶν
1169 1992 1515 2054 ἀναστάσεως
1552 2007 1698 2061 παρ-

114 2090 366 2160 έστησεν.
408 2088 599 2140 Ἔσται
646 2081 740 2139 οῦν
777 2087 807 2139 ὁ
842 2083 1164 2155 ἁμαρτωλὸς
1193 2082 1289 2136 καὶ
1314 2081 1477 2144 αὐτὸς
1506 2081 1698 2135 ἑκατὸν

114 2180 272 2243 ἐτῶν,
321 2180 419 2233 καὶ
451 2178 855 2249 ἑπικατάρατος
904 2176 1058 2229 ἔσται
1091 2175 1351 2244 ἀκμαῖος,
1394 2174 1491 2227 καὶ
1521 2172 1597 2236 ὡς
1638 2174 1697 2225 ἑν

111 2270 285 2342 κακίᾳ
319 2270 543 2332 τέλειος,
579 2268 940 2339 ἀποθνήσκων
955 2268 1022 2337 τῇ
1053 2262 1247 2318 ἑαυτοῦ
1272 2263 1516 2335 ἁμαρτίᾳ
1541 2280 1555 2294 ο
1580 2265 1609 2317 ὅ
1636 2282 1695 2317 τε

113 2360 233 2424 νέος
261 2360 426 2414 πάλιν
452 2358 643 2413 ἑκατὸν
667 2359 824 2423 ἑτῶν,
848 2358 943 2412 καὶ
962 2356 1125 2421 αὐτὸς
1138 2354 1342 2421 τέλειος
1364 2358 1422 2410 ἑν
1449 2356 1697 2423 τελείοις,

111 2455 192 2516 εἰς
227 2454 505 2524 σωτηρίαν
541 2450 1120 2523 παραλαμϐανόμενος.

188 2566 208 2599 ι
236 2548 352 2601 Καὶ
377 2546 819 2617 οἰκοδομήσουσιν
843 2544 1040 2609 οἰκίας,
1075 2544 1171 2597 καὶ
1200 2544 1354 2597 αὐτοὶ
1383 2543 1697 2614 ἐνοικήσου-

111 2654 163 2689 σι
184 2653 198 2666 '
238 2636 335 2689 καὶ
372 2634 875 2703 καταφυτεύσουσιν
910 2634 1263 2705 ἀμπελῶνας,
1300 2636 1395 2687 καὶ
1424 2633 1581 2687 αὐτοὶ
1604 2634 1699 2702 φά-

109 2745 298 2795 γονται
338 2727 409 2781 τά
460 2728 780 2797 γεννήματα
838 2726 1041 2781 αὐτῶν.
1090 2746 1110 2779 ›
1151 2728 1278 2791 Τοῖς
1325 2726 1434 2798 γὰρ
1489 2724 1696 2779 ἑαυτῶν

108 2820 292 2892 ἔργοις
327 2818 422 2872 καὶ
445 2821 566 2881 ταῖς
591 2818 818 2881 οἰκείαις
840 2818 1105 2890 πράξεσιν
1135 2818 1452 2891 ποριοῦνται
1484 2820 1698 2883 ἑαυτοῖς

107 2913 206 2976 τὰς
244 2911 416 2981 μονὰς
446 2911 546 2973 τὰς
574 2908 728 2980 παρά
758 2909 836 2981 τῷ
875 2910 1051 2980 Πατρί
1070 2926 1085 2939 °
1110 2910 1247 2964 ἀλλά
1284 2910 1411 2975 τοὺς
1449 2910 1696 2981 καρποὺς

108 3002 215 3055 τῶν
246 3002 429 3054 πόνων
456 3001 635 3055 αὐτῶν
668 3002 962 3070 φάγονται·
999 2999 1187 3071 διόπερ
1215 3001 1252 3055 ἀ
1278 3001 1696 3072 γεωργήσαντες

110 3096 441 3164 συνήγαγον,
476 3094 649 3147 ταῦτα
680 3094 994 3165 εὑρήσουσι,
1041 3094 1137 3147 καὶ
1172 3091 1233 3157 ἑξ
1273 3092 1451 3146 αὐτῶν
1479 3094 1694 3165 τραφή-

112 3202 315 3240 σονται.

181 3296 202 3329 ι
243 3278 320 3331 Οὐ
372 3276 447 3347 μὴ
495 3276 943 3347 οἰκοδομήσουσι,
988 3277 1085 3331 καὶ
1124 3277 1273 3332 ἄλλοι
1320 3278 1691 3349 ἑνοικήσουσι,

109 3371 203 3424 καὶ
220 3371 281 3423 οὗ
320 3369 396 3440 μὴ
428 3368 775 3437 φυτεύσουσι,
803 3370 896 3422 καὶ
916 3370 1064 3424 ἄλλοι
1090 3370 1375 3439 φάγονται.
1405 3369 1561 3423 Κατὰ
1584 3366 1694 3439 γὰρ

107 3464 203 3528 τὰς
235 3462 455 3533 ἡμέρας
497 3461 590 3514 τοῦ
620 3460 776 3526 ξύλου
825 3462 925 3533 τῆς
954 3459 1100 3532 ζωῆς
1146 3462 1360 3516 ἔσονται
1390 3463 1447 3515 αἰ
1488 3461 1692 3533 ἡμέραι

108 3555 201 3609 τοῦ
233 3553 369 3609 λαοῦ
415 3571 515 3625 μου
540 3570 553 3583 ·
590 3554 659 3607 τά
699 3553 808 3625 γὰρ
850 3552 988 3624 ἔργα
1030 3552 1139 3607 τῶν
1170 3554 1348 3608 πόνων
1376 3553 1559 3607 αὐτῶν
1584 3569 1691 3605 πα-

108 3648 455 3702 λαιώσουσιν.
504 3665 522 3698 ι
569 3645 706 3698 Ἀλλ’
739 3646 820 3708 εἰς
861 3644 1088 3717 ἄπειρον
1129 3644 1304 3700 αἰῶνα
1343 3647 1401 3700 ἑν
1439 3643 1693 3715 ἀθανάτῳ

109 3741 311 3811 εὐζωϊᾳ
341 3737 583 3803 διάξουσι
605 3753 620 3769 ⁸
652 3736 731 3790 διὸ
756 3735 1004 3789 λέλεκται
1022 3753 1036 3766 ’
1080 3755 1101 3788 ι
1133 3736 1288 3790 Κατά
1309 3737 1417 3808 γὰρ
1438 3735 1537 3799 τάς
1557 3737 1692 3807 ήμέ-

110 3849 208 3903 ρας
241 3829 341 3883 τοῦ
380 3828 537 3893 ξύλου
569 3828 669 3898 τῆς
711 3825 858 3897 ζωῆς
893 3827 951 3879 αἰ
993 3826 1202 3897 ήμέραι
1227 3825 1321 3879 τοῦ
1348 3824 1478 3879 λαοῦ
1506 3842 1628 3896 μου.
1665 3843 1684 3876 ι

107 3925 179 3977 Τὸ
212 3922 376 3990 ξύλον
406 3922 465 3975 δὲ
496 3922 710 3993 εἴρηται
752 3921 810 3973 ἑν
844 3919 923 3991 τῷ
964 3918 1276 3990 παραδείσῳ
1300 3916 1392 3971 τοῦ
1423 3916 1560 3970 Θεοῦ
1594 3934 1692 3969 πε-

108 4013 442 4083 φυτεῦσθαιυ
489 4011 765 4064 δείκνυται
819 4008 1129 4081 τοιγαροῦν,
1178 4010 1262 4062 ὅτι
1306 4008 1407 4061 οὐκ
1458 4007 1564 4074 ἔξω
1594 4006 1689 4061 τοῦ

104 4106 241 4159 Θεοῦ
267 4106 327 4158 αἰ
348 4103 673 4172 ἐπαγγελίαι
708 4102 1055 4173 τυγχάνουσι.
1086 4103 1166 4154 Δι’
1192 4094 1269 4156 ὧν
1307 4101 1563 4155 ἁπάντων
1597 4119 1691 4155 σα·-

102 4200 222 4269 φῶς
258 4198 452 4268 ἕτερον
479 4196 604 4249 λαὸν
640 4195 851 4263 εἰσάγει
889 4193 1067 4263 ἑαυτῷ
1103 4192 1257 4264 παρά
1288 4192 1382 4246 τοῦ
1421 4193 1688 4246 Ἰουδαίων

102 4292 317 4355 ἔθνους.
352 4282 513 4343 Οὗτοι
540 4292 651 4359 γάρ
680 4286 1170 4358 παλαιωθήσονται,
1203 4286 1323 4339 οὐδὲ
1356 4285 1563 4357 ἑτέροις
1592 4303 1690 4339 κα-

98 4385 458 4454 ταλείψουσι,
497 4381 785 4453 μέλλοντες
827 4376 981 4443 αὖθις
1031 4378 1385 4449 μεθίστασθαι
1413 4376 1507 4431 τοῦ
1549 4377 1687 4447 βίου,

1800 1892 2052 1955 moritur,
2088 1902 2338 1962 peccator
2375 1905 2592 1950 centum
2641 1912 2907 1954 annorum
2954 1910 3008 1956 et
3052 1901 3379 1959 maledictus

1800 1986 1923 2040 erit.
1950 2003 1971 2038 ι
2015 1983 2216 2041 ditatis
2257 1995 2313 2043 et
2348 1990 2607 2058 temporis
2638 1990 2689 2044 in
2723 1993 3124 2048 resurrectione
3152 1997 3384 2065 aequali-

1802 2086 1970 2134 tatem
2021 2080 2136 2135 fore
2182 2080 2439 2138 declarat.
2482 2082 2601 2138 Erit
2653 2084 2819 2156 igitur
2874 2096 3133 2157 peccator
3168 2102 3222 2148 et
3267 2095 3382 2165 ipse

1800 2181 2016 2225 centum
2063 2187 2366 2239 annorum,
2409 2182 2465 2230 et
2506 2175 2823 2233 maledictus
2869 2181 3009 2245 erit,
3058 2194 3279 2255 vegetus
3324 2196 3380 2241 et

1800 2263 1956 2331 quasi
1989 2264 2042 2317 in
2074 2264 2278 2319 malitia
2312 2265 2584 2335 perfectus
2617 2270 2857 2326 moriens
2906 2273 2957 2326 in
2996 2284 3216 2343 peccato
3253 2292 3374 2332 suo.

1797 2348 2021 2410 Iuvenis
2059 2357 2187 2412 item
2239 2367 2455 2412 centum
2504 2375 2798 2426 annorum,
2839 2372 2895 2417 et
2942 2363 3057 2433 ipse
3099 2365 3381 2435 perfectus

1798 2446 1941 2502 inter
1967 2446 2260 2517 perfectos,
2285 2459 2341 2504 et
2364 2450 2420 2505 in
2450 2452 2680 2506 salutem
2710 2464 3035 2511 assumetur.

1867 2541 2033 2598 Vsns.
2058 2542 2148 2596 21.
2187 2561 2207 2594 ι
2234 2543 2303 2598 Et
2333 2544 2682 2601 azdificabunt
2712 2548 2925 2613 domos,
2969 2558 3024 2604 et
3068 2551 3170 2621 ipsi
3218 2552 3375 2607 inha-

1796 2633 2048 2689 bitabunt
2082 2652 2095 2690 :
2130 2644 2184 2690 et
2227 2635 2546 2706 plantabunt
2592 2638 2802 2706 vineas,
2849 2649 2905 2694 et
2944 2641 3045 2710 ipsi
3092 2644 3379 2698 comedent

1798 2725 2004 2780 fructus
2031 2741 2238 2780 earum.
2264 2745 2283 2779 ι
2316 2724 2451 2781 Nam
2494 2728 2609 2783 suis
2649 2730 2747 2798 ipsi
2796 2731 3052 2798 operibus
3094 2743 3148 2809 et
3182 2733 3377 2801 gestis,

1798 2818 2103 2872 mansiones
2134 2818 2255 2873 illas
2277 2833 2396 2890 quae
2422 2820 2561 2888 apud
2593 2817 2807 2875 Patrem
2838 2831 2986 2886 sunt,
3031 2822 3134 2876 sibi
3173 2837 3375 2892 procu-

1798 2909 1997 2963 rabunt
2026 2927 2039 2962 :
2070 2908 2163 2964 sed
2196 2910 2360 2965 etiam
2407 2910 2621 2965 fructus
2651 2911 2897 2966 laborum
2945 2927 3163 2968 suorum
3194 2929 3376 2970 come-

1798 3000 1928 3054 dent
1953 3019 1968 3053 ;
1996 3000 2251 3070 quoniam
2280 3015 2344 3055 ea
2372 3016 2489 3069 qua:
2522 3010 2719 3055 terram
2754 3002 2997 3058 colentes
3020 3018 3174 3059 suam
3206 3006 3376 3061 colle-

1797 3099 2013 3161 gerunt,
2038 3104 2101 3145 ea
2136 3091 2430 3161 reperient,
2458 3090 2526 3146 iis
2558 3091 2792 3147 alentur.

1863 3270 2031 3327 Vens.
2055 3271 2146 3326 22.
2179 3289 2198 3322 ι
2226 3270 2577 3340 Nequaquam
2609 3270 2978 3336 aediﬁcabant,
3001 3278 3057 3325 et
3089 3268 3180 3324 alii
3217 3269 3374 3325 inba-

1794 3366 2075 3433 bitabunt;
2111 3379 2451 3435 nequaquam
2483 3364 2828 3434 plantabunt,
2861 3373 2915 3418 et
2945 3362 3034 3417 alii
3069 3364 3370 3418 comedent.

1794 3458 1929 3513 Nam
1972 3459 2268 3514 secundum
2313 3457 2431 3512 dies
2475 3456 2605 3528 ligni
2658 3457 2783 3511 vita:
2824 3464 2987 3511 erunt
3035 3456 3150 3509 dies
3189 3457 3374 3524 populi

1794 3553 1942 3607 mei:
1975 3566 2139 3621 opera
2186 3552 2329 3606 enim
2374 3550 2620 3606 laborum
2670 3548 2911 3618 ipsorum
2958 3555 3369 3601 veterascent.»

1795 3643 1901 3698 Sed
1943 3659 2039 3713 per
2074 3643 2285 3697 infinita
2321 3641 2518 3697 saecula
2563 3641 2618 3695 in
2659 3638 2951 3694 immortali
2998 3637 3087 3692 illa
3122 3646 3176 3692 et
3226 3637 3371 3693 felici

1792 3736 1903 3789 vita
1942 3736 2136 3804 degent
2166 3752 2182 3793 :
2211 3748 2380 3804 quare
2429 3734 2634 3789 dictum
2686 3740 2799 3797 est,
2856 3729 3031 3784 «Nam
3076 3730 3377 3785 secundum

1793 3827 1908 3882 dies
1954 3826 2082 3898 ligni
2137 3828 2263 3882 vila:
2314 3839 2474 3883 erunt
2516 3826 2635 3881 dies
2683 3824 2866 3896 p0puli
2923 3824 3091 3879 mei.»
3143 3822 3373 3893 Lignum

1792 3929 1971 3974 autem
2011 3919 2139 3974 illud
2188 3920 2240 3973 in
2274 3919 2524 3989 paradiso
2559 3917 2653 3970 Dei
2686 3917 2983 3986 plantatum
3022 3915 3188 3970 fuisse
3234 3914 3370 3969 dici-

1795 4020 1914 4077 tur;
1948 4011 2273 4081 itaque.non
2319 4018 2474 4066 extra
2503 4009 2811 4079 paradisum
2842 4007 2933 4062 Dei
2985 4006 3195 4077 impleri
3244 4021 3370 4075 pro-

1793 4102 1959 4158 missa
1990 4104 2312 4158 declaratur.
2341 4101 2546 4169 Quibus
2574 4103 2827 4157 omnibus
2867 4100 3032 4155 alium
3074 4101 3177 4156 sibi
3213 4116 3241 4154 a
3271 4100 3370 4157 Ju-

1792 4191 1949 4246 daico
1982 4190 2235 4260 populum
2282 4190 2527 4245 asciscit.
2558 4190 2639 4245 Illi
2669 4205 2902 4260 namque
2946 4190 3367 4255 inveterascent.

1792 4299 1894 4338 nec
1946 4284 2110 4351 aliis,
2153 4300 2220 4340 ex
2254 4285 2357 4339 hac
2400 4285 2513 4339 vita
2553 4283 2943 4351 transferendi,
2981 4282 3197 4338 labores
3244 4299 3378 4338 suos

1792 4375 2131 4446 relinquent;
2163 4375 2219 4430 bi
2266 4389 2398 4431 vero
2430 4374 2675 4430 laborum
2724 4389 2943 4429 suorum
2990 4384 3140 4443 gesta
3184 4389 3376 4429 secum

99 4482 232 4541 τοὺς
257 4475 472 4530 ἑαυτῶν
508 4475 703 4540 πόνους
724 4492 737 4505 ο
772 4474 888 4528 ἀλλ’
917 4466 1065 4527 οὗτοι
1093 4470 1164 4525 τὰ
1193 4470 1333 4543 ἔργα
1375 4471 1482 4525 τῶν
1512 4471 1688 4525 πόνων

1801 4474 2090 4532 assument,
2123 4466 2469 4536 prepriisque
2499 4464 2768 4521 fructibus
2801 4463 3133 4535 gaudebunt.

101 4570 287 4623 αὐτῶν
329 4569 412 4631 εἰς
457 4566 685 4630 ἑαυτοὺς
728 4564 1114 4637 ἀναλήψονται,
1171 4563 1267 4616 καὶ
1306 4564 1421 4626 τοῖς
1468 4561 1690 4625 οἰκείοις

106 4665 346 4737 καρποῖς
377 4661 825 4733 ἑντρυφήσουσιν.

183 4774 205 4807 ι
245 4754 313 4808 Οἱ
338 4752 584 4806 ἐκλεκτοί
613 4768 715 4823 μου
745 4751 804 4805 οὐ
850 4747 1206 4803 κοπιάσοὺσιν
1244 4747 1324 4811 εἰς
1365 4745 1541 4810 κενὸν,
1570 4744 1695 4798 οὐδὲ

106 4846 590 4917 τεκνοποιήσουσιν
616 4845 696 4906 εἰς
714 4843 998 4913 κατάραν·
1029 4841 1110 4894 ὅτι
1135 4839 1357 4911 σπέρμα
1390 4838 1691 4907 εὐλογημέ-

108 4959 194 4993 νον
211 4939 324 4993 ὑπὺ
352 4936 490 4991 Θεοῦ
510 4939 645 5001 ἑστι,
678 4936 773 4989 καὶ
795 4933 866 4987 τὰ
883 4933 1081 5002 ἑκγονα
1102 4931 1283 4985 αὐτῶν
1310 4932 1426 5002 μετ’
1453 4930 1686 4985 αὐτῶν.»

107 5033 168 5085 Εἰ
190 5032 305 5103 γάρ
329 5030 425 5085 καί
438 5046 582 5093 τινες
598 5028 807 5082 ἔσονται
831 5028 976 5082 κατά
1002 5026 1099 5079 τὸν
1116 5025 1310 5095 καιρὸν
1327 5022 1436 5077 τῶν
1453 5024 1692 5090 ἑπαγγε-

107 5123 235 5176 λιῶν
265 5122 430 5175 κόποι
465 5122 727 5191 σωτήριοι
759 5120 853 5174 καὶ
899 5117 1098 5186 ἀγαθοὶ
1146 5117 1242 5170 καὶ
1274 5116 1443 5186 ἡδεῖς,
1473 5114 1692 5179 ὁποίους

108 5211 330 5274 πάντως
368 5226 476 5262 που
517 5209 613 5263 καὶ
654 5210 688 5280 ἡ
736 5206 999 5277 ἀγγελικὴ
1046 5205 1200 5270 τάξις
1239 5205 1533 5274 ὑπομένειο
1574 5202 1689 5256 ἀλλ’

108 5305 205 5357 οὐκ
234 5301 511 5365 ἑπικενῶς
540 5301 693 5354 ἔσται
728 5299 799 5354 τὰ
828 5300 927 5371 τῆς
960 5299 1224 5372 ἐργασίας
1247 5298 1430 5360 αὐτοῖς
1450 5314 1463 5327 ·
1498 5296 1690 5368 μισθὸς

108 5396 213 5467 γὰρ
249 5396 442 5458 αὐτοῖς
493 5392 715 5459 ἑπάξιος
752 5391 1199 5463 τεθησαύρισται.
1247 5388 1601 5443 Τεκνοποιίαν
1632 5388 1691 5441 δὲ

108 5490 390 5557 νοήσωμεν
420 5481 530 5536 τῶν
570 5481 757 5552 ψυχῶν
787 5482 914 5544 τοὺς
955 5480 1250 5551 λογισμοὺς
1290 5478 1385 5532 καὶ
1430 5478 1530 5548 τῆς
1570 5477 1688 5529 δια-

106 5579 251 5641 νοίας
265 5577 399 5639 τοὺς
418 5575 685 5645 καρποὺς,
720 5572 813 5636 οὓς
834 5573 1075 5644 κατάρας
1111 5570 1328 5624 ἔσεσθαι
1350 5567 1687 5641 ἀλλοτρίους,

110 5670 358 5738 εὐλογίας
392 5667 451 5720 δὲ
484 5665 667 5731 ἀξίους
690 5665 954 5730 θεσπίζει.
989 5663 1175 5717 Ταῦτα
1203 5663 1297 5716 καὶ
1328 5663 1407 5724 εἰς
1421 5659 1510 5713 τὸν
1546 5676 1689 5729 παρ-

108 5763 232 5817 όντα
294 5761 414 5833 βίον
457 5757 896 5829 ἐκλαμϐάνεσθαι
950 5753 1126 5829 οἶμαι,
1170 5753 1263 5809 τοῦ
1315 5751 1475 5822 λόγου
1527 5750 1687 5806 πάλιν

1863 4738 2029 4793 Vsns.
2064 4735 2156 4791 25.
2207 4753 2225 4786 ι
2268 4732 2437 4789 Electi
2490 4730 2593 4786 mei
2644 4746 2752 4787 non
2803 4729 3124 4785 laborabunt
3168 4729 3219 4783 in
3271 4744 3366 4783 va-

1794 4845 1942 4895 num,
1976 4842 2147 4898 neque
2196 4826 2336 4880 filios
2383 4822 2718 4896 generabant
2765 4822 2819 4877 in
2873 4820 3310 4876 maledictionem
3342 4838 3363 4873 :

1792 4921 1916 4989 quia
1947 4934 2131 4975 semen
2177 4915 2518 4973 benedictum
2548 4929 2579 4968 a
2627 4914 2739 4969 Deo
2773 4922 2886 4978 est,
2916 4921 2971 4967 et
3006 4920 3229 4981 nepotes
3276 4926 3367 4965 eoo

1795 5027 1912 5066 rum
1956 5025 2077 5065 cum
2108 5009 2251 5063 eis.)
2293 5007 2518 5061 Etiamsi
2559 5004 2706 5060 enim
2752 5004 3178 5076 promissionum
3227 5011 3368 5056 tem-

1791 5119 1946 5175 pore,
1994 5103 2211 5172 quidam
2264 5095 2566 5165 salutares,
2617 5098 2743 5153 boni
2810 5109 3110 5165 suavesque
3158 5094 3369 5147 labores

1792 5201 1921 5260 sint,
1946 5209 2080 5265 quos
2124 5192 2401 5262 angelicus
2428 5191 2563 5245 ordo
2608 5188 2863 5252 sustinet,
2895 5188 2989 5243 sed
3022 5201 3128 5240 non
3154 5184 3371 5237 frustra

1792 5289 1985 5343 cedent
2022 5285 2124 5340 illis
2168 5298 2374 5354 opera:
2407 5296 2530 5335 nam
2566 5280 2829 5350 condigna
2869 5278 3004 5346 ipsis
3032 5289 3247 5330 merces
3284 5288 3367 5327 re-

1793 5381 1964 5452 posita
2012 5389 2115 5433 est.
2158 5375 2476 5430 Liberorum
2511 5386 2641 5426 vero
2682 5368 3113 5440 procreationem
3159 5364 3366 5419 intelli-

1794 5487 1982 5544 gamus
2007 5484 2127 5525 esse
2163 5468 2357 5522 anima:
2387 5464 2762 5535 cogitationes,
2796 5461 3099 5528 mentisque
3129 5455 3366 5521 fructus,

1794 5580 1930 5637 quos
1981 5580 2010 5616 a
2064 5560 2440 5616 maledictione
2510 5555 2753 5619 alienos,
2804 5551 3183 5608 benedictione
3232 5560 3370 5601 vero

1795 5659 1989 5728 dignos
2038 5652 2154 5709 fore
2203 5649 2547 5705 vaticinatur.
2594 5643 2724 5697 Hmc
2772 5655 2831 5697 πρ
2875 5639 3121 5710 praesenti
3152 5651 3371 5708 quoque

1798 5749 1908 5804 vita
1954 5744 2125 5814 accipi
2167 5757 2325 5812 posse
2372 5737 2652 5801 existimo,
2698 5733 2770 5789 ita
2805 5743 2863 5789 ut
2904 5733 2990 5788 bis
3039 5730 3372 5802 apostolicus
