3880 6216
499 268 604 324 515

1169 265 1444 324 EUSEBII
1482 265 1964 326 CASSARIENSIS
2001 267 2154 326 OPP.
2192 267 2374 326 PARS
2412 266 2501 326 111.
2541 299 2612 310 —-
2645 267 3066 326 EXEGETICA.
3624 274 3703 332 διδ

499 389 698 444 chorus
735 384 1122 442 subindicetur.
1163 402 1183 436 ι
1211 384 1337 440 Ideo
1378 385 1535 442 electi
1573 387 1678 442 mei
1723 403 1829 442 non
1861 387 2076 442 labora-

2186 384 2268 438 τὸν
2297 384 2457 457 χορὸν
2487 384 2578 439 τὸν
2610 381 2964 438 ἀποστολικὸν
2991 381 3378 454 αἰνιττομένου.
3406 400 3429 435 ι
3463 384 3558 440 διὰ
3583 386 3701 442 τοῦτο

499 480 631 535 bunt
659 480 712 533 in
743 493 959 544 vanum,
991 491 1165 546 neque
1208 475 1346 531 ﬁlios
1392 480 1758 547 procreabunt
1806 481 1861 534 in
1900 479 2071 534 male-

498 571 852 626 dictionemn
901 569 1278 638 Apostolorum
1349 569 1548 639 quippe
1599 570 1832 636 labores,
1879 579 1938 624 ut
1985 569 2075 626 vel

497 663 630 733 ipsis
656 661 827 716 oculis
867 661 1095 730 patebit,
1127 676 1236 715 non
1285 661 1336 715 in
1368 678 1565 716 vanutn
1616 663 1854 733 suscepti
1901 662 2073 730 fuere,

496 754 639 824 quod
668 764 924 824 arguetur
950 769 1015 807 ex
1043 753 1278 808 Ecclesia
1309 757 1375 809 ab
1403 753 1537 824 ipsis
1561 769 1658 824 per
1685 764 1854 810 totum
1884 755 2072 810 orbem

496 846 749 912 fundata;
785 855 840 900 et
869 845 962 900 lilii
995 862 1180 900 eorum
1213 860 1311 916 per
1338 845 1619 901 iavacrum
1649 847 2077 916 regenerationis

496 939 552 994 in
579 936 795 994 Christo
824 937 935 992 nati
961 938 1300 994 videbuntur.

571 1111 734 1168 Vens.
759 1111 850 1167 24.
889 1132 910 1165 ι
938 1112 1003 1168 Ει
1037 1113 1142 1168 erit
1177 1124 1466 1183 antequam
1517 1113 1786 1180 clament,
1833 1129 1934 1186 ego
1977 1131 2076 1170 e1-

497 1204 712 1260 audiam
748 1219 882 1259 cos:
916 1205 1091 1261 adhuc
1133 1205 1236 1260 illis
1286 1207 1631 1277 loquentibus
1678 1208 1891 1275 dicam,
1937 1207 2076 1276 Quid

497 1296 656 1351 est?»
708 1295 766 1350 Id
808 1311 968 1366 porro
1012 1297 1067 1351 in
1111 1297 1335 1353 Actibus
1381 1298 1748 1367 apostolorum
1793 1298 2076 1369 impletum

499 1389 901 1457 deprehendas;
938 1405 1061 1443 nam
1102 1389 1211 1444 Deo
1243 1392 1374 1460 ipsis
1420 1399 1656 1456 astante,
1707 1390 1874 1444 multa
1924 1391 2076 1459 signa

498 1489 554 1532 et
603 1480 841 1549 prodigia
889 1481 1208 1534 edebantur.
1257 1481 1530 1550 Apostolis
1574 1495 1708 1536 vero
1752 1481 1868 1534 hare
1913 1495 2076 1550 agen-

500 1569 669 1633 tibus,
711 1571 840 1625 hinc
876 1569 1305 1643 alienigenarum
1339 1573 1584 1643 gentium
1619 1573 1903 1629 conversio
1945 1573 2077 1628 sub-

499 1661 855 1729 sequebatur.

2177 478 2226 529 οἱ
2275 475 2519 530 ἐκλεκτοί
2556 492 2655 547 μου
2689 476 2751 528 οὐ
2797 475 3149 529 κοπιάσουσιν
3194 475 3275 537 είς
3319 474 3470 528 κενὸν
3514 476 3616 530 οὐδὲ
3639 494 3704 532 τε·

2177 567 2593 637 κνοποιήσουσιν
2614 567 2694 629 είς
2726 565 2992 636 κατάραν.
3031 583 3050 616 ι
3094 564 3286 617 Ἔσται
3325 561 3434 634 γὰρ
3456 564 3701 638 ὀφθαλμοῖς

2177 656 2513 729 παραλαϐεῖν
2561 655 2672 709 τῶν
2725 655 3040 710 ἀποστόλων
3084 656 3213 718 τοὺς
3265 653 3486 721 κόπους,
3537 657 3620 711 οὐκ
3643 659 3704 724 είς

2176 751 2333 805 κενὸν
2371 749 2768 820 γεγενημένους
2809 748 2918 803 ἀπὸ
2957 748 3059 819 τῆς
3095 748 3186 801 ὑπ’
3214 747 3392 802 αὐτῶν
3421 748 3703 823 ίδρυνθείσης

2177 843 2300 897 καθ’
2328 843 2456 915 ὅλης
2479 843 2581 913 τῆς
2601 842 2928 913 οἰκουμένης
2964 839 3290 912 Ἐκκλησίας
3309 856 3324 871 ⁸
3355 843 3451 894 καὶ
3482 841 3542 896 τὰ
3575 843 3705 896 τέκνα

2178 933 2358 988 αὐτῶν
2381 937 2438 988 ἐν
2463 932 2686 1006 Χριστῷ
2710 933 3040 1005 γεννηθέντα
3059 930 3146 986 διὰ
3161 931 3260 1004 τῆς
3285 931 3380 986 τοῦ
3394 932 3601 1006 λουτροῦ
3626 951 3705 990 πσ-

2177 1025 2534 1098 λιγγενεσίας.

2253 1139 2272 1171 ι
2296 1119 2407 1173 Kai.
2430 1117 2582 1171 ἐσται
2612 1117 2741 1190 πρὶν
2765 1115 2798 1188 ἢ
2830 1115 3092 1189 κεκράξαι
3130 1117 3349 1182 αὐτοὺς,
3379 1117 3490 1187 ἐγὼ
3513 1118 3708 1174 ommi-
3738 1149 3742 1156 ~

2180 1229 2344 1284 σομαι
2369 1210 2547 1265 αὐτῶν
2567 1228 2581 1241 ·
2608 1209 2686 1264 ἐτι
2718 1209 3019 1264 λαλούντων
3045 1210 3222 1265 αὐτῶν
3255 1210 3384 1282 ἐρῶ-
3421 1211 3484 1266 Τί
3510 1214 3660 1277 ἐστιν;
3687 1231 3703 1264 ι

2183 1305 2251 1357 Ἃ
2279 1305 2343 1376 δὴ
2380 1305 2473 1357 καὶ
2507 1302 2809 1374 ἐπληροῦτο
2847 1303 2940 1355 ἐπὶ
2966 1302 3075 1356 τῶν
3103 1302 3364 1376 Πράξεων
3384 1304 3490 1358 τῶν
3517 1304 3709 1358 ἀποστό-

2178 1395 2307 1449 λωνο
2348 1395 2519 1449 πολλά
2558 1395 2666 1465 γὰρ
2707 1396 2909 1464 σημεῖα
2948 1395 3045 1448 καὶ
3087 1395 3290 1466 τέρατα
3319 1398 3598 1468 ἐνηργεῖτο,
3633 1393 3707 1447 τοῦ

2176 1486 2313 1541 Θεοῦ
2357 1488 2546 1551 αὐτοῖς
2583 1485 2951 1557 παρεστῶτος.
2985 1479 3086 1540 Ὧν
3118 1487 3344 1542 τοιαῦτα
3373 1486 3709 1559 ἐνεργούντων,

2177 1577 2486 1641 ἀκολούθως
2537 1579 2570 1649 ὴ
2621 1577 2730 1631 τῶν
2793 1575 3104 1646 ἀλλοφύλων
3159 1578 3328 1634 ἐθνῶν
3387 1579 3580 1649 ἐγίνετο
3615 1581 3711 1631 tm-

2182 1669 2410 1740 στροφὴ·

565 1750 848 1810 Ἶειιε.25.
888 1773 907 1806 ‹
937 1753 1087 1811 Tunc
1133 1756 1242 1828 lupi
1288 1766 1344 1812 et
1380 1757 1502 1828 agni
1551 1767 1844 1828 pascentur
1887 1757 2071 1823 simul,

2258 1779 2278 1812 ι
2319 1760 2453 1813 Τότε
2493 1757 2646 1811 λύκοι
2693 1759 2789 1813 καὶ
2828 1757 2991 1829 ἄρνες
3026 1757 3452 1831 βοσκηθήσονται
3494 1759 3613 1829 ἅμα,
3635 1755 3712 1810 καὶ

497 1852 554 1897 et
586 1843 669 1898 leo
698 1855 754 1900 ut
797 1847 894 1901 bos
937 1850 1183 1902 comedet
1226 1849 1428 1917 paleas,
1469 1865 1694 1920 serpens
1741 1860 1923 1904 autem
1966 1858 2079 1904 ler-

499 1951 616 1989 ram
649 1937 802 2006 quasi
837 1953 1052 2008 panem.
1105 1939 1220 1994 Non
1275 1945 1569 2008 nocebunt,
1602 1959 1777 2013 neque
1821 1945 2076 1998 devasta-

499 2025 633 2081 bunt
680 2029 733 2082 in
771 2040 955 2084 monte
1001 2041 1189 2085 sancto
1227 2047 1370 2096 meo,
1404 2032 1537 2087 dicit
1572 2033 1851 2089 Dominus.
1877 2052 1896 2085 ι
1942 2032 2075 2088 Nam

497 2122 589 2190 qu'i
621 2119 771 2188 prius
801 2135 1025 2190 rapaces
1049 2131 1104 2177 et
1130 2122 1340 2178 feroces
1367 2133 1544 2188 erant,
1575 2125 1648 2178 ita
1677 2134 1735 2179 ut
1761 2125 1908 2195 lupis
1935 2141 2080 2180 com-

497 2213 675 2281 parari
698 2222 960 2282 possent,
1000 2215 1052 2268 in
1096 2223 1436 2270 mansuetum
1477 2231 1685 2272 morem
1728 2219 2074 2286 commutati,

501 2317 626 2359 cum
677 2305 830 2374 agnis
873 2315 929 2360 et
976 2305 1151 2361 bobus
1195 2307 1457 2378 gregatim
1501 2310 1823 2378 agebantur,
1862 2319 1922 2363 ut
1967 2325 2077 2365 uno

500 2394 802 2464 eodemque
846 2411 912 2451 ex
970 2395 1168 2452 divinis
1225 2397 1552 2454 lectionibus
1592 2409 1850 2470 excerpta
1907 2401 2079 2456 ratio-

500 2487 667 2545 nabili
704 2489 825 2544 cibo
869 2499 1170 2546 uterentur.
1211 2491 1314 2559 Qui
1355 2500 1534 2546 autem
1571 2492 1813 2547 moribus
1864 2491 2000 2548 nihil
2045 2509 2077 2548 a

499 2581 748 2636 leonibus
787 2581 1190 2651 discrepahaut,
1227 2583 1342 2651 jam
1381 2597 1487 2638 non
1521 2582 1660 2638 ultra
1689 2583 1995 2640 carnivoris
2024 2592 2080 2638 et

499 2673 865 2742 sanguinariis
938 2673 1067 2730 feris
1117 2675 1358 2739 similes,
1419 2676 1582 2730 boum
1638 2675 1809 2729 instar
1854 2685 1910 2730 et
1975 2677 2076 2747 ipsi

498 2764 695 2820 divina:
734 2765 994 2820 doctrinae
1036 2766 1257 2821 herbam
1309 2767 1685 2822 comedebant.
1721 2765 1790 2821 Et
1829 2769 1922 2837 qui
1949 2768 2077 2823 olim

498 2863 806 2926 serpentem
860 2855 1159 2921 referebat,
1203 2865 1432 2924 atroque
1473 2871 1684 2912 veneno
1735 2857 1928 2926 plenus
1969 2858 2075 2924 vir,

498 2948 776 3016 repudiata
812 2946 1036 3012 malitia,
1070 2962 1261 3016 panem
1285 2948 1572 3002 comedet:
1605 2963 1703 3017 pro
1731 2958 1875 3002 terra
1904 2964 2069 3020 quam

498 3038 650 3106 prius
673 3038 889 3103 edebat,
916 3039 1224 3093 rationabili
1250 3048 1304 3094 et
1327 3041 1572 3094 humano
1603 3049 1764 3095 utens
1790 3039 2074 3096 alimento.

497 3128 684 3199 Usque
716 3128 852 3184 adeo
892 3139 1071 3185 autem
1118 3131 1427 3200 huiusmodi
1484 3131 1613 3186 ferae
1657 3142 2077 3200 mansuescent,

500 3232 559 3278 ut
595 3221 866 3279 neminem
911 3223 1108 3280 laedant
1136 3224 1217 3280 vel
1259 3223 1604 3294 pessumdent
1637 3224 1697 3279 in
1732 3238 1917 3281 monte
1964 3225 2078 3282 Dei.

1065 3384 1296 3441 CAPUT
1327 3383 1512 3441 LXVI.

571 3499 735 3556 Vsus.
763 3500 878 3554 1-5.
915 3518 934 3552 ι
963 3498 1057 3555 Sic
1107 3500 1237 3554 dicit
1283 3499 1566 3568 Dominus,
1601 3501 1810 3558 Caelum
1856 3504 2083 3560 thronus

497 3607 676 3659 meus,
709 3601 764 3646 et
805 3600 952 3646 terra
996 3590 1292 3646 scabellum
1327 3595 1521 3661 pedum
1555 3609 1824 3652 meorum.
1856 3595 2080 3662 Qualem

502 3685 720 3740 domum
769 3682 1114 3738 aadilicabitis
1163 3683 1341 3737 mihi?
1384 3693 1441 3738 et
1485 3685 1609 3754 quis
1660 3684 1816 3741 locus
1864 3685 2080 3754 requie-

500 3775 664 3829 tionis
705 3775 872 3828 meae?
899 3774 1021 3828 llaec
1051 3773 1194 3828 enim
1224 3775 1406 3829 omnia
1443 3775 1570 3831 l'ecit
1615 3791 1812 3831 manus
1861 3792 2000 3844 mea,
2030 3787 2084 3832 et

501 3867 615 3921 haec
657 3867 838 3920 omnia
868 3883 984 3920 mea
1030 3875 1187 3932 sunt,
1238 3868 1370 3923 dicit
1413 3869 1690 3924 Dominus.
1733 3868 1903 3935 Quem
1947 3883 2082 3924 vero

503 3959 814 4027 respiciam,
845 3960 948 4013 nisi
977 3961 1257 4024 humilem,
1294 3970 1348 4016 et
1383 3960 1645 4029 quietum,
1673 3969 2078 4015 et-trementem

503 4064 782 4105 sermones
811 4053 997 4106 meos?
1028 4050 1251 4122 Iniquus
1297 4061 1500 4114 autem,
1530 4052 1627 4121 qui
1673 4051 1918 4106 immolat
1947 4050 2078 4104 mihi

501 4139 750 4205 vitulum,
791 4141 946 4210 quasi
989 4143 1205 4197 occidat
1249 4157 1480 4197 canem:
1513 4144 1606 4212 qui
1649 4157 1780 4197 vero
1809 4139 1969 4195 oll'ert
2003 4141 2080 4196 si-

502 4231 708 4299 milam,
733 4233 887 4300 quasi
914 4231 1131 4288 suillum
1163 4234 1476 4302 sanguinem
1506 4251 1520 4287 :
1553 4234 1643 4304 qui
1674 4234 1767 4288 dat
1798 4234 2075 4289 incensum

503 4325 558 4379 in
589 4325 925 4389 memoriam,
970 4326 1124 4394 quasi
1156 4324 1530 4396 blasphemus.
1561 4325 1628 4379 Et
1661 4325 1764 4395 ipsi
1797 4327 2078 4396 elegerunt

2179 1852 2315 1904 λέων
2349 1851 2425 1914 ὡς
2455 1849 2579 1920 βοῦς
2616 1850 2849 1918 φάγεται
2871 1849 3068 1920 ἀχυρα,
3103 1849 3225 1919 ὄφις
3255 1850 3314 1902 δὲ
3346 1850 3447 1920 γῆν
3469 1849 3535 1912 ὠς
3562 1849 3714 1918 ἄρτον.

2181 1944 2295 1996 Οῦκ
2327 1942 2690 2013 ἀδικήσουσιν,
2737 1941 2859 1994 οὐδὲ
2887 1940 3251 2013 λυμανοῦνται
3295 1941 3390 1994 ἐπὶ
3431 1940 3505 2012 τῷ
3530 1936 3714 2012 ὀρειτῷ

2178 2034 2320 2104 ἁγίῳ
2351 2050 2472 2104 μου,
2520 2032 2668 2101 λέγει
2699 2033 2924 2104 Κύριος.
2965 2051 2984 2084 ι
3019 2035 3081 2086 Οἱ
3129 2031 3237 2104 γὰρ
3291 2032 3543 2104 πρότερον
3565 2032 3708 2102 ἁρπα-

2179 2126 2357 2178 κτικοὶ
2383 2126 2475 2179 καὶ
2491 2122 2793 2196 θηριώδεις,
2811 2125 2886 2188 ὡς
2908 2123 3093 2189 λύκοις
3107 2123 3560 2195 παραϐάλλεσθαι,
3576 2137 3716 2193 μετα-

2179 2215 2496 2287 ϐαλλόμενοι
2544 2217 2638 2270 ἐπὶ
2686 2215 2746 2270 τὸ
2789 2217 3016 2289 ἥμερον,
3051 2217 3260 2288 ἀρνίοις
3291 2218 3389 2270 καὶ¹
3421 2215 3589 2287 βουσὶν
3620 2229 3718 2266 συν.

2178 2307 2521 2383 ηγελάζοντο,
2553 2307 2629 2371 ὡς
2653 2309 2780 2378 μιᾶς
2795 2308 2998 2380 καὶτῆς
3016 2307 3186 2380 αὐτῆς
3201 2307 3618 2380 μεταλαμϐάνειν
3640 2304 3720 2373 τῆς

2178 2400 2287 2456 ἀπὸ
2318 2400 2426 2453 τῶν
2475 2399 2633 2453 θείων
2677 2399 3122 2470 ἀναγνωσμάτων
3166 2399 3391 2470 λογικῆς
3432 2398 3638 2470 τροφῆς.
3666 2395 3717 2447 Ol

2178 2493 2236 2547 δέ
2279 2495 2391 2557 τοῖς
2435 2490 2656 2564 τρόποις
2701 2491 2933 2545 λεόντων
2972 2492 3123 2546 οὐδὲν
3164 2493 3539 2563 διαφέροντες,
3571 2488 3722 2542 οὐκέτι

2181 2582 2570 2656 σαρκοφάγοις,
2606 2581 2727 2636 οὐδὲ
2762 2580 3070 2652 ὠμοϐόροις
3095 2580 3290 2652 θηρσὶν
3323 2581 3568 2643 ἐοικότες,
3595 2575 3709 2645 δίκττ

2181 2675 2321 2744 βοῶν
2351 2676 2444 2729 καὶ
2463 2675 2617 2728 αὐτοὶ
2640 2673 2740 2746 τὴν
2768 2673 2876 2727 ἀπὸ
2901 2673 3001 2743 τῆς
3029 2672 3214 2726 ἐνθέου
3241 2671 3580 2734 διδασκαλίας
3613 2666 3724 2722 πόαν

2179 2767 2387 2840 ῆσθιον.
2445 2766 2555 2820 Kal.
2586 2767 2616 2818 ό
2653 2763 2821 2818 πάλαι
2848 2763 2913 2835 δὴ
2949 2764 3215 2835 πρότερον
3243 2763 3502 2834 όφιώδης,
3529 2760 3615 2815 καὶ
3659 2753 3723 2811 toﬁ

2183 2860 2379 2933 μεστὸς
2427 2860 2588 2932 ἀνὴρ,
2620 2857 2937 2920 ἀποπτύσας
2978 2856 3078 2928 τὴν
3121 2859 3180 2911 ἐν
3229 2855 3383 2927 αὐτῷ
3412 2853 3619 2915 κακίαν,
3653 2848 3727 2904 τὸν

2181 2952 2344 3025 ἄρτον
2365 2951 2617 3022 φάγεται,
2648 2951 2821 3022 τροφῇ
2845 2948 3038 3019 λογικῇ
3071 2948 3167 3002 καὶ
3203 2946 3525 3019 ἀνθρωπίνῃ
3546 2941 3727 3016 χρὼμιο

2181 3061 2290 3108 νος,
2321 3043 2439 3098 ἀνθ’
2463 3037 2532 3116 ἦς
2556 3041 2712 3113 ῆσθιε
2755 3040 3020 3114 πρότερον
3056 3042 3181 3111 γῆς.
3221 3037 3383 3093 Οὕτω
3419 3038 3477 3092 δὲ
3516 3037 3562 3090 οί
3595 3034 3729 3104 θῆρες

2183 3130 2329 3190 οῦτοι
2388 3133 2916 3208 ἐξημερωθήσονται,
2968 3132 3045 3196 ὡς
3096 3131 3306 3203 μηδένα
3359 3131 3580 3198 ἀδικεῖν,
3622 3122 3730 3198 μηδὲ

2183 3227 2532 3301 λυμαίνεσθαί
2558 3243 2712 3290 τινας
2731 3227 2789 3280 ἐν
2819 3223 2899 3296 τῷ
2928 3224 3045 3296 ὄρει
3081 3224 3177 3278 τοῦ
3199 3223 3363 3278 Θεοῦ.

2690 3383 3086 3440 ΚΕΦΑΛΑΙΟΝ
3145 3378 3288 3450 scr.

2258 3517 2278 3551 ι
2311 3497 2496 3562 Οὕτως
2520 3497 2666 3567 λέγει
2693 3496 2916 3570 Κύριος·
2957 3498 3015 3552 '0
3040 3496 3272 3569 οὐρανός
3304 3513 3409 3566 μου
3440 3493 3637 3567 θρόνος,
3659 3487 3737 3543 καὶ

2182 3591 2216 3661 ἡ
2249 3589 2322 3660 γῆ
2355 3589 2643 3646 ὑποπόδιον
2674 3589 2784 3642 τῶν
2814 3588 2992 3643 ποδῶν
3029 3606 3152 3658 μου.
3187 3589 3354 3641 Ποῖον
3386 3580 3533 3642 οἷκον
3563 3581 3737 3638 οἰκοδο-

2186 3683 2389 3754 μήσετέ
2421 3700 2509 3754 μοι
2533 3699 2548 3748 ;
2581 3683 2673 3735 καὶ
2699 3684 2852 3744 ποῖος
2872 3680 3035 3745 τόπος
3060 3680 3162 3751 τῆς
3190 3675 3596 3738 καταπαύσεώς
3623 3687 3738 3744 μου;

2183 3773 2368 3826 Πάντα
2409 3773 2518 3843 γὰρ
2563 3769 2737 3824 ταῦτα
2784 3769 3039 3840 ἐποίησεν
3080 3771 3114 3840 ἡ
3157 3769 3287 3840 χείρ
3327 3785 3452 3840 μου,
3497 3763 3585 3820 καὶ
3620 3763 3740 3815 ἐστιν

2182 3865 2290 3936 ἐμὰ
2325 3865 2504 3919 πάντα
2543 3863 2740 3930 ταῦτα,
2774 3863 2922 3932 λέγει
2960 3861 3183 3934 Κύριος.
3220 3863 3336 3915 Καὶ
3375 3859 3470 3914 ἐπὶ
3499 3858 3613 3912 τίνα
3639 3855 3741 3906 tm-

2182 3955 2382 4026 ϐλέψω,
2414 3955 2529 4010 ἀλλ’
2553 3955 2586 4027 ἢ
2608 3955 2702 4008 ἐπὶ
2725 3954 2815 4008 τὸν
2840 3953 3096 4007 ταπεινὸν
3125 3951 3224 4004 καὶ
3257 3950 3508 4023 ἡσύχιον,
3531 3945 3620 4001 καὶ
3635 3941 3742 4014 τρέ-

2183 4067 2351 4121 μοντα
2383 4049 2511 4113 τοὺς
2541 4049 2733 4118 λόγους
2779 4064 2913 4120 μου;
2972 4047 3030 4101 Ὁ
3059 4045 3116 4099 δὲ
3159 4045 3376 4116 ἄνομος
3418 4045 3448 4096 ὁ
3496 4040 3628 4096 θύων
3669 4052 3743 4108 μοι

2183 4142 2402 4213 μόσχον,
2428 4141 2505 4206 ὡς
2534 4143 2869 4197 ἀποκτείνων
2893 4141 3032 4197 κύνα
3051 4158 3066 4172 ·
3090 4142 3118 4194 ὁ
3143 4140 3205 4194 δὲ
3230 4140 3530 4212 ἀναφέρων
3559 4131 3744 4207 σεμίδα-

2177 4233 2282 4300 λιν,
2315 4233 2392 4297 ὡς
2424 4228 2558 4305 αἷμα
2583 4232 2750 4287 ὕειονο
2782 4237 2811 4288 ό
2837 4234 3014 4297 διδοὺς
3041 4232 3267 4288 λίϐανον
3296 4233 3380 4296 είς
3413 4229 3740 4302 μνημόσυνον,

2179 4326 2255 4385 ὡς
2282 4325 2620 4398 βλάσφημος.
2670 4326 2782 4380 Καὶ
2813 4326 2969 4379 αὐτοὶ
3001 4325 3328 4393 ἐξελέξαντο
3358 4326 3460 4390 τὰς
3487 4323 3631 4385 ὁδοὺς
3668 4317 3746 4373 αὺ-

500 4415 620 4471 vias
651 4430 797 4481 suas,
831 4424 886 4470 et
914 4415 1345 4471 abominatioues
1383 4418 1620 4487 ipsorum
1663 4418 1844 4472 anima
1887 4432 2074 4474 eorum

2186 4415 2309 4480 τῶν,
2340 4417 2436 4471 καὶ
2465 4417 2534 4470 τά
2567 4415 2909 4488 βδελύγματα
2946 4415 3126 4471 αὐτῶν
3163 4417 3201 4487 ἡ
3242 4415 3397 4487 ψυχὴ
3439 4411 3611 4468 αὐτῶν
3642 4405 3746 4478 ἠθέ-

503 4507 733 4564 νυΙυὶι.»
772 4507 888 4561 Non
916 4507 1062 4563 enim
1100 4509 1236 4574 haec,
1277 4507 1478 4578 inquit,
1519 4508 1774 4565 voluntas
1810 4525 1952 4577 mea,
1986 4527 2080 4565 ne-

501 4615 608 4668 que
641 4614 772 4654 mea:
819 4599 1123 4668 hujusmodi
1159 4601 1407 4667 vim,.sed
1450 4600 1518 4655 ad
1564 4601 1794 4656 lubitum
1828 4611 1882 4657 et
1912 4603 2080 4674 placi-

505 4701 616 4743 tum
644 4705 830 4745 eorum
858 4699 1001 4747 sunt.

465 4766 478 4820 έ
579 4779 819 4837 γειιεμι.
861 4800 882 4833 ι
913 4782 980 4836 Ει
1024 4797 1124 4852 ego
1167 4783 1398 4854 deligam
1445 4783 1728 4841 il‘lusiones
1772 4801 1983 4854 eorum.
2027 4796 2085 4842 ει

503 4887 725 4944 peccata
770 4876 1065 4930 retribuam
1111 4877 1192 4930 eis
1226 4895 1243 4931 :
1290 4877 1415 4947 quia
1455 4880 1644 4932 vocavi
1707 4893 1840 4945 eos,
1873 4889 1928 4933 et
1969 4893 2076 4933 non

500 4968 859 5022 exaudierunt
884 4983 997 5036 me;
1031 4968 1244 5024 locutus
1272 4985 1415 5039 sum,
1442 4981 1497 5026 et
1523 4986 1632 5025 non
1662 4972 1952 5027 audierunt
1978 4989 1990 5025 :
2023 4981 2080 5025 et

503 5061 747 5114 fecerunt
785 5059 984 5113 malum
1015 5060 1067 5114 in
1092 5073 1382 5132 conspectu
1410 5078 1550 5128 meo,
1575 5071 1631 5117 et
1662 5078 1781 5132 qua).
1825 5063 2075 5117 nolebam

499 5153 841 5219 elegerunt.»
887 5151 1237 5216 Quandonam
1286 5162 1462 5206 autem
1512 5162 1794 5207 vocantem
1841 5167 1944 5206 non
1990 5151 2074 5206 in-

503 5244 862 5310 tellexerunt,
908 5244 1010 5298 nisi
1056 5243 1272 5312 quando
1303 5258 1539 5312 prtesens
1581 5243 1716 5313 ipsis
1763 5241 2072 5308 clamabat,

507 5354 526 5386 ‹
553 5335 740 5390 Venite
763 5338 829 5389 ad
859 5350 942 5390 me
967 5351 1178 5412 omnes,
1201 5336 1292 5406 qui
1318 5335 1577 5392 laboratis
1601 5344 1656 5391 et
1681 5335 1893 5390 onerati
1917 5335 2072 5402 estis,

499 5437 554 5482 et
579 5441 682 5497 ego
712 5429 949 5484 reﬁciam
981 5445 1077 5486 vos
1098 5429 1177 5483 ὀἳ
1207 5447 1227 5482 ι

574 5519 739 5575 Vens.
763 5520 818 5578 5.
857 5538 878 5573 ι
907 5521 1102 5578 Audite
1131 5524 1297 5578 verba
1341 5519 1577 5590 Domini,
1612 5518 1706 5592 qui
1745 5518 1976 5575 tremitis
2008 5521 2074 5574 ad

573 5701 632 5793 :°_
659 5700 844 5758 Matth.
875 5717 948 5757 ιι.
975 5701 1065 5759 28.

2179 4508 2328 4580 λησε.
2369 4527 2388 4560 ι
2440 4510 2514 4562 Ut)
2553 4508 2661 4581 γὰρ
2689 4509 2817 4580 ,ἐμὰ
2851 4508 3048 4575 ταῦτα,
3099 4515 3269 4579 φησι,
3319 4509 3615 4578 θελήματα,
3646 4499 3746 4554 οὐδὲ

2179 4601 2303 4672 δμοὶ
2339 4601 2395 4654 αἱ
2426 4600 2536 4654 ὁδοὶ
2563 4594 2744 4667 αὗται,
2772 4601 2910 4657 ἀλλά
2932 4588 3032 4673 τῆς
3059 4599 3253 4656 αὐτῶν
3282 4598 3647 4673 προαιρέσεως
3672 4607 3749 4646 κατ

2179 4691 2442 4763 ταθύμια.

2259 4803 2278 4836 ι
2314 4787 2425 4839 Καὶ
2475 4783 2586 4854 ἐγὼ
2621 4785 2911 4857 ἐκλέξομαι
2943 4785 3012 4840 τὰ
3043 4786 3428 4859 ἐμπαίγματα
3456 4783 3645 4849 αὐτῶν,
3670 4777 3744 4833 καὶ

2177 4873 2279 4937 τὰς
2319 4873 2595 4945 ἁμαρτίας
2635 4873 3004 4934 ἀνταποδώσω
3037 4874 3237 4939 αὐτοῖς
3286 4879 3373 4930 ὅτι
3411 4875 3632 4930 ἐκάλεσα
3669 4867 3743 4922 (1'3-

2179 4967 2324 5030 τοὺς,
2381 4966 2475 5019 καὶ
2519 4966 2618 5036 οὺχ
2656 4967 2972 5037 ὑπήκουσάν
3025 4982 3131 5037 μου
3158 4984 3173 4998 '
3235 4969 3499 5040 ἐλάλησα,
3544 4965 3629 5022 καὶ
3665 4961 3742 5014 οὐκ

2179 5058 2438 5130 ἥκουσανο
2487 5059 2580 5112 καὶ
2627 5060 2890 5131 ἐποίησαν
2935 5060 3000 5113 τὸ
3029 5063 3301 5135 πονηρὸν
3335 5063 3574 5118 ἐναντίον
3613 5053 3740 5126 ἐμοῦ,

2179 5153 2272 5205 καὶ
2292 5151 2328 5205 ὃ.
2359 5155 2459 5204 οὐκ
2487 5151 2784 5222 ἐϐουλόμην
2806 5151 3148 5219 ἐξελέξαντο.
3184 5175 3204 5207 ›
3238 5158 3384 5212 Πότε
3409 5157 3466 5211 δὲ
3492 5149 3738 5210 καλοῦντος

2181 5243 2380 5308 αὐτοὺς
2432 5244 2494 5297 οὐ
2530 5245 2793 5314 συνῆκαν,
2841 5244 2874 5315 ἢ
2909 5244 2998 5298 ὅτε
3047 5247 3251 5313 αὐτοῖς
3285 5248 3580 5322 συντρίϐων
3615 5241 3736 5296 ἐθόα·

2189 5355 2207 5387 ι
2243 5335 2408 5390 Δεῦτε
2441 5336 2577 5408 πρὸς
2612 5335 2701 5407 μὲ,
2733 5337 2935 5399 πάντες
2965 5336 3010 5388 οἱ
3047 5340 3366 5408 κοπιῶντες
3400 5344 3492 5397 καὶ
3525 5349 3737 5406 πεφορτι-

2184 5430 2393 5500 σμένοι,
2424 5427 2579 5497 κάγὼ
2609 5427 2908 5483 ἀναπαύσω
2934 5428 3123 5495 ύμᾶς;
3165 5449 3186 5484 ι

2259 5541 2278 5575 ι
2324 5521 2614 5577 Ἀκούσατε
2641 5523 2860 5595 ῥήματα
2891 5518 3105 5590 Κυρίου
3170 5525 3225 5580 οἱ
3246 5527 3540 5599 τρέμοντες
3568 5523 3648 5577 τὸν
3669 5514 3731 5572 λό-
