3880 6216
475 292 580 350 519

1147 289 1417 346 EUSEBII
1453 288 1924 348 CESABIENﬁS
1961 287 2048 346 ΟΡ

2157 286 2330 343 PARS
2369 286 2460 342 Ill.
2501 315 2572 326 --
2609 281 3025 340 ΕΧΕΟΕΤΙΟΑ.
3629 281 3704 335 52

473 408 565 478 qui
604 407 786 462 statim
817 420 1030 476 unoque
1071 414 1317 478 tempore
1345 407 1644 463 masculum
1688 407 1944 478 papulum
1983 407 2048 461 ibi

2161 405 2397 460 πλασθαι
2426 401 2521 457 τοῦ
2562 405 2620 456 ἐν
2652 403 2788 472 αὐτῇ
2826 400 3041 472 ἀθρόως
3073 400 3450 470 ’γεννήσαντος
3482 397 3621 452 ’λαὸν
3663 399 3732 470 τῷ

476 501 585 554 Deo
609 500 825 570 genuit,
864 513 928 553 ac
968 509 1156 568 utpote
1188 500 1429 569 replendi
1472 499 1633 564 lacte,
1662 500 1728 554 ad
1762 499 2046 554 infantium

473 591 643 662 ipsius
671 590 986 644 alimentum
1014 599 1222 661 parato,
1251 591 1393 661 quod
1437 606 1569 646 sane
1593 591 1680 646 lac
1707 592 2045 660 rationabile,

473 692 706 752 utroque
747 697 815 736 ex
866 681 1031 736 ubere
1070 680 1399 751 effundetur,
1428 700 1496 740 ex
1536 684 1720 740 Veteri
1761 699 1954 755 nempe
1993 694 2048 739 et

474 773 626 828 Novo
678 773 1047 829 Testamento.
1100 773 1178 828 Ex
1229 777 1492 832 ambobus
1535 779 1683 834 enim
1740 777 2049 848 huiusmodi

474 863 748 927 uberibus,
775 863 841 918 de
867 863 1065 933 quibus
1093 864 1293 919 dicitur
1318 867 1373 920 in
1417 867 1641 922 Cantico
1673 867 1738 933 ³⁸,
1780 887 1798 920 ‹
1830 867 2048 922 Meliora

472 962 594 1008 sunt
623 955 788 1008 ubera
815 960 906 1006 tua
946 953 1090 1018 vino,
1142 970 1162 1004 ι
1194 955 1508 1012 rationabili
1531 964 1586 1012 et
1609 957 1728 1012 sine
1753 955 1880 1013 dolo
1907 957 2048 1014 lacte

471 1043 724 1114 puerulos
775 1044 1059 1115 irrigabit,
1105 1046 1293 1118 sicque
1343 1047 1619 1118 perfectos
1666 1049 1926 1120 producet
1962 1052 2048 1106 vi-

473 1150 588 1191 1⁵08.

542 1229 707 1286 Vens.
736 1227 821 1282 12.
867 1228 1046 1296 «Quia
1086 1229 1204 1285 haec
1249 1229 1382 1284 dicit
1429 1231 1722 1301 Dominus,
1767 1233 1905 1289 Ecce
1949 1249 2050 1305 ego

471 1321 685 1377 decliuo
717 1321 785 1375 ad
815 1335 907 1375 eos
936 1323 1089 1389 quasi
1128 1321 1317 1376 iluvios
1367 1323 1536 1393 pacis,
1568 1334 1622 1378 et
1654 1327 1806 1394 quasi
1841 1337 2053 1382 torren-

471 1423 573 1482 tes,
607 1413 874 1467 inundans
905 1413 1129 1481 gloriam
1173 1416 1434 1484 gentium.
1464 1414 1682 1470 Parvuli
1729 1433 1916 1473 eorum
1957 1420 2051 1474 hu-

470 1508 635 1563 meris
673 1510 1059 1578 portabuntur,
1086 1515 1140 1560 et
1169 1523 1331 1576 super
1365 1523 1536 1577 genua
1570 1489 2043 1569 consolabuntur.»

470 1598 830 1656 Consolatorii
890 1601 1076 1670 itaque
1123 1608 1180 1653 et
1233 1599 1299 1654 ad
1352 1599 1633 1656 leniendos
1692 1603 2050 1672 simpliciores

456 1694 678 1748 animos
725 1693 1034 1749 concinnati
1071 1709 1367 1757 sermones,
1396 1693 1478 1748 lac
1507 1705 1808 1765 opportune
1848 1711 2051 1750 vocan-

2154 496 2274 567 Θεῷ
2289 495 2514 568 ἄρρενα,
2537 493 2632 547 καὶ
2652 492 2922 562 γάλακτος
2947 491 3120 563 ὲκπλη
3131 489 3347 562 ροῦσθαι
3373 490 3452 553 είς
3470 490 3732 560 ἐκτροφὴν

2153 589 2260 643 τῶν
2288 588 2458 658 αὐτῆς
2483 586 2712 658 νηπίων.
2761 587 2826 639 ‘0
2857 584 2922 655 δὴ
2955 583 3170 653 λογικὸν
3200 582 3341 652 γάλα
3373 583 3482 637 ἀπὸ
3511 582 3619 636 τῶν
3645 583 3730 636 δύο

2156 681 2334 754 θηλῶν
2374 680 2543 751 αὐτῆς
2571 677 2776 750 ρεύσει,
2823 677 3066 740 Παλαιᾶς
3093 675 3292 746 δηλαδὴ
3330 676 3426 730 καὶ
3447 675 3593 739 Νέας
3615 678 3734 729 Δια-

2157 773 2349 846 θήκης.
2389 773 2481 838 Ἐξ
2517 771 2844 844 ἀμφοτέρων
2877 770 2988 841 γὰρ
3018 769 3224 824 τούτων
3268 769 3376 823 τῶν
3407 768 3610 839 ἑαυτῆς
3640 785 3734 839 μα-

2156 867 2286 934 ζῶν,
2316 868 2445 938 περὶ
2473 860 2547 921 ὧν
2579 867 2792 937 εῐρηται
2818 864 2914 918 καὶ
2951 866 3010 917 ἐν
3035 863 3115 934 τῷ
3145 863 3404 935 ’ᾼσματι,
3427 863 3507 916 ὅτι
3537 881 3556 914 ί
3583 865 3737 929 Ἀγαο

2158 957 2241 1012 θοὶ
2268 959 2317 1011 οἱ
2351 957 2547 1029 μαστοί
2575 974 2667 1011 σου
2703 955 2843 1027 ὑπὲρ
2879 954 3043 1020 οἶνον,
3079 973 3098 1006 ι
3135 957 3249 1018 τοῖς
3284 953 3488 1022 ἑαυτῆς
3527 951 3736 1023 νηπίοις

2153 1049 2468 1121 ὲπάρδουσα
2507 1070 2525 1102 ι
2561 1049 2622 1102 τὸ
2660 1049 2877 1118 λογικὸν
2915 1047 3013 1102 καὶ
3055 1045 3242 1102 ἀδολον
3286 1045 3449 1117 γάλα,
3483 1064 3503 1098 ι
3542 1044 3736 1117 ἄνδρας

2156 1142 2418 1214 προσάξει
2451 1141 2711 1205 τελείους.

2232 1252 2252 1285 ‹
2284 1235 2404 1287 ’Ότι
2435 1233 2560 1288 τάδε
2605 1233 2752 1302 λέγει
2793 1232 2997 1304 Κύριος
3016 1248 3031 1264 ·
3086 1231 3218 1286 Ἰδοὺ
3256 1229 3366 1300 ἐγὼ
3394 1231 3626 1284 ἐκκλίνω
3654 1231 3731 1295 είς

2155 1326 2354 1389 αὐτοὺς
2393 1326 2468 1389 ὡς
2509 1327 2787 1396 ποταμοὺς
2827 1326 3074 1397 εἰρήνης,
3124 1325 3217 1378 καὶ
3266 1323 3342 1387 ὡς
3378 1324 3736 1396 χειμάρρους,

2157 1415 2464 1481 ἐπικλύζων
2493 1416 2651 1482 δόξαν
2688 1417 2881 1471 ἐθνῶν.
2919 1416 3002 1471 Τὰ
3027 1417 3216 1470 παιδία
3253 1416 3432 1471 αὐτῶν
3457 1416 3544 1470 ἐπ’
3568 1417 3735 1487 ὤμων

2156 1511 2502 1582 ἀρθήσονται,
2537 1511 2631 1564 καὶ
2659 1509 2751 1562 ἐπὶ
2776 1509 3017 1579 γονάτων
3043 1509 3577 1580 παρακληθήσονται.
3613 1527 3642 1562 ο
3675 1510 3736 1562 υἱ

2155 1601 2286 1671 γοῦν
2313 1601 2461 1670 λόγοι
2491 1603 2538 1654 οἱ
2583 1600 2984 1673 παρακλητικοὶ
3024 1603 3119 1656 καὶ
3152 1600 3600 1672 παραμυθητικοὶ

2155 1693 2517 1765 ἀτελεστέρων
2541 1692 2728 1764 ψυχῶν
2755 1692 2896 1760 γάλᾶ.
2938 1692 3144 1764 κυρίως
3171 1691 3585 1762 ὠνομάσθησαν,
3616 1679 3722 1744 se;

472 1797 559 1842 tur
586 1800 603 1840 :
633 1801 757 1840 nam
790 1787 993 1842 solidus
1029 1785 1182 1840 cibus
1223 1783 1276 1837 in
1315 1785 1561 1855 mysticis
1591 1786 1943 1855 dogmatibus
1972 1787 2048 1839 in-

2157 1787 2283 1858 ρεᾶς
2310 1785 2518 1857 τροφῆς
2544 1788 2601 1838 ὲν
2633 1785 2864 1855 δόγμασι
2897 1786 3180 1855 μυστικοῖς
3202 1783 3520 1854 νοουμένης,
3551 1783 3648 1837 καὶ
3677 1784 3734 1836 ἐν

473 1875 752 1947 telligitur,
797 1887 852 1929 et
902 1878 956 1930 in
1007 1871 1508 1944 speculationibus,
1559 1889 1680 1944 quae
1745 1875 1799 1929 in
1854 1876 2048 1932 divinis

2157 1877 2469 1950 θεωρήμασι
2513 1879 2629 1941 τοῖς
2665 1877 2724 1930 ἐν
2763 1877 2888 1940 ταῖς
2933 1875 3105 1941 θείαις
3143 1876 3390 1946 Γραφαῖς
3431 1875 3737 1946 ἀποκειμέ-

472 1968 769 2038 Scripturis
803 1966 1057 2037 reposita:
1086 1973 1233 2021 sunt.
2151 1985 2284 2031 νοις.

546 2058 706 2115 Vens.
734 2057 821 2112 l5.
861 2076 879 2109 ‹
907 2057 1183 2124 Quomodo
1212 2057 1258 2113 si
1296 2073 1458 2128 quem
1488 2066 1665 2112 mater
1708 2057 2042 2124 consoletur,

2228 2079 2247 2111 ί
2301 2060 2388 2124 Ὣς
2432 2061 2484 2114 ετ
2527 2076 2650 2114 τινα
2706 2060 2888 2131 μήτηρ
2934 2057 3330 2130 παρακαλέσει,
3381 2056 3524 2114 οὕτω
3575 2040 3736 2127 κάγὼ

467 2152 546 2207 ita
572 2162 627 2207 et
656 2168 757 2222 ego
785 2151 1106 2206 consolabor
1135 2167 1254 2216 vos,
1285 2161 1338 2206 et
1360 2153 1412 2222 in
1438 2150 1771 2206 Hierusalem
1801 2151 2048 2206 consola-

2157 2151 2520 2224 παρακαλέσει)
2568 2151 2733 2223 ὑμᾶς,
2770 2151 2862 2204 καὶ
2891 2152 2949 2205 ἐν
2995 2149 3352 2223 Ἰερουσαλὴμ
3379 2149 3738 2221 παρακληθή-

468 2245 684 2302 bimini.
712 2263 733 2298 ι
775 2243 872 2298 Hic
926 2260 1139 2298 rursum
1185 2244 1411 2316 gloriam
1464 2244 1728 2314 gentium,
1779 2244 2048 2314 praedictae

2157 2242 2333 2294 σεσθε.
2374 2261 2392 2294 ι
2429 2243 2597 2296 Πάλιν
2633 2240 2915 2296 κάνταῦθα
2943 2241 3050 2296 τῶν
3072 2241 3242 2296 ἐθνῶν
3266 2241 3425 2306 δόξαν
3456 2242 3736 2299 συνάπτων

471 2349 625 2389 novae
665 2332 816 2388 Sioui
850 2333 1343 2406 liierosolymmque
1381 2335 1679 2397 ascribens,
1710 2348 1896 2402 pacem
1927 2348 2053 2403 gen-

472 2427 617 2484 tibus
652 2428 993 2483 tribuendam
1037 2427 1322 2482 inundanti
1361 2427 1568 2481 ﬂumini
1614 2436 1919 2496 comparat.
1955 2424 2050 2482 His

470 2529 652 2574 autem
683 2519 1166 2589 pollicitationibus
1199 2518 1456 2588 superius
1500 2533 1718 2588 quoque
1765 2529 1850 2573 est
1897 2532 2048 2584 usus,

469 2613 785 2683 signiﬁcans
810 2625 924 2676 eos,
953 2613 1044 2681 qui
1073 2612 1252 2666 adhuc
1279 2613 1330 2666 in
1361 2611 1603 2665 Ecclesia
1635 2609 1872 2666 infantes
1900 2603 2044 2677 sunt,

457 2711 656 2774 utpote
687 2704 779 2772 qui
817 2702 956 2754 lacte
1003 2702 1332 2764 nutriantur,
1374 2699 1680 2754 nutricibus
1726 2700 2049 2770 quibusdam

455 2795 761 2866 ,gestandos
809 2807 960 2858 esse;
1017 2793 1134 2846 sive
1180 2806 1213 2846 a
1261 2791 1493 2845 sinceris
1545 2791 1806 2846 Ecclesiae
1861 2791 2050 2846 docto-

470 2888 621 2940 ribus
649 2895 705 2939 et
737 2883 1024 2952 prmfectis,
1073 2883 1311 2952 itemque
1353 2897 1382 2935 a
1418 2882 1616 2936 divinis
1645 2893 1700 2936 et
1734 2881 2049 2937 coelestibus

456 2977 698 3047 angelis.
723 2975 822 3042 Qui
857 2976 1019 3047 igitur
1051 2974 1383 3029 valentiores
1409 2983 1555 3036 sunt,
1588 2973 1920 3029 inﬁrmiores
1953 2974 2049 3027 hu-

459 3065 640 3120 ltneris
678 3066 988 3135 gestabuut,
1020 3073 1075 3118 et
1104 3063 1170 3117 ad
1199 3078 1378 3133 genua
1409 3061 1874 3117 consolabuntur:
1906 3076 1970 3116 ac
2002 3062 2046 3116 si

472 3168 652 3212 mater
677 3155 803 3211 liliis
830 3155 1163 3220 blandiatur,
1190 3163 1245 3208 et
1275 3168 1376 3224 ego
1411 3154 1524 3223 ipse
1552 3153 1832 3218 Dominus,
1865 3145 2074 3222 utpote

470 3264 661 3306 eorum
703 3247 946 3303 omnium
994 3245 1180 3314 Pater,
1229 3245 1643 3302 imbecilliorum
1680 3247 2051 3302 consolatores

457 3341 818 3399 .consolabor.

569 3522 736 3603 Vens.
775 3522 862 3578 u.
918 3537 938 3572 ι
976 3519 1044 3575 Ει
1089 3519 1365 3584 videbitis,
1413 3528 1474 3575 et
1520 3520 1775 3592 gaudebit
1827 3535 1922 3576 cor
1954 3537 2052 3578 ve-

458 3626 670 3683 :strum,
701 3625 757 3671 et
795 3628 922 3672 ossa
965 3623 1149 3669 vestra
1197 3612 1354 3684 quasi
1384 3611 1550 3668 herba
1585 3612 1987 3682 germinabunt.
2020 3630 2043 3665 ο

464 3713 576 3768 Ηὶο
599 3711 1016 3783 promissionum
1042 3709 1167 3764 ﬁnis
1189 3709 1312 3774 erit,
1339 3723 1550 3778 nempe,
1573 3707 1837 3763 Videbitis
1859 3710 2045 3763 Deum.

2149 2337 2216 2404 τῇ
2257 2333 2617 2407 προλεχθείσῃ
2659 2333 2756 2406 νέα
2784 2333 2924 2409 Σιὼν
2967 2334 3061 2387 καὶ
3104 2336 3172 2405 τῇ
3233 2332 3604 2404 Ἰερουσαλὴμ,
3634 2333 3735 2403 τὴν

2149 2426 2518 2498 δοθησομένην
2553 2429 2666 2491 τοῖς
2709 2426 2919 2480 ἔθνεσιν
2958 2429 3182 2499 εἰρήνην
3213 2425 3444 2496 ποταμῷ
3469 2424 3739 2480 κατακλύ-

2152 2518 2297 2584 ζοντι
2339 2519 2696 2592 παραϐάλλει.
2728 2520 2840 2574 Καὶ
2869 2519 3127 2589 ἀνωτέρω
3154 2518 3210 2572 δὲ
3253 2521 3376 2581 ταῖς
3398 2518 3588 2588 α’ὐτᾴς
3617 2517 3738 2571 ἐκέ-

2149 2629 2320 2682 χρητο
2351 2611 2725 2680 ἐπαγγελίαις,
2771 2611 3052 2683 σημαίνων
3090 2610 3166 2674 ὡς
3213 2611 3341 2672 τοὺς
3376 2609 3457 2662 ἔτι
3503 2609 3733 2679 νηπίσυς

2148 2703 2247 2775 τῆς
2279 2703 2624 2774 Ἐκκλησίας,
2655 2703 2750 2758 ἅτε
2782 2702 2848 2774 δὴ
2872 2703 3104 2772 γάλακτι
3141 2700 3530 2773 τρεφομένους,
3580 2700 3734 2771 τιθη-

2150 2795 2232 2849 νοί
2259 2813 2406 2859 τινες
2445 2795 2938 2862 ὑποὸαστάξουσιν.
2971 2795 3090 2865 ήτοι
3132 2793 3440 2848 διδάσκαλοι
3468 2791 3564 2845 καὶ
3603 2808 3738 2862 προ-

2149 2889 2383 2954 εστῶτες
2408 2891 2617 2962 γνήσιοι
2639 2891 2736 2961 τῆς
2769 2883 3094 2960 Ἐκὶλησίας
3113 2885 3209 2942 τοῦ
3231 2884 3491 2958 Χριστοῦ,
3526 2885 3576 2936 oi
3603 2883 3738 2938 θεῖοί

2143 2999 2208 3035 τε
2253 2983 2350 3036 καὶ
2398 2982 2638 3054 οὐράνιοι
2687 2981 2930 3050 ἄγγελοι.
2981 2981 3044 3034 Οί
3098 2979 3196 3050 μὲν
3247 2973 3339 3032 οὖν
3370 2976 3736 3048 δυνατώτεροι

2150 3075 2277 3138 τοὺς
2323 3074 2745 3146 ἀσθενεστέρους
2782 3075 2870 3126 ἐπ’
2913 3071 3080 3143 ὤμων
3111 3069 3461 3142 βαστάξουσ.,
3499 3065 3598 3124 καὶ
3645 3068 3740 3122 ἐπὶ

2153 3167 2394 3235 γονάτων
2439 3165 2934 3238 παρακαλέσουσιν,
2984 3163 3174 3233 ὥσπερ
3219 3161 3272 3214 εί
3311 3178 3395 3225 τις
3444 3159 3634 3232 μήτηρ
3670 3161 3740 3215 τά

2150 3257 2352 3328 ἑαυτῆς
2395 3256 2752 3329 παρακαλέσῃ
2801 3255 2989 3317 τέκνα,
3041 3252 3198 3322 κάγὼ
3231 3251 3392 3316 αὐτὸς
3428 3252 3458 3305 ὁ
3507 3249 3740 3321 Κύριος,

2151 3349 2246 3404 ἀτε
2272 3349 2335 3421 δὴ
2365 3349 2580 3403 πάντων
2602 3348 2788 3402 αὐτῶν
2817 3346 3076 3417 ὑπάρχων
3105 3344 3319 3415 Πατὴρ,
3367 3341 3745 3413 παρακαλέειν

2147 3443 2274 3506 τοὺς
2298 3442 2405 3495 τῶν
2433 3440 2833 3512 ὑποδεεστέρων
2861 3439 3306 3512 παρακλήτορας.

2226 3553 2245 3587 t
2278 3535 2387 3588 Καὶ
2412 3534 2630 3604 ὄψεσθε,
2667 3533 2769 3588 καὶ
2798 3534 3101 3604 χαρήσεται
3137 3535 3168 3602 ή
3201 3533 3398 3604 καρδία
3427 3533 3605 3606 ὑμῶν,
3645 3531 3743 3586 καὶ

2145 3627 2282 3680 ὀστᾶ
2328 3624 2480 3696 ὑμῶν
2508 3624 2583 3689 ὡς
2617 3625 2813 3696 βοτάνη
2853 3623 3122 3679 ἀνατελετ.
3173 3643 3192 3676 ι
3241 3624 3352 3677 Καὶ
3395 3624 3556 3678 τοῦτο
3584 3623 3746 3685 τέλος

2149 3717 2302 3771 ἔσται
2325 3717 2436 3770 τῶν
2462 3715 2826 3785 ἐπαγγελιῶν,
2857 3716 2941 3779 τὸ,
2977 3714 3211 3784 Ὄψεσθε
3232 3713 3323 3768 τὸν
3351 3713 3505 3768 Θεόν.
3538 3714 3634 3766 Διδ
3649 3713 3746 3766 καὶ

464 3805 836 3872 Quamobrem
878 3800 1128 3856 Salvator
1193 3801 1293 3856 hos
1341 3799 1532 3855 beatos
1579 3801 1908 3870 praedicabat
1965 3801 2048 3858 bis

2157 3813 2176 3864 5
2201 3810 2390 3881 Σωτὴρ
2405 3808 2626 3872 τούτους
2642 3807 2944 3880 ἐμακάριζε
2961 3807 3136 3876 λέγων
3154 3825 3167 3838 ο
3189 3825 3208 3858 ι
3232 3807 3513 3878 Μακάριοι
3527 3807 3577 3859 oi
3602 3805 3742 3859 καθο

466 3896 674 3961 verbis,
715 3913 734 3948 ι
773 3894 926 3949 Beati
966 3894 1167 3948 mundo
1199 3893 1382 3958 corde,
1419 3894 1680 3964 quoniam
1731 3893 1832 3964 ipsi
1880 3893 2046 3948 Deum

464 3988 731 4043 «ridebunt
763 3987 831 4040 ³⁸.
868 4005 889 4040 ι
925 4003 1050 4037 --‹
1076 3985 1154 4041 Et
1206 3996 1566 4056 cognoscetur
1603 3999 1796 4040 manus
1837 3985 2047 4040 Domini

462 4079 794 4136 timentibus
836 4093 983 4144 eum,
1009 4086 1066 4132 et
1101 4077 1397 4134 minabitur
1425 4076 1741 4132 incredulis.
1775 4095 1796 4129 ι

545 4172 712 4229 Vsus.
758 4171 848 4226 15.
885 4188 904 4223 ι
933 4171 1071 4226 Ecce
1113 4169 1256 4225 enim
1282 4168 1548 4224 Dominus
1580 4170 1730 4240 quasi
1771 4169 1912 4239 ignis
1958 4183 2051 4224 ve-

463 4266 608 4331 niet,
642 4273 697 4320 et
727 4262 882 4334 quasi
919 4271 1214 4333 tempestas
1249 4276 1446 4318 currus
1487 4261 1625 4332 ejus,
1661 4270 1720 4316 ut
1755 4262 1948 4316 reddat
1994 4261 2048 4315 in

462 4360 662 4415 durare
693 4356 973 4423 ultionem,
1002 4364 1059 4410 et
1084 4354 1512 4424 increpationem
1542 4368 1696 4407 suam
1741 4354 1797 4408 in
1829 4352 2048 4408 ﬂamma

475 4546 618 4600 dicta
649 4553 776 4599 sunt
801 4541 1129 4614 pollicetur;
1165 4541 1233 4596 iis
1260 4555 1410 4606 vero,
1445 4541 1538 4610 qui
1579 4542 1912 4596 contrariam
1961 4545 2046 4597 in-

463 4639 588 4694 iere
618 4637 794 4702 viam,
830 4635 1227 4691 comminatur:
1273 4649 1338 4689 ac
1387 4643 1784 4704 consequenter
1817 4635 2047 4689 commi.

474 4729 714 4784 nationis
738 4728 1006 4782 rationem
1035 4728 1256 4792 edocet,
1306 4729 1608 4782 secundum
1644 4733 1701 4779 et
1751 4725 2044 4797 gloriosum

464 4819 783 4877 Servatoris
805 4819 1095 4874 adventum
1127 4817 1438 4884 declarans,
1469 4818 1688 4887 quando
1717 4819 1898 4873 veniet
1922 4833 2044 4872 cum

461 4915 647 4983 .gloria
675 4911 877 4980 Patris,
905 4921 961 4966 et
1007 4926 1131 4966 cum
1176 4911 1382 4982 angelis
1415 4911 1550 4978 suis,
1596 4909 1852 4980 judicare
1895 4910 2046 4965 vivos

471 5015 530 5059 et
560 5013 825 5059 mortuos.

548 5094 716 5149 Vens.
760 5094 847 5150 16.
899 5111 920 5146 t
964 5091 1022 5148 In
1065 5094 1189 5164 igne
1226 5095 1370 5149 enim
1437 5093 1654 5150 Domini
1713 5093 2052 5166 iudicabitur

462 5187 656 5241 cumis
687 5196 862 5251 terra,
897 5193 952 5241 et
991 5186 1044 5240 in
1080 5186 1260 5255 gladio
1304 5185 1421 5255 ejus
1461 5187 1641 5242 omnis
1679 5200 1857 5242 caro:
1897 5185 2049 5239 multi

469 5279 748 5334 ‘vulnerati
772 5287 933 5334 erunt
963 5293 993 5332 a
1012 5277 1268 5334 Domino.
1301 5297 1328 5331 ο
1368 5278 1635 5334 Furorem
1664 5278 1784 5346 ejus
1815 5290 1940 5332 esse
1969 5275 2051 5330 ul-

467 5372 646 5426 'trices
676 5379 972 5440 potestates
1007 5370 1237 5441 intelligi
1284 5371 1472 5438 solet;
1520 5379 1576 5425 et
1618 5368 2046 5446 increpation’em

465 5477 634 5518 suam
671 5464 724 5517 in
755 5462 970 5538 ﬂamma
1001 5463 1142 5534 ignis
1177 5473 1367 5518 contra
1409 5462 1629 5518 eosdem
1682 5460 1881 5515 mittet.
1921 5456 2047 5513 Gla-

469 5560 626 5614 dium
647 5574 780 5614 vero
809 5574 1072 5630 corporeo
1119 5574 1271 5615 more
1319 5557 1585 5626 nominat,
1631 5565 1689 5614 et
1731 5552 2044 5610 vulneratos

550 5737 598 5768 ³¹
640 5735 796 5792 Cant.
829 5750 865 5801 ι,
899 5734 948 5788 1.
988 5806 1002 5810 _
1024 5735 1066 5768 ⁸³
1090 5733 1277 5790 Matth.
1312 5749 1362 5803 ι’,
1397 5732 1449 5786 8.

2147 3903 2273 3973 αροὶ
2302 3904 2368 3973 τῇ
2395 3901 2612 3974 καρδίᾳ,
2648 3902 2725 3954 ὅτι
2758 3901 2910 3953 αὐτοὶ
2935 3899 3025 3953 τὸν
3055 3897 3188 3953 Θεὸν
3217 3898 3600 3968 δψονται.»-‹
3625 3899 3743 3951 Καὶ

2147 3991 2522 4064 γνωσθήσεται
2548 3993 2582 4063 ή
2613 3991 2733 4065 χεὶρ
2760 3991 2964 4063 Κυρίου
2994 3992 3109 4054 τοῖς
3142 3989 3498 4061 φοϐουμένοις
3540 3989 3737 4054 αὐτὸν,

2147 4086 2244 4140 καὶ
2269 4085 2554 4156 ἀπειλήσει
2595 4088 2708 4150 τοῖς
2739 4082 3078 4139 ἀπειθοῦσιν.
3114 4101 3136 4135 ι

2223 4195 2244 4230 ‹
2283 4177 2411 4232 Ἰδοὺ
2449 4176 2555 4251 γὰρ
2581 4176 2786 4251 Κύριος
2816 4175 2892 4240 ῶς
2919 4175 3031 4246 πῦρ
3069 4174 3210 4246 ἥξει,
3249 4173 3344 4229 καὶ
3371 4173 3450 4238 ὡς
3476 4172 3746 4240 καταιγὶς

2146 4269 2218 4324 τὰ
2278 4269 2502 4342 ἅρματα
2549 4268 2753 4332 αὐτοῦ,
2801 4266 3091 4322 ἀποδοῦναι
3136 4268 3197 4319 ἐν
3249 4264 3405 4336 θυμῷ
3449 4265 3746 4334 ἐκδίκησιν

2148 4359 2336 4425 αὐτοῦ,
2372 4360 2467 4414 καὶ
2498 4357 2979 4430 ἀποσκορακισμὸν
3007 4355 3172 4410 αὑτοῦ
3203 4357 3263 4408 ὲν
3294 4355 3455 4424 φλογὶ
3489 4356 3694 4425 πυρός.
3719 4375 3740 4407 ι

339 4461 348 4474 ’
461 4451 638 4521 ignis.
680 4469 700 4504 ι
737 4449 854 4506 Jam
897 4449 1210 4504 memoratis
1262 4447 1572 4504 hominibus
1617 4463 1739 4518 quae.
1792 4452 2041 4520 superius

2157 4455 2271 4517 [οἷς
2305 4453 2404 4524 μὲν
2438 4450 2754 4521 δηλωθεῖσιν
2786 4449 3180 4518 ἐπαγγέλλεται
3207 4447 3275 4500 τὰ
3294 4446 3736 4518 προλελεγμένα·

2150 4548 2264 4610 τοῖς
2290 4545 2347 4598 δὲ
2382 4544 2480 4615 τὴν
2515 4543 2760 4596 ἐναντίαν
2800 4539 3227 4612 πεπορευμένοις
3261 4539 3380 4592 ὁδὸν
3433 4539 3745 4609 ἠπείλησεν

2150 4635 2412 4708 ἀπειλήν·
2461 4634 2557 4687 καὶ
2602 4631 2910 4696 ἀκολούθως
2953 4632 3190 4685 διδάσκει
3219 4631 3312 4684 τὸν
3351 4631 3453 4702 τῆς
3503 4630 3746 4701 ἀπειλῆς

2150 4726 2370 4798 τρόπον,
2441 4725 2710 4796 παριστὰς
2770 4724 2869 4796 τήν
2919 4721 3176 4792 δευτέραν
3236 4721 3333 4774 καὶ
3379 4719 3595 4784 ἔνδοξον
3638 4723 3744 4775 τοῦ

2132 4808 2404 4890 ¹Σωτῆρος
2455 4817 2780 4888 παρουσίαν,
2826 4817 2914 4869 ὅτε
2942 4815 3062 4884 ἥξει
3123 4813 3262 4885 μετὰ
3298 4813 3398 4884 τῆς
3429 4813 3594 4884 δόξης
3639 4815 3744 4867 τοῦ

2147 4899 2368 4982 Πατρὸς
2391 4909 2486 4963 καὶ
2519 4908 2658 4981 μετὰ
2680 4907 2788 4962 τῶν
2811 4906 3056 4976 ἀγγέλων
3087 4903 3272 4968 αὐτοῦ,
3303 4906 3491 4975 κρῖναι
3525 4903 3748 4970 ζῶντας

2148 5003 2245 5058 καὶ
2272 5001 2517 5073 νεκρούς.

2225 5113 2245 5146 ‹
2299 5095 2387 5146 Ἐν
2417 5091 2526 5165 γὰρ
2554 5090 2633 5163 τῷ
2656 5091 2789 5164 πυρὶ
2812 5090 3020 5162 Κυρίου
3044 5088 3366 5160 κριθήσεται
3394 5087 3545 5139 πᾶσα
3567 5087 3601 5156 ή
3637 5086 3745 5155 γῆ,

2149 5186 2245 5240 καὶ
2275 5188 2334 5239 ἐν
2373 5188 2441 5256 τῇ
2470 5183 2714 5257 ῥομφαίᾳ
2748 5183 2914 5238 αὐτοῦ
2943 5184 3094 5236 πᾶσα
3125 5181 3291 5251 σάρξ’
3342 5179 3528 5232 πολλοὶ
3569 5195 3747 5249 τραυ-

2153 5279 2344 5350 ματίαι
2383 5276 2598 5330 ἔσονται
2627 5276 2733 5330 ὑπὸ
2779 5275 3008 5350 Κυρίου.
3070 5292 3090 5325 ι
3141 5271 3323 5342 Θυμὸς
3361 5271 3422 5324 δὲ
3464 5269 3632 5324 αὐτοῦ
3683 5271 3747 5321 αἱ

2151 5369 2471 5424 κολαστικαὶ
2501 5369 2596 5421 καὶ
2629 5366 2996 5439 τιμωρητικαὶ
3041 5364 3299 5435 δυνάμεις
3325 5361 3549 5415 εἰώθασι
3578 5360 3748 5430 νομί⁹

2149 5460 2357 5525 ξεσθαι,
2391 5460 2485 5514 καὶ
2521 5459 2612 5513 τὸν
2643 5457 3124 5530 ἀποσκορακισμδν
3150 5455 3316 5509 αὐτοῦ
3347 5456 3405 5508 ἐν
3439 5455 3578 5525 πυρὶ
3602 5451 3748 5521 φλοι-

2147 5552 2244 5623 γδς
2271 5552 2412 5609 κατά
2442 5550 2550 5606 τῶν
2581 5550 2758 5608 αὐτῶν
2792 5552 3010 5624 ἀφήσει.
3053 5547 3357 5620 Ῥομφαίαν
3389 5547 3447 5602 δὲ
3475 5543 3746 5618 ὀνομάζει
