3880 6216
164 311 271 368 σει

1073 313 1575 370 COMMENTARIA
1616 315 1683 371 lN
1727 314 1984 373 ιεΑιΑιι.
2024 347 2093 357 -
2130 314 2284 372 CAP.
2323 314 2505 374 LXVI.

3319 324 3423 379 522

165 425 655 496 αυματικώτερον,
681 427 778 481 καὶ
802 427 1147 498 τραυματίας
1184 428 1463 494 ὡσαύτως.
1499 429 1652 484 Ἐπεὶ
1676 430 1746 502 μὴ

1858 428 2133 484 similiter.
2170 429 2306 496 Quia
2356 429 2457 495 illi,
2507 434 2693 511 utpOte
2736 427 2928 497 Judaei,
2971 447 3077 489 non
3123 434 3229 490 alio
3258 440 3421 492 modo

163 516 349 580 ἄλλως
389 512 459 589 ἦν
487 517 728 583 ἀκούειν,
766 517 1050 582 Ἰουδαίους
1079 518 1236 584 ὄντας
1268 520 1362 573 καὶ
1411 520 1486 592 μὴ
1517 520 1662 584 οἴους
1692 537 1753 572 τε

164 608 608 679 παρακολουθεῖν
646 611 714 680 τῇ
754 607 864 662 τῶν
905 608 1078 677 λόγων
1110 609 1339 682 διανοίᾳ.
1401 610 1462 663 '0
1510 611 1609 681 μὲν
1660 606 1754 665 οὖν

175 697 511 760 ’Δπόστολος
547 698 640 751 τὸν
664 697 773 752 τῶν
814 700 1192 771 προκειμένων
1226 701 1350 755 νοῦν
1389 700 1642 771 διασαφεῖ
1664 701 1753 756 λέ-

162 804 282 855 γων
301 806 317 818 ’
350 807 369 840 ι
399 788 555 843 Κατὰ
579 789 638 844 δὲ
662 789 762 861 τὴν
795 789 1137 863 σκληρότητὰ
1154 809 1248 845 σου
1265 792 1358 846 καὶ
1385 794 1754 865 ἀμετανόητον

163 880 404 951 καρδίαν
436 879 786 953 θησαυρίζεις
813 881 1024 953 σεαυτῷ
1073 882 1239 955 ὀργὴν
1279 885 1339 937 ὲν
1369 884 1551 957 ἡμέρᾳ
1582 886 1753 957 ὀργῆς

163 967 263 1020 καὶ
295 968 717 1038 ἀποκαλύψεως,
755 972 850 1024 καὶ
879 971 1278 1044 δικαιοκρισίας
1322 973 1481 1040 Θεοῦ,
1517 975 1577 1041 ὃς
1619 977 1753 1030 ἀπο-

161 1054 331 1110 δώσει
364 1058 583 1132 ἑκάστῳ
620 1059 761 1114 κατά
794 1061 862 1114 τὰ
887 1061 1024 1133 ἔργα
1055 1062 1242 1118 αὐτοῦ.
1281 1084 1302 1117 ι

241 1167 264 1201 ι
300 1150 365 1204 Oi
406 1152 753 1223 ἁγνιζόμενοι
789 1154 883 1208 καὶ
913 1154 1334 1227 καθαριζόμενοι
1375 1159 1455 1221 είς
1486 1160 1613 1223 τοὺς
1646 1161 1749 1231 κή-

163 1258 328 1306 τωυς,
363 1244 460 1296 καὶ
503 1243 561 1296 ὲν
599 1247 713 1309 τοῖς
746 1245 1041 1317 προθύροις
1083 1247 1332 1312 ἔσθοντες
1369 1249 1536 1323 κρέας
1583 1250 1748 1318 ὕειον,

162 1338 261 1390 καὶ
288 1337 357 1390 τὰ
386 1337 730 1409 βδελύγματα
763 1339 858 1392 καὶ
887 1339 979 1392 τὸν
1009 1338 1138 1411 μῦν,
1168 1341 1262 1394 ἐπὶ
1295 1342 1354 1395 τὸ
1383 1343 1514 1396 αὐτὸ
1543 1343 1752 1398 ἀναλω-

161 1428 452 1500 θήσονται.
494 1449 514 1481 ›
559 1431 647 1494 Ὠς
675 1431 870 1502 μηκέτι
903 1431 1046 1485 κατά
1070 1433 1160 1486 τὸν
1187 1433 1436 1504 νόμονὸν
1464 1436 1749 1507 παρέδωκε

159 1521 412 1591 Μωῦσῆς
432 1521 896 1595 καθαριζομένους
928 1523 1107 1595 σποδῷ
1131 1524 1414 1597 δαμάλεως
1443 1529 1537 1581 καὶ
1564 1533 1750 1600 περιρ-

162 1615 484 1687 ραντηρίοις
512 1616 732 1688 ἡμερῶν
759 1617 898 1670 ἐπτά
923 1617 1018 1671 καὶ
1043 1620 1162 1681 ταῖς
1188 1617 1277 1672 διά
1322 1618 1523 1674 θυσιῶν
1546 1620 1750 1694 καθάρ-

164 1726 324 1763 σεσιν
343 1727 358 1740 ·
377 1710 500 1763 ἀντὶ
524 1709 585 1763 δὲ
610 1709 834 1775 τούτων,
862 1712 920 1765 ὲν
946 1712 1129 1775 αὐτοῖς
1149 1714 1655 1785 περινοστήσαντες,
1687 1714 1749 1767 τὸ

155 1801 230 1854 δι’
278 1800 475 1864 ὓδατος
523 1800 817 1870 καθάρσιον
866 1803 1133 1874 ἀπαρκεῖν
1178 1804 1361 1867 αὐτοῖς
1401 1803 1591 1876 ᾤοντο,
1636 1810 1749 1870 τοῖς
1782 1787 1824 1846 Β

156 1883 306 1949 ἑατά
336 1911 491 1958 τινας
523 1896 730 1966 κήπους
774 1894 958 1949 ὕδασιν
1007 1894 1388 1961 ἀπολούεσθαι,
1419 1896 1513 1950 καὶ
1551 1897 1764 1968 μηκέτι·

160 1986 398 2057 μηδενὸς
417 1986 624 2040 δεῖσθαι
656 1986 764 2040 τῶν
787 1985 1315 2059 νενομοθετημένων.
1355 1988 1428 2041 Ἦ
1452 1989 1548 2042 καὶ
1573 1988 1746 2054 ἄλλως

157 2078 306 2149 μετά
339 2079 545 2151 μιαράς
579 2078 673 2133 καὶ
705 2078 1048 2151 ἀκαθάρτους
1089 2080 1336 2150 πράξεις,
1363 2079 1656 2151 ἀθεμίτους
1685 2098 1746 2135 τε

158 2172 557 2244 αἰσχρουργίας
601 2170 852 2243 ἐνόμιζον
895 2170 1070 2241 ψιλοῖς
1120 2171 1275 2225 ὕδασι
1304 2170 1621 2245 καθαρίζειν
1646 2174 1746 2237 τὰς

158 2265 374 2319 ἑαυτῶν
405 2264 604 2335 ψυχάς.

240 2463 261 2497 t
290 2443 467 2514 Κάγὼ
499 2442 569 2499 τὰ
594 2444 732 2516 ἔργα
762 2446 967 2511 αὐτῶν,
1000 2448 1095 2500 καὶ
1136 2447 1227 2501 τὸν
1257 2446 1515 2520 λογισμὸν
1545 2446 1741 2499 αὐτῶν.

164 2537 441 2609 Ἔρχομαι
465 2541 787 2607 συναγαγεῖν
808 2538 984 2592 πάντα
1002 2537 1072 2592 τὰ
1091 2537 1219 2610 ἔθνη
1245 2538 1457 2602 καὶτὰς
1471 2538 1743 2606 γλώσσας,

160 2629 257 2682 καὶ
270 2628 465 2699 ἥξουσι
484 2630 578 2682 καὶ
597 2628 819 2698 ὄψονται
846 2632 944 2702 τὴν
960 2630 1115 2695 δόξαν
1147 2648 1267 2701 μου.
1282 2650 1301 2682 ι
1330 2629 1668 2702 Σαφέστερον
1689 2630 1746 2682 δὲ

159 2720 192 2774 ὁ
227 2721 425 2794 Σωτὴρ
456 2723 515 2775 ἐν
543 2724 656 2785 τοίς
686 2722 1039 2792 Εὐαγγελίοις
1078 2722 1316 2777 διδάσκει
1342 2721 1516 2776 ταῦτα
1538 2721 1740 2789 λέγων’

166 2830 190 2864 s
219 2813 391 2868 Ὅταν
420 2814 477 2867 δὲ
505 2813 636 2886 ἔλθῃ
661 2816 690 2867 ό
716 2813 846 2877 Υἱὸς
869 2813 964 2868 τοῦ
996 2813 1281 2886 ἀνθρώπου
1313 2814 1371 2867 ὲν
1401 2816 1466 2884 τῇ
1491 2812 1618 2884 δόξῃ
1651 2812 1743 2865 τοῦ

160 2907 381 2980 Πατρὸς
408 2908 594 2971 αὐτοῦ.
625 2908 719 2963 καὶ
753 2908 954 2970 πάντες
979 2908 1029 2959 οἱ
1073 2907 1220 2975 ἅγιοι
1246 2905 1468 2975 ἄγγελοι
1500 2905 1616 2977 μετ’
1646 2904 1744 2957 αὺ-

156 2995 284 3050 τοῦ·
321 2996 418 3049 καὶ
442 2995 728 3061 συνάξουσι
752 2997 929 3051 πάντα
959 2995 1029 3050 τὰ
1061 2995 1188 3067 ἔθνη
1214 2994 1522 3067 ἔμπροσθεν
1554 2993 1742 3059 αὐτοῦ,

159 3088 253 3141 καὶ
281 3089 504 3160 ἀφοριεῖ
536 3089 754 3155 αὐτοὺς,
789 3088 847 3142 ὃν
877 3089 1076 3161 τρόπον
1107 3087 1355 3161 ἀφορίζει
1380 3090 1408 3141 ὁ
1434 3085 1637 3159 ποιμὴν
1673 3087 1742 3141 τὰ
1771 3124 1813 3181 C

158 3180 413 3251 πρόϐατα
441 3179 550 3233 ἀπὸ
572 3180 680 3233 τῶν
715 3180 940 3250 ἐρίφων,
983 3199 1001 3231 ι
1040 3179 1136 3232 καὶ
1166 3179 1234 3233 τά
1264 3177 1410 3248 ἑξῆς.
1443 3180 1555 3232 Kal
1585 3176 1742 3231 τοῦτο

152 3272 215 3325 δὲ
241 3270 411 3325 πάλιν
432 3274 545 3334 τοῖς
571 3271 778 3327 ἔθνεσιν
802 3271 1218 3340 ἐπαγγέλλεται,
1253 3270 1315 3323 τὸ
1343 3268 1741 3341 καταξιωθῆναι

158 3360 463 3415 θεάσασθαι
494 3360 593 3431 τὴν
615 3360 774 3428 δόξαν
807 3361 989 3415 αὐτοῦ.

234 3473 255 3504 ι
291 3454 408 3507 Kal
432 3453 743 3523 καταλείψω
769 3454 856 3507 ἐπ’
899 3454 1081 3508 αὐτῶν
1127 3457 1372 3527 σημεῖον,
1412 3452 1509 3508 καὶ
1545 3452 1743 3520 ἐξαπο-

158 3544 336 3600 στελῶ
364 3545 427 3612 ἐξ
455 3545 634 3600 αὐτῶν
668 3546 1043 3617 σεσωσμένους
1070 3550 1149 3612 είς
1180 3547 1250 3601 τά
1287 3546 1437 3618 ἔθνη,
1479 3548 1558 3611 εἰς
1595 3545 1743 3617 Θαρ-

106 3626 114 3634 “
159 3634 295 3695 σείς,
325 3632 423 3686 καὶ
453 3632 609 3698 Φοὺδ,
637 3634 731 3687 καὶ
760 3635 919 3701 Λοὺδ,
954 3636 1048 3689 καὶ
1079 3635 1284 3707 Μοσδχ,
1319 3635 1415 3689 καὶ
1441 3637 1521 3699 είς
1551 3635 1739 3697 Θοϐὲλ,

157 3726 253 3778 καὶ
274 3725 358 3787 είς
372 3723 472 3796 τὴν
487 3724 728 3793 Ἑλλάδα,
759 3725 953 3795 καὶνείς
980 3725 1076 3791 τὰς
1103 3729 1299 3799 νήσους
1323 3726 1421 3791 τὰς
1452 3727 1638 3799 πόρρω
1655 3744 1668 3756 ο
1692 3726 1743 3779 οἳ

155 3817 259 3872 οὐκ
284 3817 561 3887 ἀκηκόασί
592 3835 693 3889 μου
730 3818 790 3872 τὺ
817 3819 1009 3891 ὄνομα,
1039 3818 1162 3872 οὔτε
1189 3818 1471 3890 ἑωράκασι
1518 3835 1619 3889 μου
1646 3817 1746 3890 τὴν

154 3908 338 3974 δόξαν.
371 3910 485 3963 Kal
514 3909 875 3979 ἀναγγελοῦσι
903 3911 1002 3982 τὴν
1029 3910 1186 3978 δόξαν
1221 3928 1322 3982 μου
1362 3911 1421 3964 ὲν
1449 3913 1562 3973 τοῖς
1590 3894 1745 3962 ἔθνε-

159 4017 233 4054 σι.
268 4019 289 4051 ι
335 4000 448 4053 Καὶ
478 4001 538 4053 ὲν
576 4004 687 4064 τοῖς
713 4001 1022 4073 ἔμπροσθεν
1052 4001 1291 4070 ἐλέγετο,
1337 4002 1422 4056 ὅτι
1475 4020 1495 4053 ι
1528 3996 1624 4066 Οἷς
1645 4001 1745 4055 οὐκ

157 4088 444 4161 ἀνηγγέλη
485 4091 613 4161 περὶ
653 4090 820 4144 αὐτοῦ
864 4090 1105 4160 ὄψονται,
1141 4091 1190 4145 οἳ
1230 4091 1332 4144 οὐκ
1390 4089 1680 4161 ἀκηκόασι.
1719 4108 1739 4140 ι

158 4185 274 4239 Καὶ
297 4182 485 4236 πάλιν-
523 4191 543 4234 c'
565 4184 845 4255 Ἐμφανὴς
869 4185 1136 4256 ἐγενόμην
1164 4186 1277 4248 τοῖς
1305 4183 1407 4255 ἐμὲ
1435 4182 1509 4255 μὴ
1537 4183 1746 4255 ἐπερω-

156 4276 352 4342 τῶσιν,
384 4276 612 4350 εὑρέθην
626 4278 737 4341 τοῖς
765 4275 866 4347 ἐμὲ
898 4276 974 4349 μὴ
1005 4275 1376 4348 ἐπιζητοῦσιν·
1421 4271 1570 4329 εἶπα·
1615 4276 1744 4329 Ἰδού

160 4370 301 4441 εἰμι,
331 4370 447 4431 τοῖς
482 4368 557 4440 μὴ
602 4368 1049 4440 ἐπικαλουμένοις
1089 4368 1151 4421 τὸ
1181 4367 1353 4439 δνομά
1399 4386 1523 4440 μου.
1559 4389 1578 4421 ι
1611 4370 1747 4423 Τοῦ-υ

1858 520 2158 591 intelligere
2188 529 2462 591 poterant,
2495 529 2556 575 ut
2590 521 2681 589 qui
2723 537 2829 576 non
2860 523 3103 582 valerent
3129 528 3421 584 verborum

1854 623 2089 669 mentem
2135 613 2416 684 subsequi.
2455 613 2743 684 Apostolus
2772 623 2921 671 certe
2955 617 3083 672 dicti
3134 620 3278 688 quod
3309 629 3423 674 tra-
3460 626 3467 643 ‘

1854 713 2066 760 ctamus
2107 719 2327 760 sensum
2363 707 2537 775 aperit
2572 706 2661 759 his
2679 704 2880 770 verbis,
2915 724 2935 759 ι
2985 706 3292 765 Secundum
3325 725 3423 764 au-

1856 805 1961 850 tem
2013 797 2267 852 duritiem
2312 806 2461 853 tuam
2516 806 2572 853 et
2622 797 2969 867 impaenitens
3016 814 3112 854 cor
3156 800 3422 856 thesauri-

1854 902 1947 943 zas
1974 889 2069 944 tibi
2099 890 2236 944 iram
2270 890 2321 944 in
2351 889 2439 945 die
2475 890 2570 945 ira:
2596 899 2651 943 et
2680 889 3051 956 revelatiouis,
3079 900 3133 945 et
3155 891 3286 959 justi
3324 892 3418 961 ju-

1853 979 1979 1035 dicii
2026 980 2143 1048 Dei,
2192 982 2287 1052 qui
2339 980 2529 1037 reddet
2581 980 2876 1052 unicuique
2918 981 3215 1038 secundum
3253 998 3416 1054 opera

1851 1089 1947 1129 sua
1975 1073 2042 1130 “.
2075 1093 2098 1127 ι

1923 1166 2092 1222 Vens.
2124 1168 2213 1222 17.
2244 1188 2264 1222 ι
2294 1167 2396 1236 Qui
2426 1168 2844 1227 sanctiﬁcantur
2865 1181 2922 1229 et
2958 1171 3316 1243 puriﬁcantur
3361 1170 3415 1226 in

1851 1259 2046 1325 hortis,
2069 1270 2125 1315 et
2144 1261 2198 1316 in
2219 1260 2495 1318 liminibus
2513 1264 2854 1320 comedentes
2877 1280 3095 1322 carnem
3117 1265 3416 1334 porcinam,

1849 1361 1903 1406 et
1936 1352 2367 1409 abominationes
2411 1363 2467 1410 et
2508 1370 2740 1422 murem,
2774 1357 2934 1411 simul
2960 1366 3368 1411 consumentur.
3390 1372 3414 1410 ι

1849 1443 1926 1497 lta
1960 1453 2022 1499 ut
2058 1460 2165 1500 non
2202 1445 2433 1502 alterius
2463 1449 2758 1502 secttndum
2789 1447 2983 1519 legem,
3009 1461 3171 1517 quam
3196 1445 3418 1502 tradidit

1851 1533 2096 1605 Moyses,
2120 1538 2305 1592 cinere
2341 1538 2523 1594 vitula:
2547 1546 2602 1593 et
2639 1539 3038 1607 aspersionibus
3077 1540 3285 1595 dierum
3331 1554 3419 1595 se-

1849 1632 2016 1693 ptem,
2048 1626 2510 1683 sacriliciorumve
2532 1629 2940 1698 purgationibus
2980 1630 3413 1685 mandarentur:

1850 1716 1945 1770 sed
1982 1717 2173 1772 horum
2206 1718 2348 1783 vice,
2386 1728 2673 1790 postquam
2722 1720 2775 1773 in
2820 1719 2906 1775 bis
2935 1721 3136 1776 versati
3171 1720 3413 1787 fuerant,

1851 1808 2227 1875 purgationem
2280 1824 2377 1878 per
2418 1824 2615 1877 aquam
2662 1808 2913 1867 sullicere
2961 1811 3065 1867 sibi
3111 1811 3413 1881 putabant,

1849 1899 2207 1967 quorumdam
2252 1901 2532 1955 hortorum
2558 1902 2714 1972 aquis
2748 1918 2807 1958 se
2831 1902 2976 1957 ablui
3016 1910 3072 1957 et
3098 1901 3415 1967 emaculari,

1850 2004 1949 2043 nec
1984 1988 2124 2043 ultra
2150 2004 2346 2045 eorum
2388 2006 2507 2061 qua:
2537 1992 2592 2047 in
2642 1993 2762 2061 lege
2789 1994 3180 2064 praecipiuntur
3212 1992 3321 2048 ullo
3357 2008 3419 2049 se

1848 2093 1985 2149 opus
2014 2079 2238 2141 habere,
2264 2082 2668 2139 existimantes.
2696 2084 2830 2138 Nam
2871 2086 3006 2139 alias
3035 2093 3152 2154 post
3180 2084 3419 2140 admissa.

1852 2170 2026 2239 turpia
2071 2170 2313 2225 facinora
2338 2215 2353 2238 ,
2399 2181 2455 2227 et
2496 2182 2620 2243 pOst
2672 2174 2887 2229 illicitas
2925 2184 3220 2244 turpesque
3248 2177 3418 2230 actio-

1851 2277 1973 2327 nes,
2008 2261 2244 2332 simplici
2289 2278 2427 2334 aqua
2473 2265 2682 2320 animas
2729 2267 2974 2321 mundari
3016 2280 3144 2320 suas
3186 2265 3416 2320 arbitra-

1847 2351 2064 2407 bantur.

1921 2440 2083 2496 Vens.
2113 2443 2201 2498 18.
2245 2462 2265 2495 ‹
2302 2443 2370 2499 Ει
2395 2459 2494 2516 ego
2518 2459 2681 2515 opera
2708 2460 2918 2510 eorum,
2944 2453 2999 2501 et
3028 2444 3411 2513 cogitationem

1847 2547 2032 2587 eorum
2071 2533 2273 2608 [novi].
2315 2535 2381 2590 Et
2409 2537 2566 2591 venio
2598 2547 2658 2592 ut
2690 2551 3015 2607 congregem
3052 2550 3241 2591 omnes
3283 2551 3414 2607 gen-

1852 2634 1932 2680 tes
1974 2634 2031 2680 et
2076 2626 2327 2695 linguas:
2389 2635 2445 2680 et
2496 2627 2718 2681 venient
2771 2635 2826 2681 et
2879 2625 3140 2679 videbunt
3187 2626 3412 2695 gloriam

1848 2731 2044 2770 meam.
2088 2735 2106 2768 ι
2142 2715 2267 2773 Hzec
2301 2717 2499 2773 clarius
2537 2718 2798 2773 Servator
2826 2717 2882 2771 in
2920 2718 3227 2786 Evangeliis
3258 2719 3417 2773 docet

1847 2807 1934 2862 his
1977 2809 2190 2862 verbis:
2222 2827 2241 2859 ‹
2270 2807 2403 2864 Cum
2435 2808 2644 2863 venerit
2675 2806 2844 2861 Filius
2877 2809 3111 2863 hominis
3159 2809 3211 2864 in
3245 2807 3413 2878 gloria

1847 2896 2030 2955 Patris
2059 2900 2162 2965 sui,
2194 2907 2250 2954 et
2278 2914 2467 2955 omnes
2491 2899 2668 2955 sancti
2695 2898 2870 2969 angeli
2902 2914 3024 2953 cum
3050 2915 3152 2958 eo:
3189 2907 3244 2954 et
3286 2914 3416 2953 con-

1848 2992 2148 3061 gregabunt
2183 3005 2373 3047 omnes
2401 2998 2588 3061 gentes
2620 2990 2675 3045 in
2718 2999 3010 3060 conspectu
3050 2991 3202 3059 ejus,
3240 2998 3295 3045 et
3329 3004 3417 3043 se-

1848 3084 2095 3153 gregahit
2119 3097 2235 3149 eos,
2268 3083 2717 3153 quemadmodum
2766 3089 3015 3152 segregat
3051 3091 3236 3150 pastor
3277 3095 3409 3135 oves

1847 3177 1915 3228 ab
1948 3174 2134 3238 haedis,
2172 3191 2192 3226 ι
2220 3180 2275 3229 et
2300 3182 2515 3227 caztera.
2548 3172 2615 3225 Et
2644 3172 2747 3225 hoc
2781 3170 2976 3227 iterum
3011 3171 3265 3240 gentibus
3295 3171 3407 3240 pol-

1846 3265 2069 3334 licetur,
2102 3264 2245 3334 quod
2280 3277 2475 3333 nempe
2506 3261 2746 3317 futurum
2792 3263 2865 3317 sit
2893 3269 2953 3316 ut
2987 3262 3213 3333 gloriam
3244 3261 3413 3331 ipsius

1846 3356 2030 3413 videre
2073 3357 2244 3425 dignae
2277 3356 2597 3410 habeantur.
3216 3340 3221 3349 ’

1916 3448 2081 3505 Vens.
2121 3447 2210 3503 l9.
2246 3465 2265 3498 ι
2298 3445 2367 3499 Ει
2401 3444 2702 3514 relinquam
2733 3458 2898 3515 super
2938 3457 3034 3498 eos
3071 3444 3324 3514 signum:
3357 3451 3418 3499 et

1846 3540 2093 3595 emittam
2125 3554 2192 3593 ex
2242 3537 2348 3592 illis
2385 3551 2481 3592 eos
2506 3537 2597 3605 qui
2633 3534 2825 3589 salvati
2879 3534 3082 3590 fuerint
3107 3535 3174 3589 ad
3203 3542 3413 3605 gentes,

1847 3632 1902 3686 in
1934 3630 2178 3696 Tharsis,
2224 3637 2276 3684 et
2306 3627 2480 3693 Phud,
2518 3636 2573 3681 et
2615 3625 2756 3693 Lud,
2801 3635 2870 3694 et~
2899 3626 2952 3681 in
2993 3626 3234 3689 Mosoch,
3269 3634 3324 3680 et
3356 3625 3412 3679 in

1848 3722 2070 3788 Thobel,
2104 3731 2158 3776 et
2188 3720 2241 3774 in
2281 3719 2566 3781 Graeciam,
2595 3726 2649 3772 et
2677 3717 2731 3771 in
2764 3716 2969 3772 insulas
3004 3723 3274 3781 remotas;
3315 3716 3409 3784 qui

1848 3830 1953 3869 non
1986 3813 2273 3868 audierunt
2312 3825 2506 3866 nomen
2554 3824 2757 3874 meum,
2808 3822 2984 3877 neque
3019 3809 3272 3862 viderunt
3297 3807 3415 3878 glo-

1848 3908 1984 3962 riam
2011 3921 2206 3961 meam.
2237 3904 2305 3960 Et
2329 3901 2731 3959 annuntiabunt
2752 3899 2976 3971 gloriam
2999 3913 3177 3954 meam
3204 3899 3258 3953 in
3283 3913 3415 3969 gen-

1850 3999 2013 4055 tibus.
2056 4016 2076 4051 ι
2111 3995 2370 4067 Superius
2397 4008 2613 4066 quoque
2644 3992 2948 4059 dicebatur,
2984 4006 3005 4042 ι
3037 3988 3078 4044 li
3104 3989 3298 4060 quibus
3323 4005 3416 4045 an-

1847 4090 2158 4145 nuntiatum
2202 4103 2308 4142 non
2343 4098 2427 4141 est
2470 4085 2538 4141 de
2584 4083 2697 4145 illo,
2725 4082 3026 4146 videbunt,
3067 4089 3124 4135 et
3165 4080 3257 4150 qui
3307 4094 3416 4136 non

1848 4181 2154 4242 audierunt,
2196 4177 2537 4248 intelligent:
2580 4193 2600 4228 ι
2635 4182 2691 4230 et
2723 4174 2944 4236 iterum,
2984 4189 3006 4225 ι
3045 4170 3284 4242 Apparui
3323 4170 3413 4236 iis,

1847 4272 1939 4341 qui
1985 4285 2071 4325 me
2106 4284 2213 4324 non
2249 4263 2698 4336 interrogabant;
2742 4263 2995 4317 inventus
3038 4258 3276 4330 sumjab
3299 4259 3415 4330 liis.

1847 4363 1940 4432 qui
1976 4377 2061 4417 me
2087 4375 2192 4415 non
2222 4357 2577 4428 quaerebant:
2613 4355 2750 4418 dixi,
2796 4353 2935 4408 Ecce
2967 4351 3176 4415 adsum,
3222 4350 3291 4406 iis
3320 4351 3414 4419 qui

159 4478 273 4523 των
302 4459 507 4529 ἀδελφά
548 4460 802 4532 τυγχάνει
846 4461 916 4515 τὰ
957 4459 1349 4532 προειρημένα,
1393 4460 1459 4513 δι’
1501 4453 1575 4513 ὧν
1621 4461 1746 4523 τοὺς

1855 4470 1957 4510 non
2000 4453 2327 4507 invocabant
2378 4463 2570 4503 nomen
2619 4460 2820 4501 meum.
2855 4463 2875 4496 ι
2918 4443 3016 4498 His
3049 4442 3245 4496 adﬁnia
3289 4451 3414 4496 sunt

162 4552 362 4608 ἑαυτοῦ
393 4553 722 4618 ἀποστόλους
755 4552 1148 4622 ἐπαγγέλλεται
1177 4550 1525 4605 ἀποστέλλειν
1560 4550 1653 4604 ἐπὶ
1679 4549 1747 4604 τὰ

162 4646 424 4719 ἀλλότρια
450 4645 545 4699 τοῦ
598 4644 815 4718 Ἰσραὴλ
839 4644 967 4715 ἔθνη
1000 4644 1069 4698 τά
1108 4642 1445 4717 πορρωτάτω
1473 4642 1571 4713 τῆς
1616 4641 1744 4695 ’1ου-

162 4739 341 4803 δαίας.

237 4849 260 4882 ι
298 4830 412 4883 Kal
442 4827 629 4894 ἀξουσι
660 4829 784 4891 τοὺς
815 4825 1076 4894 ἀδελφοὺς
1106 4825 1258 4896 ὑμῶν
1290 4824 1357 4877 ὲκ
1384 4823 1602 4877 πάντων
1633 4820 1742 4875 τῶν

163 4920 359 4984 ἐθνῶν,
389 4918 562 4991 δῶρον
599 4918 808 4990 Κυρίῳ.
844 4937 863 4970 ι
899 4916 1151 4981 Ἀξουσιν
1175 4915 1393 4979 αὐτοὺς,
1432 4914 1584 4977 τέλος
1614 4914 1747 4982 ἁγα-

165 5012 256 5068 ⁴ἓὺν
300 5011 487 5074 αὐτοῖς
517 5008 676 5064 τοῦτο
719 5007 1241 5079 παραχωρήσαντες,
1286 5007 1375 5060 ὅτε
1420 5007 1514 5059 καὶ
1548 5003 1748 5074 ἀναλη-

166 5105 467 5176 φθὴσονται
517 5100 719 5172 ὁμοίως
762 5099 839 5171 τῷ
896 5097 1051 5169 Ἠλίᾳ
1091 5098 1178 5167 ἐφ’
1229 5098 1434 5170 ἅρματι
1473 5093 1749 5165 ἀγγελικῷ

164 5195 475 5267 ὀχούμενοι,
507 5191 682 5261 φωτὸς
728 5190 1046 5263 ἐπουρανίου
1082 5188 1614 5262 περιαστράπτοντος
1645 5186 1746 5240 αὑ-

164 5288 310 5352 τούς.
343 5306 364 5338 t
402 5285 539 5340 Μεθ’
569 5285 749 5338 ἵππων
774 5284 870 5337 καὶ
891 5283 1153 5355 ἁρμάτων
1178 5282 1236 5334 ὲν
1255 5280 1563 5352 λαμπήναις
1598 5279 1751 5350 ἡμιό-

164 5397 288 5441 νων.
320 5377 463 5450 μετὰ
488 5376 742 5431 σκιαδίων
767 5377 848 5439 είς
866 5376 965 5446 τὴν
990 5374 1152 5445 ἀγίαν
1177 5372 1331 5426 πόλιν
1369 5371 1744 5445 Ἰερουσαλὴμ,

164 5467 285 5525 εἷπε
324 5468 551 5540 Κύριος.
592 5488 612 5519 ι
655 5468 889 5539 Νοήσεις
923 5465 983 5520 δὲ
1014 5467 1141 5529 τοὺς
1172 5465 1373 5529 ἵππους
1406 5464 1502 5518 καὶ
1543 5461 1613 5517 τὰ
1649 5463 1749 5535 ἆρ-

171 5577 313 5631 ματα
341 5558 629 5629 smnus,
668 5557 967 5627 ἐπιστήσας
1000 5555 1095 5609 τοῦ
1131 5555 1401 5627 Ζαχαοίου
1427 5555 1493 5626 τῇ
1538 5569 1747 5625 προφη-

239 5742 283 5775 ³⁸
310 5740 467 5796 Rom.
506 5756 568 5802 η,
596 5741 650 5794 5.

489 5838 763 5898 Parum.
796 5836 913 5897 (in.
954 5836 1005 5896 Χ
1020 5836 1102 5896 XI
1116 5836 1154 5894 ν
1169 5876 1188 5897 .

1851 4546 2131 4616 prannissa
2164 4545 2352 4605 verba,
2386 4539 2539 4610 queis
2570 4536 2841 4609 apostolos
2871 4548 2998 4589 suos
3036 4532 3106 4587 ad
3131 4542 3418 4585 extraneas

1850 4637 2029 4692 lsraeli
2070 4643 2276 4706 gentes,
2308 4641 2361 4687 et
2389 4649 2419 4686 a
2450 4629 2633 4685 Judaaa
2673 4625 3086 4690 remotissimas,
3119 4623 3414 4678 missurum

1851 4744 1911 4784 se
1945 4727 2252 4797 pollicetur.

1922 4821 2085 4874 \‘sns.
2115 4819 2204 4873 9.0.
2237 4835 2256 4866 ι
2291 4817 2356 4870 Ει
2386 4813 2654 4868 adducent
2695 4809 2888 4864 fratres
2913 4815 3125 4861 vestros
3155 4818 3223 4859 ex
3247 4803 3417 4858 omni-

1849 4912 1949 4967 bus
1975 4911 2245 4983 gentibus,
2280 4909 2478 4961 donum
2524 4903 2772 4959 Domino.
2801 4919 2820 4952 ι
2852 4899 3135 4954 Adducent
3159 4909 3253 4950 eos
3273 4895 3418 4948 hunc

1848 5002 1980 5071 ipsis
2017 5004 2212 5055 bonum
2238 4999 2397 5051 linem
2428 5003 2800 5065 procurantes,
2825 4989 3040 5059 quando
3053 4992 3415 5043 assumantur,

1847 5092 2072 5163 perinde
2101 5100 2266 5161 atque
2300 5087 2482 5144 Helias
2518 5101 2684 5140 curru
2725 5082 2972 5153 angelico
3014 5077 3178 5141 vecti,
3206 5072 3415 5130 cmlesti

1850 5184 2053 5238 lumine
2082 5182 2212 5250 ipsis
2251 5176 2721 5245 circumfulgente.
2761 5192 2782 5227 ι
2828 5170 2964 5227 Cum
3010 5167 3167 5237 equis
3194 5175 3251 5220 et
3290 5177 3415 5217 cur-

1851 5275 2018 5337 ribus,
2053 5273 2107 5326 in
2155 5269 2420 5338 lampenis
2457 5269 2767 5329 mulorum,
2806 5278 2931 5320 cum
2984 5256 3319 5315 umbraculis
3360 5256 3415 5309 in

1852 5365 2124 5419 civitatem
2181 5369 2424 5415 sanctam
2473 5357 2813 5421 Jerusalem,
2874 5352 3012 5406 dixit
3066 5348 3345 5404 Dominus.
3389 5363 3412 5401 ι

1854 5458 2037 5526 Equos
2076 5463 2131 5511 et
2169 5453 2449 5523 angelicas
2484 5451 2683 5506 rbedas
2715 5446 3002 5518 intelliges,
3055 5441 3100 5498 si
3140 5436 3421 5494 Zacharias

1852 5547 2152 5621 prOpbetize
2176 5545 2417 5600 animum
2453 5541 2714 5614 applices,
2743 5538 2832 5596 ubi
2870 5548 3041 5607 equos
3067 5530 3304 5598 veloces,
3324 5542 3421 5585 va-

3026 5809 3095 5871 1'1
