3880 6216
420 279 530 336 535

1097 280 1366 337 EUSEBll
1404 280 1884 338 CESARIENSJS
1921 281 2070 338 OPP.
2111 279 2291 336 PARS
2327 280 2416 336 Ill.
2455 311 2526 324 --
2563 280 2973 339 EXEGETICA.

3584 285 3686 339 52‘

421 409 534 464 rios
559 415 616 464 et
645 405 816 473 albos,
854 419 918 462 ac
941 421 1152 486 purrus
1198 407 1414 478 aliquos
1443 407 1786 473 describens,
1824 422 1989 478 ange-

2096 405 2235 478 τείᾳ,
2277 406 2407 477 παρ’
2440 398 2484 472 ᾧ
2516 405 2716 467 ἵππους
2741 403 2953 474 ψαροὺς
2992 403 3084 457 καὶ
3117 405 3394 468 ποικίλους
3425 404 3521 459 καὶ
3563 404 3687 458 λευ-

421 499 556 555 licas
586 500 815 555 virtutes
849 498 1254 554 subindicabat.
1303 498 1596 569 Lampenae
1623 509 1801 554 autem
1833 499 2006 554 mulo-

422 607 540 646 rum
575 591 828 647 videntur
857 590 1170 662 signiﬁcare
1200 606 1438 660 corpora
1472 592 1842 662 resurgentia,
1883 591 2002 661 qui-

419 683 522 738 bus
572 692 739 739 vecta:
786 683 980 737 animae
1041 683 1095 736 in
1160 682 1438 738 ctelestem
1510 683 1787 738 civitatem
1849 697 2004 737 assu-

422 785 664 830 mentur.
696 774 739 829 Ε
781 789 841 830 re
871 779 1050 829 autem
1092 775 1294 830 dicitur
1337 775 1624 846 lampente,
1662 776 1778 832 sive
1827 775 2003 848 fulgo-

374 877 376 880 '
423 882 534 933 res,
559 868 629 922 ob
663 867 958 939 fulgentem
991 868 1125 938 ipsis
1155 867 1405 939 gloriam.

493 1047 661 1104 Vens.
689 1049 781 1104 ει.
820 1067 839 1101 ι
879 1048 950 1106 Ut
987 1047 1222 1105 oﬂ'erant
1251 1049 1347 1106 lilii
1392 1050 1562 1108 Israel
1585 1052 1836 1108 victimas
1875 1069 2002 1110 suas

423 1141 554 1196 mihi
594 1157 714 1196 cum
759 1142 1018 1210 psalmis:
1082 1153 1138 1196 et
1198 1159 1264 1198 ex
1314 1142 1394 1198 eis
1435 1159 1646 1200 sumam
1690 1147 2002 1203 sacerdotes

421 1243 475 1288 et
513 1232 754 1300 Levitas,
809 1235 946 1289 dixit
980 1235 1259 1292 Dominus.
1298 1255 1318 1289 ι
1366 1235 1432 1292 Ut
1476 1237 1659 1306 itaque
1705 1242 2000 1294 secundum

421 1339 738 1396 corpoream
773 1325 946 1396 legem
999 1326 1053 1381 in
1103 1334 1322 1382 terrena
1375 1325 1680 1384 Jerusalem
1731 1330 1846 1384 bzec
1876 1345 2000 1401 age-

422 1417 553 1469 bant
588 1419 680 1486 qui
727 1417 931 1472 cultum
983 1417 1408 1488 persolvebant;
1459 1421 1652 1476 eodem
1710 1421 1874 1476 modo
1914 1435 2001 1476 se-

417 1509 654 1563 cundum
688 1517 965 1564 terrenum
996 1510 1126 1564 illud
1155 1512 1484 1582 exemplum,
1514 1513 1603 1583 qui
1635 1513 1689 1568 in
1719 1513 1997 1568 caelestem

418 1597 815 1671 Jerosolymam
845 1605 1157 1664 ascendent,
1191 1619 1314 1658 cum
1351 1605 1585 1675 propriis
1613 1603 1880 1661 fructibus
1908 1621 1999 1661 ve-

424 1692 592 1757 nient,
627 1707 762 1762 quos
789 1693 988 1762 singuli
1019 1710 1088 1749 ex
1138 1694 1438 1752 fructiferis
1472 1696 1762 1753 virtutibus
1809 1710 1868 1753 ut
1903 1699 1999 1754 do-

423 1799 550 1839 num
579 1794 635 1840 et
662 1801 857 1840 munus
901 1787 953 1842 in
996 1773 1177 1842 anima
1217 1789 1476 1844 referent.

497 1893 660 1949 Vens.
690 1893 781 1951 22.
824 1913 843 1947 ι
880 1895 1034 1950 Sicut
1075 1897 1218 1951 enim
1252 1897 1450 1952 ccelum
1501 1913 1700 1954 novum
1747 1907 1802 1954 et
1847 1911 1994 1956 terra

420 2002 579 2051 nova,
614 2002 736 2056 qua:
758 2001 857 2055 ego
886 1986 1048 2050 facio,
1083 1999 1401 2058 permanent
1431 1990 1482 2042 in
1516 1999 1809 2058 conspectu
1851 2006 1993 2057 meo,

421 2078 553 2133 dicit
590 2078 846 2132 Dominus
880 2096 894 2146 ;
930 2078 1009 2134 sic
1037 2081 1204 2133 stabit
1231 2095 1414 2135 semen
1449 2091 1686 2136 vestrum
1713 2091 1767 2137 et
1796 2098 1994 2138 nomen

419 2181 682 2225 vestrum.
718 2189 737 2222 ι
767 2168 903 2224 Nam
927 2171 976 2226 si
1011 2186 1212 2226 novum
1240 2172 1462 2239 caelum,
1493 2183 1549 2228 et
1576 2188 1712 2228 nova
1743 2183 1910 2239 terra,
1941 2184 1996 2228 et.

418 2260 718 2316 Jerusalem
770 2277 908 2318 nova
957 2273 1079 2327 e3t;
1133 2274 1535 2334 consequenter
1574 2267 1888 2321 sacerdotes
1939 2277 1994 2322 et

417 2350 620 2406 Levila:
651 2352 775 2407 novi
819 2362 1000 2419 erunt,
1042 2368 1212 2424 quare
1239 2356 1486 2424 superius
1522 2356 1737 2411 dicebat
1767 2373 1782 2412 :
1819 2375 1838 2408 ι
1876 2356 1992 2412 Νοη

423 2445 850 2500 recordabuntur
876 2447 1141 2514 priorum,
1174 2456 1230 2501 et
1261 2461 1368 2501 non
1403 2449 1662 2503 ascendet
1707 2449 1758 2502 in
1786 2465 1883 2506 cor
1909 2465 1994 2505 eo-

420 2551 566 2592 rum.
598 2555 618 2590 s
654 2536 835 2592 Prima
867 2537 1049 2606 itaque
1077 2553 1185 2591 non
1217 2539 1591 2613 permanentia
1629 2550 1822 2606 erant,
1866 2557 1996 2612 qua-

417 2638 640 2699 prOpter
667 2629 869 2685 dictum
895 2637 997 2692 est,
1036 2644 1055 2678 ι
1085 2627 1292 2683 Caelum
1319 2639 1376 2683 et
1421 2638 1562 2684 terra
1591 2633 1931 2700 transibunt;
1967 2652 1986 2686 ›

362 2722 383 2736 ’
418 2734 484 2776 ac
525 2734 773 2786 rursum,
826 2739 844 2772 ι
892 2719 1193 2774 Plicahitur
1237 2719 1432 2784 coelum
1471 2731 1530 2775 ut
1570 2722 1730 2787 liber,
1781 2733 1836 2778 et
1869 2739 1992 2777 cor-

417 2814 670 2883 ruptione
706 2823 1089 2882 corrumpetur
1134 2822 1300 2869 terra.
1352 2831 1372 2865 ι
1406 2812 1596 2868 Futuri
1635 2829 1762 2870 vero
1803 2815 1988 2871 saeculi

417 2904 675 2973 primitiae
718 2904 1009 2970 ChriSIus-;
1037 2905 1232 2960 deinde
1259 2903 1350 2974 qui
1383 2905 1589 2961 Christi
1637 2915 1764 2961 sunt
1793 2907 1848 2961 in
1895 2908 1992 2962 ad-

418 3004 584 3052 ventu
627 2995 764 3065 ejus.

489 3086 654 3141 Vens.
682 3087 776 3140 23.
814 3103 833 3138 ι
873 3085 937 3140 Ει
963 3086 1068 3141 erit
1104 3085 1308 3142 mensis
1351 3101 1420 3142 ex
1456 3103 1664 3153 mense,
1703 3098 1760 3145 et
1795 3091 1988 3147 sabba-
2015 3109 2058 3168 ο

2105 498 2234 561 κοὺς
2263 498 2356 551 καὶ
2386 496 2610 570 ἅρματά
2645 514 2767 549 τινα
2795 495 3098 567 διαγράψας
3125 497 3153 548 ό
3180 495 3358 565 λόγος,
3387 497 3687 566 ἀγγελικάς

2103 591 2346 661 ᾐνίττετο
2377 589 2653 660 δυνάμεις.
2695 590 2993 660 Λαμπῆναι
3035 589 3092 642 δὲ
3130 589 3370 658 ἡμιόνων
3399 589 3687 660 σημαίνειν

2103 681 2401 735 ἐοίκασιτά
2428 681 2526 751 τῆς
2553 681 2904 744 ἀναστάσεως
2931 679 3180 751 σώματα,
3211 676 3291 744 οἷς
3319 681 3686 752 ἐποχούμεναι

2102 776 2158 828 αί
2191 775 2360 844 ψυχαὶ
2399 777 2477 837 εἰς
2518 773 2616 844 τὴν
2647 773 2970 844 ἐπουράνιον
3011 773 3479 845 ἀναληφθήσονται
3508 774 3683 827 πόλιν.

2102 863 2176 920 Εὖ
2207 867 2264 920 δέ
2289 867 2503 938 εἴρηται
2526 865 2806 936 λαμπῆναι
2836 865 2924 918 διὰ
2950 867 3049 938 τὴν
3087 865 3475 937 ἐκλάμπουσαν
3501 867 3687 932 αὐτοῖς

2101 959 2280 1025 δόξαν.

2175 1071 2194 1102 ι
2239 1051 2326 1115 Ὠς
2354 1050 2746 1119 ἀνενέγκαισαν
2773 1052 2820 1102 οἱ
2847 1050 2955 1104 υἱοὶ
2991 1049 3206 1121 Ἰσραὴλ
3236 1051 3335 1114 τὰς
3362 1050 3558 1115 θυσίας
3589 1051 3688 1104 αὑ-

2099 1144 2208 1198 τῶν
2262 1144 2386 1216 ἐμοὶ
2435 1143 2574 1214 μετά
2615 1142 2882 1214 ψαλμῶν·
2929 1144 3024 1196 καὶ
3071 1145 3167 1196 ἀπ’
3211 1143 3391 1196 αὐτῶν
3437 1144 3686 1214 λήψομαι

2105 1237 2268 1307 ἱερεῖς
2297 1237 2391 1290 καὶ
2419 1237 2672 1301 Λευίτας,
2706 1230 2828 1288 εἷπε
2860 1235 3083 1306 Κύριος.
3126 1254 3145 1287 ι
3181 1236 3394 1306 ’Ὠσπερ
3419 1231 3513 1289 οὖν
3559 1236 3683 1289 τότε

2101 1330 2242 1382 κατὰ
2269 1329 2361 1382 τὸν
2391 1327 2702 1400 σωματικὸν
2740 1329 2902 1398 νόμον
2943 1328 3037 1380 ἐπὶ⁵
3076 1329 3177 1398 τῆς
3209 1329 3451 1397 ἐπιγείου
3491 1330 3687 1402 Ἱερου⁹

2103 1420 2282 1490 σαλὴμ
2305 1419 2455 1473 ταῦτ’
2487 1419 2753 1491 ἔπραττον
2782 1423 2830 1472 οί
2862 1421 2961 1492 τὴν
2995 1421 3252 1492 λατρείαν
3281 1421 3680 1484 ἐπιτελοῦντες

2099 1513 2188 1566 τὸν
2217 1513 2376 1566 αὐτὸν
2400 1511 2598 1584 τρόπον
2628 1511 2768 1565 κατά
2803 1512 2862 1565 τὸ
2889 1513 2980 1564 ἐπί
3015 1513 3120 1582 γῆς
3148 1513 3496 1584 παράδειγμα
3525 1516 3574 1568 οἱ
3603 1517 3687 1577 εἰς

2098 1607 2197 1679 τὴν
2229 1606 2477 1674 οὐράνιον
2525 1604 2883 1678 Ἰερουσαλὴμ
2927 1605 3170 1669 ἀνιόντες
3208 1605 3396 1674 ἥξουσι
3445 1608 3566 1676 μετ’
3605 1606 3688 1658 ol-

2100 1697 2264 1751 κείων
2306 1697 2556 1770 καρπῶν,
2589 1691 2664 1750 ὧν
2713 1697 2942 1758 ἕκαστος
2982 1698 3038 1749 ἐν
3079 1695 3222 1766 ψυχῇ
3260 1695 3688 1768 μετακομίζεται

2030 1761 2072 1815 Β
2100 1789 2286 1863 δώρων
2436 1761 2549 1843 τῶν
2570 1788 2780 1860 ἀρετῶν
2811 1790 2875 1841 ἐκ
2902 1761 3298 1860 καρποίρορίας.

2175 1899 2194 1930 ι
2236 1881 2332 1932 Ὃν
2359 1879 2559 1950 τρόπον
2588 1880 2697 1951 γὰρ
2719 1881 2746 1933 ὁ
2772 1877 3000 1948 οὐρανὸς
3035 1879 3219 1941 καινὸς
3249 1877 3343 1930 καὶ
3379 1879 3412 1948 ή
3453 1877 3524 1947 γῆ
3556 1893 3684 1930 και-

2095 1970 2186 2041 νὴ,
2221 1969 2258 2024 ἃ
2285 1969 2396 2039 ἐγὼ
2427 1969 2592 2032 ποιῶ,
2637 1970 2788 2040 μένει
2810 1969 3038 2023 ἐνώπιον
3078 1968 3235 2040 ἐμοῦ,
3265 1968 3412 2037 λέγει
3433 1968 3638 2039 Κύριος
3666 1985 3682 1999 ο

2096 2063 2239 2116 οὕτω
2261 2063 2512 2134 στήσεται
2535 2061 2598 2114 τὸ
2631 2061 2852 2132 σπέρμα
2872 2062 3026 2132 ὑμῶν
3055 2063 3149 2114 καὶ
3179 2060 3239 2112 τὸ
3266 2061 3436 2130 ὄνομα
3469 2059 3683 2130 ὑμῶν.)

2097 2157 2161 2210 Εἰ
2185 2155 2293 2227 γὰρ
2315 2155 2541 2227 οὐρανὸς
2569 2155 2753 2216 καινός
2789 2157 2906 2207 ἐστι
2934 2155 3031 2208 καὶ
3063 2156 3096 2226 ὴ
3125 2155 3199 2225 γῆ
3227 2153 3406 2220 καινή,
3449 2153 3546 2206 καὶ
3588 2154 3688 2205 Ἰε-

2101 2249 2380 2320 ρουσαλὴμ
2413 2248 2592 2320 καινὴ,
2643 2249 2934 2302 ἀκόλουθον
2966 2249 3033 2301 ἂν
3077 2246 3161 2317 εἴη
3218 2247 3311 2299 καὶ
3358 2247 3483 2307 τοὺς
3517 2246 3690 2315 ἱερεῖς

2096 2343 2192 2394 καὶ
2219 2342 2452 2404 Λευίτας
2486 2342 2704 2405 καινοὺς
2731 2340 2946 2394 ἔσεσθαι
2970 2357 2984 2370 ·
3015 2339 3095 2393 διὸ
3123 2340 3216 2393 καὶ
3251 2341 3308 2391 ἐν
3331 2341 3442 2401 τοῖς
3472 2337 3689 2408 ἐμπρο-

2097 2434 2221 2489 σθεν
2255 2433 2406 2503 ἔλεγε
2431 2450 2445 2464 ο
2489 2453 2508 2484 ‹
2556 2435 2630 2488 Οὐ
2671 2433 2951 2504 μνησθῶσι
2993 2433 3101 2486 τῶν
3125 2433 3426 2502 προτέρων,
3459 2432 3556 2483 καὶ
3581 2431 3689 2484 οὑκ

2095 2527 2424 2598 ἀναϐήσεται
2477 2526 2656 2581 αὐτῶν
2680 2527 2788 2580 ’ἐπὶ
2819 2528 2919 2598 τὴν
2955 2525 3199 2597 καρδίαν.
3237 2543 3255 2575 ›
3293 2524 3373 2576 Τὰ
3433 2524 3533 2594 μὲν
3590 2520 3688 2577 οὖν

2096 2619 2290 2690 πρῶτα
2313 2619 2373 2672 οὐ
2406 2619 2635 2689 μένοντα
2658 2613 2760 2689 ἦν’
2800 2617 2880 2670 διὸ
2935 2617 3152 2685 ἐλέγετο
3175 2633 3188 2646 ·
3228 2635 3246 2666 ι
3288 2616 3529 2686 Οὐρανὸς
3590 2615 3688 2670 καὶ

2094 2712 2128 2781 ὴ
2156 2711 2226 2780 γῆ
2251 2709 2677 2781 παρελεύσονται
2701 2726 2715 2739 ο
2756 2728 2774 2760 ι
2811 2709 2906 2762 καὶ
2937 2707 3132 2762 πάλιν·
3167 2727 3185 2756 σ
3221 2706 3570 2777 Εἱλιγήσεται
3595 2706 3692 2758 of:-

2095 2801 2258 2874 ρανὸς
2280 2802 2356 2865 ὡς
2383 2800 2606 2871 βιϐλίον,
2642 2801 2736 2855 καὶ
2767 2801 2942 2872 φθορᾷ
2973 2799 3310 2886 φθαρήσεται
3334 2801 3367 2868 ή
3401 2799 3495 2868 γῆ.
3524 2817 3544 2848 ι
3574 2797 3689 2850 Τοῦ

2091 2894 2150 2947 δέ
2183 2893 2466 2963 μέλλοντος
2493 2892 2688 2954 αἰῶνος
2719 2892 2939 2963 ἀπαρχὴ
2975 2889 3212 2962 Χριστός
3233 2905 3249 2920 ο
3282 2888 3473 2942 ἔπειτα
3503 2890 3554 2942 οἱ
3587 2889 3690 2943 τοῦ

2092 2985 2329 3056 Χριστοῦ
2358 2985 2414 3036 ἐν
2451 2987 2515 3056 τῇ
2543 2983 2817 3056 παρουσίᾳ
2843 2982 3032 3036 αὑτοῦ.

2169 3094 2188 3127 ι
2221 3076 2330 3128 Καὶ
2353 3074 2505 3128 ἔσται
2531 3074 2636 3146 μὴν
2674 3075 2736 3127 ἐκ
2767 3073 2956 3145 μηνὸς,
2989 3073 3084 3126 καὶ
3117 3072 3385 3127 σάϐϐατον
3435 3072 3502 3125 ἐκ
3551 3071 3689 3125 σαϐ-

417 3172 533 3233 tum
575 3193 640 3232 ex
678 3177 926 3236 sabbato.
961 3177 1153 3233 Veniet
1183 3180 1360 3235 omnis
1393 3195 1522 3236 caro
1553 3181 1622 3236 ad
1653 3181 1988 3236 adorandum

2096 3166 2278 3221 ϐάτου.
2306 3165 2463 3230 ’Ἥξει
2507 3166 2658 3218 πᾶσα
2689 3164 2828 3236 σὰρξ
2879 3163 2974 3217 τοῦ
3032 3165 3407 3236 προσκυνῆσαι
3447 3162 3692 3217 ἐνώπιον

419 3271 472 3324 in
515 3280 810 3338 conspectu
855 3285 975 3327 meo
1020 3274 1072 3326 in
1117 3272 1439 3335 Jerusalem,
1479 3273 1610 3328 dicit
1651 3271 1934 3327 Dominus.
1963 3292 1983 3326 ι

420 3360 717 3416 Sabbatam
783 3369 963 3415 autem
1014 3360 1215 3416 Christi
1267 3360 1606 3424 intelligendi
1659 3375 1810 3415 more
1862 3375 1993 3415 con-

414 3461 674 3520 gruenter
713 3451 952 3520 accipias
993 3467 1092 3521 pro
1127 3452 1574 3507 solemnitatibus
1631 3452 1685 3506 in
1728 3451 1866 3507 cmlo
1901 3467 1992 3507 ce-

417 3541 661 3606 lebratis,
710 3552 765 3597 et
810 3558 908 3613 pro
947 3544 1090 3599 veris
1137 3543 1248 3600 illic
1300 3545 1540 3600 sabbatis
1586 3543 1640 3599 in
1689 3545 1987 3610 mensibus,

415 3644 474 3689 ut
512 3635 586 3689 ibi
630 3651 728 3690 usu
759 3636 1009 3700 veniunt,
1048 3637 1410 3692 celebrandis.
1467 3636 1541 3690 De
1577 3636 1772 3707 quibus
1817 3637 1987 3705 proli-

415 3741 516 3782 xus
560 3735 614 3782 et
652 3728 922 3797 explicatu
955 3726 1185 3784 difﬁcilis
1223 3743 1404 3784 sermo
1429 3728 1796 3783 instituendus
1821 3736 1985 3793 esset,

415 3820 508 3889 qui
547 3819 709 3890 longo
747 3821 858 3875 otio
889 3830 942 3876 et
972 3821 1194 3891 proprio
1219 3831 1538 3892 argumento
1575 3836 1710 3892 opus
1740 3821 1984 3875 haberet.

417 3909 652 3966 Carnem
691 3919 872 3964 autem
909 3925 1124 3964 omnem
1181 3920 1342 3966 vocat
1397 3925 1586 3965 omnes
1635 3919 1859 3980 gentes;
1913 3910 1986 3964 ita

415 4001 558 4055 enim
605 4000 856 4069 superius
904 4001 1211 4065 dicebatur,
1256 4019 1276 4053 ι
1325 3998 1543 4056 Videbit
1593 4011 1773 4055 autem
1809 4002 1986 4057 omnis

414 4106 546 4148 caro
580 4091 828 4147 Salutare
860 4092 952 4147 Dei
979 4107 994 4153 ;
1024 4101 1074 4146 et
1107 4091 1270 4158 alibi,
1311 4109 1329 4142 ι
1362 4089 1645 4146 Ellundam
1680 4093 1745 4146 de
1780 4090 1984 4161 Spiritu

411 4195 536 4238 meo
564 4196 726 4252 super
757 4196 970 4237 omnem
999 4196 1239 4246 carnem,
1292 4191 1345 4236 et
1373 4182 1780 4252 prophetabunt
1808 4183 1858 4236 in
1890 4181 1982 4237 Je-

413 4274 674 4329 rusalem.
737 4291 757 4326 ι
807 4272 1092 4328 ϐωιοειοιη
1159 4273 1360 4329 indicat
1405 4273 1838 4346 Jerosolymam,
1889 4277 1980 4331 ubi

415 4363 715 4420 Salvatoris
753 4362 935 4442 nostri.
962 4377 1182 4432 regnum
1222 4365 1504 4419 consistet.

2091 3259 2228 3331 ἐμοῦ
2263 3261 2320 3312 ἐν
2357 3258 2725 3330 Ἰερουσαλὴμ,
2759 3253 2880 3310 εἶπε
2903 3256 3128 3328 Κύριος.
3164 3276 3182 3308 ›
3211 3257 3283 3309 Τὸ
3325 3256 3382 3309 δὲ
3409 3256 3692 3321 σάϐϐατον

2090 3349 2326 3422 Χριστοῦ
2356 3350 2647 3402 ἀκόλουθόν
2679 3350 2796 3401 ἐστι
2840 3348 2982 3402 κατὰ
3031 3348 3268 3401 διάνοιὰν
3312 3347 3692 3417 ἐκλαμϐάνειν

2088 3441 2189 3505 τὰς
2221 3443 2278 3495 ἐν
2309 3440 2524 3513 οὐρανῷ
2559 3439 2752 3514 ἑορτὰς
2777 3440 2871 3493 καὶ
2902 3439 2973 3493 τά
3017 3440 3197 3492 ἐκεῖσε
3256 3438 3500 3493 σάϐϐατα
3548 3439 3692 3509 ἀλη-

2093 3532 2214 3586 θινὰ
2246 3534 2339 3586 ἐπί
2369 3534 2495 3596 τοὺς
2527 3534 2700 3604 μῆνας
2719 3533 2846 3596 τοὺς
2873 3533 3006 3585 ἐκεῖ.
3042 3531 3179 3601 Περὶ
3223 3524 3298 3584 ὧν
3333 3530 3501 3592 πολὺς
3531 3530 3562 3582 ὁ
3596 3530 3692 3584 λό-

2091 3639 2185 3692 γος
2218 3624 2312 3677 καὶ
2341 3623 2791 3696 δυσερμήνευτος,
2817 3623 3010 3694 σχολῆς
3031 3639 3090 3676 τε
3124 3624 3339 3693 μακρᾶς
3355 3623 3450 3675 καὶ
3472 3621 3690 3686 οἰκείας

2089 3715 2399 3779 ὑποθέσεως
2423 3715 2692 3787 δεόμενος.
2725 3716 2913 3786 Σάρκα
2937 3715 2996 3767 δέ
3023 3716 3202 3768 πᾶσαν
3227 3713 3376 3782 λέγει
3404 3713 3584 3766 πάντα
3615 3715 3690 3768 τὰ

2088 3808 2213 3880 ἔθνη
2247 3806 2434 3860 τοῦτον
2488 3807 2769 3878 ὀνομάζων
2809 3806 2902 3859 τὸν
2944 3806 3176 3877 τρόπον’
3213 3805 3355 3858 οὓτω
3385 3804 3520 3873 γοῦν
3559 3805 3687 3860 ἐλέ-

2086 3916 2214 3968 γετο
2253 3899 2348 3953 καὶ
2392 3898 2480 3953 διὰ
2511 3900 2620 3954 τῶν
2669 3898 2978 3970 ἔμπροσθεν
3004 3914 3018 3928 ·
3058 3917 3096 3949 ’1
3138 3897 3366 3968 Ὄψεται
3415 3897 3472 3950 δὲ
3527 3899 3690 3951 πᾶσα

2088 3991 2226 4064 σάρξ
2270 3992 2331 4046 τὸ
2366 3993 2640 4064 Σωτήριον
2669 3991 2761 4045 τοῦ
2790 3990 2956 4044 Θεοῦ’
2995 4010 3013 4042 ι
3047 3991 3140 4044 καὶ
3170 3989 3438 4060 ἀλλαχοῦ·
3481 4008 3501 4040 ι
3550 3991 3685 4043 Ἐκ-

2086 4084 2196 4155 χεῶ
2227 4085 2335 4138 ἀπὸ
2368 4084 2459 4138 τοῦ
2488 4083 2804 4154 Πνεύματός
2846 4100 2946 4154 μου
2974 4084 3067 4136 ἐπὶ
3113 4085 3292 4141 πᾶσαν
3330 4084 3533 4154 σάρκα,
3585 4087 3689 4137 καὶ

2085 4177 2555 4250 προφητεύσουσιν
2599 4179 2656 4230 ἐν
2713 4175 3094 4246 Ἰερουσαλήμ,
3131 4195 3150 4228 ι
3185 4177 3296 4248 Τὴν
3349 4175 3688 4247 ἐπουράνιον

2086 4271 2340 4342 σημαίνει
2378 4270 2754 4342 Ἰερουσαλὴμ,
2782 4268 2912 4323 ἔνθα
2935 4270 3316 4340 συστήσεταιή
3359 4267 3453 4321 τοῦ
3488 4269 3691 4339 Σωτῆ-

2087 4379 2177 4434 ρος
2198 4364 2353 4434 ήμῶν
2383 4363 2649 4433 βασιλεία.

483 4456 651 4511 Vsus.
686 4455 778 4510 24.
820 4472 839 4506 ι
887 4453 954 4509 Et
983 4454 1211 4510 exibunt
1240 4463 1295 4510 et
1331 4455 1586 4510 videbunt
1621 4456 1859 4530 membra
1888 4457 1984 4511 ho-

2157 4475 2176 4507 ‹
2232 4456 2342 4509 Καὶ
2393 4455 2764 4522 ἐξελεύσονται
2826 4458 2921 4511 κα)⁸
2973 4458 3194 4522 ὄψονται
3243 4454 3313 4508 τά
3354 4453 3506 4508 κῶλα
3561 4454 3686 4508 τῶν

411 4549 638 4616 minum,
673 4547 764 4618 qui
799 4548 1139 4618 praevaricati
1187 4558 1313 4602 sunt
1352 4548 1408 4602 in
1443 4562 1550 4602 me.
1580 4546 1791 4602 Verulis
1829 4549 1974 4603 enim

408 4655 596 4696 eorum
625 4655 730 4694 non
762 4632 1044 4706 morietur,
1072 4648 1127 4694 et
1153 4639 1292 4709 ignis
1318 4653 1502 4693 eorum
1531 4625 1637 4693 non
1666 4639 1978 4710 exSIingue-

409 4741 522 4796 tur,
559 4740 615 4787 et
646 4741 809 4786 erunt
837 4732 890 4786 in
915 4739 1263 4800 conspectum
1299 4731 1445 4784 omni
1474 4731 1648 4785 carni.
1683 4753 1702 4783 ι
1735 4730 1966 4797 Quinam

409 4822 464 4878 hi
495 4830 676 4878 essent
701 4821 858 4876 initio
887 4821 1185 4891 prophetia:
1207 4821 1344 4874 dixit
1377 4820 1462 4875 his
1490 4820 1707 4876 verbis:
1747 4840 1766 4872 ‹
1808 4819 1974 4876 Filios

408 4918 604 4987 genui,
649 4924 705 4971 et
750 4915 1028 4971 exaltavi:
1064 4915 1165 4980 ipsi
1213 4924 1394 4968 autem
1439 4923 1761 4984 spreverunt
1807 4929 1910 4968 me.
1950 4933 1968 4966 ι

407 5007 504 5062 llis
530 5021 660 5076 ergo
698 5006 1005 5062 subindicat
1037 5005 1157 5059 illos
1196 5019 1262 5060 ex
1288 5003 1509 5070 Judacis,
1541 5005 1631 5075 qui
1668 5005 1965 5060 salutarem

405 5099 637 5168 gratiam
679 5097 1054 5166 repudiarunt.
1096 5095 1250 5150 Hunc
1301 5096 1590 5165 impiorum
1641 5110 1764 5150 esse
1815 5097 1974 5151 linem

405 5189 593 5244 deﬁnit
623 5187 872 5243 Salvator
907 5198 1091 5243 noster
1138 5189 1189 5244 iu
1233 5189 1558 5260 Evangeliis,
1591 5203 1687 5243 eos
1723 5189 1813 5258 qui
1844 5204 1873 5242 a
1903 5189 1978 5243 si-

405 5282 591 5338 nistris
621 5281 739 5352 ejus
787 5281 1012 5336 stabunt
1059 5283 1138 5335 sic
1184 5281 1503 5350 alloquens:
1537 5300 1555 5333 ι
1603 5280 1875 5336 Discedite
1918 5281 1970 5334 in

401 5373 580 5444 ignem
605 5385 894 5441 aeternum,
913 5387 1158 5446 paratum
1183 5375 1399 5429 diabolo
1416 5385 1468 5429 et
1484 5375 1686 5444 angelis
1710 5374 1828 5444 ejus
1845 5373 1910 5426 ⁸⁸.
1945 5391 1965 5424 ι

403 5465 869 5530 Quemadmodum
899 5466 1066 5536 igitur
1096 5466 1170 5521 ibi
1203 5475 1440 5521 mternus
1471 5466 1671 5520 dicitur
1700 5465 1858 5536 ignis,
1890 5466 1972 5520 sic

402 5564 455 5608 et
482 5556 582 5612 hoc
609 5557 730 5613 loco
765 5576 784 5610 ι
809 5558 1268 5630 inexstinguibilis
1293 5558 1510 5624 dicitur,
1539 5571 1645 5612 una
1675 5556 1970 5627 eademque

468 5735 514 5768 ³⁸
533 5731 721 5792 Hattlt.
752 5749 879 5800 xxv,
907 5736 995 5793 Η.

2085 4546 2389 4619 ἀνθρώπων
2440 4547 2548 4601 τῶν
2609 4549 3074 4621 παραϐεϐηκότων
3129 4550 3188 4601 ἐν
3260 4546 3402 4616 ἐμοί.
3445 4547 3508 4599 ὐ
3563 4548 3687 4620 γὰρ

2087 4637 2300 4709 σκώληξ
2329 4638 2508 4691 αὐτῶν
2537 4638 2598 4692 οὐ
2624 4640 2955 4712 τελευτήσει,
2984 4640 3076 4692 καὶ
3120 4639 3182 4692 τὺ
3231 4638 3341 4710 πῦρ
3383 4637 3565 4691 αὐτῶν
3613 4639 3684 4691 οὐ

2087 4729 2464 4801 σϐεσθήσεται,
2495 4731 2590 4784 καὶ
2639 4731 2854 4784 ἔσονται
2897 4732 2978 4794 εἰς
3017 4732 3207 4801 ὅρασιν
3234 4729 3384 4801 πάσῃ
3413 4728 3607 4798 σαρκί.
3657 4747 3678 4779 ι

2084 4815 2240 4879 Τίνες
2261 4816 2318 4868 δέ
2341 4812 2483 4888 ἦσαν
2515 4811 2680 4883 οὗτοι,
2707 4820 2764 4870 ἐν
2788 4819 2929 4890 ἀρχῇ
2967 4816 3068 4889 τῆς
3103 4817 3438 4890 προφητείας
3478 4817 3681 4887 ἐδήλου

2081 4911 2290 4982 λέγων’
2327 4931 2344 4964 ι
2380 4913 2540 4976 Υἱοὺς
2581 4913 2866 4984 ἐγέννησα,
2909 4915 3003 4967 καὶ
3044 4913 3268 4984 ὕψωσαθ
3315 4911 3470 4964 αὐτοὶ
3502 4911 3559 4964 δέ
3605 4928 3684 4982 με

2076 5005 2366 5076 ἠθέτησαν.
2405 5023 2424 5056 ι
2467 5005 2714 5075 ᾘνίξατο
2739 5007 2915 5059 τοίνυν
2958 5007 3086 5068 τοὺς
3135 5005 3201 5058 ἐκ
3259 5002 3354 5056 τοῦ
3395 5003 3684 5060 Ἰουδαίων

2077 5097 2262 5162 ἔθνους
2293 5098 2390 5169 τὴν
2411 5099 2675 5169 σωτήριον
2701 5097 3074 5169 ἀθετήσαντας
3098 5097 3278 5168 χάριν.
3321 5097 3386 5150 Ὃ
3416 5095 3482 5167 δὴ
3515 5095 3683 5162 τέλος

2077 5188 2188 5240 τῶν
2212 5189 2425 5244 ἀσεϐῶν
2455 5189 2696 5260 ὁρίζεται
2727 5191 2822 5244 καὶ
2849 5191 2878 5242 ὁ
2906 5191 3099 5260 Σωτὴρ
3125 5189 3282 5260 ήμῶν
3321 5192 3381 5242 ὲν
3413 5187 3678 5258 Εὐατγε-

2077 5280 2213 5345 λίοις
2235 5279 2404 5335 εἰπὼν
2427 5285 2542 5344 τοῖς
2568 5283 2647 5344 είς
2673 5282 2742 5334 τὰ
2770 5281 3036 5353 ἀριστερά
3062 5279 3228 5334 αὐτοῦ
3267 5282 3632 5352 στησομένοις
3657 5297 3676 5314 ο

2085 5390 2102 5422 ι
2140 5372 2445 5442 Πορεύεσθε
2468 5375 2546 5436 εἰς
2580 5373 2642 5426 τὸ
2677 5372 2788 5446 πῦρ
2815 5374 2874 5426 τὸ
2897 5371 3136 5436 αἰώνιον,
3170 5373 3230 5427 τὸ
3257 5373 3677 5444 ἡτοιμασμένον

2077 5461 2154 5533 τῷ
2179 5463 2410 5536 διαϐόλῳ
2457 5465 2552 5518 καὶ
2589 5467 2700 5529 τοῖς
2746 5467 2999 5536 ἀγγέλοις
3037 5464 3222 5519 αὑτοῦ.
3268 5484 3287 5516 ι
3322 5465 3536 5535 Ὠσπερ
3569 5461 3676 5519 οὖν

2076 5555 2438 5633 ἐκεῖναίώνιον
2468 5557 2682 5630 εἴρηται
2720 5559 2851 5630 πῦρ,
2898 5558 3040 5613 οὕτω
3086 5559 3180 5611 καὶ
3230 5554 3466 5612 ἐνταῦθα
3499 5556 3679 5613 ᾶσῦερ
