3880 6216
247 317 355 372 5Ξὸ
1399 323 1832 383 FRAGMENTA
1867 326 1935 382 1N
1969 328 2344 387 DANIELEM.

3399 342 3506 398 526

249 451 376 489 στον
400 435 532 506 μιᾶς
570 435 666 490 καὶ
703 437 805 508 τῆς
849 437 1016 509 αὐτῆς
1058 438 1248 504 οὐσίας
1307 439 1367 508 ἑξ
1418 441 1696 514 ἑκατέρων
1725 444 1800 497 τῶ

1909 505 1910 511 η
1935 450 2236 506 substantia
2262 466 2328 506 ex
2356 461 2583 524 utraque
2610 452 2914 523 Scriptura.
2951 475 2974 510 ι
3003 455 3070 512 Et
3105 467 3266 513 erunt
3293 459 3347 514 in
3373 475 3505 515 con—

245 528 484 600 Γραφῶν
507 529 952 600 περιισταμένης.
987 550 1006 583 ι
1028 532 1138 585 Καὶ
1157 532 1367 588 ἔσονται
1390 536 1470 599 είς
1483 537 1671 608 ὅρασιν
1685 539 1800 592 πάση

1936 553 2176 613 spectum
2207 543 2356 600 omni
2382 546 2557 600 carni.
2594 565 2613 600 ι
2646 546 2742 602 Cui
2787 548 2962 612 carni,
3011 550 3116 605 nisi
3159 566 3383 621 prorsus
3411 552 3462 608 ei
3485 594 3500 616 ,

247 621 434 692 σαρκί.
472 640 491 672 ι
525 621 663 692 Ποίᾳ
715 621 772 674 δὲ
821 622 986 694 σαρκὶ
1017 622 1049 694 ἢ
1082 624 1301 687 πάντως
1332 641 1433 678 που
1461 629 1527 698 τῇ
1562 627 1800 698 κολασθη

1935 653 2054 706 qum
2084 638 2354 708 supplicio
2381 638 2698 703 addicenda,
2725 654 2788 694 ac
2809 642 3023 696 caelesti
3047 642 3506 713 contemplatione

245 711 475 784 σομένη,
510 712 611 780 τῆς
649 712 706 766 δὲ
754 713 1077 784 ἐπουρανίου
1107 714 1236 779 Θέας
1269 716 1791 792 καταξιωθήσομὲνῃ

1935 728 2182 780 donanda
2215 736 2318 793 est,
2355 727 2422 782 de
2463 743 2567 798 qua
2596 732 2846 799 superius
2893 730 3214 789 dicebatur:
3257 711 3280 784 ἐ
3308 731 3504 788 Veniet

244 803 381 874 Περὶ
408 800 478 875 ἦς
529 802 782 876 ἀνωτέρω
815 805 1065 874 ἐλέγετο·
1108 825 1128 857 ι
1163 807 1321 872 ’Ἥξει
1361 811 1511 862 πᾶσα
1545 810 1680 883 σὰρξ
1737 828 1797 864 το

1933 813 2114 867 omnis
2131 828 2260 868 caro
2282 814 2349 869 ad
2379 815 2712 871 adorandum
2740 818 2793 872 in
2815 829 3105 888 conspectu
3135 823 3290 876 meo?
3333 839 3354 874 ι
3389 823 3507 890 Qua

241 898 620 968 προσκυνῆσαι
650 897 882 951 ἐνώπιόν
912 915 1042 968 μου·
1074 917 1093 950 ι
1127 893 1198 971 ἦς
1231 901 1326 954 καὶ
1360 903 1520 972 ἡμεῖς
1545 901 1798 973 ἀξιωθείη

1937 904 2066 958 item
2116 920 2216 961 nos
2242 906 2392 976 digni
2427 908 2728 963 habeamur
2762 909 3018 978 precibus
3060 921 3117 968 et
3153 912 3503 970 intercessio-

242 1006 348 1058 μεν
372 991 561 1060 εὐχαῖς
583 990 678 1044 καὶ
693 990 1009 1061 πρεσϐείαις
1031 990 1249 1045 πάντων
1274 992 1383 1046 τῶν
1411 993 1603 1062 ἁγίων.
1634 995 1800 1066 ’Δμήν

1935 997 2094 1053 nibus
2129 1001 2370 1055 omnium
2409 1011 2745 1058 sanctorum.
2775 1003 2976 1059 Amen.

247 1211 3493 1241 Mm

1029 1375 1760 1469 FRAGMENTA
1837 1380 1963 1469 IN
2041 1379 2709 1472 DANIELEM.

1242 1599 1394 1673 (MAI,
1424 1599 1757 1655 Bibliotheca
1793 1614 1924 1653 nova
1957 1596 2201 1664 Patrum,
2231 1597 2320 1665 IV,
2348 1600 2452 1655 5M
2479 1600 2499 1672 )

300 1919 373 1991 β’.
398 1917 664 1974 Εὖσεϐίου
691 1919 1031 1992 Καισαρείας
1073 1917 1239 1992 ρητοῦ
1273 1919 1658 1992 προκειμένου,
1696 1921 1800 1974 Φω-

1986 1919 2043 1976 2.
2076 1921 2209 1975 Dm.
2253 1935 2340 1982 Ill,
2395 1917 2488 1972 49.
2538 1917 2752 1974 Eusebii
2811 1917 3165 1975 Caesariensis
3212 1918 3360 1976 dicto
3405 1921 3495 1975 illo

221 2013 310 2082 νὴ
329 2013 552 2082 Κυρίου
567 2011 994 2078 διακόπτοντος
1009 2015 1206 2081 φλόγα
1227 2015 1416 2080 πυρός
1430 2011 1560 2084 (42).
1580 2010 1800 2066 Δίεκόπτ

1920 2011 2244 2080 proposito:
2316 2007 2431 2063 Vox
2497 2007 2709 2062 Domini
2794 2010 3154 2064 intercidentis
3218 2011 3491 2080 ﬂammam

231 2106 337 2177 μὲν
365 2109 423 2160 ὲν
447 2110 512 2178 τῇ
543 2104 820 2159 Βαὸυλῶνι
849 2107 882 2176 ή
919 2104 1050 2174 φλὸξ
1083 2103 1176 2158 τοῦ
1205 2102 1375 2176 πυρὸς
1395 2104 1716 2158 διακοπεῖσα
1741 2104 1800 2175 et}

1920 2101 2055 2170 ignis
2083 2101 2151 2156 “.
2187 2099 2447 2154 lntercisa
2473 2110 2557 2154 est
2593 2099 2864 2172 Babylone
2891 2100 3108 2156 ﬂamma
3140 2101 3300 2173 ignis,
3329 2101 3495 2156 inter—

227 2196 616 2267 προστάγματι
666 2196 760 2250 τοῦ
810 2196 984 2250 Θεοῦ⁴
1041 2194 1258 2260 ἐδέξατο
1301 2197 1358 2250 ὲν
1410 2197 1546 2267 αὐτῇ
1593 2195 1800 2267 ήδίστηι

1917 2193 2030 2247 cisa
2075 2193 2282 2248 scilicet
2313 2192 2404 2246 Dei
2431 2192 2605 2262 jussu,
2636 2191 2690 2245 in
2724 2193 3178 2262 jucundissimam
3217 2208 3370 2249 versa
3402 2205 3490 2249 est

223 2288 508 2361 ἀναπνοὴν
537 2291 628 2343 καὶ
660 2288 961 2360 ἀναψυχήν,
997 2287 1186 2360 ὥσπερ
1237 2289 1294 2341 ὲν
1327 2288 1454 2357 σκιᾷ
1490 2303 1597 2340 τινι
1627 2285 1800 2355 φυτῶν

1919 2286 2345 2351 recreationem;
2381 2300 2446 2340 ac
2486 2284 2650 2340 veluti
2686 2285 2738 2339 in
2771 2286 2961 2341 umbra
2996 2287 3248 2344 arborum
3277 2288 3488 2357 quieta-

226 2384 288 2436 ἐν
325 2384 574 2455 εἰρηνικῇ
629 2380 961 2434 καταστάσει
1016 2379 1364 2452 παρεχομένη
1415 2381 1528 2442 τοῖς
1583 2377 1771 2431 παισίν
1796 2393 1811 2408 ο

223 2475 450 2546 ἐγένετο
479 2475 608 2545 γὰρ,
647 2475 802 2545 φησὶ,
838 2472 972 2526 ὡσεί¹
1007 2471 1225 2543 πνεῦμα
1255 2471 1446 2545 δρὸσου
1479 2467 1809 2542 διασυρίζον.

255 2591 264 2627 ι
280 2565 351 2636 γ’.
370 2567 528 2620 Ὡσεί
547 2565 675 2631 1’16;-
690 2563 1026 2633 ἀνθρώπου.
1045 2565 1118 2616 Εὐ
1128 2563 1306 2617 σεϐίου
1325 2561 1658 2633 Καισαρείας
1676 2561 1810 2632 (45).

221 2656 426 2726 Σαφῶς
467 2655 707 2724 ἡγοῦμαι
741 2651 1033 2726 δηλοῦσθαι
1074 2652 1172 2724 τὴν
1213 2651 1441 2706 καθόλου
1483 2649 1685 2722 κρίσιν,
1722 2649 1812 2702 ὅτε

220 2751 431 2812 πάντες
453 2750 502 2802 οξ
526 2747 585 2813 ἐξ
611 2747 806 2810 αίῶνος
835 2745 1110 2817 ἄνθρωποι
1141 2743 1588 2816 παραστήσονται
1613 2739 1691 2812 τῷ
1723 2739 1813 2811 βή-

227 2859 359 2913 ματι
395 2840 489 2893 τοῦ
517 2839 754 2911 Χριστοῦ
776 2855 791 2869 ο
829 2838 966 2909 μετὰ
999 2837 1055 2890 δὲ
1084 2835 1185 2908 τὴν
1213 2836 1321 2888 τῶν
1348 2832 1810 2904 τετελευτηκότων

222 2933 553 2997 ἀνασίωσιν,
608 2931 702 2985 καὶ
739 2931 878 3001 μετὰ
926 2930 1024 2999 τὴν
1067 2927 1211 2982 κατὰ
1255 2927 1471 2982 πάντων
1515 2926 1732 2997 κρίσιν,
1779 2926 1810 2978 6

223 3029 373 3099 ἐωρα
382 3025 540 3096 μένος
555 3023 633 3094 τῷ
645 3023 842 3094 Δανιὴλ
870 3021 998 3084 Υἱὸς
1018 3019 1306 3092 ἀνθρώπου
1340 3019 1694 3088 ἐπιστήσεται
1716 3017 1809 3070 ἐπὶ

222 3116 486 3186 νεφελῶν.
520 3116 618 3186 τήν
651 3113 792 3168 κατὰ
821 3113 1037 3167 πάντων
1061 3111 1170 3165 τῶν
1193 3111 1340 3165 λαῶν
1367 3110 1462 3164 καὶ
1501 3109 1682 3178 φυλῶν
1703 3107 1808 3162 ὑπὸ

217 3209 316 3262 τοῦ
352 3208 570 3280 Πατρὺς
601 3207 868 3273 ἐξουσίαν,
918 3205 1016 3276 τήν
1045 3206 1137 3258 καὶ
1173 3203 1446 3274 βασιλείαν
1488 3202 1682 3274 ἀγήρω
1713 3200 1808 3254 καὶ

1917 2395 2021 2448 que
2052 2379 2284 2434 statione
2323 2377 2742 2433 adolescentulis
2773 2379 3017 2434 exhibuit
3044 2379 3484 2438 oblectationem.

1914 2472 2077 2527 Facta
2102 2479 2188 2528 est
2219 2471 2363 2527 enim
2398 2486 2496 2525 ceu
2525 2471 2750 2526 roscida:
2776 2487 2922 2527 nune
2950 2473 3161 2530 sibilus.

1982 2564 2038 2618 5.
2079 2565 2212 2619 DAN.
2251 2579 2360 2628 vn,
2403 2563 2488 2619 l5.
2541 2563 2708 2629 Quasi
2750 2561 2926 2618 Filius
2975 2565 3222 2622 hominis.
3269 2567 3486 2624 Eusebii

1911 2655 2276 2711 Casariensis.
2307 2655 2587 2711 Manifeste
2622 2656 2858 2711 nuntiari
2900 2658 3141 2714 arbitror
3171 2660 3480 2716 universale

1903 2745 2190 2815 judicium,
2221 2763 2342 2801 cum
2368 2762 2558 2803 omnes
2581 2748 2650 2803 ab
2678 2749 2811 2804 orbe
2833 2750 3053 2805 condito
3088 2749 3333 2808 homines
3357 2763 3483 2806 ante

1909 2840 2108 2895 Christi
2152 2839 2385 2894 tribunal
2417 2839 2693 2895 sistentur.
2734 2839 2904 2896 Porro
2943 2852 3123 2898 autem
3162 2852 3287 2920 post
3335 2860 3481 2900 mor-

1910 2940 2124 2983 tuorum
2171 2931 2642 2997 resurrectionem,
2677 2932 2986 3003 dictamque
3033 2933 3086 2988 in
3125 2948 3315 2989 omnes
3357 2951 3480 2992 sen-

1909 3021 2153 3086 tentiam,
2183 3021 2290 3089 ille,
2330 3023 2421 3092 qui
2457 3023 2606 3079 visus
2638 3024 2845 3079 Danieli
2883 3025 3008 3091 fuit,
3047 3025 3217 3082 Filius
3249 3027 3486 3084 hominis

1907 3113 1961 3167 iu
2010 3114 2243 3168 nubibus
2296 3112 2505 3180 aderit,
2558 3122 2616 3169 ut
2667 3115 3063 3172 indelicientem
3115 3127 3484 3190 aeternamque

1908 3205 2150 3259 omnium
2181 3205 2500 3276 papulorum
2553 3207 2900 3278 tribuumque
2942 3218 3262 3280 potestatem
3299 3226 3364 3267 ac
3391 3226 3482 3266 re-

223 3299 582 3369 ἀτελεύτητον
608 3297 1088 3368 παραληψόμενοςο
1119 3295 1196 3360 ὡς
1228 3295 1324 3348 καὶ
1362 3294 1526 3358 αὐτὸς
1556 3296 1585 3347 6
1611 3293 1800 3364 Σωτὴρ

1909 3312 2069 3364 gnum
2098 3312 2127 3351 a
2166 3296 2328 3353 Patre
2366 3299 2617 3368 accipiat.
2667 3299 2819 3356 Sicut
2862 3301 2979 3369 ipse
3016 3301 3272 3358 Servatur
3311 3305 3380 3359 de
3423 3319 3482 3358 se

219 3391 381 3461 ήμῶν
413 3391 541 3463 περὶ
576 3389 768 3443 ἑαυτοῦ
809 3389 1046 3443 διδάσκει
1080 3388 1253 3456 λέγων
1273 3405 1287 3418 ·
1327 3390 1464 3441 Ὅτε
1491 3385 1559 3438 δὲ
1584 3385 1730 3452 ἔλθῃ
1767 3386 1801 3438 ὁ

220 3482 353 3546 Υἱὸς
384 3481 492 3534 τοῦ
512 3479 825 3548 ἀνθρώπου
844 3480 916 3533 ἐν
940 3479 1015 3548 τῇ
1039 3479 1189 3548 δόξῃ
1221 3479 1431 3544 αὐτοῦ,
1459 3480 1555 3532 καί
1578 3477 1802 3542 πάντες

214 3575 277 3626 οι
310 3571 551 3642 ἄγγελοι
597 3571 722 3641 μετ’
765 3569 972 3633 αὑτοῦ,
1007 3571 1142 3624 τότε
1168 3572 1402 3627 καθίσει
1445 3570 1544 3624 ἐπὶ
1582 3570 1798 3638 θρόνου

215 3661 412 3729 δόξης
449 3660 654 3724 αὐτοῦ,
691 3661 786 3714 καί
817 3660 1273 3730 συναχθήσεται
1309 3662 1647 3730 ἔμπροσθεν
1692 3660 1798 3712 αὺ-

217 3750 328 3805 τοῦ
351 3750 550 3804 πάντα
578 3752 648 3803 τὰ
670 3750 836 3817 ἔθνη,
856 3750 948 3802 καὶ
979 3750 1048 3803 τὰ
1077 3749 1224 3821 ἐξῆςο
1244 3750 1456 3822 συνᾴδει
1477 3750 1608 3819 γοῦν
1628 3751 1801 3806 ταῦτα

219 3845 343 3905 ταῖς
376 3842 436 3893 ὲν
474 3842 662 3912 χερσὶν
716 3842 1044 3911 μαρτυρίαις
1073 3841 1172 3912 τῆς
1217 3841 1310 3894 τοῦ
1340 3840 1538 3910 Δανιὴλ
1582 3856 1800 3912 προφη-

217 3935 392 3998 τείας,
424 3934 545 3987 καθ’
578 3935 642 4005 ἢν
669 3933 948 3988 λέλεκται·
985 3933 1098 3987 Καὶ
1129 3933 1260 3988 ἰδοὺ
1288 3932 1440 4002 μετὰ
1480 3932 1599 3987 τῶν
1626 3950 1800 4002 νεφε-

217 4024 347 4080 λῶν
393 4026 498 4079 τοῦ
529 4024 789 4094 οὐρανοῦ
826 4025 906 4090 ὠς
947 4023 1080 4091 Υἱὸς
1124 4025 1439 4092 ἀνθρώπου
1474 4024 1799 4094 ἐρχόμενος

217 4112 302 4188 ἦν
320 4137 333 4149 ·
362 4118 478 4181 καὶ,
516 4119 660 4182 Ἕως
684 4116 792 4171 τοῦ
820 4115 1086 4170 Παλαιωῦ
1113 4114 1232 4168 τῶν
1256 4113 1491 4186 ἡμερῶν
1510 4116 1795 4184 ἔφθασεν-⁸

217 4210 323 4263 καί
349 4210 732 4279 προσηνέχθη
757 4209 934 4274 αὐτῷ,
960 4210 1060 4263 καὶ
1081 4208 1259 4275 ἐδόθη
1283 4207 1442 4274 αὐτῷ
1462 4209 1501 4277 ἠ
1523 4206 1680 4277 ἀρχὴ
1702 4207 1801 4261 καί

219 4304 261 4371 ἠ
289 4302 428 4371 τιμὴ
455 4302 552 4355 καί
574 4304 612 4370 ἡ
629 4303 936 4366 βασιλεία,
964 4303 1058 4356 καὶ
1088 4302 1157 4356 τὰ
1193 4301 1339 4372 ἑξῆς.

291 4395 354 4449 δ’.
370 4393 538 4459 Αὐτῷ
558 4394 733 4463 ἐδόθη
749 4395 788 4461 ἠ
805 4393 981 4463 ἀρχή.
1005 4394 1286 4448 Εὐσεόίου.
1307 4393 1382 4448 Οὐ
1407 4393 1566 4464 μόνον
1587 4391 1684 4463 τὴν
1703 4390 1797 4445 τοῦ

223 4487 359 4541 Υἱοῦ
393 4486 677 4558 ἀνθρώπου
709 4487 982 4558 βασιλείαν
1001 4490 1029 4542 6
1059 4488 1342 4560 προφήτης
1375 4484 1642 4549 Θεσπίζει,
1666 4483 1800 4538 ἀλλὰ

219 4579 322 4634 καὶ
353 4577 595 4640 πλείονα,
622 4580 749 4646 περὶ
770 4572 844 4630 ὧν
874 4594 1028 4650 φησι.

1902 3398 2088 3442 noster
2118 3389 2240 3443 ait:
2290 3388 2424 3443 Cum
2470 3401 2644 3445 autem
2675 3395 2871 3448 venerit
2921 3393 3101 3450 Filius
3147 3397 3374 3451 hominis
3421 3397 3477 3450 in

1898 3480 2178 3548 majestate
2204 3497 2322 3546 sua,
2348 3491 2396 3536 et
2425 3498 2601 3538 omnes
2643 3486 2814 3555 angeli
2851 3503 2969 3540 cum
2999 3504 3080 3551 eo,
3127 3498 3250 3542 tunc
3283 3489 3482 3543 sedebit

1898 3572 1954 3624 in
1999 3572 2184 3626 throno
2217 3573 2400 3642 gloriae
2443 3590 2577 3640 sum,
2611 3584 2662 3629 et
2702 3579 3162 3648 congregabantur
3193 3598 3371 3636 coram
3417 3603 3479 3640 eo

1899 3677 2075 3716 omnes
2111 3672 2288 3732 gentes
2312 3663 2391 3730 ³⁷,
2425 3673 2480 3719 et
2529 3665 2756 3735 reliqua.
2781 3728 2784 3734 ,
2808 3665 2934 3724 Haec
2974 3669 3141 3740 igitur
3175 3685 3480 3728 consonant

1903 3754 2246 3819 testimoniis,
2289 3769 2410 3825 qua:
2451 3771 2597 3812 nunc
2645 3757 2908 3814 habemus
2951 3760 3005 3816 in
3055 3763 3324 3831 manibus,
3364 3765 3473 3820 Da-

1901 3845 2056 3900 nielis
2087 3847 2387 3916 prophetae,
2414 3849 2555 3918 apud
2581 3863 2744 3918 quem
2779 3851 2979 3907 dicitur
3003 3871 3019 3906 :
3055 3853 3123 3907 Et
3146 3871 3262 3909 ecce
3288 3857 3477 3911 aderat

1898 3936 2074 3994 Filius
2109 3939 2335 3994 hominis
2364 3941 2418 3994 in
2442 3941 2666 3996 nubibus
2704 3942 2820 3997 caeli
2842 3942 2914 4002 ³⁸.
2953 3943 3085 4000 Item
3115 3964 3129 4000 :
3165 3945 3342 4001 Donec
3363 3949 3475 4001 An-

1899 4030 2074 4100 tiquae
2119 4032 2324 4086 dierum
2376 4035 2547 4100 venit;
2593 4035 2932 4106 oblatumque
2967 4053 3029 4090 ac
3071 4038 3257 4092 datum
3303 4048 3383 4094 est
3428 4042 3477 4094 ei

1897 4125 2170 4194 imperium
2195 4136 2242 4179 et
2272 4127 2442 4181 honor
2465 4137 2515 4181 et
2543 4143 2775 4197 regnum,
2799 4137 2856 4183 et
2883 4129 3108 4202 reliqua.

1969 4389 2024 4442 4.
2067 4387 2199 4443 DAN.
2227 4404 2326 4454 vn,
2356 4391 2442 4444 Η.
2480 4390 2701 4445 Tradita
2724 4403 2802 4447 est
2828 4394 3196 4463 ipsipoteslas.
3227 4396 3468 4452 Eusebii.

1899 4479 2052 4535 Haud
2089 4481 2262 4537 solum
2307 4481 2429 4536 Filii
2473 4483 2708 4537 hominis
2753 4500 2978 4554 regnum
3027 4487 3284 4554 propheta
3332 4491 3471 4542 vati-
3521 4539 3525 4542 _

1898 4572 2132 4637 cinatur,
2163 4587 2350 4628 verum
2375 4584 2432 4626 et
2464 4571 2600 4628 alias
2637 4587 2723 4628 res
2748 4576 2812 4628 de
2843 4575 3040 4643 quibus
3073 4578 3232 4631 verba
3266 4577 3420 4633 facit.

297 4677 358 4726 ε’.
390 4671 501 4725 Καὶ
530 4637 987 4740 παραλήψονται
1008 4669 1123 4737 τὴν
1147 4669 1493 4734 βασιλείαν.
1531 4669 1795 4723 Εὑσεόίου

1971 4662 2024 4717 5.
2067 4663 2196 4718 ΒΑΝ.
2238 4678 2345 4729 vn,
2389 4662 2474 4719 l8.
2509 4663 2579 4717 Et
2630 4637 3202 4735 regnum-suscipient.
3259 4667 3470 4724 Eusebii

220 4763 579 4834 Καισαρείας.
617 4761 1110 4832 Συμόασιλεῦοντες
1156 4761 1354 4833 δηλαδὴ
1388 4759 1483 4813 xai.
1519 4761 1671 4814 αὐτοὶ
1720 4760 1798 4831 τῷ

217 4855 362 4925 Θεῷ.
415 4855 572 4919 Τίνες
609 4854 655 4908 δ’
688 4855 753 4908 ἂν
781 4851 890 4908 εἷεν
931 4850 1098 4916 οὗτοι,
1145 4854 1176 4924 ἢ
1216 4855 1266 4907 οἱ
1316 4853 1650 4925 κληρονόμοι
1698 4853 1794 4906 τοῦ

216 4947 378 5004 Θεοῦ.
406 4947 837 5019 συγκληρονόμοι
856 4946 912 5000 δὲ
934 4945 1170 5019 Χριστοῦ
1191 4961 1206 5011 ;
1225 4940 1306 5009 οἷς
1337 4946 1429 4999 καὶ
1445 4946 1793 5018 ἐπήγγελται,

215 5042 318 5114 τὴν
354 5011 633 5108 βασιλείαν
660 5011 768 5094 τῶν
798 5011 1073 5112 οὺρανῗῦν,
1119 5038 1391 5109 βασιλείαν
1431 5011 1798 5109 ἐπιστησομέ-

213 5150 314 5203 νην
341 5134 443 5203 τὴν
481 5131 618 5203 μετὰ
657 5120 928 5203 τέσσαρας
962 5129 1258 5200 βασιλείας,
1299 5129 1399 5192 τὰς
1431 5128 1510 5200 τῷ
1536 5132 1792 5202 προφήτῃ

213 5223 569 5297 ἐωραμὲνας,
608 5224 736 5294 ’περὶ
771 5215 845 5276 ὧν
868 5222 944 5286 ὼς
971 5224 1031 5276 ὲν
1073 5221 1329 5293 βραχέσιν
1361 5221 1562 5295 ἀρτίως
1592 5221 1792 5292 διειλή-

213 5329 419 5384 φαμιεν.
445 5305 724 5366 Ἐντεῦθεν
756 5307 908 5382 οἶμαι
943 5310 1040 5365 τὸν
1067 5310 1362 5365 ἀπόστολον
1389 5310 1601 5365 Παῦλον
1619 5311 1791 5381 ὁρμᾶ-

285 5452 333 5484 ⁹⁶
374 5451 518 5507 Psal.
559 5469 754 5516 xxviii.
801 5453 855 5507 7.
933 5453 978 5486 ³⁷
1017 5451 1382 5519 Mattthxv,
1427 5453 1518 5520 3|,
1550 5452 1644 5508 52.

1898 4755 2268 4811 Caesariensis.
2311 4755 2512 4825 Nempe
2549 4756 2647 4825 ipsi
2695 4771 2908 4828 quoque
2953 4773 3074 4812 cum
3125 4759 3234 4814 Deo
3280 4775 3473 4830 regna-

1899 4849 2052 4904 bunt.
2091 4849 2322 4916 Quinam
2349 4863 2482 4903 vero
2523 4857 2649 4902 sunt
2682 4849 2758 4911 hi,
2804 4851 2903 4904 nisi
2938 4850 3181 4906 haeredes
3227 4851 3344 4916 Dei,
3379 4868 3470 4906 cn-

1899 4941 2141 4996 haeredes
2183 4951 2362 4996 autem
2395 4939 2632 4996 Christi?
2673 4941 2869 5010 quibus
2903 4941 3030 4996 item
3071 4943 3331 4998 ctelorum
3375 4959 3465 4996 re-

1899 5048 2064 5101 gnum
2130 5034 2456 5102 promissum
2510 5047 2540 5086 a
2594 5031 2814 5088 Christo
2865 5042 2982 5100 est,
3036 5035 3178 5102 quod
3238 5049 3463 5103 regnum

1898 5138 2091 5193 nempe
2126 5135 2416 5196 consurget
2449 5135 2570 5196 post
2607 5112 2696 5179 illa
2728 5135 2960 5195 quatuor
2989 5141 3086 5196 per
3129 5127 3303 5181 visum
3340 5141 3468 5196 pro-

1897 5219 2076 5286 pheta:
2120 5218 2334 5284 oblata;
2378 5221 2445 5274 de
2475 5218 2673 5288 quibus
2717 5218 2953 5274 breviter
3001 5219 3160 5274 modo
3203 5217 3467 5273 disserui—

1899 5325 2038 5367 mus.
2069 5309 2205 5366 llinc
2236 5309 2420 5380 divum
2460 5310 2759 5380 apostolum
2791 5309 3018 5367 Paulum
3054 5311 3262 5390 cepisse
3298 5323 3468 5394 occa-

290 5573 403 5655 μὶ)
427 5573 569 5641 Quin
602 5573 691 5629 hic
734 5573 888 5629 locus
927 5589 992 5628 ex
1036 5571 1686 5655 Eusebii'rommentari‘o
1734 5572 1786 5626 in
1894 5571 2240 5655 adi’f‘almos
2267 5575 2658 5655 commentario
2690 5581 2935 5655 apparet.

215 5644 482 5711 psalmum
514 5659 678 5698 xxvm
713 5655 985 5707 sumatur,
1029 5645 1119 5698 vix
1164 5644 1518 5698 dubitandum
1571 5644 1787 5696 videre.

215 5724 334 5778 tur;
363 5724 602 5767 attamen
653 5715 700 5768 is
727 5729 900 5784 neque
947 5716 1000 5767 in
1027 5713 1378 5784 Corderiiuad
1424 5711 1668 5784 Psalmos
1697 5728 1788 5766 ca-

1965 5644 2080 5712 ((5)
2113 5644 2168 5696 In
2218 5645 2355 5700 hanc
2381 5644 2706 5698 Danielicam
2727 5640 2738 5643 ⁷
2760 5640 3017 5697 visionem
3075 5640 3198 5697 Filii
3229 5641 3474 5712 hominis

1889 5724 2287 5785 commentatur
2310 5715 2449 5772 idem
2480 5713 2764 5785 Eusebius,
2789 5714 2884 5771 sed
2925 5713 3046 5772 aliis
3079 5714 3279 5781 verbis,
3316 5711 3458 5768 lim.

219 5795 345 5840 tena
377 5785 629 5850 Patrum,
668 5781 839 5855 neque
869 5785 922 5840 in
954 5786 1173 5856 vulgato
1197 5799 1227 5840 a
1270 5781 1531 5842 Maurinis
1571 5781 1784 5840 Eusebii
1887 5783 2038 5851 act-1.,
2072 5800 2109 5847 ι,
2135 5783 2189 5840 2.
