3880 6216
382 236 387 243 λ
488 271 591 327 507

1190 264 1460 323 EUSEBll
1499 265 1972 323 CESARIENSIS
2011 266 2161 323 OPP.
2205 265 2383 322 PARS
2422 264 3014 323 lll.—EXEGETICA.

3615 270 3733 324 508

486 388 773 460 principio,
806 402 927 442 cum
955 386 1187 441 nondum
1217 387 1347 456 ipsis
1375 388 1513 443 Deus
1544 390 1912 443 dominaretur
1937 429 1953 454 ,
1987 399 2042 443 ut

2153 408 2169 442 ι
2214 390 2543 460 Ἐγενὸμεθα
2567 391 2643 452 ὡς
2666 387 2728 440 τὸ
2750 386 2843 439 ἀπ’
2870 385 3064 455 ἀρχῆς,
3097 400 3182 437 ne
3206 399 3307 437 ουκ
3328 376 3501 454 ἦρξας
3534 384 3719 454 ἡμῶν,

485 483 667 537 dicere
701 479 915 533 valeant
950 496 963 533 :
997 496 1016 530 ι
1052 478 1202 533 Facti
1244 495 1428 534 sumus
1452 479 1596 533 velut
1627 480 1695 534 ab
1737 480 1889 535 initio
1922 495 2046 534 cum

485 589 590 628 non
622 570 978 626 dominareris
1021 570 1226 633 nostri,
1258 585 1427 640 neque
1473 571 1811 625 invocaretur
1854 586 2047 626 nomen

480 672 633 720 tuum
664 676 829 731 super
856 675 976 716 nos.
1013 678 1033 712 ι

1044 750 1269 807 CAPUT
1308 750 1489 805 LXIV.

550 844 712 897 Vens.
747 842 797 895 1.
836 859 855 892 ι
900 841 955 895 Si
998 841 1211 910 aperias
1244 841 1442 894 coelum
1466 879 1482 905 ,
1519 850 1723 895 tremor
1750 842 2049 911 apprehen-

480 931 571 986 det
600 947 628 984 a
668 940 721 987 te
771 940 1019 995 montes,
1052 940 1104 984 et
1138 930 1453 998 liquescent.
1498 949 1516 982 ι
1572 932 1836 986 Caeterum
1884 932 2048 1002 probe

481 1025 730 1077 novimus
764 1032 815 1077 et
841 1036 1157 1090 persuasum
1189 1021 1481 1084 habemus,
1509 1022 1555 1077 si
1586 1022 1819 1077 volueris
1844 1024 2046 1078 caelum

481 1114 733 1180 aperire,
773 1121 959 1179 utpote
1022 1110 1161 1164 Deus
1212 1110 1585 1179 omnipotens,
1635 1122 1923 1167 tremorem
1974 1113 2045 1166 tui

480 1212 695 1256 montes
749 1203 1209 1272 apprehensurum
1244 1216 1361 1255 esse
1381 1241 1396 1265 ,
1426 1201 1678 1256 videlicet
1710 1202 2049 1258 adversarius

479 1303 798 1364 potestates,
850 1309 967 1360 quae
1004 1301 1191 1347 contra
1233 1293 1595 1362 cognitionem
1637 1293 1711 1347 tui
1746 1293 2046 1362 eriguntur.

554 1387 709 1439 Vens.
747 1384 801 1448 2,
837 1385 889 1439 5.
924 1403 941 1435 ‹
984 1383 1281 1437 Sicutcera
1328 1398 1358 1436 a
1405 1382 1544 1437 facie
1592 1384 1734 1452 ignis
1771 1383 2047 1453 liquescit,

479 1488 535 1534 et
562 1478 840 1532 comburet
877 1476 1014 1545 ignis
1047 1483 1164 1529 tuos
1192 1474 1552 1539 adversarios,
1609 1483 1663 1529 et
1706 1475 2047 1530 manifestum

482 1569 586 1621 erit
619 1581 810 1620 nomen
863 1575 1012 1619 tuum
1060 1566 1430 1619 adversariis:
1470 1581 1499 1619 a
1546 1564 1684 1620 facie
1730 1575 1817 1620 tua
1865 1575 2049 1637 gentes

482 1657 858 1711 turbabuntur.
889 1675 906 1707 ι
933 1656 1075 1711 Sane
1094 1676 1120 1709 .‹
1151 1658 1313 1710 Deum
1332 1670 1489 1711 nemo
1512 1655 1645 1710 vidit
1666 1670 1899 1725 unquam
1915 1658 1997 1723 ‘5;
2021 1675 2040 1709 ι

2152 481 2271 535 ούδέ
2296 481 2495 553 ἐκλήθη
2526 479 2587 534 τὸ
2611 478 2781 550 ὄνομά
2810 494 2901 530 σου
2925 476 3008 546 ἐφ’
3034 475 3198 546 ἡμᾶς.
3237 494 3256 527 ι

2659 744 2837 799 ΚΕΦΑ
2846 742 3051 796 ΛΑῙΟΝ
3089 740 3204 795 ΞΔ’.

2229 858 2248 891 ‹
2301 838 2423 892 Ἐὰν
2444 837 2660 908 ἀνοίξῃς
2690 836 2780 889 τὸν
2818 832 3070 907 οὐρανὸν,
3112 832 3312 903 τρόμος
3330 830 3563 902 λήψεται
3613 830 3722 884 ἀπὸ

2153 930 2248 984 σοῦ
2282 930 2404 1002 ὅρη,
2435 930 2528 983 καὶ
2571 929 2921 999 τακήσονται.
2962 944 2981 977 ι
3027 924 3173 994 Πλὴν
3214 923 3327 977 ἀλλ’
3364 921 3518 992 ἴσμεν
3559 922 3722 991 ἀκρι-

2152 1020 2262 1084 ϐῶς
2301 1021 2390 1072 καὶ
2432 1016 2791 1087 πεπείσμεθα,
2829 1016 2931 1081 ὅτι,
2972 1014 3065 1067 ἐὰν
3107 1013 3335 1084 θελήσῃς
3388 1011 3595 1078 ἀνοῖξαι
3629 1012 3722 1064 τὸν

2150 1110 2375 1181 οὐρανὸν
2400 1110 2532 1173 Θεὸς
2560 1109 2633 1162 ὢν
2677 1108 2771 1161 καὶ
2811 1108 2987 1161 πάντα
3030 1106 3358 1176 δυνάμενος,
3395 1105 3597 1175 τρόμος
3628 1104 3725 1173 λή-

2150 1202 2310 1272 ψεται
2338 1200 2443 1254 ἀπὸ
2467 1201 2559 1253 σοῦ
2588 1200 2709 1272 ὅρη,
2732 1198 2827 1262 τὰς
2846 1197 3225 1268 ἀντικειμένας
3245 1196 3441 1267 δηλαδὴ
3464 1195 3727 1266 δυνάμεις

2150 1292 2250 1357 τὰς
2282 1292 2645 1365 ἐπαιρομένας
2676 1291 2815 1359 κατά
2846 1291 2945 1361 τῆς
2978 1287 3230 1359 γνώσεώς
3262 1306 3377 1343 σου.

2229 1400 2248 1435 ‹
2308 1381 2396 1445 Ὧς
2427 1381 2594 1453 κηρὸς
2632 1380 2737 1434 ἀπὸ
2783 1378 3073 1451 προσώπου
3119 1380 3290 1451 πυρὸς
3336 1380 3584 1451 τήκεται,
3630 1380 3731 1432 καὶ

2153 1472 2483 1526 κατακαύσει
2514 1472 2625 1545 πῦρ
2644 1474 2769 1535 τοὺς
2796 1471 3163 1536 ὑπεναντίους,
3192 1471 3287 1525 καὶ
3314 1472 3543 1543 φανερὸν
3567 1470 3729 1524 ἔσται

2152 1565 2212 1618 τὸ
2242 1564 2411 1636 ὄνομά
2442 1583 2535 1618 σου
2572 1567 2684 1627 τοῖς
2722 1563 3077 1628 ὑπεναντίοις.
3125 1564 3256 1617 Ἀπὸ
3300 1563 3593 1634 προσώπου
3633 1580 3731 1615 σου

2154 1653 2280 1727 ἔθνη
2301 1655 2753 1728 ταραχθήσονται.
2788 1674 2806 1706 ι
2829 1657 2940 1709 Καὶ
2972 1656 3076 1727 μὴν
3103 1675 3120 1707 ι
3147 1655 3279 1708 Θεὸν
3307 1656 3477 1718 οὐδεὶς
3504 1654 3729 1726 ἑώρακε

482 1758 558 1814 et,
600 1768 617 1800 ι
654 1747 821 1803 Nemo
850 1750 1053 1803 videbit
1083 1749 1271 1803 faciem
1303 1762 1497 1815 meam,
1522 1757 1576 1801 et
1610 1749 1752 1802 vivet
1777 1748 1846 1802 “.
1887 1767 1906 1800 ι
1944 1748 2042 1803 Sed

2153 1749 2391 1813 πώποτε,
2434 1767 2452 1800 ι
2490 1750 2603 1814 καὶ,
2643 1766 2661 1800 ι
2706 1752 2893 1814 Οὐδεὶς
2926 1748 3115 1819 ὄψεταί
3156 1766 3257 1819 μου
3301 1747 3361 1801 τὸ
3404 1747 3729 1818 πρόσωπον,

480 1838 568 1892 his
601 1839 814 1893 videtur
843 1840 1003 1893 Deum
1031 1840 1395 1904 subindicare,
1425 1840 1516 1908 qui
1548 1840 1599 1893 in
1633 1839 1851 1893 deserto
1878 1838 2047 1910 Moysi

480 1932 700 1986 oracula
742 1932 912 1993 dedit,
938 1939 992 1984 et
1022 1932 1110 2000 qui
1141 1932 1208 1984 ab
1249 1932 1393 1985 omni
1440 1930 1634 2000 populo
1659 1930 1807 1987 visus
1842 1940 1923 1985 est
1955 1947 2051 2000 per

482 2024 709 2092 gloriam
761 2023 1012 2076 omnibus
1047 2031 1416 2091 apparentem,
1452 2023 1519 2077 de
1560 2037 1667 2091 qua
1701 2024 1901 2078 dictum
1931 2031 2046 2078 est:

488 2132 508 2165 ι
540 2115 609 2169 Ει
636 2113 766 2169 vidit
791 2113 969 2168 omnis
1002 2114 1233 2185 populus
1261 2114 1486 2186 gloriam
1515 2113 1727 2170 Domini
1758 2115 1826 2169 ’⁷.
1862 2133 1882 2166 ι

553 2286 715 2343 Vens.
743 2287 858 2342 6-6.
904 2306 924 2340 ι
955 2287 1087 2343 Cum
1128 2288 1323 2345 feceris
1347 2290 1601 2361 gloriosa,
1635 2298 1837 2346 tremor
1862 2288 1937 2344 tui
1965 2290 2049 2344 in-

482 2379 641 2432 vadet
668 2389 897 2434 moutes.
923 2379 967 2433 A
996 2370 1192 2435 saeculo
1219 2397 1324 2436 non
1346 2382 1673 2447 audivimus,
1704 2398 1879 2452 neque
1904 2384 2045 2439 oculi

481 2469 651 2523 nostri
680 2469 928 2525 viderunt
953 2470 1139 2537 Deum,
1168 2482 1362 2541 praeter
1398 2480 1471 2536 te,
1498 2482 1553 2527 et
1586 2487 1747 2541 opera
1776 2482 1898 2539 tua,
1929 2489 2047 2544 quae

483 2560 651 2615 facies
677 2563 1113 2630 exspectantibus
1142 2563 1589 2619 misericordiam.
1614 2565 1874 2621 Occurret
1900 2558 2045 2619 enim

482 2651 550 2705 iis
597 2651 688 2719 qui
737 2650 942 2705 faciunt
980 2651 1267 2721 justitiam,
1294 2660 1349 2708 et
1374 2654 1579 2708 viarum
1629 2663 1840 2708 tuarum
1868 2670 2045 2709 recor-

482 2742 775 2798 dabuntur.
807 2744 946 2798 Ecce
996 2752 1049 2797 tu
1097 2744 1267 2799 iratus
1314 2760 1407 2810 es,
1443 2754 1499 2800 et
1541 2761 1641 2801 nos
1680 2747 2043 2816 peccavimus.

481 2831 688 2889 Idcirco
715 2835 1049 2901 erravimus,
1091 2845 1145 2890 et
1175 2834 1304 2890 facti
1356 2850 1541 2891 sumus
1586 2838 1741 2907 quasi
1786 2836 2045 2891 immundi

483 2938 671 2979 omnes
700 2940 835 2981 nos:
870 2936 1128 2995 tanquam
1166 2940 1377 2995 pannus
1419 2927 1658 2983 sedentis
1683 2928 1858 2982 omnis
1885 2927 2046 2998 justi-

484 3014 560 3067 tia
584 3024 790 3071 nostra.
825 3035 845 3068 ι
878 3016 1030 3083 Quod
1055 3017 1098 3072 si
1131 3032 1234 3085 qua
1266 3018 1404 3085 apud
1434 3033 1531 3072 nos
1576 3018 1803 3088 reperiri
1830 3028 2044 3087 putetur

2150 1844 2246 1897 καὶ
2272 1841 2491 1913 ζήσεται
2512 1858 2526 1872 °
2568 1861 2587 1893 ι
2616 1841 2730 1895 ἀλλ’
2766 1842 2907 1895 ἔοικε
2935 1841 3024 1894 τὸν
3050 1840 3180 1893 Θεὸν
3208 1839 3295 1892 διὰ
3324 1839 3525 1892 τούτων
3553 1838 3731 1891 αἰνίτ-

2148 1934 2335 1988 τεσθαι
2357 1934 2446 1986 τὸν
2474 1934 2569 1987 καὶ
2596 1933 2687 1986 ἐπὶ
2708 1934 2805 2003 τῆς
2828 1934 3031 2004 ἐρήμου
3062 1930 3471 2002 χρηματίσαντα
3490 1930 3731 1999 Μωῦσῆ,

2147 2025 2227 2095 τῷ
2262 2042 2319 2077 τε
2360 2024 2521 2077 παντὶ
2557 2023 2668 2093 λαῷ
2708 2022 3005 2094 ἑωραμένῳ
3044 2020 3135 2073 διά
3177 2020 3274 2091 τῆς
3318 2018 3733 2089 ἐμφαινομένης

2147 2119 2260 2180 τοῖς
2305 2118 2439 2169 πᾶσι
2466 2114 2623 2187 δόξης
2658 2116 2784 2187 περὶ
2812 2108 2880 2185 ἧς
2908 2114 3149 2184 εἴρηταιο
3185 2130 3204 2164 ι
3230 2110 3340 2164 Καὶ
3382 2109 3530 2182 ἐώρα
3566 2112 3677 2173 πᾶς
3702 2111 3731 2163 6

2147 2208 2275 2272 λαὸς
2305 2208 2402 2279 τὴν
2434 2208 2585 2273 δόξαν
2631 2206 2855 2278 Κυρίου.
2890 2224 2908 2257 ι

2225 2319 2244 2352 ι
2280 2300 2447 2354 Ὅταν
2481 2301 2638 2370 ποιῇς
2668 2298 2736 2351 τὰ
2769 2296 2975 2360 ἔνδοξα,
3001 2296 3203 2368 τρόμος
3234 2294 3460 2366 λήψεται
3491 2292 3602 2347 ἀπὸ
3632 2292 3728 2345 σοῦ

2146 2390 2268 2461 ὅρη.
2312 2388 2444 2441 Ἀπὸ
2484 2389 2574 2442 τοῦ
2602 2389 2793 2451 αίῶνος
2814 2388 2913 2441 οὐκ
2941 2386 3275 2456 ἠκούσαμεν,
3310 2385 3431 2438 οὐδὲ
3456 2383 3731 2454 ὀφθαλμοὶ

2144 2481 2302 2553 ἡμῶν
2324 2476 2461 2534 εἶδον
2487 2480 2616 2533 Θεὸν
2659 2480 2798 2551 πλήν
2826 2497 2939 2545 σου,
2977 2480 3071 2533 καὶ
3105 2478 3173 2532 τὰ
3204 2478 3339 2549 ἔργα
3380 2494 3495 2541 σου,
3533 2476 3569 2529 ἃ
3609 2493 3733 2529 ποι-

2147 2573 2299 2643 ήσεις
2333 2575 2443 2636 τοῖς
2474 2570 2832 2642 ὑπομένουσιν
2858 2571 3021 2625 ἔλεον.
3050 2570 3443 2640 Συναντήσεται
3475 2566 3588 2639 γὰρ
3616 2570 3731 2630 τοῖς

2146 2662 2356 2717 ποιοῦσι
2380 2663 2440 2716 τὸ
2463 2662 2689 2728 δίκαιον,
2725 2662 2818 2715 καὶ
2850 2662 2956 2714 τῶν
2996 2661 3130 2714 ὁδῶν
3175 2678 3267 2714 σου
3303 2660 3728 2731 μνησθήσονται.

2159 2754 2287 2807 Ἰδοὺ
2324 2755 2387 2807 σὺ
2412 2752 2708 2826 ὠργίσθης,
2747 2753 2840 2805 καὶ⁹
2871 2753 3031 2823 ἡμεῖς
3062 2752 3396 2823 ἡμάρτομεν.
3430 2748 3531 2801 Διά
3567 2748 3733 2803 τοῦτο

2145 2845 2526 2918 ἐπλανήθημεν
2558 2847 2650 2901 καὶ
2700 2844 3034 2918 ἐγενήθημεν
3074 2843 3149 2908 ὡς
3182 2842 3479 2914 ἀκάθαρτοι
3524 2842 3731 2904 πάντες

2145 2935 2332 3005 ἡμεῖς·
2364 2935 2439 2999 ὠς
2482 2935 2647 3004 ῥάκος
2686 2934 3110 3005 ἀποκαθημένης
3147 2933 3297 2984 πᾶσα
3341 2934 3373 3002 ἡ
3410 2930 3731 3000 δικαιοσύνη

2145 3023 2321 3095 ἡμῶν.
2374 3042 2393 3075 ι
2427 3024 2492 3077 El
2521 3024 2577 3077 δὲ
2609 3023 2700 3077 καί
2728 3042 2809 3088 τις
2835 3026 2892 3077 ἐν
2932 3024 3063 3093 ἡμῖν
3090 3018 3347 3091 ἐνομίσθη
3374 3017 3730 3090 εὑρίσκεσθαι

479 3103 688 3173 iustitia
725 3107 971 3175 actioque
1002 3108 1192 3177 proba,
1226 3122 1290 3163 ea
1338 3110 1586 3166 sordibus
1622 3111 1778 3181 plena
1804 3120 1857 3167 et
1886 3112 2041 3168 inde-

2153 3114 2453 3188 δικαιοσύνη
2486 3115 2580 3168 κα)⁵
2606 3115 2804 3187 πρᾶξις
2834 3113 3037 3179 δικαία,
3065 3112 3426 3185 ἐρῤυπωμένη
3458 3112 3552 3165 καὶ
3586 3111 3730 3182 αὑτὴ

484 3211 608 3251 cora
644 3212 768 3252 esse
797 3198 1235 3268 deprehenditur.

561 3290 719 3343 Vens.
765 3291 917 3344 7-H.
953 3309 972 3341 σ
1005 3292 1071 3344 Et
1103 3292 1419 3349 deﬂuximus
1458 3293 1611 3363 quasi
1653 3294 1777 3350 folia
1829 3305 2045 3366 propter

483 3382 797 3455 iniquitates
834 3392 1078 3439 nostras:
1106 3385 1185 3440 sic
1218 3397 1411 3443 ventus
1446 3386 1653 3442 auferet
1699 3402 1830 3451 nos,
1855 3400 1909 3443 et
1938 3403 2043 3443 non

482 3488 568 3533 est
602 3478 690 3545 qui
730 3474 942 3532 invocet
987 3490 1180 3531 nomen
1229 3486 1412 3545 tuum,
1462 3494 1562 3534 nec
1595 3479 1685 3548 qui
1736 3482 2043 3535 recordatus

483 3569 853 3637 apprehendat
882 3578 973 3625 te:
1010 3568 1263 3640 quoniam
1304 3569 1544 3626 avertisti
1595 3571 1791 3626 faciem
1840 3581 1985 3626 tuam
2012 3588 2042 3627 a

483 3661 661 3724 nobis,
694 3672 748 3713 et
791 3662 1056 3716 tradidisti
1086 3677 1183 3717 nos
1213 3673 1437 3733 propter
1468 3663 1778 3735 iniquitates
1806 3674 2039 3721 nostras.

480 3750 553 3805 Et
573 3766 732 3816 nunc,
764 3751 1007 3819 Domine,
1040 3753 1201 3809 Pater
1239 3765 1423 3810 noster
1455 3766 1536 3821 tu,
1564 3773 1662 3813 nos
1685 3773 1813 3815 vero
1846 3759 2039 3823 lutum,

480 3858 617 3911 opus
662 3859 915 3898 manuum
950 3854 1163 3900 tuarum
1210 3861 1419 3914 omnes,
1468 3864 1536 3903 ne
1585 3849 1838 3904 irascaris
1888 3850 2042 3905 nobis

481 3936 659 3997 valde,
712 3949 885 4003 neque
939 3936 990 3988 in
1042 3945 1286 4005 tempore
1342 3940 1652 3995 memineris
1688 3940 2032 4009 iniquitatum

485 4034 814 4078 nostrarum.
847 4025 911 4078 Et
945 4042 1089 4081 nunc
1119 4027 1352 4091 intuere,
1390 4030 1632 4097 Domine,
1663 4031 1915 4098 quoniam
1943 4046 2042 4100 po-

484 4114 640 4183 pulus
669 4126 790 4167 tuus
831 4130 1020 4170 omnes
1052 4132 1169 4171 nos.
1201 4118 1403 4172 Civitas
1447 4121 1619 4175 sancti
1657 4121 1729 4174 tui
1776 4120 1915 4175 facta
1960 4131 2043 4176 est

486 4206 694 4259 deserta
724 4204 852 4259 Sion
889 4223 902 4259 :
940 4216 998 4260 ut
1030 4207 1302 4262 desertum
1330 4209 1469 4263 facta
1498 4220 1582 4264 est
1607 4210 1928 4273 Jerusalem,
1986 4212 2039 4265 in

484 4296 921 4353 maledictionem
958 4303 1169 4362 domus,
1205 4308 1449 4352 sanctum
1482 4311 1748 4366 nostrum,
1790 4310 1843 4354 et
1871 4300 2037 4369 gloria

481 4387 568 4441 cui
597 4389 990 4443 benedixerunt
1018 4401 1199 4459 patres
1227 4389 1419 4453 nostri,
1446 4391 1568 4458 igne
1593 4390 1891 4456 combusta,
1922 4405 2038 4445 om-

482 4478 681 4547 niaque
711 4480 943 4549 gloriosa
968 4490 1152 4535 nostra
1184 4480 1554 4535 conciderunt.
1584 4482 1759 4551 Atque
1784 4481 1837 4535 in
1870 4482 2037 4535 muni-

482 4568 584 4625 bus
620 4570 738 4625 iStis
768 4572 1095 4640 sustinuisti,
1130 4572 1377 4637 Domine,
1408 4580 1464 4626 et
1513 4572 1746 4639 tacuisti,
1776 4580 1831 4628 et
1862 4572 2041 4628 humi-

483 4659 631 4715 liasti
664 4676 761 4716 nos
792 4662 969 4716 valde.
1002 4680 1023 4713 ι

1041 4750 1270 4808 CAPUT
1303 4751 1466 4807 LXV.

553 4838 714 4896 Vens.
757 4842 866 4896 1-5.
908 4860 926 4893 ι
958 4843 1193 4914 Apparui
1224 4860 1328 4899 non
1361 4844 1673 4915 rogantibus
1696 4859 1777 4899 me
1807 4860 1820 4898 :
1849 4845 2038 4901 inven-

480 4938 568 4987 tus
594 4948 711 4987 sum
739 4933 898 4987 abiis
926 4935 1018 5003 qui
1064 4950 1150 4989 me
1199 4951 1303 4990 non
1337 4936 1668 5005 quaerebant.
1705 4935 1822 4989 Dixi
1857 4951 1871 4988 :
1899 4936 2038 4991 Ecce

480 5026 693 5089 adsum,
726 5025 870 5093 genti
921 5040 1044 5093 quae
1096 5042 1203 5080 non
1260 5026 1536 5080 invocavit
1583 5041 1779 5080 nomen
1833 5040 2033 5081 meum.

481 5112 723 5179 Expandi
758 5128 948 5167 manus
988 5128 1136 5168 meas
1162 5122 1270 5168 tota
1305 5114 1390 5169 die
1416 5116 1480 5168 ad
1511 5115 1760 5183 populum
1790 5129 1896 5169 non
1934 5114 2035 5169 ob-

481 5210 892 5271 temperantem,
922 5211 970 5258 el
1018 5203 1502 5270 contradicentem,
1541 5203 1607 5257 iis
1627 5245 1641 5269 ,
1676 5203 1767 5273 qui
1796 5204 2038 5258 ambula-

480 5292 611 5346 bant
638 5293 690 5346 in
715 5294 799 5347 via
833 5310 935 5348 non
964 5296 1122 5361 bona,
1154 5295 1246 5348 sed
1270 5304 1391 5363 post
1410 5304 1629 5365 peccata
1655 5310 1773 5350 sua.
1804 5294 2038 5364 Papulus

482 5379 591 5443 hic,
619 5381 709 5449 qui
736 5384 1025 5438 exacerbat
1059 5398 1166 5449 me,
1212 5383 1267 5437 in
1297 5394 1589 5452 conspectu
1624 5399 1744 5439 meo
1774 5399 1986 5453 semper
2018 5402 2032 5438 :

485 5468 583 5537 ipsi
617 5470 894 5527 immolant
924 5474 978 5527 in
1014 5473 1211 5539 hortis,
1241 5483 1296 5530 et
1323 5474 1540 5529 adolent
1571 5475 1847 5531 incensum
1874 5490 2038 5546 super

564 5648 607 5679 ’³
630 5646 783 5704 Joau.
817 5665 855 5715 ι,
892 5649 980 5707 18.

2144 3207 2239 3262 καὶ
2259 3207 2451 3278 ἄτιμος
2479 3208 2819 3279 ὲλήλεγκται.

2218 3316 2237 3349 ε
2269 3298 2379 3352 Καὶ
2402 3297 2738 3369 ἐξερρύημεν
2760 3296 2835 3361 ὡς
2862 3296 3035 3367 φύλλα
3058 3295 3146 3349 διὰ
3166 3294 3265 3359 τάς
3290 3294 3519 3365 ἀνομίας
3534 3294 3724 3365 ,ἡμῶν

2141 3387 2315 3451 οὕτως
2353 3388 2552 3459 ἄνεμος
2584 3388 2719 3441 οἴσει
2751 3390 2927 3459 ἡμᾶς·
2966 3388 3057 3441 καὶ
3080 3375 3353 3441 οΰκ⁷έστιν
3380 3387 3409 3438 6
3434 3384 3731 3439 ἐπικαλού-

2144 3496 2305 3550 μενος
2334 3479 2395 3532 τὸ
2417 3478 2587 3549 ὄνομά
2608 3496 2720 3545 σου,
2743 3479 2838 3533 καὶ
2860 3482 2888 3533 ό
2916 3480 3172 3551 μνησθεὶς
3194 3479 3576 3534 ἀντιλαϐέσθαι
3604 3495 3726 3531 σου·

2139 3572 2220 3625 ὅτι
2251 3570 2597 3642 ἀπέστρεψας
2618 3571 2677 3624 τὸ
2704 3572 2988 3643 πρόσωπόν
3012 3588 3104 3624 σου
3132 3571 3225 3641 ἀφ’
3250 3570 3426 3643 ἡμῶν,
3462 3570 3555 3623 καὶ
3586 3587 3731 3641 παρ-

2140 3662 2347 3728 έδωκας
2393 3664 2538 3733 ἡμᾶς
2586 3660 2672 3715 διὰ
2727 3662 2826 3725 τὰς
2874 3661 3146 3736 ἁμαρτίας
3204 3661 3380 3732 ἡμῶν.
3438 3661 3549 3714 Kal.
3603 3660 3725 3723 νῦν,

2140 3756 2310 3826 Κύριε
2334 3794 2349 3820 ,
2377 3755 2565 3826 Πατὴρ
2606 3752 2762 3827 ἡμῶν
2801 3754 2886 3819 σὺ,
2919 3756 3081 3826 ἡμεῖς
3111 3753 3168 3808 δὲ
3210 3753 3398 3825 πηλὸς,
3439 3751 3577 3825 ἔργα
3611 3751 3726 3805 τῶν

2139 3848 2337 3919 χειρῶν
2370 3865 2462 3901 σου
2499 3849 2718 3912 πάντες,
2762 3849 2836 3919 μὴ
2870 3848 3086 3920 ὀργίζου
3120 3848 3252 3917 ἡμῖν
3287 3846 3514 3918 σφόδρα,
3553 3846 3629 3916 μὴ
3664 3847 3720 3899 ἐι.

2139 3937 2316 4010 καιρῷ
2350 3937 2593 4009 μνησθῇς
2628 3936 2911 4008 ἁμαρτιῶν
2940 3936 3117 4007 ἡμῶν.
3146 3935 3256 3989 Kal
3279 3935 3372 3989 νῦν
3406 3934 3725 4003 ἐπίϐλεψον,

2139 4028 2220 4081 ὅτι
2242 4028 2369 4092 λαός
2397 4046 2486 4081 σου
2514 4028 2712 4091 πάντες
2747 4029 2926 4099 ἡμεῖς.
2964 4027 3125 4091 Πόλις
3152 4024 3246 4079 τοῦ
3282 4025 3433 4094 ἁγίου
3468 4042 3563 4077 σου
3601 4027 3724 4093 ἐγε-

2138 4121 2271 4193 νήθη
2300 4122 2503 4192 ἔρημος
2545 4120 2703 4186 Σιὼν,
2746 4121 2820 4185 ὡς
2844 4121 3045 4192 ἔρημος
3072 4120 3302 4190 ἐγενήθη
3342 4119 3721 4191 Ἰερουσαλήμ,

2138 4214 2217 4275 είς
2256 4212 2497 4283 κατάραν
2525 4213 2552 4264 ὁ
2583 4209 2761 4276 οἶκος,
2809 4214 2868 4266 τὸ
2896 4212 3049 4281 ἆγιον
3090 4211 3267 4282 ἡμῶν,
3302 4211 3393 4265 καὶ
3426 4212 3458 4280 ἡ
3488 4210 3615 4274 δόξα
3651 4211 3722 4282 ἢν

2138 4303 2446 4373 ηύλόγησαν
2488 4305 2537 4356 οί
2582 4305 2813 4375 πατέρες
2857 4303 3036 4375 ἡμῶν,
3065 4302 3294 4374 ἐγενήθη
3327 4302 3719 4373 πυρίκαυστος,

2140 4393 2235 4445 καὶ
2286 4392 2465 4447 πάντα
2502 4393 2685 4457 ἔνδοξα
2725 4393 2879 4464 ἡμῶν
2943 4392 3222 4446 συνέπεσε.
3282 4393 3392 4446 Καὶ
3437 4392 3529 4444 ἐπὶ
3582 4394 3721 4445 πᾶσι

2138 4482 2347 4546 τούτοις
2387 4483 2637 4553 ἀνέσχου,
2688 4483 2879 4554 Κύριε,
2930 4485 3022 4537 καὶ
3053 4484 3387 4555 ἐσιώπησας,
3442 4485 3538 4538 καὶ
3590 4486 3722 4538 ἐτα-

2142 4572 2412 4635 πείνωσας
2450 4573 2599 4642 ἡμᾶς
2628 4571 2851 4643 σφόδρα.
2888 4589 2907 4622 ι

2633 4748 3029 4802 ΚΕΦΑΛΑῙΟΝ
3076 4748 3194 4802 EE’.

2219 4854 2238 4887 ι
2293 4837 2570 4909 Ἐμφανὴς
2600 4839 2864 4911 ἐγενήθην
2893 4842 3005 4903 τοῖς
3026 4840 3124 4909 ἐμὲ
3153 4838 3227 4910 μὴ
3258 4837 3596 4910 ἐπερωτῶσι,
3622 4840 3718 4893 εὑ-

2146 4925 2308 4997 ρέθην
2352 4931 2463 4992 τοῖς
2503 4929 2602 4998 ἐμὲ
2640 4929 2714 5001 μὴ
2755 4929 3025 4999 ζητοῦσιν.
3071 4926 3244 4983 Εἶπα·
3305 4929 3435 4983 Ἰδού
3484 4933 3603 5001 εἰμι
3635 4932 3715 5002 τῷ

2144 5016 2304 5080 ἔθνει,
2336 5018 2384 5071 οἳ
2410 5019 2509 5071 οὐκ
2541 5019 2803 5072 ἐκάλεσαν
2833 5038 2933 5091 μου
2955 5021 3014 5074 τὸ
3038 5021 3224 5091 ὄνομα.
3252 5020 3589 5085 Ἐξεπέτασα
3614 5022 3715 5086 τὰς

2142 5109 2329 5180 χεῖράς
2364 5127 2464 5179 μου
2502 5110 2630 5182 ὅλην
2656 5112 2755 5182 τὴν
2788 5112 2997 5183 ἡμέραν
3039 5112 3176 5183 πρὸς
3202 5112 3327 5165 λαὸν
3358 5112 3711 5174 ἀπειθοῦντα,

2139 5202 2234 5255 καί¹
2278 5202 2649 5271 ἀντιλέγοντα,
2690 5204 2817 5267 τοὺς
2851 5204 3248 5275 πορευομένους
3291 5204 3395 5274 ὁδῷ
3440 5206 3503 5257 οὐ
3546 5205 3718 5276 καλῇ,

2138 5290 2253 5344 ἀλλ’
2280 5292 2453 5346 ὀπίσω
2497 5292 2604 5346 τῶν
2652 5294 2932 5364 ἁμαρτιῶν
2984 5294 3179 5348 αὐτῶν.
3220 5295 3277 5348 '0
3317 5295 3443 5357 λαὸς
3485 5289 3639 5357 οὗτος
3682 5299 3712 5349 ὁ

2140 5384 2455 5454 παροξύνων
2495 5403 2561 5456 με
2592 5386 2830 5439 ἐναντίον
2858 5386 2990 5455 ἐμοῦ
3024 5385 3112 5438 διὰ
3135 5386 3333 5451 παντός
3356 5404 3372 5419 ο
3417 5388 3573 5443 αὐτοὶ
3618 5387 3712 5439 θνα

2143 5473 2415 5539 σιάζουσιν
2465 5475 2523 5531 ἐν
2558 5477 2668 5539 τοῖς
2708 5476 2936 5546 κήποις,
2986 5474 3079 5531 καὶ
3128 5474 3393 5545 θυμιῶσιν
3444 5476 3539 5530 ἐπὶ
3590 5479 3715 5543 ταῖς

1092 5651 1136 5685 ’⁵
1165 5651 1335 5709 Exod.
1367 5668 1561 5722 xum,
1595 5651 1685 5710 20.
1763 5653 1805 5686 ’⁷
1839 5651 1993 5710 Num.
2023 5668 2130 5719 xvr,
2170 5653 2254 5709 19.
