3880 6216
201 305 306 363 509

1156 297 1656 358 COMMENTARIA
1691 295 1759 351 1N
1791 292 2046 353 ISAIAM.
2083 324 2156 336 —-
2190 291 2348 349 CAP.
2383 289 2550 348 LXV.

3363 288 3466 346 510

198 427 443 490 πλίνθοις
466 426 581 490 τοῖς
604 422 926 497 δαιμονίοις,
947 423 985 478 ἀ
1008 423 1108 479 οὐκ
1132 422 1301 478 ἐστιν.
1341 441 1367 474 ι.
1397 420 1467 477 Εί
1508 439 1594 486 τις
1643 419 1782 474 θέλει

1891 416 2092 472 lateres
2125 412 2427 479 daemoniis,“
2452 425 2572 481 quae
2599 423 2706 466 non
2738 415 2888 466 sunt.
2913 406 3015 464 sSi
3041 407 3184 478 quis,
3208 405 3458 462 veritatis

197 519 488 592 φιλαλήθει
519 517 769 589 λογισμῷ
789 515 889 588 τὴν
917 517 1218 590 ἐμὴν-ὸρᾷν
1245 513 1675 587 φιλανθρωπίαν,
1705 512 1788 566 εῦ-

200 629 287 683 ροι
332 611 404 666 ἂν
430 610 703 681 φθάνοντά
732 627 800 680 με
831 611 953 674 ταῖς
1000 609 1341 680 εὐεργεσίαις
1383 607 1478 661 καὶ
1511 609 1635 670 τοὺς
1684 623 1788 677 μα-

195 706 341 778 κρὰν
371 703 691 774 ἀφεστῶτας
717 702 817 773 τῆς
840 702 982 773 ἐμῆς
1025 700 1302 770 γνώσεως.
1349 701 1558 754 Αὐτίκα
1585 698 1651 771 δὴ
1690 692 1786 752 οῦν

194 801 315 862 τοῖς
355 795 513 858 ἐκτὸς
553 794 912 867 μηδεπώποτε
941 792 1250 866 ἐρωτήσασὶ
1294 808 1361 862 με
1391 789 1611 862 ἐμφανῆ
1652 805 1784 842 κατ-

193 889 409 958 έστησα
460 886 697 959 ἐμαυτὸν
748 885 815 939 δι’
859 882 1301 956 ὑπερϐάλλουσαν
1341 879 1782 952 φιλανθρωπίαν·

197 982 345 1036 ὥστε
380 981 482 1053 ήδη
536 980 664 1044 τοὺς
705 979 1011 1048 ἀλλογενεῖς
1043 979 1138 1033 καὶ
1166 974 1494 1044 ἀλλοφύλους
1521 974 1620 1045 τὴν
1646 973 1784 1044 ἐμὴν

193 1074 403 1143 γνῶσιν
432 1069 802 1144 ἀνειληφέναι,
834 1072 1038 1143 καίπερ
1062 1070 1227 1143 μηδὲν
1251 1070 1331 1132 εἰς
1361 1066 1519 1120 τοῦτο
1545 1064 1787 1136 συμϐαλ-

194 1167 480 1238 λομένους.
535 1164 698 1219 Ἀλλά
751 1165 847 1219 καὶ
889 1167 1004 1228 τοῖς
1037 1163 1112 1235 μὴ
1164 1161 1441 1233 ζητήσασι.
1487 1158 1587 1229 τὴν
1645 1155 1786 1228 ἐμὴν

198 1259 366 1331 χάριν
397 1258 602 1330 ταύτης
629 1256 933 1330 μετέδωκα,
971 1255 1183 1325 φθάσας
1209 1269 1268 1306 τε
1307 1251 1406 1316 τὰς
1439 1250 1642 1324 ἐτέρων
1675 1265 1784 1302 πα-

201 1350 531 1422 ρακλήσεις·
567 1349 695 1419 πρὶν
725 1349 821 1403 καὶ
865 1346 1153 1412 εῦξασθαι,
1200 1345 1332 1418 πρὶν
1381 1343 1474 1397 καὶ
1512 1339 1785 1395 ἱκετεῦσαι

198 1441 424 1507 αὐτοὺς,
446 1437 599 1495 εἷπον
618 1456 634 1471 ο
681 1440 812 1494 Ἰδοὺ
843 1439 1096 1510 πάρειμι.

275 1550 296 1584 ι
339 1532 432 1584 Ἔν
459 1532 573 1594 τοῖς
605 1531 852 1602 μνήμασι
883 1530 975 1583 καὶ
1007 1531 1065 1582 ἐν
1085 1529 1197 1591 τοῖς
1231 1526 1516 1598 σπηλαίοις
1541 1522 1782 1594 κοιμῶν-

195 1640 288 1678 ται
317 1623 410 1676 διὰ
434 1621 660 1676 ἐνύπνια
696 1623 746 1674 οἱ
775 1621 1024 1684 ἔσθοντες
1057 1619 1227 1692 κρέας
1265 1619 1430 1684 ῦειον,
1467 1618 1560 1672 καὶ
1601 1615 1784 1686 ζωμὸν

197 1714 856 1788 θυσῶν,·μεμολυμμένα
899 1714 1076 1768 πάντα
1121 1712 1191 1767 τά
1257 1711 1425 1784 σκεύη
1473 1709 1671 1764 αὐτῶν.
1715 1710 1779 1762 Οἱ

193 1810 470 1878 λέγοντες,
499 1799 698 1878 Πόῤῥω
729 1806 826 1859 ἀπ’
854 1804 1012 1875 ἐμοῦ,
1044 1804 1116 1876 μὴ
1152 1803 1376 1878 ἐγγίσῃς
1410 1820 1520 1874 μοι,
1553 1801 1635 1855 ὅτι
1673 1816 1778 1854 κα-

194 1902 365 1974 θαρός
392 1895 530 1972 ἓίμι.
547 1892 713 1962 Οῦτος
734 1898 940 1961 καπνὸς
963 1895 1058 1951 τοῦ
1091 1895 1263 1967 θυμοῦ
1284 1912 1402 1967 μου.
1420 1892 1538 1964 Πῦρ
1563 1893 1778 1946 καίεται

194 1998 256 2052 ἐν
289 1993 444 2064 αὑτῷ
499 1993 680 2056 πάσας
716 1991 818 2055 τὰς
871 1989 1103 2061 ἡμέρας.
1153 1988 1284 2042 Ἰδοὺ
1335 1987 1642 2059 γέγραπται
1691 1987 1779 2038 ἐν-

191 2082 394 2140 ώπιόν⁶
416 2099 541 2154 μουο
577 2081 651 2137 ού
703 2081 966 2152 σιωπήσω
1002 2080 1108 2143 ἕως
1146 2080 1213 2133 ἂν
1250 2077 1514 2131 ἀποδώσω
1560 2077 1640 2140 εἰς
1688 2075 1778 2130 τὸν

192 2176 401 2240 κόλπον
431 2174 611 2230 αὐτῶν
635 2172 734 2238 τάς
760 2171 1038 2244 ἁμαρτίας
1064 2170 1247 2226 αὐτῶν
1265 2169 1358 2224 καὶ
1386 2169 1496 2222 τῶν
1527 2167 1778 2239 πατέρων

193 2270 399 2334 αὐτῶν,
448 2267 596 2337 λέγει
630 2265 856 2337 Κύριος.
905 2265 968 2318 Οἶ
999 2263 1302 2336 ἐθυμίασαν
1328 2262 1422 2315 ἐπὶ
1450 2261 1558 2315 τῶν
1609 2261 1778 2333 ὀρέων

192 2362 292 2416 καὶ
325 2361 420 2414 ἐπὶ
445 2359 554 2413 τῶν
584 2357 787 2430 βουνῶν
821 2357 1104 2411 ὠνείδισάν
1135 2373 1224 2427 με,
1256 2351 1520 2409 ἀποδώσω
1549 2352 1616 2406 τὰ
1641 2351 1778 2425 ἔργα

190 2453 377 2508 αὐτῶν
418 2453 499 2516 εἰς
541 2451 634 2505 τὸν
671 2450 870 2504 κόλπον
903 2449 1103 2504 αὐτῶν.
1135 2447 1323 2511 Οὕτως
1364 2446 1512 2515 λέγει
1549 2445 1772 2516 Κύριος·

195 2546 299 2600 Ὃν
329 2545 531 2617 τρόπον
564 2543 918 2615 εὑρεθήσεται
960 2541 988 2593 ὁ
1029 2540 1140 2614 ρὼξ
1194 2541 1251 2593 ἐν
1298 2537 1375 2610 τῷ
1431 2537 1635 2610 βότρυῖ,
1682 2537 1778 2591 καὶ

191 2636 383 2708 ἐροῦσι
403 2654 416 2666 ·
445 2637 537 2706 Μὴ
562 2635 776 2709 λυμήνῃ
794 2633 976 2699 αὐτὸν,
995 2635 1076 2688 ὅτι
1103 2631 1320 2702 εὐλογία
1341 2631 1488 2685 ἐστὶν
1519 2633 1577 2683 ἐν
1605 2629 1772 2700 αὐτῷ·

190 2730 371 2794 οὕτως
400 2730 612 2800 ποιήσω
635 2729 820 2781 ἕνεκεν
846 2726 940 2780 τοῦ
978 2725 1319 2788 δουλεύοντός
1347 2740 1456 2795 μοι.
1499 2742 1518 2774 ι
1559 2721 1698 2775 Ἀλλ’
1727 2721 1783 2774 εἴ

191 2822 302 2879 πού
337 2840 421 2886 τις
467 2821 618 2884 ἐντὸς
661 2819 841 2874 αὐτῶν
883 2817 1156 2890 εὑρεθείη,
1202 2817 1278 2880 ὼς
1325 2816 1382 2868 ἐν
1418 2814 1604 2886 βότρυῖ
1639 2810 1777 2885 ξηρᾷ

192 2914 359 2986 ὑγιὴς
405 2914 498 2967 καὶ
538 2911 852 2985 ἐρρωμένος
893 2909 1024 2981 ρὼξ,
1049 2910 1109 2963 οὐ
1135 2910 1472 2962 διαπεσεῖται
1495 2907 1627 2978 παρ’
1655 2906 1776 2977 ἐμοὶ

191 3006 274 3078 τῷ
308 3007 492 3076 κριτῇ,
524 3004 647 3058 οὐδὲ
675 3003 1056 3057 συναπολεϊται
1097 3004 1210 3065 τοῖς
1247 2999 1654 3071 ἀπολλυμένοις,
1686 2996 1774 3051 διά

1890 508 2070 564 studio
2093 514 2293 571 motus,
2330 518 2507 558 meam
2537 518 2662 574 erga
2687 501 2939 557 homines
2962 498 3306 555 clementiam
3341 511 3470 568 per-

1888 598 2124 670 pendere
2162 597 2315 665 velit,
2343 599 2390 652 is
2418 594 2658 650 inveniet
2686 609 2772 649 me
2805 608 3016 664 semper
3050 593 3133 650 vel
3161 608 3279 660 eos,
3303 593 3395 663 qui
3431 606 3464 646 ο

1887 690 2193 759 cognitione
2223 703 2343 743 mea
2373 686 2562 758 procul
2590 687 2780 742 remoti
2809 694 2990 751 erant,
3012 684 3290 740 beneflciis
3317 697 3464 752 prae-

1887 781 2122 836 venisse.
2174 781 2242 836 Et
2288 794 2418 836 vero
2449 780 2752 845 extraneis,
2798 778 2892 846 qui
2929 793 3014 833 me
3067 790 3338 846 nunquam
3380 774 3465 828 in-

1889 879 2306 940 terrogaveram
2341 911 2358 935 ,
2413 869 2484 925 ob
2536 869 2644 923 vim
2707 867 2935 923 allectus
2993 865 3122 932 mei,
3177 863 3465 920 manifeste

1887 962 2140 1030 apparui,
2172 962 2242 1016 ita
2269 969 2328 1015 ut
2361 961 2476 1031 iam
2522 961 2842 1032 alienigena;
2893 968 2949 1013 et
2980 957 3252 1029 peregrini
3287 957 3465 1023 cogni-

1887 1054 2088 1108 tionem
2124 1053 2228 1108 mei
2279 1052 2514 1108 assecuti
2559 1052 2709 1120 sint;
2748 1052 2848 1108 etsi
2879 1049 2954 1106 illi
2985 1047 3186 1104 nullam
3241 1061 3464 1116 operam

1885 1161 1949 1202 ea
1978 1147 2031 1200 in
2065 1160 2124 1200 re
2151 1145 2418 1200 dederint”.
2449 1144 2562 1200 lmo
2589 1145 2751 1198 etiam
2790 1143 2879 1208 iis,
2905 1143 2995 1212 qui
3028 1141 3256 1211 gratiam
3285 1154 3463 1196 meam

1886 1251 1996 1293 non
2052 1237 2392 1305 quaerebant,
2428 1250 2621 1305 preces
2655 1249 2848 1289 eorum
2900 1241 3233 1302 praeverteris
3287 1230 3460 1300 ipsam

1887 1325 2087 1382 tradidi
2121 1343 2134 1380 :
2172 1325 2488 1396 priusquam
2522 1331 2798 1396 rogarent,
2839 1323 3158 1395 priusquam
3189 1320 3462 1393 supplica-

1885 1426 2037 1482 rent,
2058 1417 2194 1482 dixi,
2218 1417 2358 1472 Ecce
2393 1418 2604 1471 adsum.

1959 1510 2118 1564 Vsus.
2151 1509 2268 1564 4-8.
2291 1528 2309 1560 ‹
2335 1509 2392 1563 ln
2428 1510 2692 1580 sepulcris
2712 1517 2768 1564 et
2799 1509 2853 1564 in
2887 1508 3162 1579 speluncis
3184 1506 3463 1562 dormiunt

1886 1609 2104 1670 propter
2130 1600 2366 1665 somnia,
2407 1601 2496 1670 qui
2547 1601 2838 1655 comedunt
2873 1615 3092 1656 carnem
3140 1598 3372 1663 suillam,
3405 1605 3463 1653 et

1882 1693 1971 1762 jus
2013 1691 2336 1756 hosﬁarum,
2374 1691 2600 1761 profana
2641 1706 2768 1745 vasa
2796 1691 2979 1746 omnia
3023 1705 3231 1746 eorum.
3260 1689 3463 1756 Quidi-

1885 1795 2032 1851 cunt,
2069 1785 2253 1854 Longe
2287 1800 2316 1838 a
2348 1798 2453 1847 me,
2482 1797 2550 1837 ne
2577 1782 2980 1853 appmpinques
3014 1781 3174 1849 mihi,
3202 1780 3458 1852 quoniam

1883 1879 2112 1932 mundus
2135 1892 2275 1932 sum.
2301 1875 2408 1931 Iste
2437 1884 2522 1930 est
2549 1875 2726 1929 fumus
2762 1875 2960 1930 furoris
2986 1874 3114 1929 mei.
3142 1872 3286 1944 Ignis
3308 1873 3462 1928 ardet

1881 1967 1934 2022 in
1967 1981 2032 2022 eo
2059 1967 2274 2022 cunctis
2293 1965 2502 2020 diebus.
2532 1965 2671 2020 Ecce
2688 1965 2945 2035 scriptum
2976 1975 3057 2019 est
3091 1965 3142 2017 in
3166 1975 3459 2034 conspectu

1880 2074 2042 2115 meo:
2081 2057 2195 2115 Non
2238 2060 2427 2114 tacebo
2489 2058 2663 2113 donec
2692 2058 2914 2113 reddam
2968 2057 3023 2112 in
3049 2057 3223 2112 sinum
3268 2072 3460 2111 eorum

1878 2160 2103 2222 peccata
2137 2153 2374 2222 ipsorum
2408 2159 2463 2206 et
2505 2158 2718 2220 patrum
2747 2163 2993 2213 suorum,
3023 2149 3152 2203 dicit
3177 2148 3458 2203 Dominus.

1879 2241 1980 2309 Qui
2009 2242 2363 2297 adoleverunt
2388 2241 2669 2296 incensum
2719 2255 2880 2310 supra
2928 2249 3141 2294 montes
3198 2249 3253 2293 et
3295 2254 3459 2310 supra

1879 2334 2044 2389 colles
2063 2331 2688 2403 exprobraveruntmibi,
2710 2331 3002 2384 retribuam
3022 2345 3181 2398 opera
3201 2345 3386 2384 eorum
3402 2331 3459 2387 in

1878 2425 2053 2480 sinum
2066 2440 2274 2481 eorum.
2293 2424 2383 2478 Sic
2394 2423 2822 2478 dicitDominus:
2839 2421 3294 2488 Quemadmodum
3309 2421 3462 2477 iuve-

1879 2517 2056 2572 nietur
2073 2517 2258 2571 acinus
2273 2515 2324 2570 in
2355 2515 2531 2580 botro,
2549 2513 2794 2569 etdicent
2813 2531 2826 2568 :
2847 2511 2924 2566 Ne
2934 2513 3126 2580 perdas
3142 2512 3311 2578 illum,
3333 2514 3459 2581 quia

1877 2609 2184 2665 benedictio
2210 2617 2292 2663 est
2320 2608 2374 2661 in
2397 2606 2488 2662 illo
2524 2623 2539 2672 ;
2570 2607 2648 2661 sic
2669 2605 2861 2660 faciam
2887 2616 3105 2675 propter
3127 2605 3456 2659 servientem

1878 2697 2033 2752 mihi.
2067 2716 2086 2750 ι
2125 2697 2233 2752 Sed
2275 2696 2319 2751 si
2352 2695 2473 2766 quis
2533 2695 2675 2748 inter
2719 2709 2815 2749 eos
2854 2694 3180 2762 reperiatur,
3219 2693 3359 2748 sicut
3402 2693 3457 2747 in

1875 2792 2037 2847 botro
2062 2790 2234 2854 arida,
2255 2803 2421 2845 sanus
2448 2785 2771 2855 vividusque
2789 2785 2999 2850 acinus,
3025 2799 3128 2839 non
3147 2785 3303 2838 cadet
3318 2782 3458 2852 apud

1877 2898 1964 2938 me
1995 2883 2252 2954 iudicem,
2305 2895 2484 2951 neque
2519 2895 2640 2935 cum
2683 2877 3040 2949 pereuntibus
3075 2875 3294 2946 peribit,
3331 2874 3458 2942 quia

1881 2974 2280 3037 benedictionis
2315 2973 2595 3043 particeps
2617 2980 2720 3026 est.
2747 2967 2920 3024 Tanto
2948 2976 3127 3022 autem
3169 2965 3460 3037 pretiosior

293 3058 542 3166 μέτέγξειν
559 3093 725 3147 αὐτὸν
749 3092 1015 3162 εὐλογίας.
1055 3058 1210 3144 Ούτώ
1231 3089 1289 3144 δέ
1320 3058 1470 3144 ἐσται
1494 3091 1522 3142 ὁ
1688 3082 1779 3144 οῦ-

1890 3071 2028 3142 apud
2061 3084 2148 3127 me
2176 3067 2280 3124 erit
2314 3067 2404 3122 hic
2443 3067 2654 3130 acinus,
2700 3071 2905 3134 quanto
2954 3061 3154 3116 rarior.
3193 3061 3274 3114 Ad
3313 3058 3458 3113 hunc

194 3203 288 3250 τος
321 3185 501 3256 τίμιος
539 3183 669 3256 παρ’
702 3183 854 3254 ἐμοὶ,
883 3183 993 3253 ὅσῳ
1030 3182 1125 3236 καὶ
1161 3180 1403 3243 σπάνιος.
1438 3179 1599 3233 Κατὰ
1623 3179 1782 3233 τοῦτο

195 3277 254 3332 δέ
286 3277 350 3331 τὸ
379 3276 728 3348 παράδειγμα
749 3274 842 3329 καὶ
873 3274 964 3327 ἐπὶ
982 3271 1076 3326 τοῦ
1106 3270 1308 3334 παντὸς
1336 3269 1522 3334 ἐθνους
1550 3270 1781 3341 ποιήσω,

197 3371 359 3442 εἴπερ
407 3386 490 3433 τις
539 3367 786 3440 εὑρεθείη
824 3367 918 3419 καὶ
962 3365 1020 3418 ἐν
1055 3362 1264 3426 τούτοις
1305 3361 1575 3432 σωτηρίας
1611 3361 1781 3427 ἄξιος.

277 3481 296 3513 ι
329 3460 536 3514 Τούτου
561 3460 747 3512 ἐνεκεν
781 3459 840 3511 οὑ
869 3458 945 3530 μὴ
974 3454 1224 3509 ἀπολέσω
1245 3454 1474 3520 πάντας,
1496 3453 1589 3506 καὶ
1611 3451 1784 3521 ἐξάξω

196 3553 259 3606 τὸ
287 3549 350 3616 ἐξ
393 3550 589 3604 Ἰακὼϐ
624 3550 846 3621 σπέρμα
879 3549 972 3602 καὶ
992 3547 1050 3614 ἐξ
1095 3545 1291 3600 Ἰούδα’
1329 3545 1425 3598 καὶ
1447 3543 1785 3615 κληρονομή-

198 3661 284 3697 σει
319 3643 381 3696 τὸ
428 3643 553 3714 ὅρος
595 3641 657 3695 τὸ
690 3641 844 3710 ἆγιόν
877 3655 1011 3711 μουο
1042 3639 1137 3692 καὶ
1188 3638 1688 3709 κληρονομήσουσιν
1734 3637 1784 3690 οἰ

199 3735 450 3789 ἐκλεκτοί
498 3751 599 3805 μου
649 3733 744 3786 καὶ
780 3733 831 3785 οἱ
863 3730 1042 3786 δοῦλοί
1082 3747 1207 3801 μου,
1235 3729 1330 3782 καὶ
1366 3728 1784 3799 κατοικήσουσιν

199 3829 338 3883 ἐκεῖ.
381 3849 401 3880 ι
441 3828 515 3880 Τὸ
552 3825 756 3897 ἀγαθὸν
805 3827 900 3879 καὶ
948 3824 1172 3878 σπάνιον
1224 3824 1478 3894 σπέρμα,
1515 3820 1715 3891 δηλαδὴ
1757 3821 1786 3872 ὁ

198 3919 564 3983 ἀποστολικὸς
607 3918 763 3990 χορὸς
815 3917 911 3971 τοῦ
964 3916 1202 3988 πλήθους
1247 3915 1356 3969 τῶν
1400 3912 1786 3984 ἀπολλυμένων

199 4011 539 4084 ἀφορισθείς.
572 4011 742 4066 Πάλιν
775 4009 1052 4064 κάνταῦθα
1102 4007 1392 4072 ἐκλεκτοὺς
1426 4006 1520 4060 καὶ
1569 4005 1786 4067 δούλους

198 4103 368 4160 αὐτοῦ
407 4105 534 4168 τοὺς
574 4103 905 4167 ἀποστόλους
939 4100 1216 4173 σημαίνει,
1266 4100 1460 4163 οἵτινες
1499 4097 1574 4162 ὡς
1613 4096 1787 4169 ρῶγες

197 4197 494 4270 εὕρηνται·
537 4195 631 4259 οὒς
657 4195 750 4249 καὶ
775 4194 1135 4266 ἐκλεξάμενος
1161 4191 1550 4264 περιφυλάττει
1583 4191 1647 4242 ἐκ
1679 4187 1788 4242 τῶν

199 4291 431 4360 ἐτέρων,
467 4288 564 4342 καὶ
598 4287 821 4360 σπέρμα
844 4287 997 4355 ἅγιον
1027 4286 1122 4338 καὶ
1152 4283 1404 4338 ἐκλεκτὸν
1429 4282 1730 4354 ὠνόμασεν.

277 4397 298 4431 ι
329 4379 443 4432 Καὶ
472 4378 686 4431 ἔσονται
713 4379 771 4430 ἐν
791 4375 870 4447 τῷ
896 4375 1086 4448 δρυμῷ
1107 4373 1364 4438 ἐπαύλεις
1387 4373 1672 4444 ποιμνίων.
1693 4372 1788 4426 καὶ

200 4469 428 4542 φάραγξ
471 4468 648 4540 ’Δχὼρ
675 4471 755 4532 εἰς
774 4439 1080 4522 ἀνάπαυσιν
1107 4464 1397 4536 βουκολίων
1417 4439 1496 4534 τῶ
1511 4462 1626 4534 λαῷ
1657 4480 1780 4534 μου,

1894 4448 2050 4503 vallis
2082 4445 2264 4500 Achor
2301 4445 2352 4497 in

199 4563 252 4617 οἶ
311 4561 588 4634 ἐζήτησάν
623 4577 756 4632 με.»
799 4556 1017 4631 Δρυμὸν
1065 4557 1122 4612 δέ
1169 4555 1357 4611 εἴωθεν
1406 4558 1441 4628 ἡ
1487 4555 1677 4628 Γραφὴ
1722 4555 1785 4609 τὺ

199 4655 418 4726 ¹πλῆθος
440 4655 550 4707 τῶν
575 4652 890 4724 ἀλλοφύλων
909 4652 1096 4706 καλεῖν
1123 4650 1218 4704 καὶ
1257 4647 1558 4718 ἀλλογενῶν
1581 4647 1750 4702 ἐθνῶν
1767 4664 1782 4679 ο

202 4749 263 4802 ἐν
288 4743 372 4812 οἷς
407 4745 664 4810 ἐπαύλεις
702 4744 968 4816 ποιμνίων
993 4741 1211 4797 ἐσεσθαι
1239 4741 1520 4806 θεσπίζει,
1562 4739 1660 4804 τὰς
1693 4741 1787 4794 ἐκ-

202 4838 437 4910 κλησίας
460 4837 572 4892 τῶν
598 4835 693 4891 τοῦ
739 4835 875 4890 Θεοῦ
905 4834 1190 4907 προϐάτων
1223 4833 1610 4904 αἰνιττόμενος.
1644 4831 1788 4895 Λαὸς

202 4933 260 4987 δὲ
281 4935 310 4987 ὁ
343 4930 652 5002 ἐκζητήσας
672 4929 834 4983 αὐτὸν
858 4930 886 4982 ὁ
918 4927 1029 5001 ρὼξ
1054 4922 1123 5000 ἦν
1152 4927 1248 4982 καὶ
1279 4925 1341 4979 τὸ
1354 4924 1611 4996 ἀνωτέρω
1635 4925 1788 4997 εἰρη-

209 5023 372 5096 μένον
407 5021 632 5092 σπέρμα
670 5021 722 5073 οἱ
772 5019 1019 5074 ἐκλεκτοὶ
1057 5017 1267 5072 δοῦλοι·
1311 5016 1378 5070 δι’
1409 5007 1483 5070 ὧν
1535 5015 1789 5086 βουκόλια

207 5113 348 5185 βοῶν
391 5113 490 5167 καὶ
540 5111 766 5183 ποίμνια
806 5109 1176 5182 συστήσασθαι
1209 5109 1308 5162 οὐκ
1338 5109 1394 5161 ἐν
1437 5105 1516 5177 τῷ
1556 5105 1792 5178 Ἰσιραὴλ,

206 5207 327 5260 οὐδὲ
348 5207 409 5259 ἐν
549 5203 817 5258 Ἰουδαίων
841 5203 1016 5275 χώρᾳ,
1043 5200 1178 5256 ἀλλά
1209 5203 1266 5254 ἐν
1294 5200 1373 5270 τῷ
1399 5198 1590 5272 δρυμῷ
1616 5200 1710 5253 καὶ
1731 5199 1790 5252 ἐν

1881 3164 2042 3234 plane
2056 3161 2272 3217 modum
2303 3169 2358 3215 et
2383 3159 2612 3214 formam
2643 3171 2764 3212 cum
2793 3163 2950 3223 gente
2978 3161 3092 3209 tota
3121 3167 3236 3208 rem
3276 3165 3454 3222 agam,

1883 3255 1932 3311 si
1965 3255 2088 3325 quis
2108 3267 2277 3324 penes
2304 3251 2427 3307 illos
2448 3249 2749 3321 reperiatur
2775 3246 2950 3303 salute
2972 3245 3180 3315 dignus.

1954 3434 2118 3490 Vsus.
2145 3433 2197 3489 9.
2225 3451 2244 3484 ι
2272 3429 2396 3486 Ideo
2427 3444 2532 3484 non
2572 3427 2796 3497 perdam
2832 3438 3040 3490 omnes,
3067 3430 3123 3476 et
3143 3421 3369 3476 educam
3388 3416 3459 3472 de

1882 3526 2049 3582 Jacob
2071 3540 2275 3589 semen,
2296 3531 2350 3578 et
2375 3523 2440 3576 de
2460 3520 2594 3576 Juda
2618 3537 2632 3574 :
2653 3529 2707 3575 et
2740 3517 3040 3588 possidebit
3063 3523 3298 3568 montem
3324 3524 3457 3565 san-

1885 3629 2030 3674 ctum
2052 3631 2228 3671 meum
2253 3631 2268 3668 :
2298 3624 2351 3670 et
2371 3613 2767 3669 haereditabunt
2785 3610 2940 3666 electi
2964 3607 3068 3662 mei
3089 3615 3144 3660 et
3164 3603 3306 3660 servi
3328 3601 3456 3665 mei,

1884 3719 1938 3764 et
1963 3706 2284 3765 habitabunt
2314 3705 2410 3759 ibi.
2441 3722 2459 3756 ι
2481 3703 2685 3757 Bonum
2711 3711 2766 3755 et
2799 3712 2978 3752 rarum
3014 3710 3221 3758 semen,
3260 3691 3456 3745 videli-

1886 3811 1971 3857 cet
2013 3799 2341 3871 apostolicus
2371 3798 2606 3862 chorus,
2653 3809 2682 3847 a
2727 3790 3074 3862 pereuntium
3115 3783 3460 3842 multitudine

1887 3901 2282 3964 sequestratus.
2297 3889 2396 3944 llic
2419 3903 2632 3943 rursum
2659 3886 2861 3940 electos
2884 3892 2938 3938 et
2956 3894 3142 3938 servos
3169 3893 3296 3934 suos
3319 3890 3450 3946 apo-

1888 3987 2055 4045 stolos
2077 3995 2259 4052 vocat,
2292 3983 2384 4052 qui
2409 3981 2558 4035 velut
2580 3977 2720 4034 acini
2746 3975 2948 4046 reperti
2976 3980 3128 4038 sunt,
3159 3984 3297 4041 quos
3324 3968 3455 4023 item

1887 4083 1956 4137 ab
1978 4095 2036 4136 se
2057 4079 2259 4135 electos
2276 4092 2343 4131 ex
2371 4075 2493 4130 aliis
2515 4071 2772 4138 servavit,
2804 4077 2862 4125 et
2898 4080 3086 4124 semen
3123 4072 3369 4120 sanctum
3401 4066 3460 4115 et

1887 4175 2119 4232 electum
2160 4169 2394 4226 vocavit.

1958 4353 2128 4410 Vsus.
2164 4352 2247 4407 ιυ.
2281 4368 2302 4402 ι
2343 4350 2413 4405 Ει
2452 4354 2611 4419 erunt
2645 4345 2696 4400 in
2725 4342 2865 4399 saltu
2908 4338 3078 4397 caulae
3116 4346 3364 4407 gregum,
3401 4335 3458 4385 et

2395 4440 2636 4510 requiem
2677 4444 3049 4491 armentorum
3087 4427 3286 4500 populo
3313 4435 3460 4486 meo,

1893 4543 1985 4615 qui
2010 4540 2336 4612 quasierunt
2361 4549 2467 4589 me.
2498 4553 2517 4584 ι
2539 4531 2690 4587 Solet
2721 4529 3002 4597 Scriptura
3037 4521 3460 4588 alienigenarum

1857 4633 1860 4636 ’
1894 4613 1951 4691 et
1979 4642 2359 4690 extranearnm
2383 4625 2620 4699 gentium
2649 4620 3051 4679 multitudinem
3075 4613 3272 4670 saltum
3296 4622 3462 4663 voca-

1894 4743 1975 4793 re,
2011 4729 2064 4781 in
2095 4724 2291 4795 quibus
2330 4697 2516 4776 caulas
2549 4731 2770 4790 gregum
2820 4713 2936 4767 fore
2982 4708 3334 4767 vaticinatur,
3366 4697 3463 4754 Del

1883 4821 2067 4883 ovium
2107 4815 2366 4873 ecclesias
2413 4811 2782 4868 subindicans.
2824 4803 3060 4873 Populus
3093 4813 3222 4855 vero
3249 4795 3342 4866 qui
3369 4807 3466 4848 cx-

1887 4913 2110 4990 quisivit
2131 4925 2277 4973 eum,
2306 4907 2495 4962 acinus
2514 4909 2654 4967 erat,
2695 4909 2751 4955 et
2775 4913 2958 4954 semen
2991 4893 3238 4965 superius
3261 4901 3468 4943 memoo

1892 4983 2069 5064 ratum
2094 5043 2109 5069 ,
2144 5001 2308 5056 electi
2353 4999 2471 5069 ejus
2508 4995 2694 5050 famuli
2724 5009 2738 5048 :
2772 5007 3006 5064 quorum
3055 5005 3218 5060 Opera
3279 4983 3467 5042 caulas

1891 5102 2053 5156 boum
2091 5103 2146 5149 et
2183 5091 2345 5148 ovilia
2379 5106 2486 5144 non
2512 5089 2566 5143 in
2603 5085 2825 5150 lsraele,
2855 5083 3100 5154 nequein
3132 5079 3337 5143 Iudaea,
3371 5077 3466 5131 sed

1895 5193 1950 5247 in
1975 5189 2113 5246 saltu
2157 5195 2213 5242 et
2257 5185 2308 5238 in
2353 5191 2653 5237 memorata
2689 5177 2829 5234 valle
2871 5175 3052 5232 Achor
3089 5169 3468 5228 constituenda

1895 5298 2017 5340 esse
2045 5277 2394 5350 praenuntiat.

1966 5375 2133 5431 Vsus.
2171 5371 2260 5437 ll,
2294 5369 2384 5423 12.
2413 5387 2432 5420 ι
2463 5365 2572 5422 Vos
2599 5374 2806 5430 autem,
2833 5362 2926 5433 qui
2954 5357 3322 5430 dereliquistis
3361 5369 3466 5421 me,

1893 5479 1952 5526 et
1976 5465 2127 5524 obliti
2155 5463 2287 5520 estis
2301 5461 2499 5517 montis
2521 5459 2690 5514 sancti
2717 5457 2844 5521 mei,
2868 5455 2958 5526 qui
2983 5453 3186 5525 paratis
3208 5448 3471 5506 deamouio

1899 5575 2164 5626 mensam,
2200 5570 2255 5615 et
2281 5558 2371 5627 qui
2407 5555 2644 5626 impletis
2677 5554 2904 5608 fortuna:
2935 5550 3188 5605 libamen.
3209 5547 3322 5620 Ego
3362 5555 3471 5600 tra—

166 5355 174 5366 ,
206 5297 563 5371 «τῇ-λεχθείσῃ
597 5297 842 5367 φάραγγι
886 5294 1064 5367 Ἀχὼρ
1086 5291 1438 5366 προφητεύει.

169 5381 178 5468 ι
285 5409 305 5442 ι
351 5389 544 5461 Ὑμεῖς
589 5387 647 5441 δέ
682 5388 732 5441 οἱ
766 5386 1223 5456 ἐγκαταλιπόντες
1259 5401 1348 5456 με,
1379 5383 1475 5437 καὶ
1506 5380 1794 5438 ἐπιλανθα-

209 5484 426 5554 νόμενοι
459 5483 521 5534 τὸ
555 5479 679 5552 ὄρος
711 5479 770 5533 τὸ
807 5479 962 5548 ἀγιόν
996 5495 1128 5550 μου,
1175 5476 1270 5531 καὶ
1305 5475 1682 5547 ἐτοιμάζοντες
1713 5473 1792 5546 τῷ

211 5575 475 5646 δαιμονίῳ
528 5571 847 5646 τράπεζαν.
900 5572 997 5626 καὶ
1048 5569 1380 5642 πληροῦντες
1420 5570 1486 5640 τῇ
1527 5567 1665 5639 τύχῃ
1702 5567 1794 5621 κέ-

218 5641 421 5739 ρασμα.
445 5641 606 5736 ’Ἐγώ
632 5662 942 5736 παραδώσω
970 5663 1117 5737 ὑμᾶς
1146 5641 1227 5728 είς
1252 5663 1558 5735 μάχαιρανο
1595 5659 1782 5724 πάντες

1903 5661 2026 5713 dam
2069 5669 2166 5710 vos
2213 5653 2266 5708 in
2304 5649 2540 5722 gladium
2585 5667 2598 5702 :
2640 5660 2830 5702 omnes
2872 5643 2924 5698 in
2973 5642 3118 5699 caede
3159 5641 3469 5697 corruetis:

217 5737 272 5814 ἐν
302 5737 484 5830 σφαγῇ
507 5756 760 5812 πεσεῖσθε
782 5775 795 5788 ·
832 5757 928 5812 ὄτι.
948 5757 1182 5813 ἐκάλεσα
1212 5757 1376 5828 ὑμᾶς,
1421 5757 1515 5812 καὶ
1534 5756 1630 5826 οὐχ
1663 5754 1782 5823 ὑπη·

1904 5749 2159 5821 quoniatn
2183 5745 2367 5803 vocavi
2393 5757 2507 5811 vos,
2537 5749 2590 5798 et
2613 5757 2716 5799 non
2749 5738 3076 5806 audivistis;
3107 5737 3316 5792 locutus
3330 5745 3470 5798 sum,
