3858 6214
453 301 552 358 5H

1129 299 1402 358 EUSEBII
1439 302 1918 361 CIESARIENSIS
1953 302 2103 360 OPP.
2143 299 2324 356 PARS
2362 299 2450 357 ιιι.
2490 331 2560 341 -
2592 268 3002 358 EXEGETJCA.

3609 295 3716 355 819

454 428 510 475 et
540 417 964 490 Eoiitémpsistis,
983 425 1036 474 et
1058 417 1265 476 fecistis
1295 421 1488 476 malum
1508 423 1558 477 in
1573 434 1864 494 conspectu
1887 439 2023 490 meo,

2133 421 2230 476 κού
2238 439 2363 476 σατε
2378 421 2488 493 (42)
2497 437 2511 452 ο
2528 421 2691 492 ὲλάλη
2699 439 2766 475 σα
2779 422 2873 475 καὶ
2892 438 2969 476 πα
2975 419 3142 492 ρηκού
3148 435 3276 474 σατε
3285 459 3300 484 ,
3313 419 3408 472 καὶ
3419 418 3580 491 smn;
3587 437 3686 474 σατ
3706 443 3713 474 τ

455 524 509 570 et
533 529 653 583 quae
697 513 945 568 nolebam
978 512 1241 584 elegistis.
1283 532 1300 565 ι
1338 515 1603 581 Quoniam
1647 532 1746 586 ego
1785 518 1900 586 ipse
1935 518 2027 586 qui

453 621 548 661 vos
584 605 871 675 praesentia
913 620 1031 660 mea
1077 606 1268 675 dignos
1312 606 1514 673 habui,
1566 622 1664 662 vos
1697 608 1906 676 priores
1935 623 2030 676 per

453 699 834 768 inemetipsum
879 698 1089 763 vocavi,
1140 713 1238 754 vos
1280 710 1462 754 autem
1509 715 1617 754 non
1657 701 1976 757 obedivistis
2011 716 2025 752 :

451 809 614 860 quam
648 793 779 846 item
805 791 1246 846 criminationem
1284 794 1436 862 prius
1465 789 1758 847 eli'erebam
1796 792 1879 846 bis
1909 807 2032 846 ver-

451 885 555 951 bis,
589 904 607 937 (
651 885 789 952 Quia
819 885 964 951 veni,
993 894 1052 941 et
1089 901 1196 940 non
1219 895 1338 941 erat
1368 886 1562 952 homo;
1587 885 1799 953 vocavi,
1839 895 1895 940 et
1923 902 2028 940 non

449 986 570 1033 erat
600 979 691 1048 qui
735 978 972 1033 audiret.
1003 997 1022 1030 ι
1055 977 1292 1034 Rursum
1323 978 1376 1034 in
1410 979 1665 1050 populum
1703 979 1839 1033 tales
1862 991 1995 1032 accu
2015 1009 2028 1019 -

451 1069 691 1124 sationes
737 1069 991 1135 instituit,
1027 1067 1228 1122 docens
1263 1082 1322 1123 se
1343 1106 1359 1132 ,
1399 1077 1583 1138 utpote
1613 1066 1807 1130 Deum,
1840 1067 1933 1136 qui
1963 1067 2030 1120 ad

443 1159 671 1228 justitize
695 1161 949 1214 trutinam
975 1161 1156 1214 omnia
1204 1159 1392 1224 faciat,
1429 1173 1705 1229 nunquam
1754 1158 2032 1227 neglectu-

451 1269 572 1309 rum
604 1268 699 1308 eos
736 1267 881 1318 esse,
920 1254 1012 1324 qui
1045 1252 1147 1307 sibi
1179 1251 1374 1322 quovis
1403 1251 1458 1306 in
1502 1250 1623 1306 loco
1670 1250 1933 1315 serviant,
1963 1265 2029 1304 ex

442 1363 779 1419 quacunque
821 1357 982 1419 gente
1030 1346 1255 1402 fuerint.
1296 1345 1498 1402 Omnes
1533 1345 1768 1416 quippe,
1799 1345 1891 1415 qui
1927 1345 2030 1400 sibi

450 1439 662 1494 servire
703 1447 1036 1509 praponunt,
1072 1437 1246 1493 salute
1275 1437 1460 1492 donat.
1495 1437 1644 1507 Ipsos
1673 1437 1840 1508 igitur
1877 1437 2030 1492 exci—

345 1546 358 1554 '
450 1533 590 1602 piet,
622 1549 687 1588 ac
720 1534 788 1588 iis
827 1532 1104 1589 caelestem
1147 1533 1326 1588 cibum
1361 1531 1753 1604 suppeditabit,
1791 1531 2032 1589 salutare

450 1639 648 1692 nempe
678 1624 939 1690 Verbum,
976 1623 1119 1694 quod
1143 1622 1241 1690 ait,
1271 1640 1292 1674 ι
1335 1623 1447 1691 Ego
1476 1637 1594 1678 sum
1627 1622 1806 1693 panis,
1837 1623 1928 1692 qui
1963 1622 2032 1678 de

449 1715 591 1771 caelo
621 1716 876 1772 descendi
901 1717 968 1770 ’⁸.
1001 1735 1020 1769 ι
1057 1715 1124 1770 Ει
1177 1715 1233 1770 bi
1287 1715 1505 1785 quidem
1560 1725 1862 1770 memorato
1893 1731 2030 1784 pane

449 1809 762 1863 nutrientur
791 1817 845 1864 et
870 1809 1296 1874 saturabuntur;
1329 1823 1428 1863 vos
1461 1817 1666 1872 autem,
1715 1807 1910 1877 inquit,
1939 1809 2031 1878 qui

447 1902 683 1973 gratiam
709 1917 882 1956 meam
913 1916 1021 1957 non
1049 1900 1390 1972 suscepistis,
1430 1899 1772 1955 rationabilis
1798 1899 1904 1954 cibi
1934 1914 2030 1970 pe-

449 1993 608 2048 nuria
634 1994 889 2049 esurietis
915 2011 931 2049 :
962 1994 1200 2064 itemque
1229 1993 1319 2064 qui
1347 1993 1478 2048 mihi
1519 1991 1763 2048 serviunt
1805 1991 2031 2047 immor-

449 2085 577 2142 talis
635 2086 761 2140 vita:
814 2097 942 2156 potu
992 2087 1368 2156 replebuntur,
1420 2084 1489 2140 de
1530 2099 1639 2155 quo
1683 2084 1889 2140 dictum
1921 2093 2027 2150 est,

453 2196 473 2230 ι
517 2177 838 2248 Quicunque
875 2179 1075 2234 biberit
1110 2195 1179 2234 ex
1217 2193 1357 2247 aqua
1400 2192 1564 2249 quam
1605 2192 1707 2245 ego
1749 2178 1886 2234 dabo
1935 2177 2024 2242 ei,

447 2269 545 2327 ﬁet
578 2271 632 2326 in
659 2287 724 2328 eo
750 2272 869 2327 fons
896 2288 1048 2344 aqua:
1074 2271 1324 2329 salientis
1349 2272 1406 2326 in
1431 2270 1596 2325 vitam
1624 2271 1968 2326 aaternam”.
2003 2293 2022 2324 ο

432 2428 441 2486 τ
517 2451 683 2508 Vsus.
719 2453 902 2509 15-15.
927 2474 946 2504 ι
978 2453 1272 2525 Pr0pterea
1289 2454 1407 2510 haec
1430 2453 1564 2510 dicit
1589 2453 1871 2520 Dominus,
1891 2453 2030 2509 Ecce

445 2543 537 2614 qui
569 2545 813 2599 serviunt
839 2545 973 2600 mihi
1019 2547 1340 2614 comedent;
1370 2561 1469 2602 vos
1512 2556 1694 2602 autem
1721 2547 1977 2603 esurietis
2011 2563 2024 2599 :

445 2653 574 2694 ecce
589 2640 681 2709 qui
699 2640 942 2696 serviunt
961 2642 1094 2696 mihi
1111 2640 1321 2706 bibent,
1335 2654 1433 2696 vos
1449 2651 1630 2696 autem
1650 2641 1851 2696 sitietis
1870 2659 1885 2695 :
1901 2653 2029 2696 ecce

443 2733 538 2803 qui
580 2733 831 2788 serviunt
861 2732 992 2788 mihi
1030 2733 1377 2799 laetabuntur,
1401 2748 1497 2788 vos
1512 2743 1694 2789 autem
1729 2733 2028 2789 confunde-

446 2825 581 2879 ntini
615 2841 630 2878 :
668 2840 798 2881 ecce
821 2826 913 2895 qui
943 2826 1186 2881 serviunt
1208 2825 1340 2881 mihi
1364 2826 1716 2882 exsultabunt
1739 2827 1792 2881 in
1821 2825 2024 2890 latitia,

444 2930 544 2971 vos
565 2923 748 2971 autem
771 2916 1078 2972 clamabitis
1104 2925 1326 2988 propter
1357 2916 1598 2972 dolorem
1629 2918 1812 2973 cordis
1837 2917 2022 2985 vestri,

439 3016 544 3062 eta
568 3009 895 3063 contritione
921 3009 1146 3078 spiritus
1167 3009 1338 3065 vestri
1369 3009 1663 3067 ululabilis.
1687 3010 2025 3082 Relinquetis

445 3099 593 3153 enim
629 3115 824 3155 nomen
856 3109 1099 3156 vestrum
1128 3102 1182 3156 in
1227 3103 1572 3157 saturitatem
1617 3103 1806 3158 electis
1844 3104 2018 3173 meis;
2051 3132 2092 3192 ε

443 3203 543 3242 vos
573 3197 755 3243 autem
811 3189 1104 3247 interﬁciet
1151 3190 1460 3248 Dominus:
1508 3194 1876 3250 servientibus
1922 3209 2020 3249 au-

445 3286 557 3332 tem
599 3279 732 3334 mihi
767 3281 1053 3336 vocabitur
1087 3296 1282 3338 nomen
1326 3299 1546 3340 novum.
1587 3303 1608 3337 ι
1649 3284 1804 3352 Quod
1843 3285 1886 3340 si
1920 3301 2020 3342 cu-

444 3368 591 3423 riose
633 3377 854 3438 agentes
881 3370 1127 3427 ediscere
1157 3372 1389 3442 cupiatis
1427 3374 1651 3444 quinam
1686 3375 1818 3429 mihi
1850 3375 2024 3430 servi-

444 3460 551 3514 turi
582 3461 711 3526 sint,
741 3469 797 3518 et
821 3463 962 3532 quod
989 3464 1093 3520 illis
1114 3467 1187 3520 sit
1215 3479 1432 3531 nomen,
1465 3467 1660 3523 scitote
1687 3469 1854 3524 Deum
1889 3484 2024 3525 non-

444 3553 573 3607 dum
600 3554 840 3625 ipsorum
867 3556 1270 3626 nomen'palam
1311 3555 1506 3614 eﬂerre
1537 3559 1699 3628 velle,
1733 3563 1826 3616 sed
1856 3560 1909 3615 id
1940 3576 2025 3616 so-

444 3643 721 3701 lummodo
769 3647 1104 3718 signiﬁcare,
1150 3650 1293 3719 quod
1346 3665 1526 3720 neque
1573 3651 1744 3707 Israel
1792 3653 2021 3709 vocandi

444 3737 574 3801 sint,
655 3753 831 3808 neque
897 3739 1110 3808 Jacob,
1164 3756 1340 3809 neque
1399 3741 1612 3809 Judaei,
1658 3759 1836 3816 neque
1918 3745 2024 3800 alio

441 3823 696 3892 quopiam
732 3825 1069 3894 {hominibus
1132 3839 1262 3884 noto
1306 3830 1589 3886 vocabulo.
1620 3831 1828 3888 Novum
1876 3835 2022 3890 enim

443 3915 714 3983 quoddam
735 3931 799 3970 ac
821 3919 1257 3975 recentissimum
1278 3937 1473 3978 nomen
1505 3924 1847 3994 imponetur;
1877 3927 2027 3983 illud.

442 4017 551 4070 que
575 4002 834 4069 insolens,
866 4020 931 4061 ac
968 4022 1244 4078 nunquam
1285 4009 1421 4064 alias
1451 4009 1721 4076 auditum,
1753 4013 1898 4082 quod
1929 4013 2025 4068 be-

442 4092 726 4148 nedicetur
760 4095 814 4149 in
849 4106 1016 4163 terra,
1037 4109 1312 4156 accrescet
1337 4101 1486 4169 item,
1509 4112 1565 4158 et
1585 4103 2025 4175 multiplicabitur

441 4196 552 4251 prae
578 4185 725 4240 omni
764 4189 1033 4257 corporali
1080 4189 1472 4248 benedictione.
1515 4193 1650 4250 Nam
1685 4196 1729 4251 si
1777 4213 1882 4267 qua
1919 4198 2022 4252 alia

417 4275 702 4344 .augendas
729 4279 1060 4335 multitudini
1083 4289 1207 4351 apta
1231 4281 1326 4337 Dei
1352 4283 1660 4341 benedictio
1689 4289 1868 4354 luerit,
1885 4291 2026 4344 hanc

410 4443 412 4446 ν
441 4363 574 4420 item
614 4379 974 4440 consequetur
1014 4387 1210 4428 nomen
1241 4372 1413 4430 servis
1450 4376 1584 4432 meis
1620 4377 2021 4446 imponendum.

2128 513 2190 566 τὸ
2239 514 2473 586 πονηρὸν
2502 516 2744 569 ἐναντίον
2773 514 2932 586 ἐμοῦ,
2971 515 3066 568 καὶ
3096 513 3132 568 ἃ
3159 513 3258 566 οὐκ
3301 513 3607 585 ἐϐουλόμην
3631 515 3703 581 EE-

2129 603 2402 670 ελέξασθε.
2435 625 2453 658 ι
2473 606 2688 680 Ἐπειδὴ
2705 607 2866 670 αὐτὸς
2887 606 2996 676 ἐγὼ
3022 606 3123 678 τῆς
3153 605 3390 676 ἐμαυτοῦ
3413 606 3708 677 παρουσίας

2129 697 2479 764 καταξιώσας
2510 700 2658 762 ὑμᾶς
2694 699 2892 762 αὐτοὺς
2912 697 3160 771 πρώτους
3189 699 3334 769 ὑμᾶς
3372 698 3440 752 δι’
3473 698 3706 769 ὲμαυτο⁹

2129 789 2396 861 κέκληκα·
2434 792 2592 862 ὑμεῖς
2624 791 2680 845 δὲ
2703 792 2804 862 οὐχ
2826 789 3172 852 ὑπηκούσατε
3192 807 3205 820 ·
3235 791 3316 843 ὅτι
3342 790 3437 843 καὶ
3467 790 3577 860 πρὸ
3599 791 3691 843 τού

2129 901 2224 936 του
2252 883 2503 956 ᾐτιώμην
2536 885 2730 954 λέγων’
2764 905 2782 937 ι
2807 885 2952 938 Διότι
2981 880 3162 956 ἦλθον,
3193 884 3287 938 καὶ
3310 884 3410 937 οὑκ
3422 879 3491 954 ἦν
3512 883 3706 955 ἄνθρω

2131 994 2256 1041 πος·
2289 977 2549 1044 ἐκάλεσα,
2581 978 2676 1032 καὶ
2697 979 2796 1030 οὐκ
2817 973 2886 1048 ἦν
2917 979 2945 1030 6
2973 977 3283 1031 ὑπακούων.
3325 997 3344 1030 ι
3381 977 3553 1031 Πάλιν
3583 977 3714 1048 πρὸς

2129 1066 2222 1120 τὸν
2263 1067 2392 1121 λαὸν
2430 1067 2530 1132 τὰς
2566 1067 2936 1139 προκειμένας
2969 1069 3204 1120 ποιεῖται
3241 1067 3602 1138 κατηγορίας,
3638 1065 3699 1118 δι-

2129 1157 2367 1223 δάσκων,
2420 1158 2498 1223 ὡς
2540 1157 2887 1231 δικαιοσύνης
2931 1158 3082 1230 ζυγῷ
3109 1159 3289 1214 πάντα
3318 1157 3597 1229 πράττων,
3641 1157 3713 1222 ὡς

2130 1246 2284 1311 Θεὸς,
2303 1247 2552 1318 οὐδαμῶς
2584 1247 2683 1318 μὲν
2706 1247 3015 1319 παρόψεται
3038 1249 3167 1312 τοὺς
3187 1248 3310 1302 ὅποι
3333 1247 3536 1318 δήποτε
3564 1247 3713 1318 αὐτῷ

2129 1339 2506 1404 δουλεύοντας,
2549 1338 2610 1405 ἐξ
2648 1339 2762 1394 οἴου
2795 1341 2841 1394 δ’
2869 1339 2937 1395 ἂν
2970 1340 3157 1405 ἔθνους
3188 1335 3319 1394 εἷεν.
3353 1341 3571 1404 Πάντας
3606 1341 3714 1413 γὰρ

2133 1432 2320 1497 ἁπλῶς
2346 1431 2600 1498 διασώζει
2622 1435 2750 1498 τοὺς
2790 1432 3060 1487 δουλεύειν
3098 1433 3246 1506 αὐτῷ
3276 1434 3714 1507 προῃρημένους.

2133 1523 2504 1597 Παραδέξεται
2534 1521 2650 1588 οῦν,
2687 1527 2782 1580 καὶ
2826 1526 3038 1590 τούτοις
3069 1526 3295 1599 παρέξει
3339 1527 3437 1600 τὴν
3479 1528 3714 1600 ἐπουράυ

2129 1636 2243 1673 νιον
2275 1619 2504 1691 τροφὴν,
2539 1619 2632 1672 τὸν
2655 1620 2830 1688 Λόγον
2863 1619 2962 1674 τὸν
3001 1621 3268 1693 σωτήριον
3297 1621 3389 1674 τὸν
3421 1622 3713 1694 εἰρηκόταο

2138 1735 2157 1768 ε
2201 1715 2342 1784 Ἐγώ
2383 1717 2498 1786 εἰμι
2541 1715 2570 1768 6
2611 1715 2778 1786 άρτος
2821 1718 2850 1770 ὁ
2893 1717 2958 1770 ὲκ
2995 1716 3088 1770 τοῦ
3118 1716 3348 1788 οὐρανοῦ
3377 1717 3645 1781 καταϐάς.
3692 1737 3711 1770 ι

2132 1796 2292 1860 Οὗτοι
2339 1805 2436 1876 μὲν
2482 1801 2575 1859 οῦν
2619 1805 2707 1877 τῷ.
2742 1805 2984 1877 λεχθέντι
3018 1808 3168 1880 ἄρτῳ
3209 1809 3580 1879 τραφήσονται
3621 1808 3716 1861 καὶ

2131 1897 2625 1972 ὲμπλησθήσονταιο
2644 1899 2802 1970 ὑμεῖς
2820 1898 2898 1963 δὲ,
2917 1899 3070 1969 φησι,
3087 1900 3137 1952 oi
3162 1899 3236 1970 μὴ
3252 1900 3350 1972 τὴν
3365 1899 3505 1971 ἐμὴν
3523 1899 3716 1952 ὑποδε-

2132 1991 2357 2063 ξάμενοι
2384 1992 2566 2065 χάριν,
2595 1992 2773 2064 ἐνδείᾳ
2806 1992 3032 2064 λογικῆς
3053 1991 3261 2064 τροφῆς
3281 1991 3548 2064 λιμώξετε
3566 2008 3582 2023 ⁸
3620 1992 3715 2047 καὶ

2130 2085 2296 2138 πάλιν
2321 2086 2368 2138 oi
2404 2085 2503 2155 μὲν
2537 2085 2663 2156 ἐμοὶ
2691 2084 3033 2148 δουλεύοντες
3066 2085 3228 2138 πότου
3261 2085 3406 2156 ζωῆς
3440 2083 3711 2139 ἀθανάτου

2130 2178 2568 2250 πλησθήσονται,
2610 2179 2739 2250 περὶ
2780 2170 2842 2231 οὐ
2879 2177 3162 2232 λέλεκταιο
3204 2195 3223 2230 ι
3262 2178 3360 2242 Ὃς
3391 2176 3458 2230 ἂν
3507 2177 3608 2247 πίῃ
3651 2177 3715 2230 ἐκ

2127 2271 2223 2326 τοῦ
2255 2271 2465 2336 ὓδατος,
2496 2262 2558 2325 οὗ
2605 2270 2716 2340 ἐγὼ
2748 2271 2904 2325 δώσω
2935 2270 3103 2343 αὐτῷ,
3132 2272 3420 2344 γενήσεται
3457 2273 3515 2326 ὲν
3565 2271 3713 2344 αὐτῷ

2128 2363 2278 2436 πηγὴ
2309 2363 2500 2427 ὓδατος
2529 2363 2819 2434 ἁλλομένου
2843 2365 2922 2425 εἰς
2953 2361 3097 2436 ζωὴν
3117 2363 3354 2419 αἰώνιον.
3379 2382 3397 2415 ι

2203 2473 2221 2506 ι
2276 2455 2376 2508 Διὰ
2419 2455 2578 2509 τοῦτο
2615 2455 2742 2510 τάδε
2788 2455 2936 2526 λέγει
2969 2455 3203 2528 Κύριος’
3245 2456 3378 2510 Ἰδοὺ
3406 2457 3453 2509 οἱ
3487 2454 3708 2510 δουλεύ-

2125 2548 2276 2613 οντές
2312 2566 2404 2620 μοι
2445 2549 2741 2619 φάγονται,
2774 2550 2930 2619 ὑμεῖς
2954 2548 3010 2604 δὲ
3039 2549 3346 2604 πεινάσετε·
3385 2549 3493 2604 ἰδοὺ
3516 2550 3568 2603 οἱ
3593 2549 3711 2604 δου-

2125 2639 2372 2704 λεύοντές
2399 2659 2489 2712 μοι
2521 2641 2757 2706 πίονται,
2791 2643 2950 2712 ὑμεῖς
2987 2641 3045 2696 δὲ
3066 2641 3352 2713 διψήσετεο
3381 2643 3493 2696 ἰδοὺ
3519 2643 3570 2695 οἱ
3593 2642 3712 2696 δου-

2125 2729 2372 2795 λεύοντές
2395 2749 2483 2803 μοι
2503 2732 3162 2804 εὐφρανθήσονται,ὐμεῖς
3185 2734 3242 2787 δὲ
3260 2733 3707 2807 αίσχυνθήσεσθεσ

2128 2820 2238 2874 ίδού
2277 2823 2324 2875 οἱ
2353 2821 2694 2888 δουλεύοντες
2728 2841 2818 2895 μοι
2847 2824 3262 2893 ἀγαλλιάσονται
3296 2827 3354 2880 ὲν
3377 2827 3709 2900 εὐφροσύνῃ,

2125 2915 2284 2985 ὑμεῖς
2315 2913 2370 2968 δὲ
2396 2914 2727 2988 κεκράξεσθε
2749 2917 2836 2971 διά
2862 2931 2954 2971 τον
2983 2918 3145 2972 πόνον
3159 2919 3259 2990 τῆς
3277 2920 3506 2991 καρδίας
3530 2921 3707 2993 ὑμῶν,

2123 3006 2217 3060 καὶ
2248 3005 2357 3060 ἀπὸ
2400 3007 2694 3081 συντριὸἧς
2727 3007 3036 3080 πνεύματος
3064 3009 3218 3081 ὑμῶν
3256 3009 3554 3077 ὀλολύξετε.
3591 3013 3710 3066 Κα-

2123 3096 2410 3167 ταλείψετε
2443 3097 2554 3170 γὰρ
2599 3097 2659 3151 τὸ
2701 3097 2873 3171 δνομα
2917 3099 3073 3172 ὑμῶν
3114 3101 3196 3163 είς
3250 3099 3572 3172 πλησμονὴν
3599 3101 3714 3166 τοῖς

2124 3188 2404 3254 ἐκλεκτοῖς
2443 3207 2545 3260 μου
2564 3206 2577 3220 °
2615 3189 2760 3261 ὑμᾶς
2787 3191 2844 3244 δὲ
2886 3191 3068 3245 ἀνελεῖ
3093 3188 3328 3263 Κύριος·
3359 3192 3475 3254 τοῖς
3503 3189 3563 3242 δὲ
3592 3189 3714 3244 δου-

2121 3279 2339 3334 λεύουσί
2362 3297 2452 3352 μοι
2466 3281 2797 3355 κληθήσεται
2813 3284 2984 3356 ὄνομα
2997 3282 3202 3337 καινόν.
3219 3302 3236 3335 ι
3261 3283 3322 3336 Ei
3345 3283 3402 3336 δὲ
3420 3284 3713 3354 περιεργό-

2121 3390 2278 3445 τερον
2303 3373 2538 3428 ὲθέλοιτε
2564 3375 2756 3446 μαθεῖν
2771 3377 2918 3440 τίνες
2937 3371 3046 3430 εἷεν
3058 3377 3107 3430 οί
3123 3375 3404 3447 μέλλοντες
3414 3375 3712 3441 δουλεύειν,

2123 3467 2219 3520 καὶ
2261 3467 2315 3520 τί
2351 3468 2536 3533 αὐτοῖς
2574 3467 2776 3540 δνομα,
2821 3467 3156 3537 γινώσκετε,
3194 3468 3276 3522 ὅτι
3312 3466 3465 3522 οὑπω
3497 3469 3601 3539 μὲν
3632 3472 3714 3534 εἰς

2125 3560 2356 3631 φανερὸν
2381 3559 2619 3632 τοῦνομα
2639 3560 2816 3614 αὐτῶν
2836 3563 2864 3614 ὁ
2897 3561 3028 3623 Θεὸς
3051 3559 3301 3630 βούλεται
3323 3561 3552 3630 ἀγαγεῖν
3578 3579 3593 3592 ο
3624 3580 3716 3616 το-

2128 3651 2318 3705 σοῦτον
2347 3653 2404 3706 δὲ
2428 3651 2588 3724 μόνον
2621 3652 2896 3725 σημαίνει,
2928 3653 3005 3717 ὡς
3030 3651 3152 3706 οὔτε
3188 3652 3403 3724 Ἰσραὴλ
3419 3652 3717 3725 κληθήσον-

2126 3761 2250 3810 ται,
2291 3743 2416 3798 οὑτε
2453 3744 2668 3812 Ἰακὼϐ,
2721 3743 2846 3799 οὐτε
2887 3745 3150 3809 Ἰουδαῖοι,
3199 3744 3324 3798 οὐτε
3351 3744 3489 3808 ὅλως
3515 3762 3570 3797 τι
3601 3744 3718 3799 τῶν

2125 3837 2434 3910 ἀνθρώποις
2462 3837 2937 3910 συνεγνωσμένων.
2969 3839 3171 3894 Καινὸν
3199 3837 3309 3912 γάρ
3324 3856 3376 3891 τι
3392 3839 3487 3892 καὶ
3508 3837 3718 3893 νεώτα-

2123 3947 2215 3984 τον
2248 3929 2432 3994 αὐτοίς
2459 3930 2838 4002 ὲπιτεθήσεται
2881 3930 3074 4002 ὄνομα,
3108 3929 3276 3997 ξένον,
3327 3931 3422 3985 καὶ
3447 3931 3713 4002 μηδεπώ-

2125 4040 2254 4077 ποτε
2285 4023 2568 4090 ἀκουσθὲν,
2596 4023 2625 4078 ὃ
2644 4024 3066 4096 εὐλογηθήσεται
3103 4025 3196 4078 ἐπὶ
3225 4024 3322 4095 τῆς
3353 4025 3456 4095 γῆς
3484 4023 3714 4088 αὐξανό-

2127 4129 2308 4182 μενον,
2338 4114 2432 4166 καὶ
2453 4114 2856 4185 πληθυνόμενον
2883 4114 3024 4186 ὑπὲρ
3055 4116 3238 4168 πᾶσαν
3275 4114 3594 4186 σωματικὴν
3619 4113 3714 4169 εὐ-

2124 4203 2330 4274 λογίαν.
2359 4206 2423 4259 Εἰ
2446 4207 2555 4278 γάρ
2582 4224 2665 4271 τις
2684 4207 2778 4260 καὶ
2796 4205 2932 4276 άλλη
2962 4205 3198 4279 πλήθους
3218 4207 3474 4278 ποιητικὴ
3505 4209 3712 4278 τυγχά-

2124 4313 2203 4348 νει
2243 4296 2309 4350 ὲκ
2337 4296 2471 4351 Θεοῦ
2523 4297 2764 4366 εὐλογία,
2812 4297 3018 4369 ταύτης
3055 4297 3302 4365 τεύξεται
3335 4298 3396 4351 τὸ
3431 4297 3605 4370 ὄνομα
3651 4299 3716 4353 τὸ

2124 4383 2579 4457 ἐπιτεθησόμενον
2605 4388 2716 4450 τοῖς
2737 4386 3047 4440 δουλεύουσί
3084 4404 3174 4458 μοι

518 4460 684 4516 Vens.
715 4460 803 4528 16,
850 4463 938 4518 17.
977 4482 996 4516 ‹
1026 4463 1351 4521 Benedicent
1394 4469 1538 4524 enim
1589 4468 1702 4525 Deo
1746 4485 1880 4526 vero
1918 4481 2018 4526 :et

2195 4488 2216 4522 ι
2266 4471 2633 4545 Εὐλογήσουσι
2663 4477 2774 4546 γὰρ
2803 4476 2896 4530 τὸν
2925 4475 3060 4530 Θεὸν
3086 4477 3179 4532 τὸν
3207 4476 3492 4549 ἀληθινόν·
3528 4479 3624 4531 καὶ
3656 4481 3711 4532 οἰ

437 4555 531 4623 qui
583 4551 772 4622 jurant
822 4555 878 4609 in
928 4564 1093 4624 terra,
1139 4556 1403 4625 jurabunt
1448 4574 1546 4630 per
1581 4559 1750 4617 Deum
1804 4577 2014 4620 verum.

434 4642 839 4700 Obliviscentur
886 4646 1029 4702 enim
1089 4650 1452 4706 tribulationis
1517 4651 1737 4722 primae,
1802 4662 1858 4708 et
1908 4669 2017 4708 non

437 4736 693 4802 ascendet
723 4736 776 4790 in
811 4753 908 4794 cor
941 4754 1150 4795 eorum.
1179 4741 1293 4796 Erit
1331 4743 1474 4797 enim
1507 4743 1704 4800 coelum
1733 4759 1929 4800 novum
1963 4756 2018 4800 et

438 4836 582 4883 terra
618 4843 780 4898 nova,
807 4846 907 4886 nec
940 4834 1372 4890 recordabuntur
1404 4837 1665 4906 priorum,
1697 4852 1799 4894 nec
1834 4839 2015 4894 veniet

436 4921 490 4977 in
523 4937 617 4977 cor
655 4938 862 4978 eorum.
888 4942 909 4977 ι
961 4923 1096 4980 Nam
1125 4926 1258 4982 alias
1284 4942 1406 4983 cum
1454 4936 1581 4984 tunc
1609 4929 1804 4985 caelum
1841 4931 2016 5001 suspi-

433 5023 658 5080 cerent,
711 5031 826 5070 rem
875 5028 1114 5072 creatam
1165 5018 1414 5076 colebant
1465 5036 1578 5092 pra:
1623 5021 1913 5090 Creatore,
1961 5033 2019 5080 et

436 5113 640 5162 terram
679 5106 933 5164 similiter
956 5109 1121 5165 veluti
1152 5109 1320 5165 Deum
1347 5115 1769 5179 venerabantur,
1801 5128 2015 5171 necnon

433 5209 653 5256 exortos
691 5214 759 5255 ex
800 5199 888 5256 illa
919 5199 1130 5258 fructus
1179 5220 1193 5257 :
1243 5218 1388 5259 nunc
1417 5219 1546 5260 vero
1578 5204 1776 5259 ctelum
1819 5221 2012 5262 novum

435 5277 490 5342 et
521 5299 718 5347 terram
751 5308 945 5349 novam
977 5295 1244 5360 videntes,
1282 5311 1448 5366 Opera
1479 5311 1733 5352 manuum
1760 5297 1856 5354 Dei
1885 5311 2010 5356 esse

435 5377 696 5449 fatentur,
725 5399 832 5441 non
861 5395 1043 5442 autem
1069 5386 1202 5443 deos
1222 5401 1343 5444 esse
1371 5395 1563 5460 putant

545 5584 590 5614 ’⁸
620 5583 778 5642 Joan.
815 5604 892 5656 Vl,
923 5589 1014 5646 41.
1090 5591 1136 5624 ³⁹
1157 5591 1316 5649 Joan.
1347 5607 1421 5656 tv,
1455 5593 1544 5650 Η.

530 5679 620 5750 49.)
662 5680 758 5756 llic
780 5692 832 5736 et
863 5685 913 5739 in
941 5687 1291 5756 sequentibus
1319 5687 1450 5742 locis
1489 5702 1674 5742 vocem
1711 5687 2005 5744 ὑπακούειν

439 5764 547 5805 non
577 5753 715 5806 male
765 5766 949 5812 vertas
983 5753 1313 5812 respondere.
1340 5757 1471 5813 Nam
1508 5757 1610 5814 hoc
1643 5775 1741 5816 usu
1772 5763 2007 5832 plerum-

2119 4563 2410 4636 ὀμνύοντες
2427 4565 2519 4618 ἐπὶ
2534 4567 2636 4637 τῆς
2653 4567 2760 4638 γῆς
2775 4567 3034 4640 δμοῦνται
3047 4569 3139 4624 τὸν
3161 4568 3292 4622 Θεὸν
3312 4570 3401 4622 τὸν
3427 4568 3708 4641 ἀληθινόν,

2133 4657 2511 4729 Ἐπιλήσονται
2541 4657 2652 4731 γὰρ
2685 4659 2783 4730 τὴν
2817 4659 2996 4730 θλίψιν
3041 4661 3141 4733 τὴν
3183 4659 3426 4733 πρώτην,
3462 4662 3560 4715 καὶ
3607 4663 3712 4716 οὐκ

2119 4748 2450 4821 ἀναϐήσεται
2495 4751 2678 4805 αὐτῶν
2730 4751 2824 4806 ἐπὶ
2873 4752 2971 4825 τὴν
3017 4753 3264 4825 καρδίαν.
3297 4754 3495 4807 Ἔσται
3539 4754 3652 4826 γὰρ
3683 4757 3712 4809 6

2121 4839 2350 4910 οὐρανὸς
2378 4840 2564 4908 καινὸς
2596 4843 2746 4915 καὶὴ
2783 4843 2857 4916 γῆ
2880 4844 3062 4917 καινὴ,
3094 4846 3188 4898 καὶ
3217 4846 3278 4899 οὐ
3313 4846 3387 4918 μὴ
3425 4845 3711 4917 μνησθῶσι

2119 4931 2229 4985 τῶν
2272 4932 2574 5005 προτέρων,
2617 4934 2726 4988 οὐδ’
2758 4936 2819 4990 οὐ
2869 4937 2944 5009 μὴ
2991 4937 3193 5009 ἐπέλθῃ
3244 4938 3424 4992 αὐτῶν
3467 4940 3563 4991 ἐπὶ
3605 4939 3712 5012 τὴν

2118 5024 2366 5096 καρδίαν.
2406 5045 2426 5077 ι
2468 5026 2680 5091 Ἀλλως
2716 5027 2816 5099 μὲν
2849 5029 2958 5100 γὰρ
2986 5029 3108 5083 τότε
3149 5027 3385 5100 δρῶντες
3415 5028 3509 5082 τὸν
3538 5030 3708 5102 οὐρα-

2117 5115 2226 5180 νὸν,
2260 5115 2508 5172 ἐσέϐοντο
2531 5119 2598 5190 τῇ
2632 5119 2804 5172 κτίσει
2843 5119 2996 5191 παρὰ
3032 5120 3122 5174 τὸν
3152 5120 3432 5187 κτίσαντα,
3469 5123 3570 5176 καὶ
3609 5122 3710 5194 τὴν

2117 5206 2222 5277 γῆν
2245 5205 2446 5278 ὁμοίως
2480 5206 2808 5275 ὲθεοποίουν,
2837 5211 3078 5274 καὶτοὺς
3111 5213 3174 5265 ἐκ
3197 5211 3400 5284 ταύτης
3433 5213 3708 5284 βλαστῶνο

2118 5315 2218 5362 τας
2239 5299 2488 5369 καρπούς
2510 5317 2525 5331 ·
2572 5298 2668 5353 νῦν
2696 5300 2742 5354 δ’
2767 5301 2857 5355 ὅτε
2888 5302 3071 5356 καινὸν
3115 5302 3338 5372 δψοντες
3361 5304 3454 5356 τὸν
3476 5304 3707 5376 οὐρανὸν

2119 5390 2214 5444 καὶ
2265 5391 2361 5462 τὴν
2405 5391 2529 5462 γῆν,
2560 5391 2698 5464 ἔργα
2720 5393 2919 5464 χειρῶν
2971 5392 3107 5447 Θεοῦ
3149 5391 3288 5450 εἶναι
3323 5395 3705 5468 ὁμολογοῦσιν,

2119 5482 2302 5537 οὐκέτι
2329 5483 2385 5536 δὲ
2417 5484 2573 5549 θεοὺς
2598 5479 2739 5540 εἶναι
2769 5486 3100 5559 νομίζουσιν.

2115 5707 2220 5761 que
2247 5691 2363 5770 ltaac
2402 5706 2506 5748 vox
2547 5693 2781 5770 occurrit
2812 5703 2921 5752 tum
2965 5697 3018 5753 in
3053 5695 3332 5770 Scriptura
3369 5709 3553 5766 sacra,
3593 5708 3703 5752 tum

2115 5763 2259 5834 apud
2295 5763 2428 5820 alios
2462 5765 2779 5835 scriptores.
