3858 6214
132 309 242 364 513

1067 310 1574 368 COMMENTARIA
1609 312 1678 369 IN
1717 313 1976 373 ISAIAM.
2014 351 2084 361 -—
2121 320 2272 377 CAP.
2314 321 2476 379 LXV.

3290 332 3396 388 5M

203 443 226 478 ι
273 425 416 481 Ἀλλ’
445 426 786 500 εὐφροσύνην
811 428 907 483 καὶ
935 429 1252 499 ἀγαλλίασιν
1288 433 1612 505 εὑρήσουσιν
1656 438 1691 490 ὲι

1890 438 2053 496 Vsus.
2081 442 2276 499 18-20.
2317 461 2335 494 ι
2366 442 2470 498 Sed
2503 443 2742 500 laetitiam
2775 454 2829 502 et
2863 447 3277 508 exsultationem
3310 454 3396 507 in-

119 519 291 590 αὑτῇ.
327 519 448 573 Ὅτι
480 519 590 572 ἰδοὺ
634 520 750 589 ἐγὼ
789 520 927 574 ποιῶ
967 522 1279 596 άγαλλίαμα
1318 526 1711 599 Ἰερουσαλὴμ,

127 611 225 664 καὶ
245 610 342 663 τὸν
377 610 505 664 λαόν
540 628 642 682 μου
668 612 1011 685 εὐφροσύνην
1029 631 1042 643 ·
1072 615 1166 668 καὶ
1196 615 1597 689 ἀγαλλιάσομαι
1621 620 1715 674 ἐπὶ

137 701 518 775 Ἰερουσαλὴμ,
542 704 640 758 καὶ
653 705 1102 778 εὐφρανθήσομαι
1118 707 1214 762 ἐπὶ
1229 708 1306 780 τῷ
1323 709 1440 781 λαῷ
1463 728 1585 782 μου·
1619 713 1714 768 καὶ

129 793 320 846 οὐκέτι
343 795 420 865 μὴ
438 795 677 867 ἀκουσθῇ
707 797 765 850 ὲν
781 797 918 869 αὐτῇ
943 797 1094 870 φωνὴ
1122 798 1401 872 κλαυθμοῦ
1416 803 1538 856 οὐδὲ
1562 805 1713 878 φωνὴ

129 885 406 956 κραυγῆς,
431 885 540 938 οὐδ’
560 887 622 940 οὑ
655 887 730 958 μὴ
744 887 968 960 γένηται
994 888 1074 944 ἔτι
1100 892 1220 945 ἐκεῖ
1239 891 1418 964 ἄωρος
1447 895 1542 948 καὶ
1579 912 1714 966 πρε-

120 975 354 1046 σϐύτης,
384 975 445 1040 ὃς
465 977 565 1030 οὐκ
603 978 985 1050 ἐμπλήσειτὸν
1014 981 1203 1053 χρόνον
1229 983 1416 1039 αὐτοῦ.
1449 1003 1472 1038 ›
1504 986 1714 1050 Πάντες

120 1068 232 1141 γὰρ
274 1070 376 1140 τῆς
415 1071 545 1143 παρ’
577 1072 702 1142 ἐμοὶ
749 1073 1102 1138 ἀναστάσεως
1129 1075 1382 1146 τυχόντες
1427 1079 1572 1134 κατά
1617 1078 1711 1134 τὸν

122 1161 317 1233 καιρὸν
346 1161 458 1216 τῶν
489 1162 831 1232 ἐπαγγελιῶν
859 1165 940 1228 είς
959 1164 1127 1237 ἄνδρα
1155 1166 1382 1234 τέλειον,
1399 1169 1480 1233 είς
1514 1168 1710 1242 μέτρον

122 1252 346 1324 ήλικίας
390 1252 614 1326 ἥξουσιο
664 1255 759 1309 καὶ
817 1256 1022 1320 πάντες
1071 1256 1286 1312 ἔσονται
1345 1259 1570 1330 ἀκμαῖοι
1610 1260 1711 1326 τὰς

121 1344 410 1416 ψυχὰς,ὡς
443 1349 582 1418 μήτε
609 1347 788 1420 ἄωρον
815 1350 1008 1420 νήπιον
1041 1349 1136 1403 καὶ
1150 1350 1343 1421 ἀτελῆ,
1379 1353 1514 1423 μήτε
1542 1354 1710 1426 ὑπερ-

119 1436 401 1508 ϐεϐηκότα
443 1440 538 1492 καὶ
583 1441 934 1512 γεγηρακότα
980 1442 1038 1494 ὲν
1086 1442 1269 1506 αὐτοῖς
1319 1443 1704 1515 εὑρίσκεσθαιο

119 1530 328 1594 πάντες
359 1531 418 1584 δὲ
448 1531 731 1602 ὁμήλικες,
766 1533 842 1596 ὡς
873 1532 939 1587 ἂν
974 1533 1064 1602 ὑφ’
1093 1532 1190 1588 ἕνα
1223 1535 1414 1605 καιρὸν
1445 1535 1546 1606 τῆς
1573 1538 1705 1590 ἀνα-

115 1621 370 1686 στάσεως
388 1621 720 1693 τευξόμενοι,
737 1625 834 1677 καὶ
865 1626 995 1694 μιᾶς
1010 1624 1430 1695 παλιγγενεσίας
1455 1627 1708 1700 μεθέξον-

115 1727 229 1774 τες.
1425 1747 1427 1750 τ

1815 532 2032 586 venient
2074 534 2128 588 in
2176 547 2262 589 ea.
2292 533 2556 600 Quoniam
2587 551 2715 592 ecce
2754 552 2853 610 ego
2895 539 3038 596 facio
3071 543 3393 600 exsultatio-

1815 636 1938 677 nem
1963 622 2284 692 Jerusalem,
2311 637 2364 680 et
2395 627 2647 696 p0pulum
2681 643 2859 684 meum
2894 630 3135 687 laetitiam
3164 650 3180 690 :
3215 643 3271 690 et
3302 651 3395 691 ex-

1813 716 2024 771 sultabo
2055 731 2214 786 super
2260 716 2581 783 Jerusalem,
2625 729 2681 774 et
2715 720 2942 777 laetabor
2983 739 3147 796 super
3193 729 3397 798 populo

1813 819 1971 859 meo:
2004 813 2058 860 et
2106 820 2213 861 non
2260 807 2403 862 ultra
2439 809 2686 864 audietur
2720 811 2773 864 in
2827 814 2943 881 ipsa
2978 829 3084 869 vox
3132 814 3311 884 ﬂetus,
3337 828 3395 875 et

1813 909 1915 949 vox
1961 894 2247 961 clamoris,
2289 913 2461 967 neque
2505 899 2646 954 ultra
2705 901 2810 957 erit
2855 903 2930 958 ibi
2965 904 3288 962 immaturus
3335 919 3394 966 et

1812 998 2000 1047 senex.
2045 986 2133 1055 qui
2186 1002 2292 1042 non
2327 988 2551 1057 impleat
2592 1000 2802 1061 tempus
2836 1007 3016 1048 suum.
3041 1013 3060 1047 ι
3117 995 3393 1070 Quotquot

1811 1074 1954 1127 enim
2001 1077 2451 1133 resurrectionem
2500 1095 2529 1134 a
2582 1097 2669 1137 me
2727 1081 2915 1139 datam
2965 1101 3391 1159 consequentur,

1813 1171 2056 1232 tempore
2087 1165 2526 1237 promissionum,
2575 1171 2631 1225 in
2678 1171 2853 1228 virum
2888 1177 3190 1245 perfectum
3234 1190 3290 1236 et
3335 1181 3387 1235 in

1811 1267 2116 1309 mensuram
2147 1257 2320 1312 aetatis
2349 1259 2608 1315 venient:
2648 1269 2812 1333 atque
2853 1280 3047 1322 omnes
3081 1270 3262 1324 anima
3297 1287 3390 1328 ve-

1809 1346 1916 1416 geli
1962 1357 2139 1414 erunt,
2168 1350 2242 1405 ita
2273 1360 2330 1406 ut
2364 1367 2538 1423 neque
2575 1353 2898 1412 immaturus
2931 1367 2985 1414 et
3023 1375 3130 1415 non
3167 1363 3390 1420 adultus

1803 1435 2039 1505 juvenis,
2087 1453 2261 1509 neque
2299 1449 2460 1496 aetate
2489 1455 2779 1514 provectus
2809 1456 2902 1501 aut
2931 1462 3096 1505 senex
3126 1451 3199 1508 ibi
3235 1468 3390 1524 repe-

1808 1528 2010 1594 riatur,
2061 1532 2158 1586 sed
2213 1534 2362 1601 paris
2413 1533 2591 1590 aetatis
2635 1549 2849 1604 omnes,
2897 1542 3221 1624 utpote‘qui
3276 1558 3390 1599 uno
3496 1561 3518 1576 ·

1807 1619 2106 1690 eodemque
2140 1632 2380 1692 tempore
2417 1635 2740 1696 resurgant,
2784 1638 2838 1684 et
2880 1619 3389 1706 ejusdemjregene-

1807 1711 2039 1765 rationis
2071 1723 2355 1768 consortes
2381 1715 2514 1768 sint.

193 1821 214 1854 ι
259 1803 458 1855 Ἔσται
488 1803 598 1874 γὰρ
623 1805 651 1856 ὁ
671 1803 791 1866 νέος
814 1802 1006 1857 ἑκατὸν
1028 1802 1186 1866 ἐτῶν,
1211 1805 1239 1857 ὁ
1261 1803 1318 1858 δὲ
1349 1803 1691 1875 ἀποθνήσκωι

1886 1821 1904 1854 ι
1936 1801 2053 1858 Erit
2099 1804 2242 1858 enim
2291 1805 2507 1875 juvenis
2542 1817 2757 1864 centum
2803 1827 3091 1880 annorum,
3122 1815 3215 1885 qui
3252 1832 3384 1875 vero

115 1893 448 1966 ἁμαρτωλὸς
475 1894 672 1951 ἑκατὸν
697 1894 856 1961 ὲτῶν,
892 1894 986 1948 καὶ⁹
1025 1895 1430 1966 ὲπικατάρατος
1459 1894 1634 1949 ἔσται.
1675 1915 1695 1948 ι

115 1987 188 2040 Τὸ
215 1987 334 2041 ἴσον
359 1986 456 2041 τοῦ
489 1988 681 2059 χρόνου
714 1987 816 2058 τῆς
841 1989 906 2041 ὲκ
934 1988 1143 2060 νεκρῶν
1171 1987 1518 2052 ἀναστάσεως
1553 2005 1700 2060 παρ-

113 2081 369 2152 έστησεν.
410 2080 600 2134 Ἔσται
647 2075 742 2133 οῦν
778 2081 808 2133 ὁ
842 2078 1166 2151 ἁμαρτωλὸς
1194 2079 1290 2132 καὶ
1315 2078 1479 2141 αὐτὸς
1508 2080 1700 2134 ἑκατὸν

113 2171 274 2235 ἐτῶν,
323 2173 419 2225 καὶ
451 2171 855 2243 ὲπικατάρατος
904 2170 1059 2224 ἔσται
1092 2171 1352 2240 ἀκμαῖος,
1396 2171 1492 2224 καὶ
1521 2170 1598 2235 ὡς
1639 2173 1698 2224 ὲν

111 2261 285 2334 κακίᾳ
320 2261 544 2325 τέλειος,
579 2261 940 2334 ἀποθνήσκων
956 2263 1022 2332 τῇ
1053 2258 1248 2314 ἑαυτοῦ
1273 2259 1517 2332 ἁμαρτίᾳ
1542 2277 1556 2292 ·
1581 2263 1610 2316 ὅ
1636 2280 1695 2316 τε

111 2352 231 2416 νέος
260 2352 426 2406 πάλιν
451 2352 644 2406 ἑκατὸν
667 2353 824 2418 ὲτῶν,
846 2353 942 2406 καὶ
962 2352 1126 2416 αὐτὸς
1138 2351 1343 2418 τέλειος
1365 2355 1423 2408 ὲν
1449 2353 1696 2422 τελείοις,

109 2445 190 2507 είς
224 2445 504 2517 σωτηρίαν
539 2445 1121 2517 παραλαμϐανόμενος.

184 2557 205 2590 ‹
233 2540 350 2593 Καὶ
376 2539 818 2611 οἰκοδομήσουσιν
842 2539 1039 2604 οἰκίας,
1074 2539 1170 2594 καὶ
1199 2541 1353 2594 αὐτοί¹
1382 2541 1696 2613 ἐνοικήσου-

109 2645 194 2680 σι·
234 2628 334 2682 καὶ
371 2627 874 2697 καταφυτεύσουσιν
909 2630 1260 2701 ἀμπελῶνας,
1299 2632 1394 2685 καὶ
1423 2631 1580 2684 αὐτοὶ
1603 2632 1697 2701 φά-

107 2736 298 2787 γονται
336 2719 407 2773 τά
458 2721 778 2791 γεννήματα
837 2721 1039 2777 αὐτῶν.
1088 2741 1108 2776 ›
1149 2724 1276 2787 Τοῖς
1323 2723 1432 2796 γὰρ
1486 2723 1694 2777 ἑαυτῶν

106 2811 292 2883 ἔργοις
325 2811 420 2864 καὶ
442 2813 563 2875 ταῖς
587 2812 814 2876 οἰκείαις
837 2813 1104 2886 πράξεσιν
1132 2815 1450 2888 ποριοῦνται
1481 2818 1696 2882 ἑαυτοῖς

105 2903 202 2967 τὰς
241 2903 412 2974 μονάς
444 2903 543 2966 τὰς
571 2903 725 2974 παρά
755 2905 833 2975 τῷ
873 2905 1082 2977 Πατρίο
1107 2906 1244 2961 ἀλλά
1281 2907 1408 2972 τοὺς
1446 2908 1693 2980 καρποὺς

103 2993 212 3046 σιῶν
244 2993 426 3046 πόνων
452 2994 632 3048 αὐτῶν
665 2995 928 3064 φάγονται
946 3011 960 3024 ο
996 2995 1183 3068 διόπερ
1212 2997 1249 3052 ἃ.
1275 2999 1692 3069 γεωργήσαντες

104 3087 436 3157 συνήγαγον,
473 3087 646 3140 ταῦτα
676 3089 990 3160 εὑρήσουσι,
1037 3090 1133 3143 καὶ
1169 3088 1229 3153 ἐξ
1269 3089 1447 3144 αὐτῶν
1475 3093 1690 3164 τραφή-

105 3193 314 3232 σονται.

176 3287 198 3321 ι
239 3270 317 3322 Οὐ
367 3269 443 3340 μὴ
490 3269 939 3342 οἰκοδομήσουσι,
984 3273 1080 3328 καὶ
1119 3273 1268 3328 ἄλλοι
1315 3275 1687 3347 ὲνοικήσουσι,

101 3362 198 3416 καὶ
216 3362 277 3415 οὗ
315 3361 390 3432 μὴ
423 3361 771 3431 φυτεύσουσι,
798 3364 891 3418 καὶ
911 3365 1058 3419 ἄλλοι
1084 3367 1369 3435 φάγονται.
1399 3367 1556 3421 Κατὰ
1578 3365 1689 3439 γὰρ

100 3454 198 3518 τὰς
230 3454 449 3526 ἡμέρας
491 3454 585 3507 τοῦ
615 3453 771 3519 ξύλου
819 3457 919 3528 τῆς
948 3455 1095 3528 ζωῆς
1139 3457 1354 3512 ἔσονται
1384 3461 1440 3512 αί
1481 3459 1686 3531 ἡμέραι

100 3546 195 3601 τοῦ
228 3545 363 3600 λαοῦ
409 3563 510 3618 μου
533 3563 547 3577 ⁸
583 3547 654 3600 τὰ
694 3548 802 3620 γὰρ
844 3547 982 3619 ἔργα
1024 3548 1133 3603 τῶν
1163 3551 1342 3606 πόνων
1369 3550 1553 3605 αὐτῶν
1577 3568 1685 3604 πα-

100 3638 449 3694 λαιὼσουσιν.
497 3657 516 3690 ι
562 3639 700 3692 Ἀλλ’
733 3640 814 3702 είς
855 3639 1081 3712 ἄπειρον
1121 3641 1298 3696 αἰῶνα
1335 3644 1394 3697 ὲν
1432 3641 1686 3713 ἀθανάτῳ

101 3732 305 3803 ιύζωϊᾳ
333 3730 577 3796 διάξουσι
598 3747 614 3762 ·
646 3731 725 3784 διὸ
750 3729 997 3784 λέλεκται
1015 3747 1030 3762 ο
1073 3751 1094 3784 σ
1125 3733 1281 3787 Κατά
1301 3734 1410 3806 γὰρ
1431 3733 1529 3798 τὰς
1550 3735 1685 3806 ήμέ-

104 3840 204 3894 ρας
236 3820 334 3874 τοῦ
373 3820 530 3886 ξύλου
561 3821 663 3892 τῆς
704 3819 851 3891 ζωῆς
885 3822 944 3874 αἱ
986 3821 1195 3894 ήμέραι
1219 3821 1314 3876 τοῦ
1341 3821 1470 3876 λαοῦ
1499 3840 1620 3894 μου.
1657 3842 1676 3876 ι

101 3915 173 3968 Τὸ
206 3913 369 3981 ξύλον
399 3914 457 3968 δὲ
488 3914 703 3986 εἴρηται
744 3915 802 3967 ὲν
837 3914 916 3986 τῷ
956 3915 1268 3986 παραδείσῳ
1292 3914 1384 3968 τοῦ
1415 3914 1552 3968 Θεοῦ
1586 3933 1683 3968 πε-

101 4003 434 4073 φυτεῦσθαι·
481 4003 758 4058 δείκνυται
810 4004 1120 4076 τοιγαροῦν,
1169 4005 1254 4058 ὅτι
1297 4005 1399 4059 οὐκ
1449 4005 1555 4073 ἔξω
1585 4004 1682 4060 τοῦ

98 4096 234 4150 Θεοῦ
260 4097 318 4148 αἱ
338 4096 666 4164 ἐπαγγελίαι
699 4096 1046 4168 τυγχάνουσι.
1077 4098 1157 4150 Δι’
1183 4091 1259 4152 ὧν
1297 4098 1554 4153 ἁπάντων
1588 4117 1681 4154 σα-

97 4190 214 4259 φῶς
249 4188 443 4260 ἕτερον
470 4188 596 4242 λαὸν
632 4188 842 4256 εἰσάγει
879 4188 1058 4259 ἑαυτῷ
1094 4188 1248 4260 παρά
1279 4189 1374 4242 τοῦ
1412 4190 1679 4245 Ἰουδαίων

97 4283 309 4346 ἔθνους.
342 4274 504 4334 Οὗτοι
530 4283 643 4352 γὰρ
671 4280 1160 4353 παλαιωθήσονται,
1193 4281 1313 4335 οὐδὲ
1345 4282 1554 4354 ἑτέροις
1582 4301 1680 4338 κα-

94 4375 448 4444 ταλείψουσι,
487 4373 775 4446 μέλλοντες
817 4370 971 4438 αὖθις
1020 4373 1375 4444 μεθίστασθαι
1403 4374 1497 4428 τοῦ
1537 4375 1676 4446 βίου,

1802 1891 2054 1955 moritur,
2090 1903 2340 1964 peccator
2377 1907 2594 1952 centum
2643 1915 2910 1958 annorum
2955 1915 3010 1961 et
3054 1907 3382 1966 maledictus

1801 1985 1924 2039 erit.
1952 2003 1973 2038 ι
2016 1983 2217 2042 Etatis
2249 1997 2314 2044 et
2349 1993 2609 2061 temporis
2639 1993 2692 2048 in
2724 1999 3127 2054 resurrectione
3153 2004 3384 2072 aequali-

1803 2085 1971 2134 tatem
2023 2081 2137 2136 fore
2183 2082 2440 2140 declarat.
2483 2085 2602 2142 Erit
2653 2087 2820 2160 igitur
2875 2102 3134 2162 peccator
3169 2108 3224 2154 et
3268 2101 3383 2171 ipse

1801 2181 2016 2225 centum
2064 2188 2367 2241 annorum,
2410 2185 2466 2233 et
2507 2179 2824 2238 maledictus
2869 2185 3010 2251 erit,
3058 2199 3280 2261 vegetus
3325 2203 3381 2248 et

1801 2263 1956 2331 quasi
1989 2263 2042 2318 in
2075 2265 2278 2321 malitia
2312 2268 2584 2338 perlectus
2617 2274 2858 2330 moriens
2905 2277 2958 2332 in
2995 2291 3216 2349 peccato
3253 2298 3374 2340 suo.

1797 2349 2021 2411 Juvenis
2059 2357 2186 2412 item
2239 2371 2455 2415 centum
2504 2377 2798 2430 annorum,
2838 2376 2895 2422 et
2942 2368 3057 2438 ipse
3098 2372 3382 2441 perfectus

1797 2446 1941 2502 inter
1967 2447 2259 2517 perfectos,
2283 2461 2340 2506 et
2363 2452 2419 2508 in
2449 2455 2680 2510 salutem
2710 2469 3034 2516 assumetur.

1865 2540 2032 2598 Vsus.
2057 2542 2147 2598 2i.
2186 2562 2207 2596 ι
2232 2543 2302 2600 Ει
2332 2547 2681 2604 azdilicabunt
2711 2552 2924 2619 domos,
2968 2563 3023 2609 et
3066 2556 3169 2628 ipsi
3216 2559 3373 2614 inha-

1795 2632 2047 2690 bitabunt
2080 2653 2098 2690 :s
2127 2645 2182 2692 et
2225 2636 2544 2707 plantabunt
2590 2642 2800 2711 vineas,
2847 2654 2903 2699 et
2942 2645 3044 2715 ipsi
3091 2650 3377 2705 comedent

1797 2723 2002 2780 fructus
2029 2741 2236 2781 earum.
2261 2747 2282 2781 ι
2313 2726 2448 2783 Nam
2491 2730 2607 2787 suis
2646 2734 2745 2802 ipsi
2793 2736 3050 2802 operibus
3091 2749 3146 2815 et
3180 2740 3375 2808 gestis,

1795 2817 2101 2873 mansiones
2132 2818 2252 2874 illas
2275 2835 2394 2892 qua:
2419 2823 2559 2890 apud
2591 2821 2805 2878 Patrem
2835 2836 2984 2892 sunt,
3028 2827 3132 2881 sibi
3170 2843 3370 2898 procu-

1795 2908 1993 2963 rabunt
2023 2927 2036 2962 :
2067 2909 2160 2964 sed
2193 2911 2357 2966 etiam
2405 2912 2618 2968 fructus
2647 2914 2894 2970 laborum
2942 2932 3160 2974 suorum
3191 2935 3374 2978 corner

1794 2999 1924 3054 dent
1950 3019 1964 3053 :
1991 3000 2248 3070 quoniam
2277 3017 2341 3057 ea
2369 3018 2485 3071 qua:
2519 3013 2714 3059 terram
2750 3006 2993 3064 colentes
3017 3023 3170 3066 suam
3203 3012 3372 3067 colle-

1793 3099 2009 3161 gerunt,
2034 3105 2097 3146 ea
2132 3093 2426 3162 reperient.
2454 3093 2522 3149 iis
2553 3094 2788 3151 alentur.

1858 3271 2026 3328 Vsus.
2050 3271 2142 3327 22.
2174 3290 2194 3324 ι
2221 3271 2572 3343 Nequaquam
2604 3273 2974 3342 aediﬁcabunt,
2996 3284 3052 3330 et
3084 3274 3176 3331 alii
3212 3261 3395 3331 iuba-2

1789 3366 2070 3433 bitabunt;
2105 3381 2445 3437 nequaquam
2478 3367 2822 3437 plantabunt,
2855 3377 2910 3423 et
2939 3367 3028 3422 alii
3065 3370 3364 3425 comedent.

1788 3457 1923 3513 Nam
1966 3460 2262 3515 secundum
2307 3459 2426 3514 dies
2469 3459 2600 3530 ligni
2651 3461 2776 3515 vita:
2818 3470 2981 3516 erunt
3029 3461 3144 3516 dies
3183 3463 3368 3530 populi

1787 3553 1936 3607 mei:
1969 3566 2134 3622 opera
2179 3553 2322 3608 enim
2367 3552 2614 3608 laborum
2663 3551 2905 3622 ipsorum
2951 3561 3362 3608 veterascent.»

1788 3643 1894 3698 Sed
1935 3659 2032 3714 per
2067 3643 2278 3698 inﬁnita
2314 3643 2512 3700 saecula
2556 3643 2611 3698 in
2653 3643 2945 3699 immortali
2991 3643 3081 3697 illa
3115 3651 3168 3698 et
3218 3644 3372 3701 felici-

1785 3735 1895 3789 vita
1935 3736 2128 3804 degent
2159 3753 2175 3794 :
2204 3749 2373 3806 quare
2422 3736 2627 3791 dictum
2678 3744 2792 3801 est,
2849 3733 3024 3789 «Nam
3068 3736 3371 3791 secundum

1785 3827 1900 3882 dies
1945 3826 2074 3898 ligni
2129 3828 2255 3884 vitae
2306 3841 2467 3885 erunt
2508 3828 2628 3884 dies
2675 3828 2858 3899 papuli
2915 3830 3083 3883 mei.)
3133 3828 3366 3900 Lignum

1784 3928 1963 3974 autem
2002 3920 2131 3974 illud
2179 3921 2232 3975 in
2267 3921 2516 3992 paradiso
2550 3920 2645 3974 Dei
2678 3921 2975 3990 plantatum
3013 3920 3180 3976 fuisse
3225 3921 3362 3976 dici-

1786 4020 1905 4076 tur;
1939 4011 2264 4082 itaquenon
2311 4020 2466 4068 extra
2494 4012 2802 4082 paradisum
2833 4011 2925 4066 Dei
2977 4011 3187 4082 impleri
3235 4027 3362 4081 pro-

1783 4101 1950 4158 missa
1981 4105 2302 4158 declaratur.
2331 4104 2538 4171 Quibus
2565 4106 2818 4162 omnibus
2857 4105 3023 4160 alium
3065 4107 3169 4162 sibi
3204 4121 3232 4161 a
3262 4106 3361 4163 Ju-

1782 4191 1940 4246 daico
1973 4191 2226 4260 populum
2273 4193 2519 4248 asciscit.
2548 4193 2630 4248 llli
2659 4209 2893 4264 namque
2937 4195 3357 4262 inveterascent,

1782 4298 1884 4338 nec
1935 4284 2099 4353 aliis,
2143 4301 2210 4341 ex
2243 4286 2347 4341 hac
2389 4287 2503 4341 vita
2542 4287 2934 4355 transferendi,
2971 4287 3188 4344 labores
3234 4305 3369 4346 suos

1782 4375 2122 4446 relinquent;
2153 4376 2209 4431 hi
2255 4391 2388 4433 vero
2419 4377 2665 4432 laborum
2713 4393 2933 4434 suorum
2979 4389 3130 4448 gesta
3174 4395 3365 4435 secum

94 4471 222 4532 τοὺς
247 4467 462 4522 ἑαυτῶν
497 4467 694 4532 πόνους
713 4485 727 4498 ·
761 4467 878 4522 ἀλλ’
907 4461 1054 4522 οὗτοι
1082 4466 1154 4521 τὰ
1183 4467 1322 4539 ἔργα
1364 4468 1472 4522 τῶν
1501 4469 1678 4524 πόνων

1797 4474 2080 4533 ιεειιιηεηι,
2111 4467 2458 4538 propriisque
2489 4467 2757 4524 fructibus
2789 4469 3123 4539 gaudebunt.

94 4560 276 4614 αὐτῶν
317 4561 401 4623 εἰς
446 4559 674 4623 ἑαυτοὺς
717 4557 1104 4631 ἀναλήψονται,
1160 4559 1256 4612 καὶ
1296 4561 1410 4622 τοῖς
1457 4559 1679 4624 οἰκείοις

95 4656 333 4728 καρποῖς
365 4654 814 4725 ὲντρυφήσουσιν.

170 4765 193 4798 ι
233 4746 302 4799 Οἱ
325 4743 572 4798 ἐκλεκτοί
601 4761 704 4816 μου
733 4744 792 4798 οὐ
839 4742 1194 4797 κοπιάσουσιν
1232 4743 1313 4806 είς
1353 4741 1530 4807 κενὸν,
1559 4741 1682 4796 οὐδὲ

93 4838 578 4909 τεκνοποιήσουσιν
603 4837 684 4900 είς
703 4836 986 4907 ,κατάραν
1016 4835 1098 4889 ὅτι
1123 4836 1345 4906 σπέρμα
1377 4835 1678 4905 εὐλογημέ-

94 4949 181 4984 νον
198 4930 310 4984 ὑπὸ
338 4927 477 4984 Θεοῦ
496 4931 632 4993 ἐστι,
665 4930 760 4982 καὶ
781 4928 853 4981 τὰ
871 4926 1068 4996 ἔκγονα
1089 4926 1270 4980 αὐτῶν
1297 4928 1414 4998 μετ’
1439 4927 1640 4982 αὐτῶν.
1653 4946 1673 4978 ι

93 5024 154 5076 El
177 5023 293 5095 γὰρ
315 5022 410 5077 καί
424 5039 570 5086 τινες
585 5021 793 5076 ἔσονται
818 5022 962 5076 κατά
989 5021 1085 5074 τὸν
1104 5020 1298 5091 καιρὸν
1314 5019 1423 5073 τῶν
1439 5021 1679 5088 ἐπαγγε-

92 5114 221 5168 λιῶν
251 5113 415 5168 κόποι
449 5114 712 5184 σωτήριοι
744 5114 839 5168 καὶ
885 5111 1084 5181 ἀγαθοὶ
1133 5113 1228 5166 καὶ
1261 5111 1429 5182 ἡδεῖς,
1459 5111 1678 5176 ὁποίους

91 5201 316 5266 πάντως
353 5218 460 5255 που
501 5201 600 5255 καὶ
641 5203 674 5273 ή
721 5201 985 5272 ἀγγελικὴ
1031 5200 1187 5266 τάξις
1225 5201 1519 5270 ὑπομένειο
1561 5199 1675 5254 ἀλλ’

90 5297 190 5348 οὐκ
219 5293 495 5358 ὲπικενῶς
524 5294 679 5348 ἔσται
714 5293 784 5348 τά
812 5295 913 5366 τῆς
945 5294 1210 5366 ἐργασίας
1233 5293 1416 5357 αὐτοῖς
1435 5311 1448 5324 ·
1483 5293 1676 5366 μισθὸς

90 5388 197 5459 γὰρ
234 5388 424 5452 αὐτοῖς
475 5385 701 5452 ὲπάξιος
737 5385 1184 5458 τεθησαύρισται.
1232 5385 1587 5438 Τεκνοποιίαν
1617 5385 1676 5438 δὲ

90 5480 373 5548 νοήσωμεν
401 5475 513 5529 τῶν
555 5474 742 5545 ψυχῶν
771 5476 898 5538 τοὺς
939 5475 1234 5546 λογισμοὺς
1274 5474 1369 5528 καὶ⁵
1415 5474 1515 5546 τῆς
1555 5473 1672 5527 δια-

89 5571 235 5633 νοίας
249 5569 381 5632 τοὺς
399 5567 670 5638 καρποὺς,
704 5567 796 5631 οὒς
817 5568 1059 5639 κατάρας
1094 5565 1312 5620 ἔσεσθαι
1334 5565 1672 5638 ἀλλοτρίους,

93 5662 340 5729 εὐλογίας
372 5661 431 5714 δὲ
465 5657 651 5724 ἀξίους
675 5658 936 5725 θεσπίζει.
972 5658 1158 5713 Ταῦτα
1186 5659 1280 5712 καὶ
1313 5659 1391 5720 είς
1405 5656 1494 5711 τὸν
1529 5673 1674 5726 παρ-

91 5754 216 5809 όντα
275 5753 392 5826 βίον
437 5751 880 5822 ἐκλαμϐάνεσθαι
932 5748 1107 5824 οἶμαι,
1153 5749 1246 5805 τοῦ
1298 5747 1458 5818 λόγου
1510 5747 1671 5804 πάλιν

1851 4737 2016 4792 Vnus.
2052 4736 2144 4791 2'5.
2195 4753 2213 4788 ι
2255 4734 2424 4790 Electi
2477 4733 2580 4789 mei
2631 4750 2740 4790 non
2791 4733 3112 4790 laborabunt
3157 4735 3207 4790 in
3259 4751 3355 4790 va-

1781 4844 1930 4894 num,
1963 4843 2134 4898 neque
2183 4827 2324 4882 ﬁlios
2370 4825 2705 4898 generabunt
2752 4826 2806 4880 in
2860 4825 3298 4881 maledictionem
3330 4845 3352 4880 :

1779 4920 1904 4989 quia
1933 4935 2118 4975 semen
2164 4917 2505 4974 benedictum
2535 4932 2566 4971 a
2613 4917 2727 4972 Deo
2760 4926 2872 4982 est,
2903 4925 2957 4971 et
2993 4925 3216 4986 nepotes
3263 4932 3354 4972 eo-

1781 5026 1899 5066 rum
1943 5026 2064 5065 cum
2095 5010 2238 5064 eis.»
2279 5009 2504 5064 Etiamsi
2545 5007 2692 5063 enim
2737 5008 3164 5080 promissionum
3214 5017 3355 5062 tem-

1778 5118 1933 5174 pore,
1981 5103 2198 5172 quidam
2250 5097 2552 5167 salutares,
2604 5101 2729 5156 boni
2796 5114 3096 5171 suavesque
3143 5099 3355 5155 labores

1778 5200 1906 5260 sint,
1932 5209 2066 5264 quos
2110 5193 2387 5264 angelicus
2413 5193 2549 5248 ordo
2593 5192 2848 5257 sustinet,
2880 5193 2974 5246 sed
3008 5206 3114 5245 non
3138 5191 3356 5244 frustra

1777 5287 1970 5342 cedent
2007 5285 2110 5340 illis
2153 5299 2359 5355 opera:
2391 5299 2516 5338 nam
2550 5283 2814 5354 condigna
2855 5282 2988 5351 ipsis
3017 5295 3232 5336 merces
3269 5295 3352 5334 re-

1777 5380 1950 5451 posita
1996 5389 2100 5434 est.
2143 5377 2460 5432 Liberorum
2496 5389 2626 5429 vero
2665 5373 3097 5444 procreationem
3144 5370 3351 5426 intelli-

1779 5487 1966 5543 gamus
1992 5485 2112 5526 esse
2148 5469 2341 5524 animze
2371 5466 2746 5538 cogitationes,
2780 5465 3084 5533 mentisque
3113 5461 3350 5528 fructus,

1778 5580 1914 5636 quos
1965 5579 1994 5616 a
2049 5561 2424 5616 maledictione
2495 5558 2736 5623 alienos,
2788 5555 3167 5612 benedictione
3216 5567 3355 5608 vero

1779 5658 1973 5727 dignos
2021 5652 2138 5709 fore
2186 5651 2530 5707 vaticinatur.
2577 5645 2707 5700 Hmc
2755 5658 2815 5701 πρ
2858 5645 3105 5715 prazsenti
3136 5657 3355 5714 quoque

1781 5748 1891 5803 vita
1937 5744 2108 5814 accipi
2150 5758 2308 5813 posse
2356 5739 2635 5804 existimo,
2681 5736 2753 5792 ita
2787 5747 2846 5793 ut
2887 5737 2973 5793 his
3021 5737 3356 5808 apostolicus
