3858 6214
467 284 571 340 515

1137 282 1412 341 EUSEBII
1449 281 1932 342 CESARIENSIS
1969 282 2043 342 OI

2159 283 2342 342 PARS
2379 283 2468 341 111.
2509 315 2579 326 -
2613 283 3034 342 EXEGETICA.

3612 288 3711 347 516

467 405 665 460 chorus
703 400 1090 458 subind'icetur.
1130 418 1150 452 ι
1179 400 1304 456 Ideo
1346 401 1502 457 electi
1540 403 1646 458 mei
1691 418 1796 458 non
1828 402 2042 458 labora-

2153 399 2235 453 τὸν
2265 399 2424 472 χορὸν
2454 399 2546 455 τὸν
2577 397 2932 454 ἀποστολικδν
2959 396 3346 469 αἰνιττομένου.
3374 415 3398 450 ι
3431 399 3532 455 Διά
3563 401 3713 457 τοῦτο

467 497 598 551 bunt
627 496 679 549 in
710 509 926 560 vanum,
958 507 1133 563 neque
1175 491 1314 548 ﬁlios
1360 496 1726 563 procreabunt
1773 497 1828 550 in
1867 495 2038 550 male-

466 587 820 642 dictionemn
869 585 1246 655 Apostolorum
1317 586 1516 655 quippe
1566 586 1799 652 labores,
1845 595 1906 640 ut
1950 585 2042 642 vel

466 679 597 748 ipsis
624 677 794 733 oculis
835 677 1063 746 patebit,
1095 692 1203 731 non
1253 677 1303 731 in
1336 694 1532 732 vanum
1583 679 1820 749 suscepti
1868 678 2041 746 luere,

464 770 606 840 quod
635 780 892 840 arguetur
917 785 983 823 ex
1010 770 1245 825 Ecclesia
1276 773 1342 824 ab
1370 769 1504 840 ipsis
1529 785 1626 839 per
1652 779 1821 826 totum
1851 771 2039 826 orbem

463 862 717 927 fundata;
753 870 808 916 et
837 861 930 916 lilii
963 877 1148 917 eorum
1181 876 1278 932 per
1305 861 1586 917 lavacrum
1615 863 2044 933 regenerationis

463 954 520 1009 in
548 951 763 1008 Christo
791 953 904 1008 nati
929 954 1267 1010 videbuntur.

534 1126 702 1184 Vens.
728 1127 819 1183 24.
857 1147 877 1181 ι
905 1128 970 1183 Ει
1004 1129 1110 1183 erit
1144 1139 1433 1198 antequam
1484 1129 1754 1196 clament,
1800 1145 1901 1202 ego
1943 1146 2043 1186 e1-

465 1220 680 1275 audiam
717 1231 850 1275 eos:
884 1221 1059 1277 adhuc
1100 1221 1204 1276 illis
1253 1223 1598 1293 loquentibus
1645 1223 1858 1291 dicam,
1904 1223 2044 1291 Quid

466 1311 624 1367 est?»
674 1311 734 1366 Id
776 1326 936 1382 porro
979 1312 1035 1367 in
1079 1312 1302 1368 Actibus
1349 1313 1715 1382 apostolorum
1759 1314 2042 1384 impletum

467 1405 869 1473 deprehendas;
906 1421 1029 1459 nam
1069 1405 1178 1460 Deo
1210 1407 1342 1476 ipsis
1387 1416 1623 1472 astante,
1674 1405 1841 1459 multa
1891 1407 2044 1475 signa

467 1505 522 1548 et
570 1495 810 1565 prodigia
857 1495 1176 1550 edebantur.
1225 1496 1497 1565 Apostolis
1542 1512 1675 1551 vero
1719 1497 1835 1550 haec
1881 1510 2043 1566 agen-

467 1585 637 1649 tibus,
679 1587 808 1640 hinc
844 1585 1272 1658 alienigenarum
1307 1589 1552 1659 gentium
1587 1589 1870 1645 conversio
1912 1589 2044 1644 sub-

467 1677 823 1745 sequebatur.

2144 494 2193 544 οί
2243 491 2486 545 ἐκλεκτοί
2523 508 2622 562 μου
2657 491 2719 544 οὐ
2764 490 3117 544 κοπιάσουσιν
3162 490 3243 552 εις
3286 489 3439 544 κενὸν
3483 491 3604 546 οὐδὲ
3632 510 3716 547 τε·

2145 583 2560 654 κνοποιήσουσιν
2581 583 2661 644 είς
2694 580 2960 652 κατάραν.
2999 599 3018 632 ι
3062 579 3254 633 Ἔσται
3293 577 3402 650 γὰρ
3424 579 3714 653 ὀφθαλμοῖς

2145 671 2481 746 παραλαϐεῖν
2529 671 2639 726 τῶν
2693 671 3008 727 ἀποστόλων
3052 671 3181 734 τοὺς
3233 669 3454 736 κόπους,
3509 674 3612 727 οὐκ
3640 675 3717 740 είς

2143 767 2300 821 κενὸν
2339 765 2736 837 γεγενημένους
2777 764 2886 819 ἀπὸ
2925 763 3027 835 τῆς
3063 764 3154 817 ὑπ’
3182 763 3361 818 αὐτῶν
3389 764 3718 840 ίδρυνθείσης

2144 859 2267 913 καθ’
2295 859 2423 932 ὅλης
2447 859 2549 929 τῆς
2566 858 2896 929 ὀἰκουμένης
2931 855 3258 928 Ἐκκλησίας
3277 872 3292 887 ·
3323 859 3418 910 καὶ
3449 857 3518 911 τὰ
3557 859 3719 914 τέκνα

2145 949 2325 1004 αὐτῶν
2348 953 2405 1004 ἐν
2430 948 2654 1022 Χριστῷ
2678 948 3008 1021 γεννηθέντα
3027 947 3114 1002 διὰ
3129 947 3229 1020 τῆς
3253 947 3349 1002 τοῦ
3363 948 3588 1022 λουτροῦ
3621 968 3720 1007 πα-

2145 1040 2501 1113 λιγγενεσίας.

2221 1153 2240 1187 ι
2263 1135 2374 1189 Kal
2397 1133 2549 1186 ἐσται
2579 1132 2709 1206 πρὶν
2733 1131 2766 1203 ἢ
2797 1132 3061 1204 κεκράξαι
3099 1133 3316 1197 αὐτοὺς,
3347 1132 3460 1202 ἐγὼ
3487 1135 3722 1190 ὑπακού-
3760 1168 3763 1173 -

2147 1244 2311 1299 σομαι
2336 1226 2515 1282 αὐτῶν
2535 1243 2548 1257 ·
2575 1225 2654 1279 ἐτι
2686 1224 2987 1279 λαλούντων
3013 1225 3190 1280 αὐτῶν
3224 1226 3352 1298 ἐρῶ·
3388 1227 3453 1281 Τί
3484 1230 3664 1295 ἐστιν;
3698 1249 3717 1282 ι

2150 1321 2218 1373 "A
2246 1320 2310 1392 δὴ
2347 1321 2440 1373 καὶ
2474 1317 2777 1390 ἐπληροῦτο
2815 1318 2908 1371 ἐπὶ
2934 1318 3043 1372 τῶν
3071 1318 3332 1391 Πράξεων
3351 1319 3461 1373 τῶν
3491 1322 3723 1375 ἀποστό-

2145 1411 2274 1465 λων·
2315 1410 2486 1465 πολλά
2525 1410 2634 1482 γάρ
2675 1412 2878 1480 σημεῖα
2917 1409 3014 1463 καὶ
3055 1411 3258 1482 τέρατα
3286 1413 3588 1484 ἐνηργεῖτο,
3631 1411 3722 1466 τοῦ

2144 1502 2280 1557 Θεοῦ
2325 1504 2508 1567 αὐτοῖς
2550 1501 2919 1573 παρεστῶτος.
2953 1494 3054 1556 Ὧν
3087 1502 3311 1558 τοιαῦτα
3340 1503 3723 1575 ἐνεργούντων,

2145 1593 2453 1657 ἀκολούθως
2504 1596 2538 1666 ἢ
2589 1593 2697 1648 τῶν
2760 1592 3072 1662 ἀλλοφύλων
3128 1594 3296 1649 ἐθνῶν
3355 1595 3566 1665 ἐγίνετο
3608 1599 3727 1650 ἐπι-

2149 1685 2376 1756 στροφήο

531 1766 701 1823 Vens.
725 1767 816 1826 25.
855 1788 874 1821 ‹
905 1769 1055 1826 Tunc
1101 1772 1211 1842 lupi
1255 1781 1312 1828 et
1347 1773 1469 1844 agni
1518 1782 1812 1844 pascentur
1855 1773 2038 1839 simul,

2225 1795 2245 1828 ‹
2287 1776 2420 1829 Τότε
2459 1773 2613 1828 λύκοι
2661 1774 2757 1830 καὶ
2796 1774 2959 1845 ἄρνες
2995 1773 3421 1846 βοσκηθήσονται
3467 1776 3604 1846 ἅμα,
3631 1775 3728 1829 καὶ

465 1868 521 1913 et
553 1859 637 1914 leo
665 1870 722 1915 ut
765 1862 861 1917 bos
905 1865 1151 1918 comedet
1193 1864 1396 1933 paleas,
1437 1881 1662 1936 serpens
1708 1876 1890 1920 autem
1933 1874 2046 1920 ter-

467 1967 584 2005 ram
617 1953 768 2021 quasi
805 1969 1019 2024 panem.
1072 1955 1188 2010 Non
1243 1960 1536 2023 nocebunt,
1569 1975 1745 2029 neque
1789 1961 2042 2014 devasta-

466 2041 600 2096 bunt
648 2045 701 2098 in
738 2056 922 2099 monte
969 2057 1157 2101 sancto
1195 2062 1336 2112 meo,
1372 2047 1505 2103 dicit
1541 2049 1818 2105 Dominus.
1844 2068 1863 2101 ι
1910 2048 2042 2104 Nam

465 2138 556 2206 qu‘i
588 2134 739 2204 prius
768 2151 992 2206 rapaces
1017 2147 1071 2192 et
1099 2137 1308 2193 feroces
1336 2149 1512 2203 erant,
1543 2140 1616 2194 ita
1645 2150 1702 2195 ut
1727 2141 1876 2211 lupis
1902 2156 2048 2196 com-

464 2228 642 2296 parari
665 2238 928 2298 possent,
967 2230 1020 2284 in
1063 2239 1404 2285 mansuetum
1445 2247 1652 2288 morem
1696 2235 2041 2302 commutati,

467 2333 593 2374 cum
644 2321 798 2390 agnis
841 2331 896 2376 et
942 2321 1118 2377 bobus
1162 2324 1425 2394 gregatim
1469 2325 1790 2394 agebantur,
1829 2335 1889 2379 ut
1935 2341 2044 2381 uno

467 2410 770 2480 eodemque
813 2427 880 2466 ex
937 2411 1137 2467 divinis
1194 2413 1520 2470 lectionibus
1560 2425 1818 2485 excerpto
1875 2417 2046 2472 ratio.

468 2503 635 2560 nabili
671 2505 793 2560 cibo
837 2514 1138 2562 uterentur.
1179 2507 1282 2575 Qui
1323 2515 1501 2562 autem
1538 2508 1780 2563 moribus
1831 2507 1966 2563 nihil
2013 2525 2044 2564 a

467 2597 715 2651 leonibus
754 2597 1158 2666 discrepabant,
1195 2599 1310 2666 jam
1349 2613 1456 2654 non
1489 2597 1628 2654 ultra
1657 2598 1962 2655 carnivoris
1991 2607 2047 2654 et

466 2689 832 2758 sanguinariis
906 2689 1034 2745 feris
1085 2691 1326 2754 similes,
1387 2691 1550 2746 boum
1606 2690 1776 2745 instar
1821 2700 1877 2746 et
1942 2692 2044 2762 ipsi

465 2779 662 2836 divina:
702 2780 962 2836 doctrinae
1003 2782 1225 2837 herbam
1277 2782 1652 2838 comedebant.
1688 2782 1757 2836 Et
1796 2784 1890 2853 qui
1915 2783 2044 2839 olim

465 2879 774 2942 serpentem
827 2871 1126 2937 referebat,
1171 2882 1401 2940 atroque
1441 2888 1651 2928 veneno
1703 2873 1895 2943 plenus
1936 2873 2042 2940 vir,

465 2964 743 3032 repudiata
779 2963 1004 3028 malitia,
1038 2978 1229 3033 panem
1253 2964 1540 3018 comedet:
1573 2979 1670 3034 pro
1699 2973 1842 3019 terra
1871 2980 2036 3035 quam

465 3054 617 3121 prius
640 3054 857 3120 edebat,
883 3055 1192 3110 rationabili
1218 3065 1272 3111 et
1295 3057 1539 3110 humano
1571 3065 1731 3111 utens
1757 3055 2041 3112 alimento.

465 3144 652 3215 Usque
683 3144 819 3200 adeo
860 3155 1039 3202 autem
1085 3147 1395 3216 hujusmodi
1452 3147 1581 3203 ferae
1625 3157 2044 3216 mansuescent,

467 3248 527 3294 ut
561 3237 834 3295 neminem
879 3239 1076 3296 lmdant
1103 3240 1185 3296 vel
1227 3239 1572 3311 pessumdent
1604 3240 1664 3295 in
1700 3254 1884 3297 monte
1931 3241 2046 3298 Dei.

1033 3400 1262 3458 CAPUT
1295 3399 1480 3458 LXVI.

538 3515 703 3572 Vens.
731 3516 846 3570 1-5.
883 3534 902 3568 ι
931 3515 1025 3571 Sic
1074 3516 1204 3571 dicit
1251 3516 1534 3584 Dominus,
1569 3516 1777 3574 Caelum
1823 3520 2050 3576 thronus

464 3622 643 3675 meus,
677 3616 732 3662 et
773 3617 920 3662 terra
964 3606 1260 3662 scabellum
1295 3611 1488 3678 pedum
1523 3625 1791 3668 meorum.
1823 3612 2047 3678 Qualem

469 3701 688 3756 domum
738 3698 1081 3754 aadilicabitis
1131 3698 1308 3753 mihi?
1351 3709 1408 3754 et
1453 3701 1576 3770 quis
1627 3701 1783 3757 locus
1831 3701 2047 3771 requie-

470 3791 632 3845 tionis
673 3791 840 3844 mem?
867 3790 988 3845 Haec
1018 3789 1161 3845 enim
1192 3790 1374 3845 omnia
1411 3791 1538 3847 fecit
1583 3807 1779 3847 manus
1829 3809 1967 3860 mea,
1997 3803 2051 3848 et

469 3883 583 3937 haec
625 3883 806 3936 omnia
835 3898 952 3936 mea
999 3891 1155 3948 sunt,
1205 3884 1337 3939 dicit
1380 3885 1658 3940 Dominus.
1700 3884 1870 3951 Quem
1915 3899 2049 3940 vero

472 3974 782 4043 respiciam,
812 3975 916 4028 nisi
945 3977 1224 4039 humilem,
1261 3986 1315 4032 et
1350 3976 1614 4045 quietum,
1640 3985 2045 4030 el-trementem

470 4080 751 4121 sermones
779 4068 965 4122 meos?
996 4066 1218 4137 Iniquus
1265 4077 1468 4130 autem,
1498 4067 1594 4136 qui
1640 4066 1885 4121 immolat
1914 4066 2045 4120 mihi

469 4156 718 4221 vitulum,
759 4157 913 4226 quasi
958 4159 1172 4212 occidat
1217 4173 1447 4213 canem:
1481 4159 1574 4229 qui
1617 4172 1748 4213 vero
1777 4155 1936 4212 oll'ert
1971 4157 2046 4212 si-

470 4249 677 4316 milam,
701 4249 854 4316 quasi
882 4247 1099 4304 suillum
1129 4250 1444 4318 sanguinem
1473 4268 1488 4303 :
1521 4249 1611 4320 qui
1642 4251 1734 4304 dat
1765 4250 2042 4306 incensum

471 4342 525 4396 in
557 4341 893 4405 memoriam,
937 4342 1091 4411 quasi
1123 4340 1498 4412 blasphemus.
1529 4341 1596 4395 Et
1628 4341 1732 4411 ipsi
1764 4342 2045 4412 elegerunt

2146 1867 2282 1920 λέων
2317 1866 2392 1930 ὡς
2423 1865 2547 1936 βοῦς
2583 1865 2816 1935 φάγεται
2839 1865 3036 1936 ἄχυρα,
3071 1865 3193 1935 ὄφις
3223 1866 3280 1919 δὲ
3311 1866 3414 1937 γῆν
3439 1866 3513 1929 ὡς
3544 1867 3728 1937 ἄρτον.

2147 1960 2261 2012 Οῦκ
2294 1958 2658 2029 ἀδικήσουσιν,
2704 1957 2826 2010 ούδέ
2855 1956 3218 2029 λυμανοῦνται
3263 1957 3356 2010 ἐπὶ
3398 1957 3478 2028 τῷ
3507 1957 3626 2029 ὄρει
3650 1957 3729 2029 τῷ

2145 2050 2287 2120 ἁγίῳ
2319 2066 2440 2120 μου,
2487 2047 2636 2117 λέγει
2668 2049 2892 2120 Κύριος.
2933 2067 2952 2100 ι
2987 2051 3049 2102 Οἱ
3096 2047 3205 2120 γὰρ
3259 2048 3522 2120 πρότερον
3547 2050 3719 2121 ἁρπα-

2145 2141 2324 2195 κτικοὶ
2351 2141 2443 2195 xal
2458 2137 2760 2212 θηριώδεις,
2779 2141 2854 2204 ὡς
2876 2139 3061 2204 λύκοις
3074 2139 3538 2211 παραϐάλλεσθαι,
3556 2158 3727 2212 μετα-

2147 2231 2464 2303 ϐαλλόμενοι
2512 2232 2606 2286 ἐπὶ
2654 2231 2715 2286 τὸ
2757 2232 2984 2306 ἥμερον,
3019 2233 3227 2303 ἀρνίοις
3259 2233 3354 2286 καὶ
3387 2233 3571 2303 βουσὶν
3608 2250 3730 2286 ουν.

2145 2323 2490 2399 ηγελάζοντο,
2521 2323 2597 2387 ὡς
2620 2324 2748 2394 μιᾶς
2763 2324 2966 2396 καὶτῆς
2985 2323 3153 2396 αὐτῆς
3168 2324 3604 2396 μεταλαμϐάνειν
3630 2325 3730 2395 τῆς

2146 2416 2255 2471 ἀπὸ
2285 2415 2394 2469 τῶν
2442 2415 2600 2469 θείων
2645 2415 3090 2487 ἀναγνωσμάτων
3133 2415 3356 2486 λογικῆς
3398 2417 3627 2486 τροφῆς.
3661 2417 3728 2470 Οἱ

2145 2509 2202 2563 δέ
2247 2510 2358 2573 τοῖς
2402 2507 2623 2580 τρόποις
2669 2507 2901 2562 λεόντων
2941 2507 3091 2562 ούδέν
3132 2508 3511 2579 διαφέροντες,
3546 2509 3730 2562 οὐκέτι

2149 2597 2537 2671 σαρκοφάγοις,
2574 2597 2695 2652 οὐδὲ
2730 2595 3037 2669 ὠμοϐόροις
3063 2596 3257 2668 θηρσὶν
3287 2597 3544 2661 ἐοικότες,
3575 2595 3715 2668 δίκη·

2149 2690 2288 2761 βοῶν
2318 2691 2411 2745 καὶ
2430 2691 2584 2744 αὐτοὶ
2607 2689 2707 2762 τὴν
2736 2689 2844 2742 ἀπὸ
2868 2689 2970 2760 τῆς
2997 2687 3182 2742 ἐνθέου
3209 2688 3555 2753 διδασκαλίας
3594 2688 3732 2744 πόαν

2146 2782 2354 2855 ήσθιον.
2413 2782 2522 2836 Kal
2553 2783 2583 2834 ὁ
2621 2780 2788 2834 πάλαι
2815 2779 2881 2852 δὴ
2917 2780 3183 2850 πρότερον
3209 2779 3469 2850 ὀφιώδης,
3499 2780 3596 2833 καὶ
3649 2777 3731 2834 lca

2151 2877 2347 2948 μεστὸς
2395 2875 2555 2947 ἀνὴρ,
2587 2873 2904 2937 ἀποπτύσας
2945 2872 3046 2944 τὴν
3089 2875 3148 2926 ἐν
3196 2871 3346 2943 αὐτῷ
3375 2871 3599 2936 κακίαν,
3639 2871 3733 2927 τὸν

2148 2967 2311 3040 ἄρτον
2333 2967 2585 3038 φάγεται,
2615 2967 2788 3038 τροφῇ
2813 2965 3006 3036 λογικῇ
3039 2964 3135 3018 καὶ
3171 2963 3491 3036 ἀνθρωπίνῃ
3516 2963 3735 3034 χρώμεο

2147 3077 2257 3124 νος,
2288 3059 2406 3113 ἀνθ’
2430 3054 2500 3132 ἦς
2523 3057 2679 3129 ἤσθιε
2722 3057 2988 3130 πρότερον
3023 3058 3149 3127 γῆς.
3188 3053 3345 3109 Οὕτω
3381 3055 3440 3108 δέ
3481 3056 3532 3108 oi
3568 3054 3734 3126 θῆρες

2150 3146 2296 3206 οῦτοι
2355 3149 2885 3224 ἐξημερωθήσονται,
2935 3148 3013 3212 ὡς
3065 3147 3269 3220 μηδένα
3320 3147 3549 3216 ἀδικεῖν,
3597 3148 3704 3220 μηδ

2150 3243 2500 3317 λυμαίνεσθαι
2525 3259 2679 3306 τινας
2699 3243 2756 3296 ἐν
2786 3240 2866 3313 τῷ
2895 3241 3012 3312 ὄρει
3049 3240 3145 3295 τοῦ
3166 3239 3325 3294 Θεοῦ.
3667 3271 3670 3274 ~

2658 3399 3054 3456 ΚΕΦΑΛΑΙΟΝ
3112 3395 3251 3466 ΞΕΓ.

2225 3533 2245 3566 ι
2279 3513 2464 3578 Οὕτως
2488 3513 2634 3584 λέγει
2659 3512 2884 3586 Κύριος·
2925 3514 2982 3568 '0
3008 3512 3234 3585 οὐρανός
3265 3528 3366 3583 μου
3397 3510 3610 3584 θρόνος,
3636 3512 3734 3566 καὶ

2149 3607 2183 3676 ἡ
2216 3605 2290 3676 γῆ
2323 3605 2610 3662 ὑποπόδιον
2642 3605 2752 3658 τῶν
2781 3604 2960 3659 ποδῶν
2996 3623 3119 3674 μου.
3155 3605 3313 3657 Ποῖον
3343 3597 3505 3659 οἶκον
3525 3604 3735 3658 οἰκοδο-

2153 3698 2356 3771 μήσετέ
2389 3715 2477 3770 μοι
2501 3715 2516 3764 ;
2548 3699 2641 3752 καὶ
2667 3700 2820 3760 ποῖος
2839 3697 3004 3761 τόπος
3028 3696 3130 3768 τῆς
3159 3694 3561 3759 καταπαύσεώς
3592 3712 3734 3766 μου;

2150 3789 2335 3842 Πάντα
2377 3788 2485 3860 γάρ
2530 3785 2705 3840 ταῦτα
2752 3785 3008 3857 ἐποίησεν
3049 3787 3082 3856 ἡ
3126 3785 3248 3856 χείρ
3284 3801 3407 3856 μου,
3453 3782 3547 3838 καῖ⁵
3587 3783 3738 3837 ἐστιν

2149 3881 2257 3952 ἐμά
2292 3881 2472 3935 πάντα
2511 3879 2708 3946 ταῦτα,
2742 3879 2890 3948 λέγει
2927 3878 3150 3950 Κύριος.
3184 3879 3292 3931 Kal
3330 3876 3423 3930 ἐπὶ
3453 3876 3578 3930 τίνα
3607 3876 3736 3929 ἐπι-

2149 3971 2350 4042 ϐλέψω,
2381 3971 2496 4026 ἀλλ’
2521 3971 2553 4042 ἢ
2575 3971 2670 4024 ἐπὶ
2693 3970 2782 4024 τὸν
2808 3969 3063 4023 ταπεινὸν
3093 3968 3188 4021 καὶ
3218 3966 3462 4038 ἡσύχιον,
3487 3965 3586 4020 καὶ
3603 3966 3738 4037 τρέ-

2151 4083 2318 4137 μοντα
2349 4065 2478 4129 τοὺς
2509 4065 2700 4134 λόγους
2747 4080 2880 4136 μους
2940 4064 2997 4117 Ὁ
3027 4061 3085 4115 δὲ
3128 4061 3330 4132 ἄνομος
3371 4061 3400 4113 ὁ
3449 4057 3595 4113 θύων
3644 4076 3739 4130 μοι

2151 4158 2369 4229 μόσχον,
2395 4157 2472 4222 ὡς
2501 4159 2837 4213 ἀποκτείνων
2861 4157 3000 4213 κύνα
3018 4175 3034 4189 ·
3057 4158 3087 4210 ό
3112 4157 3169 4210 δὲ
3192 4156 3484 4228 ἀναφέρων
3514 4155 3740 4226 σεμίδκ-

2144 4249 2249 4316 λιν,
2282 4249 2359 4314 ῶς
2391 4244 2526 4321 αἷμα
2548 4249 2717 4304 νῦειον·
2749 4253 2779 4304 ὁ
2805 4250 2981 4314 διδοὺς
3009 4248 3226 4304 λίϐανον
3251 4248 3332 4311 είς
3364 4248 3734 4318 μνημόσυνον,

2146 4342 2222 4402 ὼς
2249 4341 2588 4414 βλάσφημος.
2638 4343 2749 4396 Kal
2780 4342 2936 4396 αὐτοὶ
2969 4341 3280 4409 ἐξελέξαντο
3310 4341 3409 4405 τὰς
3438 4339 3596 4404 ὁδοὺς
3641 4341 3741 4396 αὐ-

467 4433 588 4488 vias
619 4447 765 4497 suas,
799 4441 854 4486 et
881 4431 1312 4487 abominationes
1351 4433 1587 4503 ipsorum
1630 4434 1812 4488 anima
1855 4449 2042 4490 eorum

2153 4432 2276 4496 τῶν,
2308 4434 2403 4487 καὶ
2432 4433 2500 4486 τά
2534 4431 2877 4504 βδελύγματα
2914 4431 3094 4487 αὐτῶν
3127 4433 3161 4502 ἠ
3199 4429 3346 4501 ψυχὴ
3387 4429 3572 4484 αὐτῶν
3608 4429 3742 4500 ἠθέ-

470 4523 701 4580 voluit.)
740 4523 856 4577 Non
883 4524 1029 4579 enim
1067 4524 1204 4589 haec,
1244 4523 1446 4594 inquit,
1487 4525 1741 4581 voluntas
1778 4541 1920 4593 mea,
1953 4542 2048 4581 ne-

469 4631 575 4685 que
610 4631 740 4670 mea:
787 4615 1091 4683 hujusmodi
1125 4617 1375 4683 vite,.sed
1417 4616 1486 4671 ad
1531 4616 1762 4672 lubitum
1795 4627 1850 4673 et
1880 4618 2048 4689 placi-

473 4717 584 4760 tum
612 4721 797 4761 eorum
825 4715 969 4762 sunt.

433 4792 445 4835 3‘
546 4795 786 4853 VensJ.
829 4816 848 4848 ‹
880 4798 947 4852 Ει
991 4814 1091 4868 ego
1133 4799 1366 4870 deligam
1413 4800 1696 4856 illusiones
1739 4816 1950 4869 eorum,
1995 4813 2052 4858 et

471 4903 692 4960 peccata
738 4892 1033 4946 retribuam
1079 4893 1158 4947 eis
1193 4912 1210 4946 ι
1257 4893 1383 4962 quia
1421 4895 1611 4948 vocavi
1675 4908 1808 4961 eos,
1841 4904 1895 4948 et
1937 4909 2043 4949 non

469 4984 826 5038 exaudierunt
851 4999 964 5052 me;
998 4984 1211 5040 locutus
1239 5000 1382 5054 sum,
1409 4996 1465 5041 et
1491 5001 1598 5040 non
1629 4987 1919 5042 audierunt
1945 5006 1958 5042 ε
1990 4997 2048 5042 et

470 5077 715 5131 fecerunt
752 5075 950 5129 malum
983 5075 1034 5129 in
1059 5089 1350 5148 conspectu
1378 5094 1517 5143 meo,
1542 5087 1599 5132 et
1630 5093 1748 5148 quae
1793 5079 2042 5134 nolebam

467 5169 808 5236 elegerunt.»
855 5167 1204 5232 Quandonam
1253 5178 1430 5222 autem
1480 5177 1761 5223 vocantem
1809 5183 1912 5222 non
1957 5169 2042 5222 in-

471 5261 829 5326 tellexerunt,
875 5260 978 5314 nisi
1023 5260 1239 5328 quando
1270 5274 1507 5328 praesens
1549 5259 1684 5328 ipsis
1731 5258 2039 5324 clamabat,

475 5371 493 5403 ‹
521 5351 708 5406 Venite
730 5354 796 5405 ad
825 5366 909 5407 me
933 5367 1145 5428 omnes,
1167 5352 1259 5421 qui
1286 5351 1545 5408 laboratis
1569 5360 1622 5408 et
1649 5351 1861 5406 onerati
1884 5351 2039 5418 estis,

466 5453 521 5499 et
546 5457 649 5514 ego
679 5445 916 5500 reliciam
948 5461 1044 5502 vos
1065 5445 1144 5499 ὀἳ
1174 5464 1194 5498 ι

541 5535 706 5591 Vens.
731 5537 786 5593 5.
825 5555 845 5588 ι
873 5536 1068 5594 Audite
1097 5540 1264 5594 verba
1309 5536 1544 5606 Domini,
1579 5535 1674 5608 qui
1713 5535 1944 5592 tremitis
1975 5536 2041 5590 ad

541 5717 599 5808 ξ’,
626 5716 812 5774 Matth.
841 5733 914 5774 ιι.
942 5718 1032 5775 28.

2146 4525 2296 4596 λησε.
2337 4543 2355 4577 ι
2407 4526 2482 4579 Ού
2520 4524 2628 4597 γὰρ
2656 4524 2785 4596 ,ἐμά
2819 4524 3016 4590 ταῦτα,
3067 4530 3222 4595 φησι,
3269 4523 3575 4593 θελήματα,
3611 4523 3741 4575 οὐδὲ

2146 4618 2270 4688 ἐμοὶ
2306 4617 2362 4670 αἱ
2393 4615 2504 4670 ὁδοὶ
2530 4609 2711 4683 αὗται,
2740 4617 2878 4673 ἀλλά
2900 4604 3000 4690 τῆς
3026 4615 3204 4671 αὐτῶν
3231 4614 3610 4687 προαιρέσεως
3641 4632 3742 4669 κατ

2147 4707 2410 4779 ταθύμια.

2227 4819 2245 4852 ι
2281 4803 2392 4856 Καὶ
2443 4799 2553 4870 ἐγὼ
2588 4801 2879 4874 ἐκλέξομαι
2910 4801 2980 4856 τὰ
3012 4801 3376 4873 ἐμπαίγματα
3403 4799 3613 4866 αὐτῶν,
3645 4801 3743 4854 καὶ⁵

2145 4889 2246 4953 τὰς
2287 4889 2562 4962 ἁμαρτίας
2603 4888 2972 4952 ἀνταποδώσω
3007 4891 3192 4953 αὐτοῖς
3238 4892 3320 4944 ὅτι
3358 4889 3597 4943 ἐκάλεσα
3644 4889 3742 4943 αὐ-

2147 4983 2291 5046 τοὺς,
2348 4981 2441 5035 καὶ
2485 4983 2584 5052 οὐχ
2623 4983 2940 5054 ὑπήκουσάν
2994 4999 3094 5054 μου
3118 4999 3132 5013 ·
3190 4982 3448 5052 ἐλάλησα,
3496 4983 3596 5036 καὶ
3640 4982 3742 5034 οῦκ

2147 5075 2404 5146 ἤκουσαν·
2453 5075 2547 5128 καὶ
2595 5076 2857 5147 ἐποίησαν
2903 5077 2969 5130 τὸ
3016 5075 3251 5149 πονηρὸν
3283 5076 3533 5130 ἐναντίον
3577 5074 3741 5146 ἐμοῦ,

2147 5169 2240 5222 καὶ
2259 5167 2295 5221 ὃ.
2325 5171 2426 5220 οὐκ
2453 5167 2752 5239 ἐϐουλόμην
2773 5168 3108 5236 ἐξελέξαντο.
3141 5189 3160 5221 ι
3193 5169 3331 5222 Πότε
3356 5168 3414 5222 δὲ
3441 5167 3742 5223 καλοῦντος

2149 5260 2347 5324 αὐτοὺς
2399 5259 2461 5313 ού
2497 5261 2761 5331 συνῆκαν,
2809 5261 2843 5333 ἢ
2878 5261 2969 5316 ὅτε
3017 5263 3203 5325 αὐτοῖς
3235 5259 3542 5332 συντρίϐων
3581 5260 3739 5313 ἐϐόα·

2156 5370 2174 5402 ι
2210 5351 2375 5405 Δεῦτε
2408 5351 2544 5424 πρὸς
2579 5351 2669 5423 μὲ,
2701 5353 2904 5418 πάντες
2935 5355 2983 5407 οἱ
3017 5353 3314 5418 κοπιῶντες
3347 5353 3443 5407 καὶ
3479 5368 3742 5423 πεφορτι-

2151 5445 2360 5515 σμένοι,
2391 5443 2545 5512 κάγὼ
2576 5445 2879 5499 ἀναπαύσω
2905 5446 3085 5516 ύμᾶς;
3123 5464 3142 5497 ι

2225 5556 2244 5590 ι
2291 5536 2583 5592 Ἀκούσατε
2609 5539 2832 5611 ῥήματα
2863 5537 3068 5610 Κυρίου
3127 5537 3178 5592 οἱ
3198 5536 3497 5608 τρέμοντες
3532 5534 3631 5590 τὸν
3655 5532 3740 5588 λό-
