3858 6214
140 317 261 372 5N

1066 324 1588 385 ΌΟΜΜΕΝΤΑΒΊΔ
1623 328 1692 384 IN
1730 316 2097 389 15mm—
2134 336 2286 394 CAP.
2328 338 2514 396 LXVI.

3309 348 3412 404 518

144 456 249 510 γον
279 438 468 496 αὑτοῦ.
494 443 719 510 Εῐπατε,
746 443 965 514 ἀδελφοὶ
988 446 1164 517 ήμῶν,
1189 452 1301 512 τοῖς
1328 451 1575 520 μισοῦσιν
1599 454 1724 525 ὑμᾶς

1815 514 1817 521 ,
1845 471 2152 512 sermonem
2180 458 2318 528 ejus.
2349 460 2543 524 Dicite,
2568 459 2765 518 fratres
2794 463 2988 533 nostri,
3013 465 3318 523 odientibus
3355 476 3412 523 et

144 533 246 585 καὶ
292 532 757 605 βδελυσσομένοις,
794 536 882 589 ἵνα
916 538 979 591 τὸ
1016 539 1186 611 ὄνομα
1236 543 1446 613 Κυρίου
1478 543 1729 618 δοξασθῇ,

140 626 241 679 καὶ
270 626 411 698 ὀφθῇ
436 629 495 679 ὲν
519 630 583 698 τῇ
607 628 913 703 εὐφροσύνῃ
940 632 1139 699 αὐτῶν,
1175 635 1267 687 καὶ¹
1296 636 1491 690 ἐκεῖνοι
1511 639 1733 709 αἰσχυν-

132 712 430 784 θήσονται.
480 736 501 768 ι
539 717 909 785 Εὐαγγελικὸν
940 722 1121 786 αὐτοῖς
1154 724 1485 795 παραδίδωσι
1520 728 1733 800 παράγ-

138 807 329 878 γελμα
359 809 513 861 οὐδὲν
537 810 789 881 διαφέρον
824 813 940 879 τοῦ,
978 832 998 867 ‹
1054 815 1327 884 Ἀγαπᾶτε
1350 819 1477 882 τοὺς
1503 820 1730 891 ἐχθροὺς

136 898 322 968 ὑμῶν,
358 899 541 962 καλῶς
568 904 773 955 ποιεῖτε
804 904 931 967 τοὺς
976 906 1267 975 μισοῦντας
1300 909 1465 979 ὑμᾶς,
1498 912 1730 982 προσεύ-

139 991 307 1061 χεσθε
339 993 481 1065 ὑπὲρ
508 994 617 1048 τῶν
651 996 1241 1071 ἔπηρεαζόντωνύμᾶς
1278 1003 1374 1056 καὶ
1403 1003 1725 1070 διωκόντων,

138 1084 229 1137 ἵνα
258 1084 494 1155 γένησθε
523 1088 631 1140 υἱοὶ
657 1088 748 1141 τοῦ
776 1090 987 1162 Πατρὸς
1018 1091 1170 1163 ὑμῶν
1190 1093 1282 1147 τοῦ
1312 1097 1368 1149 ἔν
1399 1097 1667 1166 οὐρανοῖς.
1701 1117 1720 1150 ι

124 1174 303 1228 οὕτω
334 1178 429 1229 καὶ
464 1178 496 1249 ἡ
530 1180 834 1250 προφητεία
869 1182 1303 1252 παρακελεύεται
1338 1187 1432 1240 καὶ
1462 1187 1721 1242 διδάσκει.

215 1285 235 1317 ‹
278 1268 439 1338 Φωνὴ
479 1270 726 1341 κραυγῆς
758 1272 824 1324 ἐκ
852 1272 1079 1337 πόλεως,
1111 1276 1260 1347 φωνὴ
1294 1278 1359 1329 ὲκ
1388 1277 1538 1341 ναοῦ,
1574 1279 1723 1349 φωνὴ

136 1357 351 1429 Κυρίου
397 1361 839 1425 ἀπαποδιδόντος
870 1364 1225 1419 ἀνταπόδοσιν
1258 1371 1370 1431 τοῖς
1418 1370 1725 1440 ἀντικειμέ-

136 1466 273 1513 νοις.
317 1470 335 1501 ι
367 1451 430 1503 Εί
474 1452 582 1524 γὰρ
614 1452 783 1508 ταῦτα
815 1455 1127 1526 πράττοιτο,
1172 1458 1325 1529 ὑμῶν
1361 1460 1458 1530 μὲν
1488 1461 1632 1515 κατὰ
1662 1462 1723 1515 τὸ

132 1542 291 1606 τέλος
318 1542 426 1596 τῶν
451 1544 695 1613 ἁμοιὸῶν
719 1547 1022 1619 εὐφροσύνη
1049 1549 1272 1619 ἔκδηλος
1301 1551 1448 1605 ἔσται
1479 1556 1593 1617 τοῖς
1620 1556 1724 1607 πᾶ-

133 1651 241 1686 σιν·
282 1637 481 1688 ἐκεῖνοι
511 1636 569 1689 δὲ
617 1639 1168 1711 καταισχυνθήσονται
1197 1642 1257 1695 τὸ
1291 1644 1553 1718 ὑμέτερον
1592 1644 1720 1699 θεα-

133 1727 367 1797 σάμενοι
411 1728 583 1793 τέλος,
620 1730 714 1782 καὶ
759 1728 857 1800 τὴν
906 1731 1112 1785 ἑαυτῶν
1142 1731 1415 1787 ἀπώλειαν
1458 1735 1596 1788 κατὰ
1628 1737 1719 1790 τὸν

1834 549 2279 606 abominantibus
2324 565 2439 616 vos,
2481 562 2539 607 ut
2568 568 2764 609 nomen
2798 555 3009 610 Domini
3053 557 3409 629 gloriﬁcetur,

1832 648 1887 695 et
1927 640 2175 695 videatur
2198 641 2252 695 in
2289 641 2470 696 laetitia
2498 657 2707 707 eorum,
2737 653 2793 699 et
2826 646 2900 700 illi
2930 646 3351 704 confundentur.
3380 670 3402 704 ι

1832 730 2205 800 Evangelicum
2242 731 2371 801 ipsis
2405 744 2728 802 praeceptum
2777 737 2968 799 tradit,
3014 739 3149 792 nihil
3195 740 3406 794 discre-

1828 836 1964 891 pans
1990 821 2056 876 ab
2088 835 2175 887 eo,
2214 839 2233 873 ι
2266 821 2480 893 Diligite
2518 825 2769 880 inimicos
2806 838 3054 896 vestros,
3100 829 3405 887 benefacite

1827 912 1917 978 iis,
1948 913 2041 984 qui
2074 905 2304 970 oderunt
2332 931 2447 980 vos,
2476 927 2628 972 orate
2668 934 2766 986 pro
2811 916 3169 988 afﬂigentibus
3205 935 3258 978 et
3286 939 3405 993 per-

1827 1004 2177 1073 sequentibus
2210 1020 2341 1071 vos;
2384 1018 2443 1059 ut
2484 1008 2603 1061 sitis
2640 1006 2732 1060 lilii
2768 1006 2946 1063 Patris
2981 1011 3169 1075 vestri,
3200 1012 3290 1080 qui
3322 1020 3405 1065 est

1827 1099 1882 1150 in
1912 1096 2062 1153 caelis
2086 1097 2152 1152 ³¹.
2182 1116 2201 1149 ι
2242 1098 2440 1154 Eadem
2472 1114 2696 1168 prorsus
2728 1103 2972 1174 prmeipit
2997 1114 3050 1158 et
3085 1104 3239 1159 docet
3273 1120 3402 1173 pro-

1824 1187 2029 1256 pheﬁa.
2856 1192 2857 1195 “

1897 1276 2059 1333 Vens.
2086 1278 2137 1333 6.
2176 1297 2195 1331 ι
2227 1277 2341 1334 Vox
2385 1279 2637 1335 clamoris
2676 1294 2743 1335 ex
2785 1282 3023 1347 civitate,
3065 1297 3170 1337 vox
3201 1297 3232 1337 e
3264 1292 3402 1338 tem-

1824 1367 1931 1439 plo,
1958 1384 2058 1423 vox
2093 1368 2303 1423 Domini
2335 1370 2683 1426 retribuentis
2712 1371 3119 1425 retributionem
3152 1373 3403 1425 adversa-

1828 1461 1977 1516 riis.»
2013 1459 2143 1513 Nam
2170 1462 2213 1515 si
2253 1461 2365 1515 lucc
2396 1472 2644 1530 agantur,
2676 1462 2854 1516 laetitia
2885 1474 3083 1527 vestra,
3110 1464 3399 1517 accedente

1822 1549 2165 1617 prmmiorum
2203 1559 2464 1619 tempore,
2507 1552 2760 1606 omnibus
2813 1553 3097 1607 manifesta
3138 1554 3280 1608 erit:
3321 1554 3395 1608 illi

1821 1652 1950 1691 vero
2019 1637 2178 1691 finem
2244 1649 2482 1692 vestrum
2543 1642 2837 1710 conspicati
2895 1642 3287 1698 confundentur
3340 1655 3398 1700 et

1822 1745 1974 1784 suam
2020 1728 2209 1798 judicii
2264 1731 2429 1785 divini
2491 1740 2733 1801 tempore
2792 1736 3085 1803 perniciem
3140 1738 3399 1807 operibus

127 1819 235 1891 τῆς
266 1819 663 1892 δικαιοκρισίας
694 1822 883 1893 καιρὸν
908 1823 1001 1876 τοῦ
1032 1824 1167 1877 Θεοῦ
1198 1824 1379 1896 ἔργοις
1409 1826 1719 1898 μαθησόμε-

1823 1822 2079 1876 ediscent.
2110 1840 2129 1872 ι
2156 1819 2287 1883 ,Vox
2339 1822 2590 1877 clamoris
2649 1838 2714 1877 ex
2748 1826 2985 1889 civitate,
3047 1840 3148 1879 vox
3188 1842 3219 1881 e
3251 1837 3393 1881 tem-

130 1931 234 1968 νοι.
292 1932 315 1965 α
352 1915 508 1985 Φωνὴ
543 1916 791 1986 κραυγῆς
834 1917 898 1970 ὲκ
932 1916 1159 1981 πόλεως,
1211 1919 1362 1990 φωνὴ
1410 1922 1474 1973 ἔκ
1505 1920 1655 1988 ναοῦ,
1692 1940 1711 1973 ι

128 2007 191 2058 αἱ
239 2006 341 2076 μὲν
371 2003 431 2070 ἔξ
456 2006 623 2076 αὐτῆς
651 2009 750 2077 τῆς
779 2007 986 2072 πόλεως
1018 2008 1126 2063 τῶν
1157 2010 1455 2080 οἰκητόρων
1487 2011 1719 2065 ἐκϐοῶν-

125 2116 266 2161 των,
298 2099 355 2151 αἱ
390 2098 448 2151 δὲ
493 2098 552 2163 ἐξ
589 2098 752 2153 αὐτοῦ
780 2098 875 2153 τοῦ
908 2101 1057 2168 ναοῦ,
1098 2102 1207 2155 τῶν
1253 2103 1442 2174 ἱερέων
1471 2106 1565 2159 καὶ
1608 2106 1716 2159 τῶν

124 2191 339 2244 λοιπῶν
366 2191 692 2263 λειτουργῶν
719 2193 1187 2263 άποκλαιομένων.

206 2302 227 2335 ι
262 2283 404 2353 Πρὶν
435 2282 533 2354 τὴν
573 2283 868 2337 ὠδίνουσαν
891 2287 1093 2352 τεκεῖν,
1122 2286 1255 2357 πρὶν
1284 2286 1458 2340 ἐλθεῖν
1486 2287 1576 2341 τὸν
1610 2287 1713 2341 πό-

120 2393 220 2429 νον
272 2376 386 2430 τῶν
432 2376 657 2442 ὠδίνων,
709 2377 961 2448 ἐξέφυγε,
1004 2380 1101 2431 καὶ
1146 2378 1330 2434 ἔτεκεν
1380 2380 1564 2452 ἄρσεν.
1617 2381 1714 2445 Τίς

120 2468 335 2536 ἤκουσε
383 2466 626 2533 τοιοῦτο;
661 2468 755 2522 καὶ
807 2468 886 2533 τίς
924 2467 1165 2540 ἑώρακεν
1211 2470 1417 2536 οὒτως;
1459 2472 1522 2523 Ei
1556 2469 1712 2525 ῶδινε

120 2559 199 2627 γῆ
233 2558 295 2607 ὲν
337 2557 521 2628 ἡμέρᾳ
556 2558 673 2628 μιᾷ,
708 2558 740 2629 ἢ
793 2558 887 2611 καὶ
919 2559 1110 2630 ἐτέχθη
1144 2558 1296 2623 ἔθνος
1334 2561 1590 2628 εἰσάπαξ,
1627 2562 1710 2615 ὅτι

118 2647 289 2700 ῶδινε
322 2649 416 2701 καὶ
446 2648 600 2701 ἔτεκε
633 2649 772 2703 Σιὼν
799 2650 868 2703 τὰ
896 2651 1085 2705 παιδία
1118 2652 1325 2723 αύτῆς;
1370 2672 1388 2704 ι
1427 2654 1500 2706 Τὸ
1530 2654 1711 2707 θεοσε-

119 2743 223 2805 6ὲς
267 2741 589 2812 πολίτευμα,
626 2742 717 2795 καὶ
744 2745 777 2814 ἡ
812 2744 970 2815 καινὴ
1001 2744 1094 2797 καὶ⁵
1122 2743 1217 2798 νέα
1251 2743 1407 2809 Σιὼν,
1447 2744 1711 2819 δηλαδᾏή

132 2831 441 2902 Ἐκκλησία
482 2831 575 2886 τοῦ
621 2831 779 2896 Θεοῦ,
812 2835 845 2903 ἡ
883 2833 949 2885 δι’
994 2832 1148 2904 ὑμῶν
1182 2834 1578 2905 συστησομένη,
1620 2850 1710 2886 το·-

122 2921 326 2974 σοῦτον
356 2922 568 2992 ἀθρόως
599 2924 848 2993 γεννήσει
880 2922 1084 2993 πλῆθος
1112 2922 1282 2978 ὲθνῶν
1321 2925 1413 2977 καὶ
1437 2924 1601 2990 λαῶν,
1632 2925 1708 2989 ὡς

121 3015 472 3085 ἐκπλαγῆναι
497 3014 587 3068 τὸν
613 3014 900 3069 ἀκούοντα.
930 3009 1032 3068 Οἷα
1054 3015 1163 3088 γάρ
1182 3033 1266 3079 τις
1292 3016 1548 3088 ἐγκύμων
1569 3016 1707 3088 γυνὴ

118 3107 272 3161 κατὰ
324 3106 559 3177 γαστρὸς
608 3106 825 3177 ἔχουσα,
865 3106 1134 3178 μηδεμιᾶς
1175 3108 1361 3172 ὠδῖνος
1410 3126 1705 3181 προσγενο-
1732 3148 1775 3206 C

123 3200 321 3269 μένης,
370 3198 633 3267 αἰφνίδιον
673 3201 983 3271 γεννήσειε,
1030 3200 1125 3253 καὶ
1167 3199 1326 3255 τοῦτο
1380 3202 1564 3273 ἄρσεν·
1612 3203 1703 3258 τὸν

116 3291 291 3345 αὑτὸν
319 3290 520 3362 τρόπον
555 3291 648 3343 καὶ
675 3292 707 3362 ἡ
742 3290 838 3344 νέα
876 3290 1014 3345 Σιὼν
1059 3290 1187 3346 λαὸν
1232 3292 1417 3345 καινὸν
1450 3294 1544 3347 καὶ
1584 3293 1704 3349 ὅλον

116 3385 280 3447 ἔθνος
308 3383 542 3450 εἰσάπαξ
571 3382 781 3455 ἀθρόως
808 3382 1052 3448 τέξεται·
1085 3383 1161 3446 ὼς
1188 3379 1325 3437 εἶναι
1354 3381 1418 3437 τὸ
1457 3386 1564 3438 πᾶν
1593 3403 1699 3439 πα-

124 3475 504 3546 ραδοξότατον,
536 3468 648 3527 οἷον
676 3472 1019 3527 οὐδεπώποτε
1049 3473 1315 3545 ἠκούσθη.
1357 3475 1429 3528 Τὸ
1464 3476 1562 3546 μὲν
1595 3475 1703 3548 γὰρ

124 3564 407 3618 Ἰουδαίων
445 3562 618 3628 ἔθνος,
660 3564 754 3617 καὶ
787 3562 948 3627 αὐτὸς
985 3565 1014 3617 0
1076 3564 1313 3636 Ἰσραὴλ,
1362 3565 1461 3618 οὐκ
1493 3565 1703 3637 ἀθρόως

114 3658 409 3728 παρέστη·
441 3655 577 3709 ἀλλὰ
615 3655 828 3725 πρῶτος
862 3656 959 3725 μὲν
994 3650 1062 3726 ἦν
1088 3655 1267 3709 αὐτῶν
1303 3658 1333 3710 0
1380 3658 1697 3729 προπάτωρ·

116 3748 317 3802 τούτου
351 3747 411 3801 δὲ
452 3748 709 3815 γεγόνασι
744 3748 931 3811 παῖδες
966 3747 1051 3819 ιβ’·
1086 3744 1183 3802 εἴτ’
1213 3747 1271 3815 ἔξ
1308 3749 1427 3813 ἑνὸς
1472 3750 1699 3804 ἑκάστου

114 3842 227 3893 υἱοί
268 3858 331 3893 τε
364 3841 461 3894 καὶ
491 3840 807 3911 θυγατέρες·
853 3834 930 3895 ὧν
973 3839 1079 3894 υἱοί
1121 3857 1181 3893 τε
1225 3840 1319 3894 καὶ
1365 3839 1575 3909 ἔκγονοι
1607 3840 1701 3893 καὶ

112 3934 383 4002 ἀπόγονοι
414 3933 745 4001 ὑπέστησαν·
781 3931 922 3986 οὕτω
952 3949 1012 3985 τε
1044 3932 1186 3986 κατὰ
1214 3932 1312 4002 τὴν
1356 3930 1463 3984 τῶν
1500 3930 1701 4000 γονέων

115 4024 374 4094 διαδοχὴν
402 4024 458 4075 ὲν
490 4022 696 4075 πλείοσι
720 4021 932 4092 χρόνοις
961 4022 1056 4075 καὶ
1102 4022 1161 4074 ὲν
1190 4020 1462 4092 διαφόροις
1490 4024 1700 4090 γενεαῖς

118 4116 357 4185 συνέστη
381 4115 443 4167 τὸ
475 4115 583 4167 πᾶν
609 4112 786 4167 αὐτῶν
812 4112 981 4176 ἔθνος.

196 4226 217 4260 ι
268 4205 414 4274 Ἐγὼ
441 4206 497 4259 δὲ
529 4205 705 4259 ἔδωκα
734 4204 833 4276 τὴν
870 4202 1193 4277 προσδοκίαν
1221 4204 1446 4276 ταύτην,
1479 4204 1574 4258 καὶ
1601 4203 1700 4257 οὐκ

113 4300 401 4372 ἐμνήσθης
433 4314 554 4368 μου,
592 4294 711 4350 εἷπε
742 4298 963 4368 Κύριος.
998 4296 1111 4349 Ούκ
1144 4295 1251 4349 ἰδοὺ
1284 4294 1395 4365 ἐγὼ
1425 4295 1699 4366 γεννῶσαν

115 4394 212 4445 καὶ
244 4391 473 4462 στείραν
504 4388 755 4460 ἐποίησα,
786 4384 938 4442 εἶπεν
962 4390 991 4441 0
1025 4387 1158 4452 Θεός
1190 4404 1319 4454 σου;
1358 4407 1376 4439 ι
1420 4388 1576 4443 Κατὰ
1605 4387 1695 4443 τὸν

1817 1912 1923 1980 plo.
1952 1930 1970 1963 ›
2014 1911 2183 1965 Voces
2227 1911 2439 1981 quidem
2472 1912 2590 1967 alia:
2627 1915 2823 1969 civium
2863 1917 3278 1971 exclamantium
3324 1934 3394 1974 ex

1817 2004 2069 2066 civitate,
2141 2004 2259 2058 alia:
2330 2019 2394 2057 ex
2458 2005 2656 2073 templo
2734 2007 2978 2072 emissae,
3051 2010 3390 2063 sacerdotum

1816 2104 2250 2164 caeterorumque
2338 2095 2711 2150 ministrorum
2788 2096 3114 2168 lugentium,
3195 2099 3392 2154 futuras

1815 2196 1962 2241 sunt.

1886 2279 2048 2332 Vens.
2077 2277 2131 2343 7,
2158 2276 2212 2333 8.
2250 2294 2270 2329 ι
2303 2278 2606 2349 Antequam
2647 2282 2957 2351 parturiens
2993 2282 3201 2353 pariat,
3237 2294 3389 2339 ante-

1813 2386 1973 2441 quam
2021 2372 2238 2426 veniant
2284 2371 2498 2428 dolores
2545 2385 2763 2443 partus,
2807 2375 3032 2445 effugit,
3080 2387 3135 2431 et
3178 2378 3387 2446 peperit

1814 2462 2130 2518 mas0ulum.
2160 2460 2294 2528 Quis
2338 2463 2542 2518 audivit
2582 2464 2723 2519 tale?
2764 2475 2817 2521 et
2848 2469 2971 2537 quis
3006 2469 3137 2522 vidit
3177 2469 3389 2525 simile?

1810 2553 1948 2609 Num
1989 2557 2279 2625 parturivi:
2325 2565 2469 2611 terra
2513 2558 2599 2612 die
2630 2572 2757 2622 una,
2801 2574 2926 2612 num
2972 2568 3096 2612 nata
3138 2571 3220 2614 est
3254 2576 3386 2630 gens

1810 2646 1998 2712 simul,
2055 2648 2180 2717 quia
2242 2649 2528 2718 parturivit
2572 2663 2628 2704 et
2682 2650 2891 2719 peperit
2943 2650 3072 2705 Sion
3129 2654 3385 2721 parvulos

1809 2739 2005 2793 suos?»
2042 2739 2135 2793 Pia
2169 2739 2380 2809 religio,
2407 2753 2460 2794 et
2489 2754 2628 2793 nova
2656 2753 2952 2809 recensque
2981 2738 3134 2803 Sion,
3167 2742 3382 2797 scilicet

1808 2829 2049 2885 Ecclesia
2094 2829 2216 2897 Dei,
2263 2846 2360 2901 per
2405 2845 2499 2885 vos
2547 2831 2946 2897 constituenda,
2995 2842 3199 2886 tantam
3249 2848 3382 2887 con-

1808 2924 1987 2977 fertim
2018 2926 2259 2993 gentium
2290 2934 2344 2978 et
2381 2922 2697 2994 populorum
2740 2921 3143 2977 multitudinem
3180 2925 3379 2993 pariet,

1808 3028 1868 3074 nt
1898 3019 1990 3089 qui
2022 3019 2253 3074 audierit
2280 3017 2648 3089 Obstupescat.
2679 3018 2893 3073 Atenim
2923 3019 3381 3089 quemadmodum

1809 3111 1854 3166 si
1892 3111 2086 3165 mulier
2128 3112 2371 3179 quadam
2410 3120 2627 3165 uterum
2679 3120 2899 3180 gestans
2950 3126 3013 3165 ac
3065 3126 3373 3182 praegnans,

1807 3202 1925 3258 sine
1955 3202 2063 3256 ullo
2096 3202 2281 3257 dolore
2335 3210 2560 3273 repente
2611 3201 2908 3257 masculum
2964 3203 3177 3271 pariat;
3214 3206 3292 3258 sic
3325 3214 3383 3259 et

1806 3307 1944 3347 nova
1978 3292 2107 3348 Sion
2143 3292 2399 3363 populum
2448 3308 2682 3357 novum,
2727 3302 2783 3347 et
2823 3294 3130 3349 universam
3164 3307 3382 3366 gentem

1804 3384 1967 3440 semel
1992 3393 2046 3439 et
2076 3382 2358 3439 confertim
2392 3385 2602 3453 pariet;
2643 3384 2716 3437 ita
2748 3394 2809 3437 ut
2839 3387 3104 3453 stupenda
3142 3402 3228 3441 res
3262 3396 3379 3442 tota

1803 3474 1893 3537 sit,
1934 3472 2108 3542 qualis
2147 3473 2328 3527 audita
2368 3486 2642 3542 nunquam
2674 3472 2796 3527 fuit.
2841 3471 3149 3529 Iudaeorum
3180 3478 3381 3546 quippe

1804 3565 1950 3618 natio
1975 3571 2029 3618 et
2068 3564 2181 3631 ipse
2217 3562 2381 3618 Israel
2428 3578 2535 3617 non
2583 3562 2871 3617 confertim
2925 3566 3218 3632 productus
3246 3577 3374 3622 est:

1804 3670 1927 3710 nam
1975 3656 2123 3725 prior
2160 3656 2377 3724 quidem
2430 3655 2530 3709 fuit
2577 3670 2765 3710 eorum
2817 3658 3172 3725 progenitor:
3215 3657 3376 3726 hujus

1801 3760 1929 3800 vero
1960 3746 2243 3802 duodecim
2288 3743 2444 3800 fuere
2475 3745 2569 3800 filii
2609 3764 2624 3801 :
2670 3746 2795 3801 hinc
2829 3760 2897 3800 ex
2938 3747 3163 3817 singulis
3195 3748 3287 3802 filii
3323 3758 3378 3802 et

1802 3836 1947 3905 filiae,
1973 3838 2169 3907 quibus
2200 3838 2327 3891 item
2362 3837 2456 3892 lilii
2495 3845 2550 3891 et
2594 3845 2822 3907 nepotes
2854 3846 2908 3891 et
2940 3837 3233 3907 abnepotes
3268 3841 3375 3894 orti

1801 3940 1945 3995 surt,
1988 3940 2149 3999 atque
2186 3929 2258 3983 ita
2291 3944 2388 3999 per
2417 3939 2697 3998 parentum
2729 3928 3152 3994 successionem,
3184 3930 3372 3985 multis

1801 4034 2061 4074 annorum
2111 4021 2420 4084 curriculis,
2465 4028 2519 4074 et
2553 4020 2720 4074 variis
2767 4018 3203 4090 generationibus
3252 4021 3375 4075 uni-

1799 4124 2011 4165 versum
2040 4127 2206 4182 genus
2234 4126 2422 4167 eorum
2452 4110 2715 4165 constitit.

1870 4201 2036 4258 Vens.
2065 4203 2119 4259 9.
2165 4220 2184 4254 ι
2213 4202 2328 4273 Ego
2363 4215 2494 4256 vero
2529 4201 2650 4256 dedi
2700 4203 3160 4272 exspectationem
3206 4202 3370 4269 hanc,

1799 4306 1853 4355 et
1889 4312 1995 4352 non
2033 4295 2349 4351 recordatus
2390 4308 2448 4349 es
2488 4293 2628 4360 mei,
2671 4292 2812 4349 dixit
2856 4294 3135 4350 Dominus.
3186 4294 3376 4351 Nonne

1798 4405 1897 4461 ego
1926 4390 2233 4460 gignentem
2274 4395 2328 4439 et
2360 4386 2600 4440 sterilem
2631 4386 2767 4451 feci,
2798 4387 2931 4441 dixit
2976 4389 3115 4442 Deus
3162 4388 3324 4441 tuus?
3347 4408 3366 4440 ι

116 4484 281 4536 αὐτὸν
305 4482 365 4535 δὲ
392 4482 593 4554 τρόπον
624 4480 771 4552 εὖροι
805 4480 870 4534 ἄν
896 4497 981 4544 τις
1011 4481 1104 4533 καὶ
1130 4480 1198 4534 τὰ
1220 4480 1382 4534 λοιπὰ
1414 4479 1537 4551 ἔθνη
1573 4480 1697 4551 χρό-

1815 4482 1998 4537 Eodem
2034 4493 2257 4550 prorsus
2297 4478 2455 4533 modo
2484 4477 2619 4532 alias
2650 4494 2866 4549 quoque
2910 4490 3099 4548 gentes
3146 4494 3372 4533 numero

115 4593 231 4638 νοις
265 4576 348 4637 είς
396 4573 595 4644 πλῆθος
632 4572 1017 4626 ἔπιδεδωκότα·
1067 4573 1096 4625 0
1140 4573 1198 4626 δὲ
1234 4574 1332 4644 τῆς
1374 4573 1698 4643 Ἐκκλησίας

115 4666 213 4719 τοῦ
243 4664 381 4719 Θεοῦ
412 4665 539 4728 λαὸς
571 4664 781 4736 ἁθρόως
804 4665 892 4734 ὑφ’
922 4664 1018 4718 ἔνα
1045 4665 1234 4737 καιρὸν
1263 4666 1356 4719 καὶ
1383 4665 1569 4738 ὥσπερ
1594 4667 1698 4720 ὑπὸ

121 4759 252 4829 μίαν
295 4757 508 4829 ἡμέραν
545 4756 781 4827 ἐπλήρου
824 4757 893 4810 τὰ
938 4757 1165 4810 πλεῖστα
1210 4758 1351 4830 μέρη
1378 4759 1480 4829 τῆς
1514 4760 1696 4811 οίκου-

122 4850 324 4920 μένης·
361 4849 390 4901 ὃ
433 4848 494 4919 δὴ
528 4847 734 4914 ξενίζον
777 4850 1006 4920 πρᾶγμα
1038 4850 1134 4903 καὶ
1172 4849 1448 4921 θαύματος
1493 4850 1696 4914 παντὸς

118 4942 381 4993 ἐπέκεινα
430 4941 672 5011 ὑπάρχον
709 4939 834 4994 οὗτε
880 4941 1155 5014 ὀφθαλμὸς
1196 4941 1408 5015 ἑώρακε
1452 4941 1693 5009 πώποτε,

117 5032 242 5085 οὔτε
275 5028 369 5094 οὖς
397 5032 617 5102 ἤκουσε.

194 5144 214 5175 ε
250 5123 620 5194 Εὐφράνθητι,
666 5123 1038 5196 Ἰερουσαλὴμ,
1074 5126 1167 5180 καὶ
1196 5127 1606 5198 πανηγυρίσατε
1636 5127 1694 5181 ὲν

115 5216 283 5285 αὐτῇ,
314 5214 514 5278 πάντες
534 5216 583 5266 οἰ
604 5214 922 5282 ἀγαπῶντες
953 5217 1140 5286 αὐτήν.
1171 5215 1390 5288 Χάρητε
1411 5216 1527 5287 ἆμα
1556 5218 1690 5289 αὐτῇ

114 5308 267 5379 χαρᾷ
294 5306 495 5369 πάντες
534 5306 651 5358 ὅσοι
680 5306 923 5359 πενθεῖτε
958 5308 1044 5359 ἐπ’
1072 5308 1229 5378 αὐτῇ,
1265 5309 1352 5360 ἵνα
1396 5308 1691 5379 θηλάσητε,

115 5400 213 5452 καὶ
260 5395 611 5467 ἐμπλησθῆτε
653 5398 760 5451 ἀπὸ
802 5398 1006 5469 μαστοῦ
1056 5400 1452 5470 παρακλήσεως
1499 5401 1687 5471 αὐτῆς,

118 5492 205 5543 ἵνα
238 5487 641 5558 ἔκθηλάσαντες
682 5493 996 5562 τρυφήσητε
1031 5492 1140 5545 ἀπὸ
1177 5492 1382 5545 εἰσόδου
1406 5492 1563 5563 δόξης
1587 5494 1687 5545 αὑ-

115 5582 236 5651 τῆς.
278 5600 297 5633 ι
330 5578 565 5649 Χαίρετε
598 5582 692 5635 καὶ
724 5583 1179 5655 ἁγαλλιᾶσθελὼς
1215 5582 1495 5654 μέλλοντες
1527 5583 1689 5655 ὲμπί-
1736 5665 1756 5671 γ’

190 5766 233 5800 ⁹¹
272 5765 463 5821 Matth.
495 5780 550 5830 v,
574 5762 662 5819 44.

1803 4589 1866 4628 ac
1904 4572 2249 4627 multitudine
2277 4584 2400 4624 cum
2445 4578 2685 4639 tempore
2730 4578 2917 4624 auctas
2958 4570 3230 4639 reperias;
3273 4568 3368 4624 Dei

1802 4675 1982 4719 autem
2033 4662 2289 4717 Ecclesiae
2336 4661 2592 4732 populus,
2640 4660 2923 4715 confertim
2969 4676 3184 4729 unoque
3228 4670 3369 4714 tem-

1801 4774 1959 4831 pore,
2005 4767 2057 4812 et
2112 4756 2264 4826 quasi
2313 4771 2415 4809 una
2470 4755 2593 4820 die,
2631 4755 2919 4808 maximam
2964 4753 3113 4808 orbis
3158 4763 3368 4823 partem

1801 4850 2060 4923 implevit.
2097 4848 2272 4916 Quam
2313 4863 2426 4902 rem
2471 4862 2602 4902 sane
2644 4837 2960 4917 stupendth
3020 4846 3369 4916 omniumque

1799 4941 2291 5005 mirabilissimam,
2345 4953 2443 4993 nec
2473 4936 2661 4992 oculus
2703 4950 2941 5007 unquam
2978 4934 3222 5002 viderat,
3266 4951 3368 4991 nec

1796 5035 1941 5089 auris
1968 5033 2232 5089 audierat.

1866 5123 2030 5180 Vens.
2056 5122 2145 5188 10,
2182 5122 2267 5180 ll.
2308 5140 2327 5174 ι
2356 5120 2580 5189 [αξιοι-ε,
2608 5118 2926 5188 Jerusalem,
2958 5127 3011 5174 et
3040 5127 3364 5173 conventum

1794 5213 1953 5269 facite
1993 5214 2045 5266 in
2075 5227 2163 5279 ea,
2207 5226 2398 5266 omnes
2424 5211 2513 5279 qui
2545 5209 2765 5278 diligitis
2793 5222 2934 5264 eam.
2973 5207 3214 5262 Gaudete
3241 5221 3363 5261 cum

1794 5321 1855 5361 ea
1885 5305 2078 5375 gaudio
2108 5318 2295 5357 omnes
2325 5310 2590 5372 quotquot
2619 5300 2819 5370 lugetis
2860 5313 3022 5366 super
3057 5312 3145 5362 ea,
3176 5307 3235 5351 ut
3272 5312 3365 5352 su-

1795 5397 1955 5468 gatis,
1986 5405 2041 5450 et
2078 5394 2409 5465 impleamini
2457 5394 2525 5448 ab
2577 5391 2743 5446 ubere
2788 5388 3170 5445 consolationis
3210 5388 3361 5457 ejus;

1795 5498 1855 5543 ut
1892 5498 2174 5558 postquam
2213 5486 2492 5551 suxeritis,
2523 5483 2861 5539 delectemini
2894 5482 2962 5537 ab
2996 5482 3216 5536 introitu
3251 5481 3363 5550 glo-

1794 5582 1890 5639 riae
1917 5584 2048 5655 ejus.
2078 5601 2096 5635 ι
2135 5579 2379 5638 Gaudete
2415 5588 2471 5634 et
2505 5576 2789 5643 exsultatc,
2819 5585 3001 5647 utpote
3027 5589 3094 5633 eo
3119 5573 3362 5641 fruituri,
