3858 6214
461 292 567 349 519

1133 288 1403 345 EUSEBII
1439 287 1909 346 CESABIENSIS
1947 285 2097 344 OPP.
2137 285 2316 342 PARS
2354 284 2446 340 ΙΙΙ.
2487 313 2558 324 ——
2595 279 3011 338 EXEGETICA.

3619 279 3727 333 59.0

460 407 551 477 qui
590 405 772 462 statim
804 419 1016 476 unoque
1057 413 1303 476 tempore
1332 405 1631 461 masculqu
1673 406 1930 477 pOpulum
1969 405 2035 460 ibi

2147 403 2382 457 πλασθαι
2411 399 2506 454 τοῦ
2548 402 2605 454 ἐν
2637 400 2774 470 αὐτῇ
2812 399 3027 470 ἀθρόως
3059 398 3435 468 ’γεννήσαντος
3468 396 3610 450 ’λαὸν
3652 397 3726 467 τῷ

462 500 572 553 Deo
596 499 811 569 genuit,
850 513 915 553 ac
955 507 1142 568 utpote
1175 498 1415 568 replendi
1459 498 1620 562 lacte,
1648 497 1715 552 ad
1748 497 2032 552 infantium

459 590 630 661 ipsius
658 589 972 644 alimentum
1000 598 1209 660 parato,
1237 590 1380 660 quod
1423 604 1555 645 sane
1579 589 1667 644 lac
1694 590 2031 659 rationabile,

460 691 693 752 utroque
734 696 802 735 ex
852 681 1018 736 ubere
1056 679 1385 750 eﬂundetur,
1414 699 1482 738 ex
1523 683 1706 740 Veteri
1748 697 1941 753 nempe
1979 692 2035 738 et

461 772 613 828 Novo
665 772 1034 828 Testamento.
1086 773 1164 827 Ex
1215 776 1478 831 ambobus
1521 778 1670 832 enim
1726 776 2036 846 huiusmodi

461 861 735 926 uberibus,
763 863 828 916 de
853 861 1052 932 quibus
1079 863 1279 918 dicitur
1305 865 1359 919 in
1403 866 1628 922 Cantico
1659 866 1725 931 ³³,
1767 885 1785 918 ι
1816 865 2036 921 Meliora

459 961 582 1006 sunt
610 954 774 1006 ubera
802 959 893 1005 tua
932 952 1076 1017 vino,
1129 969 1148 1003 ι
1181 954 1494 1010 rationabili
1517 962 1573 1011 et
1595 955 1714 1011 sine
1740 954 1867 1012 dolo
1893 956 2035 1013 lacte

457 1041 712 1113 puerulos
763 1043 1046 1114 irrigabit,
1091 1045 1280 1117 sicque
1329 1047 1606 1117 perfectos
1652 1047 1912 1118 producet
1948 1049 2035 1104 vi-

460 1149 575 1190 τοε.

530 1227 694 1284 Vens.
723 1226 808 1281 12.
854 1227 1033 1295 «Quia
1073 1227 1191 1283 haec
1235 1228 1369 1283 dicit
1415 1229 1709 1298 Dominus,
1754 1231 1892 1287 Ecce
1936 1248 2037 1303 ego

459 1321 672 1376 declino
705 1320 772 1374 ad
802 1334 894 1374 eos
923 1322 1076 1388 quasi
1115 1320 1304 1375 ﬂuvios
1353 1322 1523 1392 pacis,
1555 1333 1608 1377 et
1641 1325 1792 1393 quasi
1829 1336 2040 1380 torren-

459 1422 561 1481 tes,
595 1412 861 1466 inundans
893 1412 1116 1480 gloriam
1161 1415 1420 1482 gentium.
1451 1413 1667 1469 Parvuli
1716 1431 1902 1471 eorum
1943 1418 2038 1472 hu-

458 1507 622 1562 meris
661 1509 1046 1577 portabuntur,
1074 1514 1127 1559 et
1155 1521 1318 1576 super
1352 1522 1522 1576 genua
1557 1487 2030 1567 cbnsolabuntur.»

457 1597 818 1655 Consolatorii
878 1601 1062 1669 itaque
1111 1607 1167 1653 et
1221 1599 1286 1652 ad
1339 1598 1620 1655 leniendas
1678 1601 2036 1670 simpliciores

444 1693 665 1747 animos
712 1692 1021 1748 concinnati
1057 1708 1355 1755 sermones,
1383 1692 1465 1747 lac
1494 1703 1794 1764 opportune
1835 1709 2038 1749 vocan-

2141 494 2260 565 Θεῷ
2275 493 2500 566 ἄρρενα,
2523 491 2617 546 καὶ
2637 489 2907 559 γάλακτος
2933 489 3107 561 ἐκπλη
3117 487 3334 560 ροῦσθαι
3360 489 3438 551 εις
3457 489 3725 558 ἐκτροφήν

2139 587 2246 641 τῶν
2274 585 2443 658 αὐτῆς
2469 584 2697 656 νηπίων.
2746 585 2812 638 Ὃ
2843 582 2908 653 δὴ
2941 581 3156 651 λογικὸν
3185 580 3327 650 γάλα
3359 581 3468 635 ἀπὸ
3497 580 3608 633 τῶν
3633 581 3724 634 δύο

2143 679 2320 752 θηλῶν
2361 678 2529 750 αὐτῆς
2557 675 2762 748 ρεύσει,
2809 675 3052 739 Παλαιᾶς
3080 673 3278 744 δηλαδὴ
3317 674 3412 728 καὶ
3433 673 3580 737 Νέας
3603 675 3727 727 Δια-

2143 771 2335 844 θήκης.
2375 771 2467 837 Ἐξ
2503 769 2830 843 ἀμφοτέρων
2862 768 2974 839 γὰρ
3004 767 3210 822 τούτων
3254 767 3362 821 τῶν
3394 767 3596 837 ἑαυτῆς
3629 784 3727 837 μα-

2143 866 2272 932 ζῶν,
2303 866 2431 937 περὶ
2459 858 2533 919 ὧν
2565 865 2778 936 εἴρηται
2804 863 2900 916 καὶ
2937 864 2996 916 ἐν
3021 861 3101 932 τῷ
3131 861 3390 934 ’ᾼσματι,
3413 861 3493 914 ὅτι
3525 879 3544 912 ι
3568 862 3730 926 ’Δγαο

2145 956 2227 1010 θοὶ
2254 957 2303 1010 οἱ
2338 955 2533 1027 μαστοί
2561 972 2654 1009 σου
2689 954 2828 1025 ὑπὲρ
2864 952 3029 1017 οἶνον,
3066 971 3084 1004 ι
3121 955 3235 1016 τοῖς
3270 951 3473 1022 ἐαυτῆς
3515 949 3728 1021 νηπίοις

2140 1047 2453 1120 ἐπάρδουσα
2493 1067 2510 1100 ι
2547 1047 2608 1100 τὸ
2647 1047 2863 1116 λογικὸν
2902 1046 2999 1100 καὶ
3041 1043 3228 1100 ἄδολον
3273 1043 3435 1114 γάλα,
3470 1062 3490 1097 ι
3529 1043 3728 1115 ἄνδρας

2143 1140 2404 1213 προσάξει
2437 1140 2698 1203 τελείους.

2218 1250 2238 1283 ‹
2270 1233 2390 1285 ’Ότι
2421 1231 2546 1287 τάδε
2591 1231 2739 1300 λέγει
2778 1230 2983 1302 Κύριος
3002 1245 3017 1262 ⁶
3073 1229 3204 1284 Ἰδοὺ
3242 1227 3354 1298 ἐγὼ
3381 1229 3614 1282 ἐκκλίνω
3640 1229 3722 1293 εἰς

2142 1323 2340 1387 αὐτοὺς
2378 1324 2454 1387 ὡς
2495 1324 2773 1394 ποταμοὺς
2814 1324 3060 1394 εἰρήνης,
3110 1323 3204 1375 καὶ
3253 1321 3329 1385 ὡς
3364 1322 3728 1394 χειμάρρους,

2143 1413 2450 1478 ἐπικλύζων
2479 1413 2638 1480 δόξαν
2674 1414 2867 1468 ἐθνῶν.
2906 1414 2988 1468 Τὰ
3013 1415 3202 1468 παιδία
3239 1414 3418 1468 αὐτῶν
3443 1414 3531 1468 ἐπ’
3555 1415 3726 1485 ὤμων

2143 1509 2488 1580 ἀρθήσονται,
2523 1509 2618 1562 καὶ
2646 1507 2738 1560 ἐπὶ
2762 1507 3004 1576 γονάτων
3029 1506 3564 1578 παρακληθήσονται.
3601 1525 3630 1560 .›
3660 1509 3728 1560 Οἱ

2141 1599 2273 1669 γοῦν
2299 1600 2447 1668 λόγοι
2477 1601 2525 1652 οἱ
2569 1598 2970 1671 παρακλητικοὶ
3011 1600 3105 1654 καὶ
3139 1598 3590 1669 παραμυθητικοὶ

2142 1691 2504 1763 ἀτελεστέρων
2527 1689 2715 1761 ψυχῶν
2740 1690 2882 1759 γάλὰ
2925 1690 3130 1762 κυρίως
3157 1689 3574 1760 ὠνομάσθησαν,
3605 1677 3712 1742 σιῶ

459 1796 591 1840 tur:
620 1801 744 1840 nam
777 1785 980 1840 Solidus
1016 1784 1169 1839 cibus
1210 1783 1264 1836 in
1302 1784 1548 1853 mysticis
1578 1785 1930 1854 dogmatibus
1959 1785 2035 1837 in-

2147 1785 2270 1856 ρεᾶς
2297 1783 2504 1856 τροφῆς
2531 1786 2588 1837 ἐν
2620 1783 2851 1853 δόγμασι
2883 1784 3166 1853 μυστικοῖς
3188 1781 3508 1852 νοουμένης,
3538 1781 3634 1834 καὶ
3663 1782 3724 1834 ἐν

459 1874 740 1946 telligitur,
784 1885 840 1928 et
889 1877 943 1928 in
995 1870 1496 1943 speculationibus,
1547 1888 1667 1942 quae
1731 1873 1785 1928 in
1841 1874 2038 1930 divinis

459 1967 756 2036 Scripturis
791 1966 1044 2036 reposita:
1074 1972 1220 2020 sunt.

533 2057 694 2114 Vnus.
722 2056 809 2112 15.
848 2075 867 2108 ι
895 2056 1171 2122 Quomodo
1199 2056 1245 2111 si
1283 2071 1445 2127 quem
1475 2065 1652 2110 mater
1695 2055 2030 2122 consoletur,

454 2151 534 2206 ita
559 2161 614 2206 et
644 2166 744 2220 ego
773 2150 1094 2205 consolabor
1122 2165 1242 2216 vos,
1272 2152 1400 2222 etin
1425 2149 1758 2205 Hierusalem
1787 2149 2038 2204 consula-

455 2244 672 2301 bimini.
700 2262 720 2297 ι
763 2242 860 2298 Hic
914 2258 1127 2297 rursum
1172 2243 1398 2315 gloriam
1451 2243 1715 2313 gentium,
1766 2243 2038 2312 praedictae

458 2347 613 2388 novae
653 2331 803 2387 Sioni
838 2332 1330 2405 llierosolymmque
1369 2333 1666 2396 ascribens,
1697 2346 1883 2401 pacem
1914 2346 2040 2401 gen-

460 2426 604 2483 tibus
639 2427 980 2482 tribuendam
1025 2425 1310 2498 inundanti
1349 2425 1555 2480 ﬂumini
1601 2434 1906 2495 comparat.
1941 2422 2037 2480 His

457 2528 639 2573 autem
671 2518 1155 2588 pollicitationibus
1187 2517 1444 2586 superius
1487 2531 1705 2586 quoque
1751 2527 1836 2571 est
1884 2530 2034 2582 usus,

457 2612 772 2682 signiﬁcans
797 2625 912 2675 eos,
941 2611 1032 2680 qui
1061 2611 1240 2666 adhuc
1267 2611 1318 2664 in
1349 2609 1590 2664 Ecclesia
1622 2607 1859 2663 infantes
1887 2602 2031 2675 sunt,

445 2710 643 2773 utpote
674 2703 766 2771 qui
805 2702 944 2754 lacte
991 2701 1320 2762 nutriantur,
1362 2698 1667 2752 nutricibus
1713 2698 2036 2768 quibusdam

442 2794 748 2865 .gestandos
797 2806 947 2856 esse;
1005 2792 1121 2845 sive
1168 2805 1201 2844 a
1248 2789 1480 2843 sinceris
1531 2788 1792 2844 Ecclesiae
1847 2789 2037 2843 docto-

457 2887 608 2940 ribus
636 2894 692 2938 et
725 2883 1012 2952 praefectis,
1060 2882 1299 2950 itemque
1340 2896 1370 2934 a
1404 2880 1603 2934 divinis
1631 2890 1686 2933 et
1720 2878 2036 2934 caelestibus

2140 1875 2456 1948 θεωρήμασι
2499 1877 2616 1939 τοῖς
2651 1875 2711 1928 ἐν
2750 1875 2875 1937 ταῖς
2919 1873 3092 1939 θείαις
3130 1874 3377 1944 Γραφαῖς
3419 1873 3728 1944 ἀποκειμέ-

2138 1983 2271 2029 νοις.

2215 2077 2234 2109 ι
2289 2058 2375 2122 Ὡς
2419 2059 2471 2112 ετ
2514 2074 2637 2112 τινα
2693 2058 2875 2129 μήτηρ
2921 2055 3318 2128 παρακαλέσει,
3367 2053 3511 2110 οὕτω
3563 2056 3726 2126 κάγὼ

2139 2149 2507 2222 παρακαλέσω
2555 2149 2720 2221 ὑμᾶς,
2757 2149 2849 2202 καὶ
2878 2150 2936 2202 ἐν
2981 2147 3339 2220 Ἰερουσαλὴμ
3365 2147 3728 2220 παρακληθή-

2139 2240 2320 2293 σεσθε.
2361 2259 2379 2292 s
2416 2241 2584 2294 Πάλιν
2620 2238 2902 2294 κάνταῦθα
2929 2239 3038 2294 τῶν
3059 2239 3228 2294 ἐθνῶν
3253 2239 3412 2304 δόξαν
3442 2241 3727 2294 συνάπτων

2135 2335 2203 2403 τῇ
2243 2331 2604 2405 προλεχθείσῃ
2646 2332 2743 2404 νέᾳ
2771 2330 2911 2406 Σιὼν
2953 2332 3048 2385 καὶ
3091 2334 3158 2403 τῇ
3219 2330 3594 2402 Ἰερουσαλὴμ,
3622 2331 3724 2401 τὴν

2137 2424 2505 2496 δοθησομένην
2541 2428 2653 2489 τοῖς
2696 2424 2906 2478 ἔθνεσιν
2945 2426 3168 2497 εἰρήνην
3201 2422 3431 2494 ποταμῷ
3456 2421 3729 2478 κατακλύ-

2139 2516 2284 2581 ζοντι
2326 2517 2682 2590 παραϐάλλει.
2714 2518 2827 2572 Καὶ
2855 2517 3114 2587 ἀνωτέρω
3141 2516 3197 2570 δὲ
3239 2518 3363 2579 ταῖς
3385 2515 3578 2585 αὐταῖς
3605 2515 3727 2568 ἐκέ-

2137 2626 2307 2680 χρητο
2338 2609 2712 2678 ἐπαγγελίαις,
2758 2608 3038 2680 σημαίνων
3077 2608 3153 2672 ὡς
3201 2608 3327 2670 τοὺς
3363 2606 3444 2660 ἔτι
3492 2606 3722 2676 νηπίους

2135 2701 2235 2772 τῆς
2266 2701 2611 2771 Ἐκκλησίας,
2642 2701 2736 2755 ἅτε
2769 2699 2834 2772 δὴ
2859 2699 3092 2769 γάλακτι
3128 2698 3518 2771 τρεφομένους,
3569 2697 3722 2769 τιθηο

2137 2792 2219 2846 νοῐ
2246 2810 2393 2857 τινες
2433 2791 2925 2859 ὑποὸαστάξουσιν.
2957 2792 3076 2863 ήτοι
3119 2790 3426 2846 διδάσκαλοι
3456 2790 3552 2842 καὶ
3592 2805 3726 2860 προ-

2136 2887 2370 2952 εστῶτες
2395 2889 2605 2960 γνήσιοι
2625 2888 2724 2958 τῆς
2755 2879 3081 2958 Ἐκᾶλησίας
3100 2883 3196 2938 τοῦ
3219 2882 3478 2956 Χριστοῦ,
3513 2883 3566 2934 οἱ
3591 2881 3725 2936 θεῖοί

444 2976 685 3046 .angelis.
710 2974 810 3042 Qui
843 2975 1007 3045 igitur
1039 2973 1371 3028 valentiores
1396 2981 1542 3035 sunt,
1575 2972 1906 3026 inﬁrmiores
1939 2972 2035 3025 hu-

2147 2996 2195 3032 τε
2241 2981 2336 3033 καὶ
2385 2980 2625 3051 οὐράνιοι
2674 2979 2917 3048 ἄγγελοι.
2969 2979 3031 3031 Οἱ
3085 2977 3183 3048 μὲν
3233 2971 3326 3029 οὖν
3358 2974 3722 3046 δυνατώτεροι

446 3065 627 3120 sueris
665 3065 976 3134 gestabunt,
1008 3071 1064 3116 et
1091 3061 1158 3115 ad
1187 3077 1365 3132 genua
1396 3060 1860 3116 consolabuntur:
1893 3074 1958 3114 ac
1989 3059 2033 3113 si

459 3167 639 3211 mater
665 3154 790 3210 [iliis
819 3153 1150 3218 blandiatur,
1177 3162 1232 3206 et
1262 3167 1362 3222 ego
1397 3152 1511 3222 ipse
1539 3151 1818 3217 Dominus,
1852 3145 2060 3220 utpote

457 3263 649 3304 eorum
691 3245 934 3302 omnium
982 3243 1168 3312 Pater,
1216 3243 1630 3301 imbecilliorum
1666 3244 2038 3301 consolatores

445 3339 805 3397 consolabor.

555 3520 723 3596 Vens.
762 3520 849 3576 14.
905 3536 926 3570 ι
964 3518 1032 3573 Ει
1077 3517 1352 3582 videbitis,
1401 3526 1461 3573 et
1506 3518 1762 3590 gaudebit
1814 3533 1910 3574 cor
1942 3535 2040 3576 ve-

2137 3073 2265 3136 τοὺς
2310 3071 2732 3143 ἀσθενεστέρους
2770 3072 2857 3123 ἐπ’
2901 3068 3068 3140 ὤμων
3098 3067 3449 3139 βαστάξουσ.,
3487 3064 3586 3122 καὶ
3629 3067 3726 3120 ἐπὶ

2140 3164 2381 3233 γονάτων
2426 3163 2921 3235 παρακαλέσουσιν,
2972 3160 3161 3231 ὥσπερ
3207 3159 3260 3212 et
3299 3176 3383 3223 τις
3431 3157 3618 3230 μήτηρ
3654 3159 3724 3212 τὰ

2138 3255 2339 3326 ἑαυτῆς
2382 3253 2739 3327 παρακαλέσῃ
2787 3252 2976 3315 τέκνα,
3029 3250 3185 3319 κάγὼ
3219 3248 3380 3313 αὐτὸς
3415 3249 3446 3302 ὁ
3494 3247 3724 3318 Κύριος,

2138 3347 2233 3402 ἆτε
2259 3348 2322 3419 δὴ
2351 3347 2568 3401 πάντων
2589 3345 2776 3400 αὐτῶν
2804 3343 3063 3415 ὑπάρχων
3093 3341 3306 3412 Πατὴρ,
3354 3338 3727 3410 παρακαλέσω

2135 3441 2262 3504 τοὺς
2285 3440 2393 3493 τῶν
2421 3439 2820 3510 ὑποδεεστέρων
2849 3437 3293 3509 παρακλήτορας.

2214 3551 2232 3584 ι
2266 3532 2374 3586 Καὶ
2399 3531 2617 3602 ὄψεσθε,
2655 3531 2756 3585 καὶ
2786 3532 3089 3602 χαρήσεται
3124 3533 3156 3599 ή
3188 3531 3385 3602 καρδία
3414 3530 3590 3603 ὑμῶν,
3628 3527 3724 3582 καὶ

445 3597 657 3681 .strum,
689 3623 744 3670 et
783 3627 909 3670 ossa
954 3621 1136 3668 vestra
1184 3610 1340 3682 quasi
1371 3609 1538 3665 herba
1573 3609 1974 3679 germinabunt.
2008 3628 2030 3662 ο

2147 3624 2270 3677 5στᾶ
2315 3597 2468 3695 ὑμῶν
2495 3621 2570 3686 ὡς
2604 3597 2820 3693 βοτάνην
2841 3597 3109 3676 ἀνα-τελεῖ.
3145 3597 3179 3672 is
3229 3597 3340 3674 Καὶ
3382 3597 3545 3675 τοῦτο
3571 3619 3727 3682 τέλος

458 3711 563 3767 Hic
587 3709 1004 3782 promissionum
1031 3707 1155 3761 linis
1177 3707 1300 3771 erit,
1327 3720 1538 3776 nempe,
1560 3704 1825 3760 Videbitis
1847 3707 2033 3760 Deum.

2137 3715 2290 3769 ἔσται
2313 3715 2424 3768 τῶν
2450 3713 2814 3782 ἐπαγγελιῶν,
2844 3713 2928 3777 τδ,
2964 3711 3198 3782 Ὄψεσθε
3219 3710 3311 3766 τὸν
3338 3711 3492 3766 Θεόν.
3525 3711 3617 3764 Διδ
3631 3709 3726 3763 καὶ

451 3803 824 3870 Quamobrem
865 3799 1116 3854 Salvator
1181 3799 1280 3854 bos
1329 3797 1519 3854 beatos
1567 3799 1896 3868 praedicabat
1953 3798 2035 3855 bis

2147 3811 2164 3862 5
2189 3807 2377 3879 Σωτὴρ
2391 3806 2614 3869 τούτους
2630 3805 2931 3878 ἐμακάριζε
2949 3806 3124 3873 λέγων
3141 3822 3154 3835 ·
3176 3823 3196 3856 ι
3219 3804 3499 3875 Μακάριοι
3514 3805 3564 3856 oi
3587 3801 3724 3856 καθ’

457 3895 662 3960 verbis,
702 3911 722 3946 ι
761 3892 914 3947 Beati
955 3892 1155 3946 mundo
1187 3891 1370 3957 corde,
1406 3891 1668 3962 quoniam
1718 3891 1820 3961 ipsi
1868 3891 2034 3946 Deum

450 3987 718 4042 «ridebunt
751 3985 818 4038 ³⁸.
856 4003 877 4038 ι
913 4001 1038 4034 ---‹
1067 3983 1142 4039 Et
1194 3993 1553 4054 cognoscatur
1591 3996 1784 4038 manus
1825 3983 2036 4038 Domini

450 4078 782 4134 timentibus
824 4091 971 4141 eum,
997 4084 1054 4130 et
1090 4075 1385 4132 minabitur
1413 4073 1728 4130 incredulis.
1763 4093 1784 4128 ι

531 4171 699 4228 Vsus.
745 4169 835 4225 15.
872 4187 892 4220 ι
920 4169 1059 4224 Ecce
1101 4167 1244 4223 enim
1270 4165 1535 4222 Dominus
1568 4168 1718 4237 quasi
1758 4166 1900 4236 ignis
1945 4181 2039 4221 ve—

457 4265 596 4330 niet,
629 4271 685 4319 et
715 4261 870 4333 quasi
907 4268 1202 4331 tempestas
1237 4273 1434 4314 currus
1474 4258 1613 4329 ejus,
1649 4268 1708 4313 ut
1743 4259 1936 4313 reddat
1982 4258 2036 4312 in

449 4359 650 4414 durare
680 4355 960 4420 ultionem,
990 4363 1047 4408 et
1071 4352 1499 4422 increpationem
1529 4365 1684 4404 suam
1723 4351 1785 4406 in
1817 4349 2036 4405 ﬂamma

461 4545 605 4599 dicta
636 4551 764 4597 sunt
788 4540 1116 4612 pollicetur;
1153 4539 1221 4594 iis
1247 4553 1398 4605 vero,
1433 4539 1526 4609 qui
1567 4539 1900 4594 contrariam
1949 4541 2034 4595 in-

450 4638 575 4692 iere
605 4636 782 4700 viam,
817 4634 1216 4689 comminatur:
1260 4647 1326 4687 ac
1375 4641 1772 4703 consequenter
1805 4632 2035 4686 cummi.

462 4727 701 4783 nationis
725 4726 994 4781 rationem
1022 4726 1244 4790 edocet,
1295 4727 1596 4780 secundum
1632 4732 1688 4778 et
1738 4723 2032 4795 gloriosum

452 4817 770 4875 'Servatoris
792 4817 1083 4872 adventum
1114 4815 1426 4882 declarans,
1458 4816 1676 4885 quando
1705 4816 1886 4871 veniet
1909 4829 2033 4870 cum

449 4913 635 4981 .gloria
663 4909 865 4978 Patris,
892 4919 949 4964 et
995 4925 1118 4964 cum
1165 4909 1371 4979 angelis
1404 4909 1538 4976 suis,
1584 4907 1839 4978 judicare
1883 4908 2034 4963 vivos

459 5013 519 5058 et
548 5011 813 5057 mortuos.

536 5092 703 5148 Vens.
748 5092 834 5148 16.
887 5108 907 5144 ι
953 5089 1010 5145 In
1053 5091 1178 5162 igne
1214 5092 1360 5147 enim
1427 5091 1644 5147 Domini
1703 5091 2040 5164 iudicabitur

450 5185 643 5240 omnis
675 5194 850 5250 terra,
884 5191 940 5239 et
979 5184 1032 5238 in
1069 5184 1248 5253 gladio
1293 5183 1410 5253 ejus
1450 5185 1629 5239 omnis
1668 5197 1845 5239 caro:
1885 5182 2038 5236 multi

459 5277 736 5332 vulnerati
759 5286 921 5332 erunt
951 5291 981 5330 a
1001 5275 1257 5332 Domino.
1289 5295 1317 5330 -ι
1357 5275 1624 5330 Furorem
1653 5275 1772 5343 ejus
1803 5287 1928 5329 esse
1957 5271 2039 5327 ul-

454 5371 634 5425 trices
664 5378 960 5439 potestates
996 5369 1226 5439 intelligi
1272 5368 1414 5424 solet
1445 5385 1461 5435 ;
1509 5375 1565 5423 et
1607 5365 2033 5443 increpationem

453 5475 622 5517 suam
659 5462 712 5516 in
743 5461 958 5536 ﬂamma
984 5461 1131 5532 ignis
1166 5471 1355 5516 contra
1398 5460 1618 5515 eosdem
1671 5457 1869 5512 mittet.
1908 5454 2036 5510 Gla-

457 5559 615 5613 dium
635 5572 768 5612 vero
797 5572 1060 5629 corporeo
1108 5571 1259 5613 more
1308 5555 1573 5623 nominat,
1621 5563 1677 5611 et
1721 5549 2032 5608 vulneratos

539 5735 586 5766 ⁸¹
628 5733 784 5790 Cant.
817 5749 853 5800 ι,
887 5733 936 5786 1.
976 5803 990 5809 _
1012 5733 1054 5766 ³³
1078 5731 1265 5788 Matth.
1301 5747 1350 5800 v,
1385 5730 1438 5785 8.

2135 3901 2260 3971 αροὶ
2289 3902 2356 3970 τῇ
2383 3899 2600 3971 καρδίᾳ,
2635 3900 2713 3952 ὅτι
2745 3898 2897 3951 αὐτοὶ
2923 3897 3013 3951 τὺν
3042 3895 3175 3951 Θεὸν
3205 3896 3585 3965 Namnam—1
3607 3896 3722 3948 Καὶ

2135 3989 2510 4061 γνωσθήσεται
2535 3991 2570 4060 ή
2601 3988 2720 4062 χεὶρ
2748 3988 2951 4060 Κυρίου
2982 3990 3097 4051 τοῖς
3130 3986 3485 4058 φοϐουμένοις
3527 3985 3715 4050 αὐτὸν,

2134 4084 2232 4137 καὶ¹
2258 4082 2542 4154 ἀπειλήσει
2583 4085 2695 4147 τοῖς
2727 4079 3066 4135 ἀπειθοῦσιν.
3101 4098 3124 4132 s

2212 4192 2233 4227 ‹
2271 4174 2399 4228 Ἰδοὺ
2436 4173 2543 4247 γὰρ
2568 4172 2774 4248 Κύριος
2803 4172 2879 4236 ὡς
2906 4171 3019 4243 πῦρ
3057 4171 3198 4243 ἥξει,
3237 4170 3331 4226 καὶ
3359 4169 3437 4234 ὡς
3464 4168 3725 4238 καταιγὶς

2134 4266 2206 4321 τὰ
2267 4266 2489 4338 ἅρματα
2537 4264 2740 4329 αὐτοῦ,
2789 4263 3080 4318 ἀποδοῦναι
3124 4265 3184 4316 ἐν
3237 4261 3392 4333 θυμῷ
3438 4261 3724 4331 ἐκδίκησιν

2136 4355 2324 4422 αὐτοῦ,
2360 4357 2455 4410 καὶ
2486 4355 2967 4427 ἀποσκορακισμὸν
2995 4353 3160 4406 αὑτοῦ
3192 4354 3250 4406 ἐν
3282 4352 3444 4421 φλογὶ
3477 4352 3674 4422 πυρός.
3697 4371 3718 4404 ›

327 4460 335 4474 ’
449 4451 626 4520 »ἱςηὶςη
667 4468 687 4502 ι
725 4447 842 4505 Jam
884 4447 1197 4503 memoratis
1249 4445 1560 4502 hominibus
1605 4460 1726 4516 quae
1780 4449 2029 4517 superius

2147 4451 2259 4514 [οἷς
2293 4449 2391 4520 μὲν
2427 4447 2740 4518 δηλωθείσιν
2774 4445 3168 4515 ἐπαγγέλλεται
3195 4444 3264 4498 τὰ
3282 4443 3714 4515 προλελεγμένα·

2138 4545 2252 4607 τοῖς
2278 4542 2335 4594 δὲ
2370 4541 2468 4611 τὴν
2502 4539 2748 4593 ἐναντίαν
2788 4536 3215 4610 πεπορευμένοις
3249 4535 3367 4589 ὁδὸν
3421 4535 3724 4606 ἠπείλησεν

2138 4632 2368 4705 ἀπειλήν
2387 4649 2400 4662 ο
2449 4631 2545 4684 καὶ
2591 4629 2898 4692 ἀκολούθως
2940 4628 3178 4682 διδάσκει
3208 4627 3300 4681 τὸν
3340 4628 3442 4698 τῆς
3490 4627 3724 4698 ἀπειλῆς

2138 4723 2359 4796 τρόπον,
2429 4722 2700 4794 παριστὰς
2757 4721 2856 4794 τὴν
2907 4719 3162 4789 δευτέραν
3223 4718 3321 4772 καὶ
3369 4716 3580 4781 ἔνδοξον
3625 4719 3722 4772 τοῦ

2119 4805 2392 4887 ’Σωτῆρος
2443 4815 2769 4886 παρουσίαν,
2815 4814 2904 4866 ὅτε
2930 4812 3050 4882 ἥξει
3111 4809 3250 4882 μετά
3286 4811 3385 4882 τῆς
3417 4810 3581 4880 δόξης
3625 4811 3723 4864 τοῦ

2135 4907 2356 4980 Πατρδς
2381 4906 2475 4960 καὶ
2508 4905 2647 4978 μετὰ
2668 4905 2776 4959 τῶν
2800 4903 3044 4974 ἀγγέλων
3075 4901 3261 4966 αὐτοῦ,
3293 4903 3479 4973 κρῖναι
3512 4900 3724 4966 ζῶντας

2136 5000 2233 5056 καὶ
2259 4999 2505 5070 νεκρούς.

2214 5110 2232 5144 ε
2286 5092 2376 5144 Ἐν
2405 5089 2514 5162 γὰρ
2542 5087 2621 5160 τῷ
2645 5088 2777 5162 πυρὶ
2801 5087 3008 5160 Κυρίου
3032 5085 3354 5158 κριθήσεται
3382 5085 3536 5137 πᾶσα
3555 5085 3590 5154 ἡ
3626 5082 3722 5151 γῆν

2137 5184 2233 5238 καὶ¹
2263 5185 2322 5236 ἐν
2362 5185 2430 5253 τῇ
2459 5181 2702 5254 ῥομφαίᾳ
2735 5180 2902 5235 αὐτοῦ
2931 5181 3082 5232 πᾶσα
3113 5178 3280 5249 σάρξο
3330 5177 3517 5229 πολλοὶ
3558 5193 3724 5246 τραυ-

2141 5275 2332 5347 ματίαι
2372 5274 2586 5328 ἔσονται
2615 5273 2722 5326 ὑπὸ
2767 5272 2997 5346 Κυρίου.
3057 5289 3077 5322 ι
3129 5268 3311 5340 Θυμὸς
3349 5268 3408 5320 δὲ
3453 5267 3621 5320 αὐτοῦ
3664 5267 3724 5318 αἱ

2140 5366 2460 5421 κολαστικαὶ
2489 5365 2585 5418 καὶ
2617 5363 2984 5436 τιμωρητικαὶ
3029 5361 3288 5432 δυνάμεις
3313 5358 3538 5412 εἰώθασι
3566 5356 3725 5427 νομί-

2137 5457 2346 5523 ξεσθαι,
2379 5457 2474 5512 καὶ
2509 5457 2600 5510 τὸν
2631 5454 3113 5527 ἀποσκορακισμὸν
3139 5452 3303 5506 αὑτοῦ
3334 5454 3391 5504 ἐν
3427 5451 3566 5522 πυρὶ
3592 5449 3725 5519 φλο-

2135 5549 2232 5621 γδς
2259 5549 2400 5606 κατὰ
2431 5548 2538 5603 τῶν
2569 5547 2747 5604 αὐτῶν
2780 5549 2999 5621 ἀφήσει.
3042 5545 3344 5618 Ῥομφαίαν
3375 5543 3434 5598 δὲ
3462 5541 3724 5616 ὀνομάζω
