3858 6214
179 301 289 358 ΒΞΙ

1089 306 1591 365 COMMENTARIA
1631 310 1699 367 IN
1743 310 1999 369 ISAIAM.
2041 344 2108 354 —
2145 312 2300 370 CAP.
2338 313 2521 372 LXVI.

3333 325 3438 381 522

180 416 669 489 σωματικιίπερον,
696 419 793 473 καὶ
817 421 1162 491 τραυματίας
1199 422 1479 488 ὡσαύτως.
1515 424 1668 480 Ἐπεὶ
1688 425 1752 496 μ’)

1873 425 2149 481 similiter.
2186 425 2322 494 Quia
2371 427 2472 493 illi,
2522 434 2708 511 utpOte
2751 426 2942 497 Judei,
2985 448 3092 489 non
3138 434 3244 491 alio
3273 442 3436 493 modo

178 506 365 572 ἄλλως
406 503 475 580 ἦν
502 509 742 576 ἀκούειν,
781 511 1066 576 Ἰουδαίους
1094 512 1251 578 ὄντας
1284 515 1378 569 καὶ
1427 516 1502 587 μὴ
1533 516 1676 579 οἴους
1707 533 1768 568 τε

178 598 622 669 παρακολουθεῖν
660 603 728 672 τῇ
769 600 878 654 τῶν
920 601 1093 671 λόγων
1125 603 1354 676 διανοίᾳ.
1415 605 1477 658 '0
1525 605 1623 676 μὲν
1675 602 1769 661 οὖν

192 687 525 751 ’Δπόστολος
561 690 654 743 τὸν
678 689 787 744 τῶν
828 695 1206 764 προκειμένων
1240 695 1366 749 νοῦν
1403 696 1657 767 διασαφεῖ
1679 697 1768 751 λέ-

176 794 298 846 γων
318 797 332 809 σ
365 798 384 831 ι
413 780 568 834 Κατά
592 781 651 835 δὲ
675 782 775 854 τὴν
808 782 1151 856 σκληρότητά
1168 803 1263 840 σου
1280 787 1373 841 καὶ
1400 788 1768 861 ἀμετανόητον

178 871 417 941 καρδίαν
448 871 799 944 θησαυρίζεις
826 875 1038 946 σεαυτῷ
1086 876 1254 949 ὀργὴν
1293 880 1353 932 ἐν
1384 879 1565 952 ἡμέρᾳ
1596 881 1768 953 ὀργῆς

178 958 278 1011 καὶ
310 960 730 1030 ἀποκαλύψεως,
767 964 863 1017 καὶ
892 965 1292 1038 δικαιοκρισίας
1336 968 1494 1035 Θεοῦ,
1530 971 1591 1037 ὃς
1632 973 1767 1026 ἀπο-

175 1045 345 1101 δώσει
378 1049 595 1123 ἑκάστῳ
632 1052 773 1107 κατά
806 1054 875 1107 τὰ
900 1054 1037 1127 ἔργα
1067 1057 1256 1112 αὑτοῦ.
1295 1078 1315 1112 ι

256 1158 279 1192 ι
315 1141 377 1194 Οἱ
419 1143 765 1216 ἁγνιζόμενοι
802 1147 896 1201 καὶ
926 1147 1348 1221 καθαριζόμενοι
1388 1154 1469 1217 είς
1499 1156 1625 1219 τοὺς
1659 1157 1760 1226 κή-

176 1249 342 1297 πους,
377 1236 472 1288 καὶ
514 1235 573 1288 ἐν
610 1239 725 1301 τοῖς
758 1238 1053 1311 προθύροις
1096 1241 1346 1307 ἔσθοντες
1381 1245 1548 1317 κρέας
1596 1246 1760 1314 ὕειον,

172 1328 276 1381 καὶ
303 1327 371 1380 τὰ
398 1328 741 1401 βδελύγματα
775 1331 870 1385 καὶ
899 1333 991 1385 τὸν
1020 1331 1151 1405 μῦν,
1180 1335 1274 1388 ἐπὶ
1307 1336 1367 1390 τὸ
1395 1339 1526 1391 αὐτὸ
1555 1339 1763 1394 ἀναλω-

172 1418 464 1491 θήσονται.
506 1440 526 1472 ›
571 1423 658 1487 Ὠς
686 1423 882 1495 μηκέτι
915 1425 1058 1480 κατά
1082 1426 1172 1480 τὸν
1199 1428 1447 1499 νόμον’δν
1476 1431 1760 1503 παρέδωκε

171 1512 424 1581 Μωῦσῆς
445 1513 909 1587 καθαριζομένους
939 1517 1118 1589 σποδῷ
1142 1518 1425 1591 δαμάλεως
1455 1524 1549 1576 καὶ
1576 1529 1762 1596 περιρ-

171 1606 495 1679 ραντηρίοις
523 1608 742 1680 ἡμερῶν
769 1610 909 1664 ἐπειά
934 1611 1029 1663 καὶ
1053 1614 1173 1676 ταῖς
1200 1612 1289 1667 διὰ
1334 1613 1535 1669 θυσιῶν
1557 1615 1761 1689 καθάρ-

174 1716 337 1753 σεσιν
356 1718 370 1731 ·
390 1701 511 1754 ἀντὶ
535 1701 596 1754 δὲ
621 1702 845 1767 τούτων,
873 1705 931 1758 ἐν
958 1706 1140 1769 αὐτοῖς
1160 1709 1666 1779 περινοστήσαντες,
1698 1710 1760 1763 τὸ

163 1791 244 1845 δι’
292 1791 486 1855 ὓδατος
533 1793 828 1864 καθάρσιον
876 1796 1143 1867 ἀπαρκεῖν
1189 1798 1372 1862 αὐτοῖς
1412 1798 1601 1871 ᾤοντο,
1647 1805 1759 1866 τοῖς
1793 1783 1834 1842 Β

162 1873 320 1939 ἰατά
348 1902 500 1950 τινας
532 1888 740 1959 κήπους
784 1886 968 1942 ὕδασιν
1017 1888 1398 1956 ἀπολούεσθαι,
1430 1891 1524 1945 καὶ
1561 1893 1774 1964 μηκέτι·

166 1976 409 2047 μηδενὸς
427 1977 634 2032 δεῖσθαι
666 1978 774 2033 τῶν
796 1979 1325 2052 νενομοθετημένων.
1366 1983 1438 2036 Ἦ
1462 1983 1558 2037 καὶ
1583 1983 1756 2050 ἄλλως

162 2068 319 2139 μετά
350 2070 555 2142 μιαρᾶς
588 2070 684 2125 καὶ
714 2071 1059 2144 ἀκαθάρτους
1098 2074 1346 2144 πράξεις,
1373 2074 1666 2147 ἀθεμίτους
1694 2095 1755 2130 τε

161 2164 568 2235 αἰσχρουργίας
611 2163 862 2235 ἐνόμιζον
904 2163 1079 2234 ψιλοῖς
1129 2165 1284 2220 ὕδασι
1313 2166 1630 2240 καθαρίζειν
1656 2170 1755 2234 τὰς

158 2255 385 2310 ἑαυτῶν
415 2255 612 2327 ψυχάς.

249 2454 272 2487 ι
302 2434 476 2505 Κάγὼ
507 2434 577 2490 τὰ
604 2435 741 2508 ἔργα
770 2438 975 2503 αὐτῶν,
1008 2441 1103 2494 καὶ
1145 2441 1235 2495 τὸν
1266 2440 1523 2514 λογισμὸν
1553 2441 1749 2495 αὐτῶν.

162 2528 449 2600 Ἔρχομαι
474 2533 795 2599 συναγαγεῖν
817 2531 993 2585 πάντα
1010 2532 1080 2585 τὰ
1099 2531 1227 2604 ἔθνη
1253 2533 1465 2596 καὶτὰς
1479 2533 1751 2602 γλώσσας,

156 2619 266 2673 καὶ
280 2619 473 2689 ἥξουσι
492 2622 586 2674 καὶ
605 2620 827 2691 ὄψονται
854 2624 952 2695 τὴν
969 2623 1123 2689 δόξαν
1154 2641 1275 2695 μου.
1290 2644 1309 2676 ι
1338 2624 1676 2697 Σαφέστερον
1697 2626 1753 2677 δὲ

155 2712 195 2764 ὁ
236 2712 432 2785 Σωτὴρ
463 2715 522 2767 ἐν
550 2716 663 2777 τοίς
694 2714 1047 2785 Εὐαγγελίοις
1085 2716 1323 2771 διδάσκει
1349 2715 1523 2771 ταῦτα
1546 2716 1747 2785 λέγων·

164 2821 192 2855 ι
225 2804 399 2859 Ὅταν
427 2805 483 2858 δὲ
511 2804 642 2878 ἔλθῃ
668 2808 697 2860 ὁ
724 2806 853 2870 Υίὸς
876 2805 971 2860 τοῦ
1003 2807 1288 2880 ἀνθρώπου
1321 2808 1378 2861 ἐν
1408 2810 1474 2879 τῇ
1498 2807 1624 2879 δόξῃ
1658 2808 1750 2860 τοῦ

156 2898 388 2971 Πατρδς
413 2899 601 2962 αὐτοῦ,
632 2901 725 2955 καὶ
760 2901 961 2964 πάντες
986 2901 1036 2952 oi
1079 2900 1227 2969 ἅγιοι
1253 2899 1475 2969 ἄγγελοι
1507 2900 1623 2972 μετ’
1653 2899 1751 2952 αύ-

153 2986 293 3039 τοῦο
328 2987 424 3041 καὶ
448 2987 734 3053 συνάξουσι
759 2989 935 3043 πάντα
965 2989 1035 3043 τὰ
1067 2988 1194 3062 ἔθνη
1221 2989 1530 3061 ἔμπροσθεν
1561 2988 1748 3055 αὐτοῦ,

157 3079 260 3132 xal
290 3080 510 3151 ἀφοριεῖ
541 3081 760 3147 αὐτοὺς,
795 3082 854 3135 ὃν
883 3081 1083 3154 τρόπον
1113 3081 1361 3155 ἀφορίζει
1386 3085 1414 3136 ὁ
1441 3080 1643 3154 ποιμὴν
1680 3083 1748 3136 τὰ
1777 3120 1819 3178 C

152 3170 419 3241 πρόϐατα
446 3172 555 3224 ἀπὸ
578 3172 686 3224 τῶν
720 3173 946 3243 ἐρίφων,
988 3193 1006 3224 ι
1046 3173 1141 3226 καὶ
1172 3173 1240 3227 τά
1270 3172 1416 3243 ἑξῆς.
1450 3175 1561 3227 Kal
1591 3172 1749 3227 τοῦτο

148 3263 222 3316 δὲ
249 3263 416 3316 πάλιν
438 3266 550 3327 τοῖς
575 3262 783 3320 ἔθνεσιν
807 3264 1224 3333 ἐπαγγέλλεται,
1259 3264 1321 3318 τὸ
1348 3264 1747 3336 καταξιωθῆναι

156 3351 467 3406 θεάσασθαι
498 3352 598 3423 τὴν
620 3352 779 3420 δόξαν
811 3355 994 3408 αὐτοῦ.

240 3463 262 3495 ι
301 3446 412 3498 Καὶ
436 3445 748 3515 καταλείψω
774 3447 861 3500 ἐπ’
904 3448 1086 3502 αὐτῶν
1132 3452 1377 3521 σημεῖον,
1417 3448 1515 3503 καὶ
1550 3447 1748 3516 ἐξαπο-

159 3536 342 3591 στελῶ
371 3538 430 3603 ἐξ
459 3537 640 3591 αὐτῶν
673 3539 1048 3610 σεσωσμένους
1074 3544 1154 3606 είς
1185 3541 1255 3595 τὰ
1292 3541 1441 3613 ἔθνη,
1484 3543 1563 3606 είς
1600 3541 1747 3613 Θαρ-

98 3618 105 3623 ’
161 3625 304 3687 σείς,
331 3624 427 3677 καὶ
457 3625 613 3691 Φοὺδ,
642 3626 735 3680 καὶ
764 3628 923 3695 Λοῦδ,
958 3630 1052 3682 καὶ⁵
1084 3629 1288 3701 Μοσὸχ,
1324 3630 1419 3684 καὶ
1445 3632 1525 3695 είς
1555 3630 1744 3693 Θοϐὲλ,

158 3716 261 3769 καὶ
282 3716 363 3778 είς
377 3714 476 3787 τὴν
490 3716 733 3785 Ἑλλάδα,
763 3718 957 3787 καὶείς
984 3718 1080 3783 τὰς
1108 3722 1304 3793 νήσους
1327 3721 1426 3787 τὰς
1456 3722 1642 3794 πόρρω
1660 3740 1673 3752 ·
1697 3722 1747 3774 οἳ

156 3808 266 3861 οὐκ
291 3808 564 3878 ἀκηκόασί
596 3827 697 3881 μου
734 3811 794 3864 τὸ
820 3812 1012 3884 δνομα,
1043 3811 1166 3866 οὔτε
1193 3813 1475 3884 ἑωράκασι
1521 3830 1623 3885 μου
1650 3813 1750 3886 τὴν

156 3897 344 3963 δόξαν.
375 3901 487 3954 Kal
516 3902 878 3972 ἀναγγελοῦσι
906 3904 1005 3975 τὴν
1032 3904 1189 3972 δόξαν
1225 3922 1326 3976 μου
1366 3905 1425 3958 ἐν
1452 3908 1565 3968 τοῖς
1593 3889 1748 3958 ’ἔθνε-

162 4006 240 4043 σι.
276 4008 297 4041 ι
341 3991 451 4044 Καὶ
481 3993 541 4044 ἐν
578 3996 691 4057 τοῖς
716 3993 1025 4066 ἔμπροσθεν
1055 3994 1295 4065 ἐλέγετο,
1340 3996 1425 4051 ὅτι
1478 4015 1498 4048 ι
1531 3991 1627 4060 Οἷς
1649 3997 1748 4051 οὐκ

158 4079 447 4151 ἀνηγγέλη
487 4082 616 4153 περὶ
656 4082 822 4137 αὐτοῦ
867 4082 1108 4153 δέκονται,
1143 4085 1193 4138 οἳ
1234 4085 1335 4139 οὐκ
1393 4085 1683 4157 ἀκηκόασι.
1722 4104 1742 4135 ι

159 4174 280 4229 Καὶ
304 4172 486 4228 πάλιν·
525 4183 544 4226 t‘
568 4176 847 4248 Ἑμφανὴς
872 4178 1139 4249 ἐγενόμην
1167 4181 1279 4242 τοῖς
1307 4178 1409 4250 ἐμὲ
1437 4178 1511 4250 μὴ
1539 4179 1748 4251 ἐπερω-

157 4266 357 4333 τῶσιν,
388 4268 614 4342 εὑρέθην
629 4271 738 4333 τοῖς
767 4268 869 4340 ἐμὲ
900 4269 976 4342 μὴ
1007 4268 1378 4342 ἐπιζητοῦσιν·
1423 4265 1572 4323 εἴπω
1617 4271 1747 4325 Ἰδού

161 4360 308 4430 εἰμι,
336 4362 449 4423 τοῖς
483 4359 559 4431 μὴ
604 4360 1051 4433 ἐπικαλουμένοις
1091 4361 1152 4415 τὸ
1183 4361 1356 4433 ὄνομά
1401 4380 1524 4434 μου.
1562 4384 1580 4416 ι
1614 4365 1749 4418 Τού-

1872 517 2174 589 intelligere
2203 527 2477 588 poterant,
2510 528 2571 573 ut
2604 520 2696 588 qui
2738 536 2844 575 non
2874 523 3117 582 valerent
3144 529 3435 585 verborum

1869 621 2104 666 mentem
2150 612 2431 682 subsequi.
2469 612 2758 682 Apostolus
2787 623 2936 671 certe
2970 616 3098 673 dicti
3148 621 3293 690 quod
3323 630 3437 676 tra-
3474 630 3481 646 '

1869 709 2081 757 ctamns
2120 717 2341 758 sensum
2377 705 2551 773 aperit
2586 705 2675 758 his
2693 704 2894 770 verbis,
2929 724 2949 759 ι
2999 707 3306 765 Secundum
3339 727 3437 766 au-

1870 801 1975 847 tem
2028 794 2281 850 duritiem
2327 804 2475 850 tuam
2529 804 2586 852 et
2636 796 2982 866 impaenitens
3030 814 3126 854 cor
3170 802 3435 857 thesauri-

1868 899 1962 940 zas
1987 885 2084 941 tibi
2113 887 2250 941 iram
2283 888 2336 941 in
2364 887 2452 942 die
2489 888 2584 944 iraa
2609 898 2664 942 et
2694 889 3064 956 revelationis,
3092 901 3147 946 et
3168 892 3300 960 justi
3339 893 3431 964 ju-

1867 976 1992 1031 dicii
2040 978 2156 1045 Dei,
2205 980 2300 1048 qui
2353 979 2543 1036 reddet
2595 979 2889 1052 unicuique
2932 983 3229 1038 secundum
3266 999 3430 1056 opera

1865 1086 1960 1125 sua
1988 1070 2056 1127 “.
2088 1091 2111 1125 ι

1937 1162 2105 1219 Vsus.
2138 1165 2226 1220 l7.
2257 1185 2276 1219 ι
2307 1165 2408 1234 Qui
2438 1168 2858 1227 sanctiﬁcantur
2879 1181 2934 1229 et
2971 1172 3329 1243 puriﬁcantur
3373 1173 3427 1227 in

1864 1255 2058 1322 hortis,
2082 1266 2136 1313 et
2157 1258 2211 1313 in
2232 1258 2508 1317 liminibus
2525 1264 2867 1320 comedentes
2890 1280 3108 1323 carnem
3129 1267 3428 1336 porcinam,

1861 1358 1915 1402 et
1948 1348 2379 1408 abominationes
2423 1361 2479 1408 et
2520 1369 2752 1421 murem,
2786 1357 2947 1411 simul
2972 1367 3380 1412 consumentur.
3402 1374 3426 1411 ι

1862 1439 1937 1494 Ita
1973 1450 2034 1496 ut
2070 1457 2177 1497 non
2214 1443 2445 1500 alterius
2475 1449 2769 1501 secundum
2801 1447 2995 1519 legem,
3021 1462 3183 1518 quam
3208 1447 3430 1504 tradidit

1861 1529 2108 1603 Moyses,
2131 1535 2317 1590 cinere
2353 1536 2534 1593 vitula:
2559 1545 2614 1592 et
2650 1539 3049 1607 aspersionibus
3089 1541 3296 1595 dierum
3342 1556 3431 1597 se-

1860 1629 2027 1690 ptem,
2059 1624 2521 1682 sacrilieiorumve
2544 1629 2951 1698 purgationibus
2991 1631 3425 1687 mundarentur:

1861 1713 1955 1767 sed
1993 1714 2184 1769 horum
2217 1716 2359 1781 vice,
2397 1727 2684 1788 postquam
2733 1719 2786 1772 in
2831 1718 2917 1776 his
2946 1723 3147 1777 versati
3182 1720 3424 1789 fuerant,

1861 1804 2238 1872 purgationem
2290 1822 2388 1876 per
2428 1823 2626 1877 aquam
2673 1808 2924 1866 sulﬁcere
2972 1811 3075 1867 sibi
3122 1813 3424 1882 putabant,

1859 1896 2217 1964 quorumdam
2263 1898 2542 1954 hortorum
2569 1901 2724 1971 aquis
2758 1918 2817 1957 se
2842 1902 2986 1957 ablui
3026 1911 3082 1958 et
3108 1903 3425 1969 emaculari,

1860 2001 1959 2040 nec
1994 1985 2133 2041 ultra
2160 2002 2357 2043 eorum
2398 2004 2517 2060 quae
2548 1991 2602 2045 in
2652 1992 2772 2061 lege
2798 1994 3190 2064 praecipiuntur
3222 1994 3331 2050 ullo
3367 2010 3429 2051 se

1858 2089 1995 2146 opus
2024 2077 2248 2139 habere.
2274 2080 2677 2138 existimantes.
2707 2083 2839 2137 Nam
2880 2086 3016 2140 alias
3045 2094 3161 2154 post
3189 2085 3428 2143 admissa

1861 2167 2035 2236 turpia
2079 2167 2323 2223 facinora
2348 2214 2362 2237 ,
2409 2180 2465 2225 et
2507 2182 2630 2241 p0st
2682 2173 2896 2229 illicitas
2934 2185 3229 2245 turpesque
3257 2179 3427 2231 actio-

1860 2274 1981 2324 nes,
2017 2258 2253 2330 simplici
2297 2276 2436 2332 aqua
2482 2265 2692 2320 animas
2739 2267 2983 2321 mandari
3024 2281 3153 2321 suas
3196 2267 3426 2322 arbitra-

1855 2347 2073 2404 bantur.

1926 2437 2091 2493 Vens.
2122 2440 2209 2496 l8.
2234 2460 2273 2507 Δι
2311 2441 2379 2496 Ει
2403 2458 2503 2514 ego
2527 2458 2690 2514 opera
2716 2460 2926 2510 eorum,
2952 2453 3007 2501 et
3036 2445 3419 2515 cogitationem

1855 2543 2041 2584 eorum
2079 2530 2281 2606 [novi].
2324 2533 2389 2588 Et
2417 2536 2575 2590 venio
2606 2546 2667 2591 ut
2698 2551 3023 2607 congregem
3060 2551 3249 2592 omnes
3291 2553 3422 2608 gen-

1859 2631 1940 2677 tes
1982 2630 2038 2677 et
2084 2623 2335 2693 linguas:
2397 2634 2453 2679 et
2504 2625 2725 2680 venient
2778 2635 2833 2680 et
2887 2626 3148 2680 videbunt
3195 2627 3420 2696 gloriam

1855 2728 2051 2767 meam.
2095 2733 2113 2765 ι
2149 2713 2275 2770 Haec
2309 2715 2507 2772 clarius
2544 2717 2806 2772 Servatur
2834 2717 2889 2771 in
2927 2718 3234 2786 Evangeliis
3265 2720 3424 2774 docet

1853 2804 1941 2858 his
1984 2806 2197 2859 verbis:
2229 2824 2248 2857 ι
2277 2806 2410 2862 Cum
2441 2807 2651 2862 venerit
2682 2806 2852 2861 Filius
2884 2809 3119 2864 hominis
3166 2810 3218 2865 in
3252 2809 3420 2880 gloria

1854 2893 2036 2952 Patris
2065 2899 2169 2962 sui,
2201 2906 2257 2952 et
2285 2912 2474 2953 omnes
2498 2898 2675 2954 sancti
2703 2898 2877 2969 angeli
2909 2914 3031 2953 cum
3057 2915 3160 2958 eo:
3196 2909 3251 2955 et
3292 2915 3423 2954 con-

1854 2989 2155 3059 grcgabunt
2189 3003 2379 3045 omnes
2408 2997 2595 3059 gentes
2626 2990 2682 3044 in
2724 2999 3016 3061 conspectu
3056 2992 3208 3059 ejus,
3247 2999 3301 3046 et
3335 3006 3423 3045 se-

1854 3081 2101 3149 gregahit
2125 3095 2241 3147 eos,
2274 3082 2723 3151 quemadmodum
2773 3090 3021 3152 segregat
3058 3092 3242 3151 pastor
3282 3096 3415 3137 oves

1853 3173 1921 3224 ab
1954 3172 2139 3236 haedis,
2178 3189 2197 3223 ι
2227 3179 2281 3226 et
2306 3180 2521 3225 caetera.
2553 3170 2621 3224 Et
2650 3171 2753 3225 hoc
2787 3170 2981 3227 iterum
3017 3171 3270 3241 gentibus
3300 3173 3413 3242 pol-

1852 3261 2075 3331 licetur,
2108 3262 2251 3332 quod
2285 3276 2480 3331 nempe
2512 3260 2752 3316 futurum
2798 3262 2870 3317 sit
2899 3269 2959 3316 ut
2992 3262 3219 3333 gloriam
3250 3262 3418 3332 ipsius

1852 3350 2036 3409 videre
2078 3354 2249 3423 dignae
2282 3353 2602 3408 habeantur.
3221 3340 3227 3349 ’

1920 3444 2086 3502 Vens.
2126 3444 2215 3500 l9.
2251 3463 2270 3496 ι
2302 3443 2372 3497 Ει
2406 3443 2707 3513 relinquam
2738 3457 2903 3515 super
2943 3457 3039 3499 eos
3076 3444 3328 3514 signum:
3362 3452 3423 3500 et

1851 3537 2097 3591 emittam
2130 3551 2197 3590 ex
2246 3535 2352 3589 illis
2390 3549 2486 3590 eos
2511 3536 2601 3603 qui
2638 3533 2829 3588 salvati
2883 3534 3086 3590 fuerint
3111 3536 3178 3589 ad
3208 3545 3418 3606 gentes,

1851 3628 1906 3682 in
1938 3627 2182 3694 Tharsis,
2228 3635 2280 3681 et
2310 3624 2484 3691 Phud,
2523 3634 2578 3679 et
2619 3625 2760 3691 Lud,
2805 3635 2874 3693 et,
2904 3626 2957 3681 in
2997 3626 3238 3690 Mosoch,
3273 3635 3328 3681 et
3360 3626 3416 3680 in

1853 3718 2074 3785 Thobel,
2108 3728 2162 3773 et
2191 3717 2245 3772 in
2285 3716 2570 3780 Graeciam,
2599 3725 2653 3770 et
2681 3716 2735 3770 in
2768 3715 2973 3772 insulas
3008 3725 3277 3782 remotas;
3318 3718 3413 3785 qui

1852 3827 1956 3866 non
1989 3811 2277 3865 audierunt
2316 3823 2509 3864 nomen
2557 3824 2760 3873 meum,
2812 3822 2988 3877 neque
3023 3809 3275 3863 viderunt
3301 3808 3418 3880 glo-

1851 3904 1988 3959 riam
2015 3918 2209 3959 meam.
2240 3903 2308 3957 Et
2333 3900 2734 3956 annuntiabunt
2755 3898 2980 3970 gloriam
3002 3913 3180 3955 meam
3208 3900 3261 3954 in
3286 3914 3418 3970 gen-

1853 3996 2016 4051 tibus.
2059 4013 2080 4047 ι
2114 3993 2373 4064 Superius
2399 4007 2616 4064 quoque
2647 3991 2951 4058 dicebatur,
2988 4007 3008 4042 ι
3041 3989 3081 4045 li
3107 3990 3302 4061 quibus
3326 4006 3419 4046 an-

1849 4087 2161 4141 nuntiatum
2205 4100 2310 4140 non
2345 4096 2430 4140 est
2472 4083 2541 4139 de
2587 4082 2699 4144 illo.
2727 4081 3028 4147 videbunt,
3070 4090 3127 4136 et
3168 4081 3260 4151 qul
3309 4096 3419 4138 non

1851 4178 2156 4240 audierunt,
2200 4174 2539 4246 intelligent:
2583 4192 2603 4227 ι
2637 4181 2693 4229 et
2724 4173 2947 4237 iterum,
2987 4189 3009 4225 ι
3047 4171 3287 4242 Apparui
3326 4173 3415 4238 iis.

1850 4269 1941 4338 qui
1987 4281 2073 4322 me
2108 4281 2214 4322 non
2251 4262 2700 4334 interrogabant;
2745 4263 2998 4317 inventus
3040 4260 3279 4331 sutnjab
3302 4260 3417 4331 ﬁlis.

1849 4360 1942 4428 qui
1977 4374 2063 4414 me
2089 4373 2194 4412 non
2224 4355 2579 4426 quaerebant:
2614 4354 2752 4419 dixi,
2798 4353 2937 4409 Ecce
2969 4352 3179 4416 adsum,
3224 4351 3293 4407 iis
3322 4353 3416 4420 qui

159 4468 279 4513 των
307 4451 508 4520 ἁδελφά
549 4453 803 4523 τυγχάνει
847 4454 917 4508 τά
958 4453 1351 4526 προειρημένα,
1395 4454 1461 4508 δι’
1503 4448 1577 4508 ὧν
1623 4457 1749 4519 τοὺς

1861 4467 1958 4505 non
2001 4450 2329 4504 invocabant
2379 4461 2572 4502 nomen
2621 4459 2821 4500 meum.
2855 4463 2876 4496 ι
2920 4443 3018 4499 His
3051 4443 3247 4497 adfinia
3291 4452 3415 4497 sunt

161 4543 366 4598 ἑαυτοῦ
396 4545 723 4610 ἀποστόλους
757 4545 1149 4615 ἐπαγγέλλεται
1178 4545 1527 4599 ἀποστέλλειν
1562 4546 1655 4598 ἐπὶ
1681 4545 1748 4599 τά

160 4636 426 4709 ἀλλότρια
451 4635 547 4690 τοῦ
599 4637 814 4709 Ἰσραὴλ
839 4637 968 4708 ἔθνη
1001 4637 1070 4691 τὰ
1109 4636 1446 4711 πορρωτάτω
1473 4638 1572 4707 τῆς
1617 4636 1745 4690 Ἰου-

158 4729 344 4792 δαίας.

241 4839 263 4872 ι
302 4821 413 4873 Kal
444 4818 629 4886 ἄξουσι
660 4820 784 4883 τοὺς
816 4818 1076 4887 ἀδελφοὺς
1106 4819 1258 4891 ὑμῶν
1290 4819 1357 4872 ἐκ
1384 4818 1603 4872 πάντων
1633 4816 1742 4870 τῶν

160 4910 360 4975 ἐθνῶν,
391 4910 562 4982 δῶρον
598 4910 809 4982 Κυρίῳ.
843 4929 863 4963 ι
899 4910 1151 4974 Ἀξουσιν
1174 4910 1393 4974 αὐτοὺς,
1432 4909 1584 4973 τέλος
1614 4909 1747 4977 ἁγα-

162 5002 259 5057 ἓὺν
303 5003 486 5065 αὐτοῖς
517 5000 676 5056 τοῦτο
719 5001 1241 5073 παραχωρήσαντες,
1285 5001 1374 5055 ὅτε
1419 5002 1514 5054 καὶ
1547 4998 1747 5070 ἀναλη-

161 5095 466 5166 φθήσονται
516 5092 718 5164 ὁμοξως
761 5092 839 5163 τῷ
895 5090 1051 5163 Ἠλίᾳ
1090 5092 1176 5161 ἐφ’
1228 5093 1433 5164 ἅρματι
1472 5088 1748 5160 ἀγγελικῷ

158 5186 474 5257 ὀχούμενοι,
506 5184 683 5253 φωτὸς
727 5183 1045 5256 ἐπουρανίου
1081 5183 1612 5256 περιαστράπτοντος
1644 5181 1745 5235 αὐ-

156 5279 311 5342 τούς.
344 5297 364 5329 ι
400 5277 538 5332 Μεθ’
568 5277 748 5330 ἵππων
773 5277 868 5330 καὶ
890 5276 1152 5348 ἁρμάτων
1176 5277 1234 5328 ἐν
1252 5274 1562 5346 λαμπήναις
1597 5274 1749 5345 ἡμιό-

156 5386 288 5432 νων,
320 5368 460 5441 μετά
486 5368 741 5423 σκιαδίων
766 5370 846 5432 είς
864 5369 964 5439 τὴν
988 5368 1150 5438 ἁγίαν
1175 5366 1329 5421 πόλιν
1368 5365 1742 5439 Ἰερουσαλὴμ,

156 5457 284 5516 εἷπε
323 5460 549 5532 Κύριος.
591 5480 610 5511 ι
653 5460 887 5531 Νοήσεις
921 5459 981 5514 δὲ
1012 5460 1139 5522 τοὺς
1170 5459 1370 5524 ἵππους
1404 5459 1499 5513 καὶ
1540 5456 1611 5511 τὰ
1646 5458 1747 5530 ἃρ-

161 5568 311 5622 ματα
338 5549 627 5621 ammte,
665 5550 964 5620 ἐπιστήσας
997 5548 1092 5602 τοῦ
1129 5549 1398 5621 Ζαχαρίου
1424 5550 1489 5621 τῇ
1534 5564 1744 5620 προφη-

233 5734 280 5767 ³⁴
305 5732 463 5788 Rom.
502 5748 565 5793 ιι,
593 5733 647 5786 5.

485 5830 759 5890 Ρλτιιοι..
793 5829 909 5889 Gtt.
951 5829 1185 5891 XXIV.

1852 4542 2131 4612 pra'missa
2165 4542 2354 4602 verba,
2386 4537 2540 4608 queis
2570 4536 2842 4607 apostolos
2872 4548 2999 4589 suos
3037 4532 3106 4586 ad
3132 4543 3419 4585 extraneas

1851 4633 2030 4688 Israeli
2071 4640 2276 4703 gentes,
2309 4638 2362 4685 et
2390 4647 2419 4683 a
2451 4627 2633 4684 Judma
2673 4626 3087 4690 remotissimas,
3120 4623 3415 4679 missurum

1852 4740 1911 4780 se
1946 4724 2252 4793 pollicetur.

1922 4817 2085 4871 Vens.
2115 4815 2203 4870 20.
2237 4832 2256 4864 ι
2290 4814 2356 4867 Et
2386 4812 2654 4866 adducent
2694 4808 2889 4864 fratres
2914 4815 3125 4862 vestros
3156 4820 3223 4860 ex
3248 4805 3417 4859 omni—

1849 4908 1949 4963 bus
1975 4908 2245 4978 gentibus,
2280 4906 2478 4959 donum
2524 4902 2771 4957 Domino.
2800 4919 2820 4952 ι
2852 4899 3135 4954 Adducent
3160 4911 3254 4952 eos
3274 4896 3418 4949 hunc

1847 4998 1980 5067 ipsis
2017 5000 2212 5052 bonum
2237 4997 2396 5049 linem
2428 5002 2800 5063 procurantes,
2824 4989 3414 5059 quandoassutnentnr,

1846 5089 2071 5160 perinde
2100 5098 2266 5158 atque
2299 5085 2481 5141 llelias
2517 5099 2683 5137 curru
2724 5082 2973 5153 angelico
3013 5077 3178 5141 vecti,
3205 5073 3415 5130 caelesti

1848 5180 2052 5233 lumine
2082 5179 2211 5247 ipsis
2250 5174 2720 5243 circumfulgente.
2760 5191 2782 5225 ι
2827 5170 2962 5227 Cum
3010 5167 3166 5237 equis
3193 5175 3250 5220 et
3289 5178 3414 5217 eur-

1849 5271 2017 5332 ribns,
2052 5269 2105 5322 in
2154 5266 2419 5335 lampenis
2456 5267 2765 5329 mulorum,
2805 5278 2930 5319 cum
2983 5256 3318 5315 umbraculis
3359 5257 3414 5310 in

1850 5361 2123 5415 civitatem
2179 5366 2423 5411 sanctam
2471 5355 2812 5420 Jerusalem,
2873 5352 3011 5406 dixit
3064 5348 3343 5404 Dominus.
3387 5365 3411 5401 ι

1851 5454 2034 5523 Equos
2074 5460 2129 5507 et
2166 5450 2447 5520 angelicas
2483 5450 2681 5504 rhedas
2714 5446 3001 5518 intelliges,
3053 5442 3098 5498 si
3138 5438 3419 5494 Zacharia-

1850 5543 2150 5616 prophetiae
2173 5542 2414 5598 animum
2450 5540 2712 5612 applices,
2741 5537 2830 5594 ubi
2868 5549 3039 5607 equos
3066 5531 3302 5599 veloces,
3322 5543 3419 5587 va-

3024 5810 3093 5871 17
