  <div class='ocr_page' id='page_1' title='image "/cluster/home/n/w/nwhite01/storage/ocr_20150623/24/nnc1.0046978259/289.png"; bbox 0 0 3858 6214; ppageno 0'>
   <div class='ocr_carea' id='block_1_1' title="bbox 409 281 519 338">
    <p class='ocr_par' dir='ltr' id='par_1_1' title="bbox 409 281 519 338">
     <span class='ocr_line' id='line_1_1' title="bbox 409 281 519 338; baseline 0.009 -1"><span class='ocrx_word' id='word_1_1' title='bbox 409 281 519 338; x_wconf 67' lang='lat'><strong>525</strong></span> 
     </span>
    </p>
   </div>
   <div class='ocr_carea' id='block_1_2' title="bbox 1087 281 2962 341">
    <p class='ocr_par' dir='ltr' id='par_1_2' title="bbox 1087 281 2962 341">
     <span class='ocr_line' id='line_1_2' title="bbox 1087 281 2962 341; baseline 0.002 -4"><span class='ocrx_word' id='word_1_2' title='bbox 1087 282 1356 339; x_wconf 83' lang='lat' dir='ltr'><strong>EUSEBll</strong></span> <span class='ocrx_word' id='word_1_3' title='bbox 1394 282 1874 340; x_wconf 65' lang='lat' dir='ltr'><strong>CESARIENSIS</strong></span> <span class='ocrx_word' id='word_1_4' title='bbox 1910 283 2060 339; x_wconf 84' lang='lat' dir='ltr'><strong>OPP.</strong></span> <span class='ocrx_word' id='word_1_5' title='bbox 2100 281 2280 338; x_wconf 77' lang='lat' dir='ltr'><strong>PARS</strong></span> <span class='ocrx_word' id='word_1_6' title='bbox 2316 281 2404 338; x_wconf 88' lang='lat' dir='ltr'><strong>lll.</strong></span> <span class='ocrx_word' id='word_1_7' title='bbox 2445 313 2515 326; x_wconf 85' lang='lat'><strong>-—</strong></span> <span class='ocrx_word' id='word_1_8' title='bbox 2553 282 2962 341; x_wconf 73' lang='lat' dir='ltr'><strong>EXEGETICA.</strong></span> 
     </span>
    </p>
   </div>
   <div class='ocr_carea' id='block_1_3' title="bbox 3575 285 3679 340">
    <p class='ocr_par' dir='ltr' id='par_1_3' title="bbox 3575 285 3679 340">
     <span class='ocr_line' id='line_1_3' title="bbox 3575 285 3679 340; baseline 0 0"><span class='ocrx_word' id='word_1_9' title='bbox 3575 285 3679 340; x_wconf 71' lang='grc' dir='ltr'><strong>εει</strong></span> 
     </span>
    </p>
   </div>
   <div class='ocr_carea' id='block_1_4' title="bbox 410 399 1979 484">
    <p class='ocr_par' dir='ltr' id='par_1_4' title="bbox 410 407 1979 484">
     <span class='ocr_line' id='line_1_4' title="bbox 410 407 1979 484; baseline -0.002 -18"><span class='ocrx_word' id='word_1_10' title='bbox 410 410 524 466; x_wconf 90' lang='lat' dir='ltr'><strong>rios</strong></span> <span class='ocrx_word' id='word_1_11' title='bbox 549 417 606 466; x_wconf 89' lang='lat' dir='ltr'><strong>et</strong></span> <span class='ocrx_word' id='word_1_12' title='bbox 634 407 806 475; x_wconf 88' lang='lat' dir='ltr'><strong>albos,</strong></span> <span class='ocrx_word' id='word_1_13' title='bbox 845 421 908 464; x_wconf 88' lang='lat' dir='ltr'><strong>ac</strong></span> <span class='ocrx_word' id='word_1_14' title='bbox 933 422 1142 484; x_wconf 70' lang='lat' dir='ltr'><strong>purrus</strong></span> <span class='ocrx_word' id='word_1_15' title='bbox 1189 409 1404 480; x_wconf 87' lang='lat' dir='ltr'><strong>aliquos</strong></span> <span class='ocrx_word' id='word_1_16' title='bbox 1433 409 1775 474; x_wconf 86' lang='lat' dir='ltr'><strong>describens,</strong></span> <span class='ocrx_word' id='word_1_17' title='bbox 1813 423 1979 480; x_wconf 88' lang='lat' dir='ltr'><strong>ange-</strong></span> 
     </span>
    </p>
   </div>
   <div class='ocr_carea' id='block_1_5' title="bbox 2086 399 3680 484">
    <p class='ocr_par' dir='ltr' id='par_1_5' title="bbox 2086 399 3680 479">
     <span class='ocr_line' id='line_1_5' title="bbox 2086 399 3680 479; baseline -0.001 -19"><span class='ocrx_word' id='word_1_18' title='bbox 2086 406 2224 479; x_wconf 77' lang='grc' dir='ltr'>τείᾳ,</span> <span class='ocrx_word' id='word_1_19' title='bbox 2267 408 2397 479; x_wconf 87' lang='grc' dir='ltr'>παρ’</span> <span class='ocrx_word' id='word_1_20' title='bbox 2429 399 2474 474; x_wconf 83' lang='grc' dir='ltr'>ᾧ</span> <span class='ocrx_word' id='word_1_21' title='bbox 2505 407 2706 469; x_wconf 78' lang='grc' dir='ltr'><strong>ἵππους</strong></span> <span class='ocrx_word' id='word_1_22' title='bbox 2730 405 2942 476; x_wconf 71' lang='grc' dir='ltr'>ψαροὺς</span> <span class='ocrx_word' id='word_1_23' title='bbox 2981 404 3073 458; x_wconf 53' lang='grc' dir='ltr'><strong>καὶ¹</strong></span> <span class='ocrx_word' id='word_1_24' title='bbox 3105 406 3384 470; x_wconf 79' lang='grc' dir='ltr'>ποικίλους</span> <span class='ocrx_word' id='word_1_25' title='bbox 3415 405 3512 460; x_wconf 72' lang='grc' dir='ltr'>καὶ</span> <span class='ocrx_word' id='word_1_26' title='bbox 3554 405 3680 459; x_wconf 82' lang='grc' dir='ltr'>λευ-</span> 
     </span>
    </p>
   </div>
   <div class='ocr_carea' id='block_1_6' title="bbox 411 487 1995 570">
    <p class='ocr_par' dir='ltr' id='par_1_6' title="bbox 411 487 1995 570">
     <span class='ocr_line' id='line_1_6' title="bbox 411 487 1995 570; baseline -0.001 -13"><span class='ocrx_word' id='word_1_27' title='bbox 411 501 546 558; x_wconf 90' lang='lat' dir='ltr'><strong>licas</strong></span> <span class='ocrx_word' id='word_1_28' title='bbox 577 502 805 556; x_wconf 74' lang='lat' dir='ltr'><strong>virtutes</strong></span> <span class='ocrx_word' id='word_1_29' title='bbox 839 487 1244 556; x_wconf 81' lang='lat' dir='ltr'><strong>subindicabat.</strong></span> <span class='ocrx_word' id='word_1_30' title='bbox 1293 500 1586 570; x_wconf 74' lang='lat' dir='ltr'><strong>Lampenaa</strong></span> <span class='ocrx_word' id='word_1_31' title='bbox 1612 511 1790 555; x_wconf 90' lang='lat' dir='ltr'><strong>autem</strong></span> <span class='ocrx_word' id='word_1_32' title='bbox 1823 501 1995 556; x_wconf 82' lang='lat' dir='ltr'><strong>mulo-</strong></span> 
     </span>
    </p>
   </div>
   <div class='ocr_carea' id='block_1_7' title="bbox 412 593 1991 663">
    <p class='ocr_par' dir='ltr' id='par_1_7' title="bbox 412 593 1991 663">
     <span class='ocr_line' id='line_1_7' title="bbox 412 593 1991 663; baseline 0 -15"><span class='ocrx_word' id='word_1_33' title='bbox 412 609 530 648; x_wconf 93' lang='lat' dir='ltr'><strong>rum</strong></span> <span class='ocrx_word' id='word_1_34' title='bbox 564 593 818 649; x_wconf 86' lang='lat' dir='ltr'><strong>videntur</strong></span> <span class='ocrx_word' id='word_1_35' title='bbox 847 593 1161 663; x_wconf 85' lang='lat' dir='ltr'><strong>signiﬁcare</strong></span> <span class='ocrx_word' id='word_1_36' title='bbox 1191 608 1427 662; x_wconf 89' lang='lat' dir='ltr'><strong>corpora</strong></span> <span class='ocrx_word' id='word_1_37' title='bbox 1462 594 1831 663; x_wconf 72' lang='lat' dir='ltr'><strong>resurgentia,</strong></span> <span class='ocrx_word' id='word_1_38' title='bbox 1872 593 1991 662; x_wconf 88' lang='lat' dir='ltr'><strong>qui-</strong></span> 
     </span>
    </p>
   </div>
   <div class='ocr_carea' id='block_1_8' title="bbox 410 684 1994 742">
    <p class='ocr_par' dir='ltr' id='par_1_8' title="bbox 410 684 1994 742">
     <span class='ocr_line' id='line_1_8' title="bbox 410 684 1994 742; baseline -0.002 0"><span class='ocrx_word' id='word_1_39' title='bbox 410 685 512 742; x_wconf 82' lang='lat' dir='ltr'><strong>bus</strong></span> <span class='ocrx_word' id='word_1_40' title='bbox 561 695 728 741; x_wconf 70' lang='lat' dir='ltr'><strong>vecta:</strong></span> <span class='ocrx_word' id='word_1_41' title='bbox 776 684 970 739; x_wconf 66' lang='lat' dir='ltr'><strong>animae</strong></span> <span class='ocrx_word' id='word_1_42' title='bbox 1030 685 1085 738; x_wconf 90' lang='lat' dir='ltr'><strong>in</strong></span> <span class='ocrx_word' id='word_1_43' title='bbox 1150 684 1428 740; x_wconf 67' lang='lat' dir='ltr'><strong>caelestem</strong></span> <span class='ocrx_word' id='word_1_44' title='bbox 1500 684 1776 740; x_wconf 86' lang='lat' dir='ltr'><strong>civitatem</strong></span> <span class='ocrx_word' id='word_1_45' title='bbox 1839 699 1994 739; x_wconf 84' lang='lat' dir='ltr'><strong>assu-</strong></span> 
     </span>
    </p>
   </div>
   <div class='ocr_carea' id='block_1_9' title="bbox 412 776 1993 849">
    <p class='ocr_par' dir='ltr' id='par_1_9' title="bbox 412 776 1993 849">
     <span class='ocr_line' id='line_1_9' title="bbox 412 776 1993 849; baseline 0.002 -17"><span class='ocrx_word' id='word_1_46' title='bbox 412 788 654 832; x_wconf 63' lang='lat' dir='ltr'><strong>mantur.</strong></span> <span class='ocrx_word' id='word_1_47' title='bbox 686 777 728 831; x_wconf 87' lang='lat' dir='ltr'><strong>E</strong></span> <span class='ocrx_word' id='word_1_48' title='bbox 771 791 831 832; x_wconf 90' lang='lat' dir='ltr'><strong>re</strong></span> <span class='ocrx_word' id='word_1_49' title='bbox 861 781 1040 831; x_wconf 74' lang='lat' dir='ltr'><strong>autem</strong></span> <span class='ocrx_word' id='word_1_50' title='bbox 1082 777 1283 831; x_wconf 89' lang='lat' dir='ltr'><strong>dicitur</strong></span> <span class='ocrx_word' id='word_1_51' title='bbox 1327 777 1614 848; x_wconf 70' lang='lat' dir='ltr'><strong>lampenaz,</strong></span> <span class='ocrx_word' id='word_1_52' title='bbox 1651 777 1768 833; x_wconf 88' lang='lat' dir='ltr'><strong>sive</strong></span> <span class='ocrx_word' id='word_1_53' title='bbox 1816 776 1993 849; x_wconf 72' lang='lat' dir='ltr'><strong>fulgo-</strong></span> 
     </span>
    </p>
   </div>
   <div class='ocr_carea' id='block_1_10' title="bbox 413 869 1395 941">
    <p class='ocr_par' dir='ltr' id='par_1_10' title="bbox 413 869 1395 941">
     <span class='ocr_line' id='line_1_10' title="bbox 413 869 1395 941; baseline -0.001 -16"><span class='ocrx_word' id='word_1_54' title='bbox 413 884 524 936; x_wconf 86' lang='lat' dir='ltr'><strong>res,</strong></span> <span class='ocrx_word' id='word_1_55' title='bbox 549 870 619 924; x_wconf 89' lang='lat' dir='ltr'><strong>ob</strong></span> <span class='ocrx_word' id='word_1_56' title='bbox 651 869 948 941; x_wconf 79' lang='lat' dir='ltr'><strong>fulgentem</strong></span> <span class='ocrx_word' id='word_1_57' title='bbox 981 870 1115 940; x_wconf 86' lang='lat' dir='ltr'><strong>ipsis</strong></span> <span class='ocrx_word' id='word_1_58' title='bbox 1146 869 1395 940; x_wconf 81' lang='lat' dir='ltr'><strong>gloriam.</strong></span> 
     </span>
    </p>
   </div>
   <div class='ocr_carea' id='block_1_11' title="bbox 483 1049 1991 1112">
    <p class='ocr_par' dir='ltr' id='par_1_11' title="bbox 483 1049 1991 1112">
     <span class='ocr_line' id='line_1_11' title="bbox 483 1049 1991 1112; baseline 0.007 -11"><span class='ocrx_word' id='word_1_59' title='bbox 483 1049 650 1106; x_wconf 70' lang='lat' dir='ltr'><strong>Vens.</strong></span> <span class='ocrx_word' id='word_1_60' title='bbox 678 1051 770 1106; x_wconf 74' lang='grc'><strong>21.</strong></span> <span class='ocrx_word' id='word_1_61' title='bbox 809 1069 829 1103; x_wconf 80' lang='grc' dir='ltr'><strong>ι</strong></span> <span class='ocrx_word' id='word_1_62' title='bbox 869 1050 939 1107; x_wconf 89' lang='lat' dir='ltr'><strong>Ut</strong></span> <span class='ocrx_word' id='word_1_63' title='bbox 977 1049 1212 1107; x_wconf 81' lang='lat' dir='ltr'><strong>oﬂ&#39;erant</strong></span> <span class='ocrx_word' id='word_1_64' title='bbox 1242 1051 1337 1108; x_wconf 79' lang='lat' dir='ltr'><strong>iilii</strong></span> <span class='ocrx_word' id='word_1_65' title='bbox 1382 1052 1550 1110; x_wconf 88' lang='lat' dir='ltr'><strong>lsrael</strong></span> <span class='ocrx_word' id='word_1_66' title='bbox 1575 1053 1826 1110; x_wconf 79' lang='lat' dir='ltr'><strong>victimas</strong></span> <span class='ocrx_word' id='word_1_67' title='bbox 1865 1071 1991 1112; x_wconf 86' lang='lat' dir='ltr'><strong>suas</strong></span> 
     </span>
    </p>
   </div>
   <div class='ocr_carea' id='block_1_12' title="bbox 413 1143 1992 1213">
    <p class='ocr_par' dir='ltr' id='par_1_12' title="bbox 413 1143 1992 1213">
     <span class='ocr_line' id='line_1_12' title="bbox 413 1143 1992 1213; baseline 0.004 -16"><span class='ocrx_word' id='word_1_68' title='bbox 413 1143 544 1198; x_wconf 85' lang='lat' dir='ltr'><strong>mihi</strong></span> <span class='ocrx_word' id='word_1_69' title='bbox 583 1159 704 1200; x_wconf 92' lang='lat' dir='ltr'><strong>cum</strong></span> <span class='ocrx_word' id='word_1_70' title='bbox 749 1144 1008 1213; x_wconf 77' lang='lat' dir='ltr'><strong>psalmis:</strong></span> <span class='ocrx_word' id='word_1_71' title='bbox 1073 1154 1128 1199; x_wconf 94' lang='lat' dir='ltr'><strong>et</strong></span> <span class='ocrx_word' id='word_1_72' title='bbox 1188 1161 1254 1199; x_wconf 84' lang='lat' dir='ltr'><strong>ex</strong></span> <span class='ocrx_word' id='word_1_73' title='bbox 1303 1144 1384 1200; x_wconf 87' lang='lat' dir='ltr'><strong>eis</strong></span> <span class='ocrx_word' id='word_1_74' title='bbox 1425 1161 1635 1202; x_wconf 87' lang='lat' dir='ltr'><strong>sumam</strong></span> <span class='ocrx_word' id='word_1_75' title='bbox 1680 1149 1992 1204; x_wconf 84' lang='lat' dir='ltr'><strong>sacerdotes</strong></span> 
     </span>
    </p>
   </div>
   <div class='ocr_carea' id='block_1_13' title="bbox 410 1234 1990 1308">
    <p class='ocr_par' dir='ltr' id='par_1_13' title="bbox 410 1234 1990 1308">
     <span class='ocr_line' id='line_1_13' title="bbox 410 1234 1990 1308; baseline 0.003 -18"><span class='ocrx_word' id='word_1_76' title='bbox 410 1245 465 1291; x_wconf 90' lang='lat' dir='ltr'><strong>et</strong></span> <span class='ocrx_word' id='word_1_77' title='bbox 502 1234 743 1302; x_wconf 87' lang='lat' dir='ltr'><strong>chitas,</strong></span> <span class='ocrx_word' id='word_1_78' title='bbox 799 1236 936 1291; x_wconf 79' lang='lat' dir='ltr'><strong>dixit</strong></span> <span class='ocrx_word' id='word_1_79' title='bbox 970 1236 1249 1294; x_wconf 88' lang='lat' dir='ltr'><strong>Dominus.</strong></span> <span class='ocrx_word' id='word_1_80' title='bbox 1288 1257 1307 1290; x_wconf 76' lang='grc' dir='ltr'><strong>ι</strong></span> <span class='ocrx_word' id='word_1_81' title='bbox 1356 1237 1422 1294; x_wconf 91' lang='lat' dir='ltr'><strong>Ut</strong></span> <span class='ocrx_word' id='word_1_82' title='bbox 1466 1239 1650 1308; x_wconf 81' lang='lat' dir='ltr'><strong>itaque</strong></span> <span class='ocrx_word' id='word_1_83' title='bbox 1695 1244 1990 1295; x_wconf 89' lang='lat' dir='ltr'><strong>secundum</strong></span> 
     </span>
    </p>
   </div>
   <div class='ocr_carea' id='block_1_14' title="bbox 411 1327 1990 1402">
    <p class='ocr_par' dir='ltr' id='par_1_14' title="bbox 411 1327 1990 1402">
     <span class='ocr_line' id='line_1_14' title="bbox 411 1327 1990 1402; baseline 0.004 -21"><span class='ocrx_word' id='word_1_84' title='bbox 411 1341 727 1398; x_wconf 88' lang='lat' dir='ltr'><strong>corpoream</strong></span> <span class='ocrx_word' id='word_1_85' title='bbox 762 1327 935 1398; x_wconf 92' lang='lat' dir='ltr'><strong>legem</strong></span> <span class='ocrx_word' id='word_1_86' title='bbox 989 1328 1043 1383; x_wconf 92' lang='lat' dir='ltr'><strong>in</strong></span> <span class='ocrx_word' id='word_1_87' title='bbox 1093 1336 1312 1383; x_wconf 87' lang='lat' dir='ltr'><strong>terrena</strong></span> <span class='ocrx_word' id='word_1_88' title='bbox 1365 1328 1670 1386; x_wconf 82' lang='lat' dir='ltr'><strong>Jerusalem</strong></span> <span class='ocrx_word' id='word_1_89' title='bbox 1721 1332 1836 1386; x_wconf 56' lang='lat' dir='ltr'><strong>haec</strong></span> <span class='ocrx_word' id='word_1_90' title='bbox 1866 1347 1990 1402; x_wconf 88' lang='lat' dir='ltr'><strong>age-</strong></span> 
     </span>
    </p>
   </div>
   <div class='ocr_carea' id='block_1_15' title="bbox 412 1419 1990 1490">
    <p class='ocr_par' dir='ltr' id='par_1_15' title="bbox 412 1419 1990 1490">
     <span class='ocr_line' id='line_1_15' title="bbox 412 1419 1990 1490; baseline 0.004 -20"><span class='ocrx_word' id='word_1_91' title='bbox 412 1419 542 1472; x_wconf 90' lang='lat' dir='ltr'><strong>bant</strong></span> <span class='ocrx_word' id='word_1_92' title='bbox 577 1421 670 1488; x_wconf 91' lang='lat' dir='ltr'><strong>qui</strong></span> <span class='ocrx_word' id='word_1_93' title='bbox 717 1419 920 1474; x_wconf 90' lang='lat' dir='ltr'><strong>cultum</strong></span> <span class='ocrx_word' id='word_1_94' title='bbox 973 1419 1398 1490; x_wconf 87' lang='lat' dir='ltr'><strong>persolvebant;</strong></span> <span class='ocrx_word' id='word_1_95' title='bbox 1449 1422 1642 1477; x_wconf 91' lang='lat' dir='ltr'><strong>eodem</strong></span> <span class='ocrx_word' id='word_1_96' title='bbox 1700 1422 1864 1478; x_wconf 90' lang='lat' dir='ltr'><strong>modo</strong></span> <span class='ocrx_word' id='word_1_97' title='bbox 1903 1437 1990 1478; x_wconf 85' lang='lat' dir='ltr'><strong>se-</strong></span> 
     </span>
    </p>
   </div>
   <div class='ocr_carea' id='block_1_16' title="bbox 407 1511 1987 1584">
    <p class='ocr_par' dir='ltr' id='par_1_16' title="bbox 407 1511 1987 1584">
     <span class='ocr_line' id='line_1_16' title="bbox 407 1511 1987 1584; baseline 0.003 -18"><span class='ocrx_word' id='word_1_98' title='bbox 407 1511 644 1566; x_wconf 88' lang='lat' dir='ltr'><strong>cundum</strong></span> <span class='ocrx_word' id='word_1_99' title='bbox 677 1520 955 1566; x_wconf 90' lang='lat' dir='ltr'><strong>terrenum</strong></span> <span class='ocrx_word' id='word_1_100' title='bbox 986 1512 1116 1567; x_wconf 92' lang='lat' dir='ltr'><strong>illud</strong></span> <span class='ocrx_word' id='word_1_101' title='bbox 1145 1513 1474 1584; x_wconf 76' lang='lat' dir='ltr'><strong>exemplum,</strong></span> <span class='ocrx_word' id='word_1_102' title='bbox 1504 1515 1593 1584; x_wconf 88' lang='lat' dir='ltr'><strong>qui</strong></span> <span class='ocrx_word' id='word_1_103' title='bbox 1624 1514 1679 1569; x_wconf 91' lang='lat' dir='ltr'><strong>in</strong></span> <span class='ocrx_word' id='word_1_104' title='bbox 1709 1515 1987 1570; x_wconf 69' lang='lat' dir='ltr'><strong>caelestem</strong></span> 
     </span>
    </p>
   </div>
   <div class='ocr_carea' id='block_1_17' title="bbox 409 1599 1989 1676">
    <p class='ocr_par' dir='ltr' id='par_1_17' title="bbox 409 1599 1989 1676">
     <span class='ocr_line' id='line_1_17' title="bbox 409 1599 1989 1676; baseline 0.004 -20"><span class='ocrx_word' id='word_1_105' title='bbox 409 1599 805 1674; x_wconf 84' lang='lat' dir='ltr'><strong>Jerosolymam</strong></span> <span class='ocrx_word' id='word_1_106' title='bbox 835 1606 1146 1666; x_wconf 88' lang='lat' dir='ltr'><strong>ascendent,</strong></span> <span class='ocrx_word' id='word_1_107' title='bbox 1180 1621 1304 1660; x_wconf 90' lang='lat' dir='ltr'><strong>cum</strong></span> <span class='ocrx_word' id='word_1_108' title='bbox 1341 1607 1575 1676; x_wconf 86' lang='lat' dir='ltr'><strong>propriis</strong></span> <span class='ocrx_word' id='word_1_109' title='bbox 1603 1605 1870 1663; x_wconf 81' lang='lat' dir='ltr'><strong>fructibus</strong></span> <span class='ocrx_word' id='word_1_110' title='bbox 1898 1623 1989 1663; x_wconf 84' lang='lat' dir='ltr'><strong>ve-</strong></span> 
     </span>
    </p>
   </div>
   <div class='ocr_carea' id='block_1_18' title="bbox 2095 497 3679 571">
    <p class='ocr_par' dir='ltr' id='par_1_18' title="bbox 2095 497 3679 571">
     <span class='ocr_line' id='line_1_18' title="bbox 2095 497 3679 571; baseline 0 -19"><span class='ocrx_word' id='word_1_111' title='bbox 2095 500 2224 562; x_wconf 83' lang='grc' dir='ltr'>κοὺς</span> <span class='ocrx_word' id='word_1_112' title='bbox 2253 499 2346 553; x_wconf 72' lang='grc' dir='ltr'>καὶ</span> <span class='ocrx_word' id='word_1_113' title='bbox 2376 498 2599 571; x_wconf 82' lang='grc' dir='ltr'>ἀρματά</span> <span class='ocrx_word' id='word_1_114' title='bbox 2634 516 2756 551; x_wconf 88' lang='grc' dir='ltr'>τινα</span> <span class='ocrx_word' id='word_1_115' title='bbox 2785 497 3087 570; x_wconf 83' lang='grc' dir='ltr'>διαγράψας</span> <span class='ocrx_word' id='word_1_116' title='bbox 3115 499 3143 550; x_wconf 99' lang='lat'><strong>6</strong></span> <span class='ocrx_word' id='word_1_117' title='bbox 3169 497 3348 567; x_wconf 82' lang='grc' dir='ltr'>λόγος,</span> <span class='ocrx_word' id='word_1_118' title='bbox 3377 499 3679 568; x_wconf 80' lang='grc' dir='ltr'>ἀγγελικάς</span> 
     </span>
    </p>
   </div>
   <div class='ocr_carea' id='block_1_19' title="bbox 2093 591 3680 662">
    <p class='ocr_par' dir='ltr' id='par_1_19' title="bbox 2093 591 3680 662">
     <span class='ocr_line' id='line_1_19' title="bbox 2093 591 3680 662; baseline 0.001 -19"><span class='ocrx_word' id='word_1_119' title='bbox 2093 593 2336 662; x_wconf 70' lang='grc' dir='ltr'>ᾐνίττετο</span> <span class='ocrx_word' id='word_1_120' title='bbox 2367 591 2642 662; x_wconf 85' lang='grc' dir='ltr'>δυνάμεις.</span> <span class='ocrx_word' id='word_1_121' title='bbox 2684 592 2982 662; x_wconf 83' lang='grc' dir='ltr'>Λαμπῆναι</span> <span class='ocrx_word' id='word_1_122' title='bbox 3025 591 3082 644; x_wconf 81' lang='grc' dir='ltr'>δὲ</span> <span class='ocrx_word' id='word_1_123' title='bbox 3119 591 3360 660; x_wconf 81' lang='grc' dir='ltr'><strong>ἡμιόνων</strong></span> <span class='ocrx_word' id='word_1_124' title='bbox 3389 591 3680 662; x_wconf 80' lang='grc' dir='ltr'><strong>σημαίνειν</strong></span> 
     </span>
    </p>
   </div>
   <div class='ocr_carea' id='block_1_20' title="bbox 2093 677 3679 753">
    <p class='ocr_par' dir='ltr' id='par_1_20' title="bbox 2093 677 3679 753">
     <span class='ocr_line' id='line_1_20' title="bbox 2093 677 3679 753; baseline 0.001 -18"><span class='ocrx_word' id='word_1_125' title='bbox 2093 683 2391 737; x_wconf 84' lang='grc' dir='ltr'>ἐοίκασιτά</span> <span class='ocrx_word' id='word_1_126' title='bbox 2417 682 2515 752; x_wconf 83' lang='grc' dir='ltr'>τῆς</span> <span class='ocrx_word' id='word_1_127' title='bbox 2543 683 2893 746; x_wconf 79' lang='grc' dir='ltr'><strong>ἀναστάσεως</strong></span> <span class='ocrx_word' id='word_1_128' title='bbox 2921 681 3170 753; x_wconf 84' lang='grc' dir='ltr'>σώματα,</span> <span class='ocrx_word' id='word_1_129' title='bbox 3200 677 3281 745; x_wconf 75' lang='grc' dir='ltr'>οἷς</span> <span class='ocrx_word' id='word_1_130' title='bbox 3308 683 3679 753; x_wconf 87' lang='grc' dir='ltr'>ἐποχούμεναι</span> 
     </span>
    </p>
   </div>
   <div class='ocr_carea' id='block_1_21' title="bbox 2092 774 3676 846">
    <p class='ocr_par' dir='ltr' id='par_1_21' title="bbox 2092 774 3676 846">
     <span class='ocr_line' id='line_1_21' title="bbox 2092 774 3676 846; baseline 0 -18"><span class='ocrx_word' id='word_1_131' title='bbox 2092 778 2148 829; x_wconf 85' lang='grc' dir='ltr'>αἱ</span> <span class='ocrx_word' id='word_1_132' title='bbox 2180 776 2350 846; x_wconf 75' lang='grc' dir='ltr'>ψυχαὶ</span> <span class='ocrx_word' id='word_1_133' title='bbox 2389 778 2467 839; x_wconf 85' lang='grc' dir='ltr'><strong>εἰς</strong></span> <span class='ocrx_word' id='word_1_134' title='bbox 2507 775 2606 846; x_wconf 85' lang='grc' dir='ltr'>τὴν</span> <span class='ocrx_word' id='word_1_135' title='bbox 2637 775 2958 846; x_wconf 80' lang='grc' dir='ltr'><strong>ἐπουράνιον</strong></span> <span class='ocrx_word' id='word_1_136' title='bbox 3000 774 3468 846; x_wconf 79' lang='grc' dir='ltr'>ἀναληφθήσονται</span> <span class='ocrx_word' id='word_1_137' title='bbox 3499 775 3676 828; x_wconf 82' lang='grc' dir='ltr'>πόλιν.</span> 
     </span>
    </p>
   </div>
   <div class='ocr_carea' id='block_1_22' title="bbox 2092 865 3679 940">
    <p class='ocr_par' dir='ltr' id='par_1_22' title="bbox 2092 865 3679 940">
     <span class='ocr_line' id='line_1_22' title="bbox 2092 865 3679 940; baseline -0.001 -18"><span class='ocrx_word' id='word_1_138' title='bbox 2092 865 2166 922; x_wconf 78' lang='grc' dir='ltr'><strong>Εὖ</strong></span> <span class='ocrx_word' id='word_1_139' title='bbox 2197 869 2253 922; x_wconf 84' lang='grc' dir='ltr'>δὲ</span> <span class='ocrx_word' id='word_1_140' title='bbox 2279 869 2492 940; x_wconf 75' lang='grc' dir='ltr'>εἴρηται</span> <span class='ocrx_word' id='word_1_141' title='bbox 2516 867 2796 938; x_wconf 79' lang='grc' dir='ltr'>λαμπῆναι</span> <span class='ocrx_word' id='word_1_142' title='bbox 2825 867 2912 920; x_wconf 83' lang='grc' dir='ltr'><strong>διά</strong></span> <span class='ocrx_word' id='word_1_143' title='bbox 2939 868 3038 939; x_wconf 83' lang='grc' dir='ltr'>τὴν</span> <span class='ocrx_word' id='word_1_144' title='bbox 3076 867 3464 939; x_wconf 81' lang='grc' dir='ltr'>ἐκλάμπουσαν</span> <span class='ocrx_word' id='word_1_145' title='bbox 3492 869 3679 933; x_wconf 82' lang='grc' dir='ltr'>αὐτοῖς</span> 
     </span>
    </p>
   </div>
   <div class='ocr_carea' id='block_1_23' title="bbox 2091 961 2270 1026">
    <p class='ocr_par' dir='ltr' id='par_1_23' title="bbox 2091 961 2270 1026">
     <span class='ocr_line' id='line_1_23' title="bbox 2091 961 2270 1026; baseline 0.022 -12"><span class='ocrx_word' id='word_1_146' title='bbox 2091 961 2270 1026; x_wconf 79' lang='grc' dir='ltr'>δόξαν.</span> 
     </span>
    </p>
   </div>
   <div class='ocr_carea' id='block_1_24' title="bbox 2165 1051 3680 1122">
    <p class='ocr_par' dir='ltr' id='par_1_24' title="bbox 2165 1051 3680 1122">
     <span class='ocr_line' id='line_1_24' title="bbox 2165 1051 3680 1122; baseline 0.001 -18"><span class='ocrx_word' id='word_1_147' title='bbox 2165 1072 2184 1104; x_wconf 77' lang='grc' dir='ltr'><strong>ι</strong></span> <span class='ocrx_word' id='word_1_148' title='bbox 2229 1053 2316 1116; x_wconf 83' lang='grc' dir='ltr'>Ὠς</span> <span class='ocrx_word' id='word_1_149' title='bbox 2345 1051 2736 1121; x_wconf 85' lang='grc' dir='ltr'>ἀνενέγκαισαν</span> <span class='ocrx_word' id='word_1_150' title='bbox 2763 1053 2810 1104; x_wconf 82' lang='grc' dir='ltr'>οἱ</span> <span class='ocrx_word' id='word_1_151' title='bbox 2837 1051 2944 1105; x_wconf 69' lang='grc' dir='ltr'>υἱοὶ</span> <span class='ocrx_word' id='word_1_152' title='bbox 2981 1051 3195 1122; x_wconf 86' lang='grc' dir='ltr'>Ἰσραὴλ</span> <span class='ocrx_word' id='word_1_153' title='bbox 3226 1052 3325 1116; x_wconf 90' lang='grc' dir='ltr'><strong>τάς</strong></span> <span class='ocrx_word' id='word_1_154' title='bbox 3352 1051 3547 1116; x_wconf 79' lang='grc' dir='ltr'><strong>θυσίας</strong></span> <span class='ocrx_word' id='word_1_155' title='bbox 3579 1052 3680 1106; x_wconf 83' lang='grc' dir='ltr'><strong>αὑ-</strong></span> 
     </span>
    </p>
   </div>
   <div class='ocr_carea' id='block_1_25' title="bbox 2089 1143 3677 1217">
    <p class='ocr_par' dir='ltr' id='par_1_25' title="bbox 2089 1143 3677 1217">
     <span class='ocr_line' id='line_1_25' title="bbox 2089 1143 3677 1217; baseline 0 -19"><span class='ocrx_word' id='word_1_156' title='bbox 2089 1145 2198 1199; x_wconf 88' lang='grc' dir='ltr'>τῶν</span> <span class='ocrx_word' id='word_1_157' title='bbox 2252 1145 2376 1217; x_wconf 72' lang='grc' dir='ltr'>ἐμοὶ</span> <span class='ocrx_word' id='word_1_158' title='bbox 2425 1145 2563 1216; x_wconf 87' lang='grc' dir='ltr'><strong>μετά</strong></span> <span class='ocrx_word' id='word_1_159' title='bbox 2605 1143 2872 1216; x_wconf 72' lang='grc' dir='ltr'>ψαλμῶνο</span> <span class='ocrx_word' id='word_1_160' title='bbox 2919 1145 3012 1197; x_wconf 74' lang='grc' dir='ltr'>καὶ</span> <span class='ocrx_word' id='word_1_161' title='bbox 3059 1146 3156 1198; x_wconf 87' lang='grc' dir='ltr'><strong>ἀπ’</strong></span> <span class='ocrx_word' id='word_1_162' title='bbox 3201 1144 3381 1198; x_wconf 81' lang='grc' dir='ltr'>αὐτῶν</span> <span class='ocrx_word' id='word_1_163' title='bbox 3427 1145 3677 1215; x_wconf 66' lang='grc' dir='ltr'>λήψομαι</span> 
     </span>
    </p>
   </div>
   <div class='ocr_carea' id='block_1_26' title="bbox 2094 1231 3674 1309">
    <p class='ocr_par' dir='ltr' id='par_1_26' title="bbox 2094 1231 3674 1309">
     <span class='ocr_line' id='line_1_26' title="bbox 2094 1231 3674 1309; baseline 0 -19"><span class='ocrx_word' id='word_1_164' title='bbox 2094 1239 2258 1309; x_wconf 80' lang='grc' dir='ltr'>ἱερεῖς</span> <span class='ocrx_word' id='word_1_165' title='bbox 2286 1238 2381 1290; x_wconf 82' lang='grc' dir='ltr'>καὶ</span> <span class='ocrx_word' id='word_1_166' title='bbox 2408 1237 2661 1302; x_wconf 82' lang='grc' dir='ltr'><strong>Λευίτας,</strong></span> <span class='ocrx_word' id='word_1_167' title='bbox 2696 1231 2818 1290; x_wconf 83' lang='grc' dir='ltr'>εἷπε</span> <span class='ocrx_word' id='word_1_168' title='bbox 2849 1237 3072 1306; x_wconf 85' lang='grc' dir='ltr'>Κύριος.</span> <span class='ocrx_word' id='word_1_169' title='bbox 3115 1255 3134 1288; x_wconf 74' lang='grc' dir='ltr'><strong>ι</strong></span> <span class='ocrx_word' id='word_1_170' title='bbox 3171 1237 3383 1308; x_wconf 87' lang='grc' dir='ltr'>’Ὠσπερ</span> <span class='ocrx_word' id='word_1_171' title='bbox 3409 1232 3504 1290; x_wconf 83' lang='grc' dir='ltr'>οὖν</span> <span class='ocrx_word' id='word_1_172' title='bbox 3549 1237 3674 1290; x_wconf 80' lang='grc' dir='ltr'>τότε</span> 
     </span>
    </p>
   </div>
   <div class='ocr_carea' id='block_1_27' title="bbox 2091 1329 3678 1403">
    <p class='ocr_par' dir='ltr' id='par_1_27' title="bbox 2091 1329 3678 1403">
     <span class='ocr_line' id='line_1_27' title="bbox 2091 1329 3678 1403; baseline -0.001 -19"><span class='ocrx_word' id='word_1_173' title='bbox 2091 1332 2230 1384; x_wconf 89' lang='grc' dir='ltr'><strong>κατά</strong></span> <span class='ocrx_word' id='word_1_174' title='bbox 2259 1330 2351 1383; x_wconf 84' lang='grc' dir='ltr'>τὸν</span> <span class='ocrx_word' id='word_1_175' title='bbox 2381 1329 2692 1400; x_wconf 79' lang='grc' dir='ltr'>σωματικὸν</span> <span class='ocrx_word' id='word_1_176' title='bbox 2729 1330 2891 1399; x_wconf 86' lang='grc' dir='ltr'>νόμον</span> <span class='ocrx_word' id='word_1_177' title='bbox 2931 1329 3026 1382; x_wconf 72' lang='grc' dir='ltr'>ἐπὶ</span> <span class='ocrx_word' id='word_1_178' title='bbox 3065 1330 3166 1400; x_wconf 76' lang='grc' dir='ltr'>τῆς</span> <span class='ocrx_word' id='word_1_179' title='bbox 3199 1330 3441 1398; x_wconf 76' lang='grc' dir='ltr'>ἐπιγείου</span> <span class='ocrx_word' id='word_1_180' title='bbox 3481 1331 3678 1403; x_wconf 83' lang='grc' dir='ltr'>Ἱερου·</span> 
     </span>
    </p>
   </div>
   <div class='ocr_carea' id='block_1_28' title="bbox 2092 1420 3671 1493">
    <p class='ocr_par' dir='ltr' id='par_1_28' title="bbox 2092 1420 3671 1493">
     <span class='ocr_line' id='line_1_28' title="bbox 2092 1420 3671 1493; baseline 0 -18"><span class='ocrx_word' id='word_1_181' title='bbox 2092 1421 2272 1492; x_wconf 81' lang='grc' dir='ltr'>σαλὴμ</span> <span class='ocrx_word' id='word_1_182' title='bbox 2295 1420 2444 1474; x_wconf 79' lang='grc' dir='ltr'>ταῦτ’</span> <span class='ocrx_word' id='word_1_183' title='bbox 2476 1420 2741 1492; x_wconf 76' lang='grc' dir='ltr'>ἔπραττον</span> <span class='ocrx_word' id='word_1_184' title='bbox 2771 1425 2819 1474; x_wconf 85' lang='grc' dir='ltr'>οἱ</span> <span class='ocrx_word' id='word_1_185' title='bbox 2851 1421 2949 1493; x_wconf 83' lang='grc' dir='ltr'>τὴν</span> <span class='ocrx_word' id='word_1_186' title='bbox 2984 1421 3243 1493; x_wconf 81' lang='grc' dir='ltr'>λατρείαν</span> <span class='ocrx_word' id='word_1_187' title='bbox 3271 1422 3671 1486; x_wconf 74' lang='grc' dir='ltr'>ἐπιτελοῦντες·</span> 
     </span>
    </p>
   </div>
   <div class='ocr_carea' id='block_1_29' title="bbox 2089 1513 3678 1584">
    <p class='ocr_par' dir='ltr' id='par_1_29' title="bbox 2089 1513 3678 1584">
     <span class='ocr_line' id='line_1_29' title="bbox 2089 1513 3678 1584; baseline -0.001 -16"><span class='ocrx_word' id='word_1_188' title='bbox 2089 1515 2178 1568; x_wconf 79' lang='grc' dir='ltr'>τὸν</span> <span class='ocrx_word' id='word_1_189' title='bbox 2206 1515 2366 1568; x_wconf 77' lang='grc' dir='ltr'>αὑτὸν</span> <span class='ocrx_word' id='word_1_190' title='bbox 2389 1513 2588 1584; x_wconf 86' lang='grc' dir='ltr'>τρόπον</span> <span class='ocrx_word' id='word_1_191' title='bbox 2618 1513 2757 1566; x_wconf 87' lang='grc' dir='ltr'><strong>κατά</strong></span> <span class='ocrx_word' id='word_1_192' title='bbox 2791 1513 2851 1566; x_wconf 84' lang='grc' dir='ltr'>τὸ</span> <span class='ocrx_word' id='word_1_193' title='bbox 2877 1514 2970 1566; x_wconf 76' lang='grc' dir='ltr'>ἐπὶ</span> <span class='ocrx_word' id='word_1_194' title='bbox 3004 1515 3110 1583; x_wconf 81' lang='grc' dir='ltr'>γῆς</span> <span class='ocrx_word' id='word_1_195' title='bbox 3137 1514 3488 1584; x_wconf 81' lang='grc' dir='ltr'>παράδειγμα</span> <span class='ocrx_word' id='word_1_196' title='bbox 3516 1517 3564 1569; x_wconf 85' lang='grc' dir='ltr'>οἱ</span> <span class='ocrx_word' id='word_1_197' title='bbox 3593 1517 3678 1578; x_wconf 86' lang='grc' dir='ltr'>εἰς</span> 
     </span>
    </p>
   </div>
   <div class='ocr_carea' id='block_1_30' title="bbox 2087 1605 3679 1680">
    <p class='ocr_par' dir='ltr' id='par_1_30' title="bbox 2087 1605 3679 1680">
     <span class='ocr_line' id='line_1_30' title="bbox 2087 1605 3679 1680; baseline -0.001 -20"><span class='ocrx_word' id='word_1_198' title='bbox 2087 1608 2186 1680; x_wconf 82' lang='grc' dir='ltr'>τὴν</span> <span class='ocrx_word' id='word_1_199' title='bbox 2218 1608 2466 1675; x_wconf 76' lang='grc' dir='ltr'>οὐράνιον</span> <span class='ocrx_word' id='word_1_200' title='bbox 2515 1605 2872 1678; x_wconf 75' lang='grc' dir='ltr'>Ἰερουσαλὴμ</span> <span class='ocrx_word' id='word_1_201' title='bbox 2916 1605 3159 1669; x_wconf 81' lang='grc' dir='ltr'>ἀνιόντες</span> <span class='ocrx_word' id='word_1_202' title='bbox 3198 1605 3386 1676; x_wconf 73' lang='grc' dir='ltr'>ἥξουσι</span> <span class='ocrx_word' id='word_1_203' title='bbox 3436 1609 3556 1677; x_wconf 78' lang='grc' dir='ltr'>μετ’</span> <span class='ocrx_word' id='word_1_204' title='bbox 3596 1607 3679 1660; x_wconf 82' lang='grc' dir='ltr'><strong>οἱ-</strong></span> 
     </span>
    </p>
   </div>
   <div class='ocr_carea' id='block_1_31' title="bbox 413 1692 1979 1774">
    <p class='ocr_par' dir='ltr' id='par_1_31' title="bbox 413 1695 1979 1774">
     <span class='ocr_line' id='line_1_31' title="bbox 413 1695 1979 1774; baseline 0.004 -25"><span class='ocrx_word' id='word_1_205' title='bbox 413 1695 582 1760; x_wconf 90' lang='lat' dir='ltr'><strong>nient,</strong></span> <span class='ocrx_word' id='word_1_206' title='bbox 618 1710 753 1765; x_wconf 92' lang='lat' dir='ltr'><strong>quos</strong></span> <span class='ocrx_word' id='word_1_207' title='bbox 779 1695 978 1764; x_wconf 81' lang='lat' dir='ltr'><strong>singuli</strong></span> <span class='ocrx_word' id='word_1_208' title='bbox 1009 1712 1078 1751; x_wconf 82' lang='lat' dir='ltr'><strong>ex</strong></span> <span class='ocrx_word' id='word_1_209' title='bbox 1129 1696 1428 1774; x_wconf 73' lang='lat' dir='ltr'><strong>fructilcris</strong></span> <span class='ocrx_word' id='word_1_210' title='bbox 1462 1698 1752 1755; x_wconf 77' lang='lat' dir='ltr'><strong>virtutibus</strong></span> <span class='ocrx_word' id='word_1_211' title='bbox 1799 1712 1858 1755; x_wconf 93' lang='lat' dir='ltr'><strong>ut</strong></span> <span class='ocrx_word' id='word_1_212' title='bbox 1893 1701 1979 1756; x_wconf 89' lang='lat' dir='ltr'><strong>do-</strong></span> 
     </span>
    </p>
   </div>
   <div class='ocr_carea' id='block_1_32' title="bbox 2086 1692 3678 1774">
    <p class='ocr_par' dir='ltr' id='par_1_32' title="bbox 2090 1692 3678 1771">
     <span class='ocr_line' id='line_1_32' title="bbox 2090 1692 3678 1771; baseline -0.001 -19"><span class='ocrx_word' id='word_1_213' title='bbox 2090 1699 2254 1752; x_wconf 84' lang='grc' dir='ltr'>κείων</span> <span class='ocrx_word' id='word_1_214' title='bbox 2295 1698 2545 1771; x_wconf 85' lang='grc' dir='ltr'>καρπῶν,</span> <span class='ocrx_word' id='word_1_215' title='bbox 2578 1692 2653 1751; x_wconf 84' lang='grc' dir='ltr'>ὧν</span> <span class='ocrx_word' id='word_1_216' title='bbox 2702 1698 2930 1758; x_wconf 74' lang='grc' dir='ltr'>ἕκαστος</span> <span class='ocrx_word' id='word_1_217' title='bbox 2971 1698 3027 1749; x_wconf 91' lang='grc' dir='ltr'><strong>ἐν</strong></span> <span class='ocrx_word' id='word_1_218' title='bbox 3068 1696 3212 1766; x_wconf 77' lang='grc' dir='ltr'>ψυχῇ</span> <span class='ocrx_word' id='word_1_219' title='bbox 3250 1695 3678 1768; x_wconf 72' lang='grc' dir='ltr'>μετακομίζεται</span> 
     </span>
    </p>
   </div>
   <div class='ocr_carea' id='block_1_33' title="bbox 413 1779 1466 1846">
    <p class='ocr_par' dir='ltr' id='par_1_33' title="bbox 413 1779 1466 1846">
     <span class='ocr_line' id='line_1_33' title="bbox 413 1779 1466 1846; baseline 0.003 -5"><span class='ocrx_word' id='word_1_220' title='bbox 413 1802 540 1841; x_wconf 91' lang='lat' dir='ltr'><strong>num</strong></span> <span class='ocrx_word' id='word_1_221' title='bbox 569 1796 625 1842; x_wconf 91' lang='lat' dir='ltr'><strong>et</strong></span> <span class='ocrx_word' id='word_1_222' title='bbox 651 1803 847 1842; x_wconf 88' lang='lat' dir='ltr'><strong>munus</strong></span> <span class='ocrx_word' id='word_1_223' title='bbox 891 1789 943 1844; x_wconf 91' lang='lat' dir='ltr'><strong>in</strong></span> <span class='ocrx_word' id='word_1_224' title='bbox 986 1779 1168 1844; x_wconf 87' lang='lat' dir='ltr'><strong>anima</strong></span> <span class='ocrx_word' id='word_1_225' title='bbox 1207 1791 1466 1846; x_wconf 76' lang='lat' dir='ltr'><strong>referent.</strong></span> 
     </span>
    </p>
   </div>
   <div class='ocr_carea' id='block_1_34' title="bbox 487 1895 1983 1958">
    <p class='ocr_par' dir='ltr' id='par_1_34' title="bbox 487 1895 1983 1958">
     <span class='ocr_line' id='line_1_34' title="bbox 487 1895 1983 1958; baseline 0.004 -8"><span class='ocrx_word' id='word_1_226' title='bbox 487 1895 650 1951; x_wconf 73' lang='lat' dir='ltr'><strong>Vsus.</strong></span> <span class='ocrx_word' id='word_1_227' title='bbox 679 1895 771 1952; x_wconf 69' lang='lat'><strong>22.</strong></span> <span class='ocrx_word' id='word_1_228' title='bbox 814 1915 832 1949; x_wconf 78' lang='grc' dir='ltr'><strong>ι</strong></span> <span class='ocrx_word' id='word_1_229' title='bbox 871 1897 1024 1952; x_wconf 88' lang='lat' dir='ltr'><strong>Sicut</strong></span> <span class='ocrx_word' id='word_1_230' title='bbox 1065 1899 1208 1953; x_wconf 91' lang='lat' dir='ltr'><strong>enim</strong></span> <span class='ocrx_word' id='word_1_231' title='bbox 1242 1899 1440 1954; x_wconf 80' lang='lat' dir='ltr'><strong>coelum</strong></span> <span class='ocrx_word' id='word_1_232' title='bbox 1491 1914 1690 1956; x_wconf 82' lang='lat' dir='ltr'><strong>novum</strong></span> <span class='ocrx_word' id='word_1_233' title='bbox 1737 1909 1792 1955; x_wconf 91' lang='lat' dir='ltr'><strong>et</strong></span> <span class='ocrx_word' id='word_1_234' title='bbox 1837 1913 1983 1958; x_wconf 87' lang='lat' dir='ltr'><strong>terra</strong></span> 
     </span>
    </p>
   </div>
   <div class='ocr_carea' id='block_1_35' title="bbox 411 1988 1983 2060">
    <p class='ocr_par' dir='ltr' id='par_1_35' title="bbox 411 1988 1983 2060">
     <span class='ocr_line' id='line_1_35' title="bbox 411 1988 1983 2060; baseline 0.004 -18"><span class='ocrx_word' id='word_1_235' title='bbox 411 2004 569 2053; x_wconf 90' lang='lat' dir='ltr'><strong>nova,</strong></span> <span class='ocrx_word' id='word_1_236' title='bbox 605 2005 725 2058; x_wconf 80' lang='lat' dir='ltr'><strong>quae</strong></span> <span class='ocrx_word' id='word_1_237' title='bbox 747 2003 847 2057; x_wconf 89' lang='lat' dir='ltr'><strong>ego</strong></span> <span class='ocrx_word' id='word_1_238' title='bbox 875 1988 1038 2052; x_wconf 80' lang='lat' dir='ltr'><strong>lucio,</strong></span> <span class='ocrx_word' id='word_1_239' title='bbox 1074 2000 1391 2060; x_wconf 90' lang='lat' dir='ltr'><strong>permanent</strong></span> <span class='ocrx_word' id='word_1_240' title='bbox 1422 1991 1472 2044; x_wconf 94' lang='lat' dir='ltr'><strong>in</strong></span> <span class='ocrx_word' id='word_1_241' title='bbox 1506 2001 1800 2059; x_wconf 85' lang='lat' dir='ltr'><strong>conspectu</strong></span> <span class='ocrx_word' id='word_1_242' title='bbox 1841 2007 1983 2059; x_wconf 91' lang='lat' dir='ltr'><strong>meo,</strong></span> 
     </span>
    </p>
   </div>
   <div class='ocr_carea' id='block_1_36' title="bbox 412 2080 1984 2148">
    <p class='ocr_par' dir='ltr' id='par_1_36' title="bbox 412 2080 1984 2148">
     <span class='ocr_line' id='line_1_36' title="bbox 412 2080 1984 2148; baseline 0.004 -14"><span class='ocrx_word' id='word_1_243' title='bbox 412 2080 543 2135; x_wconf 89' lang='lat' dir='ltr'><strong>dicit</strong></span> <span class='ocrx_word' id='word_1_244' title='bbox 581 2080 836 2135; x_wconf 89' lang='lat' dir='ltr'><strong>Dominus</strong></span> <span class='ocrx_word' id='word_1_245' title='bbox 870 2098 885 2148; x_wconf 91' lang='lat'><strong>;</strong></span> <span class='ocrx_word' id='word_1_246' title='bbox 919 2080 999 2136; x_wconf 88' lang='lat' dir='ltr'><strong>sic</strong></span> <span class='ocrx_word' id='word_1_247' title='bbox 1027 2082 1193 2135; x_wconf 91' lang='lat' dir='ltr'><strong>stabit</strong></span> <span class='ocrx_word' id='word_1_248' title='bbox 1220 2097 1404 2136; x_wconf 90' lang='lat' dir='ltr'><strong>semen</strong></span> <span class='ocrx_word' id='word_1_249' title='bbox 1439 2091 1676 2137; x_wconf 88' lang='lat' dir='ltr'><strong>vestrum</strong></span> <span class='ocrx_word' id='word_1_250' title='bbox 1703 2093 1757 2138; x_wconf 92' lang='lat' dir='ltr'><strong>et</strong></span> <span class='ocrx_word' id='word_1_251' title='bbox 1787 2099 1984 2140; x_wconf 88' lang='lat' dir='ltr'><strong>nomen</strong></span> 
     </span>
    </p>
   </div>
   <div class='ocr_carea' id='block_1_37' title="bbox 410 2170 1986 2241">
    <p class='ocr_par' dir='ltr' id='par_1_37' title="bbox 410 2170 1986 2241">
     <span class='ocr_line' id='line_1_37' title="bbox 410 2170 1986 2241; baseline 0.005 -19"><span class='ocrx_word' id='word_1_252' title='bbox 410 2182 673 2226; x_wconf 76' lang='lat' dir='ltr'><strong>vestrum.</strong></span> <span class='ocrx_word' id='word_1_253' title='bbox 709 2191 727 2224; x_wconf 73' lang='grc' dir='ltr'><strong>ι</strong></span> <span class='ocrx_word' id='word_1_254' title='bbox 757 2170 892 2226; x_wconf 84' lang='lat' dir='ltr'><strong>Nam</strong></span> <span class='ocrx_word' id='word_1_255' title='bbox 919 2173 966 2227; x_wconf 93' lang='lat' dir='ltr'><strong>si</strong></span> <span class='ocrx_word' id='word_1_256' title='bbox 1002 2187 1202 2227; x_wconf 90' lang='lat' dir='ltr'><strong>novum</strong></span> <span class='ocrx_word' id='word_1_257' title='bbox 1230 2173 1452 2240; x_wconf 85' lang='lat' dir='ltr'><strong>coelum,</strong></span> <span class='ocrx_word' id='word_1_258' title='bbox 1483 2185 1539 2229; x_wconf 88' lang='lat' dir='ltr'><strong>et</strong></span> <span class='ocrx_word' id='word_1_259' title='bbox 1566 2190 1702 2229; x_wconf 86' lang='lat' dir='ltr'><strong>nova</strong></span> <span class='ocrx_word' id='word_1_260' title='bbox 1733 2185 1900 2241; x_wconf 90' lang='lat' dir='ltr'><strong>terra,</strong></span> <span class='ocrx_word' id='word_1_261' title='bbox 1931 2187 1986 2230; x_wconf 90' lang='lat' dir='ltr'><strong>et</strong></span> 
     </span>
    </p>
   </div>
   <div class='ocr_carea' id='block_1_38' title="bbox 409 2261 1984 2336">
    <p class='ocr_par' dir='ltr' id='par_1_38' title="bbox 409 2261 1984 2336">
     <span class='ocr_line' id='line_1_38' title="bbox 409 2261 1984 2336; baseline 0.005 -21"><span class='ocrx_word' id='word_1_262' title='bbox 409 2261 707 2318; x_wconf 87' lang='lat' dir='ltr'><strong>Jerusalem</strong></span> <span class='ocrx_word' id='word_1_263' title='bbox 760 2279 897 2319; x_wconf 90' lang='lat' dir='ltr'><strong>nova</strong></span> <span class='ocrx_word' id='word_1_264' title='bbox 946 2275 1069 2329; x_wconf 89' lang='lat' dir='ltr'><strong>est;</strong></span> <span class='ocrx_word' id='word_1_265' title='bbox 1123 2275 1524 2336; x_wconf 89' lang='lat' dir='ltr'><strong>consequenter</strong></span> <span class='ocrx_word' id='word_1_266' title='bbox 1565 2269 1878 2323; x_wconf 88' lang='lat' dir='ltr'><strong>sacerdotes</strong></span> <span class='ocrx_word' id='word_1_267' title='bbox 1929 2279 1984 2323; x_wconf 94' lang='lat' dir='ltr'><strong>et</strong></span> 
     </span>
    </p>
   </div>
   <div class='ocr_carea' id='block_1_39' title="bbox 409 2351 1982 2426">
    <p class='ocr_par' dir='ltr' id='par_1_39' title="bbox 409 2351 1982 2426">
     <span class='ocr_line' id='line_1_39' title="bbox 409 2351 1982 2426; baseline 0.005 -20"><span class='ocrx_word' id='word_1_268' title='bbox 409 2351 610 2408; x_wconf 67' lang='lat' dir='ltr'><strong>Levita:</strong></span> <span class='ocrx_word' id='word_1_269' title='bbox 641 2354 764 2409; x_wconf 88' lang='lat' dir='ltr'><strong>novi</strong></span> <span class='ocrx_word' id='word_1_270' title='bbox 809 2364 990 2421; x_wconf 91' lang='lat' dir='ltr'><strong>erunt,</strong></span> <span class='ocrx_word' id='word_1_271' title='bbox 1032 2369 1202 2425; x_wconf 89' lang='lat' dir='ltr'><strong>quare</strong></span> <span class='ocrx_word' id='word_1_272' title='bbox 1229 2357 1477 2426; x_wconf 89' lang='lat' dir='ltr'><strong>superius</strong></span> <span class='ocrx_word' id='word_1_273' title='bbox 1513 2357 1773 2413; x_wconf 89' lang='lat' dir='ltr'><strong>dicebat:</strong></span> <span class='ocrx_word' id='word_1_274' title='bbox 1810 2377 1828 2409; x_wconf 78' lang='grc' dir='ltr'><strong>ι</strong></span> <span class='ocrx_word' id='word_1_275' title='bbox 1867 2357 1982 2414; x_wconf 87' lang='grc' dir='ltr'><strong>Νοη</strong></span> 
     </span>
    </p>
   </div>
   <div class='ocr_carea' id='block_1_40' title="bbox 413 2446 1985 2516">
    <p class='ocr_par' dir='ltr' id='par_1_40' title="bbox 413 2446 1985 2516">
     <span class='ocr_line' id='line_1_40' title="bbox 413 2446 1985 2516; baseline 0.004 -16"><span class='ocrx_word' id='word_1_276' title='bbox 413 2446 839 2501; x_wconf 86' lang='lat' dir='ltr'><strong>recordabuntur</strong></span> <span class='ocrx_word' id='word_1_277' title='bbox 865 2449 1130 2516; x_wconf 88' lang='lat' dir='ltr'><strong>priorum,</strong></span> <span class='ocrx_word' id='word_1_278' title='bbox 1164 2457 1220 2502; x_wconf 94' lang='lat' dir='ltr'><strong>et</strong></span> <span class='ocrx_word' id='word_1_279' title='bbox 1251 2463 1358 2502; x_wconf 91' lang='lat' dir='ltr'><strong>non</strong></span> <span class='ocrx_word' id='word_1_280' title='bbox 1393 2450 1653 2504; x_wconf 86' lang='lat' dir='ltr'><strong>ascendet</strong></span> <span class='ocrx_word' id='word_1_281' title='bbox 1697 2451 1748 2504; x_wconf 92' lang='lat' dir='ltr'><strong>in</strong></span> <span class='ocrx_word' id='word_1_282' title='bbox 1777 2466 1873 2506; x_wconf 92' lang='lat' dir='ltr'><strong>cor</strong></span> <span class='ocrx_word' id='word_1_283' title='bbox 1900 2467 1985 2506; x_wconf 92' lang='lat' dir='ltr'><strong>eo-</strong></span> 
     </span>
    </p>
   </div>
   <div class='ocr_carea' id='block_1_41' title="bbox 410 2538 1986 2614">
    <p class='ocr_par' dir='ltr' id='par_1_41' title="bbox 410 2538 1986 2614">
     <span class='ocr_line' id='line_1_41' title="bbox 410 2538 1986 2614; baseline 0.004 -22"><span class='ocrx_word' id='word_1_284' title='bbox 410 2552 556 2594; x_wconf 89' lang='lat' dir='ltr'><strong>rum.</strong></span> <span class='ocrx_word' id='word_1_285' title='bbox 588 2557 608 2592; x_wconf 73' lang='grc' dir='ltr'><strong>ι</strong></span> <span class='ocrx_word' id='word_1_286' title='bbox 644 2538 825 2594; x_wconf 89' lang='lat' dir='ltr'><strong>Prima</strong></span> <span class='ocrx_word' id='word_1_287' title='bbox 856 2539 1039 2608; x_wconf 88' lang='lat' dir='ltr'><strong>itaque</strong></span> <span class='ocrx_word' id='word_1_288' title='bbox 1066 2554 1175 2592; x_wconf 93' lang='lat' dir='ltr'><strong>non</strong></span> <span class='ocrx_word' id='word_1_289' title='bbox 1207 2541 1581 2614; x_wconf 82' lang='lat' dir='ltr'><strong>permanentia</strong></span> <span class='ocrx_word' id='word_1_290' title='bbox 1621 2552 1814 2608; x_wconf 90' lang='lat' dir='ltr'><strong>erant,</strong></span> <span class='ocrx_word' id='word_1_291' title='bbox 1857 2558 1986 2613; x_wconf 82' lang='lat' dir='ltr'><strong>qua-</strong></span> 
     </span>
    </p>
   </div>
   <div class='ocr_carea' id='block_1_42' title="bbox 408 2628 1977 2701">
    <p class='ocr_par' dir='ltr' id='par_1_42' title="bbox 408 2628 1977 2701">
     <span class='ocr_line' id='line_1_42' title="bbox 408 2628 1977 2701; baseline 0.004 -19"><span class='ocrx_word' id='word_1_292' title='bbox 408 2639 631 2700; x_wconf 89' lang='lat' dir='ltr'><strong>propter</strong></span> <span class='ocrx_word' id='word_1_293' title='bbox 657 2631 859 2686; x_wconf 90' lang='lat' dir='ltr'><strong>dictum</strong></span> <span class='ocrx_word' id='word_1_294' title='bbox 885 2639 987 2694; x_wconf 91' lang='lat' dir='ltr'><strong>est,</strong></span> <span class='ocrx_word' id='word_1_295' title='bbox 1025 2645 1045 2680; x_wconf 75' lang='grc' dir='ltr'><strong>ι</strong></span> <span class='ocrx_word' id='word_1_296' title='bbox 1075 2628 1282 2684; x_wconf 74' lang='lat' dir='ltr'><strong>Caelum</strong></span> <span class='ocrx_word' id='word_1_297' title='bbox 1309 2640 1367 2685; x_wconf 90' lang='lat' dir='ltr'><strong>et</strong></span> <span class='ocrx_word' id='word_1_298' title='bbox 1410 2640 1552 2685; x_wconf 89' lang='lat' dir='ltr'><strong>terra</strong></span> <span class='ocrx_word' id='word_1_299' title='bbox 1581 2635 1921 2701; x_wconf 89' lang='lat' dir='ltr'><strong>transibunt;</strong></span> <span class='ocrx_word' id='word_1_300' title='bbox 1958 2653 1977 2688; x_wconf 72' lang='grc' dir='ltr'><strong>ι</strong></span> 
     </span>
    </p>
   </div>
   <div class='ocr_carea' id='block_1_43' title="bbox 353 2720 1983 2788">
    <p class='ocr_par' dir='ltr' id='par_1_43' title="bbox 353 2720 1983 2788">
     <span class='ocr_line' id='line_1_43' title="bbox 353 2720 1983 2788; baseline 0.002 -13"><span class='ocrx_word' id='word_1_301' title='bbox 353 2724 375 2738; x_wconf 80' lang='lat'><strong><em>’</em></strong></span> <span class='ocrx_word' id='word_1_302' title='bbox 409 2735 476 2777; x_wconf 86' lang='lat' dir='ltr'><strong>ac</strong></span> <span class='ocrx_word' id='word_1_303' title='bbox 515 2735 763 2788; x_wconf 85' lang='lat' dir='ltr'><strong>rursum,</strong></span> <span class='ocrx_word' id='word_1_304' title='bbox 816 2740 835 2774; x_wconf 80' lang='grc' dir='ltr'><strong>ι</strong></span> <span class='ocrx_word' id='word_1_305' title='bbox 882 2720 1183 2776; x_wconf 90' lang='lat' dir='ltr'><strong>Plicabitur</strong></span> <span class='ocrx_word' id='word_1_306' title='bbox 1227 2721 1422 2786; x_wconf 67' lang='lat' dir='ltr'><strong>malum</strong></span> <span class='ocrx_word' id='word_1_307' title='bbox 1461 2732 1520 2776; x_wconf 92' lang='lat' dir='ltr'><strong>ut</strong></span> <span class='ocrx_word' id='word_1_308' title='bbox 1561 2723 1721 2788; x_wconf 89' lang='lat' dir='ltr'><strong>liber,</strong></span> <span class='ocrx_word' id='word_1_309' title='bbox 1771 2735 1826 2778; x_wconf 92' lang='lat' dir='ltr'><strong>et</strong></span> <span class='ocrx_word' id='word_1_310' title='bbox 1859 2740 1983 2779; x_wconf 90' lang='lat' dir='ltr'><strong>cor-</strong></span> 
     </span>
    </p>
   </div>
   <div class='ocr_carea' id='block_1_44' title="bbox 407 2814 1978 2885">
    <p class='ocr_par' dir='ltr' id='par_1_44' title="bbox 407 2814 1978 2885">
     <span class='ocr_line' id='line_1_44' title="bbox 407 2814 1978 2885; baseline 0.001 -17"><span class='ocrx_word' id='word_1_311' title='bbox 407 2815 660 2885; x_wconf 86' lang='lat' dir='ltr'><strong>ruptione</strong></span> <span class='ocrx_word' id='word_1_312' title='bbox 696 2825 1080 2884; x_wconf 87' lang='lat' dir='ltr'><strong>corrumpetur</strong></span> <span class='ocrx_word' id='word_1_313' title='bbox 1124 2823 1290 2870; x_wconf 88' lang='lat' dir='ltr'><strong>terra.</strong></span> <span class='ocrx_word' id='word_1_314' title='bbox 1343 2832 1362 2866; x_wconf 73' lang='grc' dir='ltr'><strong>ι</strong></span> <span class='ocrx_word' id='word_1_315' title='bbox 1396 2814 1586 2869; x_wconf 86' lang='lat' dir='ltr'><strong>Futuri</strong></span> <span class='ocrx_word' id='word_1_316' title='bbox 1626 2830 1753 2871; x_wconf 85' lang='lat' dir='ltr'><strong>vero</strong></span> <span class='ocrx_word' id='word_1_317' title='bbox 1794 2817 1978 2872; x_wconf 64' lang='lat' dir='ltr'><strong>sarculi</strong></span> 
     </span>
    </p>
   </div>
   <div class='ocr_carea' id='block_1_45' title="bbox 409 2905 1982 2976">
    <p class='ocr_par' dir='ltr' id='par_1_45' title="bbox 409 2905 1982 2976">
     <span class='ocr_line' id='line_1_45' title="bbox 409 2905 1982 2976; baseline 0.003 -17"><span class='ocrx_word' id='word_1_318' title='bbox 409 2906 666 2975; x_wconf 73' lang='lat' dir='ltr'><strong>primitiae</strong></span> <span class='ocrx_word' id='word_1_319' title='bbox 708 2905 999 2972; x_wconf 71' lang='lat' dir='ltr'><strong>Christus-g</strong></span> <span class='ocrx_word' id='word_1_320' title='bbox 1027 2906 1221 2961; x_wconf 89' lang='lat' dir='ltr'><strong>deinde</strong></span> <span class='ocrx_word' id='word_1_321' title='bbox 1248 2905 1340 2976; x_wconf 88' lang='lat' dir='ltr'><strong>qui</strong></span> <span class='ocrx_word' id='word_1_322' title='bbox 1373 2907 1579 2962; x_wconf 86' lang='lat' dir='ltr'><strong>Christi</strong></span> <span class='ocrx_word' id='word_1_323' title='bbox 1627 2917 1755 2963; x_wconf 90' lang='lat' dir='ltr'><strong>sunt</strong></span> <span class='ocrx_word' id='word_1_324' title='bbox 1784 2908 1838 2962; x_wconf 94' lang='lat' dir='ltr'><strong>in</strong></span> <span class='ocrx_word' id='word_1_325' title='bbox 1885 2909 1982 2963; x_wconf 88' lang='lat' dir='ltr'><strong>ad-</strong></span> 
     </span>
    </p>
   </div>
   <div class='ocr_carea' id='block_1_46' title="bbox 408 2998 754 3067">
    <p class='ocr_par' dir='ltr' id='par_1_46' title="bbox 408 2998 754 3067">
     <span class='ocr_line' id='line_1_46' title="bbox 408 2998 754 3067; baseline 0.003 -15"><span class='ocrx_word' id='word_1_326' title='bbox 408 3006 574 3054; x_wconf 82' lang='lat' dir='ltr'><strong>ventu</strong></span> <span class='ocrx_word' id='word_1_327' title='bbox 617 2998 754 3067; x_wconf 87' lang='lat' dir='ltr'><strong>ejus.</strong></span> 
     </span>
    </p>
   </div>
   <div class='ocr_carea' id='block_1_47' title="bbox 481 3087 2049 3169">
    <p class='ocr_par' dir='ltr' id='par_1_47' title="bbox 481 3087 2049 3169">
     <span class='ocr_line' id='line_1_47' title="bbox 481 3087 2049 3169; baseline 0.003 -27"><span class='ocrx_word' id='word_1_328' title='bbox 481 3087 645 3142; x_wconf 72' lang='lat' dir='ltr'><strong>Vens.</strong></span> <span class='ocrx_word' id='word_1_329' title='bbox 673 3088 766 3142; x_wconf 73' lang='lat'><strong>‘25.</strong></span> <span class='ocrx_word' id='word_1_330' title='bbox 804 3105 824 3139; x_wconf 85' lang='grc' dir='ltr'><strong>ι</strong></span> <span class='ocrx_word' id='word_1_331' title='bbox 864 3087 928 3142; x_wconf 84' lang='lat' dir='ltr'><strong>Et</strong></span> <span class='ocrx_word' id='word_1_332' title='bbox 953 3088 1057 3142; x_wconf 90' lang='lat' dir='ltr'><strong>erit</strong></span> <span class='ocrx_word' id='word_1_333' title='bbox 1094 3087 1297 3144; x_wconf 87' lang='lat' dir='ltr'><strong>mensis</strong></span> <span class='ocrx_word' id='word_1_334' title='bbox 1341 3103 1410 3144; x_wconf 81' lang='lat' dir='ltr'><strong>ex</strong></span> <span class='ocrx_word' id='word_1_335' title='bbox 1446 3104 1654 3155; x_wconf 88' lang='lat' dir='ltr'><strong>mense,</strong></span> <span class='ocrx_word' id='word_1_336' title='bbox 1694 3099 1750 3147; x_wconf 90' lang='lat' dir='ltr'><strong>et</strong></span> <span class='ocrx_word' id='word_1_337' title='bbox 1785 3091 1978 3148; x_wconf 86' lang='lat' dir='ltr'><strong>sabba-</strong></span> <span class='ocrx_word' id='word_1_338' title='bbox 2005 3110 2049 3169; x_wconf 72' lang='grc' dir='ltr'>α</span> 
     </span>
    </p>
   </div>
   <div class='ocr_carea' id='block_1_48' title="bbox 2020 1762 3287 1864">
    <p class='ocr_par' dir='ltr' id='par_1_48' title="bbox 2020 1762 3287 1864">
     <span class='ocr_line' id='line_1_48' title="bbox 2020 1762 3287 1864; baseline -0.002 -19"><span class='ocrx_word' id='word_1_339' title='bbox 2020 1762 2062 1817; x_wconf 75' lang='grc' dir='ltr'>Β</span> <span class='ocrx_word' id='word_1_340' title='bbox 2089 1790 2276 1864; x_wconf 84' lang='grc' dir='ltr'>δώρων</span> <span class='ocrx_word' id='word_1_341' title='bbox 2425 1762 2537 1844; x_wconf 85' lang='grc' dir='ltr'><strong>τῶν</strong></span> <span class='ocrx_word' id='word_1_342' title='bbox 2559 1789 2770 1862; x_wconf 80' lang='grc' dir='ltr'>ἀρετῶν</span> <span class='ocrx_word' id='word_1_343' title='bbox 2800 1791 2864 1842; x_wconf 85' lang='grc' dir='ltr'><strong>ἐκ</strong></span> <span class='ocrx_word' id='word_1_344' title='bbox 2892 1762 3287 1861; x_wconf 69' lang='grc' dir='ltr'>καρποίρορίας.</span> 
     </span>
    </p>
   </div>
   <div class='ocr_carea' id='block_1_49' title="bbox 2165 1878 3675 1952">
    <p class='ocr_par' dir='ltr' id='par_1_49' title="bbox 2165 1878 3675 1952">
     <span class='ocr_line' id='line_1_49' title="bbox 2165 1878 3675 1952; baseline -0.001 -21"><span class='ocrx_word' id='word_1_345' title='bbox 2165 1900 2184 1931; x_wconf 76' lang='grc' dir='ltr'><strong>ι</strong></span> <span class='ocrx_word' id='word_1_346' title='bbox 2225 1881 2322 1933; x_wconf 89' lang='grc' dir='ltr'>Ὃν</span> <span class='ocrx_word' id='word_1_347' title='bbox 2348 1880 2548 1951; x_wconf 83' lang='grc' dir='ltr'>τρόπον</span> <span class='ocrx_word' id='word_1_348' title='bbox 2577 1881 2686 1952; x_wconf 85' lang='grc' dir='ltr'>γὰρ</span> <span class='ocrx_word' id='word_1_349' title='bbox 2707 1883 2736 1934; x_wconf 93' lang='lat'><strong>6</strong></span> <span class='ocrx_word' id='word_1_350' title='bbox 2761 1878 2989 1948; x_wconf 85' lang='grc' dir='ltr'>οὐρανὸς</span> <span class='ocrx_word' id='word_1_351' title='bbox 3025 1879 3209 1942; x_wconf 86' lang='grc' dir='ltr'>καινὸς</span> <span class='ocrx_word' id='word_1_352' title='bbox 3239 1879 3333 1931; x_wconf 80' lang='grc' dir='ltr'>καὶ</span> <span class='ocrx_word' id='word_1_353' title='bbox 3369 1879 3402 1949; x_wconf 84' lang='grc' dir='ltr'>ἡ</span> <span class='ocrx_word' id='word_1_354' title='bbox 3443 1878 3514 1947; x_wconf 84' lang='grc' dir='ltr'>γῆ</span> <span class='ocrx_word' id='word_1_355' title='bbox 3546 1893 3675 1930; x_wconf 79' lang='grc' dir='ltr'>και-</span> 
     </span>
    </p>
   </div>
   <div class='ocr_carea' id='block_1_50' title="bbox 2085 1969 3674 2043">
    <p class='ocr_par' dir='ltr' id='par_1_50' title="bbox 2085 1969 3674 2043">
     <span class='ocr_line' id='line_1_50' title="bbox 2085 1969 3674 2043; baseline -0.009 -12"><span class='ocrx_word' id='word_1_356' title='bbox 2085 1971 2174 2043; x_wconf 84' lang='grc' dir='ltr'><strong>νὴ,</strong></span> <span class='ocrx_word' id='word_1_357' title='bbox 2209 1971 2247 2025; x_wconf 79' lang='grc' dir='ltr'>ἂ</span> <span class='ocrx_word' id='word_1_358' title='bbox 2274 1970 2384 2040; x_wconf 88' lang='grc' dir='ltr'>ἐγὼ</span> <span class='ocrx_word' id='word_1_359' title='bbox 2417 1971 2582 2034; x_wconf 80' lang='grc' dir='ltr'>ποιῶ,</span> <span class='ocrx_word' id='word_1_360' title='bbox 2626 1971 2777 2042; x_wconf 86' lang='grc' dir='ltr'>μένει</span> <span class='ocrx_word' id='word_1_361' title='bbox 2799 1969 3028 2024; x_wconf 77' lang='grc' dir='ltr'>ἐνώπιον</span> <span class='ocrx_word' id='word_1_362' title='bbox 3067 1969 3224 2040; x_wconf 87' lang='grc' dir='ltr'>ἐμοῦ,</span> <span class='ocrx_word' id='word_1_363' title='bbox 3255 1969 3403 2038; x_wconf 85' lang='grc' dir='ltr'>λέγει</span> <span class='ocrx_word' id='word_1_364' title='bbox 3425 1969 3627 2040; x_wconf 79' lang='grc' dir='ltr'>Κύριος</span> <span class='ocrx_word' id='word_1_365' title='bbox 3656 1986 3674 2000; x_wconf 89' lang='grc'><strong>·</strong></span> 
     </span>
    </p>
   </div>
   <div class='ocr_carea' id='block_1_51' title="bbox 2085 2060 3673 2135">
    <p class='ocr_par' dir='ltr' id='par_1_51' title="bbox 2085 2060 3673 2135">
     <span class='ocr_line' id='line_1_51' title="bbox 2085 2060 3673 2135; baseline -0.003 -18"><span class='ocrx_word' id='word_1_366' title='bbox 2085 2064 2228 2117; x_wconf 69' lang='grc' dir='ltr'>οὕτω</span> <span class='ocrx_word' id='word_1_367' title='bbox 2251 2065 2502 2135; x_wconf 89' lang='grc' dir='ltr'>στήσεται</span> <span class='ocrx_word' id='word_1_368' title='bbox 2524 2063 2588 2116; x_wconf 79' lang='grc' dir='ltr'>τὸ</span> <span class='ocrx_word' id='word_1_369' title='bbox 2621 2062 2840 2133; x_wconf 86' lang='grc' dir='ltr'>σπέρμα</span> <span class='ocrx_word' id='word_1_370' title='bbox 2861 2063 3015 2133; x_wconf 84' lang='grc' dir='ltr'>ὑμῶν</span> <span class='ocrx_word' id='word_1_371' title='bbox 3044 2064 3138 2115; x_wconf 74' lang='grc' dir='ltr'>καὶ</span> <span class='ocrx_word' id='word_1_372' title='bbox 3168 2061 3229 2114; x_wconf 84' lang='grc' dir='ltr'>τὸ</span> <span class='ocrx_word' id='word_1_373' title='bbox 3256 2061 3428 2131; x_wconf 75' lang='grc' dir='ltr'>ὄνομα</span> <span class='ocrx_word' id='word_1_374' title='bbox 3459 2060 3632 2131; x_wconf 81' lang='grc' dir='ltr'>ὑμῶν.</span> <span class='ocrx_word' id='word_1_375' title='bbox 3649 2081 3673 2112; x_wconf 85' lang='grc'><strong>›</strong></span> 
     </span>
    </p>
   </div>
   <div class='ocr_carea' id='block_1_52' title="bbox 2086 2154 3679 2229">
    <p class='ocr_par' dir='ltr' id='par_1_52' title="bbox 2086 2154 3679 2229">
     <span class='ocr_line' id='line_1_52' title="bbox 2086 2154 3679 2229; baseline -0.003 -19"><span class='ocrx_word' id='word_1_376' title='bbox 2086 2159 2150 2211; x_wconf 74' lang='lat' dir='ltr'><strong>Et</strong></span> <span class='ocrx_word' id='word_1_377' title='bbox 2174 2157 2282 2229; x_wconf 86' lang='grc' dir='ltr'><strong>γὰρ</strong></span> <span class='ocrx_word' id='word_1_378' title='bbox 2304 2157 2531 2229; x_wconf 78' lang='grc' dir='ltr'>οὐρανὸς</span> <span class='ocrx_word' id='word_1_379' title='bbox 2557 2155 2742 2218; x_wconf 83' lang='grc' dir='ltr'>καινός</span> <span class='ocrx_word' id='word_1_380' title='bbox 2779 2158 2895 2208; x_wconf 89' lang='grc' dir='ltr'>ἐστι</span> <span class='ocrx_word' id='word_1_381' title='bbox 2923 2157 3020 2210; x_wconf 73' lang='grc' dir='ltr'>καὶ</span> <span class='ocrx_word' id='word_1_382' title='bbox 3051 2157 3085 2227; x_wconf 82' lang='grc' dir='ltr'>ἡ</span> <span class='ocrx_word' id='word_1_383' title='bbox 3114 2157 3188 2226; x_wconf 83' lang='grc' dir='ltr'><strong>γῆ</strong></span> <span class='ocrx_word' id='word_1_384' title='bbox 3216 2154 3397 2222; x_wconf 80' lang='grc' dir='ltr'>καινὴ,</span> <span class='ocrx_word' id='word_1_385' title='bbox 3440 2154 3536 2208; x_wconf 72' lang='grc' dir='ltr'>καὶ</span> <span class='ocrx_word' id='word_1_386' title='bbox 3579 2155 3679 2206; x_wconf 81' lang='grc' dir='ltr'><strong>Ἱε-</strong></span> 
     </span>
    </p>
   </div>
   <div class='ocr_carea' id='block_1_53' title="bbox 2090 2247 3680 2322">
    <p class='ocr_par' dir='ltr' id='par_1_53' title="bbox 2090 2247 3680 2322">
     <span class='ocr_line' id='line_1_53' title="bbox 2090 2247 3680 2322; baseline -0.003 -19"><span class='ocrx_word' id='word_1_387' title='bbox 2090 2251 2370 2322; x_wconf 80' lang='grc' dir='ltr'>ρουσαλῆμ</span> <span class='ocrx_word' id='word_1_388' title='bbox 2403 2249 2581 2322; x_wconf 83' lang='grc' dir='ltr'>καινὴ,</span> <span class='ocrx_word' id='word_1_389' title='bbox 2632 2250 2923 2303; x_wconf 87' lang='grc' dir='ltr'>ἀκόλουθον</span> <span class='ocrx_word' id='word_1_390' title='bbox 2954 2250 3022 2302; x_wconf 87' lang='grc' dir='ltr'>ἂν</span> <span class='ocrx_word' id='word_1_391' title='bbox 3065 2247 3151 2319; x_wconf 80' lang='grc' dir='ltr'><strong>εἴη</strong></span> <span class='ocrx_word' id='word_1_392' title='bbox 3207 2249 3301 2301; x_wconf 76' lang='grc' dir='ltr'>καὶ</span> <span class='ocrx_word' id='word_1_393' title='bbox 3348 2248 3474 2309; x_wconf 84' lang='grc' dir='ltr'>τοὺς</span> <span class='ocrx_word' id='word_1_394' title='bbox 3508 2247 3680 2316; x_wconf 81' lang='grc' dir='ltr'>ἱερεῖς</span> 
     </span>
    </p>
   </div>
   <div class='ocr_carea' id='block_1_54' title="bbox 2085 2339 3678 2410">
    <p class='ocr_par' dir='ltr' id='par_1_54' title="bbox 2085 2339 3678 2410">
     <span class='ocr_line' id='line_1_54' title="bbox 2085 2339 3678 2410; baseline -0.004 -14"><span class='ocrx_word' id='word_1_395' title='bbox 2085 2344 2182 2396; x_wconf 65' lang='grc' dir='ltr'><strong>καὶ⁹</strong></span> <span class='ocrx_word' id='word_1_396' title='bbox 2207 2343 2442 2406; x_wconf 85' lang='grc' dir='ltr'>Λευίτας</span> <span class='ocrx_word' id='word_1_397' title='bbox 2475 2343 2692 2406; x_wconf 80' lang='grc' dir='ltr'>καινοὺς</span> <span class='ocrx_word' id='word_1_398' title='bbox 2719 2341 2934 2395; x_wconf 78' lang='grc' dir='ltr'>ἔσεσθαι</span> <span class='ocrx_word' id='word_1_399' title='bbox 2959 2359 2973 2372; x_wconf 90' lang='grc'><strong>·</strong></span> <span class='ocrx_word' id='word_1_400' title='bbox 3005 2341 3084 2394; x_wconf 87' lang='grc' dir='ltr'>διὸ</span> <span class='ocrx_word' id='word_1_401' title='bbox 3113 2342 3206 2394; x_wconf 73' lang='grc' dir='ltr'>καὶ</span> <span class='ocrx_word' id='word_1_402' title='bbox 3240 2343 3297 2392; x_wconf 86' lang='grc' dir='ltr'><strong>ἐν</strong></span> <span class='ocrx_word' id='word_1_403' title='bbox 3322 2343 3432 2402; x_wconf 90' lang='grc' dir='ltr'>τοῖς</span> <span class='ocrx_word' id='word_1_404' title='bbox 3463 2339 3678 2410; x_wconf 79' lang='grc' dir='ltr'>ἔμπρο-</span> 
     </span>
    </p>
   </div>
   <div class='ocr_carea' id='block_1_55' title="bbox 2087 2433 3678 2506">
    <p class='ocr_par' dir='ltr' id='par_1_55' title="bbox 2087 2433 3678 2506">
     <span class='ocr_line' id='line_1_55' title="bbox 2087 2433 3678 2506; baseline -0.002 -19"><span class='ocrx_word' id='word_1_405' title='bbox 2087 2435 2210 2490; x_wconf 88' lang='grc' dir='ltr'>σθεν</span> <span class='ocrx_word' id='word_1_406' title='bbox 2244 2435 2395 2505; x_wconf 80' lang='grc' dir='ltr'>ἔλεγε</span> <span class='ocrx_word' id='word_1_407' title='bbox 2420 2452 2434 2466; x_wconf 87' lang='grc'><strong>·</strong></span> <span class='ocrx_word' id='word_1_408' title='bbox 2478 2455 2498 2486; x_wconf 78' lang='grc' dir='ltr'><strong>ι</strong></span> <span class='ocrx_word' id='word_1_409' title='bbox 2545 2437 2618 2489; x_wconf 81' lang='grc' dir='ltr'><strong>Οὐ</strong></span> <span class='ocrx_word' id='word_1_410' title='bbox 2660 2434 2940 2506; x_wconf 85' lang='grc' dir='ltr'>μνησθῶσι</span> <span class='ocrx_word' id='word_1_411' title='bbox 2981 2433 3090 2488; x_wconf 79' lang='grc' dir='ltr'>τῶν</span> <span class='ocrx_word' id='word_1_412' title='bbox 3114 2434 3417 2504; x_wconf 77' lang='grc' dir='ltr'>προτέρων,</span> <span class='ocrx_word' id='word_1_413' title='bbox 3449 2433 3545 2484; x_wconf 77' lang='grc' dir='ltr'>καὶ</span> <span class='ocrx_word' id='word_1_414' title='bbox 3571 2433 3678 2485; x_wconf 74' lang='grc' dir='ltr'>οὐκ</span> 
     </span>
    </p>
   </div>
   <div class='ocr_carea' id='block_1_56' title="bbox 2085 2521 3676 2599">
    <p class='ocr_par' dir='ltr' id='par_1_56' title="bbox 2085 2521 3676 2599">
     <span class='ocr_line' id='line_1_56' title="bbox 2085 2521 3676 2599; baseline -0.002 -18"><span class='ocrx_word' id='word_1_415' title='bbox 2085 2528 2413 2599; x_wconf 83' lang='grc' dir='ltr'>ἀναϐήσεται</span> <span class='ocrx_word' id='word_1_416' title='bbox 2466 2527 2645 2582; x_wconf 85' lang='grc' dir='ltr'>αὐτῶν</span> <span class='ocrx_word' id='word_1_417' title='bbox 2669 2527 2776 2581; x_wconf 70' lang='grc' dir='ltr'>’ἐπὶ</span> <span class='ocrx_word' id='word_1_418' title='bbox 2808 2529 2908 2599; x_wconf 80' lang='grc' dir='ltr'><strong>τήν</strong></span> <span class='ocrx_word' id='word_1_419' title='bbox 2944 2527 3189 2598; x_wconf 88' lang='grc' dir='ltr'>καρδίαν,</span> <span class='ocrx_word' id='word_1_420' title='bbox 3227 2545 3245 2576; x_wconf 70' lang='grc' dir='ltr'><strong>ι</strong></span> <span class='ocrx_word' id='word_1_421' title='bbox 3283 2525 3364 2578; x_wconf 89' lang='grc' dir='ltr'><strong>Τά</strong></span> <span class='ocrx_word' id='word_1_422' title='bbox 3424 2526 3522 2596; x_wconf 82' lang='grc' dir='ltr'>μὲν</span> <span class='ocrx_word' id='word_1_423' title='bbox 3579 2521 3676 2578; x_wconf 78' lang='grc' dir='ltr'>οὖν</span> 
     </span>
    </p>
   </div>
   <div class='ocr_carea' id='block_1_57' title="bbox 2086 2615 3676 2692">
    <p class='ocr_par' dir='ltr' id='par_1_57' title="bbox 2086 2615 3676 2692">
     <span class='ocr_line' id='line_1_57' title="bbox 2086 2615 3676 2692; baseline -0.003 -19"><span class='ocrx_word' id='word_1_424' title='bbox 2086 2620 2280 2692; x_wconf 83' lang='grc' dir='ltr'>πρῶτα</span> <span class='ocrx_word' id='word_1_425' title='bbox 2302 2620 2362 2674; x_wconf 88' lang='grc' dir='ltr'>οὐ</span> <span class='ocrx_word' id='word_1_426' title='bbox 2395 2620 2624 2691; x_wconf 84' lang='grc' dir='ltr'>μένοντα</span> <span class='ocrx_word' id='word_1_427' title='bbox 2647 2615 2716 2690; x_wconf 77' lang='grc' dir='ltr'>ἦν</span> <span class='ocrx_word' id='word_1_428' title='bbox 2737 2636 2750 2649; x_wconf 88' lang='grc'><strong>·</strong></span> <span class='ocrx_word' id='word_1_429' title='bbox 2789 2619 2869 2672; x_wconf 86' lang='grc' dir='ltr'>διὸ</span> <span class='ocrx_word' id='word_1_430' title='bbox 2924 2618 3142 2686; x_wconf 76' lang='grc' dir='ltr'>ἐλέγετο</span> <span class='ocrx_word' id='word_1_431' title='bbox 3165 2635 3178 2647; x_wconf 91' lang='grc'>·</span> <span class='ocrx_word' id='word_1_432' title='bbox 3217 2637 3236 2668; x_wconf 82' lang='grc' dir='ltr'><strong>ι</strong></span> <span class='ocrx_word' id='word_1_433' title='bbox 3277 2618 3518 2687; x_wconf 84' lang='grc' dir='ltr'>Οὐρανὸς</span> <span class='ocrx_word' id='word_1_434' title='bbox 3578 2617 3676 2673; x_wconf 79' lang='grc' dir='ltr'>καὶ</span> 
     </span>
    </p>
   </div>
   <div class='ocr_carea' id='block_1_58' title="bbox 2084 2707 3680 2782">
    <p class='ocr_par' dir='ltr' id='par_1_58' title="bbox 2084 2707 3680 2782">
     <span class='ocr_line' id='line_1_58' title="bbox 2084 2707 3680 2782; baseline -0.016 1"><span class='ocrx_word' id='word_1_435' title='bbox 2084 2713 2118 2782; x_wconf 73' lang='grc' dir='ltr'>ὴ</span> <span class='ocrx_word' id='word_1_436' title='bbox 2145 2713 2216 2782; x_wconf 80' lang='grc' dir='ltr'>γῆ</span> <span class='ocrx_word' id='word_1_437' title='bbox 2240 2710 2666 2782; x_wconf 83' lang='grc' dir='ltr'>παρελεύσονται</span> <span class='ocrx_word' id='word_1_438' title='bbox 2690 2727 2704 2740; x_wconf 74' lang='grc' dir='ltr'><strong><em>ο</em></strong></span> <span class='ocrx_word' id='word_1_439' title='bbox 2745 2729 2763 2761; x_wconf 71' lang='grc' dir='ltr'><strong>ι</strong></span> <span class='ocrx_word' id='word_1_440' title='bbox 2801 2710 2896 2763; x_wconf 65' lang='grc' dir='ltr'>καὶ</span> <span class='ocrx_word' id='word_1_441' title='bbox 2927 2709 3090 2762; x_wconf 87' lang='grc' dir='ltr'>πάλιν</span> <span class='ocrx_word' id='word_1_442' title='bbox 3109 2726 3122 2740; x_wconf 71' lang='grc' dir='ltr'><strong>ο</strong></span> <span class='ocrx_word' id='word_1_443' title='bbox 3157 2728 3174 2757; x_wconf 81' lang='grc' dir='ltr'>σ</span> <span class='ocrx_word' id='word_1_444' title='bbox 3210 2708 3558 2778; x_wconf 85' lang='grc' dir='ltr'>Είλιγήσεται</span> <span class='ocrx_word' id='word_1_445' title='bbox 3583 2707 3680 2760; x_wconf 77' lang='grc' dir='ltr'>οῦ-</span> 
     </span>
    </p>
   </div>
   <div class='ocr_carea' id='block_1_59' title="bbox 2085 2798 3678 2890">
    <p class='ocr_par' dir='ltr' id='par_1_59' title="bbox 2085 2798 3678 2890">
     <span class='ocr_line' id='line_1_59' title="bbox 2085 2798 3678 2890; baseline -0.004 -33"><span class='ocrx_word' id='word_1_446' title='bbox 2085 2803 2248 2875; x_wconf 84' lang='grc' dir='ltr'>ρανὺς</span> <span class='ocrx_word' id='word_1_447' title='bbox 2270 2803 2346 2866; x_wconf 86' lang='grc' dir='ltr'>ὡς</span> <span class='ocrx_word' id='word_1_448' title='bbox 2373 2801 2594 2872; x_wconf 84' lang='grc' dir='ltr'>βιϐλίον,</span> <span class='ocrx_word' id='word_1_449' title='bbox 2631 2802 2726 2856; x_wconf 77' lang='grc' dir='ltr'><strong>καὶ</strong></span> <span class='ocrx_word' id='word_1_450' title='bbox 2757 2801 2932 2874; x_wconf 83' lang='grc' dir='ltr'>φθορᾷ</span> <span class='ocrx_word' id='word_1_451' title='bbox 2963 2800 3299 2890; x_wconf 70' lang='grc' dir='ltr'>φθαρήσεται</span> <span class='ocrx_word' id='word_1_452' title='bbox 3324 2801 3357 2870; x_wconf 80' lang='grc' dir='ltr'><strong>ἡ</strong></span> <span class='ocrx_word' id='word_1_453' title='bbox 3392 2800 3486 2870; x_wconf 82' lang='grc' dir='ltr'><strong>γῆ.</strong></span> <span class='ocrx_word' id='word_1_454' title='bbox 3513 2819 3532 2850; x_wconf 74' lang='grc' dir='ltr'><strong>ι</strong></span> <span class='ocrx_word' id='word_1_455' title='bbox 3562 2798 3678 2852; x_wconf 86' lang='grc' dir='ltr'>Τοῦ</span> 
     </span>
    </p>
   </div>
   <div class='ocr_carea' id='block_1_60' title="bbox 2081 2890 3678 2965">
    <p class='ocr_par' dir='ltr' id='par_1_60' title="bbox 2081 2890 3678 2965">
     <span class='ocr_line' id='line_1_60' title="bbox 2081 2890 3678 2965; baseline -0.002 -18"><span class='ocrx_word' id='word_1_456' title='bbox 2081 2895 2140 2948; x_wconf 87' lang='grc' dir='ltr'><strong>δέ</strong></span> <span class='ocrx_word' id='word_1_457' title='bbox 2173 2893 2456 2964; x_wconf 76' lang='grc' dir='ltr'>μέλλοντος</span> <span class='ocrx_word' id='word_1_458' title='bbox 2481 2893 2678 2956; x_wconf 83' lang='grc' dir='ltr'>αἰῶνος</span> <span class='ocrx_word' id='word_1_459' title='bbox 2707 2893 2929 2965; x_wconf 84' lang='grc' dir='ltr'>ἀπαρχὴ</span> <span class='ocrx_word' id='word_1_460' title='bbox 2965 2891 3202 2964; x_wconf 84' lang='grc' dir='ltr'>Χριστός</span> <span class='ocrx_word' id='word_1_461' title='bbox 3225 2907 3239 2921; x_wconf 73' lang='grc'><strong>⁸</strong></span> <span class='ocrx_word' id='word_1_462' title='bbox 3272 2890 3464 2944; x_wconf 78' lang='grc' dir='ltr'>ἔπειτα</span> <span class='ocrx_word' id='word_1_463' title='bbox 3493 2892 3542 2944; x_wconf 83' lang='grc' dir='ltr'>οἱ</span> <span class='ocrx_word' id='word_1_464' title='bbox 3575 2890 3678 2944; x_wconf 87' lang='grc' dir='ltr'><strong>τοῦ</strong></span> 
     </span>
    </p>
   </div>
   <div class='ocr_carea' id='block_1_61' title="bbox 2082 2983 3022 3057">
    <p class='ocr_par' dir='ltr' id='par_1_61' title="bbox 2082 2983 3022 3057">
     <span class='ocr_line' id='line_1_61' title="bbox 2082 2983 3022 3057; baseline -0.001 -18"><span class='ocrx_word' id='word_1_465' title='bbox 2082 2985 2318 3057; x_wconf 84' lang='grc' dir='ltr'>Χριστοῦ</span> <span class='ocrx_word' id='word_1_466' title='bbox 2347 2986 2404 3037; x_wconf 87' lang='grc' dir='ltr'><strong>ἐν</strong></span> <span class='ocrx_word' id='word_1_467' title='bbox 2440 2988 2505 3056; x_wconf 80' lang='grc' dir='ltr'><strong>τῇ</strong></span> <span class='ocrx_word' id='word_1_468' title='bbox 2533 2985 2806 3057; x_wconf 83' lang='grc' dir='ltr'>παρουσίᾳ</span> <span class='ocrx_word' id='word_1_469' title='bbox 2833 2983 3022 3038; x_wconf 86' lang='grc' dir='ltr'>αὐτοῦ.</span> 
     </span>
    </p>
   </div>
   <div class='ocr_carea' id='block_1_62' title="bbox 2159 3072 3675 3146">
    <p class='ocr_par' dir='ltr' id='par_1_62' title="bbox 2159 3072 3675 3146">
     <span class='ocr_line' id='line_1_62' title="bbox 2159 3072 3675 3146; baseline -0.003 -18"><span class='ocrx_word' id='word_1_470' title='bbox 2159 3095 2178 3128; x_wconf 73' lang='grc' dir='ltr'>α</span> <span class='ocrx_word' id='word_1_471' title='bbox 2210 3076 2320 3129; x_wconf 61' lang='grc' dir='ltr'><strong>Καὶ</strong></span> <span class='ocrx_word' id='word_1_472' title='bbox 2343 3075 2494 3129; x_wconf 84' lang='grc' dir='ltr'>ἔσται</span> <span class='ocrx_word' id='word_1_473' title='bbox 2520 3075 2626 3146; x_wconf 82' lang='grc' dir='ltr'>μὴν</span> <span class='ocrx_word' id='word_1_474' title='bbox 2663 3077 2725 3128; x_wconf 87' lang='grc' dir='ltr'><strong>ἐκ</strong></span> <span class='ocrx_word' id='word_1_475' title='bbox 2756 3075 2945 3146; x_wconf 86' lang='grc' dir='ltr'>μηνὸς,</span> <span class='ocrx_word' id='word_1_476' title='bbox 2979 3075 3074 3128; x_wconf 74' lang='grc' dir='ltr'><strong>καὶ</strong></span> <span class='ocrx_word' id='word_1_477' title='bbox 3107 3074 3376 3129; x_wconf 89' lang='grc' dir='ltr'>σάϐϐατον</span> <span class='ocrx_word' id='word_1_478' title='bbox 3426 3074 3492 3126; x_wconf 89' lang='grc' dir='ltr'><strong>ἐκ</strong></span> <span class='ocrx_word' id='word_1_479' title='bbox 3540 3072 3675 3126; x_wconf 82' lang='grc' dir='ltr'>σαϐ-</span> 
     </span>
    </p>
   </div>
   <div class='ocr_carea' id='block_1_63' title="bbox 408 3163 1979 3238">
    <p class='ocr_par' dir='ltr' id='par_1_63' title="bbox 408 3174 1978 3238">
     <span class='ocr_line' id='line_1_63' title="bbox 408 3174 1978 3238; baseline 0.001 -3"><span class='ocrx_word' id='word_1_480' title='bbox 408 3174 524 3235; x_wconf 87' lang='lat' dir='ltr'><strong>tum</strong></span> <span class='ocrx_word' id='word_1_481' title='bbox 566 3195 630 3235; x_wconf 76' lang='lat' dir='ltr'><strong>ex</strong></span> <span class='ocrx_word' id='word_1_482' title='bbox 669 3179 916 3238; x_wconf 81' lang='lat' dir='ltr'><strong>sabbato.</strong></span> <span class='ocrx_word' id='word_1_483' title='bbox 950 3179 1143 3235; x_wconf 82' lang='lat' dir='ltr'><strong>Veniet</strong></span> <span class='ocrx_word' id='word_1_484' title='bbox 1173 3181 1350 3236; x_wconf 85' lang='lat' dir='ltr'><strong>omnis</strong></span> <span class='ocrx_word' id='word_1_485' title='bbox 1383 3197 1512 3238; x_wconf 89' lang='lat' dir='ltr'><strong>caro</strong></span> <span class='ocrx_word' id='word_1_486' title='bbox 1544 3183 1613 3237; x_wconf 86' lang='lat' dir='ltr'><strong>ad</strong></span> <span class='ocrx_word' id='word_1_487' title='bbox 1645 3183 1978 3237; x_wconf 83' lang='lat' dir='ltr'><strong>adorandum</strong></span> 
     </span>
    </p>
   </div>
   <div class='ocr_carea' id='block_1_64' title="bbox 2086 3163 3676 3238">
    <p class='ocr_par' dir='ltr' id='par_1_64' title="bbox 2086 3163 3676 3238">
     <span class='ocr_line' id='line_1_64' title="bbox 2086 3163 3676 3238; baseline -0.002 -19"><span class='ocrx_word' id='word_1_488' title='bbox 2086 3167 2267 3221; x_wconf 87' lang='grc' dir='ltr'>ϐάτου.</span> <span class='ocrx_word' id='word_1_489' title='bbox 2296 3166 2453 3230; x_wconf 83' lang='grc' dir='ltr'>Ἥξει</span> <span class='ocrx_word' id='word_1_490' title='bbox 2497 3167 2648 3219; x_wconf 80' lang='grc' dir='ltr'>πᾶσα</span> <span class='ocrx_word' id='word_1_491' title='bbox 2680 3165 2818 3238; x_wconf 80' lang='grc' dir='ltr'>σὰρξ</span> <span class='ocrx_word' id='word_1_492' title='bbox 2869 3164 2964 3219; x_wconf 91' lang='grc' dir='ltr'><strong>τοῦ</strong></span> <span class='ocrx_word' id='word_1_493' title='bbox 3021 3166 3397 3238; x_wconf 83' lang='grc' dir='ltr'>προσκυνῆσαι</span> <span class='ocrx_word' id='word_1_494' title='bbox 3437 3163 3676 3218; x_wconf 85' lang='grc' dir='ltr'>ἐνώπιον</span> 
     </span>
    </p>
   </div>
   <div class='ocr_carea' id='block_1_65' title="bbox 410 3273 1973 3341">
    <p class='ocr_par' dir='ltr' id='par_1_65' title="bbox 410 3273 1973 3341">
     <span class='ocr_line' id='line_1_65' title="bbox 410 3273 1973 3341; baseline 0.001 -14"><span class='ocrx_word' id='word_1_495' title='bbox 410 3273 462 3327; x_wconf 84' lang='lat' dir='ltr'><strong>in</strong></span> <span class='ocrx_word' id='word_1_496' title='bbox 506 3282 801 3341; x_wconf 86' lang='lat' dir='ltr'><strong>conspectu</strong></span> <span class='ocrx_word' id='word_1_497' title='bbox 845 3287 965 3328; x_wconf 87' lang='lat' dir='ltr'><strong>meo</strong></span> <span class='ocrx_word' id='word_1_498' title='bbox 1010 3276 1061 3328; x_wconf 92' lang='lat' dir='ltr'><strong>in</strong></span> <span class='ocrx_word' id='word_1_499' title='bbox 1107 3273 1430 3337; x_wconf 83' lang='lat' dir='ltr'><strong>Jerusalem,</strong></span> <span class='ocrx_word' id='word_1_500' title='bbox 1469 3275 1600 3328; x_wconf 90' lang='lat' dir='ltr'><strong>dicit</strong></span> <span class='ocrx_word' id='word_1_501' title='bbox 1641 3273 1924 3328; x_wconf 86' lang='lat' dir='ltr'><strong>Dominus.</strong></span> <span class='ocrx_word' id='word_1_502' title='bbox 1953 3293 1973 3327; x_wconf 77' lang='grc' dir='ltr'><strong>ι</strong></span> 
     </span>
    </p>
   </div>
   <div class='ocr_carea' id='block_1_66' title="bbox 411 3361 1983 3426">
    <p class='ocr_par' dir='ltr' id='par_1_66' title="bbox 411 3361 1983 3426">
     <span class='ocr_line' id='line_1_66' title="bbox 411 3361 1983 3426; baseline -0.001 -8"><span class='ocrx_word' id='word_1_503' title='bbox 411 3361 706 3418; x_wconf 85' lang='lat' dir='ltr'><strong>Sabbatum</strong></span> <span class='ocrx_word' id='word_1_504' title='bbox 773 3371 954 3416; x_wconf 90' lang='lat' dir='ltr'><strong>autem</strong></span> <span class='ocrx_word' id='word_1_505' title='bbox 1005 3361 1205 3418; x_wconf 87' lang='lat' dir='ltr'><strong>Christi</strong></span> <span class='ocrx_word' id='word_1_506' title='bbox 1257 3361 1596 3426; x_wconf 72' lang='lat' dir='ltr'><strong>intelligendi</strong></span> <span class='ocrx_word' id='word_1_507' title='bbox 1650 3375 1801 3416; x_wconf 91' lang='lat' dir='ltr'><strong>more</strong></span> <span class='ocrx_word' id='word_1_508' title='bbox 1852 3376 1983 3416; x_wconf 88' lang='lat' dir='ltr'><strong>con-</strong></span> 
     </span>
    </p>
   </div>
   <div class='ocr_carea' id='block_1_67' title="bbox 405 3452 1982 3523">
    <p class='ocr_par' dir='ltr' id='par_1_67' title="bbox 405 3452 1982 3523">
     <span class='ocr_line' id='line_1_67' title="bbox 405 3452 1982 3523; baseline 0.001 -17"><span class='ocrx_word' id='word_1_509' title='bbox 405 3463 665 3523; x_wconf 79' lang='lat' dir='ltr'><strong>gruenter</strong></span> <span class='ocrx_word' id='word_1_510' title='bbox 703 3454 942 3523; x_wconf 89' lang='lat' dir='ltr'><strong>accipias</strong></span> <span class='ocrx_word' id='word_1_511' title='bbox 983 3469 1082 3522; x_wconf 91' lang='lat' dir='ltr'><strong>pro</strong></span> <span class='ocrx_word' id='word_1_512' title='bbox 1117 3453 1564 3509; x_wconf 89' lang='lat' dir='ltr'><strong>solemnitatibus</strong></span> <span class='ocrx_word' id='word_1_513' title='bbox 1623 3452 1676 3507; x_wconf 93' lang='lat' dir='ltr'><strong>in</strong></span> <span class='ocrx_word' id='word_1_514' title='bbox 1719 3452 1857 3508; x_wconf 83' lang='lat' dir='ltr'><strong>coelo</strong></span> <span class='ocrx_word' id='word_1_515' title='bbox 1891 3468 1982 3508; x_wconf 90' lang='lat' dir='ltr'><strong>ce-</strong></span> 
     </span>
    </p>
   </div>
   <div class='ocr_carea' id='block_1_68' title="bbox 409 3543 1977 3614">
    <p class='ocr_par' dir='ltr' id='par_1_68' title="bbox 409 3543 1977 3614">
     <span class='ocr_line' id='line_1_68' title="bbox 409 3543 1977 3614; baseline 0.003 -18"><span class='ocrx_word' id='word_1_516' title='bbox 409 3543 652 3608; x_wconf 86' lang='lat' dir='ltr'><strong>lebratis,</strong></span> <span class='ocrx_word' id='word_1_517' title='bbox 700 3553 755 3599; x_wconf 91' lang='lat' dir='ltr'><strong>et</strong></span> <span class='ocrx_word' id='word_1_518' title='bbox 801 3560 898 3614; x_wconf 93' lang='lat' dir='ltr'><strong>pro</strong></span> <span class='ocrx_word' id='word_1_519' title='bbox 938 3546 1080 3600; x_wconf 88' lang='lat' dir='ltr'><strong>veris</strong></span> <span class='ocrx_word' id='word_1_520' title='bbox 1127 3545 1238 3601; x_wconf 90' lang='lat' dir='ltr'><strong>illic</strong></span> <span class='ocrx_word' id='word_1_521' title='bbox 1290 3546 1530 3602; x_wconf 89' lang='lat' dir='ltr'><strong>sabbatis</strong></span> <span class='ocrx_word' id='word_1_522' title='bbox 1576 3544 1630 3600; x_wconf 93' lang='lat' dir='ltr'><strong>in</strong></span> <span class='ocrx_word' id='word_1_523' title='bbox 1679 3545 1977 3611; x_wconf 89' lang='lat' dir='ltr'><strong>mensibus,</strong></span> 
     </span>
    </p>
   </div>
   <div class='ocr_carea' id='block_1_69' title="bbox 407 3636 1977 3708">
    <p class='ocr_par' dir='ltr' id='par_1_69' title="bbox 407 3636 1977 3708">
     <span class='ocr_line' id='line_1_69' title="bbox 407 3636 1977 3708; baseline 0.001 -18"><span class='ocrx_word' id='word_1_524' title='bbox 407 3646 466 3691; x_wconf 92' lang='lat' dir='ltr'><strong>ut</strong></span> <span class='ocrx_word' id='word_1_525' title='bbox 504 3636 577 3691; x_wconf 87' lang='lat' dir='ltr'><strong>ibi</strong></span> <span class='ocrx_word' id='word_1_526' title='bbox 621 3653 718 3692; x_wconf 91' lang='lat' dir='ltr'><strong>usu</strong></span> <span class='ocrx_word' id='word_1_527' title='bbox 749 3638 999 3702; x_wconf 89' lang='lat' dir='ltr'><strong>veniunt,</strong></span> <span class='ocrx_word' id='word_1_528' title='bbox 1039 3639 1400 3693; x_wconf 86' lang='lat' dir='ltr'><strong>celebrandis.</strong></span> <span class='ocrx_word' id='word_1_529' title='bbox 1457 3637 1531 3692; x_wconf 93' lang='lat' dir='ltr'><strong>De</strong></span> <span class='ocrx_word' id='word_1_530' title='bbox 1568 3637 1763 3708; x_wconf 89' lang='lat' dir='ltr'><strong>quibus</strong></span> <span class='ocrx_word' id='word_1_531' title='bbox 1808 3637 1977 3706; x_wconf 90' lang='lat' dir='ltr'><strong>proli-</strong></span> 
     </span>
    </p>
   </div>
   <div class='ocr_carea' id='block_1_70' title="bbox 406 3728 1976 3799">
    <p class='ocr_par' dir='ltr' id='par_1_70' title="bbox 406 3728 1976 3799">
     <span class='ocr_line' id='line_1_70' title="bbox 406 3728 1976 3799; baseline -0.001 -18"><span class='ocrx_word' id='word_1_532' title='bbox 406 3743 508 3783; x_wconf 81' lang='lat' dir='ltr'><strong>xus</strong></span> <span class='ocrx_word' id='word_1_533' title='bbox 551 3737 605 3784; x_wconf 89' lang='lat' dir='ltr'><strong>et</strong></span> <span class='ocrx_word' id='word_1_534' title='bbox 643 3730 912 3799; x_wconf 81' lang='lat' dir='ltr'><strong>explicatn</strong></span> <span class='ocrx_word' id='word_1_535' title='bbox 945 3728 1176 3785; x_wconf 78' lang='lat' dir='ltr'><strong>dilﬁcilis</strong></span> <span class='ocrx_word' id='word_1_536' title='bbox 1214 3745 1394 3784; x_wconf 89' lang='lat' dir='ltr'><strong>sermo</strong></span> <span class='ocrx_word' id='word_1_537' title='bbox 1420 3729 1787 3784; x_wconf 89' lang='lat' dir='ltr'><strong>instituendus</strong></span> <span class='ocrx_word' id='word_1_538' title='bbox 1812 3737 1976 3794; x_wconf 85' lang='lat' dir='ltr'><strong>esset,</strong></span> 
     </span>
    </p>
   </div>
   <div class='ocr_carea' id='block_1_71' title="bbox 405 3819 1974 3893">
    <p class='ocr_par' dir='ltr' id='par_1_71' title="bbox 405 3819 1974 3893">
     <span class='ocr_line' id='line_1_71' title="bbox 405 3819 1974 3893; baseline 0.001 -19"><span class='ocrx_word' id='word_1_539' title='bbox 405 3821 499 3890; x_wconf 86' lang='lat' dir='ltr'><strong>qui</strong></span> <span class='ocrx_word' id='word_1_540' title='bbox 538 3819 700 3891; x_wconf 90' lang='lat' dir='ltr'><strong>longo</strong></span> <span class='ocrx_word' id='word_1_541' title='bbox 737 3823 848 3876; x_wconf 90' lang='lat' dir='ltr'><strong>otio</strong></span> <span class='ocrx_word' id='word_1_542' title='bbox 879 3831 932 3877; x_wconf 92' lang='lat' dir='ltr'><strong>et</strong></span> <span class='ocrx_word' id='word_1_543' title='bbox 963 3822 1184 3892; x_wconf 89' lang='lat' dir='ltr'><strong>proprio</strong></span> <span class='ocrx_word' id='word_1_544' title='bbox 1209 3832 1528 3893; x_wconf 91' lang='lat' dir='ltr'><strong>argumento</strong></span> <span class='ocrx_word' id='word_1_545' title='bbox 1565 3837 1701 3892; x_wconf 88' lang='lat' dir='ltr'><strong>opus</strong></span> <span class='ocrx_word' id='word_1_546' title='bbox 1731 3821 1974 3876; x_wconf 86' lang='lat' dir='ltr'><strong>haberet.</strong></span> 
     </span>
    </p>
   </div>
   <div class='ocr_carea' id='block_1_72' title="bbox 408 3911 1976 3981">
    <p class='ocr_par' dir='ltr' id='par_1_72' title="bbox 408 3911 1976 3981">
     <span class='ocr_line' id='line_1_72' title="bbox 408 3911 1976 3981; baseline -0.002 -14"><span class='ocrx_word' id='word_1_547' title='bbox 408 3911 642 3967; x_wconf 81' lang='lat' dir='ltr'><strong>Carnem</strong></span> <span class='ocrx_word' id='word_1_548' title='bbox 681 3919 862 3965; x_wconf 91' lang='lat' dir='ltr'><strong>autem</strong></span> <span class='ocrx_word' id='word_1_549' title='bbox 900 3926 1114 3966; x_wconf 89' lang='lat' dir='ltr'><strong>omnem</strong></span> <span class='ocrx_word' id='word_1_550' title='bbox 1171 3921 1332 3966; x_wconf 90' lang='lat' dir='ltr'><strong>vocat</strong></span> <span class='ocrx_word' id='word_1_551' title='bbox 1387 3925 1577 3966; x_wconf 89' lang='lat' dir='ltr'><strong>omnes</strong></span> <span class='ocrx_word' id='word_1_552' title='bbox 1626 3921 1850 3981; x_wconf 81' lang='lat' dir='ltr'><strong>gentes;</strong></span> <span class='ocrx_word' id='word_1_553' title='bbox 1903 3911 1976 3964; x_wconf 91' lang='lat' dir='ltr'><strong>ita</strong></span> 
     </span>
    </p>
   </div>
   <div class='ocr_carea' id='block_1_73' title="bbox 405 3999 1976 4070">
    <p class='ocr_par' dir='ltr' id='par_1_73' title="bbox 405 3999 1976 4070">
     <span class='ocr_line' id='line_1_73' title="bbox 405 3999 1976 4070; baseline 0 -14"><span class='ocrx_word' id='word_1_554' title='bbox 405 4001 549 4056; x_wconf 84' lang='lat' dir='ltr'><strong>enim</strong></span> <span class='ocrx_word' id='word_1_555' title='bbox 596 4001 846 4070; x_wconf 88' lang='lat' dir='ltr'><strong>superius</strong></span> <span class='ocrx_word' id='word_1_556' title='bbox 894 4001 1202 4066; x_wconf 87' lang='lat' dir='ltr'><strong>dicebatur,</strong></span> <span class='ocrx_word' id='word_1_557' title='bbox 1247 4020 1266 4054; x_wconf 72' lang='grc' dir='ltr'><strong>ι</strong></span> <span class='ocrx_word' id='word_1_558' title='bbox 1315 3999 1533 4056; x_wconf 79' lang='lat' dir='ltr'><strong>Videbit</strong></span> <span class='ocrx_word' id='word_1_559' title='bbox 1584 4012 1765 4056; x_wconf 91' lang='lat' dir='ltr'><strong>autem</strong></span> <span class='ocrx_word' id='word_1_560' title='bbox 1799 4002 1976 4057; x_wconf 92' lang='lat' dir='ltr'><strong>omnis</strong></span> 
     </span>
    </p>
   </div>
   <div class='ocr_carea' id='block_1_74' title="bbox 405 4090 1974 4162">
    <p class='ocr_par' dir='ltr' id='par_1_74' title="bbox 405 4090 1974 4162">
     <span class='ocr_line' id='line_1_74' title="bbox 405 4090 1974 4162; baseline -0.001 -15"><span class='ocrx_word' id='word_1_561' title='bbox 405 4109 537 4149; x_wconf 77' lang='lat' dir='ltr'><strong>caro</strong></span> <span class='ocrx_word' id='word_1_562' title='bbox 571 4091 819 4148; x_wconf 87' lang='lat' dir='ltr'><strong>Salutare</strong></span> <span class='ocrx_word' id='word_1_563' title='bbox 851 4093 943 4148; x_wconf 92' lang='lat' dir='ltr'><strong>Dei</strong></span> <span class='ocrx_word' id='word_1_564' title='bbox 969 4108 984 4154; x_wconf 86' lang='lat'><strong>;</strong></span> <span class='ocrx_word' id='word_1_565' title='bbox 1015 4102 1065 4146; x_wconf 91' lang='lat' dir='ltr'><strong>et</strong></span> <span class='ocrx_word' id='word_1_566' title='bbox 1098 4091 1260 4158; x_wconf 87' lang='lat' dir='ltr'><strong>alibi,</strong></span> <span class='ocrx_word' id='word_1_567' title='bbox 1301 4110 1319 4143; x_wconf 78' lang='grc' dir='ltr'><strong>ι</strong></span> <span class='ocrx_word' id='word_1_568' title='bbox 1352 4090 1636 4146; x_wconf 78' lang='lat' dir='ltr'><strong>Eﬂundam</strong></span> <span class='ocrx_word' id='word_1_569' title='bbox 1671 4094 1736 4147; x_wconf 91' lang='lat' dir='ltr'><strong>de</strong></span> <span class='ocrx_word' id='word_1_570' title='bbox 1772 4091 1974 4162; x_wconf 88' lang='lat' dir='ltr'><strong>Spiritu</strong></span> 
     </span>
    </p>
   </div>
   <div class='ocr_carea' id='block_1_75' title="bbox 403 4182 1972 4254">
    <p class='ocr_par' dir='ltr' id='par_1_75' title="bbox 403 4182 1972 4254">
     <span class='ocr_line' id='line_1_75' title="bbox 403 4182 1972 4254; baseline -0.001 -16"><span class='ocrx_word' id='word_1_571' title='bbox 403 4197 527 4240; x_wconf 84' lang='lat' dir='ltr'><strong>meo</strong></span> <span class='ocrx_word' id='word_1_572' title='bbox 555 4197 716 4254; x_wconf 84' lang='lat' dir='ltr'><strong>super</strong></span> <span class='ocrx_word' id='word_1_573' title='bbox 747 4197 960 4238; x_wconf 90' lang='lat' dir='ltr'><strong>omnem</strong></span> <span class='ocrx_word' id='word_1_574' title='bbox 989 4197 1230 4246; x_wconf 88' lang='lat' dir='ltr'><strong>carnem,</strong></span> <span class='ocrx_word' id='word_1_575' title='bbox 1282 4192 1336 4238; x_wconf 90' lang='lat' dir='ltr'><strong>et</strong></span> <span class='ocrx_word' id='word_1_576' title='bbox 1364 4183 1770 4253; x_wconf 87' lang='lat' dir='ltr'><strong>prophetabnnt</strong></span> <span class='ocrx_word' id='word_1_577' title='bbox 1798 4185 1848 4237; x_wconf 90' lang='lat' dir='ltr'><strong>in</strong></span> <span class='ocrx_word' id='word_1_578' title='bbox 1881 4182 1972 4238; x_wconf 88' lang='lat' dir='ltr'><strong>Je-</strong></span> 
     </span>
    </p>
   </div>
   <div class='ocr_carea' id='block_1_76' title="bbox 404 4273 1971 4348">
    <p class='ocr_par' dir='ltr' id='par_1_76' title="bbox 404 4273 1971 4348">
     <span class='ocr_line' id='line_1_76' title="bbox 404 4273 1971 4348; baseline -0.001 -17"><span class='ocrx_word' id='word_1_579' title='bbox 404 4276 664 4332; x_wconf 83' lang='lat' dir='ltr'><strong>rusalem.</strong></span> <span class='ocrx_word' id='word_1_580' title='bbox 727 4293 747 4328; x_wconf 75' lang='grc' dir='ltr'><strong>ι</strong></span> <span class='ocrx_word' id='word_1_581' title='bbox 797 4273 1083 4330; x_wconf 74' lang='lat' dir='ltr'><strong>Ctelestem</strong></span> <span class='ocrx_word' id='word_1_582' title='bbox 1149 4274 1351 4329; x_wconf 87' lang='lat' dir='ltr'><strong>indicat</strong></span> <span class='ocrx_word' id='word_1_583' title='bbox 1396 4273 1828 4348; x_wconf 85' lang='lat' dir='ltr'><strong>Jerosolymam,</strong></span> <span class='ocrx_word' id='word_1_584' title='bbox 1879 4277 1971 4332; x_wconf 92' lang='lat' dir='ltr'><strong>ubi</strong></span> 
     </span>
    </p>
   </div>
   <div class='ocr_carea' id='block_1_77' title="bbox 406 4363 1495 4444">
    <p class='ocr_par' dir='ltr' id='par_1_77' title="bbox 406 4363 1495 4444">
     <span class='ocr_line' id='line_1_77' title="bbox 406 4363 1495 4444; baseline -0.002 -22"><span class='ocrx_word' id='word_1_585' title='bbox 406 4364 706 4422; x_wconf 84' lang='lat' dir='ltr'><strong>Salvatoris</strong></span> <span class='ocrx_word' id='word_1_586' title='bbox 744 4363 925 4444; x_wconf 36' lang='lat' dir='ltr'><strong>nostri.</strong></span> <span class='ocrx_word' id='word_1_587' title='bbox 952 4378 1173 4434; x_wconf 81' lang='lat' dir='ltr'><strong>regnum</strong></span> <span class='ocrx_word' id='word_1_588' title='bbox 1213 4366 1495 4420; x_wconf 89' lang='lat' dir='ltr'><strong>consistet.</strong></span> 
     </span>
    </p>
   </div>
   <div class='ocr_carea' id='block_1_78' title="bbox 2081 3255 3677 3332">
    <p class='ocr_par' dir='ltr' id='par_1_78' title="bbox 2081 3255 3677 3332">
     <span class='ocr_line' id='line_1_78' title="bbox 2081 3255 3677 3332; baseline -0.002 -20"><span class='ocrx_word' id='word_1_589' title='bbox 2081 3259 2218 3332; x_wconf 88' lang='grc' dir='ltr'>ἐμοῦ</span> <span class='ocrx_word' id='word_1_590' title='bbox 2252 3261 2310 3313; x_wconf 89' lang='grc' dir='ltr'><strong>ἐν</strong></span> <span class='ocrx_word' id='word_1_591' title='bbox 2347 3258 2715 3330; x_wconf 77' lang='grc' dir='ltr'>Ἰερουσαλὴμ,</span> <span class='ocrx_word' id='word_1_592' title='bbox 2749 3255 2869 3311; x_wconf 79' lang='grc' dir='ltr'>εἷπε</span> <span class='ocrx_word' id='word_1_593' title='bbox 2893 3258 3117 3330; x_wconf 86' lang='grc' dir='ltr'>Κύριος.</span> <span class='ocrx_word' id='word_1_594' title='bbox 3154 3277 3172 3309; x_wconf 73' lang='grc' dir='ltr'><strong>ι</strong></span> <span class='ocrx_word' id='word_1_595' title='bbox 3201 3258 3273 3310; x_wconf 87' lang='grc' dir='ltr'><strong>Τὸ</strong></span> <span class='ocrx_word' id='word_1_596' title='bbox 3315 3257 3372 3310; x_wconf 83' lang='grc' dir='ltr'>δὲ</span> <span class='ocrx_word' id='word_1_597' title='bbox 3399 3257 3677 3322; x_wconf 74' lang='grc' dir='ltr'>σάϐϐατον</span> 
     </span>
    </p>
   </div>
   <div class='ocr_carea' id='block_1_79' title="bbox 2080 3348 3675 3423">
    <p class='ocr_par' dir='ltr' id='par_1_79' title="bbox 2080 3348 3675 3423">
     <span class='ocr_line' id='line_1_79' title="bbox 2080 3348 3675 3423; baseline -0.003 -18"><span class='ocrx_word' id='word_1_598' title='bbox 2080 3349 2316 3423; x_wconf 87' lang='grc' dir='ltr'>Χριστοῦ</span> <span class='ocrx_word' id='word_1_599' title='bbox 2346 3350 2637 3403; x_wconf 86' lang='grc' dir='ltr'>ἀκόλουθόν</span> <span class='ocrx_word' id='word_1_600' title='bbox 2669 3350 2786 3402; x_wconf 87' lang='grc' dir='ltr'>ἐστι</span> <span class='ocrx_word' id='word_1_601' title='bbox 2830 3349 2972 3403; x_wconf 84' lang='grc' dir='ltr'>κατὰ</span> <span class='ocrx_word' id='word_1_602' title='bbox 3021 3349 3258 3402; x_wconf 82' lang='grc' dir='ltr'>διάνοιὰν</span> <span class='ocrx_word' id='word_1_603' title='bbox 3302 3348 3675 3418; x_wconf 85' lang='grc' dir='ltr'>ἐκλαμϐάνειν</span> 
     </span>
    </p>
   </div>
   <div class='ocr_carea' id='block_1_80' title="bbox 2078 3439 3675 3514">
    <p class='ocr_par' dir='ltr' id='par_1_80' title="bbox 2078 3439 3675 3514">
     <span class='ocr_line' id='line_1_80' title="bbox 2078 3439 3675 3514; baseline -0.003 -19"><span class='ocrx_word' id='word_1_604' title='bbox 2078 3441 2178 3506; x_wconf 86' lang='grc' dir='ltr'><strong>τὰς</strong></span> <span class='ocrx_word' id='word_1_605' title='bbox 2211 3444 2268 3496; x_wconf 86' lang='grc' dir='ltr'><strong>ἐν</strong></span> <span class='ocrx_word' id='word_1_606' title='bbox 2299 3440 2515 3514; x_wconf 81' lang='grc' dir='ltr'>οὐρανῷ</span> <span class='ocrx_word' id='word_1_607' title='bbox 2549 3439 2742 3514; x_wconf 85' lang='grc' dir='ltr'>ἐορτάς</span> <span class='ocrx_word' id='word_1_608' title='bbox 2765 3441 2860 3494; x_wconf 75' lang='grc' dir='ltr'>καὶ</span> <span class='ocrx_word' id='word_1_609' title='bbox 2893 3439 2964 3493; x_wconf 82' lang='grc' dir='ltr'><strong>τὰ</strong></span> <span class='ocrx_word' id='word_1_610' title='bbox 3008 3441 3187 3493; x_wconf 85' lang='grc' dir='ltr'>ἐκεῖσε</span> <span class='ocrx_word' id='word_1_611' title='bbox 3246 3439 3489 3494; x_wconf 87' lang='grc' dir='ltr'>σάϐϐατα</span> <span class='ocrx_word' id='word_1_612' title='bbox 3535 3440 3675 3510; x_wconf 77' lang='grc' dir='ltr'>ἀλη-</span> 
     </span>
    </p>
   </div>
   <div class='ocr_carea' id='block_1_81' title="bbox 2083 3525 3675 3605">
    <p class='ocr_par' dir='ltr' id='par_1_81' title="bbox 2083 3525 3675 3605">
     <span class='ocr_line' id='line_1_81' title="bbox 2083 3525 3675 3605; baseline -0.001 -19"><span class='ocrx_word' id='word_1_613' title='bbox 2083 3533 2203 3587; x_wconf 87' lang='grc' dir='ltr'>θινὰ</span> <span class='ocrx_word' id='word_1_614' title='bbox 2236 3535 2328 3586; x_wconf 76' lang='grc' dir='ltr'>ἐπὶ</span> <span class='ocrx_word' id='word_1_615' title='bbox 2359 3535 2484 3596; x_wconf 78' lang='grc' dir='ltr'>τοὺς</span> <span class='ocrx_word' id='word_1_616' title='bbox 2516 3535 2689 3605; x_wconf 82' lang='grc' dir='ltr'>μῆνας</span> <span class='ocrx_word' id='word_1_617' title='bbox 2709 3533 2836 3596; x_wconf 83' lang='grc' dir='ltr'>τοὺς</span> <span class='ocrx_word' id='word_1_618' title='bbox 2863 3534 2997 3586; x_wconf 87' lang='grc' dir='ltr'>ἐκεῖ.</span> <span class='ocrx_word' id='word_1_619' title='bbox 3032 3531 3169 3602; x_wconf 61' lang='grc' dir='ltr'>Περὶ</span> <span class='ocrx_word' id='word_1_620' title='bbox 3212 3525 3287 3584; x_wconf 87' lang='grc' dir='ltr'>ὧν</span> <span class='ocrx_word' id='word_1_621' title='bbox 3323 3530 3491 3594; x_wconf 79' lang='grc' dir='ltr'>πολὺς</span> <span class='ocrx_word' id='word_1_622' title='bbox 3519 3531 3549 3582; x_wconf 91' lang='lat'><strong>6</strong></span> <span class='ocrx_word' id='word_1_623' title='bbox 3583 3530 3675 3584; x_wconf 84' lang='grc' dir='ltr'>λό-</span> 
     </span>
    </p>
   </div>
   <div class='ocr_carea' id='block_1_82' title="bbox 2081 3622 3672 3697">
    <p class='ocr_par' dir='ltr' id='par_1_82' title="bbox 2081 3622 3672 3697">
     <span class='ocr_line' id='line_1_82' title="bbox 2081 3622 3672 3697; baseline -0.001 -21"><span class='ocrx_word' id='word_1_624' title='bbox 2081 3641 2175 3694; x_wconf 84' lang='grc' dir='ltr'><strong>γος</strong></span> <span class='ocrx_word' id='word_1_625' title='bbox 2207 3625 2301 3678; x_wconf 76' lang='grc' dir='ltr'>καὶ</span> <span class='ocrx_word' id='word_1_626' title='bbox 2331 3624 2781 3697; x_wconf 78' lang='grc' dir='ltr'>δυσερμήνευτος,</span> <span class='ocrx_word' id='word_1_627' title='bbox 2806 3623 3000 3694; x_wconf 76' lang='grc' dir='ltr'>σχολῆς</span> <span class='ocrx_word' id='word_1_628' title='bbox 3021 3641 3082 3677; x_wconf 89' lang='grc' dir='ltr'><strong>τε</strong></span> <span class='ocrx_word' id='word_1_629' title='bbox 3115 3624 3329 3694; x_wconf 79' lang='grc' dir='ltr'>μακρᾶς</span> <span class='ocrx_word' id='word_1_630' title='bbox 3344 3623 3440 3676; x_wconf 74' lang='grc' dir='ltr'><strong>καὶ</strong></span> <span class='ocrx_word' id='word_1_631' title='bbox 3463 3622 3672 3686; x_wconf 83' lang='grc' dir='ltr'>οἰκείας</span> 
     </span>
    </p>
   </div>
   <div class='ocr_carea' id='block_1_83' title="bbox 2079 3714 3671 3788">
    <p class='ocr_par' dir='ltr' id='par_1_83' title="bbox 2079 3714 3671 3788">
     <span class='ocr_line' id='line_1_83' title="bbox 2079 3714 3671 3788; baseline -0.001 -19"><span class='ocrx_word' id='word_1_632' title='bbox 2079 3716 2389 3780; x_wconf 84' lang='grc' dir='ltr'>ὑποθέσεως</span> <span class='ocrx_word' id='word_1_633' title='bbox 2413 3717 2683 3788; x_wconf 85' lang='grc' dir='ltr'>δεόμενος.</span> <span class='ocrx_word' id='word_1_634' title='bbox 2716 3716 2904 3787; x_wconf 89' lang='grc' dir='ltr'>Σάρκα</span> <span class='ocrx_word' id='word_1_635' title='bbox 2927 3715 2986 3768; x_wconf 87' lang='grc' dir='ltr'><strong>δέ</strong></span> <span class='ocrx_word' id='word_1_636' title='bbox 3014 3717 3192 3768; x_wconf 80' lang='grc' dir='ltr'>πᾶσαν</span> <span class='ocrx_word' id='word_1_637' title='bbox 3217 3715 3366 3783; x_wconf 87' lang='grc' dir='ltr'>λέγει</span> <span class='ocrx_word' id='word_1_638' title='bbox 3394 3714 3570 3767; x_wconf 88' lang='grc' dir='ltr'>πάντα</span> <span class='ocrx_word' id='word_1_639' title='bbox 3598 3715 3671 3767; x_wconf 89' lang='grc' dir='ltr'><strong>τά</strong></span> 
     </span>
    </p>
   </div>
   <div class='ocr_carea' id='block_1_84' title="bbox 2079 3805 3668 3881">
    <p class='ocr_par' dir='ltr' id='par_1_84' title="bbox 2079 3805 3668 3881">
     <span class='ocr_line' id='line_1_84' title="bbox 2079 3805 3668 3881; baseline -0.001 -19"><span class='ocrx_word' id='word_1_640' title='bbox 2079 3809 2202 3881; x_wconf 80' lang='grc' dir='ltr'>ἔθνη</span> <span class='ocrx_word' id='word_1_641' title='bbox 2237 3807 2424 3862; x_wconf 89' lang='grc' dir='ltr'>τοῦτον</span> <span class='ocrx_word' id='word_1_642' title='bbox 2478 3809 2759 3879; x_wconf 75' lang='grc' dir='ltr'>ὀνομάζων</span> <span class='ocrx_word' id='word_1_643' title='bbox 2799 3807 2892 3862; x_wconf 82' lang='grc' dir='ltr'>τὸν</span> <span class='ocrx_word' id='word_1_644' title='bbox 2935 3807 3166 3878; x_wconf 79' lang='grc' dir='ltr'>τρόπον’</span> <span class='ocrx_word' id='word_1_645' title='bbox 3203 3805 3345 3859; x_wconf 80' lang='grc' dir='ltr'>οὔτω</span> <span class='ocrx_word' id='word_1_646' title='bbox 3375 3805 3508 3874; x_wconf 89' lang='grc' dir='ltr'>γοῦν</span> <span class='ocrx_word' id='word_1_647' title='bbox 3546 3805 3668 3860; x_wconf 76' lang='grc' dir='ltr'>ἐλέ-</span> 
     </span>
    </p>
   </div>
   <div class='ocr_carea' id='block_1_85' title="bbox 2076 3897 3670 3972">
    <p class='ocr_par' dir='ltr' id='par_1_85' title="bbox 2076 3897 3670 3972">
     <span class='ocr_line' id='line_1_85' title="bbox 2076 3897 3670 3972; baseline -0.001 -20"><span class='ocrx_word' id='word_1_648' title='bbox 2076 3917 2204 3968; x_wconf 91' lang='grc' dir='ltr'>γετο</span> <span class='ocrx_word' id='word_1_649' title='bbox 2243 3900 2338 3954; x_wconf 62' lang='grc' dir='ltr'><strong>καὶ¹</strong></span> <span class='ocrx_word' id='word_1_650' title='bbox 2381 3900 2470 3954; x_wconf 85' lang='grc' dir='ltr'>διὰ</span> <span class='ocrx_word' id='word_1_651' title='bbox 2502 3902 2610 3954; x_wconf 84' lang='grc' dir='ltr'>τῶν</span> <span class='ocrx_word' id='word_1_652' title='bbox 2660 3899 2968 3972; x_wconf 76' lang='grc' dir='ltr'>ἔμπροσθεν</span> <span class='ocrx_word' id='word_1_653' title='bbox 2994 3915 3008 3929; x_wconf 88' lang='grc'><strong>·</strong></span> <span class='ocrx_word' id='word_1_654' title='bbox 3048 3918 3086 3950; x_wconf 80' lang='grc'><strong><em>·‹</em></strong></span> <span class='ocrx_word' id='word_1_655' title='bbox 3128 3898 3356 3968; x_wconf 74' lang='grc' dir='ltr'>’Όψεται</span> <span class='ocrx_word' id='word_1_656' title='bbox 3404 3897 3462 3950; x_wconf 84' lang='grc' dir='ltr'><strong>δέ</strong></span> <span class='ocrx_word' id='word_1_657' title='bbox 3514 3899 3670 3950; x_wconf 83' lang='grc' dir='ltr'>πᾶσα</span> 
     </span>
    </p>
   </div>
   <div class='ocr_carea' id='block_1_86' title="bbox 2079 3990 3666 4065">
    <p class='ocr_par' dir='ltr' id='par_1_86' title="bbox 2079 3990 3666 4065">
     <span class='ocr_line' id='line_1_86' title="bbox 2079 3990 3666 4065; baseline -0.002 -19"><span class='ocrx_word' id='word_1_658' title='bbox 2079 3992 2216 4065; x_wconf 80' lang='grc' dir='ltr'>σὰρξ</span> <span class='ocrx_word' id='word_1_659' title='bbox 2259 3993 2321 4046; x_wconf 84' lang='grc' dir='ltr'>τὸ</span> <span class='ocrx_word' id='word_1_660' title='bbox 2355 3994 2630 4065; x_wconf 86' lang='grc' dir='ltr'>Σωτήριον</span> <span class='ocrx_word' id='word_1_661' title='bbox 2659 3993 2751 4047; x_wconf 92' lang='grc' dir='ltr'><strong>τοῦ</strong></span> <span class='ocrx_word' id='word_1_662' title='bbox 2780 3992 2913 4045; x_wconf 87' lang='grc' dir='ltr'>Θεοῦ</span> <span class='ocrx_word' id='word_1_663' title='bbox 2933 4009 2946 4022; x_wconf 83' lang='grc'>⁶</span> <span class='ocrx_word' id='word_1_664' title='bbox 2985 4012 3003 4044; x_wconf 73' lang='grc' dir='ltr'><strong>ι</strong></span> <span class='ocrx_word' id='word_1_665' title='bbox 3037 3993 3130 4045; x_wconf 77' lang='grc' dir='ltr'>καὶ</span> <span class='ocrx_word' id='word_1_666' title='bbox 3160 3990 3393 4061; x_wconf 86' lang='grc' dir='ltr'>ἀλλαχοῦ</span> <span class='ocrx_word' id='word_1_667' title='bbox 3413 4008 3426 4020; x_wconf 92' lang='grc'><strong>·</strong></span> <span class='ocrx_word' id='word_1_668' title='bbox 3470 4009 3490 4041; x_wconf 82' lang='grc' dir='ltr'><strong>ι</strong></span> <span class='ocrx_word' id='word_1_669' title='bbox 3537 3991 3666 4043; x_wconf 84' lang='grc' dir='ltr'><strong>Ἐκ-</strong></span> 
     </span>
    </p>
   </div>
   <div class='ocr_carea' id='block_1_87' title="bbox 2077 4084 3669 4155">
    <p class='ocr_par' dir='ltr' id='par_1_87' title="bbox 2077 4084 3669 4155">
     <span class='ocr_line' id='line_1_87' title="bbox 2077 4084 3669 4155; baseline 0.001 -19"><span class='ocrx_word' id='word_1_670' title='bbox 2077 4085 2186 4155; x_wconf 84' lang='grc' dir='ltr'>χεῶ</span> <span class='ocrx_word' id='word_1_671' title='bbox 2217 4086 2325 4138; x_wconf 79' lang='grc' dir='ltr'>ἀπὸ</span> <span class='ocrx_word' id='word_1_672' title='bbox 2357 4085 2449 4139; x_wconf 91' lang='grc' dir='ltr'><strong>τοῦ</strong></span> <span class='ocrx_word' id='word_1_673' title='bbox 2479 4084 2794 4155; x_wconf 89' lang='grc' dir='ltr'>Πνεύματός</span> <span class='ocrx_word' id='word_1_674' title='bbox 2837 4101 2935 4154; x_wconf 92' lang='grc' dir='ltr'><strong>μου</strong></span> <span class='ocrx_word' id='word_1_675' title='bbox 2964 4084 3057 4136; x_wconf 73' lang='grc' dir='ltr'>ἐπὶ</span> <span class='ocrx_word' id='word_1_676' title='bbox 3103 4086 3283 4141; x_wconf 84' lang='grc' dir='ltr'>πᾶσαν</span> <span class='ocrx_word' id='word_1_677' title='bbox 3321 4084 3520 4155; x_wconf 83' lang='grc' dir='ltr'>σάρκα,</span> <span class='ocrx_word' id='word_1_678' title='bbox 3571 4087 3669 4138; x_wconf 71' lang='grc' dir='ltr'>καὶ</span> 
     </span>
    </p>
   </div>
   <div class='ocr_carea' id='block_1_88' title="bbox 2076 4176 3667 4250">
    <p class='ocr_par' dir='ltr' id='par_1_88' title="bbox 2076 4176 3667 4250">
     <span class='ocr_line' id='line_1_88' title="bbox 2076 4176 3667 4250; baseline 0.001 -21"><span class='ocrx_word' id='word_1_679' title='bbox 2076 4177 2544 4250; x_wconf 79' lang='grc' dir='ltr'>προφητεύσουσιν</span> <span class='ocrx_word' id='word_1_680' title='bbox 2589 4179 2646 4230; x_wconf 86' lang='grc' dir='ltr'><strong>ἐν</strong></span> <span class='ocrx_word' id='word_1_681' title='bbox 2704 4176 3084 4248; x_wconf 81' lang='grc' dir='ltr'>Ἰερουσαλήμ.</span> <span class='ocrx_word' id='word_1_682' title='bbox 3120 4195 3139 4228; x_wconf 76' lang='grc' dir='ltr'><strong>ι</strong></span> <span class='ocrx_word' id='word_1_683' title='bbox 3175 4177 3286 4249; x_wconf 83' lang='grc' dir='ltr'><strong>Τὴν</strong></span> <span class='ocrx_word' id='word_1_684' title='bbox 3339 4176 3667 4247; x_wconf 84' lang='grc' dir='ltr'>ἐπουράνιον</span> 
     </span>
    </p>
   </div>
   <div class='ocr_carea' id='block_1_89' title="bbox 2076 4268 3670 4342">
    <p class='ocr_par' dir='ltr' id='par_1_89' title="bbox 2076 4268 3670 4342">
     <span class='ocr_line' id='line_1_89' title="bbox 2076 4268 3670 4342; baseline -0.002 -18"><span class='ocrx_word' id='word_1_685' title='bbox 2076 4271 2330 4342; x_wconf 79' lang='grc' dir='ltr'>σημαίνει</span> <span class='ocrx_word' id='word_1_686' title='bbox 2369 4270 2744 4342; x_wconf 85' lang='grc' dir='ltr'>Ἰερουσαλὴμ,</span> <span class='ocrx_word' id='word_1_687' title='bbox 2772 4269 2902 4324; x_wconf 75' lang='grc' dir='ltr'>ἔνθα</span> <span class='ocrx_word' id='word_1_688' title='bbox 2925 4271 3307 4341; x_wconf 85' lang='grc' dir='ltr'>συστήσεταιή</span> <span class='ocrx_word' id='word_1_689' title='bbox 3348 4268 3443 4322; x_wconf 88' lang='grc' dir='ltr'><strong>τοῦ</strong></span> <span class='ocrx_word' id='word_1_690' title='bbox 3478 4268 3670 4339; x_wconf 80' lang='grc' dir='ltr'>Σωτῆ-</span> 
     </span>
    </p>
   </div>
   <div class='ocr_carea' id='block_1_90' title="bbox 2077 4363 2639 4434">
    <p class='ocr_par' dir='ltr' id='par_1_90' title="bbox 2077 4363 2639 4434">
     <span class='ocr_line' id='line_1_90' title="bbox 2077 4363 2639 4434; baseline 0.004 -19"><span class='ocrx_word' id='word_1_691' title='bbox 2077 4379 2168 4434; x_wconf 92' lang='grc' dir='ltr'><strong>ρος</strong></span> <span class='ocrx_word' id='word_1_692' title='bbox 2189 4363 2344 4434; x_wconf 86' lang='grc' dir='ltr'>ήμῶν</span> <span class='ocrx_word' id='word_1_693' title='bbox 2373 4363 2639 4434; x_wconf 82' lang='grc' dir='ltr'>βασιλεία.</span> 
     </span>
    </p>
   </div>
   <div class='ocr_carea' id='block_1_91' title="bbox 474 4453 1979 4531">
    <p class='ocr_par' dir='ltr' id='par_1_91' title="bbox 474 4454 1975 4531">
     <span class='ocr_line' id='line_1_91' title="bbox 474 4454 1975 4531; baseline 0.001 -21"><span class='ocrx_word' id='word_1_694' title='bbox 474 4458 642 4512; x_wconf 70' lang='lat' dir='ltr'><strong>Vsus.</strong></span> <span class='ocrx_word' id='word_1_695' title='bbox 677 4456 768 4512; x_wconf 68' lang='grc'><strong>24.</strong></span> <span class='ocrx_word' id='word_1_696' title='bbox 810 4473 830 4508; x_wconf 79' lang='grc' dir='ltr'><strong>ι</strong></span> <span class='ocrx_word' id='word_1_697' title='bbox 877 4454 944 4510; x_wconf 84' lang='grc' dir='ltr'>Ει</span> <span class='ocrx_word' id='word_1_698' title='bbox 974 4455 1202 4511; x_wconf 82' lang='lat' dir='ltr'><strong>exibunt</strong></span> <span class='ocrx_word' id='word_1_699' title='bbox 1231 4464 1286 4511; x_wconf 91' lang='lat' dir='ltr'><strong>et</strong></span> <span class='ocrx_word' id='word_1_700' title='bbox 1323 4456 1577 4510; x_wconf 85' lang='lat' dir='ltr'><strong>videbunt</strong></span> <span class='ocrx_word' id='word_1_701' title='bbox 1613 4457 1849 4531; x_wconf 90' lang='lat' dir='ltr'><strong>membra</strong></span> <span class='ocrx_word' id='word_1_702' title='bbox 1878 4459 1975 4511; x_wconf 82' lang='lat' dir='ltr'><strong>ho-</strong></span> 
     </span>
    </p>
   </div>
   <div class='ocr_carea' id='block_1_92' title="bbox 2086 4453 3665 4531">
    <p class='ocr_par' dir='ltr' id='par_1_92' title="bbox 2148 4453 3665 4523">
     <span class='ocr_line' id='line_1_92' title="bbox 2148 4453 3665 4523; baseline 0 -16"><span class='ocrx_word' id='word_1_703' title='bbox 2148 4475 2168 4507; x_wconf 86' lang='grc'><em>‹</em></span> <span class='ocrx_word' id='word_1_704' title='bbox 2222 4457 2332 4509; x_wconf 72' lang='grc' dir='ltr'><strong>Καὶ</strong></span> <span class='ocrx_word' id='word_1_705' title='bbox 2383 4456 2754 4523; x_wconf 80' lang='grc' dir='ltr'>ἐξελεύσονται</span> <span class='ocrx_word' id='word_1_706' title='bbox 2817 4458 2912 4512; x_wconf 74' lang='grc' dir='ltr'>καὶ</span> <span class='ocrx_word' id='word_1_707' title='bbox 2963 4457 3184 4522; x_wconf 75' lang='grc' dir='ltr'>ὄψονται</span> <span class='ocrx_word' id='word_1_708' title='bbox 3233 4455 3303 4509; x_wconf 81' lang='grc' dir='ltr'><strong>τὰ</strong></span> <span class='ocrx_word' id='word_1_709' title='bbox 3344 4454 3494 4508; x_wconf 85' lang='grc' dir='ltr'>κῶλα</span> <span class='ocrx_word' id='word_1_710' title='bbox 3548 4453 3665 4508; x_wconf 85' lang='grc' dir='ltr'><strong>τῶν</strong></span> 
     </span>
    </p>
   </div>
   <div class='ocr_carea' id='block_1_93' title="bbox 402 4547 1964 4620">
    <p class='ocr_par' dir='ltr' id='par_1_93' title="bbox 402 4547 1964 4620">
     <span class='ocr_line' id='line_1_93' title="bbox 402 4547 1964 4620; baseline -0.001 -15"><span class='ocrx_word' id='word_1_711' title='bbox 402 4551 628 4617; x_wconf 86' lang='lat' dir='ltr'><strong>minum,</strong></span> <span class='ocrx_word' id='word_1_712' title='bbox 664 4550 755 4620; x_wconf 90' lang='lat' dir='ltr'><strong>qui</strong></span> <span class='ocrx_word' id='word_1_713' title='bbox 790 4549 1130 4619; x_wconf 75' lang='lat' dir='ltr'><strong>praevaricati</strong></span> <span class='ocrx_word' id='word_1_714' title='bbox 1177 4559 1303 4603; x_wconf 90' lang='lat' dir='ltr'><strong>sunt</strong></span> <span class='ocrx_word' id='word_1_715' title='bbox 1343 4549 1398 4603; x_wconf 91' lang='lat' dir='ltr'><strong>in</strong></span> <span class='ocrx_word' id='word_1_716' title='bbox 1434 4563 1541 4603; x_wconf 90' lang='lat' dir='ltr'><strong>me.</strong></span> <span class='ocrx_word' id='word_1_717' title='bbox 1571 4547 1782 4603; x_wconf 79' lang='lat' dir='ltr'><strong>Vermis</strong></span> <span class='ocrx_word' id='word_1_718' title='bbox 1819 4550 1964 4604; x_wconf 92' lang='lat' dir='ltr'><strong>enim</strong></span> 
     </span>
    </p>
   </div>
   <div class='ocr_carea' id='block_1_94' title="bbox 399 4626 1968 4711">
    <p class='ocr_par' dir='ltr' id='par_1_94' title="bbox 399 4626 1968 4711">
     <span class='ocr_line' id='line_1_94' title="bbox 399 4626 1968 4711; baseline -0.002 -14"><span class='ocrx_word' id='word_1_719' title='bbox 399 4657 587 4698; x_wconf 86' lang='lat' dir='ltr'><strong>eorum</strong></span> <span class='ocrx_word' id='word_1_720' title='bbox 615 4656 722 4695; x_wconf 85' lang='lat' dir='ltr'><strong>non</strong></span> <span class='ocrx_word' id='word_1_721' title='bbox 753 4634 1034 4708; x_wconf 84' lang='lat' dir='ltr'><strong>morietur,</strong></span> <span class='ocrx_word' id='word_1_722' title='bbox 1063 4649 1117 4695; x_wconf 91' lang='lat' dir='ltr'><strong>et</strong></span> <span class='ocrx_word' id='word_1_723' title='bbox 1143 4640 1283 4710; x_wconf 81' lang='lat' dir='ltr'><strong>ignis</strong></span> <span class='ocrx_word' id='word_1_724' title='bbox 1308 4653 1493 4694; x_wconf 90' lang='lat' dir='ltr'><strong>eorum</strong></span> <span class='ocrx_word' id='word_1_725' title='bbox 1522 4626 1628 4694; x_wconf 81' lang='lat' dir='ltr'><strong>non</strong></span> <span class='ocrx_word' id='word_1_726' title='bbox 1657 4641 1968 4711; x_wconf 78' lang='lat' dir='ltr'><strong>ex5tingue-</strong></span> 
     </span>
    </p>
   </div>
   <div class='ocr_carea' id='block_1_95' title="bbox 400 4731 1956 4802">
    <p class='ocr_par' dir='ltr' id='par_1_95' title="bbox 400 4731 1956 4802">
     <span class='ocr_line' id='line_1_95' title="bbox 400 4731 1956 4802; baseline -0.001 -14"><span class='ocrx_word' id='word_1_727' title='bbox 400 4743 513 4798; x_wconf 86' lang='lat' dir='ltr'><strong>tur,</strong></span> <span class='ocrx_word' id='word_1_728' title='bbox 550 4741 606 4788; x_wconf 90' lang='lat' dir='ltr'><strong>et</strong></span> <span class='ocrx_word' id='word_1_729' title='bbox 637 4743 800 4788; x_wconf 87' lang='lat' dir='ltr'><strong>erunt</strong></span> <span class='ocrx_word' id='word_1_730' title='bbox 828 4733 880 4787; x_wconf 93' lang='lat' dir='ltr'><strong>in</strong></span> <span class='ocrx_word' id='word_1_731' title='bbox 905 4741 1254 4802; x_wconf 90' lang='lat' dir='ltr'><strong>conspectum</strong></span> <span class='ocrx_word' id='word_1_732' title='bbox 1289 4733 1436 4785; x_wconf 92' lang='lat' dir='ltr'><strong>omni</strong></span> <span class='ocrx_word' id='word_1_733' title='bbox 1465 4732 1638 4786; x_wconf 86' lang='lat' dir='ltr'><strong>carni.</strong></span> <span class='ocrx_word' id='word_1_734' title='bbox 1673 4754 1692 4785; x_wconf 77' lang='grc' dir='ltr'><strong>ι</strong></span> <span class='ocrx_word' id='word_1_735' title='bbox 1725 4731 1956 4798; x_wconf 84' lang='lat' dir='ltr'><strong>Quinam</strong></span> 
     </span>
    </p>
   </div>
   <div class='ocr_carea' id='block_1_96' title="bbox 399 4820 1965 4892">
    <p class='ocr_par' dir='ltr' id='par_1_96' title="bbox 399 4820 1965 4892">
     <span class='ocr_line' id='line_1_96' title="bbox 399 4820 1965 4892; baseline -0.002 -12"><span class='ocrx_word' id='word_1_736' title='bbox 399 4823 456 4880; x_wconf 72' lang='lat' dir='ltr'><strong>lli</strong></span> <span class='ocrx_word' id='word_1_737' title='bbox 485 4831 667 4879; x_wconf 82' lang='lat' dir='ltr'><strong>essent</strong></span> <span class='ocrx_word' id='word_1_738' title='bbox 693 4823 849 4877; x_wconf 90' lang='lat' dir='ltr'><strong>initio</strong></span> <span class='ocrx_word' id='word_1_739' title='bbox 878 4822 1176 4892; x_wconf 66' lang='lat' dir='ltr'><strong>prophetia:</strong></span> <span class='ocrx_word' id='word_1_740' title='bbox 1197 4822 1334 4875; x_wconf 82' lang='lat' dir='ltr'><strong>dixit</strong></span> <span class='ocrx_word' id='word_1_741' title='bbox 1368 4821 1452 4876; x_wconf 91' lang='lat' dir='ltr'><strong>bis</strong></span> <span class='ocrx_word' id='word_1_742' title='bbox 1481 4821 1697 4876; x_wconf 81' lang='lat' dir='ltr'><strong>verbis:</strong></span> <span class='ocrx_word' id='word_1_743' title='bbox 1738 4840 1756 4872; x_wconf 77' lang='grc' dir='ltr'><strong>ι</strong></span> <span class='ocrx_word' id='word_1_744' title='bbox 1799 4820 1965 4877; x_wconf 78' lang='lat' dir='ltr'><strong>Filios</strong></span> 
     </span>
    </p>
   </div>
   <div class='ocr_carea' id='block_1_97' title="bbox 398 4916 1959 4989">
    <p class='ocr_par' dir='ltr' id='par_1_97' title="bbox 398 4916 1959 4989">
     <span class='ocr_line' id='line_1_97' title="bbox 398 4916 1959 4989; baseline -0.004 -16"><span class='ocrx_word' id='word_1_745' title='bbox 398 4919 595 4989; x_wconf 83' lang='lat' dir='ltr'><strong>genui,</strong></span> <span class='ocrx_word' id='word_1_746' title='bbox 640 4925 696 4972; x_wconf 90' lang='lat' dir='ltr'><strong>et</strong></span> <span class='ocrx_word' id='word_1_747' title='bbox 741 4917 1019 4972; x_wconf 76' lang='lat' dir='ltr'><strong>exaltavi:</strong></span> <span class='ocrx_word' id='word_1_748' title='bbox 1055 4916 1156 4982; x_wconf 84' lang='lat' dir='ltr'><strong>ipsi</strong></span> <span class='ocrx_word' id='word_1_749' title='bbox 1204 4925 1385 4970; x_wconf 90' lang='lat' dir='ltr'><strong>autem</strong></span> <span class='ocrx_word' id='word_1_750' title='bbox 1429 4924 1751 4985; x_wconf 85' lang='lat' dir='ltr'><strong>spreverunt</strong></span> <span class='ocrx_word' id='word_1_751' title='bbox 1798 4929 1902 4969; x_wconf 90' lang='lat' dir='ltr'><strong>me.</strong></span> <span class='ocrx_word' id='word_1_752' title='bbox 1941 4934 1959 4966; x_wconf 68' lang='grc' dir='ltr'><strong>ι</strong></span> 
     </span>
    </p>
   </div>
   <div class='ocr_carea' id='block_1_98' title="bbox 398 5004 1956 5077">
    <p class='ocr_par' dir='ltr' id='par_1_98' title="bbox 398 5004 1956 5077">
     <span class='ocr_line' id='line_1_98' title="bbox 398 5004 1956 5077; baseline -0.003 -13"><span class='ocrx_word' id='word_1_753' title='bbox 398 5009 496 5064; x_wconf 85' lang='lat' dir='ltr'><strong>llis</strong></span> <span class='ocrx_word' id='word_1_754' title='bbox 521 5021 650 5077; x_wconf 87' lang='lat' dir='ltr'><strong>ergo</strong></span> <span class='ocrx_word' id='word_1_755' title='bbox 689 5007 996 5063; x_wconf 82' lang='lat' dir='ltr'><strong>subindicat</strong></span> <span class='ocrx_word' id='word_1_756' title='bbox 1028 5006 1147 5060; x_wconf 90' lang='lat' dir='ltr'><strong>illos</strong></span> <span class='ocrx_word' id='word_1_757' title='bbox 1186 5020 1252 5060; x_wconf 80' lang='lat' dir='ltr'><strong>ex</strong></span> <span class='ocrx_word' id='word_1_758' title='bbox 1279 5004 1499 5071; x_wconf 61' lang='lat' dir='ltr'><strong>Judwis,</strong></span> <span class='ocrx_word' id='word_1_759' title='bbox 1532 5006 1622 5075; x_wconf 92' lang='lat' dir='ltr'><strong>qui</strong></span> <span class='ocrx_word' id='word_1_760' title='bbox 1659 5005 1956 5060; x_wconf 83' lang='lat' dir='ltr'><strong>salutarem</strong></span> 
     </span>
    </p>
   </div>
   <div class='ocr_carea' id='block_1_99' title="bbox 395 5096 1965 5170">
    <p class='ocr_par' dir='ltr' id='par_1_99' title="bbox 395 5096 1965 5170">
     <span class='ocr_line' id='line_1_99' title="bbox 395 5096 1965 5170; baseline -0.001 -18"><span class='ocrx_word' id='word_1_761' title='bbox 395 5100 628 5170; x_wconf 84' lang='lat' dir='ltr'><strong>gratiam</strong></span> <span class='ocrx_word' id='word_1_762' title='bbox 670 5097 1046 5167; x_wconf 85' lang='lat' dir='ltr'><strong>repudiarunt.</strong></span> <span class='ocrx_word' id='word_1_763' title='bbox 1087 5096 1240 5151; x_wconf 91' lang='lat' dir='ltr'><strong>llunc</strong></span> <span class='ocrx_word' id='word_1_764' title='bbox 1291 5097 1581 5167; x_wconf 88' lang='lat' dir='ltr'><strong>impiorum</strong></span> <span class='ocrx_word' id='word_1_765' title='bbox 1632 5111 1755 5152; x_wconf 87' lang='lat' dir='ltr'><strong>esse</strong></span> <span class='ocrx_word' id='word_1_766' title='bbox 1806 5098 1965 5152; x_wconf 88' lang='lat' dir='ltr'><strong>linem</strong></span> 
     </span>
    </p>
   </div>
   <div class='ocr_carea' id='block_1_100' title="bbox 395 5189 1969 5261">
    <p class='ocr_par' dir='ltr' id='par_1_100' title="bbox 395 5189 1969 5261">
     <span class='ocr_line' id='line_1_100' title="bbox 395 5189 1969 5261; baseline -0.001 -16"><span class='ocrx_word' id='word_1_767' title='bbox 395 5191 584 5247; x_wconf 84' lang='lat' dir='ltr'><strong>deﬁnit</strong></span> <span class='ocrx_word' id='word_1_768' title='bbox 615 5189 863 5246; x_wconf 83' lang='lat' dir='ltr'><strong>Salvator</strong></span> <span class='ocrx_word' id='word_1_769' title='bbox 898 5199 1081 5244; x_wconf 88' lang='lat' dir='ltr'><strong>noster</strong></span> <span class='ocrx_word' id='word_1_770' title='bbox 1128 5191 1180 5245; x_wconf 92' lang='lat' dir='ltr'><strong>in</strong></span> <span class='ocrx_word' id='word_1_771' title='bbox 1224 5190 1549 5261; x_wconf 85' lang='lat' dir='ltr'><strong>Evangeliis,</strong></span> <span class='ocrx_word' id='word_1_772' title='bbox 1581 5204 1678 5244; x_wconf 91' lang='lat' dir='ltr'><strong>eos</strong></span> <span class='ocrx_word' id='word_1_773' title='bbox 1714 5190 1804 5260; x_wconf 93' lang='lat' dir='ltr'><strong>qui</strong></span> <span class='ocrx_word' id='word_1_774' title='bbox 1835 5205 1864 5242; x_wconf 87' lang='lat' dir='ltr'><strong>a</strong></span> <span class='ocrx_word' id='word_1_775' title='bbox 1894 5190 1969 5244; x_wconf 91' lang='lat' dir='ltr'><strong>si-</strong></span> 
     </span>
    </p>
   </div>
   <div class='ocr_carea' id='block_1_101' title="bbox 395 5281 1961 5354">
    <p class='ocr_par' dir='ltr' id='par_1_101' title="bbox 395 5281 1961 5354">
     <span class='ocr_line' id='line_1_101' title="bbox 395 5281 1961 5354; baseline -0.003 -16"><span class='ocrx_word' id='word_1_776' title='bbox 395 5285 581 5340; x_wconf 84' lang='lat' dir='ltr'><strong>nistris</strong></span> <span class='ocrx_word' id='word_1_777' title='bbox 611 5282 729 5354; x_wconf 81' lang='lat' dir='ltr'><strong>ejus</strong></span> <span class='ocrx_word' id='word_1_778' title='bbox 777 5283 1002 5338; x_wconf 87' lang='lat' dir='ltr'><strong>stabunt</strong></span> <span class='ocrx_word' id='word_1_779' title='bbox 1049 5284 1128 5336; x_wconf 92' lang='lat' dir='ltr'><strong>sic</strong></span> <span class='ocrx_word' id='word_1_780' title='bbox 1175 5282 1493 5351; x_wconf 85' lang='lat' dir='ltr'><strong>alloquens:</strong></span> <span class='ocrx_word' id='word_1_781' title='bbox 1528 5301 1546 5333; x_wconf 80' lang='grc' dir='ltr'><strong>ι</strong></span> <span class='ocrx_word' id='word_1_782' title='bbox 1594 5281 1866 5336; x_wconf 87' lang='lat' dir='ltr'><strong>Discedite</strong></span> <span class='ocrx_word' id='word_1_783' title='bbox 1908 5282 1961 5335; x_wconf 94' lang='lat' dir='ltr'><strong>in</strong></span> 
     </span>
    </p>
   </div>
   <div class='ocr_carea' id='block_1_102' title="bbox 392 5373 1956 5448">
    <p class='ocr_par' dir='ltr' id='par_1_102' title="bbox 392 5373 1956 5448">
     <span class='ocr_line' id='line_1_102' title="bbox 392 5373 1956 5448; baseline -0.003 -18"><span class='ocrx_word' id='word_1_784' title='bbox 392 5376 570 5447; x_wconf 80' lang='lat' dir='ltr'><strong>ignem</strong></span> <span class='ocrx_word' id='word_1_785' title='bbox 595 5387 885 5443; x_wconf 64' lang='lat' dir='ltr'><strong>aeternum,</strong></span> <span class='ocrx_word' id='word_1_786' title='bbox 904 5388 1149 5448; x_wconf 87' lang='lat' dir='ltr'><strong>paratqu</strong></span> <span class='ocrx_word' id='word_1_787' title='bbox 1174 5375 1390 5430; x_wconf 89' lang='lat' dir='ltr'><strong>diabolo</strong></span> <span class='ocrx_word' id='word_1_788' title='bbox 1407 5375 1676 5445; x_wconf 79' lang='lat' dir='ltr'><strong>etangelis</strong></span> <span class='ocrx_word' id='word_1_789' title='bbox 1700 5374 1819 5444; x_wconf 86' lang='lat' dir='ltr'><strong>ejus</strong></span> <span class='ocrx_word' id='word_1_790' title='bbox 1837 5373 1902 5428; x_wconf 81' lang='grc'><strong>³⁸.</strong></span> <span class='ocrx_word' id='word_1_791' title='bbox 1937 5392 1956 5426; x_wconf 76' lang='grc' dir='ltr'><strong>ι</strong></span> 
     </span>
    </p>
   </div>
   <div class='ocr_carea' id='block_1_103' title="bbox 393 5465 1962 5538">
    <p class='ocr_par' dir='ltr' id='par_1_103' title="bbox 393 5465 1962 5538">
     <span class='ocr_line' id='line_1_103' title="bbox 393 5465 1962 5538; baseline 0.001 -19"><span class='ocrx_word' id='word_1_792' title='bbox 393 5467 860 5532; x_wconf 70' lang='lat' dir='ltr'><strong>Quemadmodum</strong></span> <span class='ocrx_word' id='word_1_793' title='bbox 890 5467 1056 5538; x_wconf 87' lang='lat' dir='ltr'><strong>igitur</strong></span> <span class='ocrx_word' id='word_1_794' title='bbox 1087 5467 1161 5523; x_wconf 90' lang='lat' dir='ltr'><strong>ibi</strong></span> <span class='ocrx_word' id='word_1_795' title='bbox 1193 5476 1430 5521; x_wconf 66' lang='lat' dir='ltr'><strong>aeternus</strong></span> <span class='ocrx_word' id='word_1_796' title='bbox 1460 5467 1662 5521; x_wconf 87' lang='lat' dir='ltr'><strong>dicitur</strong></span> <span class='ocrx_word' id='word_1_797' title='bbox 1690 5465 1848 5536; x_wconf 91' lang='lat' dir='ltr'><strong>ignis,</strong></span> <span class='ocrx_word' id='word_1_798' title='bbox 1881 5467 1962 5522; x_wconf 88' lang='lat' dir='ltr'><strong>sic</strong></span> 
     </span>
    </p>
   </div>
   <div class='ocr_carea' id='block_1_104' title="bbox 393 5557 1961 5632">
    <p class='ocr_par' dir='ltr' id='par_1_104' title="bbox 393 5557 1961 5632">
     <span class='ocr_line' id='line_1_104' title="bbox 393 5557 1961 5632; baseline 0.003 -22"><span class='ocrx_word' id='word_1_799' title='bbox 393 5566 446 5611; x_wconf 87' lang='lat' dir='ltr'><strong>et</strong></span> <span class='ocrx_word' id='word_1_800' title='bbox 473 5558 574 5614; x_wconf 87' lang='lat' dir='ltr'><strong>hoc</strong></span> <span class='ocrx_word' id='word_1_801' title='bbox 600 5559 720 5615; x_wconf 91' lang='lat' dir='ltr'><strong>loco</strong></span> <span class='ocrx_word' id='word_1_802' title='bbox 755 5578 775 5612; x_wconf 78' lang='grc' dir='ltr'><strong>ι</strong></span> <span class='ocrx_word' id='word_1_803' title='bbox 800 5559 1259 5632; x_wconf 80' lang='lat' dir='ltr'><strong>inexstinguibilis</strong></span> <span class='ocrx_word' id='word_1_804' title='bbox 1283 5559 1501 5624; x_wconf 90' lang='lat' dir='ltr'><strong>dicitur,</strong></span> <span class='ocrx_word' id='word_1_805' title='bbox 1530 5572 1635 5614; x_wconf 87' lang='lat' dir='ltr'><strong>una</strong></span> <span class='ocrx_word' id='word_1_806' title='bbox 1666 5557 1961 5627; x_wconf 83' lang='lat' dir='ltr'><strong>eademque</strong></span> 
     </span>
    </p>
   </div>
   <div class='ocr_carea' id='block_1_105' title="bbox 459 5733 985 5802">
    <p class='ocr_par' dir='ltr' id='par_1_105' title="bbox 459 5733 985 5802">
     <span class='ocr_line' id='line_1_105' title="bbox 459 5733 985 5802; baseline 0.006 -11"><span class='ocrx_word' id='word_1_807' title='bbox 459 5737 504 5772; x_wconf 89' lang='grc'><strong><em>³⁸</em></strong></span> <span class='ocrx_word' id='word_1_808' title='bbox 524 5733 711 5793; x_wconf 67' lang='lat' dir='ltr'><strong>Matth.</strong></span> <span class='ocrx_word' id='word_1_809' title='bbox 743 5752 870 5802; x_wconf 74' lang='lat' dir='ltr'><strong>xxv,</strong></span> <span class='ocrx_word' id='word_1_810' title='bbox 897 5738 985 5795; x_wconf 73' lang='lat' dir='ltr'><strong>ll.</strong></span> 
     </span>
    </p>
   </div>
   <div class='ocr_carea' id='block_1_106' title="bbox 2077 4546 3666 4622">
    <p class='ocr_par' dir='ltr' id='par_1_106' title="bbox 2077 4546 3666 4622">
     <span class='ocr_line' id='line_1_106' title="bbox 2077 4546 3666 4622; baseline -0.001 -20"><span class='ocrx_word' id='word_1_811' title='bbox 2077 4546 2380 4620; x_wconf 84' lang='grc' dir='ltr'>ἀνθρώπων</span> <span class='ocrx_word' id='word_1_812' title='bbox 2430 4547 2538 4602; x_wconf 82' lang='grc' dir='ltr'><strong>τῶν</strong></span> <span class='ocrx_word' id='word_1_813' title='bbox 2600 4550 3064 4622; x_wconf 87' lang='grc' dir='ltr'>παραϐεϐηκότων</span> <span class='ocrx_word' id='word_1_814' title='bbox 3119 4550 3177 4601; x_wconf 88' lang='grc' dir='ltr'><strong>ἐν</strong></span> <span class='ocrx_word' id='word_1_815' title='bbox 3250 4546 3392 4617; x_wconf 85' lang='grc' dir='ltr'>ἐμοί.</span> <span class='ocrx_word' id='word_1_816' title='bbox 3436 4547 3496 4600; x_wconf 84' lang='grc' dir='ltr'><strong>ὐ</strong></span> <span class='ocrx_word' id='word_1_817' title='bbox 3551 4547 3666 4619; x_wconf 75' lang='grc' dir='ltr'>γὰρ</span> 
     </span>
    </p>
   </div>
   <div class='ocr_carea' id='block_1_107' title="bbox 2077 4637 3662 4713">
    <p class='ocr_par' dir='ltr' id='par_1_107' title="bbox 2077 4637 3662 4713">
     <span class='ocr_line' id='line_1_107' title="bbox 2077 4637 3662 4713; baseline -0.002 -21"><span class='ocrx_word' id='word_1_818' title='bbox 2077 4638 2291 4710; x_wconf 82' lang='grc' dir='ltr'>σκώληξ</span> <span class='ocrx_word' id='word_1_819' title='bbox 2320 4639 2498 4693; x_wconf 80' lang='grc' dir='ltr'>αὐτῶν</span> <span class='ocrx_word' id='word_1_820' title='bbox 2528 4639 2588 4693; x_wconf 86' lang='grc' dir='ltr'>οὐ</span> <span class='ocrx_word' id='word_1_821' title='bbox 2614 4641 2946 4713; x_wconf 81' lang='grc' dir='ltr'>τελευτήσει,</span> <span class='ocrx_word' id='word_1_822' title='bbox 2975 4641 3066 4693; x_wconf 69' lang='grc' dir='ltr'>καὶ</span> <span class='ocrx_word' id='word_1_823' title='bbox 3110 4639 3172 4692; x_wconf 85' lang='grc' dir='ltr'>τὸ</span> <span class='ocrx_word' id='word_1_824' title='bbox 3221 4638 3331 4710; x_wconf 90' lang='grc' dir='ltr'><strong>πῦρ</strong></span> <span class='ocrx_word' id='word_1_825' title='bbox 3373 4637 3554 4692; x_wconf 79' lang='grc' dir='ltr'>αὐτῶν</span> <span class='ocrx_word' id='word_1_826' title='bbox 3595 4638 3662 4690; x_wconf 80' lang='grc' dir='ltr'>οὐ</span> 
     </span>
    </p>
   </div>
   <div class='ocr_carea' id='block_1_108' title="bbox 2077 4729 3658 4802">
    <p class='ocr_par' dir='ltr' id='par_1_108' title="bbox 2077 4729 3658 4802">
     <span class='ocr_line' id='line_1_108' title="bbox 2077 4729 3658 4802; baseline -0.003 -19"><span class='ocrx_word' id='word_1_827' title='bbox 2077 4730 2454 4802; x_wconf 80' lang='grc' dir='ltr'>σϐεσθήσεται,</span> <span class='ocrx_word' id='word_1_828' title='bbox 2486 4733 2581 4785; x_wconf 78' lang='grc' dir='ltr'>καὶ</span> <span class='ocrx_word' id='word_1_829' title='bbox 2629 4732 2843 4785; x_wconf 78' lang='grc' dir='ltr'>ἔσονται</span> <span class='ocrx_word' id='word_1_830' title='bbox 2887 4733 2968 4795; x_wconf 88' lang='grc' dir='ltr'><strong>είς</strong></span> <span class='ocrx_word' id='word_1_831' title='bbox 3007 4733 3198 4802; x_wconf 85' lang='grc' dir='ltr'>ὅρασιν</span> <span class='ocrx_word' id='word_1_832' title='bbox 3224 4729 3376 4802; x_wconf 81' lang='grc' dir='ltr'>πάσῃ</span> <span class='ocrx_word' id='word_1_833' title='bbox 3404 4729 3590 4798; x_wconf 84' lang='grc' dir='ltr'>σαρκί.</span> <span class='ocrx_word' id='word_1_834' title='bbox 3637 4747 3658 4778; x_wconf 76' lang='grc' dir='ltr'><strong>ι</strong></span> 
     </span>
    </p>
   </div>
   <div class='ocr_carea' id='block_1_109' title="bbox 2074 4811 3660 4890">
    <p class='ocr_par' dir='ltr' id='par_1_109' title="bbox 2074 4811 3660 4890">
     <span class='ocr_line' id='line_1_109' title="bbox 2074 4811 3660 4890; baseline 0.001 -21"><span class='ocrx_word' id='word_1_835' title='bbox 2074 4817 2230 4880; x_wconf 88' lang='grc' dir='ltr'>Τίνες</span> <span class='ocrx_word' id='word_1_836' title='bbox 2251 4817 2308 4869; x_wconf 84' lang='grc' dir='ltr'><strong>δέ</strong></span> <span class='ocrx_word' id='word_1_837' title='bbox 2332 4813 2474 4890; x_wconf 79' lang='grc' dir='ltr'>ἦσαν</span> <span class='ocrx_word' id='word_1_838' title='bbox 2505 4811 2670 4884; x_wconf 75' lang='grc' dir='ltr'>οὗτοι,</span> <span class='ocrx_word' id='word_1_839' title='bbox 2697 4821 2754 4871; x_wconf 86' lang='grc' dir='ltr'><strong>ἐν</strong></span> <span class='ocrx_word' id='word_1_840' title='bbox 2778 4821 2919 4890; x_wconf 85' lang='grc' dir='ltr'>ἀρχῇ</span> <span class='ocrx_word' id='word_1_841' title='bbox 2957 4816 3058 4889; x_wconf 82' lang='grc' dir='ltr'>τῆς</span> <span class='ocrx_word' id='word_1_842' title='bbox 3093 4818 3429 4890; x_wconf 76' lang='grc' dir='ltr'>προφητείας</span> <span class='ocrx_word' id='word_1_843' title='bbox 3467 4817 3660 4888; x_wconf 76' lang='grc' dir='ltr'>ἐδήλου</span> 
     </span>
    </p>
   </div>
   <div class='ocr_carea' id='block_1_110' title="bbox 2071 4912 3662 4985">
    <p class='ocr_par' dir='ltr' id='par_1_110' title="bbox 2071 4912 3662 4985">
     <span class='ocr_line' id='line_1_110' title="bbox 2071 4912 3662 4985; baseline -0.001 -20"><span class='ocrx_word' id='word_1_844' title='bbox 2071 4913 2244 4982; x_wconf 89' lang='grc' dir='ltr'>λέγων</span> <span class='ocrx_word' id='word_1_845' title='bbox 2268 4929 2280 4943; x_wconf 89' lang='grc'><strong>·</strong></span> <span class='ocrx_word' id='word_1_846' title='bbox 2318 4933 2336 4965; x_wconf 80' lang='grc' dir='ltr'><strong>ι</strong></span> <span class='ocrx_word' id='word_1_847' title='bbox 2371 4913 2531 4977; x_wconf 83' lang='grc' dir='ltr'>Υίοὺς</span> <span class='ocrx_word' id='word_1_848' title='bbox 2572 4914 2855 4985; x_wconf 79' lang='grc' dir='ltr'>ἐγέννησα,</span> <span class='ocrx_word' id='word_1_849' title='bbox 2899 4915 2993 4967; x_wconf 73' lang='grc' dir='ltr'>καὶ</span> <span class='ocrx_word' id='word_1_850' title='bbox 3034 4913 3257 4984; x_wconf 74' lang='grc' dir='ltr'>ὖψωσα·</span> <span class='ocrx_word' id='word_1_851' title='bbox 3306 4912 3459 4966; x_wconf 77' lang='grc' dir='ltr'>αὐτοὶ</span> <span class='ocrx_word' id='word_1_852' title='bbox 3490 4912 3549 4965; x_wconf 89' lang='grc' dir='ltr'><strong>δέ</strong></span> <span class='ocrx_word' id='word_1_853' title='bbox 3589 4928 3662 4983; x_wconf 69' lang='grc' dir='ltr'><strong>με</strong></span> 
     </span>
    </p>
   </div>
   <div class='ocr_carea' id='block_1_111' title="bbox 2067 5003 3662 5076">
    <p class='ocr_par' dir='ltr' id='par_1_111' title="bbox 2067 5003 3662 5076">
     <span class='ocr_line' id='line_1_111' title="bbox 2067 5003 3662 5076; baseline 0.001 -16"><span class='ocrx_word' id='word_1_854' title='bbox 2067 5005 2358 5076; x_wconf 79' lang='grc' dir='ltr'>ἠθέτησαν.</span> <span class='ocrx_word' id='word_1_855' title='bbox 2396 5025 2414 5057; x_wconf 69' lang='grc' dir='ltr'><strong>ι</strong></span> <span class='ocrx_word' id='word_1_856' title='bbox 2458 5005 2704 5075; x_wconf 80' lang='grc' dir='ltr'>ᾚνίξατο</span> <span class='ocrx_word' id='word_1_857' title='bbox 2729 5007 2904 5060; x_wconf 85' lang='grc' dir='ltr'>τοίνυν</span> <span class='ocrx_word' id='word_1_858' title='bbox 2948 5007 3076 5070; x_wconf 86' lang='grc' dir='ltr'>τοὺς</span> <span class='ocrx_word' id='word_1_859' title='bbox 3125 5006 3192 5058; x_wconf 81' lang='grc' dir='ltr'><strong>ἐκ</strong></span> <span class='ocrx_word' id='word_1_860' title='bbox 3249 5003 3344 5057; x_wconf 87' lang='grc' dir='ltr'><strong>τοῦ</strong></span> <span class='ocrx_word' id='word_1_861' title='bbox 3385 5004 3662 5060; x_wconf 78' lang='grc' dir='ltr'>Ἰουδαίων</span> 
     </span>
    </p>
   </div>
   <div class='ocr_carea' id='block_1_112' title="bbox 2068 5097 3661 5170">
    <p class='ocr_par' dir='ltr' id='par_1_112' title="bbox 2068 5097 3661 5170">
     <span class='ocr_line' id='line_1_112' title="bbox 2068 5097 3661 5170; baseline 0 -20"><span class='ocrx_word' id='word_1_862' title='bbox 2068 5098 2252 5162; x_wconf 78' lang='grc' dir='ltr'>ἔθνους</span> <span class='ocrx_word' id='word_1_863' title='bbox 2283 5099 2380 5170; x_wconf 83' lang='grc' dir='ltr'>τὴν</span> <span class='ocrx_word' id='word_1_864' title='bbox 2401 5100 2665 5170; x_wconf 87' lang='grc' dir='ltr'>σωτήριον</span> <span class='ocrx_word' id='word_1_865' title='bbox 2691 5098 3063 5170; x_wconf 87' lang='grc' dir='ltr'>ἀθετήσαντας</span> <span class='ocrx_word' id='word_1_866' title='bbox 3088 5097 3268 5169; x_wconf 81' lang='grc' dir='ltr'>χάριν.</span> <span class='ocrx_word' id='word_1_867' title='bbox 3311 5097 3377 5151; x_wconf 87' lang='grc' dir='ltr'><strong>Ὃ</strong></span> <span class='ocrx_word' id='word_1_868' title='bbox 3406 5097 3471 5168; x_wconf 85' lang='grc' dir='ltr'>δὴ</span> <span class='ocrx_word' id='word_1_869' title='bbox 3503 5097 3661 5162; x_wconf 87' lang='grc' dir='ltr'>τέλος</span> 
     </span>
    </p>
   </div>
   <div class='ocr_carea' id='block_1_113' title="bbox 2068 5188 3656 5262">
    <p class='ocr_par' dir='ltr' id='par_1_113' title="bbox 2068 5188 3656 5262">
     <span class='ocr_line' id='line_1_113' title="bbox 2068 5188 3656 5262; baseline 0.001 -22"><span class='ocrx_word' id='word_1_870' title='bbox 2068 5188 2178 5242; x_wconf 85' lang='grc' dir='ltr'><strong>τῶν</strong></span> <span class='ocrx_word' id='word_1_871' title='bbox 2203 5189 2416 5243; x_wconf 87' lang='grc' dir='ltr'>ἀσεϐῶν</span> <span class='ocrx_word' id='word_1_872' title='bbox 2445 5190 2686 5261; x_wconf 80' lang='grc' dir='ltr'>ὁρίζεται</span> <span class='ocrx_word' id='word_1_873' title='bbox 2717 5193 2812 5245; x_wconf 77' lang='grc' dir='ltr'>καὶ</span> <span class='ocrx_word' id='word_1_874' title='bbox 2839 5192 2867 5243; x_wconf 94' lang='lat'><strong>6</strong></span> <span class='ocrx_word' id='word_1_875' title='bbox 2895 5191 3088 5262; x_wconf 78' lang='grc' dir='ltr'>Σωτὴρ</span> <span class='ocrx_word' id='word_1_876' title='bbox 3115 5190 3272 5261; x_wconf 85' lang='grc' dir='ltr'>ήμῶν</span> <span class='ocrx_word' id='word_1_877' title='bbox 3312 5193 3372 5243; x_wconf 88' lang='grc' dir='ltr'><strong>ἐν</strong></span> <span class='ocrx_word' id='word_1_878' title='bbox 3403 5189 3656 5259; x_wconf 69' lang='grc' dir='ltr'>Εὐαγγέ-</span> 
     </span>
    </p>
   </div>
   <div class='ocr_carea' id='block_1_114' title="bbox 2068 5281 3654 5354">
    <p class='ocr_par' dir='ltr' id='par_1_114' title="bbox 2068 5281 3654 5354">
     <span class='ocr_line' id='line_1_114' title="bbox 2068 5281 3654 5354; baseline 0.001 -22"><span class='ocrx_word' id='word_1_879' title='bbox 2068 5281 2203 5345; x_wconf 90' lang='grc' dir='ltr'>λίοις</span> <span class='ocrx_word' id='word_1_880' title='bbox 2225 5281 2395 5335; x_wconf 81' lang='grc' dir='ltr'>εἰπὼν</span> <span class='ocrx_word' id='word_1_881' title='bbox 2419 5285 2533 5346; x_wconf 83' lang='grc' dir='ltr'>τοῖς</span> <span class='ocrx_word' id='word_1_882' title='bbox 2559 5284 2638 5346; x_wconf 81' lang='grc' dir='ltr'><strong>εἰς</strong></span> <span class='ocrx_word' id='word_1_883' title='bbox 2664 5283 2733 5336; x_wconf 85' lang='grc' dir='ltr'><strong>τὰ</strong></span> <span class='ocrx_word' id='word_1_884' title='bbox 2761 5282 3026 5354; x_wconf 73' lang='grc' dir='ltr'>ἀριστερά</span> <span class='ocrx_word' id='word_1_885' title='bbox 3053 5281 3218 5335; x_wconf 80' lang='grc' dir='ltr'>αὐτοῦ</span> <span class='ocrx_word' id='word_1_886' title='bbox 3257 5283 3614 5353; x_wconf 85' lang='grc' dir='ltr'>στησομένοις</span> <span class='ocrx_word' id='word_1_887' title='bbox 3637 5297 3654 5313; x_wconf 77' lang='grc' dir='ltr'><strong>ο</strong></span> 
     </span>
    </p>
   </div>
   <div class='ocr_carea' id='block_1_115' title="bbox 2076 5372 3656 5447">
    <p class='ocr_par' dir='ltr' id='par_1_115' title="bbox 2076 5372 3656 5447">
     <span class='ocr_line' id='line_1_115' title="bbox 2076 5372 3656 5447; baseline 0.003 -24"><span class='ocrx_word' id='word_1_888' title='bbox 2076 5391 2094 5423; x_wconf 79' lang='grc' dir='ltr'><strong>ι</strong></span> <span class='ocrx_word' id='word_1_889' title='bbox 2131 5373 2436 5444; x_wconf 87' lang='grc' dir='ltr'>Πορεύεσθε</span> <span class='ocrx_word' id='word_1_890' title='bbox 2459 5376 2538 5437; x_wconf 89' lang='grc' dir='ltr'><strong>εἱς</strong></span> <span class='ocrx_word' id='word_1_891' title='bbox 2571 5374 2632 5427; x_wconf 83' lang='grc' dir='ltr'>τὸ</span> <span class='ocrx_word' id='word_1_892' title='bbox 2667 5373 2778 5447; x_wconf 89' lang='grc' dir='ltr'><strong>πῦρ</strong></span> <span class='ocrx_word' id='word_1_893' title='bbox 2804 5375 2864 5427; x_wconf 78' lang='grc' dir='ltr'>τὸ</span> <span class='ocrx_word' id='word_1_894' title='bbox 2887 5372 3126 5438; x_wconf 81' lang='grc' dir='ltr'>αἰώνιον,</span> <span class='ocrx_word' id='word_1_895' title='bbox 3159 5374 3220 5427; x_wconf 73' lang='grc' dir='ltr'><strong>τὸ</strong></span> <span class='ocrx_word' id='word_1_896' title='bbox 3248 5374 3656 5445; x_wconf 71' lang='grc' dir='ltr'>ἡτοιμασμένον</span> 
     </span>
    </p>
   </div>
   <div class='ocr_carea' id='block_1_116' title="bbox 2067 5461 3655 5537">
    <p class='ocr_par' dir='ltr' id='par_1_116' title="bbox 2067 5461 3655 5537">
     <span class='ocr_line' id='line_1_116' title="bbox 2067 5461 3655 5537; baseline 0.002 -22"><span class='ocrx_word' id='word_1_897' title='bbox 2067 5461 2144 5534; x_wconf 78' lang='grc' dir='ltr'>τῷ</span> <span class='ocrx_word' id='word_1_898' title='bbox 2169 5463 2400 5537; x_wconf 83' lang='grc' dir='ltr'>διαϐόλῳ</span> <span class='ocrx_word' id='word_1_899' title='bbox 2448 5465 2542 5519; x_wconf 75' lang='grc' dir='ltr'>καὶ</span> <span class='ocrx_word' id='word_1_900' title='bbox 2579 5469 2690 5530; x_wconf 84' lang='grc' dir='ltr'>τοῖς</span> <span class='ocrx_word' id='word_1_901' title='bbox 2737 5467 2989 5536; x_wconf 83' lang='grc' dir='ltr'>ἀγγέλοις</span> <span class='ocrx_word' id='word_1_902' title='bbox 3027 5465 3212 5520; x_wconf 84' lang='grc' dir='ltr'>αὐτοῦ.</span> <span class='ocrx_word' id='word_1_903' title='bbox 3259 5485 3278 5517; x_wconf 72' lang='grc' dir='ltr'><strong>ι</strong></span> <span class='ocrx_word' id='word_1_904' title='bbox 3313 5466 3528 5536; x_wconf 82' lang='grc' dir='ltr'>Ὠσπερ</span> <span class='ocrx_word' id='word_1_905' title='bbox 3558 5461 3655 5518; x_wconf 80' lang='grc' dir='ltr'>οὖν</span> 
     </span>
    </p>
   </div>
   <div class='ocr_carea' id='block_1_117' title="bbox 2067 5555 3658 5633">
    <p class='ocr_par' dir='ltr' id='par_1_117' title="bbox 2067 5555 3658 5633">
     <span class='ocr_line' id='line_1_117' title="bbox 2067 5555 3658 5633; baseline 0.002 -23"><span class='ocrx_word' id='word_1_906' title='bbox 2067 5556 2430 5633; x_wconf 35' lang='grc' dir='ltr'>ἐκεῖ-αἰώνιον</span> <span class='ocrx_word' id='word_1_907' title='bbox 2459 5558 2673 5630; x_wconf 79' lang='grc' dir='ltr'>εἴρηται</span> <span class='ocrx_word' id='word_1_908' title='bbox 2711 5559 2841 5631; x_wconf 90' lang='grc' dir='ltr'>πῦρ,</span> <span class='ocrx_word' id='word_1_909' title='bbox 2889 5559 3030 5614; x_wconf 73' lang='grc' dir='ltr'>οὕτω</span> <span class='ocrx_word' id='word_1_910' title='bbox 3076 5559 3170 5612; x_wconf 75' lang='grc' dir='ltr'>καὶ</span> <span class='ocrx_word' id='word_1_911' title='bbox 3220 5555 3455 5613; x_wconf 79' lang='grc' dir='ltr'>ἐνταῦθα</span> <span class='ocrx_word' id='word_1_912' title='bbox 3487 5556 3658 5613; x_wconf 71' lang='grc' dir='ltr'>ἄσϐε-</span> 
     </span>
    </p>
   </div>
  </div>
