3858 6214
245 306 354 361 525

1397 314 1830 373 FRAGMENTA
1865 317 1933 372 1N
1967 319 2342 378 DANIELEM.

3396 334 3504 390 526

246 440 375 478 στον
400 424 530 495 μιᾶς
568 425 663 479 καὶ
701 426 803 498 τῆς
847 427 1014 498 αὐτῆς
1057 428 1245 494 οὐσίας
1305 429 1364 497 ἐξ
1413 432 1694 505 ¹ἑκατέρων
1722 435 1800 488 τῶ

1933 441 2234 498 substantia
2259 457 2326 497 ex
2353 451 2580 514 utraque
2607 443 2911 515 Scriptura.
2947 466 2972 502 ι
3000 447 3066 502 Et
3102 458 3264 505 erunt
3291 449 3344 505 in
3371 466 3503 507 con-

241 517 482 589 Γραφῶν
505 519 950 590 περιισταμένης.
985 541 1004 573 ι
1026 523 1136 575 Καὶ
1154 522 1365 578 ἔσονται
1388 526 1468 588 είς
1481 526 1668 599 ὅρασιν
1683 529 1830 600 πάσῃ

242 609 433 682 σαρκί.
471 629 490 661 ›
524 611 661 680 Ποία
713 610 770 663 δὲ
819 613 983 683 σαρκί⁵
1015 611 1047 682 ἢ
1081 614 1299 677 πάντως
1329 632 1430 668 που
1459 619 1524 688 τῇ
1561 617 1831 688 κολασθη-

240 700 473 773 σομένῃ,
509 701 609 770 τῆς
647 701 704 755 δὲ
752 703 1074 772 ἐπουρανίου
1105 703 1234 768 θέας
1266 706 1828 782 καταξιωθησομένῃς

239 791 381 863 Περὶ
407 789 476 864 ἧς
527 792 780 865 ἀνωτέρω
813 794 1062 862 ἐλέγετοο
1106 815 1126 847 ι
1161 797 1318 862 ’Ἥξει
1358 801 1508 852 πᾶσα
1542 800 1677 873 σὰρξ
1734 801 1829 855 τοῦ

236 887 618 957 προσκυνῆσαι
647 887 881 940 ἐνώπιόν
909 904 1040 957 μου’
1072 906 1091 939 ι
1125 883 1195 961 ἧς
1229 891 1324 944 καὶ
1357 893 1518 962 ἡμεῖς
1541 891 1828 963 ἀξιωθείη-

237 995 346 1046 μεν
370 979 558 1049 εὐχαῖς
580 979 675 1033 καὶ
690 979 1006 1050 πρεσϐείαις
1029 980 1246 1035 πάντων
1271 982 1380 1036 τῶν
1408 983 1600 1052 ἁγίων.
1631 985 1822 1057 Ἀμήν.

1933 544 2174 604 spectum
2204 535 2353 590 omni
2379 536 2554 591 carni.
2591 556 2610 590 ι
2643 537 2740 593 Cui
2784 539 2959 604 carni,
3008 542 3113 597 nisi
3156 558 3381 613 prorsus
3408 544 3459 600 ei
3482 585 3498 608 .

1932 643 2052 697 qua)
2081 629 2352 699 supplicio
2379 629 2694 694 addicenda,
2722 645 2785 685 ac
2807 633 3021 688 cmicsti
3044 633 3504 705 contemplatione

1933 719 2180 771 donanda
2212 726 2315 784 est,
2353 717 2420 773 de
2459 733 2565 788 qua
2593 723 2843 790 superius
2890 723 3212 780 dicebatur:
3255 741 3275 775 ι
3305 723 3501 780 Veniet

1931 803 2111 858 omnis
2128 819 2257 858 caro
2279 805 2346 859 ad
2376 805 2709 862 adorandum
2737 809 2790 862 in
2812 821 3102 880 conspectu
3132 814 3287 868 meo?
3331 831 3352 866 ι
3387 815 3504 881 Qua

1933 895 2064 948 item
2113 911 2212 952 nos
2239 897 2388 966 digni
2425 899 2725 954 babeamur
2759 900 3015 970 precibus
3057 912 3115 960 et
3150 904 3501 962 intercessio-

1932 988 2091 1044 nibus
2125 991 2366 1045 omnium
2406 1001 2742 1049 sanctorum.
2771 994 2972 1050 Amen.

243 1201 3489 1232 Wm—

1026 1365 1757 1459 FRAGMENTA
1835 1370 1960 1459 IN
2037 1371 2706 1462 DANIELEM.

1239 1589 1390 1662 (MAI,
1421 1589 1754 1645 Bibliotheca
1789 1604 1920 1644 nova
1953 1586 2197 1655 Patrum,
2227 1587 2316 1656 IV,
2343 1590 2448 1645 514
2475 1591 2495 1662 )

297 1907 371 1980 β.
396 1906 660 1962 Εὖσεϐἷου
686 1907 1027 1980 Καισαρείας
1069 1906 1234 1982 ῥητοῦ
1269 1909 1654 1981 προκειμένου,
1692 1912 1801 1964 Φω-

1982 1909 2039 1966 2.
2072 1912 2205 1965 DAN.
2249 1925 2336 1972 Ill,
2391 1908 2484 1963 49.
2535 1908 2748 1965 Eusebii
2807 1908 3161 1967 Caesariensis
3209 1909 3355 1967 dicto
3401 1912 3491 1967 illo

212 2001 310 2070 νὴ
327 2003 548 2070 Κυρίου
563 2000 990 2068 διακόπτοντος
1004 2004 1202 2070 φλόγα
1223 2004 1412 2070 πυρός
1425 2001 1556 2073 (42).
1576 1999 1812 2072 Δίεκόπη

223 2095 336 2166 μὲν
362 2098 420 2148 ἐν
443 2099 508 2166 τῇ
539 2093 816 2148 Βαϐυλῶνι
844 2096 878 2165 ή
915 2093 1045 2162 φλὸξ
1079 2092 1172 2147 τοῦ
1201 2092 1371 2166 πυρὸς
1391 2094 1711 2148 διακοπεῖσα
1737 2093 1814 2164 τῷ

219 2185 611 2256 προστάγματι
661 2185 756 2239 τοῦ
805 2185 980 2238 Θεοῦ⁴
1036 2184 1254 2249 ἐδέξατο
1296 2187 1354 2240 ἐν
1406 2186 1542 2256 αὐτῇ
1589 2185 1812 2256 ἡδίστην

215 2277 504 2350 ἀναπνοὴν
533 2279 624 2332 καὶ
656 2277 956 2349 ἀναψυχὴν,
993 2276 1182 2349 ὥσπερ
1233 2278 1290 2330 ἐν
1323 2277 1450 2347 σκιᾷ
1486 2293 1593 2330 τινι
1623 2275 1805 2345 φυτῶν

217 2373 284 2425 ἐν
323 2373 569 2443 εἰρηνικῇ
624 2369 956 2423 καταστάσει
1011 2369 1360 2441 παρεχομένη
1411 2370 1524 2432 τοῖς
1579 2367 1806 2421 παισίν⁶

213 2463 447 2534 ἐγένετο
475 2463 603 2534 γὰρ,
642 2464 797 2534 φησὶ,
833 2461 967 2514 ὡσεὶ
1003 2461 1220 2532 πνεῦμα
1251 2460 1441 2534 δρόσου
1475 2458 1805 2532 διασυρίξον.

249 2553 348 2624 ιγ’.
367 2556 523 2609 Ὡσεὶ
541 2554 670 2620 Υἱὸς
685 2552 1021 2622 ἀνθρώπου.
1041 2552 1301 2606 Εὐσεὸίου
1320 2552 1654 2623 Καισαρείας
1671 2551 1805 2622 (45).

213 2644 422 2713 Σαφῶς
463 2643 702 2714 ἠγοῦμαι
729 2641 1028 2715 δηλοῦσθαι
1069 2641 1168 2714 τὴν
1207 2641 1436 2695 καθόλου
1478 2639 1680 2711 κρίσιν,
1718 2639 1808 2691 ὅτε

215 2739 427 2801 πάντες
449 2739 498 2790 οἱ
521 2721 580 2802 ἐξ
605 2736 801 2799 αἰῶνος
830 2735 1106 2807 ἄνθρωποι
1137 2733 1582 2805 παραστήσονται
1608 2729 1686 2802 τῷ
1718 2729 1808 2801 βή-

221 2848 356 2902 ματι
392 2829 484 2882 τοῦ
512 2828 748 2900 Χριστοῦ
771 2844 786 2858 ο
824 2827 960 2898 μετά
993 2827 1050 2879 δὲ
1079 2824 1180 2897 τὴν
1208 2825 1316 2878 τῶν
1343 2822 1805 2894 τετελευτηκότων

215 2922 548 2986 ἁναὸἱωσιν,
603 2920 696 2974 καὶ¹
734 2919 872 2990 μετὰ
921 2919 1018 2988 τὴν
1062 2917 1206 2972 κατὰ
1250 2917 1466 2971 πάντων
1509 2916 1726 2987 κρίσιν,
1775 2916 1804 2968 6

216 3017 369 3087 ἐωρα
379 3013 535 3085 μένος
550 3012 627 3083 τῷ
639 3012 836 3082 Δανιὴλ
863 3011 992 3073 Υἱὸς
1013 3009 1301 3082 ἀνθρώπου
1335 3009 1689 3078 ἐπιστήσεται
1711 3007 1804 3060 ἐπὶ

213 3104 482 3174 νεφελῶν.
515 3105 613 3175 τὴν
645 3102 787 3156 κατὰ
815 3102 1032 3156 πάντων
1055 3100 1165 3154 τῶν
1187 3101 1334 3155 λαῶν
1361 3100 1456 3154 καὶ
1495 3099 1678 3168 φυλῶν
1698 3097 1803 3152 ὑπὸ

206 3197 314 3251 τοῦ
349 3197 564 3268 Πατρὸς
596 3196 862 3262 ἐξουσίαν,
912 3193 1011 3266 τήν
1039 3195 1131 3247 καὶ
1167 3193 1440 3264 βασιλείαν
1483 3192 1677 3264 ἀγήρω
1709 3190 1802 3243 καὶ

1916 2001 2240 2070 proposito:
2311 1997 2427 2053 Vox
2493 1998 2706 2054 Domini
2790 2001 3150 2056 intercidentis
3214 2002 3487 2071 ﬂammam

1915 2092 2051 2161 ignis
2077 2091 2146 2146 ⁸⁸.
2182 2090 2443 2145 lntercisa
2469 2101 2552 2146 est
2589 2091 2860 2163 Babylone
2887 2091 3103 2148 ﬂamma
3136 2092 3296 2164 ignis,
3324 2093 3492 2148 inter-

1913 2183 2025 2237 cisa
2071 2183 2277 2238 scilicet
2309 2183 2400 2236 Dei
2427 2182 2600 2252 jussu,
2632 2183 2685 2236 in
2719 2183 3173 2253 jucundissimam
3213 2201 3367 2240 versa
3397 2196 3485 2241 est

1914 2277 2341 2342 rccreationem;
2377 2291 2442 2331 ac
2482 2275 2646 2332 veluti
2681 2277 2734 2331 in
2767 2277 2957 2332 umbra
2991 2279 3244 2340 arborum
3273 2281 3484 2350 quieta-

1912 2385 2016 2438 que
2047 2369 2279 2425 statione
2318 2369 2737 2425 adolescentulis
2769 2370 3012 2426 exhibuit
3040 2371 3480 2430 oblectationem.

1909 2463 2073 2518 Facta
2097 2470 2183 2518 est
2215 2463 2358 2518 enim
2394 2476 2491 2517 ceu
2521 2462 2746 2518 roscidae
2772 2478 2918 2518 aura:
2945 2464 3157 2522 sibilus.

1977 2555 2033 2609 5.
2075 2555 2208 2610 ΒΑΝ.
2247 2570 2355 2619 vn,
2397 2554 2483 2610 15.
2535 2555 2704 2620 Quasi
2745 2552 2792 2607 F
2798 2554 2921 2610 ilius
2971 2557 3218 2614 hominis.
3264 2559 3482 2615 Eusebii

1906 2645 2272 2702 Caesariensis.
2302 2646 2583 2702 Manifeste
2617 2647 2853 2702 nuntiari
2895 2649 3136 2705 arbitror
3167 2652 3476 2708 universale

1899 2736 2186 2805 judicium,
2217 2754 2338 2792 cum
2363 2753 2554 2794 omnes
2577 2739 2646 2794 ab
2673 2741 2806 2795 orbe
2828 2741 3048 2796 condito
3083 2741 3328 2799 homines
3352 2755 3478 2798 ante

1904 2830 2104 2886 Christi
2147 2830 2381 2885 tribunal
2412 2818 2688 2886 sistentur.
2730 2831 2900 2888 Porro
2937 2843 3118 2889 autem
3157 2844 3282 2910 post
3330 2852 3477 2891 mor-

1905 2930 2119 2974 tuorum
2166 2922 2636 2988 resurrectionem,
2672 2923 2982 2994 dictamque
3028 2924 3081 2979 in
3120 2940 3310 2981 omnes
3352 2943 3474 2984 sen-

1904 3011 2148 3078 tentiam,
2178 3011 2285 3080 ille,
2325 3013 2416 3082 qui
2451 3013 2600 3070 visus
2633 3015 2840 3070 Danieli
2878 3017 3002 3082 fuit,
3042 3017 3212 3074 Filius
3243 3019 3480 3075 hominis

1902 3103 1956 3157 iu
2005 3104 2238 3159 nubibus
2291 3103 2499 3172 aderit,
2553 3113 2612 3160 ut
2661 3105 3058 3163 indelicientem
3110 3119 3478 3181 aeternamque

1903 3195 2145 3250 omnium
2176 3196 2494 3266 populorum
2547 3197 2894 3268 tribuumque
2937 3209 3256 3271 potestatem
3293 3218 3359 3258 ae
3385 3218 3476 3258 re-

214 3287 576 3358 ἀτελεύτητον
602 3286 1082 3356 παραληψόμενος*
1113 3285 1190 3349 ὡς
1223 3285 1318 3338 καὶ
1357 3283 1521 3348 αὐτὸς
1550 3285 1580 3337 6
1605 3283 1798 3354 Σωτὴρ

1908 3302 2063 3354 gnum
2093 3303 2122 3341 a
2161 3287 2323 3344 Patre
2361 3289 2612 3359 accipiat.
2661 3290 2815 3347 Sicut
2857 3270 2974 3360 ipse
3011 3293 3267 3350 Servator
3305 3297 3374 3351 de
3417 3311 3477 3350 se

210 3378 377 3450 ήμῶν
407 3379 535 3451 περὶ
570 3378 762 3432 ἑαυτοῦ
803 3378 1040 3432 διδάσκει
1075 3377 1247 3446 λέγων
1267 3395 1282 3407 ’
1321 3379 1459 3430 ’Ὅτε
1485 3374 1554 3428 δὲ
1579 3375 1725 3442 ἔλθῃ
1763 3375 1795 3427 ό

211 3469 349 3534 Υἱὸς
379 3469 486 3522 τοῦ
507 3467 818 3536 ἀνθρώπου
839 3469 910 3522 ὲν
933 3468 1009 3538 τῇ
1033 3468 1183 3537 δόξῃ
1215 3468 1425 3534 αὐτοῦ,
1454 3469 1550 3522 καὶ
1573 3467 1796 3532 πάντες

205 3563 273 3614 oi
306 3559 544 3630 ἄγγελοι
590 3561 716 3629 μετ’
759 3559 966 3622 αὑτοῦ,
1001 3561 1136 3613 τότε
1162 3561 1396 3616 καθίσει
1439 3559 1538 3613 ἐπὶ
1577 3559 1792 3628 θρόνου

206 3648 407 3717 δόξης
443 3649 648 3713 αὐτοῦ,
684 3650 780 3704 καὶ
810 3649 1268 3719 συναχθήσεται
1303 3651 1641 3720 ἔμπροσθεν
1685 3649 1792 3702 αὺ-

209 3737 323 3794 τοῦ
346 3739 544 3793 πάντα
572 3740 642 3792 τὰ
663 3739 829 3806 ἔθνη,
850 3739 942 3792 καὶ
973 3739 1041 3793 τὰ
1071 3738 1218 3810 ἑξῆς
1238 3739 1450 3812 συνᾴδει
1471 3739 1602 3809 γοῦν
1622 3739 1795 3796 ταῦτα

209 3833 338 3893 ταῖς
371 3830 430 3881 ἐν
469 3831 656 3901 χερσὶν
710 3831 1038 3900 μαρτυρίαις
1067 3830 1166 3902 τῆς
1211 3829 1304 3883 τοῦ
1334 3829 1532 3900 Δανιὴλ
1576 3846 1794 3902 προφη-

209 3923 388 3986 τείας,
418 3922 538 3975 καΘ’
572 3924 636 3993 ἢν
663 3923 942 3977 λέλεκταιο
979 3922 1092 3977 Καὶ
1122 3922 1253 3977 ἰδοὺ
1282 3921 1434 3991 μετὰ
1474 3922 1593 3976 τῶν
1619 3940 1794 3992 νεφε-

208 4013 343 4068 λῶν
388 4013 492 4068 τοῦ
523 4013 782 4083 οὐρανοῦ
819 4014 899 4080 ὡς
941 4012 1074 4080 Υἱὸς
1117 4014 1433 4082 ἀνθρώπου
1467 4013 1793 4083 ἐρχόμενος

208 4100 298 4175 ἦν
315 4125 328 4136 ο
356 4106 471 4171 καὶ,
509 4107 654 4171 Ἕως
678 4105 784 4160 τοῦ
813 4104 1079 4159 Παλαιοῦ
1106 4103 1225 4158 τῶν
1249 4103 1484 4175 ἡμερῶν
1503 4106 1790 4174 ἔφθασεν·

208 4197 318 4251 καὶ
344 4198 724 4268 προσηνέχθη
750 4198 928 4264 αὐτῷ,
954 4199 1053 4253 καὶ
1074 4198 1252 4265 ἐδόθη
1276 4196 1436 4263 αὐτῷ
1456 4199 1494 4267 ἠ
1517 4197 1673 4266 ἀρχὴ
1695 4196 1795 4250 καί

210 4293 254 4359 ἠ
284 4290 422 4359 τιμὴ
448 4290 547 4344 καὶ
567 4292 605 4358 ἡ
622 4291 930 4354 βασιλεία,
957 4293 1051 4345 καὶ
1081 4291 1150 4345 τὰ
1185 4291 1332 4362 ἑξῆς.

286 4385 348 4437 δ’.
365 4381 532 4448 Αὐτῷ
552 4383 726 4452 ἐδόθη
742 4384 780 4450 ἡ
797 4383 974 4452 ἀρχή.
998 4384 1278 4437 Εὐσεδίου.
1301 4382 1375 4437 Οὐ
1401 4382 1559 4453 μόνον
1581 4381 1678 4452 τὴν
1696 4379 1790 4435 τοῦ

215 4475 352 4530 Υἱοῦ
388 4475 670 4546 ἀνθρώπου
702 4476 975 4547 βασιλείαν
994 4479 1022 4531 6
1051 4478 1336 4549 προφήτης
1368 4474 1636 4539 θεσπίζει,
1659 4473 1794 4528 ἀλλὰ

211 4567 314 4622 καὶ
347 4565 588 4629 πλείονα,
615 4569 742 4635 περὶ
763 4561 837 4620 ὦν
867 4583 1021 4640 φησι.

1896 3388 2082 3432 noster
2112 3379 2235 3433 ait:
2284 3378 2418 3434 Cum
2465 3392 2639 3436 autem
2670 3386 2866 3440 uenerit
2916 3385 3095 3441 Filius
3142 3388 3368 3442 hominis
3416 3389 3471 3441 in

1893 3470 2172 3538 majestate
2199 3487 2317 3536 sua,
2343 3482 2390 3526 et
2419 3489 2596 3529 omnes
2637 3477 2809 3546 angeli
2845 3493 2963 3531 eum
2993 3495 3074 3542 eo,
3121 3489 3244 3534 tunc
3277 3480 3476 3534 sedebit

1893 3562 1948 3614 in
1993 3562 2179 3616 throno
2212 3562 2394 3633 gloria:
2439 3581 2572 3631 sate,
2606 3575 2658 3620 et
2697 3570 3156 3639 congregabantur
3187 3589 3364 3628 coram
3412 3595 3474 3631 eo

1893 3667 2070 3706 omnes
2105 3662 2282 3723 gentes
2307 3653 2385 3720 ³⁷,
2420 3664 2475 3710 et
2523 3656 2751 3726 reliqua.
2775 3719 2778 3726 ι
2801 3655 2928 3714 Haec
2969 3661 3135 3731 igitur
3169 3676 3475 3720 consonant

1897 3744 2240 3809 testimoniis,
2283 3760 2404 3815 qum
2446 3761 2592 3803 nunc
2639 3749 2901 3806 habemus
2946 3751 2999 3806 in
3049 3755 3318 3822 manibus,
3358 3756 3467 3812 Da-

1895 3835 2050 3890 nielis
2081 3837 2382 3906 prophetas,
2409 3840 2549 3908 apud
2576 3855 2738 3909 quem
2773 3842 2973 3898 dicitur
2997 3862 3013 3898 :
3049 3843 3117 3898 Et
3140 3862 3256 3900 ecce
3282 3849 3471 3903 aderat

1892 3926 2068 3984 Filius
2103 3929 2329 3984 hominis
2358 3931 2412 3984 in
2436 3932 2660 3987 nubibus
2698 3933 2814 3988 eali
2835 3933 2908 3993 ³⁸.
2947 3935 3078 3991 Item
3109 3955 3124 3991 :
3161 3936 3336 3992 Donec
3357 3941 3469 3992 An-

1893 4020 2068 4090 tiquus
2113 4022 2318 4077 dierum
2371 4026 2541 4091 venit;
2587 4026 2926 4098 oblatumque
2961 4044 3023 4082 ac
3064 4029 3250 4084 datum
3297 4039 3377 4086 est
3421 4033 3471 4087 ei

1891 4115 2164 4184 imperium
2189 4127 2236 4170 et
2266 4118 2435 4171 honor
2459 4129 2508 4172 et
2536 4134 2768 4188 regnum,
2793 4127 2849 4174 et
2876 4120 3101 4193 reliqua.

1963 4379 2017 4433 4.
2061 4378 2192 4433 ΒΑΝ.
2221 4395 2319 4445 vn,
2349 4381 2435 4435 Μ.
2474 4381 2695 4436 Tradita
2717 4394 2795 4438 est
2821 4385 3189 4455 ipsipotestas.
3220 4388 3461 4444 Eusebii.

1893 4468 2044 4525 Haud
2082 4472 2256 4528 solum
2300 4471 2422 4527 Filii
2467 4474 2702 4529 hominis
2747 4491 2971 4546 regnum
3020 4479 3278 4546 propheta
3325 4483 3464 4533 vati-
3513 4531 3516 4534 .

1892 4562 2126 4628 cinatur,
2155 4577 2343 4617 verum
2368 4575 2425 4616 et
2457 4563 2593 4619 alius
2630 4579 2716 4619 res
2741 4567 2806 4620 de
2835 4567 3033 4634 quibus
3065 4569 3225 4622 verba
3260 4569 3413 4624 facit.

290 4666 352 4714 ε’.
384 4659 495 4714 Καὶ
524 4627 980 4728 παραλήψονται
1000 4658 1116 4726 τὴν
1140 4658 1486 4723 βασιλείαν.
1524 4659 1788 4713 Εὐσεϐίου

1963 4653 2017 4707 5.
2060 4627 2190 4708 DAN.
2231 4669 2338 4720 vn,
2382 4653 2468 4709 18.
2504 4654 2572 4708 Et
2622 4627 3195 4726 regnum-suscipieut.
3251 4659 3464 4716 Eusebii

212 4751 573 4822 Καισαρείας.
609 4749 1103 4821 Συμὸασιλεύοντες
1149 4750 1348 4822 δηλαδὴ
1381 4749 1476 4803 καὶ
1511 4750 1664 4803 αὐτοὶ
1712 4751 1791 4821 τῷ

209 4843 356 4913 Θεῷ.
409 4844 565 4907 Τίνες
602 4843 648 4896 δ’
680 4844 745 4897 ἂν
775 4839 884 4897 εἷεν
925 4838 1090 4905 οὗτοι,
1137 4843 1169 4913 ἢ
1209 4844 1259 4897 οἱ
1309 4842 1643 4914 κληρονόμοι
1691 4843 1787 4896 τοῦ

208 4935 372 4992 Θεοῦ.
399 4936 831 5007 συγκληρονόμοι
850 4935 906 4988 δὲ
927 4934 1162 5007 Χριστοῦ
1184 4951 1199 4999 ;
1218 4930 1300 4998 οἷς
1329 4935 1422 4988 καὶ
1437 4935 1786 5006 ἐπήγγελται,

207 5030 312 5101 τὴν
347 5027 622 5097 βασιλείαν
653 5029 760 5082 τῶν
791 5001 1064 5100 οὑρανῖὒν,
1112 5027 1384 5098 βασιλείαν
1424 5029 1790 5099 ἐπιστησομέ-

206 5138 309 5190 νην
336 5121 435 5192 τὴν
473 5121 610 5192 μετά
649 5109 921 5191 τέσσαρας
955 5118 1250 5188 βασιλείας,
1293 5119 1391 5182 τὰς
1424 5118 1503 5190 τῷ
1529 5122 1784 5192 προφήτῃ

205 5211 560 5284 ἑωραμένοις,
600 5212 729 5283 περὶ
765 5204 839 5265 ὧν
862 5211 937 5275 ὼς
963 5213 1023 5265 ἐν
1065 5211 1322 5283 βραχέσιν
1354 5211 1555 5284 ἀρτίως
1585 5211 1785 5281 διειλή-

205 5317 411 5372 (patum
438 5295 718 5355 Ἐντεῦθεν
749 5295 901 5370 οἶμαι
935 5299 1032 5354 τὸν
1059 5299 1355 5354 ἀπόστολον
1382 5300 1594 5354 Παῦλον
1611 5300 1784 5371 ὁρμᾶ-

280 5440 326 5472 ³⁸
366 5440 510 5496 Psal.
550 5457 747 5504 xxvxtt,
793 5442 848 5496 7.
925 5442 971 5475 ³⁷
1007 5441 1375 5509 Mattthxv,
1419 5443 1510 5509 3|,
1542 5442 1636 5497 32.

1891 4744 2260 4801 Caesariensis.
2303 4745 2505 4815 Nempe
2542 4747 2640 4815 ipsi
2688 4762 2900 4819 quoque
2946 4764 3067 4804 cum
3117 4749 3226 4805 Deo
3273 4766 3465 4821 regna-

1892 4839 2045 4894 bunt.
2084 4839 2315 4906 Quinam
2343 4853 2475 4893 vero
2516 4849 2642 4893 sunt
2675 4840 2750 4902 hi,
2797 4841 2896 4896 nisi
2931 4841 3173 4897 hairedes
3220 4842 3336 4908 Dei,
3372 4859 3464 4897 co-

1892 4931 2134 4986 haeredes
2175 4941 2354 4986 autem
2388 4929 2625 4986 Christi?
2666 4933 2861 5001 quibus
2896 4933 3022 4987 item
3064 4935 3323 4989 caelorum
3368 4951 3458 4987 re-

1892 5039 2056 5092 gnum
2122 5024 2448 5092 promissum
2503 5038 2533 5076 a
2587 5021 2807 5079 Christo
2858 5033 2974 5090 est,
3029 5026 3170 5094 quod
3229 5040 3455 5095 regnum

1891 5129 2083 5184 nempe
2119 5125 2409 5186 consurget
2442 5125 2562 5186 post
2599 5103 2688 5170 illa
2721 5126 2953 5186 quatuor
2981 5132 3078 5188 per
3121 5118 3295 5172 visum
3333 5132 3460 5188 pro.

1890 5209 2068 5276 pheta:
2112 5208 2326 5274 oblata;
2371 5211 2438 5264 de
2467 5209 2665 5279 quibus
2709 5209 2945 5264 breviter
2993 5210 3152 5264 modo
3195 5209 3459 5264 disserui-

1892 5316 2030 5357 mus.
2061 5300 2197 5356 l‘linc
2228 5300 2412 5368 divum
2453 5301 2751 5371 apostolum
2784 5301 3010 5358 Paulum
3046 5301 3253 5380 cepisse
3290 5315 3460 5386 occa-

283 5561 395 5634 με)
418 5561 561 5629 Quin
594 5562 684 5617 hic
727 5562 880 5618 locus
919 5578 984 5617 ex
1028 5562 1246 5618 Eusebii
1272 5562 1678 5634 commentario
1726 5541 1787 5616 in.
1886 5561 1952 5618 ad
1985 5542 2232 5634 Psalmos
2258 5565 2650 5618 commentario
2681 5573 2926 5634 apparet.

206 5636 472 5699 psalmum
506 5648 671 5686 xxvm
705 5644 976 5696 sumatur,
1020 5635 1110 5688 vix
1155 5633 1510 5688 dubitandum
1563 5633 1779 5686 videre.

206 5712 327 5766 tur;
355 5712 594 5756 attamen
644 5704 692 5756 is
718 5717 892 5772 neque
939 5705 992 5757 in
1019 5703 1370 5772 Corderiidad
1415 5701 1660 5772 Psalmos
1689 5718 1780 5756 Ca—

1957 5634 2072 5702 (45)
2105 5633 2160 5686 In
2209 5635 2347 5690 hanc
2372 5631 3009 5688 Danielicam'sisionem
3067 5631 3190 5688 Filii
3221 5632 3466 5688 hominis.

1881 5713 2279 5776 commentatur
2302 5706 2441 5763 idem
2472 5704 2754 5776 Eusebius,
2781 5705 2876 5762 sed
2917 5703 3038 5762 aliis
3070 5705 3271 5772 verbis,
3308 5702 3450 5759 llist.

211 5783 337 5828 tena
367 5773 622 5838 Patrum,
660 5770 832 5844 neque
861 5774 914 5829 in
945 5775 1164 5846 vulgato
1189 5788 1219 5830 a
1261 5770 1523 5832 Mauriris
1563 5771 1776 5829 Eusebii
1879 5773 2029 5841 “CL,
2064 5789 2100 5837 i,
2126 5773 2181 5830 2.
