3858 6214
371 318 477 376 527

1047 308 1314 366 EUSEBII
1351 306 1825 366 CESARIENSIS
1862 304 2017 384 OPP.
2059 306 2239 364 PARS
2278 307 2365 363 Ill.
2408 342 2475 350 —
2507 308 2916 367 EXEGETICA.

3520 315 3626 372 528

371 437 576 488 sionem
627 431 862 486 arbitror
906 430 972 484 de
1019 413 1256 485 secundo
1291 429 1492 486 Christi
1528 430 1760 486 adventu
1811 429 1935 485 scri-

2055 428 2176 482 σθαι
2206 431 2333 501 περὶ
2366 431 2466 501 τῆς
2510 431 2768 502 δευτέρας
2813 431 3051 501 ἀφίξεως
3083 430 3175 485 τοῦ
3209 432 3447 504 Χριστοῦ
3488 435 3628 504 γρά-

370 523 530 579 bendi
563 523 716 577 lucc:
751 520 816 575 In
841 521 1019 590 jussu,
1048 521 1101 574 in
1133 537 1252 575 voce
1279 521 1602 591 archangeli,
1641 531 1688 575 et
1720 522 1778 574 in
1818 521 1942 576 tuba

367 615 469 670 Dei
524 612 796 670 descendet
847 614 911 668 de
941 613 1069 668 ctelo
1091 613 1167 677 ³⁸,
1213 622 1267 667 et
1311 612 1538 683 reliqua.
1584 613 1754 670 Porro
1802 614 1940 668 idem

369 707 640 776 apostolus
683 716 986 761 extremum
1031 721 1244 776 quoque
1287 705 1610 760 Antichristi
1647 706 1940 761 adventum

367 798 482 852 sive
525 798 903 868 perditionem,
955 805 1251 867 posteaque
1295 797 1587 867 gloriosam
1636 797 1942 853 Servatoris

368 892 538 946 nostri
597 890 968 960 praesentiam,
1010 897 1378 945 consentanee
1417 891 1675 945 vaticinio
1719 891 1940 946 exhibet

367 985 554 1040 dicens
591 1005 603 1039 :
639 981 805 1037 Nemo
844 999 933 1037 vos
980 980 1090 1035 ulla
1133 983 1286 1034 modo
1332 981 1596 1051 decipiat;
1647 983 1750 1035 nisi
1803 992 1940 1037 certe

365 1077 513 1144 prius
564 1076 789 1129 evenerit
835 1073 1134 1142 apostasia,
1177 1083 1226 1128 et
1270 1072 1534 1127 revelatus
1577 1071 1734 1141 fuerit
1784 1073 1936 1128 homo

364 1167 564 1235 peccati
601 1182 691 1220 seu
723 1167 1034 1235 perditionis
1074 1165 1240 1233 ﬁlius,
1283 1165 1374 1234 qui
1415 1164 1723 1218 adversatur
1757 1173 1806 1218 et
1843 1180 1937 1219 eat--

365 1258 568 1311 tollitur
615 1273 776 1325 supra
819 1272 970 1310 omne
1016 1257 1155 1325 quod
1203 1255 1399 1308 dicitur
1449 1253 1624 1319 Deus,
1669 1265 1761 1308 aut
1799 1255 1938 1324 quod

365 1347 595 1402 colitur:
630 1349 705 1402 ita
738 1356 792 1401 ut
836 1348 892 1400 in
935 1347 1126 1415 templo
1174 1345 1274 1400 Dei
1311 1347 1526 1413 sedeat,
1575 1355 1840 1400 ostentans
1883 1363 1938 1401 se

364 1449 617 1507 tanquam
661 1439 729 1493 sit
780 1437 946 1491 Deus.
1009 1436 1201 1491 Nonne
1264 1438 1573 1492 meministis
1625 1454 1706 1492 me
1764 1439 1936 1492 adhuc

362 1532 503 1597 apud
537 1547 623 1585 uos
666 1540 956 1584 uersantem
983 1530 1094 1584 lucc
1137 1527 1416 1586 dicere”?
1441 1538 1495 1584 et
1525 1531 1748 1601 reliqua.
1811 1529 1937 1586 Haec

364 1620 627 1676 miriﬁcus
671 1621 746 1674 ait
783 1621 1071 1688 Apostolus
1120 1622 1174 1676 in
1206 1637 1304 1677 sua
1346 1623 1412 1677 de
1444 1623 1550 1677 (ine
1591 1623 1808 1678 humani
1843 1638 1935 1693 ge-

363 1714 512 1768 neris
548 1713 824 1778 oratione;
863 1713 1102 1768 Danielis
1129 1715 1410 1784 propheta:
1445 1715 1700 1769 vaticinio
1727 1715 1794 1769 de
1824 1714 1936 1768 An-

2051 537 2221 589 φοντα
2249 521 2426 575 τοιάδε
2444 539 2456 551 ·
2487 522 2617 576 ’Ὅτι
2648 525 2832 591 αὐτὸς
2863 527 2894 578 d
2911 526 3126 591 Κύριος
3145 524 3216 578 ἐν
3238 526 3625 595 κελεύσματι,

2042 613 2113 666 ἐν
2130 613 2300 683 φωνῇ
2319 613 2694 685 ἀρχαγγέλου
2727 616 2825 670 καὶ
2847 617 2916 669 ἐν
2945 615 3232 687 σάλπιγγι
3270 617 3418 671 Θεοῦ
3455 634 3631 672 κατα-

2044 706 2287 773 ϐήσεται
2309 707 2408 761 ἀπ’
2442 708 2724 774 οὐρανοῦ,
2757 709 2851 761 καὶ
2880 707 2948 760 τὰ
2971 708 3118 779 ἑξῆς.
3149 709 3206 762 Ὁ
3229 707 3273 761 δ’
3307 710 3472 773 αὐτὸς
3491 711 3630 764 ἀπό-

2044 796 2228 860 στολος
2259 799 2351 850 καὶ
2376 797 2475 870 τὴν
2508 798 2745 868 ὑστάτην
2777 797 2872 850 τοῦ
2919 798 3289 869 Ἀντιχρίστου
3322 800 3508 869 ἄφιξιν
3524 801 3629 873 τὴν

2041 890 2136 944 καὶ
2167 889 2461 955 ἀπώλειαν,
2496 891 2592 944 καὶ
2624 892 2717 944 ἐπὶ
2740 891 2913 964 ταύτῃ
2939 891 3038 962 τὴν
3056 892 3150 946 τοῦ
3183 893 3437 964 Σωτῆρος
3463 895 3625 964 ἡμῶν

2039 981 2247 1047 ἔνδοξον
2273 981 2572 1052 παρουσίαν
2598 981 2906 1046 ἀκολούθως
2919 985 2986 1054 τῇ
3001 980 3308 1054 προφητείᾳ
3325 982 3626 1052 παρίστησι

2038 1075 2230 1146 λέγων’
2267 1075 2458 1142 Μήτις
2486 1073 2641 1144 ὑμᾶς
2669 1059 3026 1144 ἐξαπατήσῃ
3057 1076 3206 1129 κατὰ
3233 1073 3469 1143 μηδένα
3497 1075 3628 1143 τρό-

2039 1181 2184 1220 πον’
2222 1167 2313 1220 ὅτι
2333 1166 2442 1222 ἐὰν
2458 1165 2545 1236 μὴ
2571 1167 2719 1236 ἔλθῃ
2758 1168 2797 1234 ἢ
2830 1168 3180 1222 ἀποστασία
3221 1168 3480 1237 πρῶτον,
3520 1167 3624 1222 καὶ

2038 1259 2442 1329 ἀποκαλυφθῇ
2479 1263 2512 1313 ό
2547 1257 2854 1327 ἄνθρωπος
2901 1259 3013 1328 τῆς
3055 1259 3361 1329 ἁμαρτίας,
3415 1263 3448 1313 ό
3492 1259 3625 1325 υἱὸς

2037 1352 2151 1420 τῆς
2183 1353 2502 1417 ἀπωλείας,
2531 1355 2564 1406 ὁ
2598 1352 3008 1420 ἀντικείμενος
3038 1351 3135 1405 καὶ
3156 1353 3624 1420 ὑπεραιρόμενος

2037 1443 2136 1496 ἐπὶ
2175 1445 2373 1500 πάντα
2399 1445 2695 1514 λεγόμενα
2726 1442 2874 1496 Θεὸν
2912 1443 2951 1511 ἢ
2985 1443 3282 1512 σέϐασμα,
3327 1442 3484 1496 ὥστε
3523 1445 3629 1496 ui)-

2036 1538 2143 1592 τὸν
2161 1539 2247 1602 είς
2275 1537 2382 1589 τὸν
2416 1535 2570 1590 ’ναὸν
2598 1536 2702 1590 τοῦ
2718 1535 2866 1589 Θεοῦ
2888 1536 3151 1600 καθίσαι,
3181 1533 3626 1588 ἀποδεικνύντα

2035 1627 2253 1683 ἑαυτὸν
2273 1627 2362 1681 ὅτι
2385 1627 2518 1681 ἔστι
2543 1629 2681 1692 Θεός
2702 1644 2716 1657 ⁸
2751 1628 2822 1679 οὐ
2844 1626 3252 1695 μνημονεύετε
3284 1625 3372 1678 ὅτι
3415 1626 3506 1678 ἐτι
3535 1622 3628 1678 ὢν

2035 1721 2186 1790 πρὸς
2211 1718 2368 1790 ὑμᾶς
2412 1718 2602 1773 ταῦτα
2645 1720 2860 1789 ἔλεγον
2907 1718 3093 1788 ὺμῖν;
3123 1718 3219 1772 καὶ
3239 1718 3307 1772 τὰ
3344 1717 3486 1789 ἑξῆς.
3517 1718 3625 1770 Το-

363 1804 635 1872 ticbristo,
673 1814 730 1860 et
778 1806 845 1861 de
891 1805 1131 1876 glorioso
1173 1805 1481 1862 Servatoris
1522 1806 1696 1862 nostri
1741 1820 1930 1877 regno,

2038 1811 2207 1865 σαῦτα
2225 1813 2254 1864 ὁ
2280 1809 2582 1880 θαυμάσιος
2605 1807 2926 1872 Ἀπόστολος
2943 1810 2999 1861 ὲν
3025 1810 3136 1871 τοῖς
3154 1809 3282 1880 περὶ
3312 1807 3624 1872 συντελείας

360 1895 523 1953 ﬁdem
554 1907 825 1954 astruens.

431 2175 486 2231 6.
528 2175 662 2230 Dan.
686 2189 764 2240 ιι,
786 2173 878 2228 26.
911 2173 1182 2229 Delebitur
1211 2177 1411 2230 unctio.
1455 2175 1695 2232 Eusebii.
1723 2176 1930 2232 Vanam

355 2270 467 2341 jam
513 2278 568 2326 et
605 2280 802 2340 prater
834 2269 1005 2340 legem
1051 2269 1360 2324 unctionem
1411 2283 1754 2340 coarguens:
1791 2270 1934 2340 quod

359 2363 502 2419 idem
529 2363 597 2419 de
627 2362 907 2419 sacriﬁciis
932 2371 988 2418 et
1016 2363 1082 2418 de
1112 2362 1319 2417 {cedere
1349 2360 1554 2416 factum
1599 2362 1767 2416 dices.
1806 2360 1932 2416 Haec

359 2455 504 2510 enim
541 2464 690 2512 recte
737 2455 1082 2526 legitimeque
1117 2454 1514 2524 peragebantur
1547 2463 1676 2509 ante
1729 2453 1935 2508 Serva-

360 2548 494 2604 toris
531 2548 701 2604 nostri
740 2548 1076 2618 passionem,
1106 2547 1233 2616 quia
1275 2547 1446 2602 virtus
1475 2546 1652 2601 adhuc
1690 2545 1933 2601 caelestis

359 2642 479 2698 loca
510 2652 700 2698 sancta
741 2625 1041 2698 obsidebat.
1083 2639 1283 2695 Verum
1321 2639 1508 2695 eadem
1559 2654 1686 2694 mox
1723 2638 1933 2694 sublata

358 2733 600 2800 fuerunt,
645 2743 865 2805 propter
917 2734 1045 2788 illud
1088 2731 1391 2804 perfectum
1446 2731 1665 2802 Deoque
1713 2733 1931 2803 dignum

359 2827 718 2890 sacriﬁcium,
774 2841 880 2896 quo
932 2828 1223 2897 semetipse
1265 2825 1460 2882 obtulit
1527 2839 1624 2894 pro
1691 2823 1928 2893 peccatis

359 2921 586 2977 nostris.
614 2922 708 2976 Est
736 2922 882 2976 enim
915 2921 961 2975 is
985 2920 1171 2991 Agnus
1205 2918 1323 2984 Dei,
1360 2919 1450 2989 qui
1482 2917 1620 2972 tollit
1648 2924 1931 2986 peccatum

359 3010 569 3076 mundi,
590 3010 761 3065 hostia
783 3009 1038 3064 nimirum
1065 3023 1163 3079 pro
1186 3008 1397 3064 cunctis
1423 3006 1751 3063 hominibus.
1771 3005 1934 3060 Novis

359 3101 658 3172 mysteriis,
705 3115 844 3156 novo
886 3099 1092 3156 findere
1138 3099 1314 3165 inito,
1342 3100 1622 3170 antiquum
1673 3096 1926 3152 exolevit.

2034 1902 2128 1955 τοῦ
2162 1902 2276 1972 βίου
2300 1899 2542 1972 διεξῆλθε
2559 1899 2759 1970 λόγοις,
2793 1899 2863 1953 τὰ
2895 1899 2982 1953 διὰ
3003 1899 3103 1952 τοῦ
3123 1900 3401 1972 προφήτου
3422 1900 3621 1970 Δανιὴλ

2033 1995 2162 2064 περὶ
2179 1991 2274 2046 τοῦ
2331 1993 2718 2064 Ἀντιχρίστου,
2771 1991 2994 2062 καὶτῆς
3041 1990 3136 2045 τοῦ
3171 1992 3422 2063 Σωτῆρος
3463 1992 3620 2062 ἡμῶν

2033 2085 2244 2150 ἐνδόξου
2278 2083 2555 2154 βασιλείας
2579 2083 2981 2155 τεθεσπισμένα
3009 2084 3390 2155 πιστούμενος.

2105 2185 2179 2243 ς’.
2245 2176 2849 2246 Ἐξολοθρευθήσεται
2897 2177 3146 2245 χρίσμα.
3204 2176 3491 2230 Εὑσεϐίου.
3545 2175 3626 2230 Τὸ

2032 2270 2254 2341 ἄκριτον
2295 2269 2389 2322 καὶ
2426 2267 2744 2340 παράνομον
2785 2267 2964 2320 αὐτῶν
3013 2265 3401 2320 διαϐάλλουσα’
3447 2264 3624 2328 οὕτως

2031 2361 2087 2415 δὲ
2110 2362 2204 2415 καὶ
2237 2361 2332 2414 ἐπὶ
2359 2364 2459 2432 τῆς
2493 2361 2686 2424 θυσίας
2707 2360 2804 2414 καὶ
2827 2363 2927 2432 τῆς
2955 2360 3190 2432 σπουδῆς
3214 2358 3624 2431 συμϐεϐηκέναι

2033 2453 2253 2524 φήσεις·
2292 2451 2467 2522 ὀρθῶς
2507 2454 2605 2524 μὲν
2647 2453 2743 2506 καὶ
2775 2452 2914 2506 κατὰ
2951 2452 3114 2524 νόμον
3143 2452 3250 2524 πρὸ
3291 2450 3385 2504 τοῦ
3413 2449 3623 2512 πάθους

2031 2545 2124 2599 τοῦ
2155 2546 2408 2616 Σωτῆρος
2432 2544 2592 2617 ἡμῶν
2613 2545 3040 2616 ἐπιτελουμένης
3056 2545 3145 2598 διὰ
3161 2544 3258 2616 τὴν
3281 2545 3361 2609 είς
3390 2543 3469 2596 ἔτι
3497 2543 3620 2596 τότε

2032 2634 2100 2688 τὰ
2142 2635 2251 2689 τῶν
2291 2635 2461 2704 ἁγίων
2499 2635 2682 2690 τόπων
2712 2635 2997 2708 ἐφορῶσαν
3037 2635 3264 2706 δύναμιν
3287 2651 3300 2664 ·
3333 2651 3628 2706 περιαιρεο

2034 2725 2220 2796 θείσης
2242 2724 2300 2778 δὲ
2322 2724 2522 2779 αὐτίκα
2552 2725 2690 2796 μετὰ
2714 2725 2812 2796 τὴν
2841 2723 3008 2778 αὐτοῦ
3033 2723 3245 2776 τὲλειαν
3273 2723 3369 2776 καὶ
3385 2723 3619 2794 θεοπρε-

2033 2818 2108 2889 πῆ
2142 2816 2350 2882 θυσίαν,
2377 2818 2442 2888 ἢν
2471 2817 2843 2889 προσήνεγκεν
2871 2816 3034 2879 αὐτὸς
3075 2813 3266 2869 ἑαυτὸν
3313 2814 3456 2886 ὑπὲρ
3509 2815 3621 2868 τῶν

2034 2908 2315 2982 ἁμαρτιῶν
2349 2908 2543 2979 ήμῶνο
2592 2908 2754 2972 αὑτός
2787 2925 2847 2961 τε
2878 2907 2954 2961 ὢν
2983 2909 3015 2960 ὁ
3063 2907 3259 2978 Ἀμνὸς
3280 2904 3374 2960 τοῦ
3413 2905 3553 2960 Θεοῦ
3590 2909 3626 2960 ὁ

2033 3000 2204 3073 αἴρων
2235 3000 2334 3073 τὴν
2365 3001 2640 3072 ἁμαρτίαν
2660 2999 2756 3054 τοῦ
2782 3000 2984 3072 κόσμου
3006 3001 3086 3064 εἰς
3109 2998 3299 3053 θυσίαν
3329 3000 3496 3052 πᾶσιν
3521 2999 3621 3052 άν-

2034 3093 2298 3166 θρὼποις·
2324 3092 2465 3149 κατὰ
2493 3094 2560 3148 τὰ
2585 3095 2746 3148 καινὰ
2783 3095 3058 3166 μυστήρια
3086 3093 3185 3164 τῆς
3218 3091 3411 3162 καινῆς
3429 3092 3620 3163 διαθή-

361 3193 534 3249 Simul
573 3207 640 3248 ac
683 3193 826 3247 enim
873 3190 1153 3246 oraculum
1193 3190 1321 3245 illud
1363 3192 1692 3260 completum
1724 3198 1828 3255 est,
1859 3188 1926 3243 Et

2038 3205 2133 3260 κης
2161 3186 2579 3260 παραδοθείσης,
2610 3187 2680 3240 τὰ
2717 3187 2816 3258 τῆς
2855 3185 3092 3249 παλαιᾶς
3127 3184 3416 3256 περιῄρετο
3435 3201 3449 3214 ·
3478 3183 3622 3256 ὁμοῦ

357 3283 628 3339 roborabit
661 3282 829 3352 {trdus
872 3280 1055 3336 multis
1088 3281 1421 3336 hebdomada
1463 3289 1603 3348 una,
1650 3279 1931 3350 antiquum

362 3375 539 3432 fmdus
569 3375 749 3431 desiit.

2032 3277 2141 3350 γὰρ
2161 3278 2222 3331 τὸ
2251 3277 2588 3349 πληροῦσθαι
2625 3277 2686 3331 τὸ
2715 3277 2923 3347 φάσκον
2970 3277 3168 3346 λόγιον,
3201 3276 3312 3331 Καὶ
3347 3273 3622 3344 δυναμὼ-

2035 3383 2130 3423 σει
2147 3369 2443 3439 διαθήκην
2474 3369 2726 3438 πολλοῖς
2745 3369 2998 3440 ἑϐδομὰς
3013 3371 3142 3439 μία,
3171 3369 3242 3423 τὰ
3259 3371 3359 3440 τῆς
3380 3368 3623 3431 παλαιᾶς

2031 3463 2294 3535 διαθήκης
2321 3462 2633 3535 περιῄρετο.

3278 3640 3590 3658 -⁴

437 3727 966 3806 CatenteGraacee,
999 3743 1150 3806 cura
1173 3727 1228 3786 J.
1264 3727 1336 3806 ᾼ.
1366 3725 1649 3806 Crameri
1679 3742 1849 3788 anno
1902 3725 2056 3789 181th
2095 3728 2334 3790 Oxonii
2387 3726 2597 3799 editae,
2659 3727 2782 3789 sub
2813 3725 3098 3806 Eusebii,
3126 3727 3390 3790 nomine
3440 3726 3616 3806 frag-

360 3814 571 3893 menta
604 3804 757 3893 satis
787 3803 1095 3893 amplam
1127 3803 1489 3893 Mattbwum
1522 3812 1583 3864 et
1619 3804 2029 3893 indemnem
2067 3807 2408 3893 exbibent._
2439 3806 2596 3893 post:
2629 3807 3019 3893 ver-botenus
3069 3805 3381 3893 derivavit
3405 3803 3612 3893 colle:

361 3891 604 3962 ctorex
640 3881 909 3962 Eusebii
930 3881 1395 3962 Quwstionibus
1438 3881 1811 3961 euangelicis
1867 3900 2063 3962 supra
2101 3885 2323 3947 editis.
2378 3883 2521 3944 Alia
2557 3885 2826 3960 insuper
2876 3884 3040 3946 bene
3093 3883 3293 3946 multa
3336 3901 3483 3962 qua)
3529 3885 3610 3945 ad

361 3960 621 4040 eosdem
651 3959 1077 4038 evangelistas
1113 3969 1176 4020 et
1208 3959 1610 4040 ad‘Marcum'
1637 3959 1971 4040 spectant;
2003 3970 2240 4024 catenae
2289 3963 2549 4040 Niseia},
2607 3959 3025 4036 POSsiniante,
3068 3959 3474 4025 Corderianee
3519 3962 3617 4023 in—

365 4045 554 4122 serta,
583 4037 884 4116 leguntur
915 4045 1046 4122 tum
1072 4055 1263 4122 supra
1295 4037 1852 4122 in_Suppletnento
1883 4039 2308 4116 Quaestionum
2342 4039 2423 4101 ad
2449 4041 2832 4121 Stephanum
2855 4085 2872 4117 ,
2918 4047 3054 4104 tum
3087 4041 3157 4102 in
3189 4043 3488 4122 sequenti
3530 4041 3614 4102 ad

372 4117 601 4178 Lucam
634 4118 1107 4179 commentario.
1149 4119 1330 4179 EDIT.
1364 4118 1558 4179 Pam.

1133 4359 1892 4560 EU’SEBIUS
1980 4433 2142 4557 IN
2217 4431 2806 4564 LUCAM.

781 4666 1008 4737 (Angela
1038 4665 1165 4735 MAI,
1193 4664 1520 4721 Bibliotheca
1549 4682 1680 4721 nova
1711 4664 1957 4734 Patrum,
1994 4676 2124 4723 tom.
2161 4667 2250 4734 ιν,
2286 4685 2409 4741 pag.
2440 4671 2560 4728 159.
2598 4672 2782 4728 Romae
2813 4672 2972 4739 1847,
3007 4673 3060 4727 in
3083 4671 3182 4743 4ο.)

1936 4829 2006 4842 σι..

1673 5003 2299 5098 MONITUM.

433 5201 598 5267 Quem
633 5201 688 5255 in
717 5200 1144 5271 subsequentibus
1173 5198 1382 5270 paginis
1415 5199 1609 5253 edituri
1635 5213 1817 5251 sumus
1875 5195 2090 5251 Eusebii
2139 5197 2593 5263 commentarium,
2642 5196 2932 5267 uel'potius
2982 5198 3097 5267 ejus
3139 5207 3316 5267 partes
3341 5199 3410 5251 ad
3455 5191 3655 5254 Luca?

361 5291 728 5365 annqelium,
760 5309 825 5348 ex
853 5303 1083 5364 quatuor
1126 5294 1445 5362 sumpsimus
1472 5293 1800 5347 bibliotheca:
1843 5291 2113 5345 Vaticana:
2144 5291 2438 5349 codicibus.
2471 5291 2709 5348 'Primus
2739 5303 2838 5358 est,
2869 5310 3022 5364 quem
3059 5294 3396 5364 desiguamus
3431 5295 3616 5348 littera

362 5389 427 5456 Α,
455 5404 678 5458 magnus
707 5387 798 5442 ille
830 5397 1034 5443 catena:
1066 5387 1286 5441 Patrum
1319 5386 1629 5442 Grecorum
1658 5391 1714 5442 in
1745 5385 1947 5440 Lucam
1973 5387 2158 5450 codex,
2191 5399 2410 5441 auctore
2456 5387 2646 5442 Νίσαια
2677 5388 2960 5444 Serrorum
2997 5389 3259 5458 episcopo,
3306 5388 3462 5457 cujus
3513 5405 3609 5444 nos

364 5497 559 5536 catena
587 5493 787 5550 partem
815 5485 1125 5538 mediocrem
1147 5483 1265 5550 jam
1292 5482 1555 5536 edidimus
1591 5490 1733 5537 tomo
1765 5497 1823 5536 Ix
1855 5479 2056 5549 Script.
2098 5489 2232 5548 vet.,
2264 5492 2475 5552 excepto
2506 5479 2754 5550 Eusebio,
2796 5499 2949 5555 quem
2979 5485 3262 5551 separatim
3316 5488 3446 5537 dare
3492 5499 3617 5536 con-

361 5577 729 5645 stitueramus;
753 5588 962 5648 excepto
991 5578 1113 5632 item
1143 5575 1364 5647 Cyrillo,
1395 5587 1446 5630 et
1470 5576 1592 5632 aliis
1623 5576 1846 5648 aliquot,
1882 5578 1946 5634 de
1974 5576 2162 5648 quibus
2189 5576 2320 5631 alibi
2343 5575 2500 5632 verba
2534 5576 2774 5646 fecimus.
2802 5575 3079 5633 Secundus
3108 5588 3183 5634 est
3221 5578 3386 5632 codex
3407 5580 3618 5649 priscus

433 5753 480 5787 ι·
509 5754 526 5809 ι
556 5750 748 5812 Thess.
779 5710 848 5824 IV,
885 5755 970 5813 to.
1059 5757 1101 5792 ι·
1139 5753 1184 5810 ιι
1225 5753 1417 5814 Thess.
1445 5771 1508 5827 ιι,
1541 5758 1596 5816 5.
