3858 6214
250 312 360 369 529
1423 303 1930 363 COMMENTARIA
1966 303 2034 358 IN
2076 300 2345 373 LUCAM.‘
3398 301 3502 359 5‘30

256 429 543 484 Palatinus
580 426 722 489 ναι,
757 443 789 481 a
817 426 964 481 nobis
998 424 1277 480 denotatus
1306 425 1481 480 littera
1512 425 1580 493 Β,
1608 425 1699 495 qui
1731 425 1931 494 pariter
1961 432 2206 477 catenam
2232 420 2385 474 habet
2409 418 2477 473 ad
2510 418 2728 484 Lucam,
2761 418 2825 472 ab
2854 416 2951 472 illa
2979 415 3183 473 Niceti:
3212 416 3501 472 aiversam.

253 526 465 580 Tertius
496 534 572 579 est
610 523 836 579 Macarii
863 521 1272 593 Chrysocephali
1302 522 1467 576 codex
1496 520 1545 574 E
1586 520 1707 578 Vat.
1742 522 1869 575 item
1902 519 2160 585 ineditus,
2191 519 2362 571 uarios
2401 515 2515 586 ejus
2558 517 2614 570 in
2645 514 2843 570 Lucam
2888 524 3149 570 tractatus
3201 515 3500 579 continens,

249 634 320 673 ea:
357 617 633 681 Patribus,
694 634 823 688 quos
872 618 1010 671 inter
1065 625 1143 671 est
1171 617 1327 671 etiam
1380 615 1668 683 Eusebius,
1702 617 1771 670 ad
1815 616 2045 670 litteram
2108 613 2517 682 nominatimque
2562 611 2975 667 consarcinatae.
3023 610 3257 676 Quartus
3286 612 3504 681 denique

250 716 423 769 codex
454 713 839 768 Ottobonianus
878 712 1001 768 Vat.
1037 729 1183 781 teque
1213 722 1459 767 catenam
1489 712 1558 767 ad
1594 712 1791 767 Lucam
1827 712 2124 777 continens,
2157 724 2308 778 quem
2335 708 2569 762 codicem
2599 716 2917 776 postremum
2963 723 3080 761 cum
3112 707 3502 775 inspiceremus,

244 822 446 881 preter
483 808 596 863 alia
625 826 746 863 cum
777 810 1049 874 pra'dictis
1084 809 1350 864 codicibus
1378 810 1745 879 congruentia,
1776 823 1908 861 nova
1939 806 2111 860 adhuc
2166 803 2385 858 Eusebii
2434 804 2737 874 fragmenta
2771 802 2916 856 nacti
2959 818 3159 856 sumus.
3198 800 3354 855 Hunc
3388 802 3502 855 dis-

248 908 540 977 tinguimus
573 914 698 959 nota
729 904 792 959 L.
818 905 945 960 1am
971 922 1091 961 vero
1124 915 1325 960 catena:
1355 903 1579 958 Patrum
1611 903 1667 957 in
1699 900 1923 969 Lucam,
1951 911 2144 969 praeter
2191 910 2427 955 nostram
2460 897 2701 954 Graecam
2731 913 2892 965 quam
2920 897 3175 964 diximus,
3229 897 3349 950 duae
3390 894 3497 949 La-

247 1004 368 1056 tino
400 1010 608 1055 tantum
658 1017 896 1056 sermone
936 1002 1089 1054 editae
1133 998 1430 1063 exstabant,
1486 997 1592 1051 diui
1644 996 1898 1050 nimirum
1952 993 2164 1049 Thoma:
2200 992 2508 1062 Aquinatis,
2544 988 2943 1044 etBalthasaris
2975 987 3247 1054 Corderii;
3281 1004 3504 1059 quarum

242 1099 399 1168 prior
429 1101 627 1163 rarius,
675 1098 843 1151 altera
888 1095 1149 1168 copiosius
1194 1094 1481 1149 Eusebium
1528 1093 1666 1147 inter
1694 1099 1911 1147 cwteros
1944 1090 2133 1145 Patres
2165 1090 2423 1168 recitant.
2464 1084 2833 1140 Verumtamen
2875 1081 3093 1139 Graecus
3127 1082 3299 1162 adhuc
3331 1091 3504 1135 textus

241 1204 395 1249 totus
431 1194 671 1259 latebat;
704 1203 752 1247 et
783 1192 952 1246 multa
982 1193 1195 1261 insuper
1225 1208 1287 1245 ne
1315 1189 1504 1244 Latine
1534 1188 1740 1259 quidem
1773 1187 1985 1258 cognita
2011 1192 2184 1241 erant.
2213 1182 2386 1237 Porro
2403 1162 2476 1236 .in
2510 1178 2698 1235 Grmca
2745 1188 2953 1243 catena,
3001 1193 3162 1248 quam
3212 1175 3507 1243 nuperrime

242 1291 331 1343 uir
373 1289 441 1343 cl.
480 1287 538 1346 J.
577 1292 642 1342 A.
673 1287 957 1342 Cramerus
999 1285 1202 1342 Oxonii
1231 1286 1421 1355 edidit,
1461 1300 1722 1355 quamque
1763 1299 1856 1355 ego
1894 1283 1978 1337 his
2014 1280 2196 1335 diebus
2221 1293 2287 1334 ea:
2308 1275 2504 1348 Anglia
2537 1275 2739 1345 accepi,
2783 1272 2987 1327 nullum
3024 1285 3238 1335 prorsus
3286 1265 3506 1322 Eusebii

240 1382 460 1436 verbum
489 1382 757 1437 recitatur.

922 1671 1743 1831 ΕΥΣΕΒΙΟΥ
1820 1660 2817 1802 ΚΑΙΣΑΡΕΙΑΣ

843 1919 1014 2006 ΕΙΣ
1087 1919 1236 2003 ΤΟ
1311 1906 1613 2000 ΚΑΤΑ
1684 1907 2144 1999 ΛΟΥΚΑΝ
2217 1902 2944 1995 ΕΥΑΓΓΕΛΙΟΝ.

625 1494 3471 1535 -,-.-.-.--.-.ε---.----------------

259 1516 625 1540 —-——

1058 2274 1609 2397 EUSEBII
1688 2190 2661 2388 CIESARlENSlS

675 2515 1528 2610 COMMENTARII
1606 2511 1731 2601 IN
1808 2507 2147 2600 LUC/E
2219 2497 3007 2599 EVANGELIUM

1046 2705 1388 2777 QUANTUM
1430 2701 1788 2762 SUPEREST
1826 2700 1894 2757 1N
1930 2692 2287 2756 CODlClBUS
2328 2689 2712 2750 VATICANIS.

250 3024 356 3077 Ἐν
400 3020 529 3087 ταῖς
586 3018 835 3089 ἡμέραις
890 3015 1143 3089 Ἡρῴδου
1204 3014 1311 3070 τοῦ
1367 3014 1673 3079 ,ϐασιλέως
1729 3012 1825 3080 τῆς

2183 3011 2229 3042 ⁸ο
2273 3008 2340 3063 In
2381 3007 2560 3062 diebus
2608 3003 2834 3059 Herodis
2863 3001 3072 3056 Judceaz
3102 2999 3254 3072 regis.

891 3086 1195 3152 Ἰουδαίας.
1426 3111 1436 3120 -

326 3162 394 3214 Ἠ
425 3160 533 3230 γὰρ
581 3158 675 3211 τοῦ
722 3157 890 3211 Ἰούδα
932 3156 1071 3227 φυλὴ
1112 3146 1318 3212 ἄνωθεν
1373 3152 1441 3229 ἦν
1483 3154 1703 3229 ἀρχικὴ,
1736 3155 1830 3207 καὶ

241 3256 433 3326 ἡγεῖτο
461 3253 677 3306 πάντων
720 3250 825 3313 ἓως
855 3244 995 3320 ἦσαν
1042 3248 1348 3321 αὐτόνομοι,
1383 3250 1524 3304 κατὰ
1559 3252 1655 3321 τὴν
1703 3267 1829 3321 προ-

240 3346 495 3417 φητείαν.
547 3341 729 3397 *Ησαν
783 3342 841 3395 δὲ
898 3340 1061 3412 μέχρι
1104 3340 1213 3398 τῶν
1267 3341 1576 3409 Αὐγούστου
1621 3342 1827 3413 χρόνων

240 3439 522 3510 ἐλεύθεροι
548 3438 642 3492 καὶ
661 3434 968 3505 αὐτόνομοι,
1003 3432 1124 3487 καθ’
1157 3433 1237 3499 ὃν,
1272 3435 1511 3507 Χριστοῦ
1547 3435 1825 3503 φανέντος,

238 3534 307 3587 τὸ
332 3533 484 3595 ἔθνος
509 3531 652 3585 ἅπαν
673 3529 991 3583 δεδούλωται
1010 3547 1023 3559 ·
1058 3531 1147 3583 ὅτε
1172 3529 1264 3582 καὶ
1295 3528 1511 3600 πρῶτος
1534 3528 1827 3597 ἀλλόφυλος

238 3626 425 3682 αὐτῶν
454 3625 700 3697 Ἡρώδης
728 3625 996 3696 ἡγήσατο,
1020 3625 1115 3677 καὶ
1149 3623 1400 3694 βασιλεὺς
1448 3622 1774 3691 Αὔγουστος,
1798 3624 1827 3675 ὁ

239 3721 343 3774 καὶ
366 3719 469 3789 τὴν
492 3719 665 3790 ἀρχὴν
690 3718 1002 3789 ἐγχειρίσας
1034 3716 1183 3787 αὐτῷ
1216 3716 1357 3787 μετά
1369 3716 1468 3787 τῆς
1501 3716 1824 3786 συγκλήτου,

239 3812 344 3881 τῆς
368 3810 691 3880 οἰκουμένης
726 3805 840 3879 εἷχε
868 3810 938 3863 τὰ
983 3809 1260 3880 σκῆπτρα.
1294 3804 1403 3861 Ἦν
1428 3808 1484 3862 δὲ
1523 3811 1551 3861 ὁ
1588 3808 1827 3879 Ἡρώδης

241 3901 307 3966 ἐξ
367 3900 721 3970 Ἀντιπάτρου
778 3897 1038 3968 γεγονὼς,
1088 3898 1149 3951 τὸ
1198 3898 1355 3966 γένος
1409 3898 1825 3963 Ἀσκαλωνίτου,

244 3992 551 4062 ἱεροδούλου
567 3991 923 4054 Ἀπόλλωνος,
952 3993 1045 4045 καὶ
1073 3992 1360 4062 Κυπρίνης
1387 3990 1500 4061 (44)
1530 3991 1591 4056 ἐξ
1627 3992 1827 4064 Ἀῥρά-

243 4085 357 4137 ϐων
383 4084 609 4154 μητρός.
646 4074 815 4146 Οὗτος
860 4082 990 4153 γὰρ,
1016 4084 1110 4135 τὸν
1144 4085 1208 4136 ὲκ
1232 4083 1483 4154 διαδοχῆς
1508 4083 1617 4137 τῶν
1640 4085 1826 4155 ἀρχιε-

245 4178 386 4249 ρέων
408 4176 636 4228 ὕστατον
668 4175 1291 4247 ἡγησάμενονὙρκανὺν
1312 4174 1534 4239 ἀνελὼν,
1564 4176 1826 4230 Ἰουδαίων

243 4272 634 4345 ἀναγορεύεται
689 4268 959 4339 βασιλεύς.
1014 4265 1215 4320 Τούτου
1266 4265 1360 4318 καὶ
1401 4263 1496 4318 νῦν
1541 4266 1570 4317 ὁ
1614 4266 1828 4327 Λουκᾶς

2006 3173 2227 3229 Scilicet
2259 3170 2411 3226 Judze
2436 3168 2612 3224 tribus
2638 3166 2766 3223 olim
2820 3165 3254 3235 principabatur,
3300 3162 3507 3233 totique

1935 3265 2078 3335 genti
2120 3262 2449 3332 imperabat,
2495 3261 2669 3315 donec
2724 3255 2893 3313 Judaei
2951 3256 3032 3311 sui
3078 3255 3220 3327 juris
3265 3252 3505 3317 fuerunt,

1935 3357 2232 3412 secundum
2264 3352 2604 3423 prOphetiam
2626 3350 2694 3403 δι.
2724 3349 2963 3404 Fuerant
2992 3349 3208 3417 quidem
3256 3348 3311 3402 bi
3349 3346 3508 3402 liberi

1934 3449 2277 3519 propriisque
2325 3443 2534 3514 legibus
2561 3450 2776 3497 utentes
2811 3454 2984 3509 usque
3016 3439 3082 3492 ad
3113 3438 3340 3509 Augusti
3374 3446 3507 3491 mta-

1935 3552 2067 3603 tem,
2119 3554 2227 3609 quo
2296 3548 2560 3607 tempore,
2609 3543 2909 3604 apparente
2949 3531 3193 3596 Christo,
3250 3531 3505 3585 universa

1933 3648 2067 3704 gens
2094 3633 2147 3686 in
2177 3630 2453 3686 servitium
2488 3628 2707 3682 redacta
2732 3626 2847 3697 jam
2874 3633 3011 3689 erat,
3039 3632 3094 3677 et
3127 3623 3338 3693 primus
3369 3622 3506 3677 alie-

1935 3725 2128 3794 nigena
2201 3721 2582 3776 dominabatur
2642 3718 2887 3775 Herodes
2938 3736 2953 3784 ;
3017 3717 3315 3785 imperator
3377 3730 3508 3769 vero

1933 3822 2233 3885 Augustus,
2266 3815 2355 3883 qui
2384 3823 2438 3868 et
2468 3813 2542 3867 illi
2578 3828 2647 3866 ex
2688 3820 2913 3868 senatus
2958 3807 3205 3863 consulto
3232 3806 3506 3876 principa-

1936 3916 2047 3961 tum
2104 3906 2387 3966 detulerat,
2444 3905 2685 3958 universi
2729 3902 2878 3958 orbis
2934 3909 3209 3969 sceptrum
3260 3899 3503 3953 tenebat.

1935 4000 2065 4053 Erat
2094 4007 2273 4053 autem
2311 3997 2550 4051 Herodes
2586 3994 2862 4064 Antipatri
2910 3988 3299 4046 Ascalonensis
3340 3987 3508 4051 ﬁlius,

1934 4091 2201 4161 Apollinis
2230 4089 2534 4144 ministerio
2563 4086 2786 4151 addicti,
2819 4094 2996 4139 matre
3034 4083 3271 4154 Cyprina
3302 4080 3505 4134 Arabe.

1935 4184 2035 4239 llic
2064 4184 2231 4247 enim,
2263 4179 2622 4236 sacerdotalis
2656 4176 3026 4232 successionis
3054 4184 3330 4245 postremo
3358 4174 3512 4243 prin-

1934 4275 2055 4344 cipe
2100 4273 2350 4343 llyrcano
2397 4269 2596 4333 occiso,
2646 4264 2959 4320 Judteorum
3016 4262 3364 4318 renuntiatus
3414 4274 3512 4313 rex

247 4364 547 4435 μέμνηται,
574 4362 662 4415 ἵνα
698 4360 970 4431 δείξῃ,ὅτι
1009 4356 1224 4427 ἀληθῶς
1274 4351 1440 4427 ἦλθεν
1490 4357 1519 4408 ὁ
1570 4356 1825 4427 Χριστὸς,

1942 4368 2052 4421 Γυίι.
2093 4364 2261 4435 Hujus
2304 4378 2449 4418 nunc
2498 4361 2747 4415 meminit
2807 4359 3004 4421 Lucas,
3058 4365 3118 4409 ut
3169 4355 3512 4409 demonstret

243 4455 577 4507 ἐκλιπόντων
601 4452 709 4505 τῶν
749 4451 901 4523 παρά
938 4454 1049 4515 τοῖς
1089 4447 1363 4512 Ἰουδαίοις
1392 4448 1667 4519 ἀρχόντων
1694 4448 1833 4502 κατά

241 4544 345 4615 τὴν
380 4543 734 4613 προφητείαν.

238 4636 357 4690 Καὶ
408 4630 540 4689 εἶπε
588 4632 887 4719 Ζαχαρίας
926 4630 1083 4719 Λπράς
1110 4630 1231 4719 τὸ]
1258 4629 1548 4719 ῖᾷγγελον·
1578 4629 1741 4683 Κατὰ
1772 4629 1830 4681 τι

768 4717 1072 4772 γνωσομαι
1097 4717 1311 4764 τουτο;

317 4796 477 4852 Ποῖον
500 4796 726 4866 σημεῖον
750 4791 1015 4856 δεικνύεις
1053 4810 1161 4863 μοι,
1182 4793 1336 4863 φησὶ,
1372 4792 1460 4846 ἴνα
1486 4790 1692 4845 πεισθῶ
1716 4794 1824 4854 τοῖς

244 4887 355 4941 ὑπὸ
412 4887 507 4940 σοῦ
563 4886 1040 4959 προφητευθεῶιν,
1105 4886 1180 4949 ὡς
1240 4885 1490 4957 μέλλουσι
1542 4883 1826 4954 γίνεσθαι;

246 4978 441 5047 Σχεδὸν
468 4978 577 5049 γὰρ
613 4977 763 5049 παρά
789 4977 949 5046 φύσιν
983 4978 1101 5030 ἐστὶ
1129 4977 1189 5031 τὸ
1211 4976 1398 5047 λεχθέν
1417 4994 1430 5007 ·
1468 4979 1516 5029 οἱ
1549 4975 1656 5050 γὰρ
1698 4994 1830 5049 προ-

244 5067 543 5138 ϐεϐηκότες
570 5069 630 5122 οὐ
655 5069 1045 5137 γονοποιοῦσιν.
1064 5069 1211 5122 Ἔδει
1232 5069 1287 5122 δὲ
1307 5070 1381 5140 μὴ
1406 5070 1541 5141 πρὸς
1570 5070 1631 5122 τὸ
1652 5070 1828 5141 γῆρας

246 5160 461 5231 ἀφορᾷν
491 5161 551 5213 τὸ
597 5160 791 5214 ἑαυτοῦ
836 5162 930 5216 καὶ⁵
959 5162 1239 5231 γυναικὸς,
1274 5161 1411 5217 ἀλλὰ
1438 5163 1577 5234 πρὸς
1610 5164 1708 5233 τὴν
1736 5162 1829 5216 δύ-

248 5268 412 5322 ναμιν
434 5252 530 5305 τοῦ
575 5252 1047 5325 ἐπαγγελλομένου
1100 5252 1257 5307 Θεοῦ.
1306 5253 1468 5307 Ἀλλὰ
1500 5254 1568 5308 τὰ
1620 5254 1833 5324 μεγάλα

247 5337 549 5408 δυσέφικτα
578 5344 692 5404 τοῖς
742 5341 1068 5413 ἀνθρώποις,
1120 5344 1215 5396 καὶ
1267 5342 1627 5412 συγγινώσκει
1667 5344 1829 5409 Θεός’

249 5433 346 5485 καὶ
373 5434 483 5505 γὰρ
530 5434 638 5487 οὐδ’
666 5436 828 5500 αὐτὸς
863 5436 1111 5508 Ἀϐραὰμ
1161 5439 1238 5501 ὼς
1280 5439 1447 5509 ὲχρῆν
1495 5438 1833 5509 ἐπίστευσεν,

245 5524 388 5580 ἀλλὰ
410 5527 480 5579 τὰ
504 5526 696 5599 πρῶτα
712 5530 803 5582 καὶ
825 5530 1051 5597 ἐγέλασε
1079 5532 1173 5585 καὶ
1193 5527 1362 5584 εἶπεν·
1383 5550 1402 5583 ι
1420 5531 1485 5585 El
1509 5531 1587 5603 τῷ
1612 5533 1835 5590 ἑκατον-

321 5647 370 5681 ⁶⁸
396 5646 528 5701 Luc.
571 5663 615 5712 l,
641 5648 698 5703 5.
773 5649 817 5680 ⁸¹
843 5648 977 5705 Gen.
1007 5668 1154 5721 χιιι,
1183 5651 1267 5707 10.
1345 5652 1390 5685 ⁴⁹
1412 5652 1544 5711 Luc.
1585 5671 1624 5724 ι,
1686 5657 1770 5716 18.

331 5736 445 5809 (Η)
479 5739 615 5796 Cod.
649 5738 711 5809 Ε,
733 5741 1029 5814 Κυπρίδος.

1940 4473 2065 4513 vere
2124 4456 2337 4509 venisse
2397 4455 2715 4518 Christum,
2791 4448 3135 4506 cessantibus
3199 4445 3511 4499 Judteorum

1937 4549 2176 4619 propriis
2201 4548 2564 4618 principibus,
2600 4554 2760 4614 prout
2793 4541 3114 4613 praedictum
3143 4538 3343 4617 fuerat.

2010 4641 2056 4672 δ’
2084 4639 2153 4693 Ει
2190 4641 2327 4694 dixit
2362 4639 2549 4709 angelo
2584 4635 2902 4700 Zacharias,
2930 4633 3069 4687 unde
3097 4632 3197 4685 hoc
3230 4629 3435 4684 sciam!

2013 4801 2294 4869 Quodnam
2324 4798 2457 4853 mihi
2494 4798 2709 4867 signum
2739 4796 3002 4860 ostendis,
3037 4807 3145 4862 quo
3176 4792 3348 4846 fretus
3387 4804 3510 4844 cre-

1933 4896 2056 4949 dam
2108 4892 2374 4947 vaticinio
2428 4898 2546 4954 tuo,
2610 4898 2864 4958 tanquam
2920 4885 3027 4940 ﬁde
3072 4900 3179 4938 non
3232 4881 3510 4937 carituro?

1934 4984 2069 5039 Nam
2098 4984 2243 5054 quod
2278 4984 2362 5037 ais
2391 5021 2406 5048 ,
2443 4990 2642 5051 przcter
2671 4989 2920 5035 naturam
2971 4977 3357 5047 propemodum
3393 4986 3508 5040 est;

1936 5080 2096 5133 senes
2120 5078 2264 5130 enim
2303 5076 2718 5145 haudquaquam
2765 5061 3082 5143 precreant.
3132 5071 3298 5141 Atqui
3345 5083 3511 5138 opor-

1940 5169 2086 5225 tebat
2114 5169 2436 5224 Zachariam
2472 5169 2615 5222 haud
2649 5168 2716 5222 de
2749 5183 2848 5223 suo
2876 5176 2933 5222 et
2964 5165 3153 5221 uxoris
3202 5162 3374 5230 senio,
3413 5162 3510 5217 sed

1936 5262 2003 5318 de
2032 5261 2401 5332 promittentis
2451 5261 2544 5316 Dei
2586 5262 2828 5329 potentia
2878 5262 3136 5332 cogitare.
3185 5259 3506 5328 Quanquam

1936 5370 2025 5410 res
2058 5369 2282 5426 magnas
2311 5370 2453 5426 aegre
2481 5355 2581 5411 sibi
2599 5356 2851 5410 homines
2881 5353 3243 5424 persuadent:
3281 5351 3510 5419 ideoque

1939 5446 2082 5501 Deus
2108 5446 2445 5524 indulgentia
2477 5448 2667 5503 utitur.
2702 5446 2838 5503 Nam
2886 5462 2956 5504 ne
3001 5445 3344 5502 Abrahamus
3386 5443 3511 5516 qui-

1942 5539 2069 5596 dem
2099 5549 2264 5612 prout
2305 5557 2442 5613 opus
2469 5551 2587 5600 erat
2614 5542 2870 5613 credidit,
2921 5544 3020 5599 sed
3064 5542 3222 5599 initio
3263 5542 3386 5599 risit
3421 5542 3509 5597 di-
