3858 6214
385 289 484 347 551

1091 288 1363 348 EUSEBII
1399 290 1875 350 CESARIENSIS
1909 291 2063 349 OPP.
2101 291 2284 348 PARS
2320 291 2414 348 III.
2447 322 2518 334 —
2554 291 2968 347 EXECETIIZA.

3536 293 3640 348 552

382 419 516 461 cens
539 421 556 460 :
597 422 616 455 t
646 402 782 458 Num
802 402 1116 458 centenario
1132 404 1247 459 viro
1267 404 1410 460 (ilius
1425 415 1677 460 nascetur
1694 403 1775 459 “1?
1795 425 1817 458 ›
1832 403 1948 458 Tun

2070 405 2250 459 ταέτει
2295 408 2586 476 γενήσεται
2627 405 2738 468 υἱός
2766 422 2780 470 ;
2830 423 2848 456 t
2881 403 2976 457 καὶ
3011 406 3044 476 ἡ
3077 404 3261 476 Σάῤῥα
3285 405 3343 458 δὲ
3368 404 3641 474 γελάσασα

384 514 515 554 vero
567 507 622 552 et
681 497 820 552 Sara
875 505 1098 566 propter
1151 496 1321 553 risum
1378 498 1707 566 reprehensa
1754 496 1856 550 fuit
1885 496 1950 550 ⁸⁸.

385 593 544 649 Modo
577 601 757 647 autem
788 591 968 645 verbis
996 588 1252 658 objurgat
1277 589 1438 655 Deus,
1469 589 1627 643 modo
1658 587 1791 658 ipsis
1821 602 1954 656 ope-

2060 494 2318 566 ὲμέμφθη
2367 496 2514 550 τότε.
2567 495 2705 549 Ποτὲ
2757 496 2854 566 μὲν
2905 494 3014 565 γὰρ
3067 494 3208 566 λόγῳ
3245 495 3390 566 μόνῳ
3431 497 3460 548 6
3509 494 3641 558 Θεὸς

2061 584 2361 655 μέμφεται,
2393 585 2522 638 ποτὲ
2573 585 2629 638 δὲ
2671 585 2761 638 καὶ
2811 584 2955 655 ἔργῳ
3007 586 3250 654 ἐπιτιμᾷ.
3299 583 3500 636 Τούτου
3546 580 3642 637 οῦν

382 686 534 741 ribus
601 685 805 756 arguit.
883 681 1094 738 Idcirco
1157 681 1480 737 Zachariam
1544 697 1758 752 quoque
1812 681 1948 733 factu

2059 677 2218 749 χάριν
2253 679 2347 731 καὶ
2371 677 2447 748 τῷ
2481 677 2727 748 Ζαχαρία
2755 677 2821 730 δι’
2851 677 3012 747 ἔργου
3060 678 3380 747 ἐπετίμησε,
3417 677 3511 730 καὶ
3559 677 3643 739 είς

381 780 503 849 ipso
547 778 843 848 increpuit,
887 776 1013 830 dum
1052 777 1274 832 surdum
1325 785 1645 844 mutumque
1676 773 1953 827 reddidit;

2057 770 2351 840 κωφότητα
2387 769 2478 822 καὶ
2523 770 2765 838 ἀφωνίαν
2811 769 2973 821 αὑτὸν
3019 769 3412 839 περιέστησεν
3469 767 3643 838 ἐχρῆν

380 871 508 940 quia
540 871 799 926 nimirum
831 870 1163 939 oportuisset
1203 883 1326 924 eum
1378 867 1655 938 prioribus
1690 863 1948 931 exemplis

2059 861 2166 932 γὰρ
2228 863 2388 916 αὑτὸν
2435 861 2524 915 διὰ
2581 861 2689 914 τῶν
2759 862 3040 934 προτέρων
3108 859 3474 924 παιδεύεσθαι,
3543 859 3641 912 καὶ

373 965 488 1033 jam
531 973 708 1020 semet
759 962 1086 1028 erudivisse,
1135 970 1191 1017 et
1227 976 1362 1030 quas
1394 960 1538 1030 passi
1576 958 1790 1012 fuerant
1841 972 1958 1010 ma-

2053 954 2153 1025 τὴν
2196 956 2333 1026 πρὸς
2386 956 2514 1020 τοὺς
2574 955 2819 1027 πατέρας
2877 953 3119 1040 μέμψιν.
3147 952 3429 1006 παίδευσιν
3496 951 3638 1006 ίδίαν

377 1057 528 1128 iores
557 1055 661 1124 [sui
700 1054 1128 1125 objurgationes,
1185 1068 1282 1110 eas
1328 1051 1398 1108 ad
1445 1049 1792 1122 disciplinam
1831 1065 1948 1118 pro-

2059 1046 2412 1119 ποιήσασθαι.

381 1151 558 1222 priam
592 1149 952 1206 convertisse.

872 1239 920 1269 "
945 1237 1056 1310 Ego
1083 1254 1196 1294 sum
1225 1235 1466 1292 Gabriel.

449 1333 590 1400 Quid
619 1346 750 1404 ergo
780 1331 1003 1401 angelus
1029 1331 1076 1388 ei
1126 1327 1452 1400 respondet?
1502 1325 1727 1396 Angela,
1755 1323 1954 1395 inquit,

379 1423 599 1492 diliidis,
631 1426 722 1495 qui
759 1425 872 1480 Dco
895 1423 1082 1479 astat?
1115 1423 1328 1494 ipsique
1355 1421 1590 1476 mittenti
1620 1435 1726 1474 non
1754 1420 1953 1484 credis,

381 1521 474 1574 sed
505 1519 582 1574 rei
624 1533 893 1574 summam
933 1516 1299 1574 diﬂicultatem
1331 1514 1587 1587 spectas?
1613 1512 1698 1570 Ob
1725 1515 1828 1570 hoc
1855 1514 1956 1583 igi-e

2558 1229 2706 1300 Ἐγώ
2734 1230 2850 1296 ειμι
2879 1227 3158 1297 Γαϐριὴλ.

2126 1315 2192 1368 Τί
2217 1309 2308 1369 οὖν
2340 1332 2470 1384 φησι
2493 1317 2628 1387 πρὸς
2666 1317 2826 1371 αὑτὸν
2854 1318 2882 1369 6
2924 1317 3188 1385 ἄγγελοςς
3229 1316 3490 1386 Ἀγγέλῳ,
3532 1334 3640 1390 φη-

2058 1405 2164 1469 σὶν,
2197 1406 2466 1469 ἀπιστεῖς,
2505 1405 2564 1468 ὃς
2589 1407 2900 1477 παρέστηκε
2930 1407 3084 1478 Θεῷ;
3119 1407 3214 1459 καὶ
3252 1407 3312 1460 οὐ
3359 1407 3641 1470 πιστεύεις

2052 1497 2132 1570 τῷ
2163 1479 2564 1562 ἀποεῗτείλαντι,
2596 1498 2730 1552 ἀλλά
2753 1500 2889 1572 πρὸς
2908 1499 3006 1570 τὴν
3028 1499 3119 1553 τοῦ
3151 1501 3475 1572 πράγματος
3512 1501 3640 1554 ἀδυ-

387 1624 474 1668 tur
517 1611 856 1668 incredulum
917 1613 1143 1666 verbum
1199 1626 1334 1668 voce
1389 1608 1733 1681 spoliaberis,
1777 1608 1948 1678 quoad

2059 1593 2257 1665 ναμίαν
2317 1591 2570 1662 βλέπεις;
2615 1593 2824 1646 Οὐκοῦν
2877 1592 2966 1646 διά
3008 1593 3104 1664 τὴν
3149 1593 3374 1646 ἄπιστον
3429 1594 3641 1665 ταύτην

381 1723 473 1762 res
505 1707 620 1774 ipsa
653 1705 939 1760 evenerit:
974 1719 1168 1774 nempe
1205 1714 1266 1758 ut
1298 1713 1444 1759 tuam
1472 1717 1668 1759 noscas
1699 1700 1950 1758 increduo

377 1801 587 1854 litatetn
623 1798 824 1869 Deique
849 1797 1008 1854 simul
1045 1797 1364 1867 potentiam.

375 1956 422 1989 “
447 1955 602 2010 Dabit
629 1954 711 2008 illi
741 1952 997 2008 Dominus
1023 1953 1165 2008 Deus
1182 1955 1355 2008 sedem
1380 1951 1598 2006 Doridis
1625 1951 1792 2021 patris
1814 1951 1950 2021 ejus.

448 2111 726 2166 Thronum
775 2108 910 2164 dicit
940 2108 1126 2163 Davidi
1176 2108 1502 2170 nuntiatum,
1554 2121 1728 2176 neque
1771 2119 1950 2161 tamen

375 2205 579 2258 clatum.
607 2200 775 2258 Semel
821 2203 956 2257 enim
976 2241 992 2266 ,
1024 2202 1121 2268 ait,
1133 2201 1312 2270 juravi
1335 2202 1388 2256 in
1418 2211 1598 2256 sancto
1622 2201 1817 2265 meo,si
1847 2200 1952 2254 Da-

374 2296 487 2349 sidi
538 2296 768 2350 mentiar
808 2308 828 2346 :
881 2311 1054 2348 semen
1091 2293 1206 2364 ejus
1259 2301 1432 2346 manet
1469 2295 1523 2346 in
1552 2302 1859 2346 aeternum:
1899 2301 1949 2345 et

375 2389 592 2442 thronus
625 2387 739 2457 ejus
771 2389 906 2441 sicut
937 2385 1017 2440 sol
1045 2387 1099 2440 in
1133 2395 1413 2462 conspectu
1452 2401 1588 2438 meo.
1620 2385 1685 2439 Et
1714 2400 1902 2440 rursus
1933 2402 1946 2436 :

371 2481 563 2536 Juravi
596 2479 789 2535 Davidi
821 2495 965 2534 servo
1013 2495 1147 2543 meo,
1174 2477 1346 2550 Usque
1373 2479 1429 2532 in
1458 2490 1712 2533 wternum
1741 2494 1948 2548 praepa-

375 2575 502 2630 rabo
548 2591 724 2630 semen
757 2585 928 2638 tuum,
960 2583 1007 2627 et
1041 2572 1316 2640 wdiﬁcabo
1373 2572 1429 2626 in
1468 2573 1857 2642 generationem
1898 2580 1948 2624 et

374 2669 767 2736 generationem
805 2668 1056 2722 thronum
1087 2675 1238 2721 tuum
1261 2665 1328 2720 ".
1356 2667 1534 2735 Atque
1559 2665 1676 2721 hzec
1704 2663 1845 2719 haud
1882 2664 1949 2718 de

372 2777 571 2816 ('arnea
619 2762 788 2832 stirpe
833 2760 988 2826 dicit,
1033 2773 1210 2830 neque
1252 2759 1320 2814 de
1366 2758 1567 2815 visibili
1600 2759 1818 2825 throno,
1855 2759 1949 2812 sed

374 2855 443 2909 de
477 2854 568 2908 illo
596 2869 757 2923 quem
795 2853 1021 2924 angelus
1051 2863 1322 2909 memorat
1352 2867 1475 2907 cum
1501 2851 1669 2906 Maria
1698 2851 1944 2922 loquens,

377 2945 470 3015 qui
499 2945 634 3000 nihil
671 2945 965 3016 temporale
998 2945 1182 3011 habet,
1217 2947 1310 3016 qui
1347 2945 1486 3002 lucis
1520 2945 1696 3001 instar
1730 2945 1782 2998 in
1816 2945 1948 3000 orbe

373 3039 629 3093 universo
658 3037 946 3108 splendet,
979 3037 1180 3107 quique
1223 3037 1435 3092 animas
1477 3036 1798 3107 spiritaliter
1825 3036 1947 3090 illu-

2057 1685 2242 1757 φωνὴν
2286 1683 2631 1759 ἀφαιρεθήσῃ
2681 1685 2784 1755 τῆς
2813 1685 2999 1756 φωνῆς
3031 1687 3135 1750 ἓως
3171 1685 3264 1740 τοῦ
3311 1687 3642 1758 πράγματος

1983 1767 2028 1822 Β
2056 1776 2457 1848 πληρωθέντος,
2486 1777 2648 1846 γνοὺς
2679 1778 2774 1830 καὶ
2816 1777 2876 1830 τδ
2905 1776 2997 1831 σὺν
3025 1778 3252 1832 ἄπιστον
3300 1778 3392 1830 καὶ
3435 1777 3497 1830 τὸ
3538 1775 3640 1830 τοῦ

2055 1866 2190 1920 Θεοῦ
2220 1866 2463 1921 δυνατόν.

2056 1960 2239 2014 Δώσει
2266 1958 2426 2025 αὐτῷ
2455 1958 2670 2028 Κύριος
2699 1961 2732 2014 ό
2755 1959 2901 2023 Θεὸς
2930 1961 3146 2028 θρόνον
3168 1958 3350 2012 Δαυϊδ
3380 1959 3486 2013 τοῦ
3524 1976 3640 2013 πα-

2650 2030 2790 2097 τρὸς
2824 2027 3030 2082 αὑτοῦ.

2123 2121 2324 2194 Θρόνον
2353 2121 2500 2190 λέγει
2534 2119 2624 2172 τὸν
2669 2120 3073 2189 ὲπαγγελθέντα
3101 2118 3180 2190 τῷ
3206 2118 3389 2183 Δαυῒδ,
3424 2121 3488 2172 οὐ
3527 2119 3638 2190 μὴν

2053 2215 2146 2268 καὶ
2177 2214 2398 2267 δοθέντα
2418 2229 2432 2243 ·
2458 2211 2646 2276 ’Ἀπαξ
2671 2212 2800 2281 γὰρ,
2831 2211 2985 2282 φησὶ,
3018 2210 3224 2279 ὤμοσα
3250 2211 3320 2263 ἐν
3362 2208 3442 2275 τῷ
3489 2211 3641 2280 ἁγίῳ

2045 2325 2188 2378 μου,
2218 2308 2272 2360 εὶ
2292 2303 2369 2371 τῷ
2389 2303 2571 2358 Δαυῒδ
2594 2305 2895 2373 ψεύσομαι
2915 2320 2927 2332 ’
2973 2302 3039 2354 τὸ
3071 2300 3307 2370 σπέρμα
3329 2300 3516 2354 αὑτοῦ
3548 2303 3636 2365 εις

2051 2398 2159 2452 τὸν
2188 2397 2373 2451 αἰῶνα
2394 2396 2583 2466 μένει,
2617 2395 2717 2448 καὶ
2761 2398 2794 2449 ό
2828 2395 3040 2462 θρόνος
3079 2393 3262 2448 αὑτοῦ
3293 2393 3372 2457 ὠς
3400 2397 3431 2446 ό
3461 2393 3639 2459 ἥλιος

2049 2491 2327 2544 ἐναντίον
2352 2507 2471 2560 μου
2493 2505 2506 2518 ο
2539 2488 2632 2542 καὶ
2664 2486 2827 2540 πάλιν
2844 2502 2861 2517 ο
2883 2487 3112 2555 Ὤμοσα
3130 2484 3312 2539 Δαυῒδ
3333 2484 3410 2550 τῷ
3434 2483 3638 2548 δούλῳ

2045 2597 2165 2650 μου
2187 2597 2200 2610 ⁸
2235 2579 2382 2644 Ἕως
2413 2577 2515 2632 τοῦ
2545 2576 2759 2643 αἰῶνος
2785 2574 3080 2645 ἑτοιμάσω
3122 2576 3189 2629 τό
3231 2575 3468 2644 σπέρμα
3492 2591 3634 2638 σου,

2049 2671 2147 2725 καὶ
2179 2671 2552 2740 οἰκοδομήσω
2577 2673 2664 2736 εὶς
2685 2668 2902 2740 γενεὰν
2928 2669 3024 2721 καὶ
3049 2668 3261 2737 γενεὰν
3286 2667 3394 2720 τὸν
3415 2669 3641 2736 θρόνον

2049 2779 2186 2818 σου.
2216 2763 2398 2816 Ταῦτα
2417 2763 2474 2816 δὲ
2505 2763 2565 2816 οὐ
2614 2763 2743 2834 περὶ
2789 2759 3053 2832 σαρκικοῦ
3113 2760 3420 2830 σπέρματός
3475 2777 3634 2829 φησι,

2047 2857 2168 2910 οὐδὲ
2197 2858 2323 2929 περὶ
2359 2856 2619 2928 αἰσθητοῦ
2644 2855 2858 2926 θρόνου,
2891 2855 3024 2908 ἀλλὰ
3054 2855 3181 2925 περὶ
3207 2846 3269 2905 οὗ
3309 2870 3442 2923 φησι
3480 2854 3574 2906 καὶ
3605 2855 3640 2906 6

2048 2948 2278 3018 ἄγγελος
2321 2950 2458 3020 πρὸς
2514 2950 2614 3018 τὴν
2661 2948 2958 3019 Παρθένον,
2989 2945 3080 2999 τὸν
3125 2945 3289 3016 μηδὲν
3347 2944 3640 3015 ἐπίκαιρον

2049 3041 2259 3112 ἔχοντα,
2294 3041 2385 3092 τὸν
2414 3039 2535 3092 καθ’
2568 3039 2696 3111 ὅλης
2747 3041 2844 3108 τῆς
2896 3038 3222 3109 οἰκουμένης
3274 3037 3452 3106 φωτὸς
3477 3036 3638 3107 δίκην

372 3140 518 3186 strat
562 3129 747 3186 divino
799 3130 1133 3200 magisterio.
1173 3127 1348 3185 Porro
1381 3127 1571 3186 Jacobi
1619 3131 1838 3184 domum
1883 3141 1948 3182 ne

2059 3133 2424 3204 ὲκλάμποντα,
2482 3133 2576 3186 καὶ
2626 3131 2807 3201 ψυχὰς
2854 3130 3053 3202 νοερῶς
3103 3127 3513 3197 καταυγὰζοντα
3547 3127 3639 3181 διὰ

374 3223 641 3293 intelligas
685 3220 969 3278 Iudaicum
1012 3222 1389 3278 tantummodo
1425 3221 1700 3293 populum,
1736 3222 1828 3277 sed
1854 3235 1946 3276 eos

373 3332 566 3372 omnes
593 3317 681 3386 qui
713 3313 1026 3372 Servatoris
1062 3316 1350 3372 vocatione
1387 3332 1456 3371 ex
1492 3315 1764 3372 universis
1812 3329 1946 3386 gen-

375 3411 522 3464 tibus
553 3409 751 3464 divinaa
778 3408 1090 3477 adoptionis
1119 3410 1476 3482 praerogativa
1508 3409 1802 3466 donantur.
1825 3408 1948 3464 Iam

376 3500 469 3558 Dei
501 3500 729 3572 populus
753 3501 912 3556 modo
939 3501 1111 3556 Jacob
1139 3500 1342 3557 dicitur
1365 3503 1529 3559 modo
1561 3503 1728 3559 Israel
1752 3523 1768 3559 :
1803 3504 1946 3559 idem

370 3595 575 3664 quippe
604 3594 688 3649 vir
712 3592 816 3650 fuit
857 3593 1024 3649 Israel
1056 3605 1114 3650 et
1155 3593 1345 3652 Jacob.
1387 3595 1454 3650 Et
1478 3606 1672 3651 natura
1704 3597 1946 3665 quidem,

371 3680 541 3739 Jacob
587 3695 706 3739 erat
739 3683 951 3753 priscos
991 3683 1084 3738 ille
1134 3683 1384 3754 populus,
1427 3685 1554 3754 quia
1596 3685 1852 3741 nimirum
1881 3703 1946 3742 ex

371 3775 561 3831 Jacobi
596 3775 862 3846 sanguine
886 3775 1161 3847 originem
1201 3775 1481 3842 ducebat;
1529 3777 1820 3846 adoptione
1851 3794 1950 3834 au-

374 3876 503 3931 tem,
534 3863 706 3922 Iacob
742 3877 829 3922 est
877 3882 1052 3922 novus
1093 3866 1322 3941 populus
1366 3879 1587 3939 propter
1616 3869 1831 3925 virtutis
1857 3886 1950 3925 co-

373 3958 722 4028 gnationem:
754 3957 1021 4012 successit
1051 3957 1198 4013 enim
1226 3959 1400 4014 veteri
1434 3973 1624 4015 novus.
1662 3960 1851 4030 Itaque
1889 3961 1945 4016 in

374 4057 652 4116 posterum
681 4061 846 4116 super
878 4049 981 4102 hoc
1009 4049 1208 4118 populo
1235 4049 1608 4104 dominabitur
1642 4050 1734 4106 ille
1763 4065 1856 4106 rex
1890 4053 1944 4106 in

375 4135 598 4201 saecula,
629 4136 684 4191 id
733 4145 820 4192 est
873 4147 1156 4206 perpetuo.
1204 4139 1308 4206 Qui
1351 4141 1570 4210 quidem
1608 4141 1838 4212 populus
1877 4157 1945 4197 ex

370 4228 631 4296 operibus
689 4230 1146 4301 sermonibusque
1207 4232 1485 4288 Christum
1543 4242 1827 4304 agnoscet,
1893 4245 1949 4290 et

375 4319 502 4374 huic
534 4329 732 4390 sponte
774 4335 980 4375 morem
1019 4333 1194 4393 geret.
1245 4321 1498 4378 Proiecto
1553 4325 1802 4382 Christus
1850 4342 1947 4382 rex

372 4411 474 4467 fuit
519 4423 790 4481 quatenus
841 4415 1024 4480 Deus;
1055 4415 1130 4468 ait
1163 4414 1346 4468 enim:
1377 4413 1609 4485 Regnum
1644 4434 1815 4473 meum
1841 4435 1945 4474 non

368 4512 450 4558 est
473 4504 538 4557 de
566 4503 666 4557 ltoc
696 4506 892 4558 mundo
921 4504 988 4558 ⁸⁸.
1021 4505 1135 4559 Itno
1169 4519 1264 4559 rex
1297 4520 1510 4576 quoque
1537 4508 1639 4562 fuit
1677 4519 1944 4579 quatenus

371 4597 538 4650 homo
565 4614 578 4650 :
607 4611 718 4666 prec
740 4611 800 4651 se
837 4596 984 4651 enim
1013 4595 1137 4650 tulit
1169 4596 1374 4667 regalia
1404 4613 1592 4668 opera,
1628 4615 1823 4672 nempe
1865 4601 1946 4656 le-

371 4685 713 4752 gislationem
754 4701 891 4756 erga
946 4686 1196 4741 homines
1230 4687 1335 4741 sibi
1377 4689 1646 4755 subditos,
1678 4693 1948 4760 guberna-

372 4781 572 4832 tionem
601 4780 915 4834 eorumdem
937 4788 992 4834 et
1021 4795 1207 4834 curam
1229 4818 1248 4844 ,
1281 4781 1536 4852 necisque
1568 4797 1668 4853 pro
1693 4783 1762 4838 iis
1787 4783 1948 4839 obita:

371 4870 664 4937 meritum;
699 4874 790 4942 qui
830 4886 1025 4942 reapse
1079 4872 1224 4944 regis
1275 4873 1627 4929 characteres
1688 4878 1946 4946 praecipui

369 4972 515 5018 sunt.

618 5057 664 5089 “
695 5056 927 5126 Spiritus
949 5068 1162 5114 sanctus
1192 5061 1518 5128 superveniet
1542 5062 1600 5114 in
1629 5072 1698 5116 te.

443 5148 586 5205 Deus
609 5160 715 5213 est.
743 5151 938 5220 inquit,
977 5153 1070 5220 qui
1121 5162 1408 5222 operatur,
1439 5168 1507 5208 ne
1535 5155 1781 5225 ambigas
1809 5172 1825 5221 ;
1857 5156 1946 5212 ilte

371 5240 606 5305 scilicet,
642 5244 734 5314 qui
765 5246 928 5299 etiam
958 5245 1189 5300 senilem
1236 5254 1652 5316 emortuamque
1693 5257 1944 5303 naturam

369 5335 707 5398 corroborat,
735 5337 848 5390 imo
872 5337 916 5392 si
941 5337 1068 5392 velit
1098 5338 1342 5393 innovat.

538 5425 585 5458 “
615 5425 758 5482 Dixit
786 5426 998 5482 Maria:
1025 5425 1163 5483 Ecce
1197 5429 1392 5484 ancilla
1417 5429 1652 5500 Domini,
1677 5441 1783 5489 etc.

443 5516 658 5574 Ancilla
698 5521 912 5578 Domini
944 5535 1104 5587 sum;
1138 5520 1318 5580 tabula
1342 5522 1572 5592 pictoria
1599 5539 1754 5590 sum;
1782 5524 1941 5596 quid-

445 5650 925 5729 “Gc_n.xv_tt._l7.
997 5651 1544 5729 “_(;_en._svtu_._iq._
1595 5655 1644 5688 ”
1703 5656 1831 5715 Luc.
1882 5675 1922 5727 ι,
1961 5660 2048 5719 l9.
2127 5662 2173 5696 “
2197 5661 2330 5720 ibid.
2359 5660 2450 5718 52.
2525 5660 2569 5694 ⁸⁷
2605 5658 2747 5718 Psal.
2794 5674 3023 5729 Lxxxw,
3056 5658 3128 5716 '56
3163 5670 3281 5726 seq.

402 5736 556 5789 ιγιιι,
583 5723 671 5777 56.
747 5726 790 5757 δ’
815 5723 947 5782 Luc.
987 5741 1027 5794 ι,
1059 5725 1146 5781 35.
1223 5726 1267 5760 ³⁸
1322 5723 1450 5780 ibid.
1479 5724 1568 5780 58.

2047 3225 2149 3296 τῆς
2172 3224 2352 3278 ἐνθέου
2380 3224 2746 3288 διδασκαλίας.
2775 3220 2934 3277 Οἷκον
2959 3222 3016 3276 δὲ
3033 3221 3246 3286 Ἰακὼϐ,
3280 3219 3354 3292 μὴ
3377 3220 3467 3273 τὸν
3502 3221 3640 3273 ’1ου-

2048 3313 2212 3368 δαίων
2234 3313 2360 3368 λαὸν
2384 3312 2572 3384 νόμιζε
2631 3313 2811 3384 μόνον,
2862 3311 2999 3366 ἀλλά
3030 3311 3237 3374 πάντας
3269 3312 3393 3373 τοὺς
3425 3308 3515 3362 διὰ
3535 3309 3639 3380 τῆς

2049 3405 2296 3477 κλήσεως
2317 3405 2410 3458 τοῦ
2436 3405 2688 3476 Σωτῆρος
2725 3404 2786 3469 ἐξ
2816 3404 3072 3458 ἁπάντων
3089 3404 3197 3456 τῶν
3225 3402 3395 3456 ἐθνῶν
3423 3404 3504 3464 είς
3535 3400 3641 3471 τὴν

2047 3501 2157 3556 τῶν
2204 3502 2376 3571 ἁγίων
2427 3499 2699 3554 υἱοθεσίαν
2748 3498 3210 3570 εἰσποιουμένους.
3259 3498 3316 3551 't)
3360 3495 3488 3559 λαὸς
3537 3495 3637 3548 τοῦ

2048 3593 2184 3648 Θεοῦ
2215 3594 2342 3648 ποτὲ
2379 3593 2477 3665 μὲν
2526 3590 2716 3646 Ἰακὼϐ
2747 3590 3012 3656 καλεῖται,
3045 3591 3175 3644 ποτὲ
3211 3589 3267 3642 δὲ
3305 3586 3548 3660 Ἰσραήλ⁸
3602 3588 3643 3639 ὁ

2052 3689 2217 3752 αὐτὸς
2234 3687 2344 3759 γὰρ
2379 3683 2448 3758 ἦν
2499 3685 2595 3739 καὶ
2637 3683 2853 3756 Ἰσραὴλ
2903 3684 2998 3738 κα.)⁵
3054 3681 3284 3737 Ἰακώϐ·
3323 3681 3423 3735 καὶ
3472 3681 3638 3750 φύσει

2053 3781 2151 3853 μὲν
2187 3779 2383 3834 Ἰακὼὸ
2413 3773 2482 3850 ἦν
2509 3779 2539 3830 6
2581 3776 2808 3840 παλαιὸς
2829 3775 2980 3839 λαὸς,
3028 3774 3104 3838 ὡς
3149 3773 3210 3839 ἐξ
3253 3772 3447 3827 Ἰακὼὸ
3490 3772 3640 3826 κατὰ

2047 3874 2144 3946 τὴν
2159 3873 2216 3939 ἐξ
2243 3873 2472 3942 αἵματος
2507 3870 2828 3940 συγγένειαν
2849 3886 2862 3900 ο
2890 3868 3037 3922 θέσει
3057 3868 3135 3931 δὲ,
3165 3868 3193 3920 6
3209 3866 3325 3930 νέος
3349 3866 3475 3930 λαὸς
3489 3866 3640 3920 κατὰ

2046 3967 2146 4038 τὴν
2188 3964 2248 4030 ἐξ
2277 3964 2476 4036 ἀρετῆς
2510 3962 2863 4032 συγγένειαν·
2922 3959 3246 4032 ἀντεισήχθη
3293 3958 3402 4030 γὰρ
3437 3959 3466 4010 6
3513 3958 3640 4022 νέος

2047 4057 2140 4112 τοῦ
2173 4055 2426 4112 παλαιοῦ.
2455 4055 2653 4109 Λοιπὸν
2686 4049 2780 4108 οῦν
2817 4052 2910 4105 ἐπὶ
2949 4050 3135 4104 τοῦτον
3174 4049 3264 4102 τὸν
3288 4047 3416 4101 λαὸν
3477 4046 3637 4116 βασι-

2048 4149 2227 4203 λεύσει
2249 4151 2328 4212 είς
2345 4148 2437 4201 τὸν
2462 4147 2653 4211 αἰῶνα,
2683 4146 2850 4217 ἦγουν
2873 4143 2981 4209 ἀεὶ,
3011 4141 3075 4196 ἐκ
3103 4159 3161 4196 τε
3185 4139 3294 4194 τῶν
3329 4139 3506 4211 ἔργων
3533 4137 3634 4190 καὶ

2047 4241 2155 4296 τῶν
2178 4241 2349 4309 λόγων
2375 4240 2667 4309 ἐπιγνόντα
2697 4239 2876 4299 αὑτὸν,
2917 4237 3014 4290 καὶ⁸
3061 4234 3323 4295 ἑκουσίως
3368 4232 3641 4284 ὑποτετα-

2049 4330 2252 4401 γμένον
2278 4329 2426 4400 αὐτῷ
2444 4346 2456 4359 ·
2487 4329 2515 4381 6
2543 4328 2652 4400 γὰρ
2683 4327 2914 4398 Χριστὸς
2937 4321 3006 4398 ἦν
3041 4323 3138 4396 μὲν
3156 4321 3406 4394 βασιλεὺς
3432 4322 3524 4373 καὶ
3555 4320 3640 4384 ὠς

2047 4422 2208 4486 Θεόςο
2260 4420 2320 4476 Ἠ
2335 4421 2625 4486 ,βασιλεία
2659 4419 2788 4490 γὰρ,
2819 4419 3004 4490 φησὶ),
3029 4419 3066 4485 ἠ
3087 4416 3199 4486 ἐμὴ
3232 4416 3342 4467 οὐκ
3366 4413 3538 4466 ἐστιν
3562 4412 3642 4466 ἐκ

2047 4515 2155 4569 τοῦ
2175 4517 2408 4584 κόσμου
2422 4515 2638 4569 τούτου
2665 4531 2679 4543 ο
2703 4509 2772 4584 ἦν
2810 4512 2866 4565 δὲ
2912 4510 3007 4564 καὶ
3045 4509 3122 4572 ὼς
3160 4507 3480 4578 ἄνθρωπος’
3517 4501 3638 4574 εἶχε

2047 4606 2154 4680 γὰρ
2185 4607 2320 4679 ἔργα
2358 4606 2617 4678 βασιλέως
2647 4605 2708 4659 τὸ
2733 4602 3040 4676 νομοθετεῖν
3085 4603 3198 4664 τοῖς
3235 4597 3498 4670 ὑπηκόοις
3541 4597 3643 4650 αὑ-

2048 4699 2243 4767 τοῦ,τὸ
2283 4699 2585 4771 ῥυθμίζειν,
2616 4699 2678 4752 τὸ
2703 4696 3008 4768 περιέπειν,
3047 4693 3109 4746 τὸ
3125 4689 3638 4763 ὑπεραποθνήσκειν

2049 4794 2230 4850 αὐτῶν
2252 4811 2264 4824 °
2301 4793 2339 4848 ἀ
2365 4793 2600 4865 μάλιστα
2624 4788 3105 4863 χαρακτηρίζουσι’
3133 4785 3225 4839 τὸν
3269 4783 3444 4856 ἀληθῆ
3479 4781 3639 4854 βασι-

2049 4887 2168 4941 λέα.

2275 5071 2516 5140 Πνεῦμα
2545 5068 2718 5139 ἄτιον
2747 5065 3140 5121 ἐπελεύσεται
3164 5062 3262 5116 ἐπὶ
3297 5060 3390 5114 σέ.

2123 5164 2276 5228 Θεὸς,
2303 5164 2488 5234 φησὶν,
2509 5162 2538 5214 6
2566 5160 2826 5231 ἐνεργῶν,
2853 5159 2928 5230 μὴ
2967 5154 3272 5228 ἀμφίϐαλλε
3291 5168 3304 5182 ’
3341 5154 3370 5205 6
3410 5150 3507 5204 καὶ
3534 5149 3640 5220 τὴν

2053 5257 2214 5328 φύσιν
2254 5258 2626 5328 γεγηρακυῖαν
2659 5255 2754 5307 καὶ
2793 5250 3124 5305 ἀσθενοῦσαν
3149 5244 3508 5318 ἐπιρῤωννὺς,
3539 5242 3640 5296 καὶ

2052 5347 2213 5418 φύσιν
2241 5345 2596 5417 καινοτομῶν,
2619 5346 2708 5397 ὅτε
2747 5342 3010 5413 βούλεται.

2141 5436 2292 5493 Ehe
2323 5437 2555 5507 Μαριάμ
2575 5453 2590 5469 ο
2627 5436 2772 5492 Ἰδοὺ
2809 5436 2847 5503 ἢ
2871 5435 3060 5501 δούλη
3103 5430 3349 5499 Κυρίου,
3379 5447 3434 5482 κ.
3460 5445 3513 5480 τ.
3545 5445 3594 5478 Α.

2118 5531 2291 5602 Δούλη
2335 5529 2452 5601 εἰμὶ
2487 5529 2722 5602 Κυρίουο
2793 5525 2956 5590 πίναξ
3006 5525 3123 5596 εἰμὶ
3173 5521 3559 5596 γραφόμενος·
3603 5516 3635 5572 ὃ

3363 5651 3412 5685 ⁸³
3439 5649 3610 5708 Ioan.
