3858 6214
232 260 341 316 5'53

1402 257 1902 314 COMMENTARIA
1945 258 2014 313 IN
2052 222 2311 312 LUCAM.

3395 255 3502 312 su

233 380 489 452 βούλεται
518 376 558 434 ’ό
594 380 864 450 γραφεὺς,
906 379 1200 452 γραφέτω·
1239 379 1463 432 ποιείτω
1505 378 1534 431 ὃ
1572 376 1747 432 ἐθέλει
1795 376 1820 428 ό

1934 376 2059 446 quid
2083 375 2197 430 vult
2227 376 2402 445 pictor
2428 373 2480 429 in
2517 388 2581 428 ea
2612 373 2864 446 depingat
2889 392 2902 427 :
2937 373 3083 445 quod
3109 373 3224 429 vult
3249 375 3492 430 omnium

230 471 331 526 τοῦ
360 471 564 535 παντὸς
591 472 814 542 Κύριος.

579 561 708 628 Φῶς
743 565 832 629 εὶς
856 560 1247 629 ἀποκάλυψιν
1282 559 1489 615 ἐθνῶν.

309 654 452 725 Ὀρα
499 653 617 716 πῶς
646 653 745 724 ἤδη
793 653 942 721 λέγει
986 653 1080 706 καί⁹
1126 653 1226 722 τὴν
1264 652 1566 724 μέλλουσαν
1599 651 1820 706 ἔσεσθαι

230 743 344 797 τῶν
391 745 561 798 ὲθνῶν
602 744 907 815 σωτηρίαν·
963 744 1061 817 τὴν
1102 743 1210 817 γὰρ
1262 745 1452 798 τούτου
1497 746 1818 817 παρουσίαν,

231 839 390 908 φησι,
426 838 494 891 τὰ
521 837 650 906 ἔθνη
679 837 972 910 προσδοκᾷ.

233 929 482 1000 Πνεῦμα
525 929 749 998 Κυρίου
785 929 890 982 ἐπ’
945 929 1070 998 ἐμὲ,
1120 924 1192 986 οὗ
1241 928 1450 984 ἕνεκεν
1477 928 1683 1003 ἔχρισέ
1722 945 1819 998 με.

319 1085 381 1138 '0
412 1085 509 1156 μὲν
539 1084 748 1158 Σωτὴρ,
774 1085 880 1137 τῶν
903 1085 1268 1158 μακαρισμῶν
1297 1085 1694 1158 ἀπαρχόμενος,
1713 1089 1823 1152 τοῖς

229 1181 474 1248 πτωχοῖς
501 1177 592 1230 τὸν
618 1177 867 1250 οὐράνιον
899 1177 1282 1248 εὐηγγελίζετο
1331 1178 1558 1232 πλοῦτον
1598 1180 1692 1233 καὶ
1725 1179 1822 1252 τὴν

227 1269 344 1322 τῶν
395 1269 637 1340 οὐρανῶν
693 1268 966 1339 βασιλείαν
991 1287 1004 1300 ο
1057 1270 1278 1334 Ἡσαΐας
1351 1270 1408 1323 δὲ
1454 1273 1482 1325 ὁ
1539 1273 1824 1344 προφήτης

229 1363 442 1416 τούτων
471 1360 756 1432 προλαϐὼν
779 1361 1208 1433 ἐμνημόνευσεν,
1248 1361 1308 1428 ἐξ
1333 1362 1498 1416 αὐτοῦ
1530 1363 1822 1435 προσώπου

230 1453 332 1509 τοῦ
366 1454 621 1525 Σωτῆρος
647 1452 706 1506 τὸ
747 1453 939 1524 μέλλον
977 1446 1079 1506 ὦδε
1137 1452 1546 1526 προθεσπίζωνο
1579 1457 1824 1525 Πνεῦμα

228 1544 460 1612 Κυρίου
493 1544 584 1596 ἐπ’
620 1543 744 1611 ἐμὲ,
775 1537 849 1597 οὗ
893 1544 1124 1597 εἵνεκεν
1146 1543 1355 1613 ἕχρισέ
1382 1563 1480 1614 με,
1516 1548 1826 1617 εὐαγγελί-

229 1639 462 1690 σασθαι
500 1633 757 1702 πτωχοῖς
803 1632 1150 1688 ἀπέσταλκέ
1194 1652 1298 1706 με.
1357 1637 1651 1710 Ἀντικρυς
1691 1637 1821 1707 γοῦν

1926 483 2109 524 rerum
2140 468 2404 522 Dominus
2437 467 2616 522 faciat.

2167 560 2211 591 ⁸¹
2247 559 2464 627 ,‘Lumen
2496 561 2564 613 ad
2599 561 2964 615 reuelationem
2995 560 3248 630 gentium.

1993 651 2172 707 Cerne
2199 651 2602 722 quomodojam
2629 651 2762 706 dicit
2800 651 3040 706 futuram
3068 651 3309 721 gentium
3347 648 3498 704 salu-

1925 753 2054 799 tem.
2087 742 2330 813 Namque
2361 743 2526 814 hujus
2573 742 2774 814 (pueri)
2819 744 3112 798 adventum
3163 752 3353 814 gentes
3403 757 3498 797 ex-

1921 845 2192 906 spectant.

2065 929 2112 961 "
2147 926 2383 999 Spiritus
2406 927 2624 983 Domini
2649 945 2806 1052 su‘per
2837 945 2951 996 me;
2985 937 3195 998 propter
3217 927 3358 999 quod

2573 1015 2699 1052 ttan
2751 1015 2853 1052 me.

2573 1015 2725 1052 unxit
2751 1015 2853 1053 me.

1997 1092 2260 1146 Servator
2296 1089 2666 1147 heatitudines
2692 1089 3000 1146 edisserere
3039 1087 3322 1157 incipiens,
3363 1103 3496 1159 pau-

1924 1183 2141 1253 peribus
2174 1198 2439 1254 supernas
2469 1181 2686 1237 nuntiat
2734 1182 2957 1237 divitias
2999 1180 3371 1250 malorumque
3417 1196 3496 1236 ro-

1924 1291 2112 1348 gnum.
2143 1274 2208 1330 Et
2234 1275 2452 1344 quidem
2485 1273 2656 1330 Isaias
2688 1275 2949 1345 propheta
2999 1273 3118 1328 haec
3151 1274 3204 1328 in
3252 1284 3497 1329 anteces-

1924 1383 2044 1422 sum
2077 1376 2630 1434 commemoraverat,
2661 1367 2788 1422 dum
2818 1367 2870 1422 in
2906 1365 3221 1422 Servatoris
3262 1381 3495 1436 persona

1925 1477 2046 1531 quae
2076 1469 2340 1516 eventura
2371 1469 2528 1516 erant
2557 1459 2707 1514 hisce
2729 1459 2908 1514 verbis
2937 1457 3195 1527 pradixit
3220 1477 3232 1512 :
3267 1455 3498 1528 Spiritus

1929 1553 2144 1607 Domini
2177 1568 2334 1620 super
2357 1568 2471 1617 me;
2507 1561 2785 1621 propterea
2815 1551 2966 1604 unxit
2994 1566 3100 1611 me,
3125 1549 3196 1603 ad
3235 1549 3500 1620 evangeli-

1926 1645 2155 1698 zandum
2207 1644 2524 1713 pauperibus
2570 1643 2713 1696 misit
2761 1658 2844 1696 me
2880 1641 2948 1695 ⁸³.
3008 1640 3301 1712 Perspicue
3329 1639 3501 1710 igitur

231 1729 479 1798 ὲσήμανε
511 1727 746 1797 πτωχοῖς
787 1725 1186 1798 εὐαγγελισμδν
1232 1729 1483 1797 ἀγαθῶν·
1517 1729 1597 1782 διὸ
1621 1729 1737 1801 ἅμα
1760 1749 1820 1784 τε

1934 1735 2329 1805 signiﬁcaverat
2360 1735 2688 1805 pauperibus
2727 1733 3005 1788 felicitatis
3047 1732 3365 1787 adventum.
3395 1731 3498 1786 At-

229 1821 506 1888 ιπέφανεν
539 1817 845 1890 ἀνθρώποις
876 1821 904 1872 ὁ
948 1817 1027 1888 τῷ
1072 1819 1213 1889 ἁγίῳ
1246 1820 1521 1891 Πνεύματι
1575 1822 1716 1876 κατὰ
1762 1823 1824 1878 τὸ

229 1913 578 1986 ἀνθρώπινον
606 1912 962 1984 κεχρισμένος
981 1931 993 1943 ·
1023 1915 1116 1967 καὶ
1141 1915 1390 1969 ἐντεῦθεν
1415 1917 1692 1990 ἀπήρχετο
1724 1921 1823 1990 τῆς

225 2005 601 2070 διδασκαλίας,
638 2005 912 2076 βασιλείαν
939 2005 1189 2078 οὐράνιον
1213 2006 1281 2060 δι’
1301 2008 1464 2062 αὐτὸν
1510 2010 1822 2082 πτωχεύου-

231 2117 322 2154 σιν
345 2097 853 2168 εὐαγγελιζόμενος.

231 2192 306 2245 Ol
333 2187 526 2262 ἦλθον
563 2191 823 2245 ἀκοῦσαι
869 2191 1081 2253 αὐτοῦ,
1117 2191 1218 2262 καὶ
1263 2191 1501 2261 ἰαθῆναι
1541 2192 1661 2246 ἀπὸ
1705 2191 1826 2247 τῶν

801 2263 1006 2316 νόσων
1037 2261 1254 2316 αὐτῶν.

306 2355 455 2425 Ὅρα
491 2353 622 2422 γοῦν
652 2355 745 2406 ἐπὶ
778 2353 872 2407 τοῦ
921 2354 1212 2426 παρόντος,
1243 2354 1447 2409 ἄνωθεν
1481 2355 1823 2428 ἀρξαμένους

228 2465 332 2511 τας
365 2445 461 2499 τοῦ
487 2447 636 2518 Σωτῆ
647 2464 737 2518 ρος
759 2446 988 2500 διελθεῖν
1021 2446 1225 2517 φωνὰς,
1250 2448 1346 2501 καὶ
1367 2450 1496 2518 παρ’
1519 2448 1684 2501 αὐτοῦ
1725 2449 1824 2511 τὰς

225 2539 583 2603 διδασκαλίας
615 2539 806 2612 ὥσπερ
835 2539 986 2605 τινὰς
1017 2540 1236 2610 νόμους,
1264 2540 1330 2593 δι’
1355 2534 1429 2594 ὧν
1461 2541 1528 2595 ἄν
1553 2559 1637 2606 τις
1670 2541 1823 2612 τύχοι

226 2631 334 2700 τῆς
362 2631 616 2703 οὐρανίου
648 2631 941 2696 Βασιλείας,
970 2632 1373 2704 παραδέξασθαι
1393 2651 1408 2663 ο
1442 2634 1536 2687 καὶ
1559 2633 1634 2705 μὴ
1663 2633 1822 2705 μέχρι

227 2723 330 2776 τοῦ
362 2723 554 2794 μαθεῖν
605 2725 819 2795 στῆναι,
845 2725 980 2780 ἀλλά
1007 2727 1104 2779 καὶ
1136 2726 1203 2779 δι’
1237 2726 1415 2798 ἔργων
1453 2727 1718 2799 χωρῆσαι,
1747 2726 1823 2790 ὡς

232 2816 304 2868 ἂν
340 2816 414 2887 μὴ
447 2817 729 2870 ἐκπέσοιεν
751 2817 859 2871 τῶν
877 2816 1310 2888 ὲπαγγελμάτων
1331 2834 1344 2847 °
1371 2817 1452 2870 ὅτι
1480 2819 1580 2870 οὐκ
1602 2819 1658 2870 ὲν
1680 2816 1822 2888 λόγῳ

226 2912 264 2978 ἡ
305 2908 551 2978 βασιλεία
576 2909 670 2963 τοῦ
700 2909 858 2975 Θεοῦ,
893 2911 1008 2965 ἀλλ’
1027 2911 1084 2963 ὲν
1113 2909 1361 2981 δυνάμει.

227 2998 524 3070 Μακάριοι
553 3005 608 3056 oi
636 3003 1307 3127 ﬂthgé}::logﬂé:to%oa
1346 3003 1519 3057 ἐστὶν
1563 3003 1603 3070 ἠ
1637 3003 1820 3068 βασι-

313 3165 462 3236 Πλὴν
492 3165 592 3236 τῆς
618 3166 725 3218 τῶν
753 3167 999 3238 οὐρανῶν
1031 3165 1307 3236 βασιλείας
1347 3166 1406 3218 ὲν
1435 3164 1649 3228 πολλοῖς
1684 3165 1823 3233 ἀγα-

233 3258 347 3309 Θῶυ
377 3259 659 3329 τάγμασιν
691 3257 1102 3328 ἐπινοουμένης,
1129 3255 1270 3310 κατὰ
1287 3256 1370 3321 τὸ,
1395 3255 1625 3309 Πολλαὶ
1645 3255 1826 3324 μοναὶ

226 3351 399 3418 παρὰ
415 3338 495 3417 τῷ
519 3351 724 3420 Πατρὶ.
749 3351 812 3404 τὸ
831 3350 1066 3423 πρῶτον,
1097 3350 1171 3414 ὡς
1199 3349 1265 3403 ἂν
1295 3350 1437 3402 εἴποι
1459 3365 1560 3412 τις,
1586 3347 1820 3419 ἀξίωμα,

229 3445 330 3497 καὶ
346 3443 375 3494 ό
401 3443 618 3515 πρῶτος
640 3443 898 3498 ἀνιόντων
927 3443 1026 3514 βαθ
1036 3443 1134 3514 μὺς
1150 3444 1178 3494 ὁ
1196 3441 1305 3495 τῶν
1323 3442 1409 3495 διὰ
1426 3441 1558 3494 Θεὸν
1579 3458 1823 3512 πτωχευ-

225 3534 402 3590 όντων
432 3536 710 3606 τυγχάνει.
755 3531 879 3589 Εἶεν
918 3536 962 3590 δ’
995 3535 1060 3589 ἂν
1091 3527 1238 3589 οὗτοι
1269 3536 1318 3588 οἱ
1353 3535 1568 3588 πάντων
1599 3533 1708 3587 τῶν
1730 3532 1823 3587 τοῦ

229 3628 503 3699 παρόντος
529 3627 646 3700 βίου
675 3628 872 3698 τιμίων
903 3627 1466 3699 κατολιγωρήσαντες,
1501 3627 1548 3678 οἱ
1579 3625 1825 3695 πτωχεύ-

229 3737 386 3783 οντες
421 3723 488 3790 τῇ
537 3722 994 3792 μετριοφροσύνῃ,
1025 3720 1195 3772 οἱκαὶ
1223 3721 1302 3782 είς
1324 3718 1492 3790 ἄκρον
1532 3717 1823 3780 ἐλάσαντες

231 3812 625 3884 ἀκτημοσύνης
657 3811 744 3866 διά
772 3812 870 3883 τὴν
893 3811 1035 3865 κατὰ
1056 3811 1188 3865 Θεὸν
1210 3810 1553 3880 φιλοσοφίαν,
1583 3808 1678 3861 τοῦ
1720 3823 1826 3860 σω-

227 3904 422 3975 τηρίου
465 3904 820 3976 μακαρισμοῦ
861 3904 1163 3969 τεύξονται.
1200 3903 1490 3964 Τοιούτους
1532 3901 1589 3954 δὲ
1628 3900 1824 3962 αὐτοὺς

227 3997 360 4058 τούς
389 3996 639 4065 πρώτους
661 3997 810 4067 αὐτῷ
847 3996 1256 4068 μαθητεύοντας
1304 3994 1703 4066 ἀπειργάσατο·
1743 3991 1824 4045 διὸ

231 4085 330 4139 καὶ
360 4087 441 4149 εἰς
462 4086 640 4140 αὐτῶν
675 4088 965 4158 πρόσωπον
986 4087 1128 4141 κατά
1147 4087 1372 4158 θάτερον
1389 4085 1501 4156 (45)
1519 4084 1626 4137 τῶν
1659 4083 1827 4152 εὐαγ-

229 4176 504 4243 γελιστῶν
549 4176 854 4248 ήρμόττετο
878 4177 1054 4246 λέγων
1080 4194 1094 4208 ο
1153 4175 1447 4244 Μακάριοι
1485 4177 1538 4228 οὶ
1579 4173 1822 4242 πτωχοὶ,

229 4270 323 4324 ὅτι
364 4268 619 4339 ὑμετέρα
651 4270 822 4323 ἐστὶν
852 4271 890 4337 ὴ
915 4271 1208 4336 βασιλεία
1235 4269 1341 4322 τοῦ
1376 4268 1524 4323 Θεοῦ
1543 4284 1556 4296 ·
1611 4266 1671 4319 τὸ
1714 4265 1824 4338 γὰρ

231 4360 489 4430 ὑμετέρα
517 4359 804 4423 δεικτικῶς
833 4361 970 4432 πρὸς
998 4360 1273 4432 παρόντας
1299 4359 1534 4426 ἐλέγετο.
1589 4357 1685 4420 Et;
1725 4357 1824 4408 αὐ-

1923 1842 2027 1898 que
2055 1827 2260 1882 idcirco
2296 1827 2439 1882 inter
2463 1827 2710 1882 homines
2743 1824 2907 1881 simul
2945 1826 2991 1880 is
3036 1823 3308 1894 apparuit,
3342 1822 3499 1891 cujus

1924 1937 1954 1976 a
1994 1930 2183 1976 sancto
2252 1919 2459 1990 Spiritu
2507 1929 2670 1974 uncta
2722 1919 2898 1974 fuerat
2945 1917 3278 1971 humanitas.
3323 1915 3500 1979 Atque

1927 2013 2057 2068 hinc
2080 1997 2211 2068 fecitl
2235 2011 2534 2081 magisterii
2586 2011 2823 2076 initium,
2865 2008 3128 2064 caelorum
3175 2005 3383 2062 scilicet
3412 2020 3500 2060 re-

1924 2120 2087 2172 gnum
2122 2118 2219 2174 per
2245 2118 2303 2157 se
2340 2103 2455 2172 ipse
2479 2099 2814 2172 pauperibus
2845 2099 3125 2153 nuntians.

1925 2191 1974 2224 “
2015 2191 2119 2258 Qui
2165 2200 2416 2248 uenerant
2472 2200 2529 2244 ut
2582 2191 2825 2244 audirent
2859 2205 3000 2254 eum,
3032 2198 3082 2242 et
3119 2195 3438 2244 sanarentur
3463 2205 3498 2243 ι

2462 2260 2799 2330 languoribus
2827 2260 2956 2312 suis.

1998 2351 2194 2424 Specta
2223 2368 2368 2409 nunc
2394 2352 2582 2421 igitur,
2610 2349 2865 2420 primitus
2893 2349 3219 2420 incipientes
3244 2349 3500 2406 Servato-

1925 2448 2001 2502 ris
2035 2446 2200 2501 verba
2227 2445 2568 2506 auscultarc,
2599 2452 2764 2512 atque
2792 2442 2860 2496 ah
2887 2456 2952 2496 eo
2987 2443 3286 2511 doctrinas,
3316 2443 3498 2514 legum

1924 2535 2120 2600 instar,
2154 2534 2354 2603 quibus
2383 2531 2606 2587 caeleste
2634 2547 2859 2602 regnum
2917 2545 3281 2602 assequantur
3321 2535 3498 2588 homi-

1925 2641 2044 2692 nes,
2078 2625 2353 2694 excipere.
2379 2622 2564 2694 Neque
2587 2637 2682 2678 eos
2728 2622 2991 2678 discendo
3039 2639 3158 2680 esse
3187 2633 3494 2694 contentos,

1924 2715 2018 2768 sed
2051 2714 2120 2768 ad
2149 2729 2313 2784 opera
2344 2716 2512 2771 etiam
2544 2713 2867 2784 procedere,
2910 2729 2980 2768 ne
3026 2715 3310 2784 promissis
3358 2732 3502 2787 pra:-

1925 2807 2048 2862 miis
2083 2809 2338 2864 excidant
2383 2828 2396 2864 :
2455 2811 2583 2879 quia
2615 2823 2724 2866 non
2764 2806 2818 2862 in
2864 2797 3117 2865 sermone
3146 2823 3372 2880 regnum
3402 2809 3499 2866 Dei

1923 2909 2028 2965 est,
2069 2902 2162 2957 sed
2200 2902 2253 2956 in
2287 2902 2511 2957 virtute.

1925 2993 1970 3026 ⁸⁵
1998 2992 2148 3049 Beati
2168 3010 2448 3064 pauperes,
2479 2997 2730 3066 quoniam
2761 3005 2988 3052 vestrum
3013 3004 3092 3053 est
3122 3011 3337 3067 regnum
3380 2994 3494 3050 Dei.

1996 3145 2171 3214 Quum
2198 3145 2460 3202 caelorum
2486 3162 2713 3218 regnum
2747 3149 2798 3202 in
2828 3149 3012 3206 multis
3043 3150 3316 3206 honorum
3349 3149 3501 3204 ordi-

1933 3239 2096 3294 nibus
2126 3239 2461 3294 considerari
2498 3241 2689 3309 possit,
2732 3241 2888 3309 juxta
2930 3241 3082 3307 illud,
3132 3243 3312 3297 multis
3345 3259 3499 3297 man-

1924 3329 2092 3383 siones
2121 3339 2242 3382 sunt
2268 3331 2408 3399 apud
2441 3328 2658 3384 Patrem
2681 3331 2748 3396 ⁸⁸,
2769 3333 2965 3403 prima,
3000 3343 3059 3387 ut
3085 3333 3161 3388 ita
3190 3333 3387 3398 dicam,
3420 3333 3501 3387 di-

1925 3420 2124 3490 gnitas,
2159 3427 2214 3474 et
2238 3420 2446 3490 primus
2477 3423 2885 3478 ascendentium
2922 3425 3142 3492 gradus,
3173 3424 3264 3480 ille
3289 3434 3372 3480 est
3403 3426 3501 3481 ho-

1926 3510 2132 3564 minum
2184 3521 2562 3580 paupertatem
2624 3521 2850 3582 propter
2901 3514 3076 3568 Deum
3146 3515 3497 3571 sectantium.

1927 3602 2066 3658 S‘unt
2096 3614 2279 3674 autem
2305 3604 2360 3660 hi
2396 3604 2487 3673 qui
2531 3606 2715 3659 omnia
2745 3604 2868 3660 vita:
2895 3605 3054 3673 hujus
3075 3607 3358 3660 commoda
3404 3619 3501 3659 ne-

1924 3697 2152 3766 gligunt,
2184 3696 2277 3766 qui
2315 3697 2579 3752 modestia
2622 3712 2722 3751 sua
2759 3712 3026 3766 pauperes
3055 3705 3206 3760 sunt,
3243 3696 3334 3766 qui
3357 3711 3501 3750 sum-

1926 3800 2069 3840 tnam
2103 3800 2282 3840 rerum
2315 3786 2556 3840 omnium
2589 3797 2889 3856 egestatem
2928 3785 3268 3856 philosophia
3293 3801 3392 3839 sua
3412 3801 3499 3840 se-

1925 3877 2161 3929 cundum
2211 3876 2385 3931 Deum
2425 3876 2765 3946 profitentes,
2816 3876 3211 3931 beatitudinem
3235 3891 3266 3930 a
3295 3875 3500 3931 Serva-

1929 3979 2046 4024 tore
2092 3971 2428 4042 propositam
2477 3979 2904 4040 consequentur.
2936 3970 3099 4026 Tales
3131 3971 3336 4042 primos
3368 3987 3500 4028 suos

1926 4065 2102 4119 voluit
2125 4081 2250 4121 esse
2283 4063 2606 4135 discipulos.
2639 4061 2820 4130 Quare
2863 4073 2920 4119 et
2957 4077 3145 4118 eorum
3188 4078 3499 4134 personam,

1926 4155 2226 4210 secundum
2257 4154 2488 4210 alterum
2523 4154 2941 4226 evangelistam,
2965 4169 3152 4210 coram
3172 4155 3346 4210 veluti
3373 4155 3504 4209 allo-

1925 4257 2086 4301 cutus
2115 4254 2220 4312 est,
2251 4245 2437 4302 dicens
2471 4264 2488 4301 :
2513 4244 2664 4300 Beati
2691 4263 2968 4316 pauperes,
3004 4248 3129 4317 quia
3169 4257 3398 4301 vestrum
3425 4257 3502 4300 est

1929 4357 2144 4412 regnum
2188 4341 2310 4396 Dei.
2364 4341 2502 4396 Nam
2538 4340 2858 4395 vocabulum
2904 4351 3129 4394 vestrum
3157 4340 3500 4395 demonstra-

228 4426 358 4518 τοὺς
389 4426 447 4506 δὲ
475 4454 571 4507 καὶ
604 4455 730 4517 τοὺς
775 4426 1094 4524 dego-alimur;
1111 4453 1308 4522 ἐπῆρε,
1344 4452 1438 4504 καὶ
1474 4450 1578 4522 πρὸ
1611 4448 1702 4503 τοῦ
1733 4449 1820 4502 λό-

1934 4436 2036 4488 tive
2089 4433 2158 4488 ad
2200 4443 2498 4504 praesentes
2550 4433 2822 4502 dirigitur.
2874 4433 2958 4486 Ad
3006 4430 3126 4486 illos
3168 4438 3348 4484 autem
3376 4439 3504 4484 ante

231 4564 333 4614 γου
378 4545 460 4616 τῷ
507 4544 678 4617 ἱλαρῷ
713 4545 986 4617 βλέμματι
1018 4544 1152 4616 πρὸς
1185 4544 1283 4616 τὴν
1329 4543 1592 4615 ἀκρόασιν
1627 4542 1824 4604 αὐτοὺς

230 4638 619 4708 ἐφελκόμενος
650 4641 698 4691 οἱ
744 4637 800 4690 δὲ
833 4638 1128 4710 προθύμως
1159 4640 1300 4708 σφᾶς
1325 4637 1521 4698 αὐτοὺς
1553 4635 1824 4705 ὑπηκόους

230 4733 348 4795 τοῖς
388 4729 706 4801 λεγομένοις
758 4733 1040 4802 παρεῖχον.
1084 4728 1307 4798 Πρῶτος
1347 4729 1444 4799 μὲν
1488 4723 1582 4780 οὖν
1619 4722 1825 4794 saepe;

229 4822 342 4876 τῶν
395 4823 681 4894 σωτηρίων
729 4820 1097 4895 μακαρισμῶν
1149 4813 1305 4883 οὗτος
1348 4815 1436 4890 ἧν,
1483 4819 1512 4872 ὁ
1557 4816 1825 4888 σύμϐασις-

229 4914 410 4968 λεύειν
441 4913 588 4985 αὐτῷ
612 4913 882 4984 παριστὰς
929 4915 1056 4977 τοὺς
1093 4912 1192 4984 τὴν
1228 4912 1295 4966 δι’
1330 4910 1492 4966 αὐτὸν
1529 4907 1826 4978 πτωχείαν,

231 5007 332 5062 καὶ
363 5007 456 5059 τὸν
486 5006 673 5077 ἄκρως
703 5007 989 5077 ἀκτήμονα
1024 5005 1314 5075 φιλόσοφόν
1355 5019 1415 5056 τε
1462 5001 1556 5057 κα)⁵
1603 4999 1824 5072 θεοφιλῆ

234 5101 351 5172 βίον
381 5099 862 5172 ἁναδεδεγμένους,
893 5100 1063 5171 ἡγουν
1089 5099 1215 5161 τοὺς
1253 5096 1696 5167 ταπεινόφρονας.

300 5278 558 5350 Δεύτεροι
590 5273 684 5333 οὖν
711 5279 807 5331 καὶ
838 5278 1011 5350 τρίτοι
1047 5275 1244 5346 ἐφεξῆς
1271 5273 1660 5342 καταλέγονται
1689 5275 1820 5342 παρ’

1925 4525 2116 4592 verba,
2139 4525 2327 4582 oculos
2364 4541 2584 4596 quoque
2609 4540 2737 4580 suos
2784 4522 3094 4588 intendens,
3126 4520 3288 4576 hilari
3318 4535 3505 4591 respe-

1926 4630 2016 4674 ctu
2047 4621 2194 4690 ipsos
2219 4620 2285 4674 ad
2311 4619 2644 4675 audiendum
2671 4631 3020 4686 permovens,
3053 4617 3144 4685 qui
3187 4614 3421 4670 libenter
3444 4628 3505 4668 se

1930 4713 2210 4767 auditores
2238 4711 2614 4782 prmhuerunt.
2646 4708 2864 4764 Primus
2897 4709 3077 4778 itaque
3109 4707 3501 4763 beatitudinum
3527 4715 3533 4766 ί

1930 4817 1960 4856 a
2002 4803 2298 4858 Servatore
2326 4801 2728 4872 pr0positarum
2758 4799 2960 4869 gradus
2985 4798 3073 4853 hic
3098 4806 3236 4862 erat,
3265 4797 3358 4868 qui
3383 4812 3530 4880 con-|

1931 4903 2254 4964 regnatorcs
2288 4894 2339 4947 ei
2375 4891 2612 4947 faciebat
2657 4889 2780 4944 illos
2809 4890 2900 4960 qui
2933 4900 3155 4959 propter
3183 4889 3353 4958 ipsum
3379 4881 3532 4955 θεέ-ί

1930 5002 2054 5042 nam
2087 5000 2310 5058 prorsus
2361 4997 2419 5040 et.
2470 4985 2903 5056 philosophicam
2937 4984 3350 5054 religiosatnque
3381 4981 3504 5035 vita:

1930 5081 2196 5135 rationem
2243 5078 2501 5149 amplexi
2529 5077 2784 5145 fuissent,
2826 5078 2880 5133 id
2933 5087 3019 5134 est
3063 5075 3254 5132 humili
3324 5083 3506 5129 mento

1927 5173 2210 5242 praeditos.

1999 5261 2248 5316 Secunda
2284 5275 2408 5316 mox
2437 5271 2493 5316 et
2513 5263 2672 5317 tertia
2715 5270 3034 5319 rccensetur
3063 5276 3093 5316 a
3125 5259 3342 5317 Christo
3371 5258 3504 5313 hea-

307 5393 349 5424 ³¹
381 5408 506 5462 cap.
529 5407 590 5458 ll,
624 5392 714 5446 32.
789 5392 974 5462 "cap.
1007 5406 1080 5454 tv,
1115 5391 1203 5444 i8.
1281 5389 1327 5422 ³³
1358 5387 1460 5441 lsa.
1493 5403 1603 5450 LXI,
1642 5387 1693 5440 Ι.
1761 5384 1810 5415 ⁸⁵
1838 5396 1958 5452 cap.
1981 5380 2157 5444 v1.18.
2231 5377 2278 5410 ⁸⁸
2304 5393 2424 5450 cap.
2452 5395 2530 5443 Vl,
2563 5377 2653 5433 20.
2730 5379 2778 5410 ”
2801 5377 2958 5434 Joan.
3001 5391 3114 5441 xtv,
3153 5375 3205 5432 2.

305 5485 420 5555 (45)
451 5485 604 5538 Alter
633 5484 724 5539 hic
772 5484 1133 5554 evangelista,
1162 5482 1338 5536 Lucas
1380 5482 1495 5555 ipse
1523 5487 1629 5541 est,
1660 5477 1804 5555 apud
1909 5475 2034 5529 hius
2067 5471 2401 5555 videturnhic
2431 5471 2789 5555 commentari
2830 5470 3014 5555 p'otius
3052 5469 3118 5522 ad
3151 5466 3502 5555 ualuit-eum;

231 5535 1445 5626 quemn—icituriuperépafresirum7regnnn'n
1479 5535 1803 5626 in__secuitda
1911 5558 2220 5626 quanquam
2254 5542 2477 5626 Nicetas
2522 5551 2725 5596 catenae
2767 5535 3070 5626 iri—Lucam
3109 5549 3297 5595 auctor
3335 5535 3507 5592 Euse-

234 5609 508 5694 persona:
572 5609 702 5680 cuni
753 5609 912 5693 apud
949 5609 1289 5694 Mattlneum'
1311 5638 1366 5688 v,
1409 5622 1467 5694 ὅ,
1508 5620 1720 5694 dicatur
1750 5618 1803 5670 in
1914 5609 2150 5674 bium'ad
2192 5623 2577 5686 argumentum
2606 5627 2765 5668 suum
2800 5609 3098 5667 transtulit.

239 5687 397 5753 iertia
445 5695 647 5761 αὐτῶν,
684 5687 915 5767 ipso-rum
957 5710 1190 5766 regnum.
1242 5687 1608 5762 Quamobrem
1639 5687 1818 5761 Euse-
