3858 6214
350 206 457 264 535

1021 198 1286 257 EUSEBII
1326 197 1798 255 CASSARIENSIS
1836 198 1988 255 OPP.
2028 199 2208 256 PARS
2244 199 2334 257 Ill.
2375 230 2447 241 —-
2483 197 2893 256 EXEGETICA.

3489 192 3601 250 536

353 320 545 384 titudo,
588 325 643 373 et
681 323 891 386 quarta,
940 303 1164 384 aliaeque
1215 312 1490 385 deinceps.
1551 312 1739 368 Licere
1774 312 1919 368 enim

2038 311 2172 383 ιύτῷ
2198 313 2554 383 μακαρισμοὶ,
2572 311 2666 364 καὶ
2686 307 2935 380 τέταρτοι
2960 306 3054 361 καὶ
3079 304 3278 376 ἐφεξῆς
3306 304 3441 377 (ιθ).
3474 305 3604 373 Ἐξ-

352 413 580 467 docebat
599 407 895 465 secundum
925 406 1143 477 aliquod
1180 423 1246 462 ex
1281 407 1549 476 pradictis
1595 407 1721 462 vitae
1757 421 1921 473 gene-

352 505 501 559 ribus
532 502 798 572 promissa
844 498 984 553 bona
1032 500 1321 567 consequi;
1374 500 1446 554 ita
1502 507 1562 554 ut
1607 508 1831 565 possent
1864 498 1918 552 in

352 593 445 647 Dei
477 607 664 661 regno,
691 592 735 646 si
762 592 941 645 minus
966 604 1090 644 cum
1133 588 1351 645 Christo
1381 605 1611 661 regnare
1656 604 1811 658 aeque
1856 604 1922 642 ac

352 698 613 754 pauperes
640 684 855 751 spiritu,
892 691 947 737 at
982 693 1128 736 certe
1157 682 1419 746 recreari,
1463 696 1528 736 eo
1556 682 1699 752 quod
1728 682 1919 737 morti-

352 776 465 828 fera
491 788 586 829 sua
620 783 834 843 peccata
866 772 1202 839 deﬂeverint,
1238 788 1301 829 ac
1337 774 1664 844 paenitentia:
1698 783 1754 829 et
1788 788 1921 829 con-

353 865 574 922 fessioni
623 877 894 934 castaque
921 868 1049 921 vita:
1091 877 1265 921 semet
1315 866 1636 922 addixerint.
1674 866 1770 922 Vel
1800 881 1924 937 pro-

353 958 517 1012 missa
547 968 688 1012 terra
715 959 900 1027 potiri,
943 970 1000 1013 et
1035 959 1369 1014 habitatores
1396 958 1652 1028 civesque
1678 973 1924 1027 superna:

355 1047 450 1103 Dei
478 1049 711 1103 civitatis
751 1049 887 1116 fieri,
921 1050 1045 1119 quia
1077 1049 1232 1103 mites
1272 1063 1331 1104 se
1376 1049 1749 1119 patientesque
1780 1063 1923 1119 prte-

354 1134 588 1188 buerint.
625 1131 863 1204 Velquia
890 1136 1215 1191 esuriverint
1245 1137 1298 1190 in
1344 1139 1594 1206 praesenti
1632 1139 1741 1192 vita
1764 1136 1925 1206 justi-

358 1225 485 1279 tiam
516 1235 677 1296 atque
701 1226 991 1291 sitiverint,
1024 1241 1194 1296 eaquc
1220 1228 1408 1283 satiari
1440 1229 1492 1284 in
1514 1227 1697 1283 futuro
1727 1227 1926 1285 saeculo

355 1317 700 1384 optaverint;
752 1318 825 1373 ita
860 1317 1177 1374 defaecatam
1219 1333 1284 1374 ac
1315 1319 1723 1375 substantialem
1752 1322 1925 1375 virtu-

355 1414 466 1461 tem
493 1407 795 1474 obtineant,
823 1419 877 1464 et
900 1409 1296 1480 hypostaticam
1331 1412 1508 1481 ipsam
1534 1413 1628 1467 Dei
1658 1412 1924 1482 justitiam

358 1502 660 1569 aspiciant,
705 1502 983 1573 ipsamque
1027 1504 1121 1559 Dci
1165 1505 1518 1575 sapientiam,
1556 1515 1812 1560 aeternam
1847 1506 1928 1559 vi-

357 1601 491 1660 tam,
532 1604 587 1648 et
613 1594 913 1649 animarum
973 1595 1175 1651 lumen.
1224 1596 1355 1665 Quae
1410 1597 1593 1652 omnia
1632 1599 1925 1653 secundum

356 1686 716 1742 inhaerentem
751 1686 1006 1741 virtutem
1038 1686 1093 1741 in
1132 1688 1405 1759 unigenito
1458 1689 1551 1743 Dei
1600 1686 1780 1744 Verbo
1810 1706 1931 1746 esse
1959 1655 2003 1710 Β

358 1775 748 1844 intelliguntur.
809 1774 962 1842 Quod
1025 1777 1070 1830 si
1122 1775 1320 1847 alioqui
1404 1776 1648 1832 nonnulli
1713 1778 1930 1846 benigni

358 1869 1090 1939 fuerinteteleemosynarii,
1122 1870 1658 1940 misericordiamque
1695 1887 1759 1927 ac
1798 1873 1933 1927 libe-

357 1960 633 2015 ralitatem
683 1975 809 2031 erga
860 1961 1132 2031 proximos
1186 1960 1701 2029 demonstraverint,
1761 1967 1930 2018 bene-

357 2052 603 2109 ﬁciorum
636 2069 856 2108 suorum
905 2053 1077 2107 vicem
1125 2052 1497 2121 experientur,
1555 2053 1931 2108 misericordia

357 2144 754 2214 clementiaque
780 2144 872 2200 Dei
904 2142 1153 2198 fruendo.
1202 2143 1353 2198 Alius
1396 2152 1481 2199 est
1526 2146 1806 2200 beatorum
1848 2160 1933 2200 se-

359 2233 594 2287 cundum
617 2232 1029 2303 promissionem
1059 2230 1213 2295 ordo,
1238 2232 1327 2300 qui
1355 2231 1538 2295 corde,
1576 2232 1627 2286 id
1649 2239 1733 2284 est
1755 2239 1934 2285 mente

359 2324 481 2394 puri
540 2333 706 2388 sunt;
762 2323 999 2392 itemqtte
1049 2322 1189 2377 alius
1248 2322 1623 2393 pacificorum.
1690 2322 1932 2388 Quorum

359 2416 576 2486 priores
606 2415 821 2483 quidem
853 2415 1108 2483 puritatis
1135 2428 1246 2468 sua-
1268 2414 1574 2468 mercedem
1609 2412 1931 2483 percipient,

359 2506 457 2561 Dei
494 2506 779 2570 visionem,
819 2503 943 2574 quia
971 2503 1211 2571 purgatis
1238 2518 1361 2557 eum
1390 2502 1585 2557 anima:
1614 2501 1787 2557 oculis
1809 2510 1934 2556 sunt

358 2598 561 2665 visuri;
590 2597 743 2652 alteri
772 2611 899 2651 vero
924 2595 1015 2650 lilii
1037 2596 1128 2650 Dei
1160 2595 1309 2663 fient,
1337 2604 1625 2666 propterea
1657 2595 1800 2664 quod
1836 2609 1936 2664 par

362 2705 499 2760 opus
530 2689 783 2753 fecerint,
816 2699 979 2760 atque
1010 2687 1105 2743 Dei
1139 2687 1330 2752 Filius,
1367 2689 1460 2758 qui
1510 2689 1693 2742 omnia
1753 2702 1849 2758 per
1876 2700 1935 2740 se

360 2781 537 2850 ipsum
571 2779 878 2851 pacificavit
910 2779 1023 2835 sive
1057 2794 1175 2849 qua:
1215 2778 1268 2833 in
1296 2777 1448 2833 cmlis
1486 2787 1632 2841 sunt,
1673 2778 1789 2832 sive
1817 2789 1937 2846 quae

363 2872 418 2925 in
460 2880 627 2926 terra.
662 2868 1044 2925 Verumtamen
1096 2870 1153 2925 hi
1193 2885 1381 2924 omnes
1418 2883 1516 2939 pro
1560 2884 1779 2923 suorum
1809 2883 1938 2937 ope-

2020 403 2156 454 εἰναι
2183 399 2292 472 γὰρ
2311 400 2557 454 ἐδίδασκε
2581 398 2702 453 καθ’
2726 398 2822 451 ἕνα
2843 397 2964 450 τινά
2995 395 3194 463 τρόπον
3222 394 3332 448 τῶν
3351 412 3605 449 κατωνο-

2024 492 2315 564 μασμένων
2346 491 2477 562 βίων
2504 489 2903 559 καταξιωθῆναι
2927 488 3034 543 τῶν
3051 486 3478 560 ἐπηγγελμένων
3508 505 3609 557 φι-

2020 585 2384 657 λοτιμεῖσθαι·
2410 584 2536 639 ὥστ’
2556 580 2693 639 εἶναι
2724 583 2965 648 δυνατὸν,
2990 584 3049 636 ὲν
3073 584 3138 652 τῇ
3162 580 3255 634 τοῦ
3282 580 3418 634 Θεοῦ
3443 580 3609 650 βασι-

2021 677 2141 749 λείᾳ
2190 675 2529 748 γενομένους,
2572 677 2623 728 εί
2658 676 2754 729 καὶ
2799 674 2873 746 μὴ
2911 670 3335 744 συμϐασιλεῦσαι
3376 669 3607 743 Χριστῷ

2022 768 2164 826 κατὰ
2212 769 2337 839 τοὺς
2376 769 2624 838 πτωχοὺς
2655 766 2731 839 τῷ
2762 765 3052 836 πνεύματι,
3094 763 3230 818 ἀλλά
3256 762 3387 833 γοῦν
3422 779 3611 835 παραρ

2023 858 2287 931 κληθῆναι
2329 858 2413 928 ἐφ’
2461 852 2542 920 οἷς
2593 855 2662 911 τά
2713 855 2847 926 πρὸς
2900 854 3126 908 θάνατον
3183 854 3611 924 ἀμαρτήσαντες

2024 950 2350 1021 ἐπένθησαν,
2384 948 2640 1021 μετανοίᾳ
2690 944 3192 1017 καὶ·ὲξομολογήσει
3222 944 3333 1016 (47)
3373 943 3470 996 καὶ
3501 942 3611 1014 βίῳ

2027 1044 2263 1118 σώφρονι
2292 1044 2513 1106 ἑαυτοὺς
2530 1040 2913 1104 ὲπιδεδωκότες
2932 1056 2947 1070 ο
2989 1038 3023 1110 ἦ
3053 1039 3152 1109 τῆς
3183 1035 3612 1108 ἐπηγγελμένης

2027 1139 2131 1208 γῆς
2172 1139 2376 1208 τυχεῖν,
2417 1133 2795 1205 οἰκήτοράςτε
2847 1131 2941 1186 καὶ
2982 1130 3205 1194 πολίτας
3237 1129 3337 1199 τῆς
3361 1128 3474 1183 ἀνω
3508 1126 3611 1181 τοῦ

2026 1229 2160 1285 Θεοῦ
2192 1230 2397 1292 πόλεως
2424 1225 2696 1296 γενέσθαι,
2727 1223 2937 1295 πράους
2968 1223 3061 1276 καὶ
3083 1221 3439 1288 ἀνεξικάκους
3463 1222 3611 1274 ἀπο-

2026 1320 2362 1392 δειχθέντας·
2411 1319 2445 1391 ἢ
2480 1318 2839 1390 πεινήσαντας
2885 1315 2944 1368 ὲν
2980 1312 3059 1383 τῷ
3091 1312 3319 1384 παρόντι
3356 1311 3475 1382 βίῳ,
3511 1310 3615 1364 καὶ

2026 1414 2358 1485 διψήσαντας
2393 1412 2495 1484 τῆς
2521 1407 2865 1478 δικαιοσύνης
2885 1408 3066 1477 τυχεῖν
3100 1405 3294 1474 αὐτῆς,
3322 1405 3417 1458 καὶ
3446 1419 3617 1474 κορε-

2030 1508 2222 1579 σθῆναι
2268 1507 2410 1560 κατά
2447 1504 2540 1558 τὸν
2587 1502 2992 1574 ἐπηγγελμένον
3031 1498 3224 1560 αίῶνα,
3265 1495 3403 1549 ἐπὰν
3434 1495 3615 1565 αὐτῆς

2030 1601 2275 1672 καθαρᾶς
2320 1599 2419 1670 τῆς
2462 1595 2751 1659 οὐσιώδους
2788 1593 2991 1668 ἀρετῆς
3030 1589 3407 1655 ἀπολαύωσιν,
3436 1587 3616 1657 αὐτὴν

2031 1692 2395 1763 ὑποστατικὴν
2428 1690 2662 1758 ὁρῶντες
2691 1688 2790 1759 τὴν
2824 1684 2919 1740 τοῦ
2958 1683 3093 1738 Θεοῦ
3119 1680 3484 1750 δικαιοσύνην,
3511 1680 3613 1733 καὶ

2030 1784 2200 1856 αὐτὴν
2226 1784 2325 1855 τὴν
2358 1781 2548 1849 σοφίαν
2587 1778 2682 1832 τοῦ
2722 1775 2880 1841 Θεοῦ,
2919 1775 3015 1829 καὶ
3041 1774 3139 1845 τὴν
3177 1772 3321 1843 ζωὴν
3348 1771 3448 1841 τὴν
3477 1768 3619 1824 αἰώ-

2030 1893 2161 1940 νιον,
2191 1874 2286 1927 καὶ
2304 1873 2364 1926 τὸ
2388 1869 2574 1942 ψυχῶν
2607 1866 2930 1939 φωτιστικόν
2950 1884 2963 1897 ·
3014 1865 3051 1919 ἃ
3079 1864 3144 1936 δὴ
3178 1864 3353 1918 πάντα
3380 1863 3618 1915 ἐπινοεῖ-

2029 1984 2118 2019 ται
2159 1964 2299 2019 κατά
2337 1963 2436 2027 τὰς
2484 1958 2896 2032 ἐνυπαρχούσας
2926 1956 3183 2027 δυνάμεις
3223 1954 3302 2025 τῷ
3337 1955 3619 2025 μονογενεῖ

2030 2056 2125 2110 τοῦ
2161 2056 2297 2109 Θεοῦ
2326 2054 2503 2125 Λόγῳ.
2538 2053 2601 2106 Εί
2632 2050 2689 2103 δὲ
2726 2048 2901 2111 ἄλλως
2936 2046 3082 2110 τινὲς
3117 2045 3486 2116 φιλάνθρωποι
3520 2045 3617 2097 καὶ

2032 2150 2323 2220 ἐλεήμονες
2370 2147 2658 2215 γεγόνασι,
2710 2144 2772 2197 τὸ
2822 2140 3104 2213 συμπαθὲς
3155 2140 3250 2193 καὶ
3299 2134 3618 2191 κοινωνικὸν

2033 2242 2171 2313 πρὸς
2192 2242 2319 2304 τοὺς
2340 2237 2508 2301 πέλας
2532 2235 2806 2290 ὲπιδεικνύ
2816 2250 2984 2305 μενοι,
3009 2231 3203 2285 ταύτὸν
3233 2229 3511 2283 πείσονται
3530 2220 3616 2290 οἷς

2033 2333 2285 2405 ἔδρασαν,
2315 2330 2436 2383 κατ’
2470 2327 2620 2380 ἔλεον
2652 2324 2787 2378 Θεοῦ
2816 2325 2909 2379 καὶ
2938 2319 3344 2394 φιλανθρωπίαν
3372 2316 3596 2388 ὲλεηθὲν

2035 2442 2146 2488 τες.
2178 2421 2341 2475 ’Δλλο
2369 2420 2427 2475 δὲ
2459 2419 2644 2490 τάγμα
2676 2417 2871 2486 γένοιτ’
2902 2415 2968 2471 ἂν
3000 2414 3108 2469 τῶν
3138 2411 3279 2467 κατά
3310 2411 3411 2482 τὴν
3442 2411 3619 2477 ἐπαγ-

2034 2513 2221 2582 γελίαν
2267 2511 2576 2583 μακαρίων,
2616 2509 2678 2562 τὸ
2702 2507 2811 2561 τῶν
2835 2508 2934 2578 τὴν
2964 2506 3191 2578 καρδίαν
3225 2503 3474 2557 τουτέστι
3516 2500 3622 2571 τὴν

2033 2603 2268 2656 διάνοιαν
2305 2598 2729 2671 κεκαθαρμένων
2747 2615 2761 2628 ο
2795 2597 2891 2651 καὶ
2917 2596 3044 2652 ἄλλο
3070 2595 3233 2649 πάλιν
3258 2593 3367 2646 τῶν
3401 2593 3615 2664 εἰρηνο-

2037 2693 2206 2748 ποιῶν
2231 2710 2245 2725 ’
2281 2687 2356 2748 ὧν
2377 2693 2428 2745 οί
2454 2693 2552 2763 μὲν
2579 2691 2833 2763 πρότεροι
2858 2689 3026 2761 γέρας
3046 2687 3305 2759 λήψονται
3326 2686 3429 2756 τῆς
3452 2683 3625 2738 καθα-

2041 2789 2282 2860 ρότητος,
2314 2785 2413 2857 τὴν
2441 2784 2534 2838 τοῦ
2565 2783 2700 2837 Θεοῦ
2719 2783 2868 2848 θέαν,
2898 2780 2995 2835 ἅτε
3019 2780 3077 2834 δὲ
3103 2778 3404 2850 ὀφθαλμοῖς
3440 2775 3622 2847 ψυχῆς

2039 2874 2470 2946 κεκαθαρμένοις
2519 2872 2679 2928 αὐτὸν
2722 2872 3004 2943 ὀψόμενον
3049 2870 3099 2924 οἱ
3128 2870 3185 2923 δὲ
3236 2869 3480 2940 δεύτεροι
3515 2865 3627 2919 υἱοὶ

361 2978 484 3018 rum
550 2962 866 3017 diversitate
917 2961 1145 3016 diversis
1209 2961 1264 3015 in
1337 2961 1605 3030 promisso
1672 2959 1934 3014 catlorum

2041 2966 2178 3021 θεοῦ
2208 2966 2548 3038 γενήσονται.
2577 2964 2653 3026 ὡς
2675 2962 2740 3017 ἂν
2769 2961 2928 3033 ἔργον
2948 2962 3134 3032 ὅμοιον
3160 2956 3620 3049 κατωρθωκότεςῖ

364 3067 533 3123 regno
578 3052 859 3122 potientur
909 3051 1226 3107 honoribus.
1288 3050 1423 3106 Nam
1477 3051 1774 3122 regnabuut
1813 3066 1935 3105 cum

2040 3054 2150 3114 οἷον
2178 3059 2271 3112 καὶ
2307 3059 2335 3111 ό
2369 3056 2463 3110 τοῦ
2484 3055 2617 3110 Θεοῦ
2647 3056 2774 3119 Υἱὸς
2798 3052 3215 3126 εἰρηνοποιήσας
3251 3048 3320 3104 τὰ
3343 3049 3522 3103 πάντα
3551 3044 3625 3099 δι’

366 3144 460 3196 Dei
486 3142 624 3198 Filio
640 3141 800 3212 primi
838 3142 929 3211 qui
964 3141 1225 3196 nominati
1257 3152 1384 3197 sunt
1425 3156 1690 3211 pauperes
1721 3141 1935 3211 spiritu.

362 3233 497 3289 Post
529 3233 648 3289 illos
672 3242 850 3287 autem
897 3232 1140 3299 secundi,
1185 3231 1353 3288 fortes
1396 3232 1489 3286 Dei
1551 3242 1844 3303 martyres,
1872 3231 1941 3285 de

365 3326 564 3395 quibus
603 3333 787 3396 postea
823 3323 990 3378 dicit:
1045 3322 1191 3376 Beati
1239 3326 1330 3395 qui
1380 3324 1791 3393 persecutionem
1841 3340 1940 3393 pu-

368 3415 576 3466 tiuntur
616 3419 828 3481 prapter
861 3410 1150 3480 justitiam.
1175 3411 1270 3466 His
1322 3412 1466 3467 enim
1506 3410 1685 3466 verbis
1725 3426 1820 3466 eos
1848 3412 1940 3481 qui

365 3516 465 3570 pro
492 3517 660 3572 regno
689 3500 1016 3555 decertaturi
1062 3511 1240 3565 erant,
1275 3508 1531 3571 tanquam
1584 3499 1795 3556 nobiles
1849 3500 1941 3554 Dei

370 3593 571 3648 milites
614 3593 829 3648 dicebat
850 3593 1074 3658 beatos;
1125 3591 1434 3646 necessario
1486 3590 1572 3645 his
1600 3606 1837 3661 quoque,
1886 3602 1944 3644 ut

365 3683 798 3739 beatificatorum
828 3694 988 3738 antea
1028 3696 1323 3752 pauperum
1353 3681 1638 3747 fratribus,
1676 3681 1943 3737 mercedis

368 3772 491 3829 loco
517 3773 778 3829 caelorum
804 3788 1024 3843 regnum
1052 3774 1393 3843 promittens.
1418 3771 1585 3828 Multo
1621 3784 1800 3828 autem
1818 3789 1941 3828 cum

367 3860 561 3916 ordine
608 3869 665 3914 et
713 3870 1079 3916 consentanee
1154 3860 1238 3915 his
1291 3862 1664 3917 communicat
1718 3877 1944 3931 regnum

369 3965 526 4005 suum
563 3959 683 4020 post
718 3965 982 4020 pauperes
1031 3950 1246 4020 spiritu.
1276 3950 1503 4021 Oportet
1529 3952 1674 4007 enim
1712 3954 1943 4023 primum

369 4041 556 4097 vivere
587 4041 700 4096 Deo
730 4050 913 4110 gratos
943 4048 1058 4095 toto
1082 4041 1205 4095 vitae
1247 4049 1511 4112 tempore,
1545 4057 1837 4113 pauperem
1879 4060 1945 4099 ac

375 4139 810 4210 philosophicum
846 4152 1051 4193 morem
1090 4147 1333 4195 tenentes
1366 4158 1381 4194 :
1408 4140 1604 4196 deinde
1631 4142 1710 4196 sic
1732 4142 1796 4196 ad
1820 4157 1946 4213 gra-

376 4241 492 4287 tum
520 4230 633 4286 Deo
660 4232 822 4286 tinem
851 4233 1186 4303 pertingere.’
1207 4229 1393 4301 Itaque
1433 4233 1645 4303 priores
1683 4232 1755 4287 illi
1801 4249 1947 4289 sum-

2043 3148 2260 3217 ἑαυτοῦ,
2283 3148 2355 3201 τά
2392 3165 2451 3201 τε
2500 3148 2559 3200 ὲν
2601 3144 2814 3218 οὐρανῷ
2847 3143 3034 3199 καίτά
3066 3142 3161 3196 ἐπὶ
3196 3141 3295 3212 τῆς
3314 3140 3438 3210 γῆς.
3486 3136 3626 3190 Ἀλλ’

2041 3232 2188 3292 οὗτοι
2214 3240 2310 3310 μὲν
2343 3239 2437 3291 ἐπὶ
2469 3237 2745 3309 διαφόροις
2782 3235 3171 3307 κατορθώμασι
3204 3233 3476 3303 διαφόρων
3504 3228 3632 3282 τεύ-

2046 3325 2224 3389 ξονται
2247 3325 2418 3396 τιμῶν
2450 3327 2509 3379 ὲν
2526 3328 2592 3396 τῇ
2622 3324 3040 3397 κατηγγελμένῃ
3073 3324 3183 3377 τῶν
3207 3321 3451 3393 οὐρανῶν
3482 3320 3636 3390 βασι-

2044 3418 2185 3489 λείᾳ.
2222 3419 2288 3472 Οἳ
2315 3435 2379 3486 γε
2410 3417 2515 3489 μὴν
2543 3416 2692 3488 αὐτῷ
2724 3415 3248 3488 συμϐασιλεύσοντες
3275 3413 3354 3484 τῷ
3388 3412 3504 3483 Υίῷ
3531 3411 3629 3466 τοῦ

2045 3508 2181 3563 Θεοῦ
2216 3508 2421 3581 πρῶτοι
2475 3508 2574 3579 μὲν
2621 3503 2763 3578 ἦσαν
2817 3508 2865 3559 οί
2914 3505 3242 3577 δηλωθέντες
3288 3504 3496 3574 πτωχοὶ
3546 3502 3631 3573 τῷ

2047 3602 2348 3672 πνεύματισ
2394 3598 2635 3671 δεύτεροι
2672 3598 2729 3652 δὲ
2763 3597 2878 3669 μετ’
2906 3597 3148 3659 ὲκείνους
3182 3596 3232 3648 oi
3259 3597 3497 3663 γενναῖοι
3533 3591 3631 3648 τοῦ

2045 3693 2179 3747 Θεοῦ
2213 3695 2508 3765 μάρτυρες,
2540 3692 2669 3762 περὶ
2699 3683 2774 3744 ὧν
2816 3688 2945 3761 ἑξῆς
2972 3687 3217 3741 ἐδίδασκε
3256 3685 3461 3754 λέγων’
3489 3687 3635 3738 Ma—

2049 3786 2239 3856 κάριοι
2275 3789 2330 3840 οἱ
2364 3783 2744 3856 δεδιωγμένοι
2795 3781 3004 3836 ἕνεκεν
3055 3778 3481 3845 δικαιοσύνης·
3538 3774 3633 3829 διὰ

2047 3874 2253 3929 τούτων
2308 3874 2417 3946 γὰρ
2461 3874 2587 3938 τοὺς
2621 3872 2915 3944 μέλλοντας
2978 3866 3483 3941 ὑπεραγωνίζεσθαι
3528 3864 3634 3935 τῆς

2050 3965 2324 4037 βασιλείας
2349 3965 2426 4029 ώς
2454 3966 2693 4035 εὐγενεῖς
2721 3965 2857 4018 Θεοῦ
2898 3960 3234 4036 στρατιώτας
3260 3956 3592 4030 ἐμακάριζεν
3611 3972 3631 3988 ο

2049 4057 2362 4126 ἀναγκαίως
2399 4058 2494 4110 καὶ
2531 4059 2716 4120 αὐτοῖς
2746 4056 2822 4120 ώς
2854 4055 3103 4123 ἀδελφοῖς
3124 4051 3232 4106 τῶν
3264 4064 3632 4121 προμεμακα-

2051 4143 2321 4223 ρισμένων
2348 4147 2580 4220 πτωχῶν
2606 4148 2835 4221 βραδεῖα
2861 4146 2968 4200 τῶν
2994 4144 3242 4200 ἐπάθλων
3274 4141 3372 4213 τὴν
3398 4139 3508 4192 τῶν
3537 4138 3635 4191 οὐ-

2052 4237 2229 4309 ρανῶν
2264 4236 2538 4309 βασιλείαν
2562 4235 3005 4307 ὑπισχνούμενος.
3042 4232 3205 4297 Τάξει
3256 4230 3314 4284 δὲ
3343 4228 3510 4300 πολλῇ
3537 4228 3638 4282 καὶ

370 4337 517 4380 mam
556 4323 680 4379 vita:
719 4332 1089 4394 paupertatem
1125 4334 1420 4405 sectantes,
1464 4333 1577 4378 toto
1621 4325 1800 4380 relatis
1841 4340 1935 4381 sua

2056 4328 2346 4401 ἀκολουθίᾳ
2362 4328 2574 4394 τούτοις
2609 4329 2881 4400 μετεδίδου
2902 4329 2999 4400 τῆς
3028 4326 3194 4381 αὐτοῦ
3228 4323 3505 4395 βασιλείας
3529 4340 3629 4391 με-

374 4426 619 4488 tempore
643 4432 744 4487 pro
776 4417 992 4472 virtutis
1039 4406 1277 4487 pranniﬁ
1309 4417 1680 4472 decertarunt.
1710 4416 1946 4472 Secundi

370 4525 523 4575 vero,
571 4519 794 4580 propter
845 4508 1210 4563 testimonium
1273 4510 1338 4563 de
1391 4509 1632 4576 Christo,
1684 4511 1944 4581 exagitati

372 4601 612 4664 fuerunt,
639 4600 957 4672 oppugnati,
998 4600 1124 4656 odio
1172 4600 1363 4664 habiti,
1397 4599 1549 4655 falsis
1588 4601 1946 4655 accusationi-

373 4694 473 4750 bus
496 4694 831 4749 calumniose
859 4692 1107 4762 appetiti,
1150 4690 1353 4745 nullam
1395 4692 1558 4745 aliam
1601 4691 1671 4746 ob
1724 4706 1942 4745 causam

372 4800 534 4851 quam
567 4783 637 4839 ob
669 4782 867 4839 Christi
903 4781 1324 4838 confessionem.
1371 4783 1479 4838 Sed
1522 4785 1667 4838 enim
1702 4785 1944 4838 esurien-

374 4888 457 4931 tes
477 4878 691 4946 quidem
728 4886 782 4931 et
803 4877 1013 4943 flentes,
1047 4887 1103 4932 et
1141 4876 1343 4932 Christi
1391 4891 1554 4930 causa
1599 4877 1947 4931 contumeliis

372 4967 600 5023 affectos
637 4971 776 5039 apud
814 4968 1009 5023 Lucam
1053 4984 1269 5040 quoque
1299 4967 1598 5023 videbimus
1622 4966 1758 5040 (48);
1790 4969 1946 5025 mites

447 5200 561 5272 (46)
587 5200 698 5257 Hoc
722 5215 937 5272 quoque
966 5202 1106 5270 apud
1148 5200 1481 5267 Matthaeum,
1510 5201 1602 5269 q'ui
1637 5210 1760 5256 octo
1795 5202 1948 5271 ponit

376 5270 754 5341 bezt‘titudines,
789 5270 912 5328 cum
959 5272 1133 5326 Lucas
1177 5283 1411 5341 quatuor
1463 5280 1666 5325 tantmn
1724 5270 1950 5327 scribat.

376 5339 433 5394 ιιι
469 5339 719 5412 Μοιιιιτιτο
758 5344 940 5412 itaque
965 5343 1169 5397 versari
1198 5339 1419 5396 videtur
1451 5343 1733 5396 Eusebius.

409 5477 421 5491 .
449 5410 562 5479 (47)
587 5410 970 5469 Auintadverte
1014 5412 1393 5483 ptenitentiam
1441 5427 1545 5466 non
1580 5413 1699 5467 sine
1728 5411 1946 5467 confes-

376 5493 547 5534 ιιοηο.

450 5548 562 5620 (48)
598 5549 759 5606 Vides
789 5568 977 5607 rursus
1012 5552 1301 5608 Eusebium
1331 5553 1382 5606 in
1424 5552 1732 5609 Matthmum
1762 5552 1941 5621 potius

379 5624 731 5677 counneutari
761 5624 922 5693 quain
958 5624 1009 5679 in
1042 5622 1262 5695 Lucam,
1315 5623 1379 5679 ad
1409 5638 1565 5694 quem
1616 5620 1792 5678 tamen
1844 5620 1937 5679 Ni-

2052 4420 2124 4473 τὰ
2152 4420 2277 4484 τοὺς
2312 4421 2559 4491 πτωχοὺς
2580 4419 2660 4490 τῷ
2687 4419 2984 4490 πνεύματι·
3032 4417 3219 4489 βιῶναι
3255 4415 3365 4487 γὰρ
3392 4414 3474 4467 δεῖ
3504 4414 3639 4484 πρό-

2050 4528 2208 4582 τερον
2233 4510 2492 4579 θεοφιλῶς
2515 4511 2608 4565 τὸν
2638 4511 2814 4565 πάντα
2846 4511 3035 4584 χρόνον
3067 4512 3168 4579 τῆς
3193 4508 3338 4578 ζωῆς
3374 4509 3431 4559 ἐν
3464 4506 3640 4575 ἀκτή-

2055 4621 2176 4675 μονι
2207 4606 2301 4657 καὶ
2327 4604 2600 4675 φιλοσόφῳ
2634 4605 2821 4676 τρόπῳ
2852 4602 3281 4666 διατελέσαντας,
3332 4593 3432 4651 εἶθ’
3463 4597 3641 4661 οὕτως

2053 4694 2146 4746 ἐπὶ
2182 4693 2243 4747 τὸ
2280 4693 2522 4763 θεοφιλὲς
2555 4694 2708 4758 τέλος
2731 4694 2924 4748 ἐλθεῖν.
2956 4694 3020 4746 Οἱ
3051 4693 3147 4765 μὲν
3174 4686 3267 4745 οὖν
3298 4688 3507 4761 πρῶτοι
3536 4687 3641 4759 τὴν

2053 4783 2229 4855 ἄκραν
2270 4784 2553 4856 ἀκτήμονα
2603 4787 2936 4857 μετήρχοντο
2973 4782 3196 4854 ἀγωγὴν
3232 4781 3328 4835 τοῦ
3379 4780 3519 4850 βίου,
3545 4780 3643 4834 διὰ

2054 4877 2235 4948 πάσης
2270 4877 2451 4931 αὐτῶν
2507 4878 2609 4950 τῆς
2644 4877 2787 4949 ζωῆς
2834 4880 2946 4941 τοῖς
2964 4876 3077 4946 ’τῆς
3104 4874 3305 4947 ἀρετῆς
3335 4871 3520 4936 ἄθλοις
3550 4873 3643 4925 ὲν-

2053 4968 2440 5042 αγωνιζόμενοι
2461 4987 2474 5001 ⁸
2504 4972 2554 5023 οἱ
2573 4970 2631 5023 δὲ
2656 4969 2897 5043 δεύτεροι
2921 4969 3020 5039 τ’ἧς
3040 4969 3120 5031 είς
3143 4965 3304 5021 αὐτὸν
3328 4964 3641 5036 μαρτυρίας

2058 5215 2208 5258 cctas
2233 5203 2450 5259 Eusebii
2482 5204 2584 5259 has
2613 5204 2997 5259 meditationes
3020 5205 3205 5258 traxit.
3254 5200 3369 5255 Nisi
3405 5200 3644 5256 fortasse

2051 5274 2325 5329 Eusebius
2369 5274 2673 5344 generatim
2712 5277 2777 5328 ad
2824 5273 3330 5344 tetraevangelium,
3362 5272 3519 5344 quasi
3548 5285 3643 5337 per

2054 5341 2422 5410 harmoniam,
2467 5355 2870 5400 commentatus
2927 5346 3046 5398 fuit.
3100 5347 3207 5398 Aut
3245 5341 3347 5395 nisi
3407 5342 3645 5407 denique

2051 5426 2344 5470 sumuntur
2380 5415 2495 5470 lucc
2526 5424 2580 5471 et
2609 5414 2710 5468 alia
2745 5429 2813 5469 ex
2863 5414 2905 5467 Τ
2914 5412 3213 5477 heophania
3250 5410 3490 5465 fortasse
3534 5418 3645 5479 ple-

2046 5486 2234 5550 niore;
2281 5486 2535 5555 incnjus
2575 5496 2725 5540 certe
2767 5497 2961 5555 quarto
3017 5484 3156 5537 libro
3208 5482 3489 5555 nt_odn_ex
3536 5483 3643 5535 hoc

2036 5556 2194 5614 modo
2215 5549 2281 5612 ex
2313 5553 2419 5613 alio
2445 5549 2936 5627 evangelista'facit
2957 5561 3206 5624 excerpta
3239 5549 3530 5608 Eusebius.
