3858 6214
210 290 321 345 5'57

1366 282 1864 344 COMMENTARIA
1905 282 1973 337 IN
2014 281 2100 339 [ου
2111 282 2275 337 (IAM.

3368 269 3476 325 538

205 407 401 461 ἐνεκεν
421 405 714 477 ἠλαύνοντο
741 406 1134 479 πολεμούμενοι
1165 409 1260 463 καὶ
1282 408 1619 481 μισούμενοι,
1640 423 1800 460 συκο-

1906 413 2106 470 autem,
2141 412 2197 458 et
2234 401 2633 466 misericordes,
2664 408 2719 453 et
2743 396 2906 454 corde
2930 409 3115 466 puros,
3147 401 3201 448 et
3222 390 3477 463 pacillcos

205 496 574 568 φαντούμενοί
612 515 670 551 τε
704 498 924 568 ψευδέσι
965 500 1234 565 διαϐολαῖς
1259 501 1327 554 δι’
1353 500 1504 555 οὐδὲν
1538 501 1722 572 ἕτερον
1753 497 1788 568 ἢ

1897 494 2182 549 Matthazus
2207 492 2361 546 nobis
2381 491 2447 545 ad
2470 488 2919 545 considerandum
2951 485 3277 555 suppeditat.

205 592 300 648 διὰ
330 592 431 666 τὴν
457 596 535 657 είς
560 595 792 666 Χριστὸν
823 596 1134 666 ὁμολογίαν.
1182 598 1341 653 Ἀλλὰ
1384 597 1495 669 γὰρ
1514 598 1641 661 τοὺς
1672 594 1771 666 μὲν
1822 590 2125 654 πεινῶντας
2181 589 2275 643 καὶ
2327 586 2613 648 κλαίοντας
2651 583 2744 638 καὶ
2776 583 2865 637 διὰ
2895 579 3126 654 Χριστὸν
3151 577 3476 650 ὀνειδιζομέ-

208 706 343 753 νους
384 691 477 744 καὶ
508 690 663 762 παρὰ
689 690 767 761 τῷ
795 692 981 763 Λουκᾷ
1018 692 1262 764 ὀψόμεθα
1280 710 1295 724 ·
1341 694 1470 758 τοὺς
1499 693 1556 746 δέ
1599 693 1795 764 πραεῖς
1840 688 1937 741 καὶ
1980 687 2109 750 τοὺς
2170 684 2469 756 ἐλεήμονας
2494 681 2590 735 καὶ
2614 681 2739 743 τοὺς
2759 677 3032 750 καθαροὺς
3061 679 3129 748 τῇ
3151 675 3350 749 καρδίᾳ
3380 676 3477 730 καὶ

207 782 344 845 τοὺς
374 783 745 853 εἰρηνοποιοὺς
773 784 802 836 ὁ
835 784 1114 849 Ματθαῖος
1149 787 1283 858 ἡμῖν
1314 788 1394 851 είς
1417 786 1663 851 ἐξέτασιν
1694 779 2075 855 παρατίθεται.

286 877 400 930 Καὶ
448 876 603 929 ταῦτ’
640 875 827 947 ἔλεγεν
863 876 1102 943 ὁπλίζων
1139 881 1234 934 καὶ.
1258 881 1640 954 περιφράττων
1672 880 1798 942 τοὺς

214 967 471 1039 μαθητὰς
514 970 596 1032 εἰς
641 968 732 1022 τὸν
779 968 922 1023 κατά
973 969 1084 1025 τῶν
1141 974 1398 1047 ἐναντίων
1437 974 1691 1045 πόλεμον,
1740 972 1799 1026 ὃν

210 1057 442 1123 ἔμελλον
464 1058 906 1113 ἐπαναντλείσθαι
920 1060 1281 1133 κηρύττοντες
1300 1065 1464 1119 παντὶ
1488 1064 1565 1135 τῷ
1585 1064 1796 1135 κόσμῳ,

210 1150 315 1204 καὶ
347 1151 744 1222 μαρτυρόμενοι
769 1152 866 1225 τὴν
892 1153 1011 1217 ἐνὸς
1042 1153 1137 1208 τοῦ
1162 1155 1256 1208 ἐπί
1282 1156 1501 1209 πάντων
1528 1154 1662 1208 Θεοῦ
1706 1154 1802 1224 βα-

215 1240 445 1296 σιλείαν.
476 1242 786 1307 Μέλλοντας
820 1243 929 1316 γὰρ
962 1246 1158 1310 αὐτοὺς
1198 1246 1287 1300 διά
1314 1247 1374 1301 τὸ
1400 1248 1520 1301 νέον
1541 1248 1800 1318 κήρυγμα

210 1331 358 1403 πρὸς
380 1334 633 1388 ἁπάντων
664 1333 983 1390 ἐλαύνεσθαι
1006 1337 1101 1391 καὶ
1126 1337 1498 1409 πολεμεῖσθαι,
1525 1355 1802 1409 προησφαι

210 1421 396 1488 λίζετο
429 1426 525 1478 καὶ
558 1425 903 1497 προέφραττε
932 1429 1294 1501 μακαρισμιῖΝ
1317 1447 1375 1483 τε
1404 1428 1558 1500 ἠξίου
1579 1448 1591 1461 ’
1622 1431 1704 1485 ὃτι
1735 1431 1798 1503 δὴ

209 1515 457 1587 ἄληπτον
503 1516 619 1587 βίον
662 1517 1110 1590 προϐαλλόμενοι,
1153 1521 1230 1586 ὡς
1277 1521 1411 1593 μηδέ
1448 1525 1561 1586 τοῖς
1588 1520 1800 1595 ἐχθροῖς

212 1608 519 1679 προφάσεις
544 1610 663 1662 κατ’
691 1608 870 1663 αὐτῶν
904 1609 1243 1683 θηρωμένοις
1273 1612 1529 1684 ἀφορμὰς
1551 1613 1801 1686 διαϐολῆς

213 1699 508 1771 παρέχειν·
536 1700 687 1770 ὅμως
729 1700 820 1754 διὰ
852 1701 1019 1774 μόνην
1057 1704 1158 1774 τὴν
1190 1705 1272 1766 είς
1297 1703 1457 1757 αὐτὸν
1487 1703 1797 1775 ὁμολογίαν,

214 1789 444 1844 καὶτῶν
465 1791 633 1845 αὐτοῦ
663 1793 1140 1865 παραγγελμάτων
1160 1795 1367 1861 ἕνεκεν,
1392 1795 1679 1850 διώκεσθαι
1708 1797 1802 1850 καὶ

214 1886 572 1956 πολεμεῖσθαι
605 1887 869 1958 μέλλοιεν,
888 1888 1332 1960 δυσφημούμενοι
1353 1891 1445 1944 καὶ
1473 1891 1653 1955 πάσας
1677 1892 1805 1945 ὑποο

218 1978 478 2049 μένοντες
506 1978 772 2050 λοιδορίας
803 1980 897 2032 καὶ
929 1979 1116 2050 ὕϐρεις
1148 1981 1241 2035 καὶ
1263 1981 1619 2053 ὀνειδισμοὺς,
1653 1982 1712 2036 οὐ
1735 1982 1800 2036 δι’

212 2064 425 2128 οἰκείας
467 2064 862 2137 πλημμελείας,
904 2065 993 2121 διὰ
1019 2067 1076 2121 δὲ
1103 2069 1192 2122 τὸν
1220 2069 1473 2141 ἐνάρετον
1513 2072 1609 2124 καὶ
1634 2071 1801 2144 ἄκρον

1969 873 2088 929 Jam
2120 888 2250 929 vero
2284 872 2400 928 hare
2422 871 2602 926 aiebat
2635 881 2856 923 armaus
2893 875 3054 936 alque
3098 865 3475 920 communiens

1898 968 1964 1022 ad
1999 967 2196 1023 bellum
2228 980 2350 1021 cum
2385 964 2632 1019 hostibus
2664 959 2978 1029 discipulos,
3015 957 3157 1029 quod
3192 967 3350 1012 erant
3393 966 3477 1010 too

1898 1060 2121 1115 leraturi
2160 1060 2285 1113 dum
2324 1057 2422 1111 toti
2454 1054 2652 1110 mundo
2681 1066 2846 1106 mmm
2887 1049 3213 1105 universalis
3251 1049 3345 1102 Dei
3389 1063 3477 1102 re-

1899 1166 2062 1224 gnum
2094 1151 2475 1221 pra-dicarem.
2504 1146 2709 1215 Nempe
2732 1159 2842 1207 eos,
2885 1143 2977 1214 qui
3013 1143 3082 1197 ob
3111 1156 3307 1195 novam
3335 1157 3474 1210 prae-

1899 1245 2224 1301 dicatiouem
2275 1244 2343 1298 ab
2389 1240 2644 1297 omnibus
2674 1235 2986 1307 exagitandi
3036 1243 3196 1289 erant
3229 1246 3284 1288 et
3313 1249 3479 1303 oppu-

1899 1336 2120 1408 gnandi,
2169 1345 2295 1390 ante
2339 1331 2614 1389 muniebat
2640 1338 2802 1399 atque
2840 1327 3114 1391 armabat,
3150 1335 3206 1381 et
3242 1325 3476 1381 beatitu-

1899 1429 2025 1485 dine
2058 1427 2249 1497 dignos
2283 1424 2597 1480 deﬁniebat.
2647 1421 2785 1490 Quia
2821 1420 3080 1476 nimirum
3124 1419 3477 1489 irreprehen-

1899 1520 2108 1577 sibilem
2140 1519 2276 1575 adeo
2320 1518 2485 1573 vitam
2521 1530 2633 1586 prae
2663 1530 2722 1572 se
2755 1514 3019 1579 ferentes,
3047 1521 3107 1567 ut
3149 1526 3215 1567 ne
3242 1509 3479 1566 inimicis

1900 1614 2114 1685 quidem
2157 1627 2345 1667 ansam
2394 1608 2800 1680 quaerentibus,
2855 1606 3143 1662 calumnia:
3194 1603 3478 1659 materiam

1900 1708 2234 1778 praeberent;
2263 1702 2638 1769 nihilominus,
2667 1688 2891 1772 propter
2922 1699 3092 1755 solam
3115 1696 3320 1754 Christi
3347 1712 3479 1752 con-

1902 1800 2186 1855 fessionem
2216 1798 2441 1869 ejusque
2476 1795 2858 1851 mandatorum
2900 1807 3086 1857 causa,
3143 1788 3480 1861 persecutio-

1901 1907 2029 1946 num
2053 1890 2248 1946 bellum
2278 1888 2587 1959 perpessuri
2613 1895 2792 1952 erant,
2822 1883 3122 1949 maledicti,
3146 1894 3307 1951 atque
3331 1880 3478 1936 omni

1903 1998 2101 2053 genere
2151 1982 2543 2045 conviciorum,
2599 1978 2946 2050 injuriarum,
3000 1974 3483 2030 contumeliarum-

1903 2090 2008 2145 que
2028 2075 2227 2142 obruti,
2259 2074 2404 2128 haud
2425 2075 2495 2128 ob
2521 2085 2675 2127 suum
2708 2069 2914 2125 crimen
2945 2067 3181 2137 aliquod.
3226 2066 3318 2121 sed
3354 2079 3481 2134 pro-

212 2156 278 2208 ἐν
304 2155 621 2230 δικαιοσύνῃ
667 2156 780 2227 βίον
818 2158 996 2212 αὐτῶν
1020 2176 1034 2190 ·
1077 2159 1106 2212 ὃ
1143 2160 1208 2233 δὴ
1242 2163 1335 2215 καὶ¹
1369 2162 1500 2215 αὐτὸ
1531 2162 1670 2216 κατά
1709 2162 1802 2235 τὴν

1909 2177 2025 2237 pter
2056 2183 2206 2222 suam
2243 2175 2448 2221 exactae
2470 2164 2693 2219 virtutis
2739 2177 2803 2216 ac
2830 2160 3054 2232 iustitiae
3083 2160 3277 2214 vitam.
3325 2157 3479 2225 Quod

213 2246 375 2301 θείαν
413 2247 754 2319 προμήθειαν
790 2249 1082 2321 εἰρημένον
1125 2251 1309 2316 τέλους
1349 2253 1638 2323 ἐτύγχανεν
1671 2253 1804 2325 ἀλη-

214 2338 351 2403 θοῦς
381 2342 440 2393 ἐν
469 2340 548 2411 τῷ
581 2340 718 2413 μετὰ
745 2342 920 2396 ταῦτα
941 2342 1138 2414 χρόνῳ.
1175 2343 1323 2416 Πλὴν
1344 2345 1478 2400 ἀλλά
1509 2346 1801 2419 θεραπεύει

212 2431 280 2485 τὸ
299 2431 544 2504 λυπηρὸν
582 2434 677 2487 τοῦ
711 2434 894 2504 λόγου,
930 2436 1205 2508 ίσοτίμους
1249 2438 1448 2503 αὐτοὺς
1489 2440 1802 2508 ἀποφαίνων

213 2527 332 2588 τοίς
368 2525 533 2579 πάλαι
573 2526 670 2580 τοῦ
700 2528 835 2581 Θεοῦ
865 2530 1195 2600 προφήταις.
1228 2530 1320 2585 Διὸ
1344 2531 1437 2586 καὶ
1470 2533 1681 2605 χαίρειν
1709 2533 1803 2588 καὶ

216 2617 484 2688 ἀγαλλιᾷν
499 2619 556 2671 ἐν
572 2616 705 2673 πᾶσί
726 2624 837 2685 τοῖς
853 2621 1065 2676 ἐπιοῦσι
1096 2624 1346 2695 παρῄνει,
1367 2625 1443 2689 ὡς
1469 2624 1534 2678 ἂν
1557 2625 1624 2679 τά
1641 2626 1801 2696 ὃμοια

216 2712 334 2774 τοῖς
373 2712 680 2783 προφήταις
719 2714 1095 2785 πεισομένους,
1121 2717 1216 2770 καὶ
1248 2716 1449 2790 δηλαδὴ
1473 2718 1674 2790 ὁμοίως
1706 2720 1802 2774 αὐ·-

214 2803 331 2863 τοῖς
357 2801 455 2872 τῆς
486 2801 636 2872 παρά
654 2802 731 2874 τῷ
760 2803 878 2875 Θεῷ
899 2805 1065 2878 τιμῆς
1086 2804 1577 2878 ἀξιωθησομένους.
1614 2809 1803 2862 Ἔνθεν

216 2893 449 2957 εἰκότως
485 2894 695 2958 Παῦλος
739 2894 949 2961 τούτοις
999 2896 1312 2970 ἐπιθαρρὧ
1363 2898 1546 2967 ἔλεγεν
1569 2918 1582 2931 ·
1618 2900 1803 2968 Εἴπερ

215 2986 684 3056 συμπάσχομεν,
714 2989 815 3041 ἵνα
838 2989 937 3042 καὶ
963 2989 1505 3061 συνδοξασθῶμεν
1535 2993 1651 3055 καὶ,
1682 2996 1803 3055 Οὐκ

215 3077 363 3141 ἄξια
379 3077 451 3131 τὰ
470 3077 790 3147 παθήματα
817 3079 923 3132 τοῦ
953 3080 1069 3133 νῦν
1097 3082 1306 3149 καιροῦ
1337 3084 1486 3150 πρὸς
1517 3085 1630 3152 τὴν
1646 3084 1803 3153 μέλ-

214 3169 461 3220 λουσαν
492 3166 683 3231 δόξαν
707 3166 1161 3236 ἐκκωυφθῆναι
1181 3173 1268 3237 εἰς
1289 3171 1467 3242 ἡμᾶς.
1494 3174 1603 3226 Καὶ
1630 3177 1691 3228 ού
1716 3177 1804 3229 λό-

216 3273 340 3326 γοις
372 3257 472 3327 μέν
510 3257 682 3312 ταῦτα
717 3258 922 3327 ἔλεγεν,
957 3257 1139 3329 ἔργοις
1175 3260 1230 3314 δὲ
1266 3263 1558 3335 ἀφυστέρει
1583 3264 1689 3318 τῶν
1718 3265 1805 3319 λε-

214 3348 520 3420 λεγμένων,
550 3348 685 3403 ἀλλά
720 3350 814 3402 καὶ
850 3351 1040 3415 αὑταῖς
1069 3353 1300 3424 πράξεσι
1330 3355 1457 3419 τοὺς
1477 3355 1616 3426 ὑπὲρ
1647 3357 1803 3409 εὐσε-

216 3440 374 3504 ϐείας
405 3441 598 3506 ἄθλους
644 3441 999 3507 ἐνεδείκνυτο,
1046 3443 1137 3509 οὓς
1166 3446 1261 3500 καὶ
1294 3446 1682 3520 κατηριθμεῖτο
1718 3450 1805 3503 λέ·-

216 3549 335 3602 γων
355 3549 370 3563 ο
399 3532 500 3586 Διὸ
521 3532 750 3587 εὐδοκῶ
775 3534 846 3587 ἐν
868 3536 1229 3603 ἀσθενείαις,
1268 3537 1339 3591 ἐν
1365 3515 1593 3606 ὕϐρεσι,
1618 3542 1712 3594 καὶ
1738 3542 1804 3595 τὰ
1831 3515 1873 3571 C

217 3624 366 3696 ἑξῆς.
401 3625 513 3678 Καὶ
544 3624 718 3680 ταῦτα
746 3626 845 3698 μὲν
868 3626 948 3681 ἔτι
979 3628 1046 3682 τὰ
1076 3628 1185 3683 τῶν
1210 3629 1387 3683 ἄθλων
1419 3633 1711 3704 προοίμια-ο
1747 3635 1806 3687 τὸ

213 3716 279 3771 δὲ
321 3716 694 3788 συμπέρασμα
732 3719 829 3773 τοῦ
874 3721 1075 3783 παντὸς
1127 3720 1338 3790 ἀγῶνος
1386 3723 1533 3794 αὑτῴ
1572 3725 1663 3778 ἐπὶ
1708 3729 1808 3797 τῆς

228 3806 520 3878 Ῥωμαίων
543 3808 842 3863 ἐτελειοῦτο
871 3811 1099 3875 πόλεως,
1122 3812 1253 3867 ἔνθα
1288 3815 1571 3886 μαρτυρίῳ
1594 3815 1692 3886 τὴν
1717 3834 1808 3868 κζ-

214 3900 395 3971 φαλὴν
428 3900 720 3972 ἀπετμήθη
751 3901 884 3973 (49).
914 3904 972 3956 '0
998 3904 1204 3976 Πέτρος
1227 3906 1283 3960 δὲ
1310 3908 1598 3980 ἁρπαγμὸν
1614 3910 1702 3963 τὸν
1721 3912 1807 3966 διά

219 3993 460 4066 σταυροῦ
494 3993 723 4048 θάνατον
744 3996 977 4051 ἐποιεῖτο
1003 3998 1091 4052 διὰ
1115 3997 1215 4063 τὰς
1239 4002 1537 4073 σωτηρίους
1556 4003 1773 4067 ἐλπίδας
1789 4023 1802 4037 ⁸

229 4078 489 4149 Ἰάκωϐος
522 4102 583 4138 τε
606 4086 808 4155 ὁμοίως
841 4086 985 4158 ξίφει
1010 4090 1109 4162 τὴν
1141 4090 1381 4163 κεφαλὴν
1418 4093 1476 4144 ἐν
1513 4094 1803 4165 Ἰεροσολύ-

219 4195 344 4249 μοις
373 4176 770 4249 ἀποτέμνεται·
806 4181 900 4232 καὶ
930 4181 1182 4252 Ἰωάννης
1204 4184 1366 4254 νῆσον
1390 4186 1559 4239 οίκείν
1587 4186 1807 4257 Πάτμον

217 4271 599 4341 κατεκρίνετο·
648 4271 740 4325 καὶ
775 4271 932 4336 ἄλλος
964 4273 1138 4338 ἄλλως
1164 4274 1226 4328 τὸ
1254 4275 1492 4349 καθαρὸν
1516 4280 1608 4332 καὶ
1632 4279 1806 4334 ἄπλα-

219 4381 348 4418 στον
376 4367 478 4436 τῆς
497 4363 603 4418 τῶν
628 4364 793 4418 αὐτοῦ
822 4364 995 4436 λόγων
1023 4368 1272 4440 ὑπακοῆς
1292 4370 1675 4443 ἐνδειξάμενοι,
1694 4373 1808 4428 διά-

217 4472 387 4528 φορον
404 4454 706 4526 ὑπέμειναν
732 4456 827 4509 τοῦ
852 4456 967 4526 βίου
997 4458 1272 4531 τελευτήν.
1298 4462 1409 4514 Καὶ
1434 4463 1587 4516 ταῦτ’
1613 4465 1673 4516 οὐ
1704 4482 1808 4519 πα-

219 4552 297 4623 ρὰ
315 4548 543 4620 γνώμην
569 4548 827 4621 ἔπασχον,
854 4551 1033 4622 πάσης
1062 4551 1120 4604 δὲ
1156 4552 1347 4624 ἡδονῆς
1378 4554 1511 4626 ήδίω
1535 4555 1807 4627 τιθέμενοι

216 4641 321 4713 τὴν
338 4640 451 4695 τῶν
475 4642 758 4712 σωτηρίων
780 4643 1121 4712 ἐπαγγελιῶν
1154 4644 1376 4699 ἐλπίδα·
1406 4646 1528 4700 ἐπεὶ
1552 4647 1682 4716 γοῦν
1717 4667 1808 4703 πο-

215 4751 282 4788 τε
309 4732 664 4796 συλλαϐόντες
684 4734 879 4798 αὐτοὺς
905 4736 955 4787 οἱ
980 4735 1074 4789 τοῦ
1118 4736 1382 4791 Ἰουδαίων
1408 4737 1593 4803 ἔθνους
1615 4739 1807 4811 ἄρχον-

1901 2272 2033 2313 sane
2060 2259 2357 2312 secundum
2373 2258 2608 2311 divinam
2628 2253 3022 2324 praescientiam
3043 2253 3270 2315 dictum,
3289 2264 3477 2303 verum

1902 2350 2106 2405 exitum
2126 2358 2342 2404 nactum
2358 2359 2440 2403 est
2458 2354 2717 2418 sequente
2748 2356 3008 2415 tempore.
3030 2342 3135 2399 Sed
3156 2351 3335 2396 tamen
3365 2355 3480 2395 ser-

1905 2441 2081 2495 monis
2112 2440 2387 2494 tristitiam
2419 2447 2704 2508 temperat,
2735 2435 2861 2489 dum
2892 2448 3053 2504 pares
3085 2431 3205 2487 illos
3237 2430 3479 2500 antiquis

1908 2531 1997 2586 Dei
2026 2530 2305 2600 prOpbetis
2338 2527 2593 2584 allirmat.
2634 2527 2758 2582 Ideo
2782 2538 2840 2581 et
2869 2525 3105 2595 gaudere
3131 2531 3182 2578 et
3206 2520 3481 2578 exsultare

1904 2604 1960 2676 in
1990 2621 2141 2677 omni
2169 2637 2227 2676 re
2256 2619 2439 2674 futura
2466 2619 2736 2682 hortatur,
2777 2632 2877 2673 ceu
2907 2615 2996 2687 qui
3020 2614 3170 2685 paria
3202 2613 3482 2684 prophetis

1905 2714 2014 2769 sint
2035 2711 2338 2780 experturi,
2379 2711 2430 2766 id
2470 2719 2554 2765 est
2588 2724 2740 2779 aeque
2765 2724 2829 2764 ac
2863 2708 2938 2762 illi
2973 2722 3005 2761 a
3038 2708 3145 2762 Deo
3184 2706 3483 2761 honoribus

1906 2806 2166 2875 augendi.-
2218 2803 2374 2860 Unde
2428 2804 2623 2859 merito
2669 2802 2868 2858 Paulus
2925 2802 3008 2856 bis
3078 2800 3242 2856 dictis
3309 2798 3483 2854 fretus

1907 2899 2113 2951 aiebat:
2142 2894 2425 2967 Siquidem
2446 2896 2815 2965 compatimur,
2848 2902 2904 2947 ut
2928 2902 2976 2946 et
3001 2891 3479 2962 congloriﬁcemur.

1910 2988 1979 3043 Et
2006 3008 2019 3043 :
2055 2985 2180 3042 Non
2209 2999 2328 3042 sunt
2359 2989 2634 3058 condigna!
2654 2989 2920 3056 passiones
2954 2985 3110 3055 hujus
3135 2983 3381 3050 temporis
3409 2981 3479 3036 ad

1906 3080 2141 3150 futuram
2170 3081 2395 3151 gloriam
2424 3096 2543 3151 qua:
2586 3079 2900 3134 revelabitur
2928 3080 2983 3133 in
3014 3078 3161 3133 nobis
3185 3078 3254 3132 ⁸⁷.
3287 3075 3483 3145 Neque

1907 3185 2037 3224 vero
2071 3170 2183 3225 haec
2212 3172 2381 3225 verbo
2416 3171 2617 3233 aiebat,
2650 3184 2813 3239 opere
2838 3178 3019 3222 autem
3057 3183 3088 3222 a
3130 3168 3288 3223 dictis
3311 3166 3484 3222 dista-

1906 3263 2018 3329 bat,
2052 3263 2146 3317 sed
2176 3262 2313 3331 ipsis
2345 3264 2557 3318 actibus
2597 3262 2808 3317 labores
2846 3276 2946 3332 pro
2991 3260 3255 3331 religione
3282 3273 3484 3329 expro-

1908 3354 2109 3418 mebat,
2141 3367 2276 3421 quos
2303 3352 2463 3405 etiam
2492 3344 2865 3407 enumerabat
2917 3351 3102 3406 dicens
3132 3368 3144 3403 :
3171 3347 3301 3403 Ideo
3352 3349 3484 3402 mihi

1906 3442 2084 3509 placeo
2140 3443 2194 3497 in
2225 3443 2644 3512 infirmitatibus,
2691 3444 2745 3495 in
2796 3441 3125 3496 contumeliis
3152 3441 3246 3505 '7',
3270 3447 3325 3495 et
3357 3439 3485 3494 reli-

1908 3550 2032 3604 qua.
2061 3534 2128 3588 Et
2150 3534 2264 3588 hinc
2291 3536 2507 3605 quidem
2534 3543 2689 3589 erant
2715 3532 2961 3589 laborum
3003 3533 3182 3587 initia.
3224 3532 3331 3587 Sed
3360 3534 3483 3586 uni-

1910 3625 2049 3679 versi
2123 3625 2312 3693 agonis
2360 3624 2760 3679 consummatio
2807 3623 2859 3676 in
2923 3622 3166 3677 Romana
3215 3620 3350 3675 urbe
3402 3621 3484 3678 illi

1906 3716 2151 3787 contigit,
2196 3716 2284 3770 ubi
2311 3716 2361 3770 ei
2403 3716 2628 3785 martyri
2658 3723 2823 3784 caput
2860 3724 2947 3769 est
2990 3721 3347 3782 amputatum.
3382 3714 3485 3768 Pe-

1908 3819 2023 3864 trus
2053 3819 2233 3863 auten:
2283 3824 2507 3879 regnum
2561 3808 2739 3877 rapuit
2772 3822 2866 3877 per
2890 3808 3070 3862 crucis
3121 3821 3306 3862 necem
3358 3822 3482 3862 cum

1908 3916 2001 3971 spe
2025 3901 2274 3957 salutari.
2326 3901 2561 3956 Iacobus
2614 3902 2822 3971 pariter
2872 3900 3051 3969 gladio
3094 3898 3484 3971 Hierosolymis

1906 3998 2086 4064 capite
2120 3998 2358 4049 minutus
2381 3994 2513 4061 luit;
2537 4004 2588 4049 et
2612 3994 2846 4049 Joannes
2875 3994 2942 4048 ad
2976 3993 3163 4049 insulae
3194 3992 3366 4048 Patmi
3401 3993 3480 4048 in-

1906 4089 2140 4143 colatum
2173 4089 2463 4142 damnatus
2495 4105 2510 4142 :
2543 4088 2745 4157 aliique
2767 4086 2926 4141 aliter
2953 4087 3078 4140 dum
3105 4100 3295 4154 puram
3320 4094 3487 4154 atque

1907 4182 2175 4235 sinceram
2240 4181 2498 4236 doctrina:
2537 4179 2744 4235 Christi
2791 4180 3151 4236 obedientiam
3202 4179 3484 4244 exhibent,

1908 4272 2078 4325 variis
2139 4273 2312 4327 modis
2353 4274 2653 4327 violentum
2707 4273 2832 4326 vita:
2885 4273 3090 4326 exitum
3148 4272 3291 4326 nacti
3333 4282 3483 4325 sunt.

1909 4364 2084 4434 Atque
2119 4366 2231 4420 haec
2257 4366 2399 4419 haud
2429 4366 2581 4418 inviti
2616 4374 2744 4419 sunt
2776 4364 2941 4434 passi,
2985 4365 3078 4419 sed
3106 4363 3345 4432 qualibet
3386 4377 3486 4417 vo-

1908 4457 2109 4527 luptate
2137 4457 2433 4513 dulciorem
2466 4459 2855 4512 dominicarum
2876 4456 3292 4525 promissionum
3331 4469 3484 4523 spem

1910 4552 2235 4608 habuerunt.
2268 4549 2401 4604 Cum
2434 4567 2527 4605 eos
2557 4551 2718 4621 igitur
2746 4548 2982 4604 Judaicae
3006 4548 3182 4618 gentis
3214 4548 3485 4616 principes

1908 4645 2194 4699 verberum
2250 4644 2591 4712 castigatioui
2653 4644 2998 4706 addixerunt,
3056 4650 3116 4695 ut
3170 4639 3392 4694 historia
3416 4639 3487 4692 de

1910 4738 2014 4794 illis
2039 4747 2246 4800 narrat,
2273 4738 2379 4792 lwti
2402 4740 2579 4807 utique
2615 4738 2678 4789 de
2702 4735 2921 4790 concilio
2957 4739 3309 4797 excesserunt,
3342 4730 3483 4799 quod

176 4844 187 4853 -
216 4839 313 4883 τες
368 4822 651 4893 μαστίγων
704 4823 910 4887 αἰκίαις
964 4825 1256 4889 ὑπέϐαλον,
1301 4828 1431 4900 ὡςή
1461 4831 1591 4901 περὶ
1625 4831 1801 4886 αὐτῶν

1910 4832 2056 4900 digni
2089 4831 2256 4884 habiti
2281 4841 2447 4883 essent
2479 4845 2572 4897 pro
2621 4831 2827 4882 nomine
2871 4827 3065 4882 Christi
3114 4825 3485 4879 contumeliam

220 4915 437 4987 ἱστορία
486 4918 773 4987 μαρτυρεῖ,
806 4915 881 4980 ὡς
907 4916 1014 4987 ἄρα
1046 4919 1357 4989 προῄεσαν
1386 4921 1456 4975 ἐκ
1497 4922 1604 4976 τοῦ
1641 4941 1804 4979 συν-

214 5005 424 5075 εδρίου
474 5008 806 5076 χαίροντες,
865 5006 954 5061 ὅτι
996 5010 1453 5080 κατηξιώθησαν
1501 5012 1650 5083 ὑπὲρ
1697 5017 1802 5071 τοῦ

325 5104 372 5139 ³⁷
400 5103 560 5159 Rom.
594 5120 710 5167 vui,
745 5106 833 5170 17,
866 5104 950 5160 l8.
1042 5108 1112 5140 ⁵⁷·
1144 5105 1183 5159 ll
1219 5108 1345 5162 Cor.
1387 5124 1484 5175 xu,
1530 5108 1622 5164 l0.

292 5192 405 5275 μθ)
439 5195 825 5275 Apostolorum
851 5197 999 5275 Petri
1040 5215 1104 5275 ac
1135 5198 1285 5275 Pauli
1313 5201 1590 5275 mortibus
1637 5213 1693 5258 et
1721 5221 1804 5260 se-

219 5265 434 5341 pulcris
467 5264 654 5341 lioma;
694 5269 1035 5341 exstantiqu
1087 5264 1317 5338 insigne
1349 5272 1653 5341 mirumque
1709 5277 1803 5329 (Iul.

217 5334 879 5414 testimoniumnEusebius
900 5338 952 5389 iu
974 5334 1323 5407 Tlteopluiniw
1343 5341 1479 5414 libro
1499 5334 1577 5403 iv,
1598 5360 1722 5412 cap.
1748 5347 1802 5414 7,

221 5403 309 5456 his
337 5404 515 5457 verbis
544 5423 558 5457 :
586 5402 998 5478 Promissionem
1029 5402 1175 5462 suam
1218 5426 1275 5462 re
1320 5402 1649 5478 conﬁrmavit
1668 5402 1805 5469 ’δοιοί

218 5484 391 5550 calor,
420 5488 612 5550 nempe
655 5476 795 5550 (tutu:
838 5478 1005 5550 ipsum
1032 5480 1329 5550 JSI'MONPM,
1373 5476 1676 5550 cognomine
1701 5484 1803 5539 Ce-

216 5544 399 5617 pliam,
452 5544 705 5617 oppidulo
738 5543 975 5600 Catilina?
1019 5543 1454 5615 Capharnnumo'
1479 5553 1798 5617 oriundum,

219 5612 418 5689 inultas
451 5612 723 5691 hominum
752 5617 959 5691 animus
991 5612 1414 5691 illuminaturnm
1446 5620 1538 5675 Dei
1574 5612 1796 5691 notitia}

218 5683 501 5764 ipsumque
530 5683 733 5764 puriter
762 5685 816 5764 in
845 5687 1082 5764 uniuerso
1107 5690 1228 5741 orbe
1253 5692 1523 5758 cognitum
1551 5692 1618 5764 iri
1638 5683 1798 5764 usque

222 5753 295 5803 ad
336 5748 639 5807 Occidentis
696 5756 948 5825 regiones.
991 5756 1124 5829 Ejus
1160 5768 1295 5815 certe
1316 5748 1595 5818 vntemoria
1636 5748 1796 5827 armis

1909 4924 2018 4993 pati
2043 4924 2158 4976 ³⁷⁸⁸.
2187 4923 2350 4991 quue
2378 4930 2607 4989 egerunt
2640 4931 2911 4989 prmcepto
2939 4920 3057 4986 ejus
3094 4918 3482 4994 obsequentes,

1913 5017 2004 5088 qui
2034 5015 2203 5069 lwtari
2224 5016 2483 5069 docuerat
2506 5014 2550 5067 si
2577 5014 2792 5082 quando
2819 5020 3039 5082 propter
3075 5025 3198 5066 eum
3231 5019 3485 5081 pateren-

1716 5113 1939 5171 ⁵⁷⁸Ἀοι.
1976 5129 2032 5176 v,
2053 5110 2145 5165 41.

1902 5207 1970 5260 ad
2001 5205 2309 5257 hodiernum
2353 5212 2552 5265 tempus
2602 5203 2744 5266 apud
2803 5200 3068 5254 Romanos
3094 5198 3349 5252 celebrior
3381 5204 3482 5260 est,

1902 5292 2058 5348 quam
2087 5274 2178 5326 illa
2226 5276 2442 5348 heroum
2478 5285 2704 5348 veterum
2734 5288 2752 5326 :
2781 5274 2918 5348 adeo
2957 5281 3018 5348 _ut
3056 5271 3246 5348 dignus
3280 5283 3484 5348 quoque

1904 5339 2234 5401 existimatus
2289 5346 2449 5409 fuerit
2487 5343 2726 5408 sepulcro
2774 5342 2966 5407 insigni
3009 5349 3131 5393 ante
3172 5339 3485 5409 ipsamﬂillo—

1904 5434 2019 5469 rum
2044 5414 2223 5467 urbem
2257 5406 2463 5482 (nempe
2499 5406 2645 5465 trans
2691 5406 2921 5465 Tiberim
2963 5412 3020 5482 in
3067 5411 3312 5482 regione__
3337 5406 3485 5461 Vati-

1905 5484 2059 5553 cana)
2086 5489 2152 5536 ad
2187 5479 2326 5552 quod
2350 5483 2662 5553 populorum
2701 5498 2767 5535 ea:
2791 5482 2933 5553 omni
2980 5480 3223 5553 illomana
3242 5479 3481 5553 Aditione,

1906 5548 2155 5624 tanquam
2271 5548 2475 5623 asylum
2504 5552 2851 5624 templumque
2894 5550 3013 5607 Dei.
3044 5551 3271 5624 accurrit
3300 5548 3486 5601 multi-

1910 5620 2058 5679 tudo.
2085 5653 2156 5664 -—
2175 5621 2304 5675 Pari
2329 5620 2483 5675 modo
2515 5621 2672 5675 Pauli
2706 5620 2846 5675 mors
2868 5622 3177 5690 martyrica,
3199 5620 3484 5690 datumun

1908 5697 1955 5747 ei
1982 5695 2297 5762 sepulcrum,
2325 5708 2636 5762 magnopere
2667 5709 2827 5763 usque
2857 5692 2925 5747 ad
2963 5692 3100 5746 hunc
3131 5691 3268 5747 diem
3298 5691 3353 5744 in
3375 5691 3486 5744 lio-

1910 5782 2068 5821 manu
2093 5764 2216 5819 urbe
2241 5766 2590 5819 honorantur.
