3858 6214
331 261 442 323 5'59

1019 256 1289 312 EUSEBII
1327 257 1813 315 CASSARIENSIS
1853 258 2006 329 OPP.
2048 259 2229 315 PARS
2267 259 2356 315 lll.
2395 290 2466 300 —
2505 259 2919 316 I'sKEGETICA.

3503 260 3613 314 540

337 388 454 432 tur.
482 377 601 431 Pari
637 383 815 428 autem
839 388 960 428 eum
1007 376 1288 444 prophetis
1311 377 1518 432 honore
1561 379 1662 432 frui
1695 379 1927 433 alIirtna-

2057 381 2322 450 ῖνόματος
2351 381 2457 435 τοῦ
2485 380 2744 450 Χριστοῦ
2764 379 2972 448 arma;
2989 375 3094 446 o‘fp
3106 390 3166 433 αἰ
3191 377 3320 449 (50).
3351 379 3461 432 Καὶ
3474 379 3623 434 τοῦτ’

340 481 494 525 verat
535 472 720 523 dicens
755 468 892 536 apud
943 467 1250 522 Malthaenm
1297 490 1309 524 :
1352 467 1440 524 Sic
1477 472 1615 524 enim
1667 473 1920 541 persecuti

337 572 460 615 sunt
484 579 570 613 eos
593 562 684 626 qui
713 576 798 613 vos
835 571 1212 628 pra'cesseruut
1245 561 1292 593 ⁸⁸
1324 579 1338 614 :
1380 571 1636 630 tauquam
1671 565 1919 616 videlicet

338 652 507 720 etipsi
537 660 720 704 essent
766 650 1062 719 prophetae,
1109 653 1353 705 minores
1401 653 1617 721 quidem
1653 662 1921 721 tempore,

339 745 433 798 scd
469 743 824 796 similitudine
880 744 1149 809 passionis
1200 745 1490 813 exaequati.
1537 743 1670 797 Nam
1719 754 1773 798 et
1808 745 1926 799 illo-

341 853 459 891 rum
501 837 637 890 alins
673 838 887 903 quidem
937 838 1114 906 gladio
1169 837 1268 890 l'uit
1309 837 1644 896 interfectus.
1683 839 1822 893 alius
1850 839 1926 892 la-

342 930 580 1000 pidibus,
614 929 751 983 alins
804 929 1051 983 leonibus
1092 928 1357 996 obiectus,
1418 929 1557 982 alius
1609 929 1660 982 in
1714 941 1922 999 putrem

341 1023 516 1077 lacum
549 1023 837 1085 demissus,
869 1021 1006 1075 alius
1052 1037 1202 1076 serra
1235 1022 1414 1076 medio
1461 1037 1693 1092 corpore
1724 1032 1924 1086 sectus,

341 1117 430 1170 alii
481 1117 633 1186 ignea
685 1115 906 1169 fornace
942 1116 1207 1170 conclusi.
1253 1115 1381 1169 Ideo
1421 1115 1542 1170 forti
1586 1116 1766 1168 animo
1809 1130 1929 1169 esse

343 1209 602 1263 Servator
634 1209 684 1261 in
721 1208 1068 1262 'crttciatuum
1109 1205 1458 1275 perpessione
1495 1205 1720 1274 jnbehat
1770 1203 1929 1257 fatui-

344 1299 508 1352 liares
553 1313 699 1363 suos,
749 1298 1039 1352 identidem
1082 1297 1528 1350 admonelaciens
1586 1307 1787 1364 quanta
1835 1295 1927 1349 Dei

344 1393 620 1462 prophetae
675 1392 1066 1460 pertulissent,
1125 1401 1182 1443 ut
1241 1389 1458 1442 illorum
1515 1388 1932 1455 comparatione

345 1500 526 1553 parem
553 1483 757 1538 eisdem
791 1483 889 1552 ipsi
925 1496 1142 1550 quoque
1193 1496 1343 1548 spem
1384 1479 1756 1548 conciperent.
1799 1477 1933 1531 Cum

343 1578 506 1639 enim,
535 1577 725 1645 inquit,
753 1577 892 1628 vobis
915 1576 1234 1628 calumniam
1263 1574 1482 1640 facient,
1512 1573 1776 1642 gaudete;
1811 1586 1934 1625 nam

345 1680 392 1719 et
417 1668 684 1737 prOpItela:
708 1671 844 1723 idem
871 1670 1220 1731 pertulerunt.

2025 471 2313 544 ἔπραττον,
2361 472 2526 525 αὑτοῦ
2577 471 2942 544 παράγγελμα
3001 469 3356 541 πληροῦντες,
3427 472 3628 543 ἐπειδὴ

2027 564 2241 635 χαίρειν
2271 563 2548 616 ἐδίδασκεν
2583 563 2725 634 ὑπὲρ
2758 563 2924 616 αὑτοῦ
2955 562 3282 632 πάσχοντας.
3323 563 3626 632 ’ἰσοτίμους

2025 655 2070 708 δ’
2098 656 2295 718 αὐτοὺς
2320 657 2430 718 τοῖς
2457 657 2763 726 προφήταις
2794 655 3080 722 ἀπέφαινε,
3105 653 3276 723 λέγων
3298 655 3440 707 κατὰ
3468 657 3629 708 Maz-

2029 746 2176 800 θαῖον
2212 747 2358 818 (51)·
2399 746 2564 800 Οὕτω
2593 750 2703 817 γὰρ
2735 745 3141 812 ἐδίωξαντοὺς
3169 745 3281 814 πρὸ
3313 745 3510 816 ὑμῶν·
3545 746 3626 811 ὡς

2029 840 2124 893 καὶ
2149 839 2352 892 τούτων
2383 839 2482 910 μὲν
2515 832 2683 892 ὄντων
2706 839 3022 911 προφητῶν,
3053 839 3385 909 λειπομένων
3415 838 3472 891 δὲ
3494 839 3628 908 χρό-

2028 949 2124 1000 νῳ,
2163 929 2530 1000 ἐξισουμένων
2571 948 2634 999 γε
2683 930 2787 1001 μὴν
2835 929 3063 994 ἐκείνοις
3104 929 3192 984 διὰ
3231 929 3327 1000 τὴν
3355 931 3627 1000 ὁμοιοπά-

2031 1019 2200 1072 θειαν.
2241 1021 2394 1073 Ἐπεὶ
2416 1021 2684 1074 κάκείνων
2711 1023 2739 1073 6
2772 1020 2872 1091 μέν
2906 1037 2990 1085 τις
3021 1022 3274 1092 ἀνῃρεῖτο
3304 1020 3467 1090 ξίφει,
3507 1023 3534 1073 6
3563 1023 3629 1074 δὲ

2030 1110 2220 1176 λίθοις,
2249 1114 2277 1165 6
2308 1112 2365 1165 δὲ
2400 1111 2582 1165 λέουσι
2611 1111 3004 1184 παρεϐάλλετο,
3043 1114 3071 1165 6
3095 1112 3151 1165 δὲ
3181 1114 3236 1166 ἐν
3269 1113 3457 1184 λάκκῳ
3498 1113 3630 1186 βορ-

2033 1203 2194 1274 ϐόρου
2248 1203 2531 1257 ἐϐάλλετοο
2587 1205 2680 1258 καὶ
2730 1203 2887 1268 ἄλλος
2932 1205 3111 1276 πρίονι
3158 1205 3219 1257 τὸ
3289 1204 3450 1275 σῶμα
3490 1222 3632 1259 κατ-

2034 1297 2293 1365 ετέμνετο
2312 1313 2323 1325 ·
2344 1297 2393 1347 οἱ
2420 1295 2463 1347 δ’
2492 1297 2548 1348 ἐν
2577 1296 2748 1367 πυρὸς
2788 1295 3002 1365 καμίνῳ
3033 1294 3418 1348 συνεκλείοντο.
3442 1296 3532 1347 Διδ
3558 1296 3638 1367 δὴ

2035 1387 2259 1459 θαρρεῖν
2283 1389 2311 1440 6
2335 1386 2524 1458 Σωτὴρ
2550 1388 2606 1440 ἐν
2641 1390 2706 1458 τῇ
2738 1387 2848 1440 τῶν
2880 1386 3068 1439 δεινῶν
3095 1387 3339 1459 ὑπομονῇ
3367 1391 3479 1451 τοῖς
3504 1389 3630 1441 κατ’

2035 1478 2200 1532 αὐτοῦ
2225 1477 2622 1548 παρεκελεύετο
2645 1478 2963 1548 γνωρίμοις,
2995 1477 3136 1530 κατὰ
3166 1478 3354 1548 καιρὸν
3383 1479 3633 1548 ὑπομνή-

2037 1587 2138 1634 σας
2169 1565 2242 1624 ὦν
2275 1573 2323 1623 οἱ
2355 1570 2450 1623 τοῦ
2488 1569 2623 1623 Θεοῦ
2660 1569 2937 1640 προφῆται
2971 1569 3272 1622 πεπόνθασι
3298 1587 3310 1599 ·
3357 1570 3505 1633 ὅπως
3537 1569 3635 1622 διὰ

2036 1662 2138 1731 τῆς
2164 1662 2388 1715 ἐκείνων
2415 1659 2769 1730 παραθέσεως
2791 1659 2883 1712 καὶ
2901 1659 3054 1713 αὐτοὶ⁵
3075 1660 3173 1723 τάς
3196 1658 3365 1722 αὑτὰς
3384 1660 3638 1730 ὑπογρά-

345 1760 499 1828 ψοιεν
532 1760 716 1824 αὐτοῖς
763 1760 984 1823 ἐλπίδας
1005 1777 1018 1790 ·
1090 1761 1266 1813 Ὅταν
1306 1758 1437 1831 γὰρ,
1485 1765 1662 1836 φησι,
1699 1754 2252 1826 συκοφαντήσωσιν
2298 1753 2475 1824 ὑμᾶς,
2515 1751 2766 1822 χάρητε·
2793 1751 3000 1822 ἐπειδὴ
3035 1753 3135 1806 καὶ
3159 1757 3212 1806 οἱ
3239 1751 3536 1821 προφῆται
3561 1752 3634 1804 τὸ

345 1851 496 1904 αὐτὸ
519 1852 900 1919 ὑπέστησαν.

347 1947 395 1980 ⁸⁸
431 1948 498 2000 Et
533 1949 697 2001 omnis
735 1950 956 2016 populus
1001 1949 1240 2014 audiens,
1301 1960 1348 2002 et
1381 1947 1933 2016 publirmtijustiﬁca-

2057 1941 2149 1996 Kal
2192 1936 2316 2016 πᾶς·
2343 1941 2377 1990 ὁ
2396 1935 2547 2016 {aeq
2565 1936 2856 2016 (ἐξιούσας,
2877 1934 2983 2016 ,καί
3012 1937 3064 1988 ol
3085 1933 3336 2016 τειξῶναι
3361 1932 3602 2016 ἐδικαίευ
3618 1963 3636 1974 -

421 2032 602 2072 terunt
643 2021 828 2074 Deum.
862 2021 1115 2083 baptizuti
1163 2023 1416 2080 baptismo
1452 2020 1698 2072 Joannis.
1747 2018 1937 2069 Phari-

421 2092 516 2142 saii
550 2101 723 2142 autent
757 2100 802 2142 et
835 2091 962 2157 legis
1006 2091 1157 2152 periti
1190 2091 1462 2142 consilium
1499 2087 1597 2142 Dei
1631 2095 1937 2157 spreverunt

419 2161 473 2212 in
505 2164 832 2229 semetipsos,
862 2177 964 2212 non
995 2162 1248 2228 baptizati
1283 2161 1345 2212 ab
1376 2177 1457 2214 eo.

423 2320 532 2375 llos
569 2319 757 2374 ambos
790 2319 1049 2374 innttehat
1085 2319 1250 2372 etiam
1284 2333 1409 2373 cum
1447 2319 1653 2373 diceret
1689 2319 1741 2371 in
1781 2333 1938 2386 para-

347 2415 494 2481 bola,
551 2413 688 2479 Quid
733 2413 874 2468 vobis
929 2415 1172 2470 videtur?
1227 2411 1400 2466 Homo
1451 2412 1669 2482 quidam
1719 2412 1939 2464 habebat

350 2510 482 2563 :luos
511 2507 676 2576 ﬁlios,
711 2519 757 2561 et
786 2509 1032 2560 accedens
1060 2507 1129 2559 ad
1160 2509 1382 2574 primum
1414 2506 1549 2558 dixit
1583 2501 1758 2566 :Fili,
1790 2507 1937 2568 vade,

352 2619 571 2668 operare
605 2601 760 2655 hodie
806 2602 860 2654 in
892 2602 1038 2653 vinea
1081 2615 1216 2652 mea.
1264 2597 1364 2652 Ille
1395 2608 1567 2650 autem
1599 2597 1937 2664 respondens,

351 2697 426 2748 ait
452 2711 470 2748 :
502 2693 665 2749 Nolo.
695 2691 889 2746 Postea
929 2710 1046 2746 vero
1071 2693 1371 2759 pa’nitentia
1403 2701 1574 2743 motus
1601 2691 1751 2744 abiit.
1792 2691 1942 2744 Acce-

354 2790 484 2840 dens
521 2797 697 2839 autem
753 2787 821 2838 ad
857 2787 1104 2845 alterum,
1138 2784 1273 2837 dixit
1315 2785 1578 2836 similiter.
1628 2785 1693 2835 At
1735 2782 1824 2835 ille
1860 2798 1943 2834 re-

353 2879 610 2941 spondens
639 2879 712 2929 ait
742 2893 759 2931 :
794 2876 875 2929 En
911 2892 1003 2944 ego
1036 2875 1171 2945 (52),
1211 2875 1452 2939 domine;
1495 2892 1585 2928 nec
1610 2886 1787 2928 tamen
1825 2875 1936 2927 ivit.

359 2969 490 3033 Quis
513 2984 576 3020 ea:
602 2968 805 3020 duobus
845 2966 964 3034 fecit
997 2965 1313 3020 voluntatem
1374 2966 1586 3034 patris?
1623 2964 1814 3018 Dicunt
1849 2965 1940 3018 ei:

357 3059 571 3113 Primus
598 3060 662 3110 ⁶⁰.
693 3057 805 3110 lloc
831 3059 946 3112 loco
974 3057 1110 3109 duos
1140 3057 1415 3110 hominum
1445 3056 1663 3109 ordines
1690 3070 1942 3110 sermone

359 3165 458 3202 suo
489 3147 920 3217 repraesentavit,
954 3161 1182 3214 quorum
1216 3163 1356 3202 unus
1404 3145 1737 3201 lsraeliticus
1769 3163 1942 3215 popu-

360 3238 464 3300 lus,
508 3239 648 3291 alter
677 3237 853 3307 gentis
890 3237 1227 3307 alienigenae,
1261 3237 1672 3306 publicanorum
1721 3238 1940 3291 nomine

362 3329 685 3395 indigitatus
725 3347 739 3382 :
782 3339 1074 3397 utrumque
1111 3339 1291 3382 autem
1345 3329 1502 3382 unius
1547 3329 1720 3399 patris
1771 3329 1942 3383 lilium

367 3421 677 3491 appellavit,
707 3421 834 3490 quia
869 3435 935 3474 ex
969 3436 1079 3474 uno
1117 3422 1222 3483 l)eo
1258 3436 1472 3484 omnes,
1495 3419 1662 3474 Judaei
1699 3419 1857 3473 simul
1893 3429 1948 3473 et

363 3512 587 3567 ethnici.
637 3511 704 3564 Et
749 3511 957 3581 priores
1016 3511 1232 3580 quidem
1291 3514 1506 3564 vocarit
1556 3511 1824 3574 ethnicos,
1859 3526 1946 3565 se-

364 3601 543 3655 cundo
599 3600 722 3655 loco
777 3601 1168 3667 circumcisos;
1227 3615 1462 3669 namque
1520 3611 1648 3655 ante
1697 3600 1947 3655 lsraelem

368 3703 558 3762 gentes
587 3701 778 3760 erant;
811 3694 1172 3762 gentibusque
1203 3694 1461 3760 primum,
1492 3694 1710 3747 nomine
1738 3694 1951 3747 Israeli-

371 3788 478 3841 tico
495 3787 730 3840 nondum
759 3787 1076 3850 exsistente,
1108 3786 1322 3840 oracula
1355 3786 1446 3838 Dei
1479 3795 1534 3839 et
1565 3787 1953 3840 manifestatio-

373 3891 469 3928 nes
501 3887 825 3928 evenerunt.
864 3875 996 3928 Nam
1047 3887 1101 3928 et
1131 3874 1402 3940 Enoclms,
1451 3891 1760 3945 quanquam
1806 3888 1951 3931 esset

371 3969 590 4039 gentilis
617 3983 671 4023 et
692 3969 1126 4032 incircumcisus,
1165 3972 1446 4040 praemium
1476 3986 1586 4024 sua:
1613 3972 1753 4040 apud
1784 3972 1951 4027 Demn

371 4062 561 4128 gratia:
629 4062 812 4115 retulit
878 4061 1286 4115 translationem
1349 4077 1417 4115 ex
1487 4063 1819 4117 hominibus.
1887 4065 1956 4118 Et

372 4152 488 4207 Noe
536 4153 660 4222 quia
712 4153 891 4222 justus
929 4154 986 4207 in
1027 4169 1126 4207 sua
1189 4155 1539 4223 generatione
1581 4164 1716 4215 erat,
1760 4157 1956 4212 divinis

371 4245 623 4313 alloquiis
691 4247 883 4316 dignus
969 4243 1099 4310 fuit,
1178 4261 1488 4313 quanquam
1556 4245 1671 4315 ipse
1741 4263 1957 4318 quoque

375 4339 812 4394 incircumcisus.
842 4339 1240 4392 Melchisedech
1271 4339 1470 4406 populo
1497 4339 1827 4393 circumciso
1852 4357 1952 4392 an-

376 4433 598 4502 tiquior,
655 4432 907 4486 sacerdos
969 4430 1063 4484 Dei
1114 4430 1362 4483 altissimi
1426 4432 1655 4485 exstitit.
1707 4431 1955 4485 Abraha-

376 4540 498 4578 ntus
547 4540 680 4578 vero
734 4533 788 4577 et
819 4521 1035 4576 lsaacus
1103 4535 1266 4590 atque
1330 4520 1597 4588 Jacohtts,
1677 4535 1801 4576 ante
1865 4539 1959 4590 po-

2111 2025 2233 2064 σαν
2257 2008 2365 2061 τὸν
2388 2007 2557 2068 Θεὸν,
2581 2005 3031 2070 βαπτισθέντες
3060 2005 3124 2056 τὸ
3145 2002 3465 2071 βάπτισμα
3509 2005 3638 2056 Ἰω-

2109 2080 2320 2134 άννου.
2349 2081 2411 2130 Οἱ
2435 2077 2502 2129 δὲ
2528 2075 2835 2144 Φαρισαῖοι
2857 2075 2957 2128 καὶ
2979 2078 3034 2128 ol
3062 2074 3293 2142 νομικοὶ
3325 2074 3441 2139 τὴν
3465 2073 3632 2136 ,βου-

2109 2150 2232 2218 λὴν
2256 2149 2362 2202 τοῦ
2398 2147 2545 2201 Θεοῦ
2569 2146 2875 2218 ἠθέτησαν
2893 2149 2979 2212 εὶς
2999 2144 3273 2210 ἑαυτοὺς,
3294 2145 3378 2213 μὴ
3399 2145 3646 2210 βαπτι-

2111 2219 2364 2284 σθέντες
2388 2219 2489 2272 ὑπ’
2505 2217 2715 2271 αὐτοῦ.

2123 2311 2448 2384 Ἐκατέρους
2479 2310 2536 2363 δὲ
2570 2309 2796 2372 τούτους
2828 2307 3125 2361 αἰνίττεται
3151 2307 3244 2361 καὶ
3275 2307 3402 2359 ὅταν
3429 2309 3488 2360 ἐν
3522 2321 3640 2359 me

2044 2406 2243 2480 ραϐολῇ
2287 2405 2446 2475 λέγῃ·
2496 2403 2559 2457 Τί
2602 2401 2746 2471 ὑμῖν
2778 2399 2978 2464 δοκεῖς
3027 2400 3363 2467 Ἄνθρωπός
3392 2417 3482 2464 τις
3509 2394 3643 2465 εἶχε

2040 2499 2223 2553 τέκνα
2244 2496 2370 2549 δύοο
2391 2493 2489 2548 καὶ
2515 2492 2869 2561 προσελθὼν
2887 2489 2966 2556 τῷ
2987 2489 3192 2558 πρώτῳ
3211 2485 3360 2542 εἴπεο
3391 2487 3642 2554 Τέκνον,

2041 2593 2254 2661 ὕπαγε,
2282 2588 2552 2657 σήμερον
2583 2584 2825 2655 ἐργάζου
2848 2584 2918 2636 ἐν
2947 2581 3025 2648 τῷ
3056 2580 3367 2651 ἀμπελῶνί
3395 2598 3534 2649 μου.
3580 2581 3640 2633 Ὁ

2042 2686 2110 2738 δὲ
2142 2681 2484 2752 ἀποκριθεὶς
2512 2677 2701 2743 εἶπεν,
2733 2680 2814 2732 Οὐ
2840 2679 3023 2732 θέλω·
3067 2676 3328 2744 ὕστερον
3353 2674 3422 2726 δὲ
3445 2690 3646 2743 μετα-

2039 2777 2324 2849 μεληθεὶς
2385 2773 2642 2843 ἀπῆλθε.
2716 2771 2827 2825 Καὶ
2895 2768 3248 2837 προσελθὼν
3313 2765 3394 2830 τῷ
3457 2764 3647 2834 ἑτέρῳ

2043 2873 2256 2942 ὁμοίως
2283 2866 2488 2924 εἶπενο
2547 2870 2580 2921 ὀ
2628 2865 2697 2919 δὲ
2728 2862 3066 2932 ἀποκριθεὶς
3093 2857 3280 2925 εἶπεν,
3329 2855 3489 2926 Ἐγὼ,
3534 2859 3644 2910 κύ-

2035 2983 2131 3034 ριε
2150 2983 2162 2996 ·
2207 2965 2301 3018 καὶ
2333 2967 2444 3018 οὐκ
2473 2962 2726 3031 ἀπῆλθε.
2770 2961 2866 3026 Τίς
2891 2961 2961 3013 ἐκ
2998 2956 3115 3012 τῶν
3150 2956 3259 3010 δύο
3289 2954 3544 3021 ἐποίησε
3567 2964 3642 3007 το

2044 3058 2273 3126 θέλημα
2325 3057 2430 3111 τοῦ
2461 3056 2718 3124 πατρός;
2762 3053 3052 3124 λέγουσιν
3077 3050 3258 3115 αὐτῷ,
3300 3050 3354 3101 '0
3381 3047 3640 3116 πρῶτος.

2059 3150 2325 3205 Ἐνταῦθα
2353 3149 2459 3221 γὰρ
2499 3148 2591 3202 δύο
2623 3148 2883 3218 τάγματα
2918 3145 2995 3216 τῷ
3027 3144 3169 3214 λόγῳ
3209 3137 3647 3212 παραστησάμε-

2047 3262 2156 3308 νος,
2191 3244 2249 3298 ἒν
2283 3243 2382 3315 μὲν
2425 3241 2486 3295 τὸ
2519 3238 2931 3312 Ἰσραηλιτικὸν,
2961 3238 3146 3308 ἓτερον
3175 3235 3231 3289 δὲ
3264 3233 3324 3286 τὸ
3347 3231 3456 3285 τῶν
3488 3229 3647 3283 ἀλλο-

2053 3335 2235 3405 φύλων
2267 3334 2438 3388 ἐθνῶν
2463 3334 2549 3387 διὰ
2567 3333 2675 3385 τῶν
2694 3329 2940 3384 τελωνῶν
2973 3328 3320 3400 δηλούμενον,
3357 3326 3524 3394 ἄμφω
3547 3322 3654 3376 δύο

2051 3429 2214 3482 τέκνα
2248 3428 2365 3490 ἐνὸς
2397 3425 2604 3498 πατρὸς
2630 3421 2934 3493 ὠνόμαζεν,
2962 3421 3083 3472 ἐπεὶ
3114 3417 3173 3483 ἐξ
3201 3419 3316 3480 ἐνὸς
3344 3416 3479 3469 Θεοῦ
3506 3416 3648 3469 πάν-

2051 3537 2164 3583 τες,
2207 3518 2448 3572 ’Ῑουδαῖοί
2491 3535 2550 3570 τε
2601 3516 2696 3570 καὶ
2742 3514 3022 3584 Ἕλληνες.
3073 3514 3188 3565 Καὶ
3245 3509 3495 3582 πρώτους
3543 3508 3649 3578 μὲν

2056 3611 2282 3665 ἐκάλεσε
2308 3611 2435 3674 τοὺς
2461 3609 2519 3675 ἐξ
2557 3606 2747 3674 ἐθνῶν,
2780 3605 3067 3676 δευτέρους
3093 3602 3149 3655 δὲ
3181 3602 3307 3665 τοὺς
3341 3603 3404 3653 ἐκ
3428 3615 3650 3671 περιτο-

2058 3707 2200 3775 μῆς·
2253 3701 2440 3772 ἐπειδὴ
2471 3701 2576 3771 πρὸ
2615 3699 2708 3752 τοῦ
2754 3696 2969 3768 Ἰσραὴλ
3008 3697 3219 3766 ὑπῆρχε
3257 3693 3325 3746 τὰ
3358 3691 3508 3763 ἔθνη,
3549 3692 3651 3745 καὶ

2055 3798 2168 3858 τοῖς
2211 3795 2387 3848 ἔθνεσι
2437 3776 2693 3865 πρώτοις,
2743 3791 2910 3861 μήπω
2945 3787 3078 3859 μηδέ
3110 3787 3372 3856 ὀνόματος
3398 3783 3547 3845 ὄντος
3587 3784 3650 3833 ἐν

2056 3887 2365 3958 ἀνθρώποις
2411 3882 2827 3956 Ἰσραηλιτικοῦ,
2861 3883 2911 3934 οἱ
2937 3877 3174 3950 χρησμοὶ
3207 3876 3526 3948 παρείχοντο
3548 3872 3656 3925 τοῦ

2056 3978 2191 4032 Θεοῦ
2218 3978 2311 4030 καὶ
2339 3978 2394 4028 αἱ
2428 3975 2756 4044 θεοφάνειαι.
2791 3975 2858 4025 Ὄ
2886 3989 2944 4024 τε
2975 3972 3084 4042 γὰρ
3128 3969 3297 4038 Ἑνὼχ
3343 3966 3553 4029 ἐθνικὸς
3577 3960 3651 4035 ἦν

2058 4070 2428 4142 ἀπερίτμητος
2449 4067 2544 4132 ὢν,
2570 4068 2628 4131 ὃς
2654 4066 2880 4120 ἔπαθλον
2903 4065 3090 4134 εἴληφε
3112 4063 3214 4132 τῆς
3236 4060 3653 4131 εὐαρεστήσεως

2056 4164 2155 4235 τὴν
2189 4163 2247 4228 ἐξ
2277 4160 2580 4232 ἀνθρώπων
2621 4158 2937 4229 μετάθεσιν·
2977 4158 3070 4210 καὶ
3094 4155 3219 4208 Νῶε
3245 4153 3451 4216 δίκαιος
3485 4154 3542 4205 ἐν
3579 4154 3656 4222 τῇ

2058 4256 2222 4326 γενεᾷ
2263 4251 2425 4306 αὑτοῦ
2479 4251 2738 4322 γεγονὼς,
2803 4249 3065 4322 χρησμῶν
3123 4246 3258 4300 Θεοῦ
3312 4242 3660 4315 κατηξιώθη,

2060 4348 2432 4419 ἀπερίτμητος
2465 4345 2537 4399 ὢν
2577 4346 2670 4399 καὶ
2697 4345 2858 4407 αὑτός
2879 4361 2893 4375 ·
2929 4342 3020 4395 καὶ
3047 4338 3383 4409 Μελχισεδὲκ
3417 4336 3655 4390 παλαιό-

2058 4459 2214 4514 τερος
2257 4437 2496 4508 γεγονὼς
2539 4437 2632 4492 τοῦ
2688 4438 2753 4490 ἐκ
2796 4433 3097 4506 περιτομῆς
3140 4423 3293 4493 λαοῦ,
3335 4431 3516 4502 ἱερεὺς
3553 4427 3654 4482 τοῦ

2059 4531 2194 4584 Θεοῦ
2224 4529 2317 4583 τοῦ
2346 4529 2570 4599 ὑψίστου
2598 4527 2974 4599 κεχρημάτικε
2995 4541 3007 4553 ·
3046 4525 3140 4576 καὶ
3184 4520 3432 4593 Ἀϐραὰμ
3468 4520 3526 4572 δὲ
3559 4519 3658 4570 καὶ

374 4617 559 4687 pulum
586 4615 965 4679 lsraeliticum,
996 4615 1087 4668 Dei
1116 4613 1354 4668 oraculis
1383 4624 1509 4667 sunt
1539 4614 1807 4669 honorati.
1842 4614 1941 4669 Uti-

2073 4622 2258 4676 Ἰσαὰκ
2306 4621 2401 4676 καὶ
2441 4619 2632 4674 Ἰακὼϐ
2676 4619 2781 4691 πρὸ
2817 4617 2910 4670 τοῦ
2955 4615 3172 4688 Ἰσραὴλ
3216 4612 3480 4685 χρησμῶν
3513 4610 3659 4664 Θεοῦ

374 4724 484 4776 que
533 4709 694 4761 etiam
729 4707 920 4771 Johns,
950 4707 1214 4762 Idtttnteus
1255 4709 1323 4762 de
1373 4709 1500 4762 ﬁliis
1544 4707 1704 4772 Esau,
1757 4707 1958 4776 pietate

376 4815 504 4867 erga
556 4797 719 4852 Deum
763 4799 996 4852 maxima
1048 4798 1328 4852 inclaruit.
1387 4799 1490 4853 Sed
1542 4797 1684 4852 enim
1721 4797 1960 4866 reliquus

377 4891 716 4944 ethnicorum
761 4891 933 4954 ordo,
983 4906 1103 4944 cum
1155 4890 1492 4944 naturalibus
1533 4889 1741 4958 legibus
1778 4888 1960 4956 jussus

377 4993 526 5039 esset
559 4985 612 5037 in
641 4986 797 5037 vinea
831 4985 1067 5052 operari,
1118 4983 1170 5037 id
1204 4993 1286 5037 est
1322 4983 1462 5051 piam
1514 4999 1642 5052 erga
1675 4981 1842 5035 Deum
1875 4982 1958 5034 vi-

381 5085 490 5131 tam
520 5077 740 5146 degere,
774 5077 954 5130 renuit
982 5075 1558 5144 restititquemandato
1586 5074 1782 5143 patrio,
1809 5073 1956 5127 omni

384 5179 628 5241 tempore
680 5170 820 5224 idola
858 5170 1064 5224 colens.
1106 5167 1491 5223 Verumtamen
1541 5167 1608 5222 ad
1651 5177 1956 5221 extremum

2060 4713 2507 4786 κατηξιώθησαν·
2560 4712 2818 4783 ἄντικρυς
2849 4710 2906 4764 δὲ
2946 4709 3038 4762 καὶ
3070 4710 3098 4762 6
3138 4705 3291 4769 Ἰὼϐ,
3355 4704 3663 4774 Ἰδουμαῖος

2057 4805 2133 4859 ῶν
2160 4804 2268 4858 τῶν
2309 4803 2442 4856 υἱῶν
2492 4801 2687 4864 Ἠσαῦ,
2742 4799 3049 4862 θεοσεϐείας
3087 4794 3540 4869 ἀνδραγαθήμασι
3574 4794 3666 4847 δι-

2061 4898 2291 4968 έλαμψε.
2328 4897 2400 4949 Τὸ
2426 4896 2524 4967 μὲν
2553 4894 2740 4948 λοιπὸν
2767 4895 2952 4965 τάγμα
2973 4893 3079 4946 τῶν
3104 4891 3272 4964 ἐθνῶν
3300 4889 3664 4959 κελευόμενον

2063 4992 2311 5060 φυσικοῖς
2343 4989 2530 5059 νόμοις
2562 4986 2888 5059 ἐργάζεσθαι
2919 4987 2997 5049 είς
3031 4985 3120 5038 τὸν
3149 4980 3475 5054 ἀμπελῶνα,
3493 4979 3666 5033 τοῦτο

2068 5083 2110 5135 δ’
2144 5077 2210 5153 ἦν
2247 5081 2307 5134 τὸ
2347 5081 2447 5150 τῆς
2475 5077 2784 5141 θεοσεϐείας
2822 5078 2882 5130 τὸ
2915 5075 3236 5146 πολίτευμα,
3269 5073 3528 5126 ἀνένευσε
3561 5071 3665 5124 καὶ

2068 5173 2287 5224 ἀντεῖπε
2335 5169 2414 5240 τῷ
2443 5169 2822 5240 προστάγματι
2873 5166 2952 5238 τῷ
3009 5164 3281 5238 πατρικῷ,
3333 5165 3514 5217 πάντα
3565 5161 3663 5217 τὸν

407 5317 456 5355 ⁸⁸
481 5314 674 5371 Matth.
704 5329 760 5376 ν,
801 5310 887 5364 12.
962 5306 1008 5339 ⁵⁸
1037 5319 1156 5374 cap.
1197 5317 1300 5366 vn,
1343 5298 1435 5362 29,
1476 5295 1567 5352 50.
1645 5294 1692 5328 ⁸⁸
1713 5291 1903 5351 Matth.
1936 5314 1941 5352 :

2073 5297 2171 5355 28.

451 5426 565 5496 (50)
599 5427 722 5481 llzec
748 5435 801 5478 et
831 5425 1187 5496 praecedentia
1224 5428 1426 5496 parum
1473 5414 1791 5482 conspirant
1831 5427 1954 5467 cum

381 5489 742 5568 Th‘eophania,
780 5489 873 5550 lib.
911 5509 984 5555 tv,
1022 5491 1099 5568 lii
1128 5502 1186 5545 et
1222 5489 1305 5543 Π.
1581 5557 1596 5568 .
1653 5556 1668 5568 ‘
1729 5564 1738 5568 _
1830 5556 1863 5568 Α,

455 5556 568 5638 (Si)
592 5570 666 5622 lta
703 5556 934 5638 Graece;
981 5574 1035 5618 et
1058 5563 1142 5638 sic.
1166 5577 1280 5638 ego,
1308 5574 1416 5638 pro
1450 5567 1549 5638 eo,_‘
1581 5556 1752 5638 habet
1794 5556 1958 5636 etiam

383 5627 611 5696 Latinus
666 5639 836 5692 codex
889 5627 1353 5702 Cantabrigiensis
1402 5629 1553 5702 apud,
1589 5627 1956 5702 Sabaterium.

383 5714 456 5768 At
491 5709 756 5779 vulgatus.
795 5706 1081 5778 pluresque
1111 5700 1347 5766 codices,
1383 5715 1474 5765 eo;
1514 5700 1625 5754 sive
1651 5701 1772 5763 quia
1813 5715 1841 5765 ς
1866 5714 1960 5754 cx-

2063 5415 2274 5477 ciderit,
2307 5427 2422 5467 swe
2458 5426 2585 5482 quia
2631 5425 2850 5464 sensum
2910 5408 3014 5463 loct
3068 5417 3244 5479 pottns
3285 5421 3447 5475 quam
3483 5414 3655 5457 verna

2064 5483 2645 5556 cxpt'imereplacttit_._
2751 5551 2763 5556 _
2817 5550 2860 5556 __
2948 5551 2959 5556 _
3165 5547 3206 5556 __
3312 5547 3358 5556 __
3631 5543 3647 5556 ο

2136 5547 2248 5625 (52)
2289 5547 2556 5609 Ριοὶνορει
2592 5550 3120 5625 hicad_Matth.eum
3165 5547 3451 5615 Eusebius,
3485 5547 3652 5617 quasi

2068 5621 2255 5683 rerera
2289 5635 2663 5682 commentans
2689 5623 2741 5678 in
2781 5621 2999 5677 Lucam.
