3858 6214
154 278 264 335 διι

1329 283 1833 343 COMMENTARIA
1870 285 1939 340 ΙΝ
1976 285 2235 344 LUCAM.

3320 296 3428 354 553

156 396 362 469 χρόνον
392 392 811 466 είδωλολατροῦν
830 412 844 426 ·
892 394 1031 468 πλὴν
1071 397 1164 451 ἐπὶ
1194 397 1339 451 τέλει
1373 399 1470 470 τὴν
1508 400 1754 471 ὑπακοὴν

1868 400 2218 457 obedientiam
2267 403 2542 473 praestitit.
2576 403 2747 464 Secus
2783 421 2912 462 vero
2957 406 3211 465 Judaicus
3258 427 3428 482 popu-

157 487 501 552 ὲνεδείξατο·
534 485 594 541 τὸ
620 486 677 539 δὲ
716 487 984 542 Ἰουδαίων
1011 486 1181 553 ἔθνος,
1224 491 1362 563 ὅπερ
1384 487 1453 564 ἦν
1483 492 1543 545 τὸ
1566 491 1749 545 δεύτε-

162 599 261 656 ρον
289 581 503 646 τέκνον,
534 578 673 652 μετὰ
704 579 803 652 τὴν
833 581 1119 638 ἀνάνευσιν
1141 585 1234 639 τοῦ
1258 586 1522 659 προτέρου
1553 586 1751 656 κληθὲν

157 674 258 727 ἐπὶ
290 674 391 744 τὴν
419 673 590 742 αὐτὴν
614 672 877 744 ἐργασίαν
916 673 1006 728 διὰ
1040 676 1318 741 Μωῦσέως
1347 676 1441 731 καὶ
1475 677 1584 731 τῶν
1618 694 1754 749 προ-

156 763 381 835 φητῶν,
414 764 557 835 λόγῳ
590 765 688 835 μέν
728 764 827 837 τὴν
870 766 1180 839 προθυμίαν
1224 768 1550 835 ἐνεδείξατο·
1600 765 1752 824 εἷπον

156 856 406 926 γὰρ,δτι
450 855 635 909 Πάντα
680 857 980 928 ποιήσομεν
1025 860 1120 913 καὶ
1167 861 1520 934 ἀκουσόμεθα
1559 879 1573 892 ο
1608 863 1754 936 ἔργῳ

157 945 221 999 δέ
268 949 379 999 πᾶν
410 947 735 1002 τούναντίον.
785 949 877 1002 Διὸ
902 949 1232 1006 πυνθάνεται
1268 953 1378 1007 τῶν
1398 955 1700 1027 ἀρχιερέων
1726 956 1755 1008 ὁ

158 1038 364 1112 Σωτήρ
380 1055 394 1067 ·
436 1039 531 1105 Τίς
557 1039 673 1107 ἄρα
701 1039 821 1117 τῶν
840 1040 949 1096 δύο
975 1045 1202 1098 τούτων
1222 1045 1473 1113 ἐποίησε
1488 1046 1555 1100 τὸ
1580 1046 1755 1115 θέλη-

159 1144 249 1197 μα
290 1128 398 1182 τοῦ
429 1129 692 1197 πατρός;
740 1130 996 1185 Ἐκείνων
1025 1130 1084 1184 δὲ
1121 1133 1591 1206 ὁμολογησάντων,
1622 1137 1757 1190 ὅτιὸ

161 1220 409 1292 πρῶτος,
438 1220 522 1285 τίς
552 1217 621 1292 ἦν
645 1214 801 1286 οὗτος
838 1224 867 1275 ὁ
904 1224 1119 1298 πρῶτος
1146 1225 1405 1296 διασαφεῖ
1439 1226 1615 1296 λέγων
1634 1244 1648 1258 ⁸
1692 1232 1756 1283 Οἱ

160 1309 421 1366 τελῶναι
469 1312 567 1366 καί
597 1316 656 1366 αὶ
685 1314 899 1383 πόρναι
935 1315 1037 1370 καί
1078 1315 1204 1371 πᾶν
1231 1315 1298 1370 τὸ
1331 1315 1452 1370 τῶν
1488 1318 1759 1372 ἀπίστων

160 1403 362 1460 ἐθνῶν
387 1403 581 1474 τάγμα
605 1406 1023 1477 προσάγουσιν
1068 1408 1227 1478 ὑμᾶς
1253 1411 1341 1475 εὶς
1364 1409 1481 1478 τὴν
1516 1409 1760 1479 ἀγάπην

163 1499 292 1570 (55)
324 1498 432 1553 τοῦ
461 1498 627 1553 Θεοῦ.
647 1499 823 1570 Ὺμᾶς
853 1501 908 1575 δέ
935 1501 1109 1566 τίνας,
1139 1502 1173 1573 ἢ
1206 1503 1330 1566 τοὺς
1346 1503 1636 1576 ἀρχιερέας
1665 1505 1759 1560 καὶ

165 1589 597 1663 πρεσβυτέρους,
646 1592 741 1646 καὶ
778 1595 885 1646 πᾶν
921 1593 1102 1648 αὑτῶν
1136 1594 1198 1648 τὺ
1231 1595 1402 1660 ἔθνος,
1439 1596 1500 1650 τὸ
1531 1596 1595 1667 δὴ
1618 1595 1761 1668 λόγῳ

169 1685 285 1753 μὴν
313 1683 783 1754 ἐπαγγελλόμενον
815 1684 1109 1751 θεοσεϐεῖν,
1142 1686 1323 1759 έργοις
1368 1688 1425 1742 δὲ
1462 1689 1760 1761 ἀντιπράτ-

164 1791 261 1827 τον
295 1777 361 1845 τῇ
388 1775 727 1848 ἐπαγγελίᾳ;
758 1778 849 1831 Διὸ
882 1781 933 1832 οί
956 1779 1142 1851 μὲν-ἐξ
1165 1780 1335 1836 ἐθνῶν
1370 1781 1764 1853 μεταϐαλόντες

163 1866 273 1936 τῆς
313 1866 586 1938 προτέρας
634 1869 956 1940 μοχθηρίας,
998 1870 1093 1923 καὶ
1132 1873 1380 1942 καρποὺς
1423 1871 1764 1943 ἐνδεξάμενοι

165 1958 271 2029 τῆς
297 1958 573 2029 βασιλείας
604 1959 809 2025 ἀξίους,
858 1960 1140 2027 τεύξονται
1177 1963 1348 2035 αὐτῆς
1367 1981 1381 1994 ·
1414 1965 1573 2035 ὑμεῖς
1603 1965 1683 2029 δὲ,
1714 1966 1764 2018 oi

167 2050 472 2117 φάσκοντες
512 2051 739 2115 ἑαυτοὺς
781 2051 917 2106 Θεοῦ
954 2049 1096 2107 εἶναι
1127 2053 1314 2118 τέκνα,
1357 2054 1456 2126 τῆς
1487 2054 1765 2125 βασιλείας

167 2141 631 2213 ἐκκλεισθήσεσθε
650 2160 664 2173 ⁸
715 2144 796 2197 ὅτι
821 2145 980 2215 ὑμεῖς
1019 2146 1118 2217 μὲν
1152 2148 1251 2200 οὐκ
1279 2147 1637 2202 ἐπιστεύσατε
1668 2149 1766 2203 αὐ-

166 2232 269 2305 τῷ,
297 2236 348 2287 οἱ
380 2232 438 2287 δὲ
467 2233 694 2288 τελῶναι
734 2236 830 2289 καὶ
857 2237 914 2289 αἱ
947 2237 1144 2311 πόρναι
1167 2240 1512 2295 ἐπίστευσαν.
1548 2241 1640 2294 Διὸ
1670 2241 1766 2295 καὶ

168 2326 497 2380 ἐδικαίωσαν
537 2326 630 2380 τὸν
662 2326 798 2380 Θεὸν
821 2345 833 2358 ·
870 2328 1077 2393 δίκαιος
1114 2330 1223 2402 γὰρ
1258 2331 1431 2402 ἐφάνη
1476 2332 1568 2385 ἐπὶ
1600 2334 1765 2387 πᾶσιν

167 2412 255 2481 οἷς
290 2417 569 2489 ἐποίησεν,
610 2419 755 2490 ὑμᾶς
800 2423 897 2491 μὲν
934 2421 1010 2485 ὼς
1041 2422 1289 2487 ἀπειθεῖς
1326 2423 1418 2476 καὶ
1442 2422 1765 2495 ἀγνώμονας

168 2508 558 2580 ἀπωσάμενος,
592 2510 834 2575 ἐκείνους
866 2512 922 2565 δὲ
951 2512 1027 2576 ὼς
1058 2513 1330 2579 εὐπειθεῖς
1353 2516 1448 2570 καὶ
1480 2516 1763 2589 εὐγνώμο-

169 2617 271 2663 νας
303 2599 684 2671 ἐκλεξάμενος.
731 2602 843 2657 Καὶ
887 2603 987 2656 οὐκ
1024 2603 1177 2674 ἔχετε
1208 2604 1391 2659 λοιπον
1429 2607 1579 2679 αὐτῷ
1602 2609 1766 2678 ἐγκα-

169 2691 306 2756 λεῖν,
324 2692 352 2745 ὃ
369 2694 654 2765 προφήτης
674 2695 858 2765 φησίν·
884 2694 1086 2762 Ὅπως
1114 2694 1191 2750 ἂν
1211 2695 1532 2768 δικαιωθῇς
1545 2701 1615 2754 ἐν
1642 2700 1766 2768 τοῖς

166 2783 378 2853 λόγοις
400 2796 540 2838 σου.

523 2876 625 2940 Εἰς
650 2874 765 2945 τὴν
796 2874 1075 2931 ἄϐυσσον
1101 2878 1410 2934 ἀπελθεῖν.

238 2968 366 3022 Ὅτι
397 2968 488 3021 τὸν
525 2967 816 3040 λεγόμενον
852 2970 1121 3043 τάρταρον
1168 2970 1404 3027 ἄϐυσσον
1439 2970 1571 3025 θεῖοι
1618 2970 1764 3041 λόγοι

171 3059 426 3116 καλοῦσι.

172 3155 289 3212 Καὶ
304 3153 458 3224 γυνὴ
480 3150 640 3210 οὖσα
654 3156 722 3209 ἐν
733 3156 915 3224 ῥύσει
932 3157 1177 3299 αἰμιὶῇῗ
1195 3156 1314 3212 ἀπὸ
1341 3154 1494 3211 ἐτῶν
1513 3153 1763 3221 δώδεκα,

802 3244 856 3280 κ.
889 3244 940 3280 τ.
1010 3266 1024 3280 .
1187 3267 1201 3281 .

802 3244 856 3280 κ.
889 3244 940 3280 τ.
975 3244 1024 3280 Α.
1062 3244 1201 3281 (Ο4).

252 3316 399 3387 Ἐγὼ
422 3317 478 3371 δὲ
506 3317 607 3370 οὐκ
630 3315 780 3382 ἄξιον
803 3316 1044 3390 ἡγοῦμαι
1071 3319 1359 3391 παρελθεῖν
1390 3318 1640 3392 διήγησιν
1674 3322 1769 3375 καὶ

175 3412 294 3474 τοῖς
323 3409 443 3480 μεθ’
476 3411 624 3482 ἡμᾶς
658 3409 1093 3482 μνημονεύεσθαι
1141 3412 1318 3479 ἀξίαν.
1379 3413 1491 3483 Τὴν
1527 3412 1636 3484 γὰρ
1685 3416 1770 3467 αἱ-

177 3503 526 3576 μορροοῢσαν
575 3505 639 3557 ἐκ
667 3504 938 3580 Πανεᾴδος
981 3504 1166 3574 ἔλεγον
1206 3503 1502 3577 ὁρμᾶσθαι,
1556 3506 1648 3561 τόν
1708 3524 1767 3561 τε

174 3590 326 3648 οἷκον
359 3596 531 3667 αὐτῆς
563 3595 655 3648 ἐπὶ
686 3597 785 3666 τῆς
822 3598 1029 3662 πόλεως
1048 3598 1378 3665 δείκνυσθαι,
1413 3599 1508 3652 καὶ
1534 3598 1634 3669 τῆς
1664 3600 1768 3654 ὑπὸ

174 3687 273 3742 τοῦ
300 3688 555 3759 Σωτῆρος
573 3693 653 3753 είς
673 3689 839 3761 αὐτὴν
863 3690 1185 3762 εὐεργεσίας
1222 3690 1510 3762 θαυμαστὰ
1531 3692 1767 3765 τρόπαια

179 3782 544 3854 παραμένειν.
591 3783 844 3837 Ἑστάναι
876 3783 985 3854 γὰρ
1025 3784 1110 3852 ἐφ’
1169 3782 1374 3854 ὑψηλοῦ
1435 3783 1582 3836 λίθου
1630 3783 1768 3856 πρὸς

181 3876 283 3946 μὲν
310 3877 434 3939 ταῖς
465 3874 661 3939 πύλαις
690 3875 784 3929 τοῦ
820 3876 990 3946 αὐτῆς
1012 3876 1162 3929 οἴκου
1188 3874 1442 3944 γυναικὸς
1464 3875 1765 3946 ἐκτύπωμα

178 3966 434 4037 χάλκεον,
462 3968 555 4021 ἐπὶ
577 3967 706 4037 γόνυ
739 3968 1081 4039 κεκλιμένον,
1104 3968 1198 4022 καὶ
1228 3969 1552 4040 τεταμέναις
1589 3970 1680 4022 ἐπὶ
1705 3971 1766 4023 τὸ

178 4057 419 4130 πρόσθεν
450 4061 570 4122 ταῖς
592 4061 799 4131 χερσὶν,
828 4061 1142 4132 ίκετευούσῃ
1204 4060 1406 4125 ἐοικός·
1466 4061 1657 4115 τούτου
1709 4063 1767 4117 δὲ

177 4152 410 4222 ἀντικρὺ
440 4151 568 4204 ἄλλο
601 4152 702 4222 τῆς
734 4152 906 4223 αὐτῆς
934 4152 1065 4225 ὕλης
1095 4152 1285 4226 ἀνδρὸς
1316 4153 1496 4224 ὄρθιον
1555 4156 1763 4227 σχῆμα,

177 4242 427 4297 διπλοΐδα
461 4244 705 4316 κοσμίως
737 4245 1220 4319 περιϐεϐλημένον,
1246 4247 1340 4300 καὶ
1367 4246 1464 4319 τὴν
1495 4251 1652 4319 χεῖρα
1698 4251 1763 4320 τῇ

177 4338 401 4407 γυναικὶ
423 4341 702 4409 προτεῖνον
721 4355 735 4369 ο
759 4334 820 4392 οὗ
843 4339 993 4410 παρὰ
1021 4342 1135 4403 τοῖς
1169 4340 1327 4393 ποσὶν
1350 4340 1443 4393 ἐπὶ
1483 4343 1547 4412 τῇ
1595 4340 1765 4414 στήλῃ

1854 495 1956 561 lus,
1986 497 2078 568 qui
2114 494 2166 547 iu
2203 494 2377 550 altero
2410 496 2521 552 ﬁlio
2553 509 3002 567 reprresentatur,
3040 512 3160 571 post
3192 503 3426 570 priorem

1855 589 2255 644 recusationem
2280 597 2506 643 vocatus
2532 590 2598 643 ad
2631 593 2876 644 eamdem
2915 606 3134 658 operam
3162 608 3259 661 per
3283 591 3432 665 Moy-

1855 697 1968 737 sem
2008 691 2172 749 atque
2223 680 2551 751 prophetas,
2606 683 2772 736 verbo
2812 682 3029 751 quidem
3078 699 3137 738 se
3180 696 3431 754 paratum

1854 774 2125 838 ostendit;
2168 772 2422 828 dixerunt
2465 775 2609 829 enim
2640 774 2822 827 omnia
2859 789 2918 828 se
2952 772 3193 830 facturos
3235 788 3293 830 et
3336 792 3432 830 au-

1859 865 2190 922 scultaturos
2227 864 2309 932 “;
2366 866 2459 920 sed
2499 879 2666 934 Opera
2718 879 2943 935 prorsus
2990 869 3261 922 contraria
3310 867 3430 923 fuit.

1858 958 2064 1014 Idcirco
2090 960 2386 1027 interrogat
2415 959 2698 1029 pontifices
2727 958 2985 1012 Servator
3015 976 3029 1013 :
3058 958 3190 1024 Quis
3215 977 3281 1015 ea:
3304 960 3440 1018 (ιασ-

1857 1051 1952 1106 bus
1982 1051 2301 1106 uoluntatem
2352 1051 2523 1121 patris
2571 1052 2799 1120 fecerit?
2848 1050 2958 1105 Illis
3003 1053 3436 1121 conﬁtentibus,

1858 1143 2003 1209 quod
2046 1141 2238 1211 prior;
2290 1139 2541 1209 quisnam
2584 1152 2748 1211 porro
2785 1142 2874 1195 hic
2923 1142 3074 1212 prior
3108 1154 3287 1209 esset,
3324 1162 3438 1198 ma-

1860 1232 2087 1288 nifestat
2119 1233 2307 1288 dicens
2333 1250 2347 1287 :
2386 1232 2527 1287 Fore
2560 1243 2615 1286 ut
2659 1232 2928 1302 publicani
2954 1250 3018 1288 ac
3046 1238 3364 1304 meretrices,
3390 1248 3439 1291 et

1858 1327 2140 1380 uniuersus
2173 1323 2574 1380 incredularum
2604 1326 2835 1395 gentium
2866 1327 2996 1381 ordo
3028 1328 3328 1396 priet-edant
3354 1345 3440 1384 eos

1860 1420 1918 1474 in
1954 1418 2237 1473 dileclione
2289 1418 2390 1473 Dei
2434 1419 2502 1473 θ’.
2544 1416 2655 1472 Vos
2704 1432 2838 1472 vero
2884 1421 3193 1488 quosnam?
3235 1420 3442 1491 Nempe

1860 1511 2144 1580 pontiﬁces
2187 1519 2240 1564 et
2295 1510 2563 1576 seniores,
2596 1521 2651 1564 et
2681 1519 2851 1565 totam
2895 1521 3112 1580 gentem
3161 1513 3439 1582 ipsorum,

1862 1616 1983 1672 qua
2009 1601 2194 1658 verbis
2218 1602 2433 1670 quidem
2473 1601 2724 1671 religiose
2773 1617 2835 1659 se
2870 1618 3034 1673 agere
3064 1605 3297 1669 dicebat,
3346 1608 3442 1662 sed

1865 1695 2079 1749 actibus
2136 1694 2529 1763 professionem
2576 1696 2829 1763 negabat.
2882 1695 3007 1751 Ideo
3046 1698 3276 1766 gentiles
3317 1699 3443 1768 qni-

1865 1786 2009 1853 dem,
2045 1786 2227 1856 priore
2262 1788 2504 1856 nequitia
2531 1789 2756 1851 omissa,
2796 1788 3110 1859 fructusque
3146 1806 3313 1861 regno
3360 1793 3443 1845 di-

1864 1894 2003 1948 gnos
2046 1878 2336 1945 facientes,
2386 1880 2490 1934 hoc
2522 1882 2822 1949 potientur.
2855 1879 2964 1935 Vos
3008 1891 3189 1935 autem
3219 1883 3312 1951 qui
3348 1882 3443 1938 Dei

1865 1970 2006 2026 ﬁlios
2049 1981 2261 2026 vosmet
2308 1972 2618 2042 appellatis,
2671 1987 2840 2043 regno
2888 1974 3274 2042 expellemini;
3316 1976 3443 2041 quia

1865 2078 1963 2119 vos
2014 2064 2270 2118 nimirum
2329 2064 2551 2119 Christo
2604 2078 2710 2117 non
2765 2066 3115 2130 credidistis,
3172 2065 3444 2135 publicani

1865 2171 1995 2211 vero
2024 2171 2090 2212 ac
2123 2159 2439 2212 meretrices
2471 2157 2838 2212 crediderunt.
2883 2157 3248 2225 Quamobrem
3278 2162 3444 2214 etiam

1865 2247 2035 2303 Deum
2068 2249 2550 2320 justiﬁcaverunt:
2593 2253 2793 2322 quippe
2826 2253 2951 2321 quia
2986 2252 3032 2306 is
3060 2252 3243 2319 justus
3270 2266 3443 2320 appa-

1867 2340 1976 2394 ruit
2005 2340 2056 2394 in
2098 2342 2309 2396 cunctis
2337 2356 2459 2411 quae
2497 2341 2646 2409 fecit,
2686 2359 2780 2397 vos
2824 2342 3041 2413 quidem
3090 2355 3149 2397 ut
3200 2343 3450 2397 incredu-

1865 2432 1946 2487 los
1977 2443 2031 2487 et
2071 2443 2314 2502 ingratos
2360 2434 2676 2504 repudians,
2710 2435 2834 2490 illos
2867 2444 3047 2489 autem
3076 2450 3175 2490 ceu
3211 2435 3446 2501 morige-

1867 2540 1959 2579 ros
1993 2523 2399 2592 benevolosque
2443 2525 2674 2595 eligens.
2703 2525 3065 2592 Quamobrem
3091 2526 3158 2580 de
3204 2540 3273 2581 eo
3322 2526 3446 2578 diu-

1868 2618 1975 2672 tius
2015 2616 2160 2671 haud
2216 2618 2444 2686 potestis
2487 2621 2774 2688 conqueri,
2828 2621 2880 2675 id
2926 2621 3068 2690 quod
3103 2622 3265 2673 etiam
3318 2634 3446 2686 pro-

1863 2708 2028 2779 pheta
2059 2709 2275 2766 aiebat;
2325 2707 2393 2764 Ut
2429 2709 2744 2780 justi/iceris
2783 2713 2840 2765 in
2878 2710 3207 2766 sermonibus
3249 2709 3354 2763 tuis
3377 2707 3445 2763 ⁸³.

2309 2892 2355 2923 ⁸⁸
2381 2888 2451 2945 Ut
2488 2891 2543 2945 in
2570 2892 2815 2961 abyssum
2846 2891 3003 2944 irent.

1937 2986 2037 3053 Qui
2067 2985 2269 3040 dicitur
2299 2994 2562 3050 tartarus,
2593 3000 2716 3039 eum
2764 2984 3042 3054 appellant
3070 2982 3329 3054 abyssum
3360 2981 3448 3037 di-

1788 3093 1832 3150 C
1865 3079 2000 3133 vina:
2029 3077 2344 3146 Scriptura}.

1963 3168 2009 3200 “
2036 3167 2106 3222 Et
2146 3169 2337 3222 mulier
2377 3165 2621 3234 quaedam
2657 3173 2769 3217 erat
2809 3163 2862 3217 in
2894 3162 3046 3232 ﬂuxu
3083 3163 3360 3232 sanguinis

2108 3240 2115 3247 ’
2291 3241 2356 3290 ob
2396 3238 2549 3288 antiis
2573 3234 2876 3298 duodecim,
2912 3244 3018 3287 etc.

1940 3332 2051 3403 Ego
2080 3346 2213 3386 vero
2243 3344 2458 3399 aequum
2501 3344 2610 3381 non
2647 3325 2835 3396 judico
2874 3324 3289 3395 praetermittere
3321 3336 3451 3377 uar-

1869 3427 2161 3491 rationem,
2197 3439 2318 3494 qua:
2349 3430 2690 3493 posterorum
2721 3432 2940 3487 quoque
2990 3418 3264 3470 memoria:
3298 3431 3449 3469 como

1869 3518 2113 3572 mendari
2159 3526 2419 3570 meretur.
2483 3511 2729 3582 Namque
2781 3510 2922 3564 hanc
2987 3508 3447 3563 haemorrhousam

1869 3611 2031 3665 domo
2068 3606 2321 3661 Paneade
2371 3604 2542 3658 fuisse
2589 3604 2779 3669 aiunt,
2807 3603 3037 3669 ejusque
3080 3600 3257 3653 adhuc
3305 3598 3448 3651 aedes

1869 3703 1921 3756 itt
1962 3700 2096 3755 urbe
2135 3696 2514 3755 demonstrari.
2547 3697 2730 3764 ibique
2762 3690 3009 3746 beneﬁcii
3040 3691 3093 3744 in
3124 3703 3298 3753 eama
3325 3686 3448 3740 Ser-

1866 3804 2059 3848 vatore
2082 3791 2265 3847 collati
2289 3789 2481 3842 mirum
2501 3793 2904 3840 monumentum
2928 3794 3270 3851 permanere.
3288 3778 3448 3833 Stare

1866 3881 2119 3934 videlicet
2166 3880 2218 3932 in
2270 3877 2485 3931 excelsa
2531 3873 2739 3947 lapidea
2797 3870 2938 3934 basi,
2993 3885 3160 3940 prope
3202 3868 3445 3935 ejusdem

1865 3974 2060 4029 aedium
2108 3972 2273 4036 fores,
2311 3969 2555 4025 mulieris
2590 3981 2793 4021 aeneam
2826 3964 3079 4034 elligiem,
3112 3979 3249 4032 genu
3280 3960 3442 4025 Eleae,

1868 4067 2123 4120 manibus
2148 4065 2440 4135 prolensis,
2480 4058 2838 4129 supplicantis
2866 4057 3066 4126 specie.
3102 4055 3270 4125 llujus
3298 4068 3330 4107 e
3356 4069 3446 4108 ἴθ-

1867 4159 2025 4228 gione
2059 4157 2220 4211 aliam
2252 4154 2493 4222 ejusdem
2517 4151 2760 4207 materiae
2787 4159 3023 4203 statuam
3051 4148 3150 4200 viri
3178 4156 3445 4212 erectam,

1867 4248 2107 4316 diploide
2140 4249 2366 4302 decente
2407 4243 2604 4306 induti,
2645 4258 2711 4296 ac
2751 4240 2967 4295 mulieri
3001 4256 3218 4293 inanum
3267 4238 3445 4307 porri-

1868 4338 2075 4408 gentis;
2111 4338 2177 4389 ad
2201 4333 2355 4404 cujus
2384 4332 2550 4403 pedes
2585 4331 2638 4386 in
2671 4331 2786 4386 basi
2812 4330 3154 4400 peregrinum
3177 4328 3447 4397 quoddam

179 4429 333 4494 ξένον
354 4446 409 4483 τι
439 4427 668 4501 βοτάνης
698 4426 837 4495 εἶδος
872 4432 1024 4500 φυὲν,
1054 4432 1103 4494 δ,
1138 4432 1302 4503 μέχρι
1330 4432 1423 4485 τοῦ
1462 4434 1762 4504 κρασπέδου

1876 4432 2055 4485 herba:
2097 4444 2267 4499 genus
2300 4428 2555 4480 adnatum
2588 4433 2743 4489 erat,
2774 4436 2916 4493 ;qu:e
2960 4437 3130 4491 usque
3175 4421 3242 4473 ad
3280 4433 3448 4474 teneas

177 4522 279 4593 τῆς
302 4520 401 4574 τοῦ
449 4521 653 4592 χαλκοῦ
710 4521 974 4587 διπλοΐδος
1033 4523 1205 4588 ἀνιὸν,
1240 4522 1685 4596 ἀλεξιφάρμακόν
1715 4542 1762 4580 τι

1868 4521 2120 4593 diploidis
2152 4519 2424 4573 ﬁmbriam
2475 4530 2793 4584 assurgens,
2841 4512 3083 4583 cujusvis
3132 4511 3306 4565 morbi
3354 4525 3444 4564 re—

179 4615 455 4668 ⁸παντοίων
482 4615 805 4686 νοσημάτων
826 4615 1102 4686 τυγχάνει.
1130 4616 1331 4670 Τοῦτον
1353 4617 1444 4670 τὸν
1477 4616 1762 4689 ἀνδριάντα

1868 4612 2103 4669 medimn
2135 4623 2236 4664 est.
2291 4607 2403 4662 llac
2432 4615 2609 4660 statua
2651 4602 2837 4658 Jesum
2871 4598 3251 4671 repraesentari
3291 4599 3444 4653 dice-

179 4706 276 4760 τοῦ
312 4706 491 4778 Ἰησοῦ
517 4708 700 4762 εἰκόνα
750 4708 937 4779 φέρειν
995 4708 1202 4778 ἔλεγον,
1235 4709 1295 4763 ὃν
1335 4709 1641 4781 Μαξιμῖνος
1669 4709 1762 4781 τῆς

1868 4708 2021 4769 bant,
2052 4718 2215 4773 quant
2265 4698 2593 4755 Maximinus
2628 4695 2925 4765 impietatis
2963 4706 3076 4747 suae
3106 4691 3447 4746 additamen-

257 4818 301 4849 ⁸⁸
324 4818 500 4873 Exod.
529 4835 645 4888 χιχ,
669 4820 725 4876 8.
800 4822 844 4853 ⁸³
871 4820 1062 4876 Matth.
1094 4837 1209 4885 XXI,
1242 4821 1332 4876 51.
1409 4820 1455 4852 ⁸³
1483 4819 1629 4875 Psal.
1670 4838 1724 4889 ι,
1751 4823 1762 4873 l

1883 4821 1933 4857 “
1962 4834 2085 4888 esp.
2119 4833 2240 4884 vui,
2270 4817 2361 4873 51.
2437 4816 2482 4849 ⁸⁸
2509 4830 2632 4885 cap.
2662 4829 2781 4879 vm,
2810 4811 2905 4866 4'5.

1877 4932 2144 5002 dejectam
2200 4946 2229 4984 a
2279 4929 2578 5002 Maximino
2626 4922 2985 5002 aﬂirrqetﬁn
3037 4936 3147 4992 quo
3206 4936 3275 5000 ne
3321 4935 3443 4975 cum

1878 4996 2242 5070 Ptiilostnrgio
2273 5004 2489 5067 quidem
2516 5000 2608 5072 lib.
2644 5013 2740 5072 vit,
2771 4996 2824 5061 5,
2849 5009 3023 5072 neque
3050 5008 3172 5046 cum
3207 4996 3323 5072 ejus
3353 5007 3444 5072 as:

1878 5076 2022 5128 set-la
2057 5064 2355 5141 bit-ephoro
2401 5071 2639 5141 Callisto,
2671 5068 2762 5121 lib.
2807 5081 2863 5141 at,
2899 5064 2989 5128 50,
3029 5066 3309 5141 congruit,
3350 5064 3443 5141 qui

1878 5157 2115 5197 Statuam
2152 5134 2428 5195 a'Jnhano
2459 5139 2759 5211 depositam
2793 5139 2998 5199 dicunt,
3030 5144 3085 5187 et
3115 5140 3185 5185 ab
3213 5134 3446 5211 ethnicis

1878 5213 2159 5284 Paneadit’1
2177 5212 2388 5266 civibus
2420 5210 2779 5284 ignoutiuinse
2815 5214 3098 5284 tractatam
3129 5210 3445 5284 etcenturi-

1881 5296 2086 5337 nutam.
2124 5270 2783 5354 Caeteroqui‘hsterius_in
2816 5277 2935 5354 cod.
2970 5274 3028 5336 υ,
3127 5271 3215 5354 85,
3263 5270 3445 5351 Mutti-

1871 5355 2109 5406 mianum
2143 5352 2326 5405 scribit
2351 5344 2468 5419 'pro
2504 5346 2954 5419 Maa;ianin_o._§ic
2985 5345 3127 5419 etum
3159 5344 3441 5419 Asterius:

1868 5423 2016 5494 Αὕτη
2045 5422 2101 5494 δέ
2134 5424 2281 5494 ἐστιν
2310 5410 2425 5494 ῄέν
2456 5418 2688 5494 Πανεάδι
2714 5415 2793 5494 τῷ
2828 5413 3052 5494 Χριστῴ
3080 5419 3325 5494 στήσασα
3352 5410 3444 5494 τδν

1868 5480 2102 5566 χαλκοῦν
2136 5480 2427 5566 ἀνδριάντα
2463 5491 2543 5566 είς
2582 5480 2826 5566 ἀμοιϐήν
2859 5480 2961 5555 τῆς
3002 5480 3367 5566 εὑεργεσίας-
3383 5480 3445 5537 ὃν

1868 5553 1964 5618 Sinti.
2011 5565 2106 5618 ἐπὶ
2144 5553 2488 5634 Μαξιμιανοῦ
2535 5553 2928 5634 καθαιρεθῆναι
2967 5554 3064 5634 τοὺ
3104 5553 3441 5620 δυσσεϐοῦς,

1868 5637 1973 5708 πρὸ
2003 5635 2095 5690 τοῦ
2129 5624 2366 5708 μεγάλου
2400 5624 3281 5700 Κωνσταντίνουβασιλεύσαντος.

257 4932 374 5005 (55)
402 4934 476 4986 Ita
502 4945 730 5003 uterque
772 4935 899 4993 Vat.
932 4936 1056 4989 cod.
1095 4949 1195 5003 pro
1223 4934 1305 4998 είς
1334 4934 1435 5005 τὴν
1466 4933 1767 5006 βασιλείαν,

183 5006 240 5057 in
272 5020 516 5076 regnum.
538 5006 835 5060 Cordeiius
879 5021 1098 5076 quoque
1128 5008 1204 5059 ita
1236 5016 1295 5059 ut
1332 5021 1432 5060 nos
1462 5005 1522 5061 se
1573 5005 1773 5075 legisse

183 5076 324 5144 apud
357 5074 649 5144 Eusebium
688 5074 1048 5130 demonstrat.

258 5142 674 5216 (54)_bcrihitur
699 5159 934 5216 sequens
974 5146 1195 5216 historia
1229 5145 1284 5200 in
1315 5155 1550 5215 utroque.
1580 5144 1772 5216 codice

183 5212 568 5285 A.'et'L.rsub
612 5212 828 5268 nomine
858 5216 1096 5270 Eusebii.
1143 5215 1353 5285 lleapse
1397 5212 1588 5270 eadem
1633 5215 1766 5284 legi-

188 5297 277 5336 tur
312 5284 455 5352 apud
485 5286 731 5338 eumdem
763 5286 1052 5340 Eusebium
1090 5303 1141 5339 in
1170 5284 1309 5339 Hist.
1348 5289 1476 5339 εδει.
1527 5301 1622 5348 vti,
1677 5287 1764 5340 18.

186 5354 511 5423 Quanquam
535 5357 697 5407 etiam
719 5356 769 5409 in
796 5358 896 5410 hoc
915 5371 1013 5410 suo
1037 5357 1428 5410 commentario
1452 5357 1518 5409 ad
1541 5371 1764 5424 evang.,

188 5425 279 5477 ubi
322 5425 527 5478 mentio
556 5435 644 5477 est
673 5423 1118 5492 hzetnorrhousze,
1157 5425 1276 5480 ﬁeri
1323 5428 1406 5480 vix
1460 5423 1767 5495 potest,’ut

186 5495 438 5548 eamdem
471 5496 836 5549 narrationem
883 5507 1073 5550 auctor
1108 5512 1212 5549 non
1262 5497 1540 5560 retulerit,
1583 5496 1766 5549 variat

191 5573 374 5618 uinea
427 5562 561 5616 alter
604 5564 674 5617 ab
712 5567 886 5619 altero
932 5577 1105 5631 textu,
1145 5566 1297 5619 initio
1335 5583 1399 5620 ac
1449 5566 1574 5619 ﬁne.
1627 5565 1765 5619 illud

189 5646 327 5687 vero
352 5632 676 5697 mirabilius,
704 5637 847 5703 quod
874 5650 996 5691 cum
1032 5638 1085 5689 in
1112 5634 1348 5689 Historia
1373 5634 1637 5690 Eusebius
1667 5642 1761 5690 de-

194 5712 465 5761 structatu
489 5712 726 5762 statuam
758 5720 867 5763 non
891 5705 1114 5776 scribat,
1146 5705 1200 5762 in
1233 5708 1335 5763 boc
1363 5707 1756 5763 commentario
