3858 6214
438 307 546 366 545

1115 299 1386 358 EUSEBll
1424 297 1902 354 Cz‘ESARlENSlS
1938 296 2092 351 OPP.
2134 295 2316 350 PARS
2353 294 2442 350 lll.
2474 327 2542 338 —
2580 294 2993 350 EXEGETICA.

3592 295 3692 350 544

440 436 557 482 tum
591 414 990 493 (destruendo)
1017 413 1162 469 fecit.
1193 413 1370 483 Atque
1408 415 1521 468 haec
1554 414 1837 468 hactenus.
1862 410 1978 466 Nuu

2119 408 2312 462 ἐαυτοῦ
2335 406 2650 470 δυσσεϐείας
2681 406 2972 478 πάρεργον
3001 406 3311 477 ἐποιήσατο.
3370 407 3481 460 Καὶ
3525 405 3692 464 ταῦτα

439 517 705 581 reliquum
748 523 1051 563 sermonem
1083 519 1496 578 persequamur.

550 605 595 636 “
625 601 933 656 Convocatis
968 613 1139 652 autent
1173 597 1445 650 duodecim
1473 591 1744 660 discipulis
1772 595 1905 655 suis,

652 675 791 725 dedit
824 672 931 723 illis
970 671 1214 723 virtutem
1249 677 1295 720 et
1335 674 1663 734 potestatem,
1692 674 1800 716 etc.

516 773 618 826 Per
650 769 766 822 hzec
801 763 1049 834 supernis
1079 759 1288 812 viribus
1335 756 1634 823 discipulos
1666 771 1794 810 suos
1831 755 2014 810 Domi-

435 880 537 920 nus
567 860 840 920 armabat,
873 864 934 908 ut
975 851 1239 906 diabolica
1270 849 1320 901 in
1354 848 1542 916 primis
1573 848 1786 914 agmina
1829 858 1884 902 et
1915 849 2012 901 ho-

439 957 647 1012 mimum
704 949 1051 1008 inimicitias,
1104 953 1158 996 et
1207 941 1552 994 adversarius
1592 940 1738 993 acies
1785 953 2005 1008 supera-

436 1058 596 1110 rent;
643 1044 840 1098 deinde
875 1055 903 1092 a
951 1037 1158 1091 morbis
1205 1045 1261 1088 et
1299 1033 1630 1086 omnimodis
1660 1030 2008 1098 passionibus

430 1140 738 1195 laborantes
798 1141 1090 1193 sanarent;
1157 1129 1353 1183 indicia
1415 1127 1668 1181 videlicet
1725 1127 1999 1194 prmdicati

431 1232 584 1304 regni
629 1227 840 1283 cunctis
871 1223 1183 1279 hominibus
1217 1221 1487 1290 praebens.
1518 1219 1818 1288 Oportebat
1862 1219 2004 1272 enim

425 1341 522 1382 eos
564 1324 655 1394 qui
703 1323 1126 1388 inexspectatam
1181 1315 1484 1369 doctrinam
1529 1313 1870 1374 nuntiabant,
1916 1326 2006 1380 pe-

426 1417 766 1487 regrinorum
823 1422 1196 1478 novorumque
1248 1407 1514 1461 bonorum
1565 1407 1721 1474 signa
1772 1405 2003 1459 alumnis

425 1511 537 1563 suis
578 1507 860 1562 exhibere.
898 1501 1040 1557 Vere
1069 1501 1234 1570 igitur
1271 1507 1430 1553 erant
1469 1498 1620 1568 regni
1655 1498 1745 1552 Dei
1779 1497 2004 1552 demon-

422 1602 740 1664 strationes,
771 1596 1092 1668 prodigiosa:
1123 1595 1372 1656 virtutes,
1405 1601 1462 1648 et
1505 1591 1794 1654 miracula,
1839 1601 2001 1658 atque

422 1694 730 1748 animarum
759 1699 812 1744 et
840 1703 1130 1755 corporum
1159 1686 1471 1740 curationes
1497 1698 1527 1737 a
1553 1681 1846 1739 Servatore
1874 1697 2000 1751 per-

2121 502 2219 572 μὲν
2247 501 2438 571 ταύτῃ.
2479 501 2601 554 Ἐπὶ
2625 499 2682 553 δὲ
2711 499 2772 551 τὸ
2797 499 2922 570 ἐξῆς
2952 498 3048 552 τοῦ
3071 498 3230 568 λόγου
3253 500 3553 570 προΐωμεν.

2115 597 2162 648 Σ
2164 591 2652 664 υγκαλεσάμενζος
2773 591 2917 657 τοὺς
2937 589 3166 664 δώδεκα
3188 592 3460 664 μαθητᾲς
3481 591 3694 664 αὐτοῦ,

2173 661 2396 717 ἔδωκεν
2422 662 2626 726 αὐτοῖς
2656 661 2916 731 δύναμιν
2949 662 3049 716 καὶ
3075 662 3384 726 ἐξουσίαν,
3407 661 3472 716 ⁷κ.
3506 680 3555 716 τ.
3585 663 3636 716 λ.

2104 757 2107 760 ’
2181 756 2279 810 Διά
2308 756 2484 810 ταῦτα
2518 754 2721 817 ἐνθέοις
2751 753 3011 824 δυνάμεσι
3045 753 3169 816 τοὺς
3222 751 3414 806 ἐαυτοῦ
3449 751 3693 824 μαθητὰς

2111 851 2139 901 ὁ
2171 849 2376 921 Κύριος
2421 847 2676 911 ὥπλιζεν,
2711 847 2786 909 ώς
2830 845 2897 900 ἂν
2953 848 3011 900 ἐν
3040 845 3278 916 πρώτοις
3305 845 3374 898 τὰ
3404 845 3693 916 δαιμονικὰ

2112 940 2271 1012 στίφη
2300 941 2392 993 καὶ
2418 938 2517 1003 τὰς
2549 937 2747 1009 ἐχθρὰς
2769 938 2877 992 τῶν
2899 937 3201 1010 ἀνθρώπων
3244 939 3337 992 καὶ
3395 938 3694 1008 πολεμικὰς

2111 1033 2441 1103 παρατάξεις
2470 1031 2782 1103 καθαιροῖεν
2805 1048 2820 1061 ·
2856 1031 3047 1084 ἔπειτα
3075 1031 3246 1083 νόσων
3281 1031 3374 1083 καὶ
3425 1031 3694 1084 παντοίων

2109 1125 2296 1178 παθῶν
2331 1125 2683 1196 θεραπεύοιεν
2711 1125 2840 1188 τοὺς
2899 1123 3442 1194 καταπονουμένουςο
3489 1122 3693 1193 γνωρί-

2109 1234 2288 1286 σματα
2319 1216 2382 1288 δὴ
2413 1217 2512 1286 τῆς
2534 1216 2940 1288 κηρυττομένης
2973 1215 3248 1287 βασιλείας
3280 1217 3532 1288 παρέχων
3555 1218 3694 1288 ὁρᾷν

2108 1307 2308 1361 ἅπασιν
2338 1307 2664 1378 ἀνθρώποις.
2703 1309 2900 1380 Ἐχρῆν
2934 1309 3062 1380 γὰρ,
3093 1309 3393 1381 παράδοξον
3428 1311 3696 1382 κήρυγμα

2103 1401 2570 1470 καταγγέλλοντας
2601 1441 2616 1466 ,
2650 1400 2838 1471 (ξένων
2886 1402 2980 1455 καὶ
3028 1402 3163 1456 νέων
3209 1403 3428 1472 ἀγαθῶν
3478 1400 3692 1474 ἐναργῆ

2105 1495 2307 1563 σημεῖα
2355 1493 2616 1565 παρέχειν
2663 1495 2776 1557 τοῖς
2805 1493 3284 1566 μαθητευομένοις.
3315 1491 3497 1550 Ἦσαν
3521 1496 3565 1549 δ’
3590 1491 3694 1550 οὖν

2102 1583 2318 1655 ἀληθῶς
2338 1584 2472 1638 Θεοῦ
2515 1585 2790 1655 βασιλείας
2816 1586 3087 1658 δείγματα
3117 1589 3175 1641 αἱ
3209 1589 3491 1661 τεράστιαι
3529 1589 3693 1644 δυνά-ι

2105 1695 2245 1748 μεις,
2279 1679 2348 1732 τά
2368 1696 2428 1732 τε
2456 1679 2707 1750 θαύματα
2734 1680 2828 1733 καὶ
2874 1682 3132 1752 σωτήριοι
3163 1679 3351 1751 ψυχῶν
3372 1683 3466 1736 καὶ
3495 1684 3692 1754 σωμά-

420 1797 576 1839 actze.
626 1781 760 1835 Nam
792 1781 1022 1850 quilibet
1070 1793 1249 1833 sermo
1288 1775 1546 1846 operibus
1590 1790 1813 1842 cassus,
1860 1791 1981 1828 nun-

2097 1787 2206 1824 των
2244 1771 2560 1842 θεραπεῖαι·
2591 1773 2675 1826 ὅτι
2703 1772 2846 1836 ἄπας
2883 1773 3072 1842 λόγος,
3120 1773 3296 1845 ἔργων
3336 1775 3560 1846 ἔρημος,
3585 1775 3689 1829 οῦ-

417 1892 578 1944 quam
642 1874 844 1944 poterit
895 1871 1108 1925 ﬁrmam
1177 1870 1586 1940 persuasionem
1649 1866 1994 1921 audientibus

419 1968 714 2022 insinuare.
765 1965 1056 2034 Propterea
1098 1966 1330 2033 patratis
1374 1963 1628 2032 operibus
1677 1961 1834 2016 ﬁdem
1883 1959 1994 2014 evi-

414 2060 631 2114 dentem
668 2055 1037 2128 prtedicationi
1087 2055 1476 2109 conciliabant.
1529 2053 1586 2108 Si
1637 2067 1768 2119 ergo
1814 2051 1993 2104 verbis

415 2150 792 2204 tantummodo
818 2164 880 2202 ac
905 2149 1129 2203 vocibus
1159 2156 1362 2202 temere
1397 2145 1611 2200 emissis
1641 2145 1733 2198 Dei
1764 2157 1989 2211 regnum

411 2244 626 2297 cunctis
671 2241 1050 2304 intimassent,
1093 2248 1148 2293 et
1200 2239 1498 2307 patriorum
1549 2239 1774 2291 deorum
1825 2235 1993 2290 aboli-

411 2336 657 2399 tionem,
711 2333 833 2403 quis
896 2333 975 2386 eis
1035 2341 1270 2385 mentem
1344 2328 1708 2385 advertisset?
1773 2329 1990 2382 cuinam

410 2429 582 2482 Deum
613 2439 736 2480 esse
763 2423 1162 2494 persuasissent
1208 2421 1518 2475 nuntiatum
1555 2438 1583 2474 a
1621 2435 1678 2474 se
1705 2419 1912 2482 .lesum,
1944 2421 1990 2472 si

411 2521 616 2574 nullam
651 2533 748 2574 suo
781 2517 1090 2572 testimonio
1149 2515 1309 2571 ﬁdem
1361 2515 1664 2570 fecissent?
1703 2515 1827 2568 Ideo
1873 2529 1989 2568 ser-

408 2626 623 2666 mortem
659 2624 872 2664 omnem
908 2609 1105 2663 divinis
1132 2622 1519 2677 praeoccupans
1554 2609 1813 2660 Servator
1850 2609 1989 2660 acti-

406 2707 531 2768 bus,
574 2703 752 2773 primo
811 2701 1026 2770 quidem
1085 2715 1150 2755 ex
1199 2701 1383 2768 inepto
1428 2699 1553 2753 vita:
1591 2714 1828 2767 genere,
1870 2699 1986 2753 elo-

404 2795 750 2864 quentiaeque
785 2803 839 2847 et
878 2791 1119 2846 mortalis
1169 2792 1450 2860 sapientize
1518 2802 1768 2860 expertes
1820 2792 1985 2844 disci-

405 2884 558 2953 pulos
597 2898 725 2938 suos
769 2883 837 2936 ad
868 2885 1030 2936 totius
1081 2883 1267 2936 mundi
1317 2883 1710 2937 correctionem
1763 2882 1982 2952 delegit.

406 2976 609 3029 Deinde
657 2975 962 3044 piscatores
1013 2973 1318 3028 animarum
1378 2973 1738 3028 lmmanarum
1799 2991 1985 3030 seeos

401 3065 722 3120 t-ll'eeturum
767 3081 1136 3135 praemonens,
1172 3076 1360 3120 auctor
1409 3066 1522 3132 ipse
1575 3066 1650 3118 rei
1692 3068 1980 3136 proposita}

401 3157 657 3222 exstitit;
705 3158 846 3210 unde
873 3171 967 3210 eos
1014 3156 1338 3210 mirabilium
1385 3157 1751 3225 prodigiorum
1787 3173 1976 3226 Opera-

404 3261 550 3303 tores
586 3249 835 3310 reddidit,
873 3248 972 3302 hos
1019 3248 1126 3301 illis
1161 3247 1349 3303 hamos
1383 3250 1669 3302 animabus
1711 3249 1978 3306 salutares

400 3339 790 3410 suppeditans,
846 3349 905 3392 ut
948 3339 1013 3392 iis
1056 3349 1343 3408 captarent
1395 3349 1557 3410 atque
1589 3357 1654 3395 ex
1712 3341 1978 3411 profundo

401 3432 656 3501 nequitiae
704 3428 902 3503 abysso
951 3433 1180 3486 mortale
1212 3447 1380 3500 genus
1413 3435 1788 3497 extraherent,
1823 3437 1978 3490 malis

400 3525 598 3593 fugatis
640 3525 959 3596 spiritibus,
997 3527 1243 3580 morbum
1293 3527 1590 3594 quemlibet
1634 3529 1977 3599 languorem-

397 3633 503 3686 que
555 3626 812 3672 sanantes
876 3627 1010 3672 nutu
1055 3617 1208 3686 ejus;
1257 3623 1490 3675 nondum
1547 3621 1692 3675 enim
1743 3621 1976 3690 Spiritus

395 3713 552 3763 datus
598 3709 772 3764 fuerat
802 3711 869 3764 ⁸⁷.

395 3805 440 3834 ⁸⁸
467 3799 617 3855 Nihil
647 3803 877 3856 tuleritis
905 3804 958 3857 in
987 3805 1096 3870 via,
1139 3820 1300 3873 neque
1324 3803 1558 3870 buculos,
1591 3822 1752 3876 neque
1771 3823 1972 3873 peram.

463 3958 772 4014 Secundum
801 3961 1112 4016 Matthaeum
1148 3964 1368 4032 quidem
1401 3964 1466 4030 ",
1503 3965 1618 4018 auri
1660 3975 1715 4019 et
1763 3965 1971 4035 argenti

391 4051 625 4120 aerisque
680 4069 931 4121 possessu
979 4055 1045 4108 iis
1094 4056 1416 4121 interdixit,
1474 4057 1640 4111 futuri
1689 4060 1970 4128 praescius.

390 4145 875 4199 Animadvertebat
901 4148 1044 4200 enim
1083 4149 1200 4202 fore
1232 4151 1408 4219 utqui
1449 4151 1653 4207 morbis
1692 4153 1760 4206 ab
1789 4153 1868 4207 eis
1909 4153 1972 4206 li-

390 4237 737 4304 berarentur,
766 4247 820 4292 et
860 4239 1254 4297 insanabilibus
1281 4245 1435 4297 malis
1467 4245 1731 4299 immunes
1756 4245 1970 4311 ﬁerent,

389 4337 583 4381 cuncta
648 4343 744 4383 sua
792 4334 1115 4399 patrimonia
1165 4335 1229 4389 iis
1278 4337 1470 4391 cedere
1517 4337 1740 4394 vellent.
1790 4341 1970 4406 Quare

2098 1861 2215 1914 ποτ’
2235 1861 2299 1916 ἂν
2327 1862 2518 1934 ἰσχύσῃ
2541 1867 2746 1934 πεῖσμα
2764 1863 2976 1934 βέϐαιον
3010 1866 3305 1937 ἐμποιῆσαι
3330 1871 3443 1931 τοῖς
3471 1870 3692 1938 ἀκροω-

2098 1954 2297 2024 μένοις.
2333 1957 2425 2009 Διὸ
2456 1960 2574 2020 ταῖς
2630 1956 2697 2009 δι’
2734 1957 2912 2028 ἔργων
2954 1957 3399 2027 ὲπιτελουμέναις
3450 1961 3687 2031 πράξεσι

2095 2049 2276 2101 πίστιν
2305 2051 2510 2121 ἐναργῆ
2546 2053 2806 2122 παρεῖχον
2835 2050 2913 2120 τῷ
2956 2049 3297 2121 κηρύγματι.
3329 2053 3391 2105 El
3430 2053 3558 2121 γοῦν
3583 2053 3686 2123 ψι-

2093 2138 2203 2202 λοῖς
2229 2141 2516 2210 ῥηματίοις
2542 2143 2636 2195 xal.
2671 2145 2878 2211 φωναῖς
2901 2142 3024 2212 είκῆ
3059 2145 3499 2216 προφερομέναις
3543 2147 3688 2200 Θεοῦ

2094 2230 2368 2299 βασιλείαν
2411 2233 2492 2296 εἰς
2537 2234 2746 2298 πάντας
2780 2233 2972 2299 ἐϐόων,
3003 2236 3301 2290 κατάλυσιν
3331 2255 3391 2290 τε
3424 2238 3533 2292 τῶν
3575 2257 3686 2294 πα-

2089 2323 2258 2394 τριῶν
2292 2323 2450 2390 θεῶν,
2485 2326 2570 2389 τίς
2599 2325 2664 2380 ἂν
2691 2327 2873 2389 αὐτοῖς
2915 2327 3158 2398 παρέσχε
3189 2329 3282 2382 τὸν
3305 2329 3463 2395 νοῦν;
3489 2331 3609 2385 τίνα
3636 2331 3687 2384 δ’

2088 2414 2154 2467 ἂν
2187 2413 2411 2470 ἔπεισαν
2455 2417 2588 2471 Θεὸν
2620 2415 2759 2472 εἶναι
2798 2419 2892 2472 τὸν
2946 2421 3152 2489 Ἰησοῦν
3197 2423 3682 2492 καταγγέλλοντες,

2091 2509 2360 2580 μηδεμίαν
2409 2511 2467 2564 δέ
2519 2511 2702 2564 πίστιν
2729 2515 2795 2583 τῇ
2833 2513 3110 2584 μαρτυρίᾳ
3142 2512 3542 2585 προσάγοντες;
3585 2519 3683 2571 Διὸ

2089 2605 2264 2657 πάντα
2294 2603 2454 2672 λόγον
2486 2603 2696 2667 θεῐκαῖς
2751 2603 3153 2674 προλαμϐάνων
3197 2604 3462 2676 πράξεσιν
3491 2610 3521 2660 ό
3563 2609 3682 2662 Σω-

2086 2695 2209 2764 τὴρ,
2242 2693 2436 2763 πρῶτα
2481 2695 2580 2765 μὲν
2625 2694 3080 2765 ἀνεπιτηδεύτους
3112 2697 3202 2750 τὸν
3253 2698 3474 2769 τρόπον,
3503 2700 3682 2768 λόγων

2083 2803 2144 2838 τε
2177 2787 2269 2839 καὶ
2291 2787 2479 2856 σοφίας
2508 2787 2710 2857 θνητῆς
2753 2788 3014 2860 ἀπείρους
3045 2789 3173 2852 τοὺς
3203 2789 3369 2843 αὐτοῦ
3426 2791 3681 2865 μαθητὰς

2084 2880 2178 2932 ἐπὶ
2206 2879 2540 2951 κατορθώσει
2565 2879 2666 2950 τῆς
2707 2879 2836 2950 ὅλης
2872 2881 3198 2952 οἰκουμένης
3231 2885 3675 2956 προεχειρίζετοο

2083 2973 2316 3026 κᾶπειτα
2339 2972 2589 3036 ἀλιευτάς
2617 2971 2805 3043 ψυχῶν
2843 2973 3203 3044 ἀνθρωπίνων
3231 2977 3482 3047 ποιήσειν
3536 2995 3677 3048 προ-

2083 3064 2259 3132 φήτας
2292 3063 2507 3129 αὐτοὺς,
2541 3065 2769 3135 ποιητὴς
2808 3065 2970 3128 αὐτὸς
3015 3067 3223 3134 ἐγίνετο
3268 3069 3368 3139 τῆς
3432 3071 3677 3139 ἐπαγγε-

2080 3151 2199 3216 λίας
2227 3171 2240 3183 ο
2299 3154 2420 3206 ὅθεν
2465 3155 2782 3226 παραδόξων
2835 3156 3129 3228 θαυμάτων
3183 3161 3422 3230 ἐργάτας
3474 3163 3680 3227 αὐτοὺς

2079 3245 2462 3314 ἀπειργάζετο,
2501 3246 2771 3319 ἄγκιστρα
2792 3248 2966 3302 ταῦτα
2999 3250 3186 3321 ψυχῶν
3215 3256 3457 3324 σωτήρια
3494 3273 3679 3328 παρα-

2077 3335 2249 3400 διδοὺς
2275 3337 2473 3400 αὐτοῖς,
2504 3337 2580 3401 ὡς
2601 3338 2665 3392 ἂν
2697 3339 2766 3392 δι’
2803 3340 2981 3394 αὐτῶν
3009 3345 3362 3414 σαγηνευοιεν
3391 3349 3485 3401 καὶ
3517 3349 3680 3404 ἀνέλ-

2079 3445 2225 3482 κοιεν
2270 3429 2334 3482 ἐκ
2375 3429 2469 3482 τοῦ
2521 3431 2618 3501 τῆς
2683 3431 2878 3496 κακίας
2914 3433 3074 3503 βυθοῦ
3125 3438 3187 3490 τὸ
3244 3437 3437 3510 θνητὸν
3487 3443 3672 3510 γένος,

2079 3521 2363 3592 πνεύματα
2393 3525 2604 3594 πονηρὰ
2627 3525 3038 3592 φυγαδεύοντες,
3069 3529 3164 3582 καὶ
3190 3533 3368 3585 πᾶσαν
3391 3532 3546 3586 νόσον
3572 3535 3676 3589 καὶ

2080 3614 2351 3684 μαλακίαν
2390 3615 2606 3686 ἰώμενοι
2629 3618 2723 3670 ἐπὶ
2745 3618 2844 3688 τῆς
2874 3621 3142 3693 ἐπιταγῆς
3167 3623 3266 3694 τῆς
3290 3624 3456 3678 αὑτοῦ
3473 3643 3486 3656 ·
3515 3625 3675 3680 οὔπω

2076 3707 2185 3778 γὰρ
2211 3703 2279 3778 ἦν
2317 3708 2543 3780 Πνεῦμα
2569 3709 2874 3781 δεδομένον.

2075 3799 2280 3867 Μηδὲν
2305 3801 2500 3868 αἴρετε
2531 3805 2618 3869 εἰς
2648 3802 2762 3873 τὴν
2809 3805 2981 3892 odor,
3009 3806 3164 3875 μήτε
3203 3808 3487 3876 ῥάϐδους,
3511 3811 3674 3880 μήτε

2745 3891 2968 3942 impar.

2142 3962 2300 4017 Κατά
2334 3964 2431 4036 μὲν
2461 3960 2554 4018 οῦν
2598 3967 2690 4020 τὸν
2741 3968 3023 4024 Ματθαῖον
3052 3971 3254 4042 χρυσοῦ
3285 3972 3378 4026 καὶ
3419 3973 3674 4045 ἀργύρου

2075 4057 2168 4109 καὶ
2200 4057 2402 4128 χαλκοῦ
2435 4058 2533 4130 τὴν
2555 4060 2750 4130 κτῆσιν
2785 4063 2966 4125 αὐτοῖς
2993 4064 3325 4136 ἀπηγόρευε,
3362 4065 3672 4136 προγνώσει

2073 4151 2166 4203 τοῦ
2197 4151 2482 4220 μέλλοντος
2505 4169 2519 4182 ·
2565 4151 2811 4224 συνεώρα
2857 4155 2965 4227 γὰρ
2983 4195 2996 4219 ,
3025 4155 3102 4219 ώς
3129 4158 3237 4228 ἄρα
3265 4157 3314 4209 οἱ
3349 4156 3447 4220 τὰς
3474 4158 3673 4223 νόσους

2074 4245 2165 4296 ὑπ’
2197 4243 2375 4297 αὐτῶν
2405 4243 2946 4317 θεραπευθησόμενοι
2974 4250 3067 4302 καὶ
3100 4249 3209 4302 τῶν
3234 4251 3467 4304 ἀνιάτων
3490 4253 3675 4305 ἀπαλ-

2071 4336 2434 4408 λαγησόμενοι
2477 4336 2685 4401 παθῶν,
2714 4337 3034 4410 ἐθελήσουσι
3077 4341 3172 4394 καὶ
3230 4341 3446 4395 πάντων
3481 4343 3674 4407 αὐτοῖς

389 4421 440 4474 id
487 4436 869 4490 praeoccupans
915 4428 1267 4495 praacipiebat
1314 4445 1380 4484 ne
1413 4431 1642 4499 gratiam
1695 4448 1969 4498 caupona-

2092 4430 2180 4483 τῶν
2214 4431 2568 4502 ὑπαρχόντων
2597 4433 2862 4503 ἐκχωρεῖν
2883 4449 2896 4461 ο
2926 4431 3007 4484 διὸ
3055 4432 3228 4486 ταῦτα
3258 4431 3546 4505 προλαϐὼν
3587 4435 3674 4487 δι-

388 4522 599 4580 rentur,
643 4531 819 4584 neque
863 4517 1002 4571 dona
1047 4520 1137 4574 Dei
1173 4521 1384 4576 venalia
1437 4523 1721 4578 haberent.
1762 4524 1962 4579 Verum

385 4609 682 4661 secundum
711 4608 948 4678 reliquos
961 4613 1326 4680 evangelistas
1345 4616 1628 4686 ipsumque
1653 4616 1964 4672 Malthzeum

384 4714 490 4752 non
527 4701 710 4754 sinens
735 4717 828 4757 eos
846 4704 1075 4774 virgam,
1110 4722 1286 4777 neque
1317 4725 1522 4778 peram,
1558 4726 1732 4779 neque
1752 4713 1966 4766 calcea-

384 4800 589 4855 tneuta,
625 4807 799 4862 neque
831 4795 966 4849 duas
1007 4798 1218 4851 tunicas
1242 4837 1258 4864 ,
1289 4800 1383 4854 sed
1416 4815 1591 4869 neque
1637 4817 1828 4869 panem
1871 4817 1966 4870 pe-

381 4883 708 4953 cuniamque
740 4897 988 4956 portare,
1017 4906 1140 4944 cum
1175 4905 1400 4962 peregre
1430 4904 1613 4948 essent
1646 4894 1960 4962 profecturi,

381 4972 511 5027 hinc
547 4976 796 5043 capiebat
831 4981 1264 5042 experimentum
1315 4982 1528 5036 illorum
1581 4984 1700 5039 ﬁdei
1749 4995 1803 5040 et
1846 4986 1962 5040 ala-

382 5065 618 5130 critatis,
649 5068 693 5122 si
728 5070 944 5137 quidem
975 5069 1115 5139 jussi
1163 5075 1563 5142 pauperrimam
1598 5076 1764 5129 vitam
1801 5077 1961 5146 dege-

383 5172 463 5224 re,
498 5175 673 5230 neque
716 5163 884 5230 ipsius
914 5165 1216 5234 quotidiani
1246 5167 1486 5220 alimenti
1528 5183 1712 5222 curam
1744 5183 1955 5238 gerere,

383 5269 562 5324 neque
600 5258 898 5312 secundam
953 5261 1189 5333 tunicam
1244 5262 1486 5328 habere,
1538 5277 1713 5332 neque
1761 5262 1958 5316 ealceis

381 5347 482 5410 uti,
519 5363 637 5402 cum
667 5359 844 5405 tamen
878 5353 1188 5408 universum
1225 5356 1412 5410 orbem
1455 5370 1750 5425 peragrare
1795 5354 1954 5408 debe-

383 5447 524 5503 rent,
579 5441 930 5499 nihilominus
971 5443 1123 5513 jussa
1157 5446 1300 5501 haud
1331 5448 1716 5502 detrectarent.
1756 5445 1860 5501 Sed
1902 5454 1958 5499 et

385 5532 526 5594 amni
571 5534 812 5602 pecunia
868 5550 1077 5602 amore,
1133 5539 1531 5608 mundanisque
1583 5539 1729 5594 curis
1765 5552 1955 5592 carere

457 5732 505 5770 "
532 5749 649 5808 cap.
680 5752 754 5803 rx,
785 5739 834 5792 Ι.
897 5741 952 5814 ,⁸⁷
984 5739 1139 5798 Joan.
1172 5757 1268 5811 vn,
1296 5741 1383 5799 39.
1463 5743 1505 5774 "‘
1539 5758 1656 5814 cap.
1693 5761 1770 5810 ιι,
1805 5747 1857 5801 5-

2071 4522 2369 4588 εστέλλετο,
2398 4523 2472 4594 μὴ
2498 4523 2829 4594 καπηλεύειν
2850 4525 2950 4594 τὴν
2979 4525 3138 4596 χάριν
3173 4527 3306 4597 μηδέ
3331 4527 3673 4598 πιπράσκειν

2068 4616 2138 4669 τὰ
2160 4617 2224 4670 ἐκ
2265 4615 2398 4669 Θεοῦ
2457 4615 2739 4688 παραινῶν
2791 4615 2972 4688 δῶρα’
3020 4617 3162 4671 κατά
3192 4618 3249 4672 δὲ
3281 4619 3406 4682 τοὺς
3444 4619 3672 4683 λοιποὺς

2070 4710 2278 4763 καὶτὸν
2313 4709 2476 4763 αὑτὸν
2506 4710 2786 4764 Ματθαῖον
2814 4710 2888 4781 μὴ
2931 4710 3241 4783 ἐπιτρέπων
3288 4712 3470 4773 αὐτοῖς
3525 4711 3672 4782 μήτε

2072 4803 2286 4875 ῥάϐδον,
2313 4805 2449 4876 μήτε
2483 4804 2684 4874 πήραν,
2722 4805 2862 4874 μήτε
2897 4803 3243 4875 ὑποδήματα,
3275 4805 3412 4874 μήτε
3440 4803 3533 4856 δύο
3575 4821 3669 4872 χι-

2067 4895 2264 4960 τῶνας,
2300 4895 2438 4948 ἀλλά
2475 4897 2600 4968 μήτ’
2630 4896 2816 4968 ἄρτον,
2858 4897 2997 4968 μήτε
3025 4896 3289 4969 ἀργύριον
3335 4895 3667 4964 ἐπάγεσθαι,

2070 4989 2368 5059 μέλλοντας
2407 4990 2494 5042 ἐπ’
2527 4989 2836 5060 ἀλλοδαπῆς
2899 4990 3234 5052 στέλλεσθαι,
3279 4987 3509 5058 δοκιμὴν
3562 4987 3669 5059 τῆς

2061 5082 2239 5134 αὐτῶν
2269 5081 2508 5147 πίστεώς
2533 5101 2593 5136 τε
2618 5083 2712 5136 καὶ
2737 5082 3046 5157 προθυμίας
3078 5083 3403 5152 ἐλάμϐανεν,
3424 5083 3494 5144 εἰ,
3516 5097 3666 5152 παρ-

2060 5175 2417 5244 αγγελθέντες
2467 5177 2559 5230 τὸν
2609 5177 2792 5248 ἄκρως
2826 5178 3110 5247 ἀκτήμονα
3139 5175 3254 5246 βίον
3282 5173 3550 5244 μετιέναι,
3586 5171 3666 5238 ὡς

2066 5266 2202 5335 μηδὲ
2233 5267 2334 5338 τῆς
2365 5269 2644 5340 ἐφημέρου
2679 5269 2888 5340 τροφῆς
2923 5269 3183 5341 πρόνοιαν
3222 5266 3517 5330 ποιεῖσθαι,
3559 5283 3665 5336 μη-

2065 5358 2121 5410 δὲ
2145 5358 2398 5431 δεύτερον
2426 5360 2728 5431 ἐπάγεσθαι
2756 5361 2980 5432 χιτῶνα,
3010 5359 3146 5432 μηδέ
3173 5358 3485 5429 ὑποδήμασι
3525 5356 3664 5426 χρῆ·-

2068 5449 2214 5516 σθαιν
2253 5453 2541 5524 μέλλοντες
2567 5456 2667 5527 τῆν
2697 5455 2990 5526 σύμπασαν
3028 5454 3436 5525 ἐκπερινοστεῖν
3477 5451 3663 5504 οἰκουο

2067 5543 2257 5614 μένην,
2287 5547 2361 5617 μὴ
2392 5547 2641 5618 φεύγοίεν
2676 5549 2741 5602 τὰ
2765 5550 3201 5623 παραγγέλματα
3220 5565 3232 5578 °
3259 5545 3394 5616 ἀλλά
3423 5544 3519 5599 καὶ
3539 5545 3663 5614 ἀφιο

1939 5748 1982 5783 "
2011 5747 2196 5803 Matth.
2247 5763 2300 5814 Σ,
2331 5747 2384 5816 9,
