3858 6214
142 287 251 344 555

1317 283 1818 342 COMMENTARIA
1859 288 1925 342 ΙΝ
1963 287 2216 344 LUCAM.

3285 290 3389 345 546

140 402 520 475 λοχρημάτους
543 397 863 470 ἀφρόντιδάς
883 414 942 450 τε
969 398 1062 451 τοῦ
1086 397 1199 468 βίου
1236 399 1345 452 δεῖν
1368 401 1564 464 αὐτοὺς
1589 398 1724 456 εἶναι

1829 396 1928 456 eos'
1957 401 2146 456 voluit.
2185 401 2356 457 Porro
2401 409 2578 455 autem
2615 401 3060 468 contestabatur",
3119 403 3232 459 haec
3285 402 3391 462 illis

141 493 484 564 βουλόμενος.
519 490 703 544 Ταῦτα
733 488 1152 561 διεμαρτύρατο,
1183 491 1259 554 ώς
1274 491 1340 544 ἂν
1368 491 1476 546 τῶν
1501 495 1564 546 ἐκ
1586 494 1720 548 Θεοῦ

137 585 389 656 δομάτων
413 582 585 654 ταύτῃ
612 600 686 653 πη
718 583 902 645 αὐτοῖς
925 581 1320 653 δοθησομένων,
1355 586 1403 637 εί
1436 587 1530 639 καὶ
1571 587 1724 640 αὐτοὶ

138 679 273 747 παρ’
307 675 516 728 ἐαυτῶν
547 675 638 727 τὸν
669 673 1001 745 κατάλληλον
1057 674 1168 744 βίον
1225 677 1446 742 ἐπάξιον
1483 679 1583 750 τῆς
1616 680 1724 735 τῶν

140 767 304 820 θείων
333 768 686 837 χαρισμάτων
725 767 971 837 κτήσεως
1018 770 1490 838 παρασκευάζοιεν
1516 789 1530 804 ·
1553 791 1722 846 προσ-

139 861 298 931 ήκειν
359 861 468 930 γάρ
499 858 734 929 ἀμοιϐήν
758 875 879 912 τινα
907 859 1235 931 ποιήσασθαι
1261 862 1356 915 καὶ
1402 863 1726 919 ἀντικαταλ-

140 950 428 1016 λάξασθαι,
453 949 874 1020 ὑποδεχομένους
911 953 1007 1020 μὲν
1043 951 1194 1022 παρά
1215 952 1309 1005 τοῦ
1335 953 1468 1008 Θεοῦ
1498 956 1597 1019 τὰς
1623 974 1727 1010 σω-

139 1044 367 1114 τηρίους
387 1043 482 1096 καὶ
504 1042 859 1112 εὐεργετικάς
881 1041 1184 1112 ἀνθρώπων
1212 1043 1488 1115 δυνάμεις,
1530 1048 1726 1102 ἀντιδι-

141 1134 324 1198 δόντες
357 1135 414 1187 δέ
445 1133 594 1205 αὐτῷ
619 1135 865 1205 ὑπακοὴν
893 1133 1001 1188 τῶν
1024 1135 1190 1188 αὑτοῦ
1221 1138 1722 1210 παραγγελμάτων.

145 1227 459 1300 προθυμίαν
487 1243 547 1279 τε
573 1226 666 1279 καὶ
697 1226 1015 1297 προαίρεσιν
1059 1225 1347 1296 ἐλευθέραν
1370 1228 1472 1298 τῆς
1501 1230 1639 1301 πρὸς
1659 1231 1727 1284 τά

146 1317 378 1386 βιωτικά
431 1314 793 1386 συμπαθείας.
841 1315 1001 1368 Ἀλλά
1047 1318 1143 1370 καὶ
1205 1317 1432 1372 πλοῦτον
1480 1319 1726 1391 οὐράνιον

142 1411 265 1471 ταῖς
289 1407 470 1462 αὐτῶν
506 1407 705 1477 ψυχαῖς
744 1407 1190 1478 ὑποδεχομένους,
1227 1409 1326 1479 τῆς
1366 1427 1425 1463 τε
1464 1411 1558 1464 τοῦ
1593 1413 1726 1467 Θεοῦ

145 1501 428 1569 βασιλείας
455 1499 766 1572 ἀρραϐῶσιν
815 1500 1264 1572 ἐφοδιαζομένους
1285 1542 1299 1565 ,
1323 1502 1432 1556 τῶν
1483 1504 1577 1557 ἐπὶ
1623 1505 1730 1575 γῆς

142 1597 506 1664 καταφρονεῖν
523 1597 717 1664 χρῆναι
749 1593 858 1646 δεῖν
879 1590 1016 1663 ᾤετο
1032 1611 1045 1625 ο
1075 1595 1170 1647 καὶ
1190 1595 1327 1665 μήτε
1347 1596 1568 1666 χρυσὸν,
1593 1599 1728 1669 μήτε

143 1686 428 1755 χρήματα,
463 1687 600 1755 μήτε
627 1701 680 1736 τι
708 1683 817 1736 τῶν
857 1687 991 1756 παρ’
1023 1685 1331 1757 ἀνθρώποις
1380 1687 1574 1758 τιμίων
1628 1690 1728 1743 ἐπ-

1825 509 1854 547 a
1897 493 2006 549 Deo
2052 494 2234 548 datum
2271 493 2333 546 iri
2365 493 2524 558 dona,
2555 492 2600 547 si
2634 493 2872 548 vicissim
2909 495 3008 563 ipsi
3041 494 3255 565 dignam
3307 501 3391 553 di-

1825 585 1964 638 vinis
1987 585 2407 638 charismatibus
2436 584 2597 636 vitam
2629 595 2808 638 essent
2841 584 3096 653 ingressi.
3125 585 3391 657 Oportero

1823 673 1965 727 enim
2001 681 2242 725 mutuam
2270 673 2558 741 quamdam
2587 687 2708 726 esse
2737 675 3168 740 retributionem,
3199 694 3392 748 nempe

1825 779 1854 816 a
1895 763 2004 817 Deo
2036 765 2282 831 accipere
2311 763 2604 818 salutarem
2639 775 2802 834 atque
2826 766 3124 820 beneficam
3157 770 3392 825 homini-

1823 852 1926 907 bus
1978 861 2344 921 potestatem,
2403 854 2753 924 vicissimque
2827 857 2970 926 ipsos
3026 859 3390 916 obedientiam

1827 942 2096 995 mandatis
2126 941 2244 1011 ejus
2271 943 2554 1007 exhibere,
2589 947 3068 1014 promptitudinem
3102 960 3158 1002 et
3191 964 3393 1019 propo-

1825 1031 1988 1087 situm
2021 1034 2168 1086 omni
2219 1034 2402 1088 mundi
2450 1033 2643 1088 ali‘ectu
2688 1036 2937 1091 liberum.
2969 1037 3074 1092 Sed
3121 1049 3178 1094 et
3228 1043 3394 1097 cmic-

1824 1124 1999 1180 stibus
2047 1127 2242 1194 opibus
2299 1127 2480 1181 animo
2531 1127 2796 1194 imbutos,
2851 1139 2907 1185 et
2967 1133 3116 1199 regni
3171 1134 3262 1188 Dei
3304 1151 3394 1189 ar-

1826 1218 1942 1273 rhis
1984 1219 2305 1285 instructos,
2339 1228 2592 1288 oportere
2616 1229 2834 1276 terrena
2874 1222 3156 1293 despicere
3183 1227 3395 1294 judica-

1828 1313 1959 1367 bat:
2011 1329 2186 1384 neque
2237 1297 2451 1379 aurum,
2510 1329 2685 1384 neque
2745 1316 2966 1372 divitias
3024 1334 3197 1386 neque
3247 1320 3394 1375 aliud

1827 1405 2044 1473 quidvis
2074 1405 2213 1475 apud
2247 1406 2495 1460 homines
2541 1407 2841 1475 pretiosum
2888 1410 3038 1478 pensi
3083 1411 3389 1467 habendum

1827 1509 1937 1563 pra:
1962 1495 2162 1549 collato
2196 1496 2326 1564 ipsis
2349 1497 2610 1551 caelorum
2648 1499 2924 1555 thesauro.
2961 1501 3066 1554 Sed
3097 1513 3152 1556 et
3195 1505 3394 1560 milites

1830 1585 2046 1639 eosdem
2083 1588 2233 1656 regni
2278 1587 2372 1642 Dei
2399 1588 2781 1655 conscribens,
2823 1592 3103 1658 expeditos
3145 1608 3265 1648 esse
3297 1611 3394 1648 eu-

1832 1679 1987 1734 rabat
2041 1681 2107 1733 ad
2161 1682 2604 1736 committendum
2651 1697 2775 1737 cum
2827 1686 3074 1740 hostibus
3119 1688 3390 1755 proelium.

142 1776 295 1843 ἀξιον
327 1776 582 1847 ἡγεῖσθαι
627 1775 722 1829 τοῦ
754 1775 1192 1847 παρασχεθέντος
1241 1779 1424 1842 αὐτοῖς
1476 1781 1724 1851 οὐρανίου

1829 1767 2122 1837 Propterea
2147 1769 2265 1825 sine
2287 1772 2614 1838 patrimonio
2629 1786 2750 1826 esse
2766 1773 2978 1829 volebat
3003 1776 3201 1833 milites
3226 1794 3387 1835 suos:

139 1869 395 1922 πλούτου.
445 1868 604 1922 Ἀλλά
633 1870 726 1922 καὶ
749 1868 1086 1939 στρατιώτας
1119 1871 1317 1933 αὐτοὺς
1341 1871 1439 1942 τῆς
1463 1872 1556 1925 τοῦ
1584 1873 1719 1927 Θεοῦ

139 1962 420 2031 βασιλείας
449 1961 746 2023 ἀποτελῶν,
775 1959 1043 2025 εὐζώνους
1071 1961 1482 2032 παρεσκεύαζεν
1509 1965 1599 2019 ἐπὶ
1630 1967 1722 2020 τὸν

1825 1858 2020 1913 etenim
2059 1860 2224 1913 Nemo
2262 1861 2498 1914 militans
2538 1861 2770 1930 implicat
2809 1880 2862 1918 se
2917 1867 3098 1921 mundi
3134 1871 3390 1938 negotiis,

1828 1959 1884 2003 ut
1915 1951 1983 2015 ei,
2017 1967 2050 2004 α
2077 1967 2177 2021 quo
2211 1954 2535 2022 conscriptus
2562 1955 2690 2024 fuit,
2723 1955 2926 2024 placeat
2955 1958 3024 2015 "°.

144 2057 286 2125 πρὸς
333 2057 462 2119 τοὺς
511 2055 919 2126 ἀντικειμένους
951 2055 1206 2126 πόλεμον.
1258 2056 1356 2110 Διά
1416 2057 1586 2111 ταῦτα
1654 2061 1964 2134 ἀκτήμονας
2007 2061 2141 2120 εἶναι
2197 2067 2428 2140 παρῄνει
2469 2070 2594 2132 τοὺς
2644 2071 2804 2124 αὑτοῦ
2847 2074 3216 2144 στρατιώτας·
3273 2079 3394 2133 ἐπεὶ

143 2146 375 2217 Μηδεὶς
398 2148 875 2216 στρατευόμενος
905 2145 1264 2232 ἐμπλέκεται
1284 2148 1416 2215 ταῖς
1443 2150 1548 2204 τοῦ
1561 2152 1706 2215 ,βίου
1731 2157 2173 2225 πραγματείαις,
2202 2158 2301 2212 ἵνα
2321 2157 2400 2224 τῷ
2430 2162 2981 2230 στρατολογήσαντι
2998 2165 3212 2236 ἀρέσῃ.

217 2239 330 2294 Καὶ
355 2242 441 2304 εις
468 2237 550 2306 ἣν
577 2238 653 2292 ἂν
671 2240 869 2294 οὶκίαν·
901 2229 1242 2308 εἰσέλθητε,
1271 2240 1396 2294 ἐκεῖ
1420 2241 1654 2310 μένετε.

227 2331 290 2385 '0
324 2332 509 2402 μέντοι
538 2329 761 2401 Κύριος,
793 2331 979 2402 ἐπειδὴ
1021 2331 1319 2404 χρημάτων
1383 2334 1476 2387 καὶ
1525 2337 1724 2407 χρυσοῦ

137 2423 236 2477 καὶ
269 2423 511 2493 ἀργύρου
547 2423 641 2475 καὶ
671 2421 895 2493 χιτῶνος
924 2423 1198 2496 δευτέρου,
1233 2425 1414 2498 πάσης
1442 2445 1502 2481 τε
1548 2430 1726 2503 ὑπάρ-

135 2515 280 2582 ξεως
315 2516 416 2586 τὴν
451 2514 642 2585 κτῆσιν
676 2517 787 2579 τοῖς
828 2515 1096 2587 μαθηταῖς
1146 2518 1542 2591 ἀπηγόρευσεν,
1599 2522 1728 2593 ἑξῆς

135 2608 453 2671 ἀκολούθως
480 2607 623 2662 κατά
647 2607 741 2661 τὸν
769 2608 1062 2675 Ματθαῖον,
1097 2610 1242 2674 ὅπως
1259 2611 1329 2664 τὰ
1353 2612 1489 2683 πρὸς
1521 2614 1726 2686 τροφὴν

136 2703 328 2764 αὐτοῖς
362 2700 770 2772 πορισθήσεται,
796 2701 1110 2769 ἀναγκαίως
1135 2701 1380 2772 διεσάφει
1402 2719 1415 2733 ·
1438 2703 1518 2756 διὸ
1553 2705 1726 2776 ἐπῆγε

133 2792 316 2859 λέγων
338 2809 353 2823 ·
390 2791 584 2857 Ἄξιος
626 2795 659 2846 ό
698 2792 950 2862 ἐργάτης
978 2790 1087 2860 τῆς
1115 2793 1342 2862 τροφῆς
1380 2795 1587 2850 αὐτοῦ.
1615 2797 1726 2850 Καὶ

134 2885 286 2938 τοῦτ’
314 2873 469 2954 ἔλεγε
504 2885 708 2956 τροφῆς
766 2885 934 2956 μόνης
961 2886 1272 2957 ἐπιτρέπων
1314 2890 1590 2941 κοινωνεῖν
1615 2890 1728 2953 τοῖς

138 2977 419 3032 ἐθέλουσιν
462 2978 643 3039 αὐτοῖς
695 2976 1059 3048 μεταδιδόναι·
1115 2978 1369 3034 τοσοῦτον
1430 2981 1476 3034 δ’
1521 2981 1728 3049 ἀποφέ-

142 3069 334 3142 ρεσθαι
399 3067 710 3139 συνεχώρει,
739 3069 862 3121 ὅσον
911 3067 1182 3140 αὔταρκες
1231 3065 1300 3142 ἦν
1355 3070 1529 3142 ἀνδρὶ,
1587 3071 1728 3142 πρὸς

143 3164 424 3234 ἐφήμερον
446 3161 707 3232 ἐργασίαν
729 3160 919 3214 ἐαυτὸν
955 3161 1355 3232 μεμισθωκότι,
1385 3164 1593 3235 τροφῆς
1635 3181 1730 3235 με-

143 3255 424 3308 ταλαϐεῖν.
463 3251 618 3306 Οῦτω
650 3252 781 3320 γοῦν
812 3254 909 3306 καὶ
945 3257 1057 3316 τοῖς
1082 3254 1138 3308 δε
1171 3253 1370 3321 ἐξεῖναι
1398 3256 1459 3308 οὐ
1502 3255 1728 3327 μισθοὺς

144 3344 258 3398 τῶν
283 3343 613 3416 εὐεργεσιῶν
641 3344 1085 3416 εἰσπράττεσθαι,
1113 3346 1348 3414 Δωρεὰν
1370 3347 1502 3417 γὰρ,
1540 3350 1726 3420 φησιν,

143 3439 416 3501 ἐλάϐετε,
450 3437 676 3504 δωρεὰν
704 3436 868 3491 δότε·
901 3438 1022 3490 ἀντὶ
1053 3437 1110 3491 δὲ
1135 3438 1237 3509 τῆς
1290 3440 1420 3510 περὶ
1460 3439 1521 3492 τὸ
1557 3441 1730 3512 κήρυ-

1827 2249 1872 2280 ἰ
1894 2249 1959 2303 Ει
1989 2251 2043 2304 iu
2069 2267 2428 2320 quamcunque
2453 2253 2668 2306 domum
2697 2254 3034 2320 intraverilis,
3066 2257 3139 2310 ibi
3165 2269 3391 2313 manete.

1898 2344 2156 2400 Dominus
2184 2345 2398 2414 quidem
2423 2355 2706 2415 postquam
2736 2347 3042 2402 divitiarum
3077 2341 3270 2405 et'anri
3304 2363 3391 2405 at-

1827 2448 1934 2504 que
1965 2445 2200 2504 argenti,
2229 2434 2570 2504 duplicisque
2605 2437 2819 2504 tunicm,
2863 2447 2918 2493 et
2951 2439 3239 2508 cujuslibet
3264 2445 3393 2497 sub-

1827 2527 2039 2581 stantia:
2067 2528 2468 2596 possessionem
2519 2528 2796 2599 discipulis
2838 2541 3121 2598 vetuerat;
3175 2535 3391 2599 deinde,

1828 2628 1887 2674 ut
1917 2619 2163 2688 sequitur
2207 2618 2346 2688 apud
2376 2617 2684 2674 Matthzeum
2711 2622 2780 2688 τ’,
2823 2627 3091 2690 quomodo
3135 2625 3390 2680 alimenta
3484 2677 3486 2679 ,

1830 2710 2068 2764 habituri
2109 2709 2239 2773 sint,
2269 2710 2579 2764 necessario
2607 2710 3015 2765 demonstravit.
3056 2713 3177 2767 Ideo
3209 2716 3391 2769 dicere

1828 2802 2106 2873 perrexit:
2163 2801 2362 2872 Dignus
2383 2811 2458 2856 est
2486 2803 2756 2872 operarius
2795 2802 3042 2858 alimento
3085 2821 3195 2858 suo.
3227 2804 3392 2874 idque

1828 2896 2028 2960 aiebat,
2065 2895 2252 2950 volens
2288 2896 2602 2952 alimoniam
2645 2899 3021 2951 tantummodo
3066 2897 3394 2966 participare

1828 2985 1895 3040 ab
1926 2985 1992 3042 iis
2018 2985 2109 3056 qui
2140 2986 2318 3041 daturi
2348 2995 2543 3041 erant:
2583 2996 2898 3054 tantumque
2923 3000 3135 3041 sumere
3171 2988 3394 3055 permit-

1831 3075 2014 3138 tebat,
2052 3083 2315 3143 quantum
2346 3075 2668 3129 nutrimenti
2708 3075 2913 3129 homini
2943 3075 3012 3129 ob
3044 3075 3220 3130 diurni
3257 3092 3392 3146 ope-

1829 3166 1908 3220 ris
1941 3167 2244 3221 mercedem
2283 3167 2417 3223 satis
2443 3176 2526 3222 est
2553 3169 2822 3238 accipere.
2857 3168 2949 3224 Sic
2973 3183 3101 3239 ergo
3147 3170 3230 3224 his
3256 3187 3395 3241 quo-

1829 3269 1934 3324 que
1991 3254 2158 3311 licere
2206 3255 2348 3311 haud
2408 3271 2542 3312 sane
2593 3258 2840 3313 beneﬁcii
2900 3264 3393 3318 remunerationem

1830 3348 2068 3419 exigere,
2096 3347 2274 3404 Gratis
2299 3349 2437 3403 enim
2462 3349 2751 3416 accepistis,
2794 3349 2990 3418 inquit,
3033 3354 3198 3422 gratis
3230 3355 3352 3407 date
3370 3371 3394 3420 ,-

1833 3441 1927 3496 sed
1966 3455 2064 3510 pro
2105 3439 2348 3509 impensa
2381 3439 2780 3509 praedicationis
2811 3455 2995 3510 Opera,
3034 3458 3240 3512 proque
3269 3461 3390 3500 cor-

144 3547 265 3601 γμα
294 3529 492 3601 σχολῆς
516 3545 575 3582 τε
592 3528 687 3582 καὶ
708 3530 987 3601 ἐργασίας,
1015 3529 1135 3584 ἀντί
1165 3547 1225 3584 τε
1261 3530 1370 3585 τῶν
1400 3530 1578 3586 πόνων
1633 3531 1724 3585 τοῦ

1830 3531 2107 3602 poralibus
2136 3531 2434 3597 laboribus,
2464 3545 2598 3600 quos
2617 3532 2686 3586 ab
2709 3531 2775 3586 iis
2803 3532 3067 3586 exantlari
3093 3534 3146 3587 in
3183 3543 3388 3590 tantam

150 3623 427 3694 σώματος,
461 3621 554 3685 οὓς
582 3621 852 3693 τοσαύτην
886 3622 1268 3693 στελλομένους
1321 3623 1546 3695 πορείαν
1579 3624 1726 3688 είκδς

144 3711 215 3788 ἦν
265 3713 558 3784 ὑπομένειν
606 3713 821 3778 αὐτοὺς,
854 3713 1022 3786 μόνης
1047 3715 1252 3786 τροφῆς
1276 3717 1376 3787 τῆς
1422 3717 1727 3784 ἀναγκαίας

145 3809 346 3878 χρῆναι
385 3805 814 3876 μεταλαμϐάνειν
839 3823 853 3836 ·
884 3807 979 3860 καὶ
1004 3806 1205 3878 ταύτης
1241 3806 1316 3878 μὴ
1344 3810 1456 3871 τοῖς
1503 3809 1726 3880 τυχοῦσι

148 3902 448 3962 κοινωνεῖν,
478 3897 610 3969 μηδὲ
633 3896 782 3968 παρὰ
805 3897 910 3950 τῶν
934 3899 1192 3968 παρέχειν
1216 3898 1504 3952 ἐθελόντων
1527 3899 1728 3954 ἀϐασα-

145 3992 348 4054 νίστως
396 3988 714 4059 λαμϐάνειν,
763 3989 956 4060 μόνους
1011 3989 1068 4042 δὲ
1116 3991 1238 4054 τοὺς
1271 3987 1452 4054 ἀξίους
1471 3993 1537 4062 τῇ
1567 3990 1727 4062 λήψει

144 4085 350 4155 τιμᾷν·
378 4077 460 4145 οἷς
488 4082 580 4134 καὶ⁸
628 4080 888 4151 μεγίστην
921 4080 1154 4152 ἀμοιὸῆν
1190 4081 1290 4152 τῆς
1335 4081 1540 4153 τροφῆς
1592 4099 1727 4152 προ-

144 4176 211 4230 λα
220 4175 527 4247 μὸάνοντας
549 4173 884 4239 ἀντιδιδόναι,
910 4174 1131 4244 εἰρήνην
1157 4173 1338 4237 αὐτοῖς
1369 4166 1461 4227 καὶ
1492 4173 1590 4237 τὰς
1632 4172 1724 4227 τοῦ

141 4266 281 4320 Θεοῦ
314 4265 606 4334 διαλλαγάς
635 4263 1171 4335 εύαγγελιζομένους.
1199 4265 1384 4319 Ταῦτα
1415 4266 1460 4319 δ’
1499 4265 1724 4320 ἀκολού-

143 4360 256 4423 θως
284 4361 398 4421 τοῖς
422 4358 520 4428 τῆς
551 4357 716 4410 αὑτοῦ
745 4356 1022 4427 βασιλείας
1053 4355 1412 4429 στρατιώταις
1457 4357 1722 4430 παρῄνει·

140 4447 705 4522 προμαρτυρούμενος
739 4447 812 4519 μὴ
843 4448 1140 4520 χρημάτων
1175 4449 1444 4518 ἐφίεσθαι,
1479 4451 1613 4521 μηδέ
1646 4467 1727 4504 τι-

139 4559 232 4607 νος
284 4542 344 4594 τὸ
393 4540 654 4612 παράπαν
703 4541 982 4610 κτήματος
1032 4541 1228 4613 μικροῦ
1267 4542 1300 4613 ἢ
1356 4541 1616 4612 μεγάλου,
1645 4544 1727 4607 είς

141 4635 314 4707 ἄκρον
345 4633 392 4686 δ’
435 4631 678 4704 ἐλαύνειν
725 4633 1136 4704 ἀκτημοσύνης·
1176 4634 1277 4704 τῆς
1327 4650 1386 4687 τε
1450 4633 1724 4707 ἐφημέρου

139 4727 352 4799 τροφῆς
381 4725 455 4797 μὴ
478 4728 591 4789 τοῖς
617 4725 804 4786 πᾶσιν,
829 4725 862 4797 ἢ
891 4728 1003 4788 τοῖς
1027 4725 1196 4791 ἀξίοις
1226 4726 1406 4796 μόνοις
1430 4728 1720 4779 κοινωνεῖν·

143 4822 239 4873 καὶ
283 4818 419 4891 μηδὲ
458 4817 609 4887 παρά
632 4817 836 4872 τούτων
865 4819 1064 4888 προῖκα
1094 4816 1360 4870 ποιεῖσθαι
1414 4817 1513 4887 τὴν
1563 4816 1726 4888 μετά-

140 4910 338 4982 ληψιν,
390 4909 847 4981 προδανείσαντας
901 4909 958 4962 δὲ
1011 4909 1105 4962 καὶ
1149 4909 1721 4980 προευεργετήσαντας

139 5005 262 5066 ταῖς
286 5004 418 5072 παρ’
442 5001 649 5055 ἑαυτῶν
683 4999 974 5071 εὐλογίαις.
1005 5034 1075 5042 -
1097 4999 1446 5072 Περιφράξας
1471 5001 1595 5063 τοὺς
1627 5017 1726 5071 μα·

1827 3623 2222 3693 expeditionem
2259 3621 2438 3677 missis
2467 3636 2599 3690 opus
2635 3631 2772 3688 erat,
2802 3623 2946 3677 aliud
2979 3624 3108 3678 nihil
3140 3638 3392 3695 oportere

1829 3728 1990 3782 quam
2020 3712 2379 3768 necessariam
2412 3712 2720 3767 alimoniam
2749 3714 3024 3783 accipere:
3061 3724 3224 3784 atque
3250 3716 3392 3772 hanc

1832 3806 2006 3876 ipsam
2057 3820 2167 3859 non
2212 3803 2280 3859 ab
2325 3806 2576 3861 omnibus
2623 3803 2992 3860 indifferenter
3037 3820 3255 3862 sumere
3298 3809 3389 3877 qui

1829 3898 1958 3953 dare
2001 3897 2220 3963 vellent,
2249 3897 2343 3952 sed
2375 3912 2469 3954 eos
2504 3897 2875 3951 tantummodo
2905 3898 3005 3954 hac
3038 3900 3277 3954 muneris
3310 3915 3396 3956 ac-

1827 3989 2080 4058 ceptione
2136 3989 2409 4044 honorare
2456 3989 2548 4058 qui
2593 3989 2736 4057 digni
2784 3998 2992 4056 essent,
3032 4000 3090 4045 et
3140 3990 3232 4061 qui
3276 4007 3395 4046 ma-

1829 4082 2031 4135 ximam
2069 4080 2180 4150 jam
2214 4081 2436 4151 j'pridem
2468 4081 2577 4136 dati
2617 4081 2724 4135 cibi
2773 4083 3263 4138 remunerationem
3301 4100 3395 4139 ac-

1827 4171 2102 4240 cepissent
2148 4170 2216 4224 ab
2257 4170 2326 4226 iis
2373 4169 2463 4239 qui
2505 4185 2691 4240 pacem
2721 4179 2775 4226 et
2822 4187 2944 4226 cum
2994 4173 3102 4229 Deo
3147 4177 3394 4230 reconci—

1827 4261 2103 4317 liationem
2134 4262 2530 4333 evangelizant.
2560 4260 2684 4318 liceo
2741 4274 3103 4319 consentanea
3135 4266 3281 4336 regni
3308 4267 3395 4322 sui

1829 4355 2098 4410 militibus
2156 4357 2447 4422 monebat;
2491 4363 2717 4412 testatus
2755 4363 2950 4421 antea,
2987 4372 3093 4411 non
3140 4370 3394 4426 oportere

1827 4445 2020 4514 Opibus
2048 4445 2278 4512 inhiare,
2325 4459 2422 4500 nec
2453 4444 2740 4512 cujuslibet
2767 4448 2989 4502 omnino
3022 4447 3139 4503 sive
3180 4463 3393 4518 magna}

1831 4537 1946 4591 sive
1978 4537 2158 4591 tenuis
2195 4537 2274 4590 rei
2310 4538 2637 4607 possessioni
2666 4553 2682 4603 ;
2716 4538 2810 4592 sed
2840 4547 3205 4608 paupertatem
3239 4555 3392 4594 sum-

1828 4645 1971 4686 mam
2002 4632 2220 4687 sectari.
2247 4628 2388 4697 Quin
2428 4630 2582 4694 adeo,
2610 4638 2669 4684 ut
2712 4630 2980 4695 diximus,
3023 4645 3090 4685 ne
3125 4632 3394 4700 quotidia-

1829 4737 1957 4777 num
1989 4722 2206 4791 quidem
2249 4722 2450 4777 victum
2479 4721 2549 4776 ab
2575 4718 2824 4776 omnibus
2862 4721 3255 4787 indifferenter,
3297 4725 3392 4779 sed

1829 4827 1860 4867 a
1902 4813 2079 4884 dignis
2121 4822 2327 4868 tantum
2380 4813 2753 4883 participare;
2794 4827 2972 4883 neque
3020 4813 3164 4868 hunc
3214 4813 3390 4882 ipsum

1827 4906 2093 4976 gratuito.
2125 4905 2220 4961 sed
2252 4919 2417 4975 opera
2452 4906 2505 4960 in
2533 4913 2874 4959 anzecessum
2905 4905 3164 4974 prastita,
3203 4914 3260 4959 et
3299 4907 3393 4959 im-

1828 4998 2043 5068 pertitis
2080 4999 2194 5053 suis
2220 5014 2346 5068 erga
2389 4997 2512 5052 illos
2543 4985 3028 5053 benedictionibus.
3053 5023 3122 5035 —
3153 4993 3246 5050 Sic
3295 4997 3392 5049 ita-

142 5093 313 5165 θητάς
336 5096 366 5147 ὁ
394 5092 600 5165 Κύριος
634 5092 837 5158 ἐνθέοις
867 5093 1124 5166 δυνάμεσι
1147 5093 1241 5147 καὶ
1272 5095 1384 5156 τοῖς
1411 5092 1720 5162 φιλοσόφοις

1829 5107 1935 5162 que
1964 5107 2196 5162 superna
2244 5092 2484 5161 potentia
2515 5102 2570 5148 et
2618 5091 2953 5162 sapientibus
2999 5089 3391 5144 adhortationi-

141 5189 552 5260 παραινέσεσιν,
587 5187 852 5253 εὐζώνους
884 5188 1081 5251 αὐτοὺς
1112 5183 1199 5241 οἷα
1252 5186 1386 5240 Θεοῦ
1447 5185 1722 5256 βασιλείας

1829 5186 1930 5240 bus
1969 5185 2332 5240 communitos
2373 5185 2684 5255 discipulos,
2732 5182 3116 5252 expeditosque
3152 5179 3264 5248 jam
3297 5180 3390 5235 Dei

144 5283 484 5352 στρατιώτας
525 5280 976 5352 ἀπεργασάμενος
1023 5280 1316 5352 ἐξέπεμψε,
1373 5279 1722 5343 διδασκάλους

1829 5274 1981 5345 regni
2022 5273 2219 5329 milites
2247 5275 2594 5340 constitutos,
2649 5271 2798 5326 misit
2851 5286 2945 5326 eos
2992 5270 3282 5338 magistros
3327 5285 3392 5323 ac

139 5371 233 5426 καὶ
258 5374 478 5444 ίατροὺς
501 5375 614 5436 τοῖς
651 5371 942 5435 Ἰουδαίοις,
974 5370 1180 5442 μυρίων
1210 5371 1390 5434 αὐτοῖς
1428 5370 1716 5439 ἐσομένους

1829 5367 2060 5422 medicos
2102 5365 2171 5420 ad
2213 5365 2447 5430 Judazos,
2487 5373 2545 5420 ut
2587 5365 2674 5419 his
2717 5361 3189 5418 innumerabilium
3221 5362 3393 5416 bono-

141 5463 363 5532 ἀγαθῶν
399 5464 692 5537 προξένους
719 5466 813 5518 καὶ
840 5465 1106 5534 κήρυκας.
1139 5465 1200 5517 Οἱ
1249 5463 1306 5516 δὲ
1347 5463 1486 5516 κατὰ
1543 5461 1718 5515 ταῦτα

1829 5473 1945 5512 rum
1980 5457 2154 5512 nuntii
2207 5466 2388 5512 essent
2416 5465 2579 5526 atque
2607 5456 2844 5509 datores.
2894 5451 2957 5507 Ili
2992 5467 3118 5507 vero
3158 5452 3231 5506 ita
3265 5466 3392 5522 ege-

141 5556 378 5621 ὲποίουν,
409 5557 506 5610 καὶ
539 5554 813 5627 πανταχοῦ
848 5553 1160 5627 περιῄεσαν,
1189 5553 1262 5619 ώς
1289 5554 1388 5625 μὲν
1411 5553 1718 5608 διδάσκαλοι

1829 5560 1985 5618 runt,
2034 5560 2089 5607 et
2134 5563 2540 5621 quaquerersus
2594 5547 2962 5603 discurrentes
2996 5561 3094 5604 ceu
3147 5543 3390 5617 magistri

213 5739 262 5770 "
293 5737 333 5792 ll
360 5737 503 5795 Tim.
535 5755 594 5808 ll,
626 5740 710 5795 l0.
783 5740 825 5772 τί
851 5753 972 5809 cap.
1017 5754 1092 5807 Ix,
1119 5738 1171 5793 4.
1243 5739 1286 5770 τ’
1315 5735 1500 5793 Matth.
1529 5751 1582 5803 ι,
1616 5734 1696 5791 10.
