3858 6214
491 345 599 403 547

1161 338 1430 394 EUSEBll
1469 335 1948 392 CJESARIE‘NSIS
1981 335 2132 394 OPP.
2174 339 2355 394 PARS
2395 339 2484 394 lll.
2523 367 2590 378 —
2627 338 3040 395 EXEGETICA.

3650 342 3766 396 5‘18

490 453 958 525 evangelizabant,
992 465 1092 506 ceu
1143 451 1334 504 medici
1375 449 1661 512 sanabant,
1692 458 1747 502 et
1788 464 2049 505 sermone:

2168 452 2660 523 εὐαγγελιζόμενοι.
2687 451 2760 516 ὼς
2785 452 2842 505 δὲ
2873 452 3045 523 ἰατροὶ
3069 449 3486 522 θεραπεύοντες,
3507 451 3602 504 καὶ
3627 457 3766 518 τοὺς

493 563 620 604 suos
663 547 916 615 operibus
951 545 1332 612 miraculisque
1361 541 1781 597 conﬁrmabant.

630 680 676 713 ⁷³
709 680 922 733 Audiuit
961 691 1133 730 autem
1181 676 1413 730 Herodes
1455 681 1714 732 (errare/ta
1745 680 1922 733 omnia

1002 765 1118 816 qua?
1141 749 1334 816 ﬁebant
1376 750 1439 801 ab
1466 765 1548 804 eo.

565 885 675 941 Sub
714 883 1024 939 Servatoris
1057 883 1344 936 adventum
1388 882 1498 951 jam
1529 884 1850 940 dissolutum
1887 886 2066 942 fuerat

489 973 690 1033 Iudicis
737 976 938 1027 avitum
988 988 1233 1042 regnum,
1279 971 1599 1026 dissolutum
1631 975 1798 1027 etiam
1843 977 2063 1044 proprio

486 1067 607 1134 jure
649 1066 862 1119 vivendi
919 1064 1281 1133 privilegium,
1327 1072 1380 1116 et
1422 1063 1670 1130 libertas,
1711 1079 1774 1118 ac
1820 1067 2064 1134 regulare

492 1158 873 1210 sacerdotium.
924 1154 990 1207 Et
1038 1153 1261 1224 legitimi
1311 1154 1532 1222 quidem
1600 1155 1870 1224 principes
1931 1156 2060 1209 nulli

442 1301 450 1310 ,
491 1259 666 1310 erant,
715 1248 806 1301 sed
847 1247 1091 1302 Herodes
1121 1246 1346 1316 ejusque
1394 1247 1546 1301 liberi
1593 1247 1860 1316 Agrippas
1899 1256 2063 1316 atque

489 1339 807 1402 Archelaus,
832 1353 1029 1408 genere
1057 1339 1323 1398 extranei.
1349 1353 1378 1392 a
1407 1338 1665 1392 Romanis
1693 1339 1982 1408 imperium
2005 1341 2058 1392 in

485 1429 703 1488 Iudaeos
734 1441 1097 1500 acceperant;
1141 1445 1370 1501 quorum
1416 1431 1564 1500 regio
1612 1431 1663 1484 in
1710 1431 2058 1485 tetrarchiam

488 1524 663 1580 fuerat
707 1526 914 1591 divisa,
963 1534 1181 1592 totaque
1222 1537 1356 1593 gens
1400 1521 1664 1576 Romanis
1694 1532 1813 1576 erat
1859 1524 2061 1592 stipen-

489 1617 680 1676 diaria.
715 1617 1078 1684 quaestoribus
1110 1629 1330 1668 censum
1367 1628 1464 1682 per
1498 1614 1704 1684 singula
1733 1615 1911 1682 capita
1947 1625 2053 1668 sta-

488 1717 603 1759 tuto
639 1715 882 1775 tempore
917 1706 1257 1774 exigentibus
1292 1705 1510 1759 militari
1539 1720 1724 1758 manu.
1761 1703 2054 1773 Propterea

2170 545 2360 614 λόγους
2386 545 2472 597 διὰ
2496 544 2603 597 τῶν
2636 543 2812 615 ἔργων
2840 543 2935 596 καὶ
2969 543 3077 595 τῶν
3107 542 3352 613 σημείων
3379 543 3760 614 πιστούμενοι.

2172 677 2428 730 Ἤκουσε
2456 674 2524 728 δὲ
2545 674 2804 764 Ἡρώδης.
2832 679 2864 730 ὀ
2891 675 3215 757 τετρᾴρχης
3240 677 3313 728 τὰ
3340 677 3624 744 γινόμενα
3650 677 3763 730 ὑπ’

2737 763 2924 800 αυτου
2957 763 3173 799 παντα.

2245 881 2368 934 Ἐπὶ
2412 880 2514 951 τῆς
2571 879 2873 950 παρουσίας
2921 878 3016 931 τοῦ
3069 880 3354 950 Σωτῆρος,
3406 879 3592 932 λέλυτο
3652 879 3760 949 μὲν

2176 972 2448 1034 Ἰουδαίοις
2472 972 2571 1043 ῆδη
2596 971 2779 1024 λοιπὸν
2806 972 2873 1023 τὰ
2894 971 2991 1041 τῆς
3017 971 3082 1024 ἐκ
3114 970 3394 1040 προγόνων
3429 970 3718 1040 βασιλείας
3741 987 3758 1001 ο

2164 1065 2352 1118 λέλυτο
2401 1064 2459 1116 δέ
2513 1063 2582 1116 τά
2632 1064 2732 1131 τῆς
2760 1062 3084 1133 αὐτονομίας
3113 1063 3206 1115 καὶ
3231 1061 3559 1134 ἐλευθερίας,
3589 1065 3663 1118 τά
3693 1081 3759 1116 τε

2159 1154 2260 1224 τῆς
2287 1152 2546 1223 ἐνθέσμου
2576 1153 2892 1223 ἱερωσύνης.
2919 1151 3030 1204 Καὶ
3049 1153 3096 1203 οἱ
3134 1152 3229 1221 μὲν
3257 1151 3397 1204 κατά
3421 1151 3616 1221 νόμους
3647 1153 3758 1225 ἄρ⁹

2161 1260 2346 1312 χοντες
2369 1243 2548 1296 οὐκέτι
2579 1239 2717 1313 ἦσαν
2742 1244 2956 1305 αὐτοῖς*
3006 1241 3252 1313 Ἡρώδης
3284 1241 3340 1294 δὲ
3379 1243 3474 1295 καὶ
3526 1245 3575 1296 oi
3615 1244 3758 1296 τούο

2159 1356 2254 1392 του
2286 1340 2472 1401 παῖδες
2516 1339 2819 1409 Ἀγρίππας
2840 1339 2935 1392 καὶ
2975 1338 3288 1410 Ἀρχέλαος,
3315 1338 3377 1390 τὸ
3401 1337 3560 1405 γένος
3581 1335 3757 1388 ἁλλὸο

2161 1431 2333 1499 φυλοι,
2361 1431 2512 1503 παρά
2548 1432 2833 1503 Ῥωμαίων
2865 1433 2965 1504 τὴν
3007 1432 3126 1484 κατ’
3172 1429 3350 1484 αὐτῶν
3393 1426 3533 1502 ἦσαν
3568 1429 3758 1499 ἀρχὴν

2159 1523 2624 1594 ἐγκεχειρισμένοι
2645 1541 2659 1554 ’
2691 1523 2914 1594 διῄρητό
2939 1540 2996 1575 τε
3027 1525 3106 1585 είς
3144 1521 3470 1593 τετραρχίαν
3507 1523 3540 1591 ὴ
3581 1519 3756 1590 χώρα

2157 1616 2362 1670 αὐτῶν·
2391 1616 2452 1668 τό
2487 1633 2545 1668 τε
2593 1619 2700 1670 πᾶν
2731 1617 2882 1679 ἔθνος
2918 1616 3188 1687 ὑπόφορον
3218 1615 3564 1687 καθειστήκει
3599 1617 3754 1670 Ῥω·-

2162 1710 2361 1778 μαίοις,
2393 1709 2484 1761 τὸν
2519 1709 2715 1779 κῆνσον
2749 1708 2890 1763 κατά
2939 1707 3178 1779 κεφαλὴν
3229 1708 3538 1780 ἐπιτρόπων
3594 1709 3754 1762 κατά

487 1813 607 1850 cum
649 1798 739 1851 Dei
796 1811 1016 1865 regnum
1065 1795 1269 1850 Judzeis
1321 1797 1495 1865 primo
1543 1796 1838 1865 prmdicare
1886 1796 2049 1866 jussit

2153 1801 2377 1872 καιροὺς
2407 1800 2886 1870 εἰσπραττομένων
2918 1802 3016 1853 σὺν
3045 1801 3187 1872 χειρὶ
3210 1804 3595 1873 στρατιωτικῇ.
3618 1801 3748 1863 Διὸ,

485 1889 773 1958 discipulos
812 1904 958 1953 suos,
990 1899 1258 1955 pereuntes
1310 1904 1424 1942 oves
1469 1891 1659 1941 domus
1701 1888 1918 1942 lsraelis
1958 1888 2054 1944 Ju-

488 1983 631 2033 dwos
657 1981 937 2049 appellavit
969 1980 1036 2031 ⁷⁸.

2157 1889 2258 1958 τῆς
2284 1889 2377 1942 τοῦ
2406 1888 2540 1942 Θεοῦ
2568 1889 2837 1958 βασιλείας
2877 1890 2936 1943 τὸ
2973 1892 3235 1961 κήρυγμα
3275 1890 3510 1960 πρώτοις
3552 1892 3751 1954 αὐτοῖς

2159 1982 2513 2050 ἐπαγγέλλειν
2537 1983 2564 2035 ὀ
2599 1984 2790 2055 Σωτὴρ
2823 1987 2933 2046 τοῖς
2965 1983 3130 2037 αὑτοῦ
3161 1984 3434 2055 μαθηταῖς
3489 2003 3749 2054 παρακε-

483 2075 828 2146 λευσάμενος,
868 2075 1234 2129 ’ἀπολωλότα
1272 2077 1537 2142 πρόϐατα
1588 2073 1760 2128 οἴκου
1803 2075 2050 2143 Ἰσραὴλ
2085 2077 2284 2141 αὐτοὺς
2321 2079 2590 2150 ὠνόμασε.

481 2213 527 2247 ⁷⁸
555 2212 696 2268 Sam
728 2214 818 2282 qui
867 2211 1268 2282 nte'erubtteril,
1311 2222 1357 2263 et
1393 2227 1532 2265 meos
1573 2227 1870 2278 sermones,
1911 2213 2051 2265 hunc

890 2280 1064 2334 Filius
1099 2282 1324 2334 hominis
1367 2282 1650 2335 erubescet.

552 2396 646 2451 His
681 2393 975 2464 peroratis,
1015 2391 1155 2461 quod
1215 2405 1406 2460 nempe
1453 2390 1746 2460 discipulos
1777 2399 2052 2460 oporteret

481 2489 777 2544 imitatores
801 2485 971 2554 ipsius
1011 2484 1149 2546 ﬁeri,
1176 2499 1349 2550 neque
1378 2494 1603 2536 mortem
1641 2482 1922 2551 defugere,
1957 2499 2052 2538 ne-

480 2594 585 2650 que
631 2579 823 2631 anima:
867 2577 1093 2645 propriae
1119 2577 1348 2646 vitaeque
1380 2589 1602 2644 parcere
1645 2587 1866 2644 propter
1897 2591 2048 2645 spem

481 2672 533 2724 in
558 2671 770 2724 Christo
804 2669 1440 2732 collocutum,commode
1471 2669 1776 2732 continuat,
1799 2671 2048 2723 secunda:

480 2777 589 2816 suae
622 2761 812 2814 divina:
842 2759 1097 2830 mysteria
1135 2761 1373 2814 tradens"
1388 2759 1858 2815 maniis-stationis.
1886 2759 2048 2815 \‘alde

479 2865 656 2906 autem
702 2853 893 2906 idonee
927 2867 988 2906 ac
1039 2853 1347 2907 necessario
1396 2853 1510 2905 lucc
1564 2853 1740 2906 aiebat
1795 2853 1922 2915 illis,
1954 2853 2044 2922 qui

477 2947 749 2998 cruciatus
785 2944 901 3012 ejus
945 2959 1107 2998 causa
1153 2943 1383 2998 subituri
1430 2953 1619 3007 erant,
1659 2955 1711 2997 et
1767 2959 1938 3011 usque
1977 2945 2044 2997 ad

479 3045 702 3088 mortem
753 3035 1114 3094 decertaturi,
1160 3036 1377 3103 praemia
1424 3035 1632 3089 scilicet
1675 3037 1808 3089 tanti
1856 3037 2044 3103 agonis

479 3125 653 3180 futura
681 3142 1004 3195 proponens.
1035 3128 1181 3197 Opus
1219 3131 1366 3182 enim
1407 3138 1548 3191 erat,
1577 3138 1632 3180 ut
1662 3131 1753 3198 qui
1793 3143 1914 3182 emn
1955 3143 2042 3182 se-

2163 2218 2413 2297 '0¢~7-(‘tp
2445 2219 2823 2297 ἐπαισχυιίθῇ
2854 2219 3073 2297 ,ιω-καί
3101 2219 3240 2297 τοὺς
3263 2220 3453 2297 ἐμοὺς
3481 2222 3742 2297 βότρυς,

2189 2289 2407 2342 τοῦτον
2435 2293 2467 2343 ό
2497 2291 2627 2356 Υἱός
2648 2292 2754 2344 τοῦ
2774 2289 3090 2358 ἀνθρώπου
3118 2290 3700 2360 ἐπαισχυνθήσεται.

2217 2399 2553 2471 Διαλαλήσας
2582 2401 2651 2455 τὰ
2677 2403 2938 2473 εἰρημένα
2991 2404 3118 2476 περὶ
3149 2403 3242 2456 τοῦ
3271 2405 3381 2457 δεῖν
3417 2405 3511 2458 καὶ
3534 2407 3744 2471 αὐτοὺς

2159 2496 2398 2566 μιμητὰς
2431 2495 2592 2548 αὑτοῦ
2626 2497 2897 2565 γενέσθαι,
2938 2499 3031 2550 καὶ
3061 2497 3134 2567 μὴ
3165 2497 3384 2566 φεύγειν
3426 2499 3516 2550 τὸν
3572 2497 3744 2552 θάνα-

2153 2602 2264 2648 τον,
2291 2585 2525 2654 ἀφειδεῖν
2551 2587 2607 2640 δὲ
2641 2588 2734 2648 καὶ
2767 2591 2867 2656 της
2897 2587 3105 2640 ἑαυτῶν
3128 2589 3304 2658 ψυχῆς
3331 2605 3388 2641 τε
3441 2589 3534 2641 καὶ
3585 2591 3742 2658 ζωῆς

2153 2676 2338 2729 ἕνεκεν
2366 2677 2462 2748 τῆς
2492 2679 2569 2741 είς
2603 2679 2764 2731 αὐτὴν
2795 2679 3026 2744 ἐλπίδος,
3065 2681 3418 2734 ἐπισυναπτει
3461 2681 3740 2754 εὐκαίρως

2150 2769 2220 2823 τά
2251 2771 2376 2840 περὶ
2402 2772 2500 2841 τῆς
2524 2771 2784 2843 δευτέρας
2822 2772 2986 2825 αὑτοῦ
3025 2774 3342 2842 θεοφανείας
3363 2773 3473 2842 (55)
3504 2775 3740 2846 παραδι-

2151 2863 2275 2927 δοὺς
2319 2865 2496 2928 αὐτοῖς
2555 2867 2846 2936 μυστήρια.
2902 2866 3117 2937 Σφόδρα
3163 2867 3221 2919 δὲ
3277 2867 3586 2930 ἀκολούθως
3636 2870 3734 2921 καὶ

2149 2956 2462 3024 ἀναγκαίως
2501 2955 2670 3009 ταῦτα
2697 2956 2847 3025 ἔλεγε
2879 2959 2991 3020 τοῖς
3035 2957 3320 3028 μέλλουσιν
3377 2959 3518 3030 ὑπὲρ
3563 2959 3732 3012 αὐτοῦ

2145 3045 2233 3099 διὰ
2295 3047 2539 3116 βασάνων
2589 3053 2785 3120 χωρεῖν
2810 3089 2824 3113 ,
2867 3051 2961 3102 καὶ
3020 3049 3179 3121 μέχρι
3235 3049 3463 3104 θανάτου
3531 3053 3734 3120 ἀγωνί-

2147 3136 2355 3201 ζεσθαι,
2385 3139 2468 3202 τίς
2518 3139 2669 3192 ἔσται
2715 3142 2743 3193 ό
2793 3140 3004 3211 καρπὸς
3035 3141 3128 3194 τοῦ
3189 3141 3444 3194 τοσούτου
3517 3143 3731 3211 ἀγῶνος

476 3231 793 3290 querentur,
833 3218 1054 3288 ejusque
1081 3221 1306 3290 vestigia
1345 3229 1741 3289 premerent,et
1776 3223 2041 3289 propriam

2149 3229 2414 3300 παριστὰς
2433 3231 2634 3294 αὐτοῖς.
2672 3231 2817 3284 Ἔδει
2855 3232 2964 3304 γὰρ
3007 3232 3132 3295 τοὺς
3170 3232 3461 3302 μέλλοντας
3493 3233 3728 3287 ἕπεσθαι

475 3311 702 3379 quisque
751 3325 968 3362 crucem
1025 3317 1329 3373 sumerent,
1371 3319 1530 3378 prout
1575 3309 1694 3379 ejus
1739 3310 2041 3378 exemplum

473 3404 734 3467 docebat;
774 3411 1024 3456 accurate
1056 3417 1270 3470 quoque
1321 3412 1609 3456 noscerent
1661 3406 1907 3471 quisnam
1953 3403 2044 3455 de-

475 3509 619 3547 mum
657 3493 702 3546 is
737 3501 879 3546 esset
909 3491 1063 3561 cujus
1098 3507 1256 3546 causa
1294 3501 1371 3545 tot
1415 3501 1670 3560 tantaque
1702 3501 1882 3546 essent
1917 3507 2040 3557 pas-

471 3585 606 3638 suri.
636 3581 976 3653 TetnpeStive
1022 3594 1199 3636 autem
1247 3583 1443 3637 Filium
1492 3584 1729 3637 hominis
1773 3583 1875 3636 hoc
1922 3583 2041 3635 loco

471 3676 704 3744 appellat
745 3691 866 3730 eum
889 3676 976 3745 qui
1004 3685 1246 3738 venerat,
1282 3687 1340 3730 ut
1371 3676 1604 3730 Danielis
1637 3675 1949 3728 vaticiniqu
1986 3676 2038 3728 in

473 3779 703 3822 mentem
755 3779 1063 3833 revocaret,
1104 3768 1246 3837 quod
1290 3778 1375 3822 est
1410 3768 1710 3836 hujusmodi
1751 3784 1764 3818 :
1805 3765 1872 3820 Et
1925 3783 2040 3820 ecce

469 3855 642 3909 Filius
665 3857 888 3908 hominis
911 3857 1211 3909 adveniebat
1237 3856 1292 3909 in
1315 3857 1554 3919 nubibus,
1581 3867 1627 3909 et
1658 3873 1818 3926 usque
1839 3857 1906 3909 ad
1927 3857 2039 3909 An-

468 3949 671 4014 tiquam
704 3947 906 3998 dierum
930 3947 1178 4009 pervenit.
1205 3945 1272 3998 Et
1296 3949 1392 4015 ipsi
1418 3948 1601 3999 datum
1641 3957 1716 4000 est
1760 3948 2035 4016 imperium

467 4045 518 4089 et
539 4037 721 4099 honor,
745 4047 790 4087 et
826 4051 1041 4104 regnum
1061 4035 1129 4088 ⁷⁸.
1177 4035 1284 4089 Sed
1322 4051 1446 4090 cum
1486 4035 1674 4090 Petrus
1714 4037 1886 4104 ipsum
1913 4052 2035 4091 esse

467 4128 740 4180 Christum
772 4127 1054 4181 confessus
1104 4137 1216 4194 est,
1249 4139 1304 4182 et
1339 4128 1429 4182 Dei
1468 4129 1574 4181 vivi
1618 4127 1852 4193 Filium,
1876 4145 1940 4182 ex
1969 4145 2034 4184 eo

473 4230 711 4288 tempore
738 4222 899 4288 cmpit
941 4220 1045 4273 illis
1071 4220 1399 4288 signiﬁcare,
1437 4221 1604 4274 multa
1635 4235 1693 4274 se
1728 4221 1838 4290 pati
1873 4235 2033 4290 Opor-

469 4319 580 4364 tere
601 4319 653 4363 et
674 4310 867 4365 occidi.
903 4307 1036 4364 Cum
1073 4321 1250 4363 autem
1285 4310 1422 4363 idem
1451 4310 1642 4364 mortis
1664 4320 2032 4379 contemptum

467 4401 772 4468 imperaret,
798 4408 850 4455 et
882 4415 940 4453 se.
995 4401 1162 4454 multa
1194 4401 1302 4470 pati
1351 4400 1572 4465 debere,
1607 4412 1732 4457 tunc
1768 4417 1901 4456 sane
1937 4418 2030 4472 op-

2147 3316 2294 3388 αὐτῷ
2323 3320 2413 3370 καὶ
2443 3319 2616 3371 ὀπίσω
2640 3319 2804 3372 αὑτοῦ
2834 3321 3087 3384 ἀπιέναι,
3118 3321 3210 3374 τόν
3232 3338 3292 3374 τε
3331 3321 3461 3374 ἴδιον
3491 3324 3729 3394 σταυρὸν

2143 3409 2539 3480 ἀναλαμϐάνειν
2569 3410 2710 3464 κατά
2731 3413 2827 3483 τὴν
2867 3411 3030 3464 αὑτοῦ
3063 3412 3310 3482 μίμησιν,
3338 3413 3544 3480 γνῶναι
3565 3415 3731 3484 ἀκριο

2142 3500 2252 3564 ϐὡς
2271 3502 2323 3554 τί
2355 3503 2482 3554 ποτέ
2508 3503 2654 3555 ἐστιν
2681 3500 2833 3567 οὗτος
2865 3503 3006 3575 ὑπὲρ
3037 3499 3098 3557 οὗ
3119 3505 3186 3557 τὰ
3213 3503 3452 3558 τοσαῦτα
3493 3505 3728 3576 μέλλου-

2143 3610 2194 3645 σι
2219 3594 2462 3664 πάσχειν.
2497 3595 2782 3668 Εύκαίρως
2805 3596 2862 3649 δέ
2890 3596 3018 3649 Υἱὸν
3075 3595 3364 3666 ἀνθρώπου
3415 3601 3472 3650 ἐν
3509 3597 3729 3660 τούτοις

2138 3684 2227 3737 τὸν
2255 3685 2545 3756 ἐρχόμενον
2585 3687 2886 3758 ὠνόμασεν,
2944 3687 3022 3750 είς
3076 3686 3379 3757 ὑπόμνησιν
3431 3689 3530 3759 τῆς
3568 3690 3728 3760 παρὰ

2137 3776 2231 3829 τοῦ
2266 3777 2462 3849 Δανιὴλ
2490 3779 2842 3850 προφητείας,
2872 3778 2995 3848 ἥτις
3025 3777 3175 3846 ἔλεγε
3199 3795 3213 3808 ·
3251 3780 3364 3833 Καὶ
3401 3779 3529 3833 ἰδοὺ
3588 3782 3727 3845 Υἱὸς

2137 3868 2450 3938 ἀνθρώπων
2491 3870 2814 3938 ἐρχόμενος
2866 3865 2944 3940 ἦν
2977 3869 3076 3922 ἐπὶ
3128 3868 3245 3922 τῶν
3274 3869 3575 3938 νεφελῶν
3618 3871 3726 3923 καὶ

2135 3963 2244 4030 ἕως
2295 3962 2400 4017 τοῦ
2428 3963 2691 4017 Παλαιοῦ
2722 3961 2838 4016 τῶν
2871 3961 3104 4032 ἡμερῶν
3127 3963 3374 4031 ἔφθασε.
3409 3963 3519 4017 Καὶ
3554 3962 3725 4027 αὐτῷ

2134 4055 2308 4122 ἐδόθη
2347 4057 2382 4123 ὴ
2428 4054 2582 4123 ἀρχὴ
2616 4055 2714 4108 καὶ
2749 4055 2788 4122 ἡ
2820 4053 2956 4124 τιμὴ
2995 4053 3091 4107 καὶ
3125 4056 3163 4122 ἡ
3219 4053 3526 4118 βασιλεία.
3572 4052 3724 4105 Ἀλλ’

2134 4149 2224 4201 ὅτε
2253 4149 2352 4218 μὲν
2382 4151 2412 4201 ὁ
2465 4148 2668 4220 Πέτρος
2723 4147 2954 4218 Χριστὸν
3002 4148 3162 4202 αὐτὸν
3201 4143 3338 4200 εἶναι
3369 4147 3721 4218 ὡμολόγησε,

2133 4239 2228 4292 καὶ
2267 4238 2394 4292 Υἰὺν
2439 4237 2531 4291 τοῦ
2581 4237 2715 4292 Θεοῦ
2762 4236 2854 4290 τοῦ
2911 4237 3130 4304 ζῶντος,
3185 4238 3292 4292 ἀπὸ
3342 4239 3463 4291 τότε
3510 4238 3722 4309 ἤρξατο

2131 4330 2402 4384 δεικνύναι
2429 4331 2642 4394 αὐτοῖς,
2678 4332 2759 4384 δτι
2790 4330 2871 4384 δεῖ
2915 4331 3076 4384 αὑτὸν
3136 4330 3304 4383 πολλὰ
3361 4329 3554 4383 παθεῖν
3619 4333 3722 4385 καὶ

2132 4419 2562 4490 ἀποκτανθῆναι·
2597 4421 2685 4472 ὅτε
2727 4419 2783 4472 δὲ
2816 4420 2977 4483 αὐτὸς
3035 4419 3517 4490 καταφρονητικῶς
3566 4418 3720 4489 ἔχειν

465 4507 694 4562 portuue
717 4493 782 4546 de
815 4494 1052 4547 secundo
1084 4504 1138 4547 et
1184 4492 1416 4562 glorioso
1453 4493 1687 4547 adventu
1731 4508 1828 4546 suo
1865 4495 2026 4547 verba

2149 4509 2224 4563 τοῦ
2257 4510 2486 4564 θανάτου
2515 4511 2929 4582 παρεκελεύετο,
2963 4511 3164 4575 ἐδίδαξε
3202 4511 3281 4573 δέ,
3309 4512 3389 4564 ὅτι
3417 4511 3496 4563 δεῖ
3545 4512 3719 4564 αὐτὸν

465 4588 607 4648 Ιεοξι,
627 4599 680 4639 ut
705 4601 1034 4656 cngnoscere
1065 4593 1300 4654 possent,
1323 4585 1442 4653 quis
1471 4586 1682 4638 demum
1711 4586 1756 4640 is
1785 4595 1930 4641 esset
1955 4597 2030 4641 tot

465 4687 720 4748 tantaque
747 4695 773 4730 a
805 4675 1003 4731 Iudaeis
1045 4692 1323 4744 passurus,
1365 4679 1550 4747 quisve
1583 4677 1686 4732 illis
1717 4678 2027 4732 certaminis

463 4784 560 4838 pro
591 4784 655 4823 eo
683 4769 982 4823 susnnendi
1009 4766 1219 4821 fructus
1245 4769 1486 4823 foret.——
1507 4769 1600 4823 llis
1629 4769 1698 4823 ad
1738 4770 2026 4838 discipulos

461 4861 640 4924 dictis,
676 4875 976 4929 magnoque
1018 4869 1069 4913 et
1098 4875 1296 4914 arcano
1337 4863 1591 4931 mysterio
1638 4862 1886 4915 secundae
1916 4876 2027 4915 suae

461 4953 909 5009 manifestatiouis
938 4954 1065 5023 ipsis
1088 4955 1378 5022 patefacto,
1417 4969 1485 5008 ne
1519 4955 1762 5008 oratione
1791 4963 2025 5008 tantum-

461 5047 618 5099 modo
651 5044 888 5113 solisque
927 5045 1106 5098 verbis
1151 5045 1424 5098 videretur
1454 5045 1799 5113 persuadere,
1831 5059 2020 5098 neces-

459 5140 604 5190 sario
630 5137 696 5190 ad
733 5151 894 5204 opera
919 5137 1228 5204 venit,ipsis
1252 5151 1440 5190 eorum
1469 5136 1640 5192 oculis
1668 5136 1832 5191 divini
1874 5137 2020 5207 regni

457 5229 541 5282 sui
589 5228 852 5299 ohjiciens
886 5228 1192 5298 imaginem.
1244 5228 1582 5299 Quapropter
1632 5245 1753 5284 cum
1803 5229 2026 5284 dixisset

459 5316 577 5371 fore
621 5329 678 5371 ut
727 5318 844 5386 ipse
876 5317 1021 5372 illum
1067 5318 1434 5383 erubesceret,
1473 5319 1564 5389 qui
1601 5335 1660 5375 se
1699 5321 2021 5383 erubuisset,

457 5421 566 5478 quo
598 5417 835 5478 tempore
856 5424 978 5464 cum
1008 5407 1183 5465 Patris
1211 5410 1294 5465 sui
1328 5410 1497 5480 gloria
1528 5411 1798 5477 adveniet,
1829 5411 2021 5465 deinde

526 5560 575 5593 "
601 5577 722 5633 cap.
756 5579 832 5629 Ix,
865 5564 917 5623 7.

523 5675 640 5756 (55)
683 5677 1293 5756 Secunda_'_l’lte0phania
1323 5684 1375 5739 in
1399 5687 1579 5742 mundi
1625 5687 1748 5742 nne.
1780 5687 1901 5744 Ideo
1927 5690 2013 5745 illa

459 5750 641 5816 prior,
675 5765 778 5820 qua
829 5765 886 5807 se
931 5750 1158 5809 Verbum
1206 5755 1260 5809 in
1309 5769 1476 5814 carne
1521 5758 1903 5830 manifestavit,
1938 5765 2012 5818 di-

2133 4602 2302 4655 πολλὰ
2335 4603 2544 4669 παθεῖν,
2573 4604 2692 4655 τότε
2720 4603 2858 4657 κατὰ
2881 4604 3068 4674 καιρὸν
3090 4603 3215 4665 τοὺς
3241 4603 3367 4672 περὶ
3396 4603 3492 4673 τῆς
3522 4602 3716 4656 δευτὲο

2134 4712 2230 4766 ρας
2257 4694 2418 4748 αὐτοῦ
2454 4697 2545 4749 καὶ
2591 4694 2799 4761 ἐνδόξου
2830 4697 3128 4767 παρουσίας
3166 4695 3352 4761 λόγους
3382 4695 3675 4768 παρεδίδου
3695 4709 3714 4726 ⁶

2128 4787 2202 4851 ὡς
2228 4786 2291 4840 ἂν
2325 4787 2520 4841 εἰδέναι
2553 4787 2745 4859 ἔχοιεν,
2780 4789 2864 4852 τίς
2894 4805 3022 4841 ποτε
3059 4784 3128 4858 ἦν
3153 4788 3181 4839 ὁ
3217 4788 3428 4858 μέλλων
3470 4789 3714 4841 τοσαῦτα

2131 4880 2359 4951 πάσχειν
2389 4881 2494 4934 ὑπὸ
2540 4881 2826 4944 Ἰουδαίων,
2845 4881 2938 4935 καὶ
2968 4881 3050 4942 τίς
3089 4880 3242 4932 ἔσται
3274 4881 3458 4944 αὐτοῖς
3485 4883 3515 4934 ό
3567 4900 3713 4952 καρο

2129 4970 2228 5034 πὸς
2259 4971 2352 5027 τοῦ
2385 4972 2524 5043 ὑπὲρ
2552 4971 2717 5024 αὑτοῦ
2743 4971 2975 5039 ἀγῶνος.
3005 5002 3075 5012 —
3109 4972 3218 5026 Καὶ
3261 4971 3326 5044 δὴ
3367 4971 3545 5026 ταῦτα
3597 4978 3714 5038 τοῖς

2131 5061 2397 5133 μαθηταῖς
2427 5062 2744 5133 διαλεχθεὶς,
2775 5063 2868 5116 καὶ
2898 5062 2958 5114 τὸ
2993 5061 3135 5133 μέγα
3161 5061 3255 5116 καὶ
3287 5063 3550 5116 λανθάνον
3607 5081 3713 5134 μυ-

2129 5154 2347 5226 στήριον
2379 5154 2476 5224 τῆς
2501 5153 2760 5224 δευτέρας
2791 5154 2957 5207 αὑτοῦ
2989 5152 3309 5224 θεοφανείας
3344 5153 3575 5218 ἐξειπὼν
3607 5159 3712 5208 ati-

2127 5245 2258 5307 τοῖς,
2292 5243 2378 5296 ἵνα
2413 5243 2488 5316 μὴ
2512 5243 2690 5313 λόγοις
2722 5244 2883 5316 μόνον
2915 5243 3008 5298 καὶ
3056 5243 3241 5314 ψιλαῖς
3292 5246 3527 5316 φράσεσι
3572 5244 3707 5316 δοκῇ

2126 5331 2492 5400 ἐμπιστεύειν,
2511 5332 2817 5402 ἀναγκαίως
2843 5334 2938 5387 ἐπὶ
2973 5333 3043 5386 τὰ
3071 5332 3210 5404 ἔργα
3245 5334 3467 5407 ἐχώρει,
3522 5335 3708 5397 αὐτοῖς

2126 5419 2422 5493 ὀφθαλμοῖς
2449 5423 2660 5487 δεικνὺς
2693 5424 2875 5489 αὐτοῖς
2904 5425 3004 5494 τὴν
3033 5426 3217 5480 εἰκόνα
3248 5425 3346 5497 τῆς
3372 5426 3561 5498 θεῖκῆς
3609 5426 3708 5481 αὺ-

993 5566 1040 5598 ”
1069 5565 1256 5622 Matth.
1285 5583 1341 5634 ι,
1387 5567 1442 5624 6.
1516 5569 1562 5602 ⁷⁵
1591 5584 1710 5640 cap.
1744 5586 1820 5635 ix,
1849 5570 1940 5626 26.
2014 5573 2062 5605 "
2105 5571 2356 5645 Dan.vn,
2392 5577 2475 5634 13.

2123 5694 2264 5777 citur
2280 5695 2545 5777 interdum
2573 5697 2926 5777 incndicibus
2955 5702 3175 5771 nostris,
3197 5702 3564 5762 distinctionis
3575 5717 3698 5777 grs-

2124 5767 2215 5832 tia,
2242 5767 2550 5836 evangelica
2584 5767 2960 5840 Theophania.
