3858 6214
159 321 267 378 ὗὶθ

159 537 257 591 τὸν
283 531 713 602 ἐπαισχυνθέντα
744 529 927 594 αὐτὸν,
960 531 1090 583 ὅταν
1112 529 1241 602 ἔλθῃ
1273 534 1331 585 ἐν
1368 535 1433 604 τῇ
1477 533 1602 605 δόξῃ
1655 534 1749 587 τοῦ

1329 321 1828 379 COMMENTARIA
1863 324 1930 378 IN
1975 324 2235 382 LUCAM.

158 446 260 501 τοῦ
295 441 588 515 βασιλείας.
628 438 826 510 Διόπερ
872 437 1062 503 εἰπὼν,
1110 440 1192 494 ὅτι
1246 442 1741 514 ἐπαισχυνθήσεται

1866 445 2023 512 tergit
2049 445 2230 500 dicere

3339 314 3443 372 550

2272 461 2286 500 :
2335 444 2468 500 Vere
2505 454 2684 500 autem
2720 445 2840 498 dico
2868 443 3032 509 vobis,
3061 452 3182 497 sunt
3225 442 3444 512 quidam

1860 537 1924 588 de
1949 537 2032 589 hic
2071 538 2394 601 astantibus,
2421 548 2526 589 etc.

159 627 399 699 Πατρδς,
438 626 566 695 ἐξῆς
598 623 956 677 ἐπισυνάπτει
992 624 1248 694 φᾶσκωνο
1286 625 1450 695 Λέγω
1493 625 1561 679 δὲ
1616 627 1755 696 ὑμῖν
1787 627 2048 697 άληθῶς,
2078 630 2203 682 εισι
2223 647 2381 695 τινες
2405 627 2522 681 τῶν
2541 624 2657 683 ὧδε
2677 627 2970 692 ἑστώτων,
3002 645 3057 681 κ.
3091 644 3141 680 τ.
3175 626 3228 682 λ.

236 757 608 826 Παραλαϐὼν
655 755 762 809 τὸν
802 756 1052 880 ἸΙζέτρὲν
1103 757 1202 810 καὶ
1250 757 1530 826 Ἰωάννην
1582 760 1684 812 καὶ

840 843 964 879 ακω
1003 843 1094 880 ον.

840 843 1094 880 ακωσον.

230 966 345 1020 Καὶ
375 967 432 1018 ἐν
467 963 566 1034 μὲν
603 965 667 1032 τῇ
703 959 1124 1032 μεταμορφώσει
1155 963 1304 1033 τρεῖς
1342 962 1492 1033 μόνοι
1543 963 1638 1035 τὴν
1668 963 1758 1017 δυ-

157 1058 323 1128 νάμει
350 1054 608 1125 ὀφθεῖσαν
643 1054 827 1116 αὐτοῖς
869 1052 1146 1122 βασιλείαν
1170 1053 1280 1106 τῶν
1332 1054 1578 1126 οὐρανῶν
1639 1056 1758 1110 θεάο

160 1149 362 1204 σασθαι
392 1145 734 1217 ἠξιώθησαν·
776 1147 832 1198 ἐν
866 1145 922 1198 δὲ
980 1148 1046 1216 τῇ
1081 1145 1358 1216 συντελείᾳ
1405 1145 1501 1199 τοῦ
1535 1147 1750 1212 αίώνος,

159 1241 382 1296 ἐπειδὰν
435 1239 574 1310 μετά
631 1237 733 1307 τῆς
787 1235 948 1306 δόξης
1005 1237 1103 1307 τῆς
1143 1238 1421 1309 πατρικῆς
1479 1240 1507 1291 6
1552 1239 1754 1311 Κύριος

157 1335 453 1402 ἀφίκηται,
485 1330 672 1382 οὐκέτι
705 1329 949 1399 Μωῡσῆς
981 1329 1140 1401 μόνον
1173 1332 1269 1384 καὶ
1311 1331 1496 1396 Ἠλίας
1522 1331 1751 1404 δορυφο-

159 1425 422 1494 ρήσουσιν
483 1419 682 1481 αὑτὸν,
730 1417 853 1470 οὐδὲ
912 1422 1062 1490 τρεῖς
1117 1419 1266 1490 μόνοι
1327 1419 1434 1475 τῶν
1498 1421 1754 1492 μαθητῶν

156 1512 311 1583 αὐτῷ
370 1511 706 1575 συνέσονται,
747 1509 884 1563 ἀλλὰ
929 1510 1129 1574 πάντες
1168 1500 1446 1582 προφῆται
1502 1514 1596 1565 καὶ⁵
1651 1531 1755 1567 πα-

155 1605 420 1678 τριάρχαι
463 1603 557 1656 καὶ
593 1603 789 1656 δίκαιοι
810 1620 824 1632 ο
858 1602 953 1656 καὶ
981 1603 1080 1655 οὐκ
1110 1604 1190 1666 είς
1221 1603 1346 1675 ὅρος
1380 1603 1602 1674 ὑψηλὸν,
1637 1606 1753 1659 ἀλλ’

154 1699 240 1762 είς
261 1697 354 1749 τὸν
391 1695 621 1767 οὐρανὸν
655 1694 840 1760 ἀνάξει
869 1695 996 1756 τοὺς
1022 1693 1206 1760 ἀξίους
1243 1690 1342 1764 τῆς
1372 1694 1536 1748 αὐτοῦ
1564 1696 1752 1768 θεότη-

1923 765 1968 796 ⁷⁷
1997 764 2291 833 Assumptis
2323 761 2484 817 Petro
2519 775 2564 818 et
2587 763 2795 817 Joanne
2825 771 2982 835 atque
3018 763 3239 831 Jacobo,
3261 773 3368 820 etc.

1924 970 1990 1024 Et
2021 969 2072 1023 in
2116 968 2592 1038 transliguratione
2634 966 2852 1036 quidem
2907 975 3018 1020 tres
3070 964 3444 1020 tantummodo

1854 1063 2161 1133 prodigiose
2189 1062 2323 1131 ipsis
2346 1073 2626 1114 ostensqu
2659 1061 2805 1129 digni
2850 1057 3070 1112 fuerunt
3101 1072 3324 1112 cernere
3353 1073 3443 1110 re-

1860 1170 2021 1224 gnum
2049 1155 2331 1208 cwlorum.
2373 1153 2426 1204 lu
2456 1153 2636 1206 ειυειιιί
2665 1168 2795 1207 vero
2823 1151 3290 1206 consummatione
3319 1167 3441 1204 cum

1861 1260 1967 1298 non
2003 1245 2120 1298 sine
2145 1253 2370 1313 paterna
2400 1244 2683 1314 majestate
2707 1243 2968 1296 Dominus
3004 1244 3272 1305 adveniet,
3301 1243 3444 1296 haud

1855 1338 1965 1408 jam
1999 1337 2211 1406 Moyses
2239 1337 2612 1390 tantummodo
2639 1347 2804 1405 atque
2835 1335 2978 1389 Elias
3007 1337 3180 1404 ipsum
3217 1335 3448 1388 comita-

1863 1433 2092 1495 buntur,
2124 1444 2297 1498 neque
2355 1439 2465 1482 tres
2514 1437 2722 1482 tantum
2759 1427 3006 1495 discipuli
3050 1427 3314 1493 aderunt,
3346 1428 3444 1480 sed

1864 1525 2134 1592 propheta:
2158 1538 2368 1584 omnes,
2395 1521 2737 1590 patriarchas,
2765 1521 3007 1591 justique
3041 1520 3322 1585 homines;
3351 1534 3446 1574 ue-

1861 1630 1966 1684 que
1994 1615 2045 1667 in
2075 1614 2348 1668 excelsum
2396 1626 2659 1680 montem,
2701 1614 2794 1668 sed
2832 1614 2882 1668 in
2911 1615 3108 1666 ccelum
3157 1629 3326 1681 usque
3359 1613 3445 1667 di-

1861 1722 1994 1776 gnos
2024 1721 2121 1760 sua
2167 1707 2371 1760 deitate
2401 1707 2678 1774 perducet.
2719 1705 2869 1758 Tuuc
2892 1707 3066 1759 deitas
3097 1706 3213 1773 ejus
3257 1704 3445 1774 splen-

153 1806 271 1851 τος.
305 1787 441 1840 Τότε
479 1786 536 1839 δὲ
561 1785 766 1856 λάμψει
797 1785 830 1855 ή
873 1783 1063 1856 θεότης
1090 1783 1255 1838 αὑτοῦ
1283 1787 1381 1856 οὐχ
1418 1785 1493 1850 ὡς
1522 1788 1550 1838 6
1581 1787 1750 1857 ἥλιος,

1866 1798 2042 1850 descet
2075 1812 2181 1850 non
2222 1808 2281 1849 ut
2328 1796 2432 1861 sol,
2461 1797 2552 1849 sed
2586 1811 2746 1865 supra
2786 1812 2948 1866 quam
2993 1796 3248 1865 quaelibet
3279 1812 3448 1850 exco-

155 1881 277 1935 ἀλλ’
308 1880 451 1951 ὑπὲρ
481 1879 590 1931 πᾶν
624 1877 1007 1948 ὲπινοούμενον
1039 1876 1096 1929 ἐν
1144 1894 1204 1930 τε
1240 1878 1518 1948 αἰσθητοῖς
1551 1881 1644 1933 καὶ
1692 1883 1750 1933 ἐν

154 1976 373 2044 νοητοῖς
399 1971 656 2043 γεννητὸν
675 1969 807 2039 φῶς·
839 1968 1068 2042 ἐπείπερ
1100 1970 1250 2022 ἐστὶν
1277 1970 1438 2035 αὐτὸς
1461 1971 1520 2023 τὸ
1551 1970 1665 2041 φῶς
1689 1972 1752 2025 τὸ

156 2065 396 2136 φωτίζον
429 2064 608 2118 πάντα
628 2063 912 2136 ἄνθρωπον
941 2047 1237 2135 ἐρχόμενον
1269 2065 1350 2128 είς
1369 2064 1460 2119 τὸν
1506 2066 1710 2137 κόσμον
1734 2083 1747 2097 ·

151 2159 248 2212 ὅτε
276 2161 369 2212 καὶ
401 2157 565 2224 δείξει
595 2155 762 2209 αὑτοῦ
795 2156 856 2210 τὸ
883 2157 1201 2228 πρόσωπον*
1229 2157 1292 2210 οὐ
1317 2156 1426 2230 γὰρ
1450 2159 1526 2222 ώς
1585 2158 1752 2212 πάλαι

145 2250 236 2321 τῷ
261 2252 488 2304 Μωῦσεῖ
507 2265 637 2302 ποτε
672 2249 875 2317 ἔλεγεν,
906 2251 988 2303 ὅτι
1019 2250 1094 2303 Τὰ
1117 2251 1308 2304 ὀπίσω
1325 2269 1446 2321 μου
1470 2251 1606 2320 ὄψει
1629 2292 1643 2316 ,
1685 2252 1752 2306 τὸ

149 2340 228 2392 δὲ
260 2341 592 2407 πρόσωπόν
628 2357 747 2408 μου
780 2341 892 2393 οὐκ
929 2339 1263 2408 ὀφθήσεταί
1294 2354 1428 2404 σοι,
1463 2339 1607 2396 οὕτω
1657 2344 1753 2395 καὶ

151 2434 282 2485 τότε
313 2435 558 2502 ποιήσει·
594 2432 709 2485 ἀλλ’
741 2431 915 2496 οὔτως
949 2432 1140 2485 ἑαυτὸν
1172 2433 1399 2505 παρέξει
1425 2435 1539 2498 τοῖς
1557 2433 1751 2502 ἁγίοις,

156 2525 237 2588 ὡς
294 2524 553 2577 δύνασθαι
605 2525 813 2588 πάντας
858 2525 1066 2594 λέγειν·
1110 2525 1299 2594 Ἡμεῖς
1339 2525 1427 2590 δὲ,
1459 2527 1753 2580 ἀνακεκα-

156 2615 448 2684 λυμμένῳ
475 2614 776 2684 προσώπῳ
808 2615 924 2685 τὴν
950 2615 1140 2681 δόξαν
1175 2617 1396 2686 Κυρίου
1439 2633 1756 2685 κατοπτρι-

159 2708 413 2777 ζόμενοι,
447 2707 562 2774 τὴν
609 2707 804 2775 αὐτὴν
840 2708 1042 2762 εἰκόνα
1075 2710 1608 2779 μεταμορφούμεθα
1635 2709 1753 2763 ἀπὸ

158 2798 352 2865 δόξης
379 2802 467 2865 εὶς
494 2798 701 2863 δόξαν.
737 2799 849 2853 Καὶ
879 2800 1000 2852 τότε
1035 2799 1096 2852 οὐ
1126 2798 1323 2869 νεφέλη
1380 2797 1597 2870 βοήσει,
1631 2799 1754 2852 οὐδὲ

159 2891 252 2944 διὰ
280 2891 510 2963 νεφέλης
529 2894 557 2945 6
582 2893 772 2964 Πατὴρ
807 2893 1146 2966 μαρτυρήσει
1174 2891 1251 2963 τῷ
1281 2890 1417 2962 Υἱῷ,
1447 2892 1560 2945 ἀλλ’
1591 2891 1756 2957 αὐτὸς

156 2984 228 3037 δι’
253 2983 452 3036 ἐαυτοῦ
478 2984 602 3055 δίχα
629 2985 831 3049 παντὸς
855 2986 1312 3055 ἐπισκιάσματος,
1343 2986 1437 3038 καὶ
1465 2984 1587 3056 δίχα
1617 3003 1752 3038 παν-

159 3076 254 3141 τὸς
279 3076 583 3149 ἑρμηνέως,
635 3078 785 3150 αὐτῷ
826 3077 904 3150 τῷ
947 3078 1092 3150 ἔργῳ
1118 3077 1209 3131 τὸν
1270 3077 1529 3148 μονογενῆ
1589 3076 1755 3132 αὑτοῦ

1859 1887 2016 1956 gitari
2055 1895 2232 1955 potest
2266 1885 2350 1939 vel
2397 1886 2672 1940 sensibilis
2725 1887 2807 1939 vel
2842 1885 3220 1938 intellectualis
3260 1895 3446 1939 creata

1860 1979 1948 2033 lux
1981 1979 2457 2048 :quaudoiluidem
2491 1979 2605 2046 ipse
2638 1978 2727 2031 lux
2762 1987 2844 2030 est
2886 1993 3006 2048 quae
3034 1978 3302 2029 illuminat
3327 1993 3446 2031 om.

1859 2085 1982 2124 nem
2036 2071 2308 2122 hominem
2341 2068 2644 2122 venientem
2689 2069 2744 2120 iu
2786 2069 2927 2120 hunc
2974 2070 3252 2120 umudum.
3292 2065 3446 2122 Tunc

1859 2164 2022 2215 etiam
2071 2162 2265 2216 faciem
2313 2178 2468 2216 suam
2521 2162 2800 2214 revelabit.
2835 2160 2949 2213 Non
2990 2161 3175 2223 enim,
3209 2169 3267 2213 ut
3315 2162 3444 2214 olim

1861 2259 2026 2330 Moysi
2075 2261 2277 2314 dictum
2319 2259 2441 2324 fuit,
2491 2259 2799 2312 Posteriora
2846 2273 2959 2310 mea
3008 2257 3221 2322 videbis,
3271 2257 3446 2310 vultus

1860 2363 2035 2405 tamen
2065 2369 2096 2404 α
2120 2362 2168 2403 te
2195 2368 2298 2420 non
2329 2351 2705 2420 spectabitur"
2733 2368 2747 2416 ;
2779 2365 2882 2402 nou
2912 2351 3013 2414 sic,
3052 2349 3293 2416 inquam,
3317 2358 3445 2402 tunc

1861 2459 2076 2514 quoque
2103 2459 2161 2497 se
2185 2453 2331 2513 geret
2360 2459 2373 2509 ;
2406 2445 2498 2497 sed
2535 2445 2606 2496 ita
2639 2452 2810 2496 semet
2837 2443 3044 2495 sanctis
3073 2441 3446 2504 exhibebit,ut

1861 2552 2049 2591 omnes
2094 2537 2277 2591 dicere
2319 2547 2569 2604 queant:
2614 2534 2729 2589 Nos
2776 2535 2998 2589 revelata
3038 2536 3172 2604 [acie
3217 2535 3443 2602 gloriam

1861 2627 2076 2681 Domini
2118 2630 2468 2697 speculantes,
2509 2629 2565 2680 iu
2604 2628 2837 2681 eamdem
2875 2629 3150 2698 imaginem
3177 2627 3444 2695 transfor-

1860 2735 2068 2771 mamur
2093 2719 2157 2773 de
2178 2719 2348 2790 gloria
2379 2721 2429 2770 in
2455 2718 2678 2788 gloriam
2701 2718 2768 2770 ⁷³.
2805 2717 2958 2771 Tunc
2992 2735 3120 2772 vero
3167 2719 3306 2770 haud
3344 2733 3442 2770 nu-

1861 2808 1956 2864 bes
2002 2811 2292 2877 clamabit,
2326 2825 2500 2878 neque
2549 2810 2614 2863 de
2662 2811 2800 2863 nube
2855 2807 3015 2864 Pater
3066 2810 3446 2863 testilicnbitur

1863 2902 2018 2964 Filio,
2045 2903 2138 2956 sed
2169 2902 2282 2970 ipse
2322 2917 2418 2970 per
2454 2916 2536 2965 se,
2568 2903 2774 2968 absque
2825 2901 2933 2953 ullo
2975 2902 3316 2970 cperimeuto
3364 2900 3445 2955 vel

1863 2991 2185 3062 interprete,
2224 3007 2412 3062 reapse
2457 2993 2794 3062 unigenitum
2843 2990 3038 3045 Filimu
3089 3007 3242 3046 suum
3279 3006 3444 3061 supra

1863 3101 2052 3140 omnes
2081 3096 2298 3140 sanctos
2341 3084 2704 3150 gloriticahit,
2745 3099 3117 3140 consessorem
3162 3099 3316 3138 suum
3362 3099 3446 3138 re-

161 3169 294 3223 Υίδν
329 3169 424 3222 ἐπὶ
457 3169 676 3224 πάντων
715 3172 824 3224 τῶν
853 3172 1026 3240 ἁγίων
1054 3169 1219 3224 αὑτοῦ
1247 3169 1494 3237 δοξάσει,
1527 3170 1753 3243 σύνθρο-

1866 3179 2060 3247 gnique
2089 3177 2414 3247 participem
2441 3191 2561 3230 esse
2603 3177 3006 3241 demonstrans,
3042 3183 3098 3230 et
3130 3189 3290 3244 supra
3330 3190 3448 3228 om-

162 3279 256 3314 νον
307 3261 470 3315 αὑτὸν
532 3263 711 3334 ἐαυτῷ
769 3265 863 3318 καὶ
911 3264 1249 3336 συμϐασιλέα
1291 3263 1600 3330 ἀποδείξας,
1668 3265 1760 3318 καὶ

164 3356 426 3427 ὑπεράνω
455 3357 635 3429 πάσης
664 3359 838 3430 ἀρχῆς
868 3358 1218 3428 καταστήσας
1245 3355 1407 3410 αὐτόν
1431 3372 1444 3386 ·
1473 3355 1596 3408 οὔτε
1630 3357 1760 3410 οὑκ-

163 3447 246 3500 ἑτι
309 3447 498 3520 ὥσπερ
541 3450 660 3503 τότε
710 3453 758 3504 οἱ
813 3453 962 3523 τρεῖς
1025 3449 1264 3521 μαθηταὶ
1323 3448 1474 3519 μόνοι
1525 3446 1618 3500 ἐπὶ
1661 3445 1758 3502 τοῦ

162 3538 328 3610 ὅρους
377 3541 711 3606 ἀκούσαντες
749 3543 850 3612 τῆς
883 3543 1064 3614 φωνῆς
1093 3542 1185 3594 ἐπὶ
1223 3541 1512 3612 πρόσωπον
1544 3539 1757 3606 ἔπεσον,

164 3635 263 3686 καὶ
291 3635 663 3708 ἐφοϐήθησαν,
706 3635 842 3689 ἀλλά
875 3636 969 3689 καὶ
997 3637 1105 3689 πᾶν
1128 3634 1256 3703 γόνυ
1289 3631 1497 3704 κάμψει
1523 3635 1759 3702 ἐπουρα-

163 3726 296 3779 νίων
333 3728 430 3780 καὶ
464 3729 720 3796 ἐπιγείων
753 3730 847 3782 κα)⁸
879 3727 1270 3799 καταχθονίων.

192 3818 368 3887 Φωνὴ
403 3818 638 3888 ἐγένετο
666 3821 733 3874 ἐκ
761 3821 870 3890 τῆς
905 3821 1166 3890 νεφέλης
1193 3819 1482 3890 λέγουσα,
1513 3836 1566 3872 κ.
1599 3837 1650 3873 τ.
1675 3817 1725 3872 λ.

237 3897 395 3982 Φωνὴ
422 3913 664 3983 πατρικὴ
687 3913 774 3966 διά
800 3914 1049 3984 νεφέλης,
1080 3913 1253 3977 οὕτως
1300 3911 1409 3983 γὰρ
1441 3913 1688 3982 φαίνεται
1730 3913 1759 3965 6

167 4001 321 4066 Θεὸς,
365 4002 664 4075 ἐμαρτύρει
693 4004 914 4076 Χριστῷ
947 4005 1045 4076 τὴν
1084 4005 1338 4074 υίότηταο
1376 4004 1480 4056 ἔδει
1527 4003 1636 4076 γὰρ
1682 4005 1758 4077 μὴ

169 4095 321 4165 παρά
347 4095 557 4166 Πέτρου
588 4095 750 4166 μόνου
781 4096 1114 4167 γνωσθῆναι,
1141 4097 1220 4149 ὅτι
1244 4095 1404 4161 αὐτὸς
1445 4097 1530 4168 εἴη
1567 4099 1595 4149 6
1625 4098 1759 4168 Xpt~

170 4187 294 4250 στδς
315 4189 344 4239 6
375 4188 503 4252 Υἱὸς
536 4187 630 4241 τοῦ
669 4189 803 4243 Θεοῦ
832 4190 927 4243 τοῦ
962 4190 1194 4255 ζῶντος·
1232 4189 1354 4262 μηδ’
1401 4190 1565 4244 αὑτὸν
1599 4190 1757 4261 μόνον

166 4283 246 4353 τῷ
272 4283 462 4356 Πέτρῳ
498 4285 983 4356 μεμαρτυρηκέναι
1007 4285 1082 4348 ὡς
1104 4283 1255 4356 παρά
1281 4282 1375 4336 τοῦ
1420 4283 1634 4354 Πατρὸς
1662 4281 1756 4335 τοῦ

169 4379 229 4429 ἐν
260 4380 374 4440 τοῖς
403 4378 652 4450 οὐρανοῖς
681 4377 779 4450 τὴν
808 4379 936 4448 περὶ
965 4377 1130 4430 αὐτοῦ
1159 4375 1360 4444 γνῶσιν
1383 4372 1618 4450 εἰληφώς
1646 4372 1753 4445 εἴη’

170 4468 307 4522 ἀλλὰ
331 4471 425 4523 καὶ
474 4470 642 4542 αὐτὴν
675 4472 774 4542 τὴν
804 4471 1075 4540 πατρικὴν
1132 4467 1314 4539 φωνὴν
1360 4446 1757 4537 ἐπισφραγίσα-

170 4561 298 4615 σθαι
329 4562 427 4634 τὴν
471 4563 728 4634 ἀλήθειαν
765 4562 862 4616 τοῦ
913 4563 1103 4631 λόγου,
1164 4559 1544 4633 μαρτυροῦσαν
1594 4556 1756 4611 αὐτὸν

169 4650 310 4708 εἶναι
347 4656 476 4709 Υίὸν
501 4655 595 4709 τοῦ
629 4656 787 4724 Θεοῦ,
820 4655 930 4709 δεῖν
964 4672 1024 4709 τε
1079 4653 1296 4709 ἀκούειν
1317 4651 1482 4705 αὑτοῦ
1515 4665 1758 4722 παρακε-

170 4748 494 4822 λευομένην.

182 4839 328 4893 Ἐὰν
350 4841 470 4910 μὲν
501 4835 711 4914 ᾖγέκεῐ
734 4844 762 4895 6
793 4843 925 4909 υἱὸς
970 4841 1231 4912 εἰρήνης,
1269 4838 1760 4914 ἐςταναπαύσεται

545 4913 639 4966 ἐπ’
672 4915 862 4968 αὑτὸν
890 4915 929 4982 ἠ
956 4914 1166 4982 εἰρήνη
1195 4911 1383 4981 ὑμῶν.

254 5005 422 5077 Ὁρᾷς
469 5006 616 5070 ὅπως
649 5005 1034 5078 πφεξετάζειν
1089 5006 1184 5058 καὶ
1246 5003 1320 5075 μὴ
1360 5003 1525 5055 πᾶσιν
1568 4999 1761 5068 ἀνέδην

171 5099 403 5164 ἑαυτοὺς
428 5101 695 5154 ἐκδιδόναι
735 5101 986 5172 παρῄνει,
1023 5098 1160 5154 ἀλλὰ
1181 5099 1276 5152 καὶ
1301 5094 1549 5168 πρώτους
1575 5093 1676 5162 τῆς
1702 5091 1763 5157 ἐξ

172 5190 358 5245 αὐτῶν
398 5189 718 5262 εὐεργεσίας
749 5189 1112 5262 ἀπάρχεσθαι,
1149 5188 1244 5242 καὶ
1285 5186 1534 5256 πρώτους
1559 5181 1760 5235 διδόναι

169 5284 283 5338 τῶν
331 5283 516 5344 αὐτοῖς
548 5282 943 5353 ὑπαρχόντων;
985 5283 1190 5354 Εἰρήνη
1218 5281 1274 5334 δὲ
1312 5275 1382 5351 ἦν
1420 5277 1580 5347 αὕτη,
1622 5274 1759 5344 πρέ-

172 5393 353 5431 πουσα
391 5375 528 5430 Θεοῦ
576 5375 934 5447 στρατιώταις
975 5375 1148 5446 φωνὴ,
1191 5375 1480 5444 νικητήρια
1521 5369 1644 5422 κατ’
1671 5369 1762 5436 ἐχ-

173 5471 322 5542 θρῶν
353 5469 666 5543 ἀραμένοις.
716 5469 907 5536 Δίωξιν
942 5467 1072 5537 γοῦν
1109 5466 1338 5539 ἐχθρῶν,
1369 5465 1464 5518 καὶ
1503 5460 1762 5532 καθαίρε-

174 5580 260 5616 σιν
290 5561 588 5633 πολεμίων,
613 5559 747 5614 Θεοῦ
773 5578 831 5614 τε
858 5559 1077 5631 φιλικὰς
1098 5558 1388 5628 διαλλαγὰς
1405 5557 1468 5610 τὸ
1489 5555 1587 5626 τῆς
1611 5552 1763 5623 εἰρή-

1863 3284 1986 3322 nem
2035 3270 2396 3338 principatum
2448 3267 2808 3322 constituens.
2839 3266 2992 3322 Tunc
3040 3267 3180 3320 haud
3225 3265 3360 3334 jam,
3391 3277 3448 3318 ut

1866 3368 1977 3415 tres
2015 3360 2144 3412 olim
2175 3359 2274 3412 soli
2309 3359 2554 3428 discipuli
2587 3358 2768 3411 audita
2817 3358 2868 3411 in
2905 3367 3088 3411 monte
3115 3372 3247 3410 voce
3276 3357 3327 3409 iu
3367 3354 3450 3408 la-

1863 3452 2000 3506 ciem
2030 3453 2376 3522 prociderunt
2407 3466 2472 3505 ac
2519 3451 2934 3518 pertimuerunt,
2972 3450 3065 3502 sed
3100 3464 3259 3503 omne
3305 3463 3444 3517 genu

1862 3542 2107 3599 ﬂectetur
2125 3544 2444 3608 caelestium,
2471 3541 2804 3596 terrestrium
2832 3550 2888 3595 et
2920 3539 3252 3595 infernorum
3269 3540 3336 3594 “.

2109 3817 2152 3852 ⁸¹
2185 3818 2300 3874 Vox
2321 3819 2385 3873 de
2410 3819 2543 3872 nube
2566 3818 2709 3889 [acta
2733 3826 2831 3882 est,
2863 3818 3062 3882 dicens,
3087 3826 3196 3872 etc.

1931 3913 2048 3967 Vox
2074 3923 2296 3982 paterna
2325 3925 2389 3964 ex
2419 3911 2582 3977 nube,
2620 3924 2741 3962 nam
2773 3909 2851 3963 sic
2902 3907 3044 3962 Deus
3093 3915 3335 3976 apparet,
3365 3906 3448 3962 di-

1860 4007 2117 4077 gnitatem
2152 4003 2270 4058 Filii
2313 4003 2534 4057 Christo
2563 3999 2939 4054 attestabatur.
2969 3996 3264 4068 Oportebat
3299 4001 3445 4052 enim

1862 4097 2004 4154 haud
2035 4113 2063 4150 a
2090 4097 2204 4151 solo
2232 4095 2394 4150 Petro
2423 4095 2702 4165 cognosci,
2743 4107 2866 4146 eum
2896 4107 3016 4146 esse
3047 4091 3319 4147 Christum
3357 4094 3447 4147 Dei

1863 4190 1967 4243 vivi
1999 4189 2216 4244 Filium.
2239 4186 2425 4258 Neque
2456 4188 2627 4256 ipsum
2664 4184 2940 4240 Christum
2972 4184 3342 4238 tantummodo
3369 4177 3476 4236 te-'

1859 4282 1990 4336 stari
2023 4281 2183 4335 Petro
2204 4289 2481 4349 acceptam
2514 4293 2543 4332 a
2575 4277 2736 4331 Patre
2758 4276 2968 4331 cwlesti
2999 4277 3065 4330 de
3089 4291 3146 4336 sc
3165 4276 3446 4340 notitiam;

1859 4373 1954 4428 sed
1994 4375 2188 4441 ipsam,
2227 4371 2467 4440 inquam,
2494 4379 2778 4439 paternam
2821 4383 3008 4421 vocem
3048 4367 3331 4419 veritatem
3366 4365 3448 4418 di-

1861 4463 1932 4518 cti
1978 4464 2136 4532 quasi
2197 4462 2374 4531 sigillo
2419 4460 2780 4524 conﬁrmare,
2818 4459 3068 4511 testando
3111 4458 3282 4525 ipsum
3323 4470 3450 4509 esse

1862 4556 2137 4610 CbriStum
2157 4554 2251 4609 Dei
2278 4555 2469 4609 Filium
2496 4571 2513 4620 ;
2537 4553 2695 4623 eique
2721 4566 2841 4606 esse
2874 4548 3285 4604 auscultandum
3310 4565 3448 4618 pra:-

1862 4647 2062 4716 cipere.

1863 4826 1910 4858 ⁸²
1938 4823 1997 4880 Si
2025 4823 2236 4895 quidem
2264 4822 2336 4876 ibi
2375 4820 2530 4895 fuerit
2572 4823 2718 4888 ﬁlius
2749 4819 2916 4886 pacis,
2965 4817 3247 4888 requiescet
3288 4832 3447 4885 super

2398 4893 2548 4946 illum
2581 4908 2686 4960 pax
2726 4902 2916 4947 vestra.

1935 4986 2129 5043 Viden’
2155 4989 2426 5057 quomodo
2448 4993 2576 5039 ante
2593 4982 2948 5053 perpendere,
2987 4994 3162 5050 neque
3193 4979 3448 5033 omnibus

1865 5082 2079 5136 incaute
2113 5094 2170 5134 se
2191 5078 2532 5134 committere
2563 5076 2831 5136 hortatur,
2866 5073 2960 5126 sed
2992 5083 3045 5126 et
3069 5073 3212 5140 ipsos
3236 5069 3446 5139 priores

1862 5174 2075 5228 initium
2120 5171 2365 5227 beneﬁcii
2400 5169 2604 5231 facere,
2631 5176 2685 5221 et
2713 5166 2923 5235 priores
2956 5164 3022 5218 de
3068 5161 3290 5232 proprio
3320 5161 3445 5215 aliis

1870 5265 2109 5320 tribuere
2137 5263 2162 5317 ’ί
2192 5264 2268 5318 De
2298 5276 2432 5333 pace
2467 5268 2648 5314 autem
2671 5259 2760 5312 hic
2812 5257 3006 5326 agitur,
3044 5270 3164 5326 quae
3197 5255 3292 5309 Dei
3342 5255 3446 5308 mi-

1869 5358 2018 5413 litum
2058 5371 2162 5410 τοι
2195 5355 2409 5425 propria
2433 5361 2537 5418 est,
2567 5351 2658 5422 qui
2691 5350 2976 5422 victoriam
2999 5348 3062 5402 de
3087 5348 3333 5402 hostibus
3358 5360 3445 5398 re-

1867 5453 2122 5508 tulerunt.
2155 5450 2293 5520 Ergo
2333 5447 2669 5503 inimicorum
2701 5441 3134 5516 persecutionem
3159 5481 3174 5504 ,
3205 5439 3443 5495 hostium

1866 5545 2116 5610 exitium,
2143 5541 2458 5599 benevolam
2492 5553 2614 5596 cum
2647 5539 2755 5594 Deo
2785 5535 3305 5599 reconciliationem,
3343 5534 3445 5589 sub

256 5762 298 5793 "
325 5779 446 5836 cap.
477 5763 660 5829 13,28.
739 5765 783 5797 ⁷³
817 5765 987 5821 Exod.
1029 5780 1217 5833 sum,
1255 5761 1351 5817 9.3.
1427 5762 1468 5794 7’
1504 5759 1542 5816 ll
1574 5758 1700 5817 Cor.
1738 5757 1916 5827 "1,18.
1992 5755 2037 5846 ν
2067 5753 2296 5826 Philipp.
2324 5769 2384 5822 ιι,
2420 5752 2504 5808 l0.
2582 5750 2625 5784 ⁸¹
2653 5763 2772 5822 cap.
2807 5763 2882 5817 ιι,
2910 5746 3003 5804 δι.
3091 5747 3282 5816 βοέῳ.
3311 5738 3426 5811 $.6-
