3858 6214
411 309 521 370 »εει

1095 313 1367 369 EUSEBII
1406 314 1884 371 CESARIENSIS
1920 314 2074 372 OPP.
2116 313 2297 371 PARS
2337 315 2426 370 Ill.
2467 346 2534 355 —
2574 315 2991 373 EXEGETlCA.

3588 325 3698 381 552

384 432 567 498 ,pacis
592 430 817 488 nomine
854 431 1033 503 dignis
1083 435 1419 503 assignabat.
1465 436 1654 508 Itaque
1696 439 1821 515 data
1853 440 2003 508 prius

2112 454 2204 509 νης
2239 437 2408 508 ὄνομα
2441 441 2554 502 τοῖς
2586 438 2759 506 ἀξίοις
2801 439 3102 512 προὺξένει.
3149 443 3366 516 Ταὺτην
3411 447 3702 517 τοιγαροῦν

416 528 518 582 bac
551 543 687 598 pace
709 528 921 583 illorum
953 530 1264 594 animabus,
1303 532 1395 602 qui
1427 547 1487 588 se
1519 534 1758 603 hospitio
1785 548 2008 605 recepe-

415 621 544 683 riut,
571 633 699 675 tunc
728 624 943 677 demum
972 623 1227 679 alimenta
1248 626 1317 679 ab
1351 626 1418 681 iis
1448 627 1695 698 accipere
1725 627 2004 682 suadebat.

414 713 782 779 Quamobrem
811 717 1124 770 necessario
1144 719 1550 785 praemonebat,
1581 735 1649 774 ne
1671 719 1723 773 in
1753 719 1902 774 omni
1927 719 2009 773 in-

416 804 730 861 dil'ferenter
767 807 930 861 domo
985 807 1423 878 hospitarentur,
1460 826 1594 866 neve
1631 828 2008 883 quemcunque

416 899 690 953 hominem
721 901 941 971 dignum
968 902 1283 970 judicarent
1316 905 1472 973 cujus
1517 905 1754 975 hospitio
1786 916 2008 961 uteren-

418 1002 536 1060 tur;
564 995 659 1049 sed
696 996 1052 1062 exquirerent
1091 1012 1219 1050 num
1254 997 1376 1066 quis
1412 999 1463 1050 in
1500 980 1716 1052 civitate
1740 1006 1886 1052 esset
1924 999 2007 1053 vel

415 1085 471 1140 in
501 1102 656 1155 agro,
693 1087 852 1142 bonis
898 1087 1110 1143 actibus
1162 1099 1464 1157 sanctaque
1499 1090 1607 1143 vita
1660 1091 2004 1160 conspicuus,

417 1180 507 1248 qui
540 1181 718 1247 regios
750 1181 951 1236 milites
981 1190 1165 1250 posset
1191 1182 1408 1236 virtutis
1450 1183 1626 1237 xeniis
1648 1184 1920 1250 excipere.
1948 1183 2005 1237 Si

417 1272 634 1340 quando
668 1282 848 1326 autem
881 1272 1191 1342 bujusmodi
1222 1273 1436 1342 ‘aliquis
1463 1274 1850 1341 iiuveniretur,
1882 1286 2008 1332 tunc

416 1350 579 1429 hujus
616 1371 816 1415 tectum
851 1364 1170 1427 subeuntes,
1200 1364 1412 1418 militia:
1452 1379 1565 1418 suae
1611 1381 1766 1420 arma
1797 1366 1849 1420 iu
1893 1368 2007 1436 pri-

417 1452 520 1506 mis
574 1462 943 1522 exponerenl;
977 1465 1103 1507 sunt
1134 1462 1313 1508 autem
1364 1453 1479 1509 lucc
1522 1455 1670 1525 pacis
1706 1457 1949 1527 symbola
1988 1473 2003 1510 :

415 1541 648 1610 ideoque
686 1553 741 1597 et
786 1543 1051 1611 hospitem
1085 1552 1141 1598 et
1174 1546 1483 1599 universam
1516 1547 1735 1600 domum
1770 1547 1885 1616 ejus
1912 1562 2008 1616 pa—

415 1636 570 1688 cilica
593 1633 920 1689 salutatione
950 1636 1361 1701 impertircntur
1398 1655 1413 1693 :
1444 1638 1638 1691 deinde
1674 1638 1781 1692 illic
1822 1655 2005 1694 mane-

415 1737 558 1792 rent,
609 1742 786 1797 neque
809 1727 1189 1794 abscederent,
1240 1729 1326 1783 vel
1379 1732 1446 1784 de
1494 1731 1654 1785 domo
1702 1732 1751 1785 iu
1789 1733 2002 1786 domum

414 1820 580 1875 irent.
619 1817 709 1874 Sic
740 1821 882 1876 enim
918 1821 1175 1891 exquisiti
1218 1824 1489 1878 examinis
1531 1824 1788 1879 indicium
1826 1827 2009 1881 dedis-

413 1923 538 1969 Sent
567 1937 579 1969 :
616 1929 740 1968 nam
769 1918 1124 1969 temerarium
1148 1924 1203 1970 et
1227 1916 1601 1983 subitaneum,
1638 1933 1745 1972 non
1776 1928 1859 1974 est
1892 1931 2006 1975 sta-

414 2004 522 2060 bile
548 2021 725 2075 neque
755 2010 1057 2061 constantis
1085 2008 1274 2063 moris.
1320 2009 1445 2062 Ideo
1475 2009 1747 2076 monebat,
1786 2026 1853 2064 ne
1894 2011 2007 2065 vel-

413 2095 528 2153 leut
549 2107 705 2152 antea
733 2099 1158 2164 commorari,et
1192 2100 1388 2155 deinde
1441 2101 1691 2155 notitiam
1725 2103 2009 2170 exquirere

416 2203 524 2257 quo
558 2187 699 2242 facto
727 2189 794 2244 ad
838 2189 1001 2243 alium
1037 2189 1333 2243 transirent
1366 2205 1488 2244 cum
1525 2191 1754 2259 hospitis
1784 2193 2005 2262 injuria.

417 2280 551 2337 Item
607 2284 652 2337 si
696 2292 752 2338 et
811 2284 900 2338 bic
952 2286 1221 2352 posterior
1282 2285 1538 2356 indignus
1578 2282 1810 2353 h05pitio
1853 2302 2000 2341 com-

418 2375 691 2444 pcriretur
709 2390 897 2429 rursus
920 2374 1067 2429 illinc
1089 2376 1253 2428 etiam
1269 2377 1628 2439 discederent,
1649 2377 2006 2430 voluntariam

421 2468 762 2521 inimicitiam
811 2470 1229 2531 contrahentes,
1286 2480 1570 2537 postquam
1630 2485 1815 2539 pacem
1856 2486 2007 2522 suam

420 2559 487 2613 ad
512 2560 766 2630 indignos
799 2560 1177 2630 projecissent.
1210 2561 1315 2614 Sed
1345 2561 1488 2615 enim
1516 2554 1728 2630 oportet
1754 2562 1903 2631 prius
1930 2562 2010 2614 di-

413 2653 649 2722 ligenter
680 2654 976 2724 inquirere,
1011 2664 1190 2709 utrum
1237 2653 1431 2721 aliquis
1463 2653 1655 2724 dignus
1687 2655 1791 2720 sit;
1817 2654 2009 2708 deinde

417 2745 486 2799 ad
516 2760 639 2799 eum
697 2746 1020 2801 accedentes
1051 2786 1066 2810 ,
1102 2746 1253 2815 pacis
1303 2746 1505 2800 bonum
1555 2745 1958 2800 communicare
1990 2763 2005 2813 ;

418 2854 650 2907 eamque
703 2840 921 2893 abunde
952 2855 1057 2893 non
1106 2839 1154 2892 ei
1202 2840 1577 2893 tantummodo
1615 2839 1704 2907 qui
1743 2840 2005 2907 optimum

420 2928 788 2982 testimonium
825 2928 1005 2992 habet,
1045 2929 1139 2982 sed
1197 2927 1292 2980 toti
1340 2944 1559 2997 quoque
1611 2939 1831 2998 propter
1884 2944 2006 2982 eum

420 3018 624 3072 domui.
650 3017 804 3085 Quod
839 3019 882 3070 si
912 3019 1075 3087 digno
1104 3018 1284 3086 aliquo
1321 3019 1628 3087 excipiente
1663 3020 1812 3091 regni
1862 3020 2005 3073 mili-

2109 532 2569 605 προδανείσαντας
2607 532 2705 605 τὴν
2736 536 2962 608 εἰρήνην
2987 539 3106 600 ταῖς
3141 537 3249 591 τῶν
3287 538 3704 610 ὑποδεξαμένων

2107 626 2305 689 αὐτοὺς
2336 624 2555 695 ψυχαῖς,
2597 625 2698 696 τῆς
2745 628 2877 699 παρ’
2907 628 3085 681 αὑτῶν
3109 632 3317 701 τροφῆς
3353 630 3707 703 μεταλαμϐά-

2107 732 2252 770 νειν·
2306 716 2386 771 διὸ
2426 717 2742 785 ἀναγκαίως
2783 719 3224 789 προδιεστέλλετο
3276 721 3349 792 μὴ
3396 723 3478 785 εἰς
3525 724 3706 777 πάντα

2108 808 2479 880 παραϐάλλειν
2519 803 2690 875 οἷκον,
2726 811 2860 882 μηδὲ
2903 810 3081 865 πάντα
3111 813 3280 884 ἄνδρα
3304 814 3403 883 τῆς
3432 814 3707 885 ὑποδοχῆς

2107 901 2291 955 αὑτῶν
2323 901 2476 968 ἄξιον
2510 896 2648 956 εῖναι
2677 902 2915 973 κρίνειν·
2964 906 3280 976 προερωτᾷν
3308 904 3366 957 δὲ
3412 905 3467 957 εἴ
3498 923 3582 970 τις
3614 905 3702 977 εῐη

2107 994 2214 1048 τῶν
2280 993 2422 1049 κατά
2471 995 2572 1066 τὴν
2629 994 2784 1048 πόλιν
2822 995 2854 1067 ἢ
2905 995 3002 1067 τὴν
3030 994 3213 1067 χώραν
3238 996 3470 1065 ἀγαθαῖς
3500 999 3709 1071 πράξε-

2110 1104 2163 1140 σι
2205 1088 2299 1141 καὶ
2326 1086 2425 1159 βίῳ
2468 1087 2652 1159 σεμνῷ
2685 1088 3201 1160 μεμαρτυρημένος,
3233 1088 3305 1153 ὡς
3336 1090 3461 1154 τοὺς
3492 1090 3706 1160 βασιλι-

2108 1181 2238 1246 κοὺς
2281 1181 2619 1253 στρατιώτας
2661 1180 2921 1235 δύνασθαι
2958 1179 3151 1246 ξενίοις
3198 1182 3401 1253 ἀρετῆς
3440 1182 3706 1249 ὑποδέξα-

2110 1274 2255 1329 σθαι.
2316 1274 2567 1329 Ἐπειδὰν
2607 1274 2665 1328 δέ
2715 1292 2800 1338 τις
2841 1273 3089 1347 εὑρεθείη
3131 1274 3387 1340 τοιοῦτος,
3437 1277 3710 1342 εἰσιόντας

2109 1367 2214 1421 ὑπὸ
2245 1369 2344 1437 τὴν
2371 1365 2563 1420 τούτου
2586 1366 2804 1437 στέγην,
2835 1366 3299 1437 προαποτίθεσθαι
3321 1367 3391 1421 τά
3405 1369 3579 1422 οἰκεῖα
3604 1370 3711 1440 τῆς

2111 1461 2402 1533 στρατείας
2426 1460 2569 1514 ὅπλα
2593 1476 2607 1490 ο
2644 1459 2814 1513 ταῦτα
2836 1460 2882 1513 δ’
2914 1455 2982 1531 ἦν
3010 1459 3081 1514 τὰ
3120 1461 3219 1531 τῆς
3244 1462 3468 1533 εἰρήνης
3502 1463 3712 1534 σύμϐο-

2107 1550 2174 1605 λα
2194 1569 2207 1581 ’
2239 1551 2319 1604 διὸ
2346 1552 2441 1604 καὶ
2468 1550 2629 1604 αὑτὸν
2661 1549 2751 1603 τὸν
2781 1550 3066 1621 ὑποδοχέα,
3099 1552 3195 1605 καὶ
3223 1550 3401 1604 πάντα
3431 1550 3523 1604 τόν
3556 1548 3709 1605 οἶκον

2108 1642 2273 1696 αὑτοῦ
2324 1642 2616 1714 εἰρηνικῶν
2660 1634 2969 1712 ἀσπασμῶν
3008 1642 3343 1712 ,καταξιοῦνο
3395 1638 3493 1696 εἶτ’
3538 1642 3709 1697 αὑτοῦ

2112 1735 2312 1806 μένειν,
2357 1736 2450 1788 καὶ
2496 1734 2571 1806 μὴ
2621 1734 3000 1806 μεθίστασθαι,
3058 1736 3180 1806 μηδ’
3212 1735 3393 1800 οἴκους
3445 1735 3506 1800 ἐξ
3538 1736 3711 1790 οἴκων

2109 1827 2377 1898 ἀμείϐειν.
2422 1827 2594 1881 Τοῦτο
2629 1826 2737 1898 γάρ
2780 1823 2921 1881 εἶναι
2968 1830 3191 1898 σημεῖον
3238 1826 3713 1899 ἀπηκριϐωμένης

2109 1919 2439 1987 ἐξετάσεως·
2476 1920 2539 1975 τὸ
2565 1921 2672 1993 γὰρ
2714 1920 2939 1990 εὐχερὲς
2974 1921 3068 1975 καί
3094 1921 3350 1992 ἄκριτον,
3383 1926 3443 1977 οὑ
3477 1921 3713 1994 στερρὸν

2108 2011 2228 2066 οὐδὲ
2251 2011 2469 2082 βεϐαίου
2493 2012 2717 2084 τρόπου.
2746 2013 2837 2066 Διὸ
2864 2012 3095 2083 παρῄνει
3125 2013 3199 2085 μὴ
3223 2013 3438 2085 πρῶτον
3470 2013 3717 2086 καταμέ-

2108 2116 2241 2171 νειν,
2275 2104 2466 2159 ἔπειτα
2493 2106 2703 2177 ἐρωτᾷν
2733 2106 2829 2159 καὶ
2854 2106 3238 2171 πυνθάνεσθαι,
3266 2103 3363 2161 εἶτ’
3387 2107 3715 2178 ἐνυϐρίσαν-

2109 2212 2209 2259 τας
2238 2193 2315 2265 τῷ
2348 2192 2483 2265 ξένῳ
2516 2194 2864 2265 μεταϐαίνειν
2901 2197 2987 2266 ἐφ’
3036 2196 3248 2269 ἓτερον.
3278 2196 3396 2251 Κᾶν
3430 2190 3588 2261 οὗτος
3617 2198 3718 2253 ἀν-

2112 2285 2262 2352 άξιος
2292 2285 2391 2355 τῆς
2421 2285 2694 2356 ὑποδοχῆς
2728 2287 2947 2359 εὑρεθῇ,
2969 2272 3131 2341 πάλιν
3152 2287 3366 2342 ἐνθένδε
3384 2289 3716 2359 μετανίστα-

2111 2377 2254 2443 σθαι,
2291 2375 2489 2446 έχθραν
2531 2377 2779 2431 ἑκούσιον
2819 2378 3258 2449 ἐπισπωμένους,
3309 2380 3449 2451 μετὰ
3485 2381 3582 2433 καὶ
3611 2381 3714 2436 τοῦ

2107 2468 2205 2539 τὴν
2232 2467 2410 2522 αὑτῶν
2440 2468 2665 2539 εἰρήνην
2704 2470 2787 2532 εἰς
2823 2469 3076 2536 ἀναξίους
3111 2472 3346 2542 ῥίπτειν.
3389 2472 3530 2526 Ἀλλ’
3552 2474 3718 2545 ἀκρι-

2110 2559 2221 2624 ϐῶς
2246 2560 2509 2631 πρότερον
2537 2558 2629 2613 τὸν
2674 2559 2822 2624 ἄξιον
2869 2560 3343 2632 πολυπραγμονεῖν
3362 2581 3375 2593 ⁸
3413 2563 3586 2617 ἔπειθ’
3618 2564 3716 2617 οὖ-

2106 2668 2185 2704 τω
2220 2650 2610 2723 παρελθόντας,
2654 2651 2763 2706 τῶν
2800 2653 2903 2722 τῆς
2951 2654 3178 2727 εἰρήνης
3225 2653 3446 2723 ἀγαθῶν
3497 2655 3717 2726 μεταδι-

2107 2744 2276 2810 δόναι,
2311 2746 2409 2798 καὶ
2442 2746 2703 2817 παρέχειν
2738 2744 2986 2815 ἀφθόνως
3012 2745 3090 2816 τῷ
3123 2747 3607 2819 μεμαρτυρημένῳ
3648 2748 3714 2801 οὑ

2112 2836 2291 2906 μόνον,
2317 2837 2454 2891 ἀλλά
2479 2839 2574 2891 καὶ
2597 2837 2761 2891 παντί
2783 2835 2862 2907 τῷ
2888 2838 3023 2908 οἴκῳ
3054 2836 3121 2891 δι’
3150 2838 3333 2892 αὐτόν.
3367 2839 3430 2891 Εἰ
3461 2835 3532 2902 δ’,
3553 2841 3717 2911 εὑρε·

2108 2926 2291 2992 θέντος
2332 2928 2485 2993 ἀξίου
2527 2929 2671 2993 τινὸς
2700 2930 2799 2983 καὶ
2847 2928 3247 3000 ὑποδεξαμένου
3284 2929 3375 2983 τὸν
3410 2932 3510 3001 τῆς
3551 2931 3719 3002 βασι-

2107 3018 2256 3084 λείας
2278 3020 2637 3093 στρατιώτην,
2677 3022 2920 3094 συμϐαίη
2948 3023 3078 3075 ποτὲ
3111 3016 3198 3076 οἷα
3227 3021 3487 3088 πολλάκις
3516 3025 3574 3076 ἐν
3616 3025 3717 3079 ἁν-

420 3120 531 3165 tem
553 3151 568 3177 ,
597 3108 741 3164 forte
769 3111 1035 3174 evenerit,
1060 3111 1201 3179 quod
1246 3126 1388 3180 sarpe
1424 3112 1475 3163 iu
1509 3112 1740 3180 religiosi
1773 3111 2003 3167 hominis

2112 3112 2231 3182 δρὸς
2262 3112 2395 3184 οἴκῳ
2435 3113 2726 3178 θεοσεϐοῦς
2766 3113 2926 3168 εἴωθε
2964 3113 3232 3182 γίνεσθαι,
3267 3113 3461 3183 γονέας
3488 3116 3523 3186 ἦ
3554 3114 3715 3168 ἀδελ-

419 3204 581 3257 domo
610 3201 726 3257 ﬁeri
753 3203 907 3264 solet,
927 3215 1181 3271 parentes
1207 3211 1299 3255 aut
1328 3201 1526 3257 fratres
1551 3212 1646 3256 aut
1675 3202 1813 3257 alios
1839 3218 2003 3273 gene-

420 3309 483 3351 re
506 3295 837 3365 propinquos
865 3295 1137 3349 adversari
1176 3310 1239 3349 ac
1281 3294 1477 3349 bellum
1508 3297 1658 3350 ciere
1704 3311 1809 3348 non
1843 3296 2002 3351 modo

419 3398 609 3443 contra
645 3387 918 3458 repulsum
943 3388 1225 3451 advenam,
1250 3403 1440 3441 verum
1484 3389 1647 3441 etiam
1687 3398 1875 3442 contra
1904 3389 2002 3443 bo-

422 3479 586 3547 spitio
615 3478 999 3543 bonorautem,
1028 3479 1340 3532 necessario
1383 3478 1572 3532 ltorum
1605 3495 1817 3548 quoque
1849 3496 2001 3533 men-

422 3571 624 3626 tionem
649 3567 908 3627 Servator
934 3587 1038 3625 non
1064 3569 1316 3641 neglexit,
1336 3570 1428 3623 sed
1456 3571 1729 3639 praedictis
1755 3572 1997 3626 addidit:

420 3662 563 3732 quod
592 3663 636 3718 si
664 3661 826 3733 digna
856 3663 1048 3718 domus
1079 3663 1263 3724 fuerit,
1296 3662 1477 3716 veniat
1499 3676 1600 3730 pax
1631 3672 1811 3717 vestra
1841 3679 2003 3732 super

422 3754 609 3818 illam;
645 3756 689 3810 si
723 3754 901 3809 minus
922 3751 1084 3824 digna
1118 3751 1296 3818 fuerit,
1333 3769 1437 3822 pax
1469 3762 1648 3808 vestra
1674 3755 1741 3808 ad
1784 3769 1877 3808 vos
1914 3769 2000 3808 re-

422 3854 688 3900 vertatur.
721 3844 831 3899 Vos
878 3845 1095 3913 quidem
1130 3860 1233 3899 non
1284 3859 1406 3897 eum
1453 3843 1628 3898 solum
1675 3845 1768 3914 qui
1798 3844 2000 3900 bonum

426 3935 796 3991 testimonium
821 3934 1090 4001 babuerit,
1125 3934 1327 4005 quique
1354 3944 1535 3991 vestro
1555 3951 1776 3991 accessu
1809 3938 2002 4008 dignus

429 4027 613 4094 fuerit,
645 4026 793 4097 pacis
830 4025 1297 4082 benedictionibus
1327 4028 1698 4097 impertimini,
1719 4028 1811 4082 sed
1835 4038 1889 4083 et
1905 4028 2002 4083 toti

425 4119 607 4175 domui
633 4118 770 4189 ejus,
805 4119 858 4173 id
900 4128 984 4173 est
1014 4117 1371 4174 familiaribus
1419 4128 1580 4186 atque
1611 4121 1875 4190 cognatis,
1904 4134 2000 4189 pa-

422 4211 638 4264 cillcam
682 4211 908 4265 salutem
950 4212 1132 4277 dicite,
1181 4222 1526 4280 vestrumque
1560 4210 1789 4265 oﬂicium
1828 4213 2003 4266 abun-

424 4303 617 4358 danter
642 4311 806 4372 atque
836 4302 1051 4372 copiose
1075 4303 1141 4357 ad
1174 4313 1443 4373 parentes,
1473 4301 1690 4367 fratres,
1712 4315 2001 4373 cognatos-

423 4408 550 4461 que,
579 4405 635 4449 et
667 4404 832 4449 totam
873 4394 1099 4462 Ιιοεμίιὶε
1131 4394 1346 4448 domum
1381 4392 1659 4449 effundite.
1691 4394 1748 4449 Si
1780 4409 1908 4465 ergo
1947 4405 2003 4450 et

2104 3205 2239 3273 φοὺς
2279 3204 2311 3276 ἢ
2348 3206 2569 3278 ἑτέρους
2608 3205 2688 3279 τῷ
2714 3206 2863 3276 γένει
2901 3208 3277 3279 προσήκοντας
3327 3207 3713 3262 ἐναντιοῦσθαι

2103 3295 2197 3349 καὶ
2226 3296 2502 3367 πολεμεῖν,
2534 3299 2594 3351 οὐ
2635 3299 2795 3369 μόνον
2836 3301 2926 3353 τὸν
2969 3299 3352 3371 ὲπεξωσμένον
3393 3299 3531 3371 (56),
3567 3299 3715 3355 ἀλλά

2104 3388 2196 3440 καὶ
2219 3388 2280 3441 τὸ
2298 3391 2364 3460 τῇ
2389 3389 2623 3460 ὑποδοχῇ
2657 3393 3010 3462 τετιμηκότα,
3039 3393 3351 3463 ἀναγκαίως
3374 3392 3471 3445 καλ⁴
3498 3391 3712 3447 τούτων

2102 3479 2131 3531 ὁ
2159 3481 2352 3552 Σωτὴρ
2378 3482 2439 3535 οὑ
2484 3482 2733 3554 παρῆλθε
2761 3484 2863 3556 τὴν
2905 3486 3147 3556 μνήμην,
3175 3485 3291 3538 ἀλλ’
3323 3484 3572 3552 ἐπιλέγει
3595 3487 3714 3548 τοῖς

2102 3573 2603 3644 προτεταγμένοιςο
2648 3574 2749 3629 κᾶν
2795 3576 2894 3647 μὲν
3008 3580 3041 3649 ή
3079 3578 3225 3631 οἰκία
3250 3576 3397 3642 ἀξίαν
3435 3576 3647 3630 ἐλθέτω
3675 3578 3709 3648 ἢ

2102 3667 2293 3739 εἰρήνη
2327 3668 2484 3739 ὑμῶν
2511 3669 2599 3722 ἐπ’
2631 3670 2833 3742 αὑτήν
2864 3671 2958 3725 ἐὰν
2987 3671 3045 3724 δὲ
3085 3672 3160 3743 μὴ
3259 3670 3409 3739 ἀξία,
3439 3674 3474 3743 ή
3509 3672 3714 3741 εἰρήνη

2105 3759 2258 3829 ὑμῶν
2286 3762 2370 3830 ἐφ’
2396 3761 2543 3831 ὑμᾶς
2575 3762 2981 3834 ἐπιστρεψάτω.
3021 3763 3212 3835 Ὑμεῖς
3245 3763 3343 3833 μὲν
3368 3764 3498 3835 γὰρ,
3539 3762 3705 3834 φησὶ,

2102 3850 2197 3905 τοῦ
2236 3853 2734 3925 μεμαρτυρημένου
2769 3856 2950 3927 χάριν,
2986 3854 3081 3907 τοῦ
3116 3854 3210 3909 καὶ
3255 3854 3356 3924 τῆς
3390 3853 3714 3917 ἐπιϐάσεως

2103 3944 2204 4015 τῆς
2236 3945 2507 4016 ὑμετέρας
2531 3945 2708 4012 ἀξίου,
2738 3947 2812 4019 μὴ
2846 3948 3006 4018 μόνον
3026 3948 3189 4001 αὑτὸν
3216 3950 3336 4010 ταῖς
3351 3945 3453 4016 τῆς
3479 3948 3713 4018 εἰρήνης

2103 4033 2396 4103 εὑλογίαις,
2437 4036 2574 4091 ἀλλά
2597 4039 2693 4092 καὶ
2718 4038 2896 4092 πάντα
2919 4037 3010 4092 τὸν
3038 4032 3207 4103 οἷκον,
3231 4037 3434 4109 δηλαδὴ
3455 4037 3584 4100 τοὺς
3610 4037 3716 4090 αὑο

2103 4127 2197 4180 τοῦ
2228 4127 2463 4191 οἰκείους
2494 4129 2590 4182 καὶ
2617 4132 2918 4198 συγγενεῖς,
2951 4131 3172 4200 εἰρήνης
3205 4128 3516 4197 ἀσπασμοῖς
3541 4128 3714 4196 εὐαγ-

2104 4217 2405 4287 γελίζεσθε,
2434 4220 2529 4273 καὶ
2571 4219 2639 4274 τά
2667 4222 2796 4290 παρ’
2826 4221 2983 4292 ὑμῶν
3021 4220 3269 4290 ἀφθόνως
3301 4218 3395 4272 καὶ
3432 4217 3713 4283 πλουσίως

2103 4310 2395 4366 ἀπλοὺσθω
2416 4313 2496 4376 εἰς
2523 4312 2716 4381 γονέας
2739 4313 2833 4366 καί
2853 4312 3116 4382 ἀδελφοὺς
3140 4313 3236 4365 καὶ
3263 4313 3549 4380 συγγενεῖς
3566 4311 3714 4365 πάν-

2104 4421 2172 4458 τα
2198 4421 2258 4457 τε
2291 4404 2383 4457 τὸν
2416 4400 2563 4458 οἷκον
2589 4404 2683 4458 τοῦ
2713 4405 3164 4475 ὑποδεδεγμένου.
3208 4405 3270 4458 Εἰ
3300 4404 3399 4476 μὲν
3424 4399 3519 4458 οὖν
3542 4404 3712 4476 εὑρε-

422 4483 478 4540 hi
507 4494 686 4539 vestra
708 4484 1083 4540 benedictione
1103 4485 1248 4555 digni
1281 4485 1542 4553 comperti
1574 4484 1797 4551 fuerint,
1824 4487 1997 4542 veniat

2112 4493 2242 4547 θεῖεν
2265 4494 2357 4547 καὶ
2381 4488 2528 4548 οὗτοι
2551 4493 2653 4565 τῆς
2678 4495 2949 4567 ὑμετέρας
2970 4494 3222 4563 εὐλογίας
3248 4494 3409 4558 ἄξιοι,
3435 4492 3649 4547 ἐλθέτω
3672 4495 3709 4565 ή

423 4588 526 4644 pax
559 4584 739 4630 vestra
766 4590 929 4645 super
949 4589 1159 4642 omnes,
1184 4589 1285 4630 ceu
1314 4575 1451 4630 ﬁlios
1473 4576 1643 4646 pacis.
1679 4576 1775 4630 Sin
1805 4585 1997 4630 contra

425 4670 607 4722 hostes
632 4682 925 4732 osoresque
953 4676 1145 4722 vestrae
1175 4667 1322 4737 pacis
1351 4667 1452 4722 visi
1485 4666 1707 4734 fuerint,
1741 4683 1805 4722 ac
1828 4667 1999 4721 nulla-

425 4769 580 4813 tenus
601 4774 665 4813 ea
693 4759 861 4829 digni,
900 4759 1162 4827 tollentes,
1197 4759 1396 4831 inquit,
1415 4762 1552 4815 bona
1576 4769 1756 4815 vestra
1775 4760 1841 4814 ab
1859 4760 1999 4814 iudi-

422 4852 828 4923 gnis-recedite,
864 4867 1076 4922 paxque
1102 4862 1282 4908 vestra
1310 4851 1378 4907 ad
1407 4866 1502 4907 vos
1531 4862 1838 4907 revertatur
1859 4893 1875 4918 ,
1905 4866 1999 4907 ve-

421 4954 533 4997 stra
558 4943 764 4999 scilicet
798 4943 1170 5000 benedictione
1199 4946 1267 5002 ad
1312 4961 1411 5002 vos
1442 4945 1702 5002 redeunte
1730 4945 1852 5014 quia
1878 4960 2001 5015 par-

424 5046 506 5092 tes
538 5047 749 5093 vestras
772 5037 1115 5108 implevistis.

497 5217 541 5252 ⁸³
568 5217 639 5273 Et
674 5218 732 5275 iu
775 5220 1446 5303 quamcunquecivitatem
1492 5221 1848 5289 intraveritis,
1883 5231 1932 5276 cl

900 5300 1218 5361 susceperint
1266 5307 1379 5355 vos,
1410 5300 1516 5346 etc.

493 5380 590 5436 llis
622 5382 804 5437 verbis
847 5395 1038 5438 rursus
1082 5382 1233 5453 ipsos
1273 5382 1429 5453 jubet
1464 5384 1762 5454 praedicare
1792 5383 1885 5438 Dei
1917 5397 2003 5439 re-

421 5486 606 5543 gnum,
640 5474 804 5542 idque
842 5472 953 5542 jam
983 5474 1346 5545 propinquum
1377 5474 1670 5530 nuntiare:
1698 5487 1872 5543 neque
1908 5487 2004 5526 va-

422 5578 548 5617 nam
569 5579 744 5635 neque
764 5566 883 5621 siue
903 5565 1365 5624 demonstratione
1383 5566 1689 5625 orationem
1715 5565 1999 5633 habentes,

493 5674 541 5708 ⁸⁸
559 5692 679 5744 cap.
715 5693 768 5742 ι,
799 5679 853 5737 8.
913 5736 916 5739 λ

503 5768 608 5844 (tibi
648 5769 781 5827 Cod.
818 5769 1181 5844 ἐπεξωμένον.

2103 4588 2293 4658 εἰρήνη
2321 4586 2476 4658 ὑμῶν
2510 4588 2605 4641 ἐπὶ
2649 4588 2858 4651 πάντας
2880 4588 2955 4652 ὡς
2984 4588 3244 4650 ὲπὶυίοὺς
3271 4586 3495 4658 εἰρήνης
3517 4602 3531 4615 ·
3577 4588 3631 4639 εἰ
3660 4586 3707 4639 δ’

2105 4677 2288 4750 ἐχθροὶ
2321 4680 2419 4733 καὶ
2465 4679 2716 4750 πολέμιοι
2748 4682 2849 4751 τῆς
2890 4680 3162 4751 ὑμετέρας
3199 4678 3412 4748 ὀφθεῖεν
3451 4679 3708 4750 εἰρήνης,

2105 4769 2199 4823 καὶ
2224 4769 2474 4842 οὑδαμῶς
2503 4768 2674 4839 αὑτῆς
2711 4768 2872 4835 ἄξιοι,
2909 4771 3163 4842 ἄραντες,
3194 4768 3703 4841 φησί,τάὑμέτερα

2105 4857 2307 4928 ἀγαθὰ,
2338 4859 2446 4914 τῶν
2487 4861 2719 4929 ἀναξίων
2745 4862 3103 4934 ὑποχωρεῖτε,
3134 4861 3228 4914 καὶ
3255 4863 3287 4932 ή
3321 4862 3512 4932 εἰρήνη
3544 4860 3706 4930 ὑμῶν

2104 4954 2188 5020 ἐφ’
2223 4953 2367 5022 ὑμᾶς
2393 4951 2795 5024 ἐπιστρεψάτω,
2823 4953 2924 5026 τῆς
2954 4952 3015 5018 ἐξ
3043 4952 3197 5023 ὑμῶν
3234 4951 3482 5020 εὐλογίας
3513 4952 3603 5021 ἐφ’
3642 4954 3705 5005 ὑ-

2106 5047 2213 5115 μᾶς
2239 5047 2399 5102 πάλιν
2441 5047 2891 5119 μεταϐαινούσης,
2931 5049 3014 5101 ὅτι
3046 5048 3108 5115 δὴ
3139 5047 3209 5101 τά
3240 5048 3371 5118 παρ’
3403 5046 3561 5117 ὑμῶν
3604 5061 3708 5101 πε-

2104 5137 2209 5210 πλη
2220 5137 2431 5210 ρώκατε
2439 5181 2452 5194 .

2099 5231 2211 5285 Καὶ
2239 5234 2326 5297 εὶς
2350 5231 2432 5300 ἣν
2454 5233 2505 5287 δ’
2538 5233 2623 5289 ἂν.
2655 5237 2841 5324 afﬁxa}-
2869 5231 3229 5354 slaépzita'as
3271 5230 3369 5285 καί
3403 5228 3701 5299 δέχωνται

2682 5322 2867 5354 'vuar.
2902 5322 2957 5354 κ.
2983 5320 3035 5354 τ.
3107 5342 3123 5354 .

2682 5320 2867 5374 ’ῡμας,
2902 5322 2957 5358 κ.
2983 5320 3035 5357 τ.
3072 5320 3123 5357 Α.

2187 5393 2273 5446 Ἐν
2295 5395 2506 5462 τούτοις
2527 5415 2590 5467 γε
2620 5397 2782 5452 πάλιν
2813 5395 3105 5470 κηρύττειν
3128 5392 3224 5448 τοῦ
3249 5391 3383 5448 Θεοῦ
3412 5393 3514 5464 τὴν
3543 5392 3700 5461 βασι-

2098 5481 2268 5549 λείαν,
2297 5488 2392 5542 καὶ
2419 5489 2706 5559 ἡγγικέναι
2730 5489 2906 5559 λέγειν
2933 5487 3103 5560 αὑτὴν
3130 5485 3529 5559 παρεκελεύετο
3547 5502 3562 5517 ο
3595 5485 3696 5538 οὑκ

2100 5574 2267 5646 ἀργὸν
2300 5577 2408 5631 οὐδ’
2435 5580 2824 5635 ἀναπόδεικτον
2870 5578 3223 5650 ποιουμένους
3265 5576 3355 5632 τὸν
3397 5575 3578 5644 λόγον,
3626 5574 3697 5628 τὰ
