3858 6214
203 253 313 314 535

1373 259 1873 316 COMMENTARIA
1903 258 1970 314 lN
2004 233 2285 314 LUCAM.‘

3365 257 3470 315 εει

197 377 560 450 γνωρίσματα
592 377 650 431 δέ
678 377 1025 448 ,παρέχοντας
1049 377 1142 432 τοῦ
1172 379 1546 451 κηρύγματος,
1585 380 1673 434 διὰ
1698 381 1792 434 τοῦ

1898 379 1993 435 sed
2043 377 2805 449 pradicationis'argumenta
2837 374 3178 441 exhibentes,
3217 378 3469 433 curandis

200 467 527 541 θεραπεύειν
552 468 676 531 τοὺς
697 472 827 537 παρ’
848 470 1030 533 αὐτοῖς
1051 469 1316 536 ἀσθενεῖς,
1342 471 1435 524 καὶ
1456 471 1606 525 οὐδὲν
1627 473 1791 526 πλέον

200 560 299 631 τῆς
346 558 623 631 ἐφημέρου
668 564 875 634 τροφῆς
917 562 1325 633 ἀποφέρεσθαιο
1375 563 1404 616 δ
1441 563 1505 636 δὴ
1552 565 1791 636 παρίστη

198 651 405 722 λέγων’
448 650 687 706 Ἐσθίετε
725 652 794 707 τὰ
841 652 1254 725 παρατιθέμενα
1295 655 1443 724 ὑμῖν,
1495 654 1589 709 καί
1632 655 1792 728 θερα-

198 742 399 797 πεύετε
441 746 570 809 τοθις
605 747 663 801 ἐν
694 746 879 810 αὐτοῖς
919 746 1185 810 ἀσθενεῖς.
1231 746 1449 818 Ἐπειδὴ
1482 747 1528 800 δ’
1567 748 1791 803 ἀντέπι-

198 851 360 899 πτεν,
400 836 451 888 εί
495 831 588 890 οὖν
618 836 692 909 μὴ
732 836 980 909 εὑρεθείη
1019 854 1101 900 τις
1147 836 1294 903 ἄξιος
1336 837 1435 908 τῆς
1463 836 1795 910 δηλωθείσης

200 925 493 997 ὑποδοχῆς,
538 928 591 981 τί
626 928 733 1000 χρὴ
773 928 1032 1000 πράττειν
1080 927 1314 992 αὐτούς;
1351 928 1656 994 ἀκολούθως
1698 932 1794 985 καὶ

203 1019 341 1090 περὶ
361 1017 568 1072 τούτων
592 1020 893 1073 ἐπάκουσον
928 1014 1017 1072 οἷα
1046 1019 1287 1075 διδάσκει
1311 1018 1481 1088 λέγων
1503 1019 1629 1091 ἐξῆς
1649 1038 1663 1051 ·
1688 1025 1794 1088 Είς

199 1107 285 1175 ἢν
334 1108 386 1162 δ’
420 1108 498 1164 ἂν
551 1111 732 1165 πόλιν
778 1110 1161 1180 εἰσέρχησθε,
1222 1109 1321 1164 καὶ
1373 1109 1460 1180 μὴ
1506 1109 1793 1180 δέχωνται

201 1200 379 1271 ὑμᾶς,
417 1220 471 1256 κ.
500 1219 552 1255 τ.
577 1202 627 1256 λ.

202 1294 385 1350 Ὅταν
428 1298 461 1349 ό
497 1296 743 1364 ἰσχυρὸς
784 1295 1276 1364 καθωπλισμένος
1334 1294 1624 1366 φυλάσσῃ
1679 1294 1794 1365 τὴν

632 1366 849 1420 ἑαυτοῦ
869 1366 1090 1435 αὐλὴν,
1124 1384 1177 1421 κ.
1205 1383 1255 1420 τ.
1283 1367 1332 1421 λ.

286 1456 531 1531 Ἷσχυρδν
564 1459 660 1528 μέν
684 1458 775 1512 τὸν
806 1459 1208 1530 κατισχύσαντα
1238 1457 1332 1512 τοῦ
1361 1460 1551 1528 γένους
1570 1457 1677 1513 τῶν
1699 1458 1793 1512 ἀν-

201 1545 439 1620 θρώπων
464 1547 706 1603 διάϐολον
727 1549 906 1618 λέγει’
932 1549 1103 1621 αὐλὴν
1121 1550 1179 1604 δὲ
1210 1549 1374 1604 αὐτοῦ
1404 1550 1495 1604 τὸν
1517 1549 1792 1619 περίγειον

198 1639 315 1693 τῶν
346 1639 554 1710 θνητῶν
582 1641 745 1696 τόπον
775 1642 887 1713 (57)
907 1658 921 1673 ⁸
950 1643 1261 1716 ὑπάρχοντα
1292 1642 1348 1697 δὲ
1373 1642 1529 1696 πάντ’
1553 1644 1732 1696 ἐκεῖνα
1756 1641 1793 1696 ἃ

1893 472 1984 541 qui
2009 471 2149 540 apud
2174 469 2296 524 illos
2322 468 2504 525 forent
2536 469 2788 534 infirmis,
2814 483 2986 539 neque
3006 478 3289 539 propterea
3314 471 3472 540 quid-

1893 578 2054 634 quam
2086 563 2223 616 ultra
2268 563 2577 632 quotidiana
2616 561 2874 616 alimenta
2906 563 3255 633 accipientes.
3297 561 3470 630 Quam

1893 670 2005 710 rem
2034 655 2107 708 ita
2150 654 2320 710 edixit
2353 672 2368 711 :
2407 652 2730 708 Manducate
2755 667 2875 722 qua:
2912 664 3253 724 apponuntur
3295 656 3471 712 vobis.

1892 757 1947 803 et
1970 760 2159 804 curate
2206 747 2482 811 infirmos,
2516 747 2606 817 qui
2642 748 2785 816 apud
2822 760 2917 801 eos
2970 757 3116 802 sunt.
3164 748 3301 815 Quia
3343 764 3476 803 vero

1893 839 2019 894 illud
2053 839 2326 904 obstabat,
2359 852 2552 906 nempe
2572 837 2618 892 si
2645 852 2775 902 ergo
2807 851 2969 892 nemo
3005 838 3201 908 dignus
3230 853 3326 894 vos
3375 840 3475 895 ho-

1892 931 2054 999 spitio
2096 929 2391 999 recipiendi
2430 929 2612 993 fuerit,
2645 930 2775 1000 quid
2823 929 2969 984 factu
3009 944 3146 1000 npus
3172 930 3473 984 erit?con-

1892 1031 2186 1091 sequenter
2229 1021 2353 1075 audi
2406 1021 2534 1089 quid
2584 1019 2685 1075 hac
2731 1035 2900 1090 super
2937 1035 2995 1075 re
3034 1021 3088 1075 in
3125 1018 3475 1090 sequentibus

1893 1113 2068 1169 dicat:
2095 1112 2154 1168 Si
2181 1130 2339 1182 quant
2373 1129 2493 1168 vero
2513 1114 2570 1167 in
2594 1114 2772 1174 urbem
2797 1114 3141 1181 intraueritis,
3164 1112 3477 1185 minimeque

1892 1223 1982 1261 vos
2007 1207 2323 1275 exceperint,
2349 1219 2454 1260 etc.

1927 1300 1975 1332 ⁸⁸
1996 1297 2127 1354 Cum
2153 1300 2305 1369 [ortis
2346 1308 2587 1353 armatus
2626 1299 2855 1352 custodit
2888 1298 3083 1353 atrium
3121 1313 3300 1365 suum,
3325 1308 3435 1357 etc.

1896 1509 1903 1519 ,
1960 1452 2182 1509 Fortem
2202 1443 2429 1523 quidem
2456 1454 2583 1508 dicit
2616 1454 2884 1511 diabolum
2911 1496 2927 1521 ,
2958 1455 3048 1526 qui
3098 1457 3357 1513 adversus
3384 1456 3478 1512 ho-

1892 1549 2096 1603 minum
2137 1563 2305 1618 genus
2344 1547 2719 1617 prtevalnerat.
2759 1548 2968 1603 Atrium
3023 1547 3262 1617 ejusdem
3292 1550 3478 1620 appel-

1894 1641 1968 1695 lat
2014 1648 2287 1695 terrenum
2321 1654 2350 1692 a
2391 1638 2708 1694 mortalibus
2742 1639 3042 1694 habitatum
3065 1639 3477 1710 spatiurnzpos-

200 1732 268 1802 δὴ
310 1732 583 1799 ἐπιδείξας
626 1734 704 1804 τῷ
752 1734 965 1807 Σωτῆρί
1020 1751 1151 1788 ποτε
1198 1733 1384 1804 ἔλεγεν
1406 1750 1420 1764 '
1471 1732 1659 1789 Ταῦτά
1701 1748 1793 1787 σοι

1902 1732 2170 1787 sessiones
2196 1747 2324 1787 vero
2350 1732 2469 1802 ejus
2510 1729 2598 1784 illa
2651 1731 2833 1786 omnia
2873 1747 2995 1800 quae
3037 1731 3163 1787 olim
3199 1731 3474 1788 Servatori

200 1823 404 1876 πάντα
432 1823 624 1890 δώσω,
651 1825 761 1880 ἐὰν
784 1824 991 1879 πεσὼν
1014 1825 1452 1896 προσκυνήσῃς
1471 1843 1594 1895 μοι,
1624 1826 1710 1878 ὅτε
1733 1827 1791 1879 ἐν
1813 1851 1818 1857 -

198 1914 282 1985 τῷ
328 1914 520 1987 ὑψηλῷ
550 1916 665 1989 ὄρει
710 1916 910 1983 ἔδειξεν
943 1917 1094 1989 αὐτῷ
1137 1918 1236 1982 τὰς
1271 1916 1548 1988 βασιλείας
1577 1916 1670 1971 τοῦ
1696 1917 1791 1971 κό-

205 2023 352 2079 σμου
381 2008 478 2061 καὶ
517 2007 615 2079 τὴν
654 2007 812 2072 δόξαν
844 2006 1031 2063 αὑτοῦ.
1077 2007 1238 2064 Ἀλλὰ
1287 2008 1453 2063 πάλαι
1484 2007 1583 2078 μὲν
1617 2007 1794 2062 ταῦτα

203 2099 375 2154 αὐτοῦ
403 2098 474 2153 τὰ
503 2100 815 2171 ὑπάρχοντα
842 2102 900 2154 ἐν
919 2100 1110 2173 εἰρήνῃ
1136 2095 1224 2172 ἦν,
1246 2098 1470 2172 μηδενὸς
1495 2098 1657 2152 αὐτοῦ
1689 2099 1792 2168 ὰφ-

208 2192 537 2264 αιρουμένου
560 2208 575 2222 ο
617 2193 705 2246 ὅτε
749 2208 814 2259 γε
857 2190 963 2263 μὴν
989 2192 1019 2244 ὁ
1051 2191 1397 2262 ἰσχυρότερος
1442 2189 1606 2243 αὑτοῦ
1633 2188 1792 2243 ἐπελ-

206 2283 319 2337 θὼν
347 2282 757 2347 καταπαλαίσας
788 2299 849 2336 τε
886 2281 1046 2336 αὑτὸν
1071 2282 1289 2352 δεσμοῖς
1326 2279 1634 2353 περιέϐαλε,
1669 2280 1792 2333 τότε

205 2375 304 2429 καὶ
327 2375 428 2445 τὴν
461 2373 761 2428 πανοπλίαν
804 2371 968 2427 αὑτοῦ
998 2371 1269 2442 ἀφείλετο,
1310 2366 1452 2445 ἐφ’ᾖ
1490 2370 1788 2435 ἐπεποίθει,

206 2467 400 2522 καὶτὰ
442 2466 619 2521 σκῦλα
646 2464 811 2519 αὑτοῦ
845 2463 1096 2537 ἁρπάσας
1117 2462 1355 2516 διέδωκε.
1394 2459 1701 2515 Πανοπλίαν
1734 2461 1791 2514 δὲ

202 2560 374 2614 αὐτοῦ
405 2559 507 2632 τὴν
550 2559 659 2621 τῶν
705 2557 975 2630 δαιμόνων
1014 2554 1272 2610 πολύθεον
1303 2554 1529 2627 πλάνηνι
1551 2553 1787 2625 ᾐνίξατο.

207 2650 391 2705 Ὅπλα
418 2650 528 2723 γὰρ
564 2648 809 2704 διαϐόλου
842 2649 893 2701 οἱ
935 2644 1210 2718 πανταχοῦ
1245 2646 1349 2717 γῆς
1375 2645 1649 2718 ἱδρυμένοι
1678 2644 1793 2698 δαί-

208 2760 373 2815 μονες
418 2741 807 2812 συνεργοῦντες
844 2738 1011 2795 αὐτοῦ
1052 2741 1118 2810 τῇ
1165 2737 1307 2792 κατὰ
1347 2737 1453 2792 τῶν
1492 2736 1792 2809 ἀνθρώπιον

202 2833 515 2907 τυραννίδι’
560 2831 733 2886 σκῦλα
771 2831 829 2885 δὲ
860 2827 1001 2903 ἦσαν
1046 2828 1211 2883 αὐτοῦ
1250 2830 1306 2882 ai
1339 2828 1449 2882 τῶν
1490 2826 1792 2900 ἀνθρώπων

200 2926 378 2998 ψυχαὶ
445 2924 553 2980 ὑπὸ
610 2926 712 2996 τῆς
742 2922 1058 2994 διαδολικῆς
1117 2921 1418 2985 πανοπλίας
1459 2919 1792 2992 αἰχμάλωτοι

201 3018 544 3089 ἁπηγμέναι.
563 3014 724 3069 Ἀλλὰ
766 3015 858 3069 τὸν
890 3015 988 3085 μὲν
1018 3014 1191 3068 δεινὸν
1230 3016 1435 3067 ἐκεῖνον
1473 3012 1733 3085 τύραννον
1764 3011 1795 3065 ὁ

1898 1825 2189 1879 ostendens
2215 1824 2396 1878 aiebat
2422 1841 2435 1875 :
2466 1821 2596 1878 IIwc
2626 1824 2804 1877 omnia
2831 1823 2925 1877 tibi
2947 1824 3105 1889 dabo,
3127 1824 3173 1878 si
3199 1825 3475 1894 precidem

1898 1917 2200 1971 adaraveris
2222 1932 2302 1970 me
2318 1914 2388 1982 ⁸⁸,
2415 1929 2606 1985 nempe
2633 1928 2757 1970 eum
2795 1914 2848 1968 in
2875 1914 3091 1969 excelso
3120 1923 3304 1970 monte
3338 1930 3477 1969 cun—

1898 2018 1983 2063 cla
2014 2007 2089 2062 illi
2134 2008 2320 2062 mundi
2353 2022 2519 2078 regna
2569 2005 2901 2077 gloriamque
2936 2005 3175 2076 ejusdem
3217 2006 3469 2061 ostende-

1897 2099 2008 2154 bat.
2049 2096 2153 2153 Sed
2192 2098 2318 2152 olim
2351 2098 2569 2167 quidem
2604 2098 2686 2152 hze
2718 2097 3090 2164 possessiones
3117 2097 3233 2166 ejus
3265 2099 3318 2151 in
3345 2112 3478 2167 pace

1897 2197 2073 2255 erant,
2109 2190 2390 2244 auferente
2420 2190 2653 2245 nemine.
2687 2188 2793 2244 Sed
2828 2204 2951 2243 cum
2983 2188 3177 2245 fortior
3197 2204 3262 2245 eo
3286 2204 3477 2259 super-

1897 2282 2142 2347 veniens,
2178 2297 2412 2351 eumque
2453 2297 2769 2354 oppugnatis
2794 2281 3023 2338 vinculis
3063 2281 3322 2351 alligavit,
3349 2292 3476 2337 tunc

1897 2382 1951 2429 et
1969 2373 2209 2444 ejusdem
2233 2385 2562 2428 armaturam
2586 2375 2809 2431 abstulit
2827 2374 2909 2431 cui
2930 2372 3255 2439 confidebat,
3271 2383 3327 2428 et
3352 2390 3477 2444 spec

1897 2465 1969 2520 lia
2001 2465 2210 2535 direpta
2238 2465 2537 2520 distribuit.
2572 2465 2742 2523 Porro
2764 2479 3052 2524 armatura:
3099 2466 3477 2526 nomium—diua-

1895 2557 2056 2613 bolici
2085 2555 2428 2627 polytheismi
2463 2572 2710 2612 errorem
2745 2559 2942 2613 innuit.
2984 2559 3149 2614 Arma
3184 2563 3329 2617 enim
3360 2562 3477 2617 dia-

1896 2649 2006 2705 boli
2038 2656 2164 2704 sunt
2198 2648 2469 2705 daemones
2500 2650 2697 2719 ubique
2734 2660 3001 2706 terrarum
3044 2653 3348 2715 constituti,
3379 2670 3476 2708 au-

1899 2741 2118 2798 xiliares
2165 2740 2280 2810 ejus
2324 2743 2589 2799 adversus
2636 2743 2886 2798 homines
2935 2745 3258 2815 tyrannidis.
3294 2746 3475 2815 Spolia

1897 2834 2114 2905 quidem
2154 2841 2313 2889 erant
2351 2835 2617 2904 ejusdem,
2648 2835 2923 2890 hominum
2972 2836 3164 2890 animae
3193 2836 3476 2893 diabolicis

1900 2926 2066 2982 armis
2089 2926 2142 2982 in
2180 2927 2547 2998 captivitatem
2574 2927 2816 2983 abductae
2837 2946 2852 2993 ;
2875 2928 2969 2984 sed
2995 2930 3139 2983 enim
3168 2929 3315 2985 illum
3341 2945 3479 3000 quo~

1900 3030 2006 3086 que
2053 3018 2367 3073 horribilem
2420 3027 2708 3089 tyrannum
2758 3019 3012 3074 Christus
3054 3020 3285 3076 vinculis
3335 3020 3476 3076 irre-

202 3109 444 3184 Χριστδς
473 3109 691 3179 δεσμοῖς
717 3104 1049 3179 περιϐαλὼν,
1074 3106 1254 3159 πᾶσαν
1287 3103 1451 3159 αὐτοῦ
1479 3103 1792 3158 διεσκέδασε

1899 3111 2058 3176 tiens,
2083 3111 2393 3164 universam
2428 3112 2544 3178 ejus
2574 3118 2908 3165 armaturam
2942 3111 3244 3181 dissipavit,
3279 3112 3477 3167 daemo-

201 3205 303 3276 τὴν
352 3202 674 3267 πανοπλίαν,
707 3203 834 3264 τοὺς
876 3199 1133 3270 δαίμονας
1168 3197 1367 3270 δηλαδὴ
1398 3198 1494 3252 καλ⁵
1523 3198 1592 3252 τὰ
1630 3198 1793 3253 πνεύ-
1821 3186 1837 3203 ’

206 3314 357 3370 ματα
385 3296 456 3350 τὰ
489 3294 793 3366 ἀκάθαρτα,
826 3292 927 3356 τὰς
954 3292 1212 3362 δυνάμεις
1238 3308 1298 3344 τε
1330 3290 1428 3354 τὰς
1478 3290 1790 3360 ἀντικειμέ-

202 3404 340 3451 ναςο
386 3387 458 3441 τὰ
488 3386 546 3439 δὲ
590 3384 762 3438 σκῦλα
794 3382 980 3445 αὐτοῦ,
1013 3382 1083 3436 τὰ
1120 3380 1288 3435 πάλαι
1326 3380 1700 3452 δεδουλωμένα
1722 3382 1790 3452 τῇ

201 3476 481 3551 τυραννίδι
524 3473 713 3539 αὐτοῦ,
766 3473 892 3545 ἔθνη
937 3471 1078 3543 φημὶ
1118 3473 1295 3526 πάντα
1338 3472 1794 3543 μεταστησάμενα

203 3569 307 3641 τῆς
350 3567 588 3631 παλαιᾶς
629 3565 892 3631 δουλείας,
928 3563 1243 3618 διαδέδωκεν
1291 3562 1510 3625 οἰκείοις
1542 3556 1794 3633 ,ἡγεμόσι

207 3663 307 3717 καὶ
335 3662 562 3735 ἄρχουσι
590 3662 703 3723 τοῖς
739 3659 829 3713 ὑπ’
854 3658 1017 3712 αὐτὸν
1045 3653 1401 3728 στρατιώταις
1427 3654 1525 3726 τῆς
1560 3653 1670 3707 τῶν
1702 3653 1794 3706 ού-

207 3754 391 3828 ρανῶν
421 3752 717 3826 βασιλείας,
743 3750 1061 3814 ἀποστόλοις
1097 3748 1297 3821 δηλαδὴ
1329 3749 1424 3803 καὶ
1449 3749 1563 3811 τοῖς
1588 3745 1794 3799 τούτων

203 3845 488 3916 διαδόχοις.
519 3845 654 3917 Περὶ
679 3836 756 3897 ὧν
779 3841 989 3897 σκύλων
1013 3840 1341 3913 θαυμαστῶς
1366 3842 1796 3912 προανεφωνεῖτο

207 3940 271 3994 ἐν
316 3938 626 4013 προφητείᾳ
671 3935 985 4007 φασκούσῃ’
1029 3935 1082 3987 '0
1130 3933 1429 4001 ,βασιλεὺς
1457 3930 1578 3986 τῶν
1610 3930 1794 3986 δυνά-

202 4047 370 4101 μεων
416 4028 526 4084 τοῦ
587 4025 943 4098 Ἀγαπητοῦ,
994 4025 1069 4095 τῇ
1121 4026 1428 4094 ὠραιότητι
1483 4023 1591 4079 τοῦ
1626 4023 1796 4077 οἴκου

207 4118 517 4175 διελέσθαι
553 4118 775 4173 σκῦλα.
839 4116 1127 4187 Τεκμήρια
1164 4115 1221 4168 δέ
1251 4113 1424 4168 ταῦτα
1457 4112 1661 4183 ἐναργῆ
1697 4112 1797 4183 τῆς

205 4211 308 4267 τοῦ
373 4210 510 4265 Θεοῦ
561 4208 839 4281 βασιλείας
881 4205 1251 4278 καθαιρούσης
1307 4205 1401 4259 καὶ
1437 4202 1798 4274 ταπεινούσης

208 4304 395 4360 πᾶσαν
425 4300 599 4374 ἀρχὴν
635 4302 734 4356 καὶ
777 4298 1025 4365 ἐξουσίαν
1059 4298 1155 4352 καὶ
1194 4297 1440 4368 δύναμιν,
1472 4294 1567 4350 καὶ
1618 4295 1798 4347 πᾶσαν

207 4394 312 4469 τὴν
343 4393 607 4448 πολύθεον
640 4393 738 4447 καὶ
773 4389 1090 4463 δαιμονικὴν
1120 4387 1434 4462 τυραννίδα,
1477 4385 1586 4440 τῶν
1626 4384 1671 4438 δ’
1704 4384 1797 4437 ἐπὶ

1894 3215 1990 3256 nes
2039 3201 2291 3257 videlicet
2346 3211 2401 3257 et
2446 3202 2686 3272 impuros
2732 3203 2988 3273 spiritus,
3033 3214 3088 3258 et
3137 3205 3479 3261 adversarias

1892 3303 2210 3363 potestates.
2233 3294 2414 3364 Spolia
2437 3309 2570 3349 vero
2597 3294 2749 3363 ejusi,
2780 3303 2970 3365 gentes
3022 3295 3241 3365 inquam
3292 3305 3479 3367 tyran-

1894 3385 2020 3440 nide
2038 3386 2205 3456 ipsius
2231 3387 2500 3455 quondam
2531 3401 2838 3457 oppressas,
2872 3395 3051 3441 vetere
3085 3388 3343 3442 servitute
3358 3402 3478 3441 om-

1893 3491 1993 3533 nes
2014 3488 2251 3548 ereptas,
2270 3479 2495 3534 ducibus
2518 3481 2631 3533 suis
2663 3478 3168 3544 tradidit,videlicet
3200 3486 3331 3532 nutu
3360 3477 3478 3548 ejus

1895 3583 1994 3640 pro
2016 3571 2279 3624 caelorum
2309 3585 2486 3647 regno
2512 3570 2888 3633 militantibus,
2931 3569 2983 3624 id
3014 3581 3098 3624 est
3127 3568 3391 3639 apostolis
3419 3577 3478 3624 et

1894 3660 2086 3715 horum
2123 3663 2547 3717 successoribus.
2582 3662 2655 3717 De
2699 3662 2895 3730 quibus
2933 3661 3122 3730 spoliis
3163 3660 3299 3715 mire
3347 3675 3477 3730 pro-

1894 3752 2184 3807 clamatnm
2225 3754 2405 3809 fuerat
2448 3755 2500 3807 in
2530 3755 2810 3825 prephetia
2858 3754 3072 3809 dicente
3115 3752 3271 3807 :Rea:
3311 3754 3475 3808 virtu-

1899 3852 2011 3899 tum
2041 3844 2255 3910 Dilecti,
2302 3845 2489 3915 speciei
2522 3846 2705 3900 domus
2749 3846 2978 3900 dividere
3012 3846 3178 3915 spolia
3201 3845 3268 3899 ".
3311 3845 3476 3915 Signa

1894 3951 2026 3991 vero
2064 3936 2178 3990 haec
2207 3944 2335 3990 sunt
2362 3933 2645 3989 manifesta
2686 3935 2853 3990 divini
2904 3937 3053 4005 regni
3088 3937 3478 4005 proslernentis

1897 4040 1961 4080 ac
1990 4026 2315 4081 destruentis
2355 4025 2650 4095 quemlibet
2697 4025 3094 4095 principatum,
3152 4034 3477 4095 potestatem

1898 4130 1965 4170 ac
1990 4117 2123 4179 vim,
2154 4128 2209 4171 et
2245 4116 2566 4171 diabolicam
2598 4131 2815 4170 onmem
2855 4116 3201 4188 polytheismi
3236 4117 3479 4188 tyranni-

1897 4206 2018 4261 dem
2040 4223 2054 4263 :
2074 4208 2215 4277 quod
2244 4222 2469 4276 regnum
2503 4207 2615 4277 jam
2652 4206 2705 4261 in
2732 4210 2864 4262 orbe
2893 4207 3040 4262 inter
3063 4207 3311 4263 homines
3345 4222 3480 4277 pra:-

1897 4298 2079 4353 valere
2108 4299 2421 4368 incipiebat.
2449 4300 2656 4355 Idcirco
2686 4301 2759 4353 ait
2779 4299 3040 4354 Servalor
3065 4316 3079 4351 :
3117 4299 3271 4363 Quod
3296 4299 3344 4352 si
3383 4313 3478 4367 ego

1898 4386 1953 4442 in
1982 4385 2183 4457 Spiritu
2210 4390 2308 4444 Dei
2332 4390 2490 4460 ejtcio
2536 4391 2818 4456 dcemonia,
2848 4391 3023 4459 utique
3051 4389 3275 4458 pervenit
3303 4390 3359 4443 in
3388 4404 3477 4441 vos

208 4488 318 4559 τῆς
343 4485 647 4557 ἑνθρώπων
670 4485 987 4556 ἐπικρατεῖν
1013 4481 1338 4553 ἀρχομένης.
1383 4479 1474 4532 Διό
1503 4494 1636 4549 φησι
1694 4477 1802 4530 Σω-
1829 4471 1875 4527 ι)
1904 4493 2119 4549 regnum
2146 4479 2245 4534 De;
2278 4482 2345 4535 ετ,
2390 4520 2397 4523 ν

206 4584 351 4655 τήρ·
381 4584 453 4636 Ei
480 4579 669 4650 δ’ἐτὼ
705 4580 775 4634 ἐν
807 4578 1106 4648 Πνεύματι
1154 4576 1302 4631 Θεοῦ
1356 4572 1629 4628 ἐκϐάλλω
1687 4569 1759 4624 τὰ
1808 4571 2103 4642 δαιμόνια,
2158 4573 2274 4644 ἄρα
2314 4576 2580 4646 ἔφθασεν
2614 4575 2709 4644 ἐφ’
2752 4571 2904 4644 ὑμᾶς
2949 4573 2989 4641 ἠ
3034 4571 3324 4637 ,ϐασιλεία
3371 4568 3479 4623 τοῦ

431 4768 501 4823 δὲ
524 4766 949 4837 προσφέρωσιν
969 4763 1127 4888 epit;-
1167 4762 1263 4817 ἐπὶ
1293 4760 1401 4829 τὰς
1417 4761 1793 4832 συναγωγὰς,

898 4853 954 4888 κ.
977 4853 1029 4888 τ.
1096 4873 1111 4887 ο

898 4853 954 4890 κ.
977 4853 1029 4890 τ.
1061 4853 1111 4888 Α.

284 4930 445 4986 οὕτω
470 4929 607 5002 δῆτα
656 4930 1001 5002 φρονήματος
1032 4926 1230 4990 αὐτοὺς
1266 4923 1503 4997 ἐπλήρου
1535 4923 1630 4977 καὶ
1660 4920 1794 4993 θάρ-

210 5040 341 5088 σους
365 5022 456 5077 διὰ
476 5021 571 5077 τοῦ
607 5021 849 5093 μεθέξειν
867 5020 1062 5084 αὑτόὺς
1094 5019 1237 5073 θείου
1271 5017 1586 5087 Πνεύματος
1622 5015 1797 5082 ἐπαγ-

209 5115 533 5186 γέλλεσθαι·
563 5115 632 5168 δι’
672 5112 833 5166 αὑτοῦ
868 5113 975 5184 γὰρ
1017 5111 1111 5166 καὶ
1152 5106 1516 5179 δυναμοῦσθαι
1547 5105 1694 5169 εἰκὸς
1725 5100 1794 5179 ἦν

207 5205 428 5269 αὐτούς.
460 5206 573 5259 Καὶ
601 5203 721 5267 πῶς
749 5202 858 5277 γὰρ
882 5203 982 5257 οὐκ
1006 5199 1227 5272 ἔμελλον
1251 5196 1675 5270 παραστήματος
1700 5194 1796 5248 καὶ

209 5296 452 5370 θάρσους
480 5297 576 5351 καὶ
608 5295 915 5369 προθυμίας
955 5289 1376 5366 ἐμπίμπλασθαι
1403 5286 1647 5360 ἁγαθῆς;
1679 5287 1795 5351 πῶς

206 5390 267 5444 δὲ
307 5391 386 5464 μὴ
407 5389 725 5462 θαρσαλέως
756 5391 955 5460 χωρεῖν
988 5387 1074 5457 ἐφ’
1097 5382 1399 5458 ἡγεμονικὰ
1419 5382 1514 5436 καὶ
1545 5379 1797 5452 βασιλικὰ

2008 4757 2055 4789 ⁸⁸
2081 4757 2213 4813 Cum
2237 4766 2412 4811 autem
2440 4757 2691 4810 inducent
2715 4770 2805 4810 vos
2842 4754 2896 4806 in
2928 4764 3240 4822 synagogas,
3263 4758 3367 4802 etc.

1973 4916 2068 4974 Sic
2092 4931 2225 4988 ergo
2271 4915 2394 4971 illos
2432 4916 2575 4970 bono
2611 4914 2796 4968 animo
2841 4926 2963 4968 esse
3004 4908 3231 4980 iubebat
3277 4914 3332 4961 et
3365 4902 3476 4957 ala-

1901 5010 2099 5066 critate
2129 5008 2391 5078 replebat,
2417 5005 2545 5060 dum
2573 5006 2738 5059 divini
2776 5003 3067 5073 participes
3093 4999 3331 5069 Spiritus
3355 5008 3479 5050 esse

1900 5100 2223 5158 allirmabat.
2247 5098 2443 5165 Quidni
2489 5099 2632 5153 enim
2658 5096 2853 5152 ﬁducia
2896 5109 3013 5159 eos,
3040 5086 3385 5151 confidentia,
3420 5094 3479 5140 et

1900 5192 2179 5248 alacritate
2203 5192 2391 5261 plenos
2411 5205 2532 5246 esse
2551 5168 2872 5258 Oportebat?
2899 5184 3097 5254 Quidni
3122 5180 3378 5235 audacter
3405 5175 3474 5228 ad

1867 5285 2139 5356 ‘judicum
2176 5296 2473 5355 regumque
2523 5281 2813 5336 tribunalia
2865 5279 2964 5345 ire,
3015 5291 3137 5331 cum
3171 5267 3473 5343 praemoniti

1902 5378 2133 5434 fuissent
2162 5391 2268 5431 non
2298 5377 2496 5432 debere
2529 5389 2621 5429 eos
2662 5373 2925 5429 meditato
2968 5368 3145 5424 studio
3171 5363 3311 5435 apud
3358 5376 3476 5416 ma-

284 5506 333 5541 “
361 5507 498 5564 Cn.
524 5524 597 5572 xi,
630 5507 721 5562 2|.
793 5505 841 5540 ⁸⁸
872 5505 1065 5561 Matth.
1108 5519 1183 5566 ιν,
1206 5504 1259 5559 9.
1329 5497 1539 5556 "Psal.
1573 5510 1742 5563 van,
1776 5492 1863 5550 15.
1936 5493 1981 5525 ⁸⁷
2015 5491 2203 5547 Matth.
2230 5504 2328 5558 xu,
2355 5490 2447 5547 28.
2538 5488 2583 5520 ⁸⁸
2609 5484 2737 5544 Car.
2790 5500 2894 5553 xu,
2936 5483 3021 5538 ll.

284 5651 396 5726 (εἶ)
437 5646 516 5726 ξος
553 5646 937 5726 fortiimiatn,
967 5642 1021 5697 id
1046 5650 1128 5696 est
1178 5638 1412 5707 diabolo,
1449 5637 1540 5708 qui
1577 5652 1605 5691 a
1638 5631 1858 5690 Christo
1915 5627 2013 5685 fuit
2071 5626 2387 5696 debellatus,
2445 5626 2680 5682 breviter
2722 5623 2919 5681 dicitur
2961 5622 3123 5679 etiam
3181 5618 3234 5673 in
3304 5615 3475 5672 Ther

208 5716 429 5798 ptiust,
456 5718 554 5773 lib.
574 5732 659 5784 ιιι,
686 5716 774 5769 57.

500 5810 775 5874 Ρλτιιοι..
821 5804 941 5867 Ga.
985 5801 1219 5864 XXIV.

3117 5775 3194 5839 18
