3858 6214
395 243 504 301 555

1048 238 1347 331 ‘EUSEBll
1381 221 1861 298 casam’susrs
1896 234 1962 293 οι

2088 232 2271 291 PARS
2305 233 2396 290 lIl.
2436 263 2507 275 --
2544 218 2962 288 EXEGETICA.

3497 197 3654 284 sse

396 361 657 433 gistratus
680 366 854 417 semet
876 324 1187 425 defendere,
1227 358 1322 416 sed
1355 358 1517 414 aliam
1555 358 1843 430 quamdam
1876 355 1962 411 ad-

2070 355 2411 427 δικαστήρια,
2444 355 2493 408 οἱ
2524 324 3036 426 προμεμαθηκότες,
3070 350 3152 403 ὅτι
3189 349 3264 421 μὴ
3288 348 3443 404 αὐτοὶ
3466 341 3576 402 εἷεν
3602 349 3656 403 οι

397 456 513 511 fore
561 454 850 509 harentem
888 450 1019 522 ipsis
1067 450 1302 506 divinam
1346 449 1626 515 virtutem,
1692 449 1845 520 cujus
1876 448 1964 502 in-

397 546 596 601 stinctu
616 542 891 616 iudicibus
916 541 1155 612 ipsisque
1187 540 1455 609 intrepide
1481 540 1700 612 regibus
1742 554 1967 609 respon-

397 638 511 694 suri
547 636 774 692 essent?
820 634 943 690 Haec
991 633 1191 690 dicenti
1235 633 1493 704 magistro
1542 641 1966 688 consentaneum

395 740 513 785 erat
539 727 836 797 discipulos
866 724 1027 782 facile
1066 725 1311 793 credere,
1349 740 1413 780 ac
1452 724 1759 779 nullatenus
1807 722 1966 778 dubi-

396 832 546 887 tare;
594 821 792 891 quippe
821 818 913 889 qui
947 832 1262 874 sermonum
1307 818 1499 873 horum
1546 816 1755 885 pondus
1787 814 1839 870 in
1876 830 1969 870 su-

395 913 697 983 perioribus
728 911 887 967 dictis
908 909 1345 980 exploraverant,
1389 908 1584 978 quibus
1618 907 1774 962 ﬁdem
1801 922 1966 977 opera

396 1006 656 1062 fecerant.
692 1003 793 1070 Qui
828 1016 960 1071 ergo
999 1000 1244 1056 inlirmos
1268 1000 1435 1055 divini
1469 999 1618 1055 verbi
1652 998 1853 1054 virtute
1881 1013 1968 1053 ro-

395 1096 737 1158 boraverant,
766 1093 1124 1163 morbumque
1149 1092 1289 1161 apud
1338 1092 1580 1147 homines
1610 1089 1968 1145 insanabilem

397 1191 599 1261 lepram
631 1196 687 1244 et
716 1186 851 1241 alias
876 1198 1162 1251 corporum
1189 1183 1467 1254 passiones
1511 1196 1746 1253 purgare
1773 1191 1968 1252 potue-

396 1291 541 1346 rant,
575 1287 630 1336 et
657 1278 852 1334 noxios
883 1277 1197 1334 hominibus
1246 1275 1519 1332 daemones
1562 1273 1764 1344 pellere
1825 1273 1968 1329 haud

396 1373 519 1428 ullis
547 1370 776 1428 curiosis
798 1368 1107 1441 praestigiis,
1139 1367 1233 1423 sed
1259 1366 1372 1423 sola
1398 1382 1426 1420 a
1457 1366 1678 1422 Christo
1706 1364 1969 1419 attributa

394 1464 574 1521 divina
620 1461 833 1532 gratia;
876 1475 975 1516 cur
1002 1467 1319 1515 vererentur
1364 1456 1715 1513 inferioribus
1755 1455 1838 1510 his
1864 1454 1968 1510 tri-

394 1542 680 1610 bunalibus
712 1553 968 1623 intrepidi
1002 1560 1205 1617 astare,
1237 1558 1291 1605 et
1319 1564 1444 1605 cum
1475 1547 1882 1620 magistratibus
1905 1561 1969 1602 ac

395 1647 615 1718 regibus
646 1643 982 1714 disceptare?
1030 1642 1139 1697 Cur
1167 1640 1398 1711 denique
1446 1639 1643 1696 ﬁducia
1669 1654 1776 1695 non
1807 1651 1970 1710 auge-

2072 446 2354 519 μέλλοντες
2394 444 2870 517 πεφροντισμένως
2903 445 3017 505 τοῖς
3059 441 3318 512 ἄρχουσιν
3368 440 3654 509 ἀπολογεῖ-

2071 540 2216 604 σθαι,
2243 539 2374 612 ἄλλη
2403 539 2460 593 δέ
2482 556 2564 602 τις
2594 540 2652 592 ἐν
2681 537 2861 600 αὐτοῖς
2889 534 3067 599 ἔνθεος
3094 533 3344 604 δύναμις,
3377 532 3444 586 δι’
3463 529 3534 604 ἧς
3562 531 3659 586 καὶ

2069 632 2331 702 ἡγεμόσιν
2367 630 2588 702 ἔμελλον
2615 628 3052 698 ἀκαταπλήκτως
3096 624 3302 694 ὁμιλεῖν
3347 624 3439 678 καὶ
3467 621 3655 688 αὐτοῖς

2072 720 2385 792 βασιλεῦσι;
2425 721 2535 774 Καὶ
2569 719 2739 772 ταῦτα
2760 717 2816 770 δέ
2842 717 3053 785 λέγοντι
3081 712 3160 786 τῷ
3182 713 3492 785 διδασκάλῳ
3519 713 3653 767 ἀκό-

2068 812 2256 866 λουθον
2280 808 2348 884 ἦν
2374 812 2499 876 τοὺς
2524 810 2769 882 μαθητὰς
2799 809 3135 872 ἀδιστάκτως
3176 805 3476 870 πιστεύειν,
3511 806 3661 861 κατά

2073 905 2280 977 μηδένα
2323 921 2385 958 τε
2430 903 2629 976 τρόπον
2677 901 2995 974 ἀμφιϐόλως
3048 898 3213 971 ἔχειν,
3258 897 3661 971 προειληφότας

2069 997 2178 1051 τῶν
2215 996 2388 1066 λόγων
2418 995 2514 1067 τὴν
2555 997 2749 1066 πεῖραν
2777 993 2866 1047 διὰ
2898 990 3006 1045 τῶν
3038 990 3347 1062 ἔμπροσθεν
3380 988 3659 1059 ἐπηγγελ-

2074 1090 2272 1162 μένων,
2316 1082 2390 1142 ὧν
2435 1087 2534 1160 τὴν
2561 1087 2744 1140 πίστιν
2778 1084 2959 1147 αὐτοῖς
2990 1082 3171 1154 ἔργοις
3200 1082 3655 1155 παρειλήφεισαν.

2071 1183 2133 1236 Οἱ
2164 1180 2294 1251 γοῦν
2316 1176 2671 1239 ἀσθενοῦντας
2709 1173 2868 1244 λόγου
2898 1173 3123 1245 δυνάμει
3151 1172 3294 1227 θείου
3335 1171 3658 1245 ρωννύντες,

2071 1250 2225 1327 νόσον
2272 1289 2333 1325 τε
2375 1269 2472 1341 τὴν
2516 1267 2732 1322 ἀνίατον
2780 1267 2837 1319 ἐν
2870 1264 3175 1335 ἀνθρώποις
3209 1250 3416 1336 λέπραν
3462 1263 3662 1318 καὶτὰ

2071 1363 2235 1418 λοιπά
2262 1362 2408 1434 πάθη
2435 1361 2543 1415 τῶν
2574 1358 2839 1430 σωμάτων
2864 1356 3254 1428 ἀποκαθαίρειν
3295 1351 3396 1410 οἶοί
3426 1372 3508 1422 τε,
3542 1354 3662 1408 δαί-

2074 1452 2241 1526 μονάς
2261 1470 2322 1506 τε
2354 1451 2719 1523 λυμαντικοὺς
2745 1447 3054 1520 ἀνθρώπων
3082 1447 3324 1501 ἐλαύνειν
3359 1447 3421 1500 οὐ
3452 1445 3543 1500 διά
3571 1462 3662 1499 τι-

2071 1564 2162 1611 νος
2188 1545 2484 1617 περιέργου
2518 1544 2877 1615 μαγγανείας,
2905 1541 2995 1596 διὰ
3024 1540 3081 1594 δὲ
3112 1539 3280 1611 μόνης
3307 1539 3407 1610 τῆς
3441 1539 3533 1593 ὑπ’
3567 1538 3665 1592 alio

2069 1636 2163 1690 τοῦ
2216 1634 2617 1709 χορηγηθείσης
2663 1634 2845 1697 αὐτοῖς
2888 1631 3071 1686 ἐνθέου
3121 1631 3364 1704 χάριτος,
3406 1630 3527 1694 πῶς
3555 1631 3664 1685 οὐκ

395 1747 603 1805 rentur,
632 1746 856 1807 propter
889 1735 1051 1789 dandi
1083 1734 1216 1801 ipsis
1245 1731 1479 1803 Spiritus
1507 1730 1962 1802 promissionem?

2069 1727 2288 1800 ἔμελλον
2310 1728 2405 1780 καὶ
2434 1728 2547 1790 τοῖς
2579 1724 2851 1796 δευτέροις
2874 1725 2985 1786 τοῖς
3018 1739 3085 1775 πε
3092 1723 3146 1793 pl
3168 1720 3261 1775 τοῦ
3300 1721 3466 1793 μηδὲν
3501 1736 3662 1791 μερι-

396 1828 533 1899 μνᾷν
566 1826 854 1898 μέλλοντας
879 1823 1249 1895 δικαστηρίοις
1268 1824 1626 1896 παρεστάναι,
1650 1821 1879 1894 ἡγεμόσι
1902 1838 1963 1875 τε
1996 1821 2091 1874 καὶ¹
2119 1817 2424 1890 βασιλεῦσιν
2450 1817 2658 1889 ὁμιλεῖν
2688 1814 2996 1878 πιστεύειν;
3028 1812 3153 1876 Πῶς
3215 1812 3262 1865 δ’
3321 1812 3423 1866 οὐκ
3490 1810 3666 1881 ἔμελ-

393 1917 484 1973 λον
504 1916 820 1988 ἐπιθαρσεῖν
851 1919 917 1988 τῇ
950 1916 1252 1989 ἐπαγγελίᾳ
1277 1915 1371 1970 τοῦ
1404 1915 1763 1987 δοθησομένου
1800 1916 1983 1978 αὐτοῖς
2014 1913 2328 1984 Πνεύματος

393 2011 441 2044 ⁸⁹
477 2011 657 2067 Nolite
683 2011 890 2066 solliciti
929 2027 1038 2066 esse
1061 2012 1259 2134 (enim?
1291 2019 1474 2066 vestra:
1504 2012 1632 2081 quid
1685 2011 1965 2066 manduce~

1084 2097 1159 2134 is.
1190 2095 1220 2134 e
1249 2095 1298 2134 c.

1061 2091 1159 2148 tis,
1190 2091 1298 2137 etc.

468 2172 595 2230 Haec
626 2173 704 2229 ait
738 2172 998 2229 Dominus
1030 2171 1325 2229 cohortans
1362 2186 1481 2235 nos,
1511 2186 1578 2227 ne
1605 2185 1741 2226 escae
1767 2187 1963 2242 corpo-

396 2266 582 2336 risque
608 2265 1050 2322 commoditatum
1099 2264 1462 2319 necessariam
1495 2278 1678 2319 curam
1717 2278 1837 2319 esse
1867 2280 1967 2335 pu-

399 2366 611 2423 temus;
667 2369 839 2426 neque
863 2356 914 2411 id
954 2364 1157 2411 temere
1204 2354 1410 2411 faciens
1445 2356 1540 2412 sed
1575 2356 1826 2410 rationali
1872 2371 1964 2409 ar-

397 2456 650 2519 gumento
675 2447 1047 2518 magisterium
1091 2463 1247 2502 suum
1307 2449 1591 2502 roboratus.
1636 2444 1966 2502 Hortabatur

396 2540 539 2596 enim
572 2541 758 2596 dicens
789 2559 803 2594 :
836 2537 919 2594 Ne
960 2538 1173 2595 solliciti
1204 2542 1320 2594 sitis
1365 2541 1492 2610 quid
1530 2541 1855 2595 manducetis
1886 2540 1965 2595 vel

396 2637 523 2708 quid
553 2635 742 2690 bibatis
779 2633 860 2689 uel
903 2650 1005 2705 quo
1037 2634 1354 2689 induamini.
1407 2631 1596 2689 Nonne
1636 2635 1815 2688 anima
1845 2633 1965 2703 plus

394 2740 471 2784 est
499 2745 654 2799 quam
683 2744 824 2792 esca,
848 2736 898 2781 et
922 2743 1109 2794 corpus
1143 2725 1261 2796 plus
1299 2741 1457 2796 quam
1483 2726 1844 2781 uestimentum
1874 2723 1920 2756 ⁸ο
1943 2725 1966 2777 ?

394 2819 465 2876 Et
496 2820 597 2875 hoc
623 2819 841 2888 quidem
890 2819 1121 2889 primum
1168 2826 1546 2886 argumentum
1589 2825 1696 2880 est,
1745 2816 1967 2870 demon-

395 2921 578 2968 strans
602 2927 708 2969 non
736 2911 933 2966 debere
964 2923 1287 2979 quemquam
1325 2908 1390 2964 de
1410 2921 1469 2963 se
1496 2922 1618 2964 esse
1646 2907 1960 2964 sollicitum.

397 3001 530 3057 Nam
574 3003 619 3057 si
673 3001 949 3065 alimento,
1001 3002 1145 3070 quod
1186 3000 1256 3056 de
1298 3008 1440 3055 terra
1488 2999 1745 3070 gignitur,
1792 2998 1967 3068 major

395 3093 693 3163 meliorque
720 3102 805 3147 est
840 3101 1001 3160 atque
1025 3090 1316 3161 pretiosior
1345 3091 1578 3145 hominis
1606 3090 1808 3157 anima,
1847 3104 1967 3160 quae

392 3183 678 3241 rationalis
695 3192 787 3248 ,est
818 3193 873 3239 et
918 3180 1296 3238 intellectualis
1334 3182 1655 3249 substantia,
1692 3196 1967 3252 quamque

2066 2009 2163 2080 Μὴ
2193 2007 2511 2080 μεριμνᾶτε
2533 2006 2605 2077 τῇ
2637 2003 2812 2076 ψυχῇ
2833 2003 3000 2075 ὑμῶν
3034 2004 3092 2059 τι
3120 2002 3372 2074 φάγητε,
3404 2018 3457 2058 κ.
3499 2017 3560 2054 τ.
3596 1999 3666 2055 λ.

2134 2184 2245 2238 Καὶ
2273 2182 2449 2238 ταῦτα
2477 2181 2572 2237 τοῦ
2614 2182 2818 2256 Κυρίου
2862 2183 3013 2253 ἡμᾶς
3051 2178 3529 2252 ὲπιθαρσύνοντος,
3576 2178 3662 2249 μὴ

2067 2275 2264 2347 χρῆναι
2311 2274 2439 2345 περ)⁸
2481 2275 2687 2347 τροφῆς
2738 2273 2859 2345 μηδ’
2888 2273 3074 2327 ἕνεκεν
3112 2271 3222 2325 τῶν
3264 2270 3360 2325 τοῦ
3401 2270 3665 2343 σώματος

2064 2367 2265 2439 χρειῶν
2307 2368 2601 2440 μεριμνᾷν,
2650 2366 2745 2420 καὶ
2765 2367 2866 2420 οὑκ
2897 2366 3196 2435 ἀλογίστως
3227 2363 3660 2436 προτρέποντος,

2067 2458 2164 2511 σὺν
2188 2457 2530 2530 παραστάσει
2556 2456 2614 2510 δέ
2644 2457 2837 2528 λογικῇ
2865 2454 3363 2528 παραμυθουμένου
3388 2453 3487 2526 τὴν
3512 2453 3665 2507 διδα-

2067 2545 2312 2600 σκαλίαν·
2335 2544 2892 2618 παρῄνειγάρλέγων·
2914 2544 3012 2612 Μὴ
3032 2543 3522 2615 μεριμνήσητετί
3551 2542 3668 2611 φά-

2068 2654 2212 2708 τητε
2244 2637 2283 2705 ἢ
2316 2638 2377 2690 τί
2406 2636 2757 2692 ἐνδύσεσθε.
2791 2637 2938 2705 Οὐχὶ
2972 2638 3011 2705 ἠ
3040 2635 3211 2704 ’ψυχὴ
3254 2635 3480 2689 πλείων
3521 2634 3663 2687 ἐστι

2066 2726 2176 2796 τῆς
2194 2727 2437 2797 τροφῆς,
2456 2728 2553 2781 καὶ
2570 2728 2635 2781 τὸ
2647 2727 2818 2797 σῶμα
2827 2726 2932 2781 τοῦ
2945 2726 3299 2796 ὲνδύματος;
3320 2725 3430 2780 Καὶ
3440 2724 3663 2795 πρῶτος

2072 2817 2171 2888 μὲν
2220 2810 2375 2882 οὗτος
2419 2817 2798 2890 συλλογισμὸς,
2847 2819 3117 2888 συνάγων,
3151 2819 3235 2871 ὅτι
3279 2819 3354 2890 μὴ
3395 2817 3505 2871 δέοι
3529 2819 3663 2871 τινὰ

2067 2910 2197 2981 περὶ
2229 2909 2424 2964 ἐαυτοῦ
2459 2912 2748 2984 μεριμνᾷν.
2786 2911 2850 2964 Ei
2882 2910 2990 2980 γὰρ
3022 2913 3253 2981 τροφῆς,
3288 2910 3388 2981 τῆς
3415 2909 3525 2963 ἀπὸ
3551 2910 3662 2980 γῆς

2068 3000 2368 3072 φυομένης,
2396 3001 2597 3070 μείζων
2625 3002 2719 3055 καὶ
2751 3002 3036 3073 κρείττων,
3072 3002 3167 3054 καὶ
3190 3001 3487 3072 τιμιωτέρα
3520 3017 3663 3069 τυγ-

2067 3092 2219 3163 χάνει
2260 3095 2293 3164 ἡ
2326 3091 2613 3164 ἀνθρώπου
2643 3093 2813 3165 ψυχὴ,
2854 3094 3046 3167 λογικὴ
3081 3089 3216 3148 οὖσα
3246 3093 3341 3149 καὶ
3374 3094 3537 3166 νοερὰ
3562 3095 3663 3147 ού-

2070 3182 2182 3247 σία,
2208 3183 2411 3255 ταύτην
2449 3184 2504 3237 δέ
2554 3183 2628 3256 μὴ
2661 3180 2826 3239 οὖσαν
2873 3187 2957 3250 είς
2998 3185 3060 3239 τὸ
3092 3181 3231 3239 εἶναι
3272 3187 3593 3259 παρήγαγεν
3627 3188 3664 3238 ὁ

393 3276 618 3332 minime
640 3274 986 3331 exsistentem
1016 3274 1082 3329 ad
1129 3273 1493 3329 exsistendum
1523 3274 1664 3330 Deus
1686 3274 1957 3342 perduxit,

2069 3273 2212 3340 Θεὸς,
2246 3275 2337 3329 καὶ
2358 3275 2560 3347 ταύτης
2592 3278 2727 3347 ἡμῖν
2760 3275 2923 3347 μηδὲν
2951 3264 3319 3348 μεριμνήσασι
3356 3276 3658 3348 μετέδωκε,

396 3368 657 3438 nobisque
686 3366 907 3422 minime
928 3367 995 3421 de
1022 3380 1084 3421 ea
1116 3365 1478 3435 cogitantibus
1505 3365 1774 3433 attribuit,
1823 3380 1963 3436 quos

395 3461 660 3516 animatos
688 3459 1083 3528 rationalesque
1114 3458 1263 3523 fecit,
1290 3472 1389 3512 cur
1412 3457 1477 3512 de
1505 3471 1564 3512 re
1588 3457 1879 3524 deteriore,
1908 3458 1961 3513 id

395 3562 478 3607 est
507 3566 651 3613 esca,
689 3549 904 3606 solliciti
953 3550 1161 3606 simus?
1214 3549 1347 3603 Nam
1396 3548 1489 3618 qui
1531 3564 1645 3603 rem
1697 3550 1960 3620 potiorem

393 3638 563 3702 dedit,
592 3637 639 3692 is
664 3652 782 3707 quae
826 3637 945 3693 usui
978 3638 1104 3694 huic
1147 3646 1272 3693 sunt
1303 3639 1435 3691 dare
1465 3653 1571 3693 non
1619 3638 1969 3708 impedietur.’

394 3729 463 3783 Et
493 3729 560 3784 de
609 3730 854 3799 corporis
884 3729 1197 3784 indumento
1228 3729 1368 3784 idem
1398 3743 1578 3784 sermo
1624 3729 1789 3784 valet.
1827 3728 1959 3784 Nam

396 3822 442 3875 si
475 3820 528 3875 in
553 3820 801 3876 confesso
824 3830 906 3876 est
927 3821 1216 3876 animantis
1242 3835 1439 3892 corpus
1467 3820 1963 3890 incomparabiliter

395 3911 588 3966 melius
611 3925 754 3977 esse,
785 3926 943 3980 quam
972 3911 1199 3982 quodvis
1227 3913 1466 3967 exterius
1502 3912 1625 3966 huic
1656 3912 1960 3981 impositum

396 4000 813 4068 vestimentum;
866 4011 921 4056 et
950 4002 997 4057 si
1044 4011 1214 4057 totum
1263 4016 1458 4071 corpus
1501 4004 1623 4057 vitae
1662 4004 1963 4072 animatque

394 4092 666 4162 particeps
686 4091 911 4147 Creator
955 4090 1267 4157 consuluit;
1314 4107 1412 4147 cur
1462 4094 1534 4148 sit
1583 4094 1961 4165 ambigendum

397 4195 574 4238 utrum
603 4185 716 4254 ipse
744 4185 913 4254 possit
949 4185 1090 4254 quod
1115 4185 1355 4240 deterius
1402 4193 1488 4240 est
1511 4188 1874 4256 suppeditare,
1908 4189 1960 4243 id

394 4285 480 4332 est
523 4276 920 4340 vestimentum,
976 4291 1007 4330 a
1056 4291 1165 4346 quo
1213 4276 1449 4332 nobilius
1500 4278 1961 4348 circumtegitur?

393 4370 570 4439 Atque
590 4369 692 4424 hoc
713 4369 943 4438 primum
964 4367 1444 4422 demonstrativum
1462 4380 1832 4440 argumentum
1854 4378 1957 4424 est.

468 4461 671 4517 Deinde
690 4470 744 4514 et
769 4460 941 4515 altero
970 4460 1217 4531 exemplo
1245 4460 1413 4515 utitur
1441 4461 1629 4517 dicens
1657 4479 1670 4516 :
1700 4463 1961 4534 Respicite

392 4552 629 4608 volatilia
654 4553 792 4617 caeli,
831 4553 1083 4621 quoniam
1123 4568 1226 4606 non
1257 4562 1456 4619 serunt,
1508 4564 1555 4607 et
1589 4552 1752 4609 Pater
1792 4558 1979 4611 vester"

2063 3366 2341 3439 ἐμψύχους
2371 3370 2521 3439 ήμᾶς
2561 3369 2655 3423 καὶ
2686 3367 2936 3438 λογικοὺς
2955 3369 3408 3442 ἀπεργασάμενος
3432 3366 3572 3440 (58),
3601 3369 3662 3422 τί

2063 3457 2168 3530 χρὴ
2191 3459 2493 3529 φροντίζειν
2524 3461 2665 3534 napi
2682 3458 2775 3513 τοῦ
2810 3460 3067 3533 χείρονος,
3100 3462 3237 3533 ὅπερ
3275 3461 3423 3515 ἐστὶν
3454 3464 3489 3534 ἡ
3523 3479 3657 3533 τρο-

2063 3555 2173 3623 φή;
2212 3553 2272 3607 '0
2307 3551 2416 3625 γὰρ
2441 3552 2502 3605 τὸ
2533 3554 2773 3623 κρεῖττον
2796 3552 3041 3617 δεδωκὼς
3067 3554 3168 3607 οὐκ
3206 3553 3527 3625 ἀδυνατήσει
3556 3555 3662 3608 καὶ

2062 3645 2124 3698 τὸ
2150 3644 2419 3718 χρειῶδες¹
2439 3649 2601 3703 αὐτοῦ
2642 3654 2961 3721 παρασχεῖν.
3008 3651 3119 3705 Καὶ
3157 3651 3250 3706 ἐπὶ
3284 3651 3387 3722 τῆς
3417 3652 3514 3705 τοῦ
3548 3651 3663 3705 σώ-

2066 3754 2234 3808 ματος
2256 3740 2547 3812 περιϐολῆς
2570 3744 2598 3795 ό
2628 3742 2787 3806 αὐτὸς
2813 3742 2990 3811 λόγος.
3012 3743 3075 3795 El
3104 3740 3214 3815 γὰρ
3232 3743 3659 3814 ἀνωμολόγηται

2061 3828 2122 3881 τὸ
2157 3828 2252 3882 τοῦ
2282 3828 2421 3895 ζώου
2457 3832 2616 3902 σῶμα
2637 3834 2967 3906 ἀπαραθέτῳ
2999 3834 3281 3906 συγκρίσει
3303 3837 3549 3905 κρεῖττον
3572 3832 3660 3889 εἷ·-

2062 3936 2150 3973 ναι
2174 3922 2265 3975 τοῦ
2312 3921 2510 3986 ἔξωθεν
2543 3924 2692 3995 αὐτῷ
2737 3925 3119 3996 περικειμένου
3153 3925 3470 3996 ἐνδύματος,
3508 3926 3572 3979 τὸ
3604 3927 3657 3979 δ’

2061 4013 2180 4067 ὅλον
2225 4013 2382 4084 σῶμα
2428 4012 2573 4086 ζωῆς
2620 4016 2842 4088 μετέχον
2891 4018 2986 4070 καὶ
3023 4016 3202 4088 ψυχῆς
3230 4018 3259 4069 ό
3302 4019 3655 4089 Δημιουργὸς

2062 4104 2222 4169 αὐτὸς
2254 4107 2644 4178 συνεστήσατο·
2682 4107 2734 4160 τί
2776 4109 2882 4181 χρὴ
2922 4111 3163 4179 άγωνιᾷν
3201 4108 3275 4181 μὴ
3317 4108 3426 4181 ἄρα
3454 4109 3660 4164 ἀδυνα.

2061 4197 2201 4267 στήσῃ
2226 4196 2287 4249 τὸ
2314 4200 2495 4268 χεῖρον
2529 4202 2853 4270 παρασχεῖν,
2891 4200 3049 4254 τοῦτο
3089 4200 3134 4252 δ’
3169 4196 3237 4271 ἧν
3271 4200 3332 4253 τὸ
3367 4200 3598 4272 ἔνδυμα,
3625 4204 3662 4257 ὁ

2059 4286 2121 4338 τὸ
2144 4290 2386 4359 κρεῖττον
2432 4289 2912 4361 ὑποστησάμενος;
2942 4286 3110 4356 Οὗτος
3151 4291 3250 4363 μὲν
3293 4287 3387 4345 οὖν
3432 4293 3660 4364 πρῶτος

2060 4379 2434 4444 ἁποδεικτικὸς
2456 4381 2833 4452 συλλογισμός.

2130 4471 2240 4525 Καὶ
2265 4471 2500 4544 δευτέρῳ
2527 4472 2791 4544 κέχρηται
2822 4473 3227 4545 παραδείγματι
3257 4474 3432 4544 λέγων
3453 4492 3469 4505 ·
3521 4476 3661 4546 Ἑμ-

2055 4562 2331 4632 manu“
2347 4566 2434 4630 είς
2462 4564 2532 4619 τὰ
2557 4565 2798 4619 πετεινὰ
2823 4565 2929 4619 τοῦ
2952 4564 3231 4634 οὐρανοῦ,
3257 4565 3346 4619 ὅτι
3372 4568 3446 4621 οὐ
3474 4570 3659 4622 mest-

392 4644 612 4699 cwlestis
647 4643 814 4710 pascit
864 4641 979 4697 illa.
1028 4641 1218 4698 Nonne
1265 4659 1354 4697 vos
1406 4647 1571 4716 magis
1622 4647 1790 4715 pluris
1833 4650 1956 4702 estis

2069 4670 2252 4719 οουσι,
2278 4657 2374 4710 καὶ
2398 4660 2431 4710 ό
2455 4659 2657 4727 Πατὴρ
2684 4657 2851 4728 ὑμῶν
2875 4661 2908 4712 ὁ
2924 4657 3202 4727 οὐράνιος
3234 4659 3435 4728 τρέφει
3465 4660 3651 4715 αὐτὰ.
3678 4652 3681 4653 ν

391 4738 500 4790 illis
530 4735 615 4788 "?
643 4732 777 4790 Nam
807 4734 853 4788 si
877 4735 983 4800 his,
1029 4752 1258 4806 quorum
1307 4747 1459 4807 pater
1495 4753 1600 4793 non
1637 4749 1738 4802 est,
1767 4754 1959 4809 nempe

390 4826 722 4890 volucribus,
765 4824 1117 4881 suﬂicientem
1144 4842 1322 4883 escam
1357 4831 1677 4899 praeparavit
1716 4831 1955 4884 omnium

387 4927 613 4973 curator
637 4929 692 4974 et
721 4917 969 4986 provisor
1011 4916 1171 4983 Deus,
1213 4933 1333 4973 cum
1367 4933 1461 4973 vos
1494 4918 1561 4973 ad
1602 4920 1719 4989 ejus
1768 4921 1959 4992 imagi-

373 4999 516 5066 ‘nem
546 5010 666 5065 sitis
692 5010 919 5074 conditi,
971 5010 1249 5077 vestrique
1288 5017 1512 5079 propter
1539 5009 1954 5068 intellectualem

393 5102 817 5172 rationalemque
869 5090 1227 5156 substantiam
1274 5109 1428 5166 pater
1454 5100 1544 5166 sit,
1586 5116 1686 5157 cur
1711 5103 1839 5157 vitae
1865 5119 1957 5159 ve-

391 5205 518 5249 strae
539 5192 729 5248 curam
774 5206 882 5247 non
932 5189 1117 5261 geret?
1161 5205 1368 5261 vosque
1410 5191 1544 5247 adeo
1588 5206 1953 5259 securosnon

390 5284 518 5349 alet,
561 5298 662 5340 ceu
704 5292 860 5353 pater
886 5281 1011 5337 liliis
1036 5289 1283 5351 prompte
1311 5283 1659 5352 suppeditans
1690 5299 1810 5352 qua:
1834 5285 1956 5340 usui

391 5386 537 5440 sunt,
572 5374 742 5445 magis
773 5388 933 5444 quam
963 5373 1084 5428 caeli
1118 5371 1452 5437 volucribus,
1494 5373 1693 5441 quibus
1724 5377 1840 5430 sine
1872 5375 1953 5430 la-

390 5466 545 5530 bore,
601 5466 719 5521 sine
766 5465 976 5522 satione
1007 5474 1167 5533 atque
1213 5463 1458 5518 aratione
1505 5479 1685 5520 escam
1731 5463 1956 5534 prmbet,

470 5557 515 5589 ⁸³
544 5554 672 5611 Car.
718 5571 818 5621 xu,
849 5555 942 5610 22.
1016 5556 1063 5587 ⁸⁸
1110 5553 1293 5609 Matth.
1325 5568 1401 5619 vt,
1433 5552 1525 5607 25.
1600 5556 1645 5587 ⁹¹
1677 5556 1807 5633 ibid.
1837 5557 1925 5614 26.

465 5649 578 5722 (58)
610 5650 991 5708 Animadverte
1021 5649 1235 5707 Eusebii
1280 5651 1605 5707 sententiam
1641 5653 1707 5710 de
1736 5653 1961 5726 singulis
1999 5636 2180 5734 a_.Deo
2214 5661 2414 5719 creatis
2441 5662 2718 5719 hominum
2751 5662 3057 5721 animabus.

2057 4747 2186 4826 Οὐχ.
2208 4745 2376 4813 ὑμεῖς
2400 4745 2641 4817 μᾶλλον
2674 4748 2981 4818 διαφέρετε
3013 4748 3247 4814 αὑτῶν;
3288 4750 3351 4803 Ei
3382 4749 3494 4822 γάρ
3523 4753 3657 4805 τού-

2062 4851 2194 4898 τοις,
2222 4828 2297 4889 ὧν
2325 4836 2399 4907 μὴ
2434 4838 2616 4910 πατὴρ
2638 4838 2912 4909 τυγχάνει,
2944 4837 3117 4892 ταῦτα
3136 4838 3181 4892 δ’
3205 4833 3274 4909 ἦν
3296 4837 3365 4892 τά
3397 4840 3649 4905 πετεινὰ,

2061 4926 2161 4996 τῆς
2196 4927 2497 4999 αὐτάρκους
2528 4932 2732 5000 τροφῆς
2777 4930 3111 5003 προύνόησεν
3161 4933 3191 4984 ό
3243 4930 3352 4985 τῶν
3386 4931 3652 4986 ἁπάντων

2062 5017 2316 5089 κηδεμὼν
2344 5022 2438 5073 καὶ
2469 5024 2772 5095 προνοητὴς
2801 5020 2952 5088 Θεὸς,
2988 5024 3142 5095 ὑμῶν
3161 5024 3268 5077 τῶν
3302 5025 3424 5077 κατ’
3459 5025 3654 5079 εἰκόνα

2061 5110 2160 5180 τὴν
2190 5110 2354 5164 αὑτοῦ
2394 5115 2796 5185 πεποιημένων,
2828 5116 2917 5170 διὰ
2953 5116 3051 5188 τὴν
3082 5119 3138 5168 ὲν
3168 5099 3296 5186 ὑμῖν
3325 5116 3520 5186 νοεράν
3550 5118 3653 5171 καὶ

2058 5201 2278 5274 λογικὴν
2300 5204 2485 5258 οὐσίαν
2509 5206 2688 5279 πατὴρ
2711 5209 3014 5279 τυγχάνων,
3059 5209 3177 5272 πῶς
3196 5208 3255 5261 ού
3283 5210 3464 5261 πᾶσαν
3491 5210 3655 5279 ποιή-

2062 5310 2213 5349 σεται
2244 5295 2343 5366 τῆς
2376 5298 2520 5368 ζωῆς
2555 5300 2845 5369 φροντίδα;
2888 5302 2983 5354 καὶ
3025 5301 3213 5372 θρέψει
3234 5318 3299 5369 γε
3332 5302 3481 5371 ὑμᾶς
3507 5302 3651 5372 ἀμε-

2065 5387 2290 5457 ρίμνως,
2321 5385 2408 5442 οἷα
2438 5390 2619 5464 πατὴρ
2641 5394 2773 5455 υἱοῖς
2802 5392 2860 5457 ἐξ
2889 5394 3104 5465 ἑτοίμου
3141 5394 3394 5467 παρέχων
3419 5394 3489 5449 τὰ
3508 5394 3652 5465 πρὸς

2061 5477 2162 5549 τὴν
2191 5482 2380 5552 χρείαν
2423 5483 2620 5554 μᾶλλον
2648 5485 2684 5555 ἢ
2706 5488 2818 5549 τοῖς
2851 5488 3114 5551 πετεινοῖς
3148 5487 3243 5542 τοῦ
3282 5485 3540 5563 ούρανοῦ,
3565 5480 3655 5550 οἷς

3622 5751 3656 5766 ⁴
