3858 6214
260 302 385 363 ,55η

1439 307 1939 365 COMMENTARIA
1978 309 2044 364 ΙΝ
2085 312 2343 372 LUCAM.

3372 324 3500 381 ‘53

271 423 584 491 ἀωπιᾶτως
623 424 879 498 ἄσπαρτα
930 427 1025 484 καὶ
1074 429 1312 502 ἀνήροτα
1367 428 1435 483 τὰ
1475 431 1610 502 πρὸς
1648 432 1840 504 τροφὴι

1954 433 2111 491 Patre
2150 437 2401 493 nimirum
2444 448 2625 496 vestro
2666 441 2832 498 vitam
2880 444 2983 501 illis
3033 445 3190 500 simul
3221 460 3505 517 escamquo

270 516 570 589 πορίζεται,
603 517 696 571 τοῦ
731 518 993 589 ὑμετέρου
1028 520 1243 591 Πατρὸς
1274 519 1411 590 ὁμοῦ
1446 522 1538 574 καὶ
1572 520 1717 592 ζωὴν
1748 521 1845 574 αὐ-

271 609 385 673 τοῖς
415 608 508 663 καὶ¹
539 610 741 681 τροφὴν
769 609 1130 681 δωρουμένου.
1166 610 1377 683 Σφόδρα
1404 610 1449 663 δ’
1490 610 1732 682 ἀκριϐῶς
1753 614 1846 666 ἐπὶ

271 703 552 773 προτροπῇ
590 700 697 754 τῶν
741 701 903 755 αὑτοῦ
939 701 1196 773 μαθητῶν
1230 703 1328 773 οὐχ
1383 702 1538 773 ἁπλῷ
1586 703 1844 775 παραδεί-

266 810 438 863 γματι
476 791 556 865 τῷ
585 792 696 846 τῶν
718 794 924 862 ἀλόγων
944 796 1213 866 ἐχρήσατο
1251 794 1422 859 ζὼωψ
1447 796 1547 849 οὐκ
1566 791 1657 849 οὖν
1681 798 1845 867 ἑρπε-

265 883 375 937 τῶν
405 884 523 938 οὐδὲ
549 884 761 955 κτηνῶν
783 885 903 938 οὐδὲ
930 885 1034 957 μὴν
1062 885 1257 957 ἰχθύων
1281 886 1703 958 ἐμνημόνευσεν,
1726 888 1842 941 ἀλλ’

265 977 374 1033 οὐδ’
415 977 619 1048 ὀρνέων
651 978 836 1043 ἁπλῶς
864 976 1045 1045 εἶπεν,
1080 980 1266 1050 ἐπειδὴ
1299 983 1391 1036 καὶ
1419 982 1622 1037 τούτων
1646 983 1715 1038 τὰ
1746 983 1844 1055 μὲν

268 1071 640 1143 σαρκοφαγεῖ,
667 1070 736 1124 τὰ
774 1070 833 1123 δὲ
863 1073 966 1143 γῆν
994 1074 1242 1135 σιτεῖται,
1271 1072 1342 1125 τὰ
1372 1072 1417 1125 δ’
1462 1071 1840 1145 ἀλληλοφαγεῖ.

265 1159 360 1213 Διδ
408 1158 518 1212 τῶν
559 1158 902 1232 νεκροϐὁρων
951 1163 1046 1214 καὶ
1092 1161 1441 1234 σαρκοϐόρων
1482 1164 1749 1235 ἀφορίσας
1775 1164 1844 1219 τὰ

267 1250 633 1323 σπερμοφάγα
665 1250 775 1305 τῶν
818 1252 1102 1317 πετεινῶν,
1142 1254 1238 1307 καὶ¹
1267 1253 1441 1307 ταῦτα
1486 1254 1731 1326 δηλώσας
1756 1256 1844 1313 διὰ

262 1340 360 1396 τοῦ
395 1340 561 1410 φάναι
580 1359 595 1372 ·
635 1345 716 1396 Οῠ
749 1344 1110 1410 σπείρουσιν
1146 1344 1289 1398 οὐδὲ
1326 1343 1657 1412 θερίζουσιν
1702 1345 1845 1400 οὐδὲ

264 1431 644 1504 συνάγουσιν
686 1436 775 1501 εὶς
833 1434 1159 1501 ἀποθήκας,
1219 1435 1319 1489 καὶ
1356 1439 1390 1490 ὀ
1433 1437 1636 1507 Πατὴρ
1670 1436 1839 1508 ὑμῶν

267 1526 303 1577 ό
340 1523 619 1592 οὐράνιος
647 1525 845 1595 τρέφει
861 1526 1031 1582 αὐτὰ·
1061 1527 1265 1581 τούτων
1302 1545 1361 1580 τε
1383 1528 1561 1582 αὐτῶν
1598 1532 1842 1603 ἐμφήνας

264 1614 333 1668 τὰ
359 1614 674 1687 ὑψηλοπετῆ
709 1615 798 1669 διὰ
831 1615 927 1670 τοῦ
961 1618 1456 1688 προσειπεῖνάὺτά
1487 1620 1714 1692 οὐρανοῦ
1747 1640 1843 1676 πε-

262 1706 435 1770 τεινὰ,
479 1708 606 1770 τοὺς
660 1706 824 1761 αὐτοῦ
875 1710 1121 1782 μαθητὰς
1166 1712 1257 1766 ἐπὶ
1303 1711 1398 1784 τὴν
1449 1713 1707 1783 ὁμοίωσιν
1740 1716 1842 1788 τῆς

1947 525 2252 597 largiente?
2275 529 2639 590 Soiertissime
2670 543 2849 591 autem
2896 537 2948 591 in
2979 537 3080 593 hac
3106 537 3171 591 ad
3215 538 3509 607 discipulos

1944 631 2074 673 suos
2120 620 2515 687 adhortatione,
2548 623 2688 679 haud
2722 626 2960 695 generali
3001 626 3181 699 aliquo
3216 629 3506 686 irrationav

1945 706 2074 763 lium
2106 711 2463 767 animantium
2516 714 2764 785 exemplo
2805 725 3083 783 usus‘est,
3138 733 3312 788 neque
3365 719 3498 774 item

1944 799 2276 866 serpentium
2323 811 2419 857 aut
2465 802 2722 866 ferarum,
2775 821 2951 875 neque
2992 807 3361 877 jumentorum
3413 817 3509 864 aut

1945 890 2169 959 piscium
2198 894 2461 960 meminit,
2497 912 2672 967 neque
2704 899 2880 952 avium
2912 900 3508 972 simpliciter,quando—

1945 981 2161 1050 quidem
2219 993 2275 1039 et
2331 984 2523 1041 horum
2551 988 2742 1059 aliquae
2774 989 3077 1045 carnivorte
3123 1002 3266 1058 sunt,
3301 990 3420 1047 alia:
3447 992 3502 1048 in

1945 1080 2088 1127 terra
2135 1088 2448 1145 pascuntur,
2500 1079 2620 1134 aliae
2665 1094 2725 1135 se
2775 1080 3002 1136 invicem
3038 1089 3252 1137 vorant.
3298 1080 3424 1138 Ideo
3472 1098 3507 1140 α

1936 1164 2267 1221 .cadaverum
2301 1169 2655 1241 carniumque
2681 1174 2982 1240 voracibus,
3010 1173 3309 1229 seminibus
3360 1177 3505 1245 pasci

1943 1254 2127 1311 solitas
2155 1271 2447 1314 secernens
2475 1261 2739 1326 volucres,
2769 1270 2930 1331 atque
2961 1267 3060 1317 has
3095 1261 3182 1318 his
3211 1262 3387 1320 verbis
3412 1267 3509 1320 de-

1943 1347 2172 1416 signans
2219 1349 2362 1418 quod
2434 1366 2628 1422 nempe
2680 1369 2841 1422 neque
2888 1361 3067 1407 serunt
3125 1369 3282 1419 neque
3310 1361 3509 1409 metunt

1943 1454 2104 1508 neque
2139 1439 2194 1492 in
2236 1440 2424 1494 horrea
2469 1452 2805 1513 congregant,
2859 1453 2911 1499 et
2953 1454 3126 1499 tamen
3157 1444 3319 1500 Pater
3344 1454 3508 1500 vester

1942 1529 2161 1584 caelestis
2188 1531 2354 1598 pascit
2382 1531 2508 1596 illa;
2538 1535 2864 1603 easdemque
2897 1534 3006 1589 alte
3043 1534 3272 1590 volitare
3301 1536 3509 1607 signifi-

1943 1635 2094 1683 cans,
2124 1623 2249 1676 dum
2298 1622 2441 1678 sicut
2488 1622 2609 1679 caeli
2663 1623 2898 1679 volatilia
2954 1626 3247 1697 discipulos
3278 1642 3407 1683 suos
3438 1629 3509 1683 ad

1944 1711 2120 1767 simile
2187 1712 2433 1769 alimenti
2481 1729 2649 1785 genus
2692 1719 3082 1787 capessendum
3156 1717 3505 1785 hortabatur;

262 1797 470 1852 τούτων
492 1799 698 1870 τροφῆς
722 1798 1015 1874 παρώρμα’
1039 1801 1175 1871 ὁμοῦ
1206 1803 1301 1855 καί
1325 1805 1416 1857 ἐπὶ
1442 1804 1539 1876 τὴν
1567 1805 1840 1873 ἀπόδειξιν

1943 1803 2102 1858 simul
2127 1803 2272 1873 ipsos
2299 1805 2369 1860 ad
2397 1806 2867 1878 contemplandam
2896 1810 3217 1866 universalis
3240 1815 3508 1868 curatoris

262 1893 365 1964 τῆς
405 1893 621 1947 πάντων
657 1893 853 1966 ἐφόρου
893 1896 1151 1965 προνοίας
1200 1896 1586 1968 παραπέμπων
1619 1898 1847 1964 αὐτοὺς,

260 1983 339 2048 ὡς
366 1982 433 2038 ἂν
458 1985 848 2056 τεκμαίρεσθαι
882 1985 1212 2056 δυναμένους
1244 1989 1309 2040 ἐκ
1336 1986 1428 2041 τοῦ
1469 1987 1839 2061 παραδείγμα-

260 2090 377 2140 τος,
410 2077 494 2130 ὅτι
519 2077 653 2130 πολὺ
686 2078 887 2149 μᾶλλον
916 2078 1094 2133 αὐτῶν
1125 2078 1158 2149 ἢ
1194 2077 1300 2132 τῶν
1330 2079 1592 2133 πετεινῶν
1614 2080 1708 2135 τοῦ
1743 2082 1835 2134 οὐ-

263 2166 430 2240 ρανοῦ
460 2171 561 2240 τῆς
587 2170 795 2241 τροφῆς
822 2173 1112 2245 φροντιεῖὸ
1140 2172 1388 2244 οὐράνιος
1416 2172 1594 2228 αὐτῶν
1622 2174 1832 2245 Πατήρ.

261 2259 483 2334 Πατέρα
513 2260 568 2314 δὲ
601 2261 783 2316 καλῶν
820 2263 1087 2333 οὐράνιον,
1125 2262 1302 2335 δόγμα
1331 2265 1583 2335 μέγιστον
1618 2264 1837 2331 ἐξεπαί-

259 2351 436 2406 δευεν.
475 2354 665 2417 Ὀντος
699 2354 810 2427 γὰρ
835 2353 1051 2427 Πατρὸς
1095 2356 1362 2426 σωμάτων
1399 2357 1493 2410 τοῦ
1528 2357 1625 2429 τὴν
1659 2356 1837 2429 σάρκα

262 2443 583 2515 σπείραντος
605 2445 840 2517 ἑκάστῳ,
865 2445 1017 2511 ὄντος
1040 2446 1096 2501 δὲ
1114 2447 1210 2502 καὶ
1233 2446 1443 2519 ΙΙατρὸς
1470 2448 1716 2517 οὐρανίου
1741 2449 1836 2503 τοῦ

258 2534 360 2606 τὴν
399 2533 622 2608 λογικὴν
660 2536 757 2590 καὶ
785 2536 976 2608 γοερὰν
1007 2536 1235 2607 δύναμιν
1267 2537 1326 2590 ὲν
1359 2538 1488 2608 ἡμῖν
1531 2537 1837 2609 ὑποστησα-

263 2626 448 2697 μένου,
490 2627 544 2680 τί
582 2625 690 2700 χρὴ
741 2628 1042 2699 μεριμνᾷνς
1078 2627 1212 2699 Οὐχὶ
1249 2627 1494 2699 ἀκριϐῶς
1524 2628 1833 2693 πεπεῖσθαι,

258 2721 344 2774 ὅτι
378 2721 512 2775 πολῦ
555 2721 819 2793 πρότερον
849 2723 1004 2794 ήμῶν
1034 2724 1062 2777 ὁ
1091 2721 1233 2776 κατά
1261 2723 1419 2791 φύσιν
1452 2724 1546 2778 καὶ
1576 2725 1837 2795 κρείττων

261 2809 448 2882 πατὴρ
481 2812 840 2883 προνοήσεται
873 2810 907 2883 ἢ
953 2811 1062 2865 τῶν
1099 2812 1355 2866 πετεινῶν
1397 2811 1489 2865 τοῦ
1524 2812 1774 2883 οὐρανοῦ,
1801 2814 1839 2866 ἃ

267 2899 358 2952 διὰ
380 2899 481 2972 τὴν
507 2899 673 2953 αὐτοῦ
710 2901 968 2973 πρόνοιαν
1003 2899 1163 2971 μέχρι
1197 2900 1291 2953 καὶ
1329 2899 1504 2953 αὐτῶν
1532 2902 1839 2974 ἐκτεινομέ-

260 3008 381 3063 νην,
422 2990 693 3064 τοσαύτης
731 2992 791 3061 ὲξ
830 2993 1050 3065 ἑτοίμου
1095 2994 1301 3065 τροφῆς
1345 2992 1586 3068 εὐπορεῖ,
1617 2993 1694 3057 ὡς
1743 2995 1836 3047 εὐ-

257 3083 444 3153 τραφῆ
486 3083 579 3136 καὶ
631 3082 828 3153 ίσχυρά
872 3084 967 3137 καί
997 3082 1287 3154 ὲῤῥωμένα
1326 3083 1644 3154 τυγχάνειν;
1679 3083 1837 3136 Κατὰ

259 3144 317 3227 δέ
486 3144 718 3230 Λουκᾶς
735 3144 908 3243 λέγων
929 3175 958 3227 ὁ
987 3144 1191 3245 Κύριος
1206 3190 1219 3204 °
1248 3144 1671 3243 Kurd-redimes
1696 3173 1838 3240 τοὺς
1864 3144 1910 3205 c

261 3266 524 3334 κόρακας
549 3264 688 3337 (59),
717 3266 901 3319 πλεῖόν
919 3283 972 3319 τι
995 3266 1226 3336 ὲμφαίνε
1236 3284 1272 3324 ι.
1298 3266 1425 3328 Τοῖς
1437 3268 1534 3337 μὲν
1546 3266 1654 3337 γὰρ
1667 3282 1837 3336 σπερ-

266 3355 516 3427 μολόγοις
559 3355 668 3409 τῶν
702 3354 921 3424 πτηνῶν
965 3356 1283 3429 ἑτοιμοτέρα
1327 3357 1444 3410 ἐστὶ
1475 3358 1683 3429 τροφὴ,
1725 3359 1839 3421 τοῖς

259 3449 319 3503 δὲ
359 3448 747 3524 σαρκοϐόροις,
780 3447 969 3521 ὥσπερ
1013 3450 1063 3505 οἱ
1097 3449 1364 3522 κόρακες,
1401 3449 1835 3521 δυσχερεστέραο

262 3538 380 3597 ἀλλ’
408 3539 560 3610 ὅμως
597 3538 718 3595 οὐδὲ
765 3537 834 3592 τά
875 3538 1103 3594 τοιαῦτα
1139 3540 1345 3611 τροφῆς
1385 3539 1583 3610 ἀπορεῖ
1617 3538 1706 3592 διὰ
1740 3538 1840 3611 τὴν

262 3627 542 3699 Δἑαινταχοῦ
582 3627 949 3700 ἐκτεταμένην
979 3628 1258 3699 Πρόνοιαν.
1296 3629 1406 3683 Καὶ
1443 3629 1612 3700 τρίτῳ
1654 3629 1840 3682 συλλο⁸

259 3717 448 3792 τισμῷ
475 3719 557 3782 είς
583 3717 647 3772 τὸ
684 3717 816 3772 αὐτὸ
864 3718 1063 3791 εχρῆτο
1090 3717 1266 3787 λέγων
1287 3736 1302 3749 ·
1346 3719 1445 3785 Τίς
1479 3718 1532 3772 δ’
1572 3719 1642 3785 ἐξ
1674 3717 1843 3788 ὑμῶν
1877 3740 1883 3749 ι

255 3809 561 3882 μεριμνῶν
606 3809 854 3865 δύναται
897 3809 1246 3879 προσθεῖναι
1298 3811 1398 3864 ἐπὶ
1442 3811 1558 3879 τὴν
1598 3812 1843 3880 ἠλικίαν

262 3902 452 3959 αὐτοῦ
499 3903 708 3973 πῆχυν
746 3902 885 3968 Era;
929 3904 999 3956 El
1038 3897 1152 3957 οὖν
1197 3903 1321 3957 οὔτ’
1375 3900 1701 3972 ἐλάχιστον
1741 3902 1843 3956 δύο

262 3996 477 4062 νασθε,
496 3995 629 4063 περὶ
653 3992 776 4048 τῶν
800 3992 1029 4049 λοιπῶν
1049 3995 1108 4048 τί
1119 3994 1472 4065 μεριμνᾶτε;
1504 3995 1643 4050 Ἀλλ’
1667 3998 1717 4049 εἰ
1747 4014 1844 4068 μη-

262 4085 378 4151 δεὶς
409 4085 589 4157 οἰκεία
620 4085 861 4156 φροντίδι
902 4085 1122 4139 πώποτε
1162 4085 1482 4158 προσθήκην
1524 4087 1700 4158 ἑαυτῷ
1746 4086 1841 4141 τοῦ

266 4175 521 4247 σώματος
551 4176 875 4248 ἐπενόησεν,
905 4176 1019 4231 ἀλλ’
1043 4177 1163 4232 οὐδὲ
1191 4180 1257 4249 τῇ
1292 4177 1597 4250 προθεσμίᾳ
1624 4177 1715 4232 τοῦ
1744 4180 1843 4249 τῆς

268 4269 417 4340 ζωῆς
460 4268 676 4341 χρόνου,
713 4271 1054 4342 μεριμνήσας
1084 4288 1167 4334 τις
1192 4264 1303 4334 οἷός
1322 4270 1371 4323 τ’
1406 4269 1472 4323 ἂν
1499 4269 1583 4341 εἴη
1614 4269 1749 4340 πρὸς
1774 4272 1840 4341 τῇ

264 4360 492 4433 τελευτῇ
528 4357 623 4415 τοῦ
668 4359 785 4432 βίου
818 4362 1125 4432 γενόμενος,
1153 4360 1366 4433 ἡμέρας
1402 4362 1531 4432 μιᾶς
1566 4360 1843 4432 διάστημα

267 4450 303 4526 ἦ
360 4451 552 4526 καιρὸν
600 4450 933 4523 βραχύτατον
979 4450 1129 4522 ὧρας
1170 4449 1347 4522 ἑαυτῷ
1397 4450 1746 4521 ιιτερινοῆσαι⁸
1788 4448 1840 4502 τί

267 4542 377 4617 χρὴ
416 4542 686 4615 περιττῶς
722 4545 1010 4616 μεριμνᾷν,
1042 4544 1160 4598 δέον
1193 4542 1584 4615 ἐπιτρέψαντας
1611 4541 1689 4613 τῷ
1720 4540 1840 4612 Θεῷ

267 4637 372 4708 τὴν
398 4634 562 4688 αὐτοῦ
603 4634 797 4706 βουλὴν
824 4634 1168 4707 περιμένειν;
1202 4634 1560 4707 Βουληθέντος
1598 4633 1707 4705 γὰρ
1744 4633 1842 4686 αὐ-

266 4726 366 4781 τοῦ
413 4725 598 4794 αὔξειν
633 4727 802 4798 ἡμᾶς,
849 4725 1104 4797 αὔξομεν,
1154 4728 1318 4799 μηδὲν
1373 4726 1837 4799 μεριμνήσαντεςο

268 4816 368 4870 καὶ
396 4814 748 4887 βουληθέντος
778 4816 924 4887 ἡμᾶς
957 4815 1055 4887 ζῇν
1084 4817 1179 4870 καὶ
1208 4815 1533 4889 μακροϐίους
1564 4811 1719 4879 εἶναι,
1748 4815 1842 4887 ζηη

271 4904 482 4976 σόμεθα
510 4906 607 4958 καὶ
644 4903 924 4968 πολυετεῖς
965 4904 1333 4975 γενησόμεθα,
1375 4904 1538 4975 μηδὲν
1570 4904 1842 4975 μεριμνή-

270 5015 496 5062 σαντες·
532 4997 607 5069 μὴ
653 4996 975 5068 βουλομένου
1021 4996 1078 5050 δὲ
1121 4996 1287 5052 αὐτοῦ
1337 4997 1672 5070 παραμένειν
1717 4995 1840 5053 τινὰ

268 5089 383 5143 τῶν
409 5089 561 5160 βίων,
601 5088 806 5159 ματαία
832 5089 980 5142 πᾶσα
1010 5089 1229 5161 φροντὶς
1254 5086 1559 5159 ἀνθρώπου.

348 5198 464 5271 (59)
496 5198 699 5271 Nempe
745 5197 876 5255 Luc.
920 5216 1019 5267 xu,
1048 5200 1155 5254 24.
1197 5199 1336 5271 Hinc
1388 5214 1574 5271 rursus
1600 5198 1847 5271 videmur

271 5269 604 5339 mgnoscere
633 5269 921 5324 Eusebium
946 5270 1301 5331 commentari
1325 5270 1406 5325 vel
1436 5270 1736 5339 generatim
1769 5271 1837 5322 ad

277 5339 710 5410 Evangelia,_vel
741 5352 890 5394 certe
936 5341 989 5393 in
1022 5339 1388 5408 superioribus
1420 5348 1842 5410 commentatum

273 5408 456 5464 fuisse
474 5409 542 5462 ad
576 5408 765 5463 Matth.
797 5424 871 5472 vt,
902 5410 975 5464 25
1013 5423 1158 5478 scq.,
1187 5418 1247 5462 ut
1290 5410 1453 5463 etiam
1484 5409 1644 5463 verba
1680 5424 1847 5462 evan-

274 5478 449 5602 ἔοικε
474 5479 638 5533 citata
660 5480 729 5536 τὰ
762 5479 983 5541 πετεινά
1012 5479 1108 5533 τοῦ
1141 5478 1395 5551 οὐρανοῦ,
1427 5490 1558 5542 etc.,
1591 5479 1840 5533 suadent.

328 5551 497 5602 icetas
542 5549 708 5602 igitur
750 5552 982 5602 traxisse
1020 5552 1133 5602 haec
1164 5551 1232 5602 ad
1266 5561 1512 5602 catenam
1546 5550 1597 5602 in
1640 5548 1840 5602 Lucam

328 5551 497 5607 icetas
542 5549 708 5619 igitur
750 5552 982 5605 traxisse
1020 5552 1133 5604 haec
1164 5548 1232 5602 ad
1266 5561 1512 5603 catenam
1546 5548 1842 5619 inﬂLucam

274 5619 517 5691 videtur,
546 5624 614 5672 de
654 5633 755 5691 qua
795 5636 852 5672 re
883 5618 995 5691 jam
1031 5621 1084 5678 in
1118 5618 1838 5691 praecedentibus!diximus,

276 5689 535 5743 Attamen
602 5689 1000 5756 qualescunque
1075 5691 1157 5743 htu
1225 5700 1423 5744 nostra!
1476 5689 1841 5741 dubitationes

279 5769 442 5826 sunt;
479 5760 588 5817 duo
613 5768 735 5833 sunt
772 5758 969 5832 alioqui
1015 5759 1354 5819 certissima:
1389 5757 1641 5831 primum,
1673 5767 1840 5811 mate-

1943 1893 2336 1962 providentiam
2366 1896 2609 1960 mittens,
2636 1898 2878 1966 subjecto
2900 1901 3147 1970 exemplo
3173 1902 3316 1972 quod
3339 1902 3497 1959 mults

1945 1985 2116 2056 magis
2149 1985 2384 2055 ipsorum
2435 2005 2598 2060 quam
2629 1990 2921 2047 volatilium
2970 1992 3281 2050 alendorum
3316 2008 3504 2050 curam

1944 2086 2095 2146 geret
2117 2079 2351 2137 cmlestis
2375 2079 2553 2139 Pater.
2590 2082 2725 2139 Dum
2772 2095 2951 2142 autem
2983 2087 3256 2143 caelestem
3288 2085 3505 2142 Patrem

1945 2168 2197 2236 appellat,
2232 2172 2520 2227 maximum
2551 2189 2647 2230 nos
2681 2175 2872 2246 dogma
2901 2177 3078 2232 docet.
3114 2176 3250 2232 Nam
3283 2192 3404 2233 cum
3432 2176 3507 2231 sit

1944 2267 2187 2314 nostrum
2216 2258 2477 2334 cujusque
2507 2265 2668 2321 Pater
2696 2267 2740 2321 is
2778 2267 2869 2335 qui
2899 2282 3116 2323 carnem
3152 2277 3390 2324 nostram
3416 2281 3505 2323 se-

1944 2347 2055 2414 vit;
2087 2363 2208 2402 cum
2253 2352 2323 2404 sit
2367 2353 2496 2407 item
2547 2355 2784 2411 cmlestis
2827 2355 3008 2422 Pater,
3045 2358 3135 2427 qui
3184 2355 3502 2414 rationalem

1944 2436 2466 2511 intellectualemque
2499 2444 2606 2497 vim
2638 2445 2794 2500 nobis
2830 2445 3025 2502 indidit
3045 2487 3060 2512 ,
3092 2447 3321 2516 curiam
3351 2445 3505 2502 solli-

1942 2528 2034 2583 citi
2062 2529 2265 2586 simus?
2301 2531 2493 2588 Nonne
2524 2534 2750 2590 ﬁrmiter
2794 2537 3119 2592 credendum
3165 2548 3250 2593 est
3282 2548 3505 2594 natura-

1944 2619 2046 2678 lem
2081 2635 2324 2677 nostrum
2372 2625 2758 2696 melioremque
2804 2626 3040 2698 (animae)
3087 2637 3292 2697 patrem
3348 2629 3504 2684 nobis

1944 2713 2116 2784 magis
2138 2715 2530 2782 consulturum,
2559 2733 2719 2786 quam
2754 2718 2876 2773 coeli
2913 2718 3216 2774 volatilibus
3235 2758 3251 2784 ,
3284 2734 3404 2789 quae
3432 2721 3505 2774 ob

1946 2805 2040 2860 Dei
2066 2807 2457 2876 providentiam
2488 2809 2554 2862 ad
2586 2808 2675 2862 illa
2704 2824 2873 2879 usque
2910 2818 3240 2879 protensam,
3279 2821 3424 2866 tanta
3449 2823 3506 2867 et

1944 2904 2053 2953 tam
2082 2895 2226 2951 facili
2257 2913 2380 2953 esca
2407 2898 2701 2965 abundant,
2731 2899 2803 2953 ita
2830 2909 2888 2955 ut
2919 2900 3029 2955 sint
3056 2901 3271 2972 pinguia
3315 2913 3368 2957 et
3395 2901 3504 2958 for-

1948 2990 2019 3041 tia
2048 2998 2104 3045 et
2123 2989 2325 3058 optima
2373 2990 2599 3059 praedita
2645 2990 2988 3046 valetudine?
3032 2990 3150 3046 Jam
3208 2995 3502 3049 secundum

1944 3078 2147 3138 Lucam
2190 3081 2375 3135 dicens
2417 3080 2697 3150 Dominus,
2744 3080 3082 3135 Considerate
3137 3099 3336 3147 corvos,
3388 3085 3505 3153 plus

1940 3173 2141 3243 aliquid
2187 3173 2475 3243 signiﬁcat.
2519 3173 2652 3228 Nam
2705 3189 2827 3244 quas
2873 3174 3168 3229 seminibus
3211 3185 3504 3244 pascuntur

1940 3264 2204 3328 volucres,
2253 3264 2424 3334 magis
2456 3263 2671 3320 obviam
2696 3264 2880 3320 eseam
2925 3264 3155 3330 habent;
3202 3266 3501 3321 carnivora

1941 3363 2156 3423 autem,
2199 3355 2499 3424 cuiusmodi
2554 3355 2700 3411 corvi
2742 3365 2897 3420 sum,
2946 3355 3322 3411 difﬁciliorem.
3395 3355 3502 3412 Sed

1940 3457 2117 3503 tamen
2146 3461 2215 3502 ne
2261 3448 2314 3501 hi
2345 3446 2560 3517 quidem
2610 3447 2867 3502 alimento
2911 3456 3121 3511 carent,
3174 3455 3390 3517 propter
3434 3449 3503 3502 ad

1938 3536 2122 3592 omnia
2170 3536 2528 3606 pertinentem
2574 3532 2994 3593 Providentiam.
3058 3535 3241 3590 Tertio
3289 3552 3505 3607 quoque

1939 3637 2261 3697 argumento
2301 3628 2368 3681 ad
2418 3627 2556 3682 idem
2612 3641 2741 3681 usus
2768 3635 2853 3681 est
2883 3628 3113 3682 dicens:
3148 3625 3279 3692 Quis
3324 3635 3503 3682 autem

1938 3725 2164 3771 vestrum
2192 3718 2473 3789 cogitando
2498 3727 2665 3786 potest
2693 3717 2922 3787 adjicere
2949 3718 3019 3783 ad
3057 3728 3319 3773 staturam
3348 3735 3503 3773 suam

1939 3809 2168 3862 cubitum
2200 3809 2402 3863 unum?
2457 3809 2520 3864 Si
2569 3826 2691 3880 ergo
2741 3825 2903 3877 neque
2939 3809 3078 3879 quod
3124 3810 3394 3863 minimum
3424 3820 3505 3863 est

1938 3900 2174 3968 potestis,
2204 3916 2297 3953 cur
2323 3900 2389 3954 de
2412 3901 2613 3954 ceteris
2647 3899 2866 3955 solliciti
2895 3901 3062 3954 estis?
3098 3898 3154 3955 Si
3188 3915 3344 3955 nemo
3375 3915 3502 3970 pro-

1941 3990 2059 4059 prio
2107 3990 2287 4046 studio
2319 3990 2745 4046 additamentum
2788 3991 3004 4060 corpori
3051 4006 3149 4046 suo
3196 3992 3376 4045 facere
3408 4007 3506 4061 po-

1944 4091 2077 4150 test;
2106 4083 2149 4138 si
2185 4097 2377 4153 neque,
2419 4092 2622 4138 statuto
2649 4082 2864 4138 vivendi
2912 4084 3107 4153 spatio,
3156 4086 3504 4152 quantumvis

1942 4175 2160 4245 cogitet,
2199 4182 2376 4244 pateat
2415 4177 2700 4246 quisquam
2746 4175 2870 4230 vita:
2911 4176 3004 4231 lini
3054 4175 3364 4246 proximus,
3423 4162 3509 4236 vel

1941 4267 2100 4321 unius
2132 4266 2238 4322 diei
2289 4266 2632 4322 inter-Vallum
2678 4276 2774 4322 aut
2804 4265 3182 4321 brevissimum
3214 4267 3361 4322 hora:
3392 4282 3507 4344 mo_-

1941 4364 2180 4413 mentum
2209 4355 2311 4410 sibi
2334 4369 2669 4425 comparare,
2699 4369 2796 4410 cur
2822 4353 3022 4408 frustra
3047 4353 3503 4425 sollicitudinibus

1942 4447 2208 4515 angimur,
2239 4462 2362 4503 cum
2389 4462 2523 4518 opus
2538 4446 2610 4503 sit
2637 4445 2731 4501 Dei
2770 4445 3094 4500 voluntatem
3129 4434 3508 4514 exspectantes

1944 4538 2232 4609 perstare?
2279 4537 2416 4593 Nam
2465 4538 2511 4594 si
2562 4539 2607 4592 is
2642 4537 2870 4592 voluerit
2916 4550 3014 4592 nos
3061 4550 3279 4607 augere,
3323 4536 3508 4607 utique

1947 4631 2260 4700 augebimur
2286 4629 2421 4685 nihil
2458 4629 2760 4699 cogitantes
2791 4637 2890 4683 :et
2927 4628 2971 4683 si
3003 4626 3235 4683 voluerit
3274 4642 3372 4682 nos
3416 4630 3508 4682 diu

1944 4723 2152 4788 vivere,
2172 4737 2305 4779 sane
2327 4721 2609 4793 permultis
2633 4722 2789 4777 annis
2819 4720 2937 4776 sine
2959 4720 3064 4776 ulla
3088 4735 3216 4775 cura
3243 4717 3504 4774 fruemur.

1945 4812 2173 4869 Nolente
2195 4823 2375 4869 autem
2404 4812 2543 4869 eoin
2572 4812 2685 4867 vita
2715 4812 2949 4883 aliquem
2972 4826 3340 4889 perseverare,
3370 4825 3506 4873 vana

1948 4906 2200 4977 quaelibet
2226 4904 2461 4961 hominis
2492 4918 2622 4959 cura
2647 4912 2749 4967 est,

1945 5193 2079 5245 riam
2114 5200 2276 5243 totam
2317 5204 2437 5245 esse
2464 5190 2675 5245 Eusebii
2698 5235 2714 5256 ,
2751 5192 2905 5261 cujus
2951 5206 3148 5245 nomen
3188 5199 3507 5246 constanter

1942 5262 1997 5316 iu
2021 5262 2203 5316 citatis
2222 5261 2474 5315 omnibus
2498 5263 2740 5315 codicum
2767 5263 2899 5315 locis
2923 5261 3117 5327 legitur
3142 5279 3156 5314 :
3185 5264 3504 5325 secumlum,

1943 5332 2193 5392 debuisse
2238 5344 2355 5391 nos.
2389 5339 2447 5387 ut
2489 5329 2740 5395 fecimus,
2789 5331 3239 5385 commentarium
3272 5332 3418 5385 hunc
3449 5331 3506 5390 in

1941 5399 2501 5473 Lucam_inscrib_ere,
2549 5402 2674 5473 quia
2723 5410 2944 5473 cuuctag
2970 5401 3084 5473 haec
3112 5403 3443 5473 deprehensa
3474 5416 3509 5463 a

1944 5471 2098 5525 nobis
2146 5469 2362 5524 fuerunt
2386 5470 2438 5522 in
2472 5469 2702 5538 quatuor
2746 5470 2977 5524 diversis
3013 5470 3078 5524 ad
3112 5471 3310 5524 Lucam
3357 5483 3510 5527 cate-

1944 5542 2052 5601 nis,
2091 5554 2194 5593 nou
2232 5554 2363 5610 vero
2407 5540 2458 5593 in
2486 5540 2715 5593 aliorum
2752 5540 3202 5610 evangelistarum
3252 5545 3511 5609 explana.

1951 5610 2205 5665 tionibus.
2251 5609 2363 5667 lloc
2393 5623 2522 5680 ergo
2562 5620 2793 5679 quatuor
2834 5609 3082 5680 codicum
3144 5613 3511 5675 testimonium

1948 5696 2047 5759 pro
2102 5680 2315 5733 Eusebii
2386 5679 2786 5736 Commentario
2834 5682 2888 5736 iu
2939 5679 3138 5743 Lucam
3200 5689 3512 5761 perempto-

1948 5765 2084 5809 rtum
2114 5762 2350 5824 apparet,
