3858 6214
357 361 461 418 539
1062 350 1329 408 EUSEBII
1365 347 1849 406 CA:.S\RIENSIS
1889 348 2037 405 OPP.
2083 347 2263 403 PARS
2302 347 2461 404 lll.-—
2501 345 2910 402 EXEGETICA.
3475 345 3580 404 560

426 471 602 539 Atque
634 464 748 522 haec
793 465 859 523 de
907 429 1180 535 alimentis
1229 465 1560 528 disserebat;
1608 465 1917 536 pariterque

2086 465 2196 519 Καὶ
2241 463 2416 518 ταῦτα
2455 464 2553 534 μὲν
2606 463 2733 532 περὶ
2766 460 2972 534 τροφῆς
3014 461 3346 514 διετάττετοο
3393 461 3580 516 ὡσαύ-

355 564 424 621 de
481 559 811 617 indumentis
854 556 1107 613 monebat
1132 556 1321 613 dicens
1350 575 1364 611 :
1397 556 1734 612 Considerate
1771 556 1909 624 lilia,

2025 574 2117 621 rw;
2151 557 2207 610 δὲ
2254 557 2350 610 καὶ
2394 555 2523 625 περὶ
2560 553 2855 624 ἐνδύματος
2887 552 3117 625 παρῄνει
3154 552 3361 623 λέγων·
3393 558 3583 608 Ratun

355 651 613 723 quomodo
644 657 901 712 crescunt,
953 656 1009 702 et
1058 645 1283 715 reliqua.
1330 645 1538 702 Rursus
1567 645 1655 701 hir
1698 659 1912 716 quoque

2010 650 2273 719 νοήσατε
2302 648 2388 709 ,τὰ
2433 646 2606 717 κρίνα
2649 645 2774 712 πῶς
2824 644 3092 710 αὐξάνει,
3125 664 3179 700 κ.
3213 663 3264 702 τ.
3307 646 3358 698 λ.
3412 646 3584 700 Πάλιν

355 738 778 812 argumentando
823 734 1114 800 concludit,
1158 736 1390 791 suadens
1427 747 1489 791 ut
1532 736 1911 791 indumentum

2025 737 2292 792 κάνταῦθα
2316 736 2456 809 μετὰ
2487 733 2846 806 συλλογισμοῦ
2873 734 3113 803 συνάγει,
3141 735 3342 789 πείθων
3364 736 3588 807 προσδο-

354 851 568 908 quoque
615 850 647 889 a
683 835 789 889 Deo
820 832 951 902 ipsis
975 832 1162 887 datum
1209 831 1275 886 iri
1319 840 1656 901 exspectent.
1698 831 1832 887 Nam
1867 830 1914 888 si

2013 833 2117 904 κᾷν
2164 832 2380 894 πάντως
2431 828 2634 900 ἔνδυμα.
2685 825 2835 899 παρὰ
2887 827 2980 881 τοῦ
3026 826 3160 880 Θεοῦ
3205 829 3387 892 αὐτοῖς
3431 829 3588 899 δοθή-

352 928 475 1000 quis
506 935 592 983 est
619 927 758 996 apud
790 926 1039 981 homines
1083 924 1335 995 pretiosa:
1365 923 1529 979 vestis
1558 931 1719 994 atque
1760 939 1917 979 orna-

2016 924 2234 977 σεσθαι·
2275 923 2322 976 εί
2360 921 2469 992 γάρ
2502 921 2585 984 τίς
2633 921 2747 973 ἐστι
2788 918 3066 989 φιλότιμος
3109 919 3236 992 παρ’
3279 918 3588 990 ἀνθρώποις

354 1020 523 1076 menti
579 1019 881 1085 studiosus;
933 1026 1198 1087 spectate,
1250 1016 1447 1085 inquit,
1484 1015 1753 1086 quomodo
1786 1015 1913 1070 uni-

2025 1016 2201 1087 ἐσθῆτι
2226 1013 2507 1068 πολυτελεῖ
2530 1013 2624 1067 καὶ
2650 1011 2954 1084 φιλοκαλίᾳ,
2980 1010 3266 1076 θεάσασθε,
3293 1013 3447 1081 φησὶ,
3474 1013 3589 1074 τοῖς

354 1111 494 1167 versi
538 1120 731 1165 auctor
779 1109 920 1165 Deus
964 1123 1131 1177 usque
1172 1108 1239 1162 ad
1282 1117 1472 1163 enatos
1524 1107 1713 1163 tellure
1757 1107 1917 1163 liores

2012 1106 2329 1177 ὀφθαλμοῖς,
2358 1104 2434 1169 ὡς
2462 1107 2490 1159 ό
2516 1103 2610 1158 τοῦ
2650 1104 2847 1168 παντὸς
2870 1103 3098 1174 ποιητὴς
3120 1102 3271 1167 Θεὸς,
3305 1103 3465 1174 μέχρι
3493 1104 3589 1158 καὶ

355 1202 702 1274 multiplicem
738 1215 891 1255 suam
928 1199 1249 1271 sapientiam
1277 1199 1593 1265 extendens,
1643 1200 1788 1254 omni
1820 1215 1914 1260 co-

2014 1198 2123 1252 τῶν
2157 1198 2260 1269 γῆς
2297 1197 2578 1268 φυομένων
2609 1195 2814 1250 ἀνθέων
2853 1195 2950 1266 τὴν
2998 1194 3374 1249 πολυποίκιλον
3419 1195 3587 1248 αὑτοῦ

357 1295 529 1351 lorum
578 1305 737 1364 atque
771 1303 1059 1349 ornatuum
1105 1308 1299 1363 genere
1326 1293 1444 1349 illos
1490 1291 1672 1357 vestit,
1713 1302 1913 1348 tenam

2049 1291 2207 1359 οφίαν
2236 1288 2480 1351 ἐκτείνας
2501 1326 2515 1350 ,
2546 1287 2819 1351 παντοίοις
2852 1284 3106 1357 χρώμασί
3137 1303 3196 1339 τε
3236 1284 3330 1339 καὶ
3377 1285 3590 1355 κοσμή-

359 1385 771 1448 transformans,
807 1384 1190 1454 pulveremque
1234 1385 1350 1455 ejus
1393 1384 1710 1451 inanimem,
1764 1398 1916 1440 eus-

2025 1401 2151 1449 ινεισι
2194 1382 2571 1453 κατεκόσμησε
2607 1381 2794 1444 ταῦτα,
2843 1377 3326 1450 μετασχηματίσας
3359 1376 3459 1447 μὲν
3491 1377 3592 1448 τὴν

356 1476 585 1546 demque
660 1474 894 1546 speciem
977 1474 1300 1538 immutans,
1373 1473 1683 1529 melioribus
1744 1473 1917 1529 nulto

2027 1473 2138 1543 (ἦν,
2178 1472 2273 1525 καὶ
2307 1471 2407 1543 τὴν
2435 1470 2582 1524 κόνιν
2617 1469 2786 1541 αὐτὴν
2812 1469 2910 1540 τὴν
2941 1467 3148 1538 ἄψυχον
3167 1506 3182 1531 ,
3210 1467 3272 1520 τό
3299 1484 3358 1520 τε
3385 1466 3592 1538 ταύτης

358 1567 608 1624 tincturis
638 1580 799 1636 quam
844 1565 1096 1620 videntur
1139 1581 1371 1637 purpura
1399 1574 1454 1620 et
1503 1581 1713 1629 aurum,
1741 1575 1796 1621 et
1830 1575 1905 1620 te-

2025 1562 2336 1636 μεταὸαλὼν
2386 1558 2558 1626 εἶδος,
2608 1561 2922 1632 άλουργίδος
2959 1577 3019 1612 τε
3063 1560 3157 1613 καὶ
3202 1558 3404 1631 χρυσοῦ
3454 1559 3590 1612 πολυ

357 1661 552 1716 nuibus
582 1660 805 1734 philyris
826 1659 1164 1729 floridisque,
1196 1673 1348 1714 suam
1380 1658 1771 1728 quodammodo
1801 1657 1914 1712 for-

2025 1656 2287 1727 κρείττοσι
2328 1653 2631 1726 βάμμασιν,
2667 1656 2726 1708 ὲν
2756 1653 2917 1724 ὑμέσι
2960 1653 3174 1716 λεπτοῖς
3211 1652 3305 1706 καὶ
3336 1650 3591 1706 εῦανθέσι

359 1752 660 1809 mositatem
729 1751 783 1805 in
846 1751 927 1806 eis
980 1749 1250 1806 collocans
1292 1766 1307 1804 :
1356 1760 1416 1804 ut
1455 1750 1653 1805 nullius
1700 1748 1914 1805 delicati

2025 1748 2107 1802 τὸν
2137 1748 2195 1814 ἐξ
2221 1747 2383 1802 αὑτοῦ
2414 1747 2614 1819 κόσμον
2638 1749 2695 1800 ὲν
2719 1748 2855 1818 αὐτῇ
2898 1745 3264 1818 καταθέμενος
3282 1764 3294 1775 ·
3323 1746 3399 1809 ὡς
3434 1745 3597 1817 μηδε-

362 1844 537 1914 regis,
594 1857 767 1912 neque
815 1842 985 1913 ipsius
1031 1840 1368 1906 Salomonis,
1408 1840 1498 1910 qui
1541 1841 1679 1911 apud
1712 1849 1921 1897 veteres

2025 1842 2109 1907 νὸς
2148 1841 2419 1914 τρυφηλοῦ
2457 1842 2737 1913 βασιλέως,
2777 1841 2898 1914 μηδ’
2936 1841 3099 1896 αὑτοῦ
3154 1840 3468 1913 Σολομῶνος
3496 1838 3593 1894 τοῦ

358 1934 641 2004 sapientia,
678 1934 867 2004 opibus
898 1933 1207 2003 deliciisque
1239 1931 1538 1987 celebratus
1570 1942 1675 2000 est,
1711 1942 1917 1986 tantum

359 2025 774 2097 pulchritudinis
823 2023 1113 2078 artillcium
1143 2033 1471 2092 compertum
1517 2021 1704 2087 fuerit,
1733 2031 1793 2076 ut
1826 2021 1918 2076 uni

357 2131 429 2174 ex
468 2116 555 2171 his
593 2116 831 2187 pulchris
878 2113 1101 2170 floribus
1148 2129 1248 2184 par
1292 2115 1660 2167 indumentum
1721 2113 1921 2167 habere

361 2209 618 2279 potuerit.
647 2207 786 2276 Quid
808 2221 938 2276 ergo
965 2207 1180 2270 mirum,
1218 2205 1263 2260 si
1298 2206 1389 2275 qui
1423 2207 1537 2276 agri
1574 2206 1755 2261 fenum
1784 2204 1919 2260 nulli

364 2300 441 2355 rei
475 2299 627 2361 utile,
668 2301 811 2365 quod
864 2299 986 2370 igne
1050 2306 1427 2366 consumptum
1476 2297 1633 2368 perit,
1678 2299 1766 2367 ita;
1794 2312 1922 2352 con-

362 2392 543 2460 vestit,
556 2392 708 2447 vobis
722 2405 935 2462 quoque
953 2389 1225 2446 sensibilis
1251 2388 1559 2446 indumenta
1588 2390 1641 2445 in
1661 2403 1922 2458 praesente

360 2483 469 2537 vita
543 2482 880 2553 providentia
941 2496 1039 2536 sua
1097 2480 1469 2550 comparabit?
1523 2509 1598 2522 —
1650 2480 1740 2536 Sic
1792 2496 1922 2552 ergo

358 2574 539 2629 omnia
576 2573 880 2645 negligere,
928 2573 1098 2627 solum
1125 2586 1258 2628 vero
1306 2587 1528 2642 regnum
1562 2571 1700 2643 (Dei)
1736 2574 1923 2642 exqui-

361 2679 483 2721 rere
529 2666 891 2736 przecipiebat.
943 2662 1075 2719 Nam
1123 2679 1344 2735 regnum
1400 2678 1737 2734 nequaquam
1770 2681 1920 2735 quae-

363 2756 626 2822 rentibus,
660 2771 759 2812 nee
780 2756 996 2811 virtutis
1027 2771 1212 2810 curam
1245 2756 1574 2824 gerentibus,
1614 2755 1748 2809 nihil
1780 2770 1919 2824 prte-

364 2845 629 2900 dietorum
683 2844 1131 2914 suppeditabitur.
1194 2842 1336 2898 Solis
1374 2852 1552 2898 autem
1601 2844 1716 2900 haec
1764 2843 1924 2901 facile

363 2935 614 3001 aderunt,
642 2936 733 3005 qui
764 2948 882 3004 qua
904 2944 1030 2988 sunt
1057 2932 1150 2987 Dei
1181 2942 1397 2996 curant,
1431 2943 1592 3002 atque
1629 2942 1689 2988 ut
1722 2933 1769 2989 ei
1805 2933 1922 3002 pla-

363 3035 522 3084 ceant
568 3034 853 3098 satagunt,
919 3034 974 3079 et
1018 3023 1298 3079 meliorum
1342 3038 1522 3079 rerum
1571 3025 1748 3079 studio
1793 3026 1925 3079 dant

362 3132 600 3189 operam.
648 3116 782 3171 Nam
829 3116 937 3172 Deo
979 3125 1128 3189 grata
1160 3117 1495 3184 curantibus,
1542 3117 1780 3173 vicissim
1828 3131 1924 3172 cu-

362 3223 478 3263 ram
507 3209 777 3278 impendet
810 3207 969 3262 Deus.

360 3300 411 3336 ⁸³
439 3296 536 3353 Ubi
581 3300 719 3353 enim
754 3299 1026 3356 thesaurus
1053 3309 1218 3384 uester
1247 3309 1346 3366 est,
1382 3299 1454 3354 ibi
1484 3308 1533 3355 et
1566 3316 1659 3355 cor
1698 3308 1925 3356 uestrum

1081 3382 1198 3426 erit.

433 3457 634 3515 Natura
660 3461 857 3532 quippe
904 3474 1272 3532 comparatum
1316 3471 1399 3519 est
1420 3502 1436 3529 ,
1465 3471 1528 3517 ut
1558 3462 1735 3518 omnis
1765 3460 1925 3518 homo

365 3567 503 3619 rem,
547 3553 633 3607 cui
675 3554 893 3618 studet,
945 3555 1125 3609 animo
1170 3553 1582 3623 complectatur,
1634 3562 1797 3624 atque
1852 3554 1923 3609 ibi

365 3655 598 3699 mentem
633 3644 849 3715 deligat,
880 3645 1023 3702 unde
1055 3646 1338 3700 utilitatem
1369 3660 1429 3701 se
1453 3661 1650 3715 capere
1692 3645 1928 3701 arbitra-

366 3745 476 3791 tur.
510 3737 687 3804 Quare
710 3735 870 3792 .Iesus
893 3738 1213 3793 sententiam
1253 3738 1424 3805 addit,
1471 3753 1540 3793 ne
1570 3737 1841 3793 struendis
1870 3738 1926 3793 in

366 3836 511 3883 terra
544 3828 737 3895 opibus
786 3828 1163 3885 inhaereamus.
1214 3828 1316 3897 Qui
1359 3829 1525 3894 enim,
1575 3829 1670 3892 ait,
1723 3829 1777 3883 in
1825 3829 1926 3884 hac

366 3918 580 3973 mortali
610 3919 718 3972 vita
749 3916 1029 3973 facultates
1066 3918 1438 3989 bonorumque
1488 3919 1758 3974 cumulum
1793 3920 1924 3974 ade-

365 4016 486 4079 ptus
511 4015 616 4071 est,
642 4022 905 4078 suamque
939 4023 1088 4078 Spem
1119 4009 1173 4062 in
1203 4009 1482 4078 prasentis
1527 4010 1649 4064 vita:
1697 4009 1926 4080 negotiis

365 4099 675 4165 collocavit,
727 4113 951 4154 necesse
975 4107 1059 4155 est
1087 4114 1209 4155 eum
1255 4111 1361 4154 tam
1411 4101 1667 4170 gravibus
1697 4101 1926 4157 vinculis

365 4188 739 4259 praepeditum,
770 4197 998 4243 cunctas
1037 4202 1165 4244 suas
1193 4189 1547 4258 cegitationes
1577 4198 1926 4259 mentemque

365 4293 604 4344 onmem,
630 4294 791 4350 quam
841 4276 1001 4334 Jesus
1044 4293 1139 4334 cor
1167 4277 1470 4349 appellavit,
1521 4280 1668 4335 humi
1705 4280 1926 4349 depres-

364 4385 481 4425 sam
509 4371 724 4434 habere,
774 4379 934 4440 atque
965 4370 1160 4425 ibidem
1209 4380 1520 4426 concretam
1563 4372 1925 4427 volutantem~

367 4476 492 4532 que,
541 4462 628 4516 ubi
677 4462 987 4517 thesaurum
1020 4476 1177 4517 suum
1223 4464 1498 4533 possidere
1525 4479 1585 4521 se
1618 4475 1790 4535 putat.
1823 4465 1924 4532 Qui

365 4567 497 4608 vero
521 4552 835 4608 cmlestihus
864 4554 1123 4609 doctrinis
1151 4555 1388 4610 nutritus
1434 4571 1758 4627 magnopere
1788 4569 1931 4611 sata-

365 4644 464 4712 git,
498 4652 558 4697 ut
586 4654 707 4698 vota
755 4659 853 4699 sua
885 4659 1097 4699 sursum
1128 4645 1324 4714 erigat,
1374 4661 1628 4717 spemque
1675 4647 1728 4701 in
1765 4647 1927 4703 coale—

364 4735 538 4790 stibus
566 4737 843 4803 promissis
875 4746 1070 4805 ponat;
1122 4737 1320 4805 quique
1350 4738 1547 4793 omissa
1579 4740 1927 4792 cumulanda-

366 4841 486 4880 rum
527 4827 580 4879 in
609 4837 754 4881 terra
787 4841 945 4897 opum
972 4828 1351 4891 sollicitudine,
1386 4844 1654 4884 summam
1686 4841 1926 4885 sectatur

364 4923 760 4985 paupertatem,
792 4924 1009 4985 totoque
1055 4917 1234 4971 animo
1265 4918 1332 4970 ad
1384 4917 1607 4972 meliora
1636 4933 1920 4983 converso,

365 5021 519 5062 suam
541 5022 655 5063 rem
683 5023 899 5063 omnem
924 5010 976 5062 in
1001 5007 1141 5064 cmlo
1173 5009 1366 5064 sistere
1395 5011 1593 5076 studet,
1617 5020 1778 5081 atque
1802 5011 1927 5066 illuc

364 5098 635 5153 fortunam
671 5099 976 5153 universam
1007 5100 1361 5169 praemittere;
1392 5102 1586 5155 merito
1609 5103 1655 5155 is
1675 5102 1923 5170 equidem

363 5203 515 5259 spem
542 5190 820 5260 egregiam
868 5191 994 5245 inde
1044 5190 1302 5256 lucratur,
1344 5192 1469 5260 quia
1502 5200 1731 5245 mentem
1771 5207 1924 5247 suam

365 5288 528 5350 atque
554 5280 776 5337 consilia
809 5280 1119 5336 ecelestibus
1149 5282 1312 5337 rebus
1356 5280 1614 5351 implicat.
1651 5281 1748 5336 Ubi
1777 5283 1923 5337 etiim

366 5370 675 5427 thesaurum
707 5373 889 5440 habet,
934 5372 1009 5428 ibi
1051 5387 1206 5429 mens
1250 5372 1367 5444 ejus
1416 5375 1713 5429 consistet:
1751 5375 1824 5430 ita
1866 5384 1925 5429 ut

365 5474 590 5529 corpore
628 5472 835 5518 tantum
881 5453 1087 5520 versari
1136 5466 1190 5520 in
1247 5466 1408 5520 terris
1459 5480 1580 5520 cum
1617 5466 1921 5521 hominibus

362 5550 633 5615 videatur,
661 5554 825 5609 animi
850 5565 1028 5610 autem
1058 5555 1109 5609 vi
1142 5556 1389 5612 cmlestes
1438 5558 1596 5613 sedes
1620 5558 1726 5629 iam
1755 5573 1920 5614 oecuo

364 5654 520 5710 mre.
565 5640 705 5712 Ergo
746 5659 1182 5718 unumquemque
1236 5647 1505 5703 hominem
1553 5660 1763 5719 oportet
1793 5664 1919 5723 spe-

433 5757 480 5791 "
509 5754 636 5812 Car.
672 5775 765 5828 xu,
797 5762 885 5816 ει.

2020 1932 2172 2006 παρὰ
2191 1936 2302 1994 τοῖς
2328 1932 2580 1997 παλαιοῖς
2618 1933 2710 1986 ἐπὶ
2741 1931 2904 2002 σοφίᾳ
2932 1932 3026 1985 καὶ
3052 1931 3266 2003 πλούτῳ
3298 1932 3391 1986 καὶ
3413 1934 3593 2004 τρυφῇ

2020 2025 2302 2097 βοηθέντνς
2327 2025 2594 2095 τοσαύτην
2623 2023 2913 2095 εὑρεθῆναι
2949 2023 3237 2093 φιλόκαλον
3267 2025 3489 2096 τέχνην,
3519 2022 3599 2086 ὡς

2021 2117 2103 2170 ἐνὶ
2148 2115 2255 2169 τῶν
2291 2115 2398 2170 ἀπὸ
2442 2117 2546 2186 γῆς
2587 2115 2803 2186 ὡραίων
2842 2114 3048 2168 ἀνθέων
3081 2114 3395 2187 ὁμοιότατον
3435 2115 3597 2187 περί-

2020 2207 2201 2279 ϐλημα
2235 2207 2561 2278 κτήσασθαι.
2605 2207 2675 2260 Τί
2716 2201 2809 2260 οὖν
2848 2204 2953 2279 χρὴ
2984 2206 3305 2278 θαυμάζειν,
3350 2208 3400 2260 εἰ
3439 2209 3469 2261 δ
3506 2208 3603 2262 τὸν

2020 2300 2208 2373 χόρτον
2236 2300 2328 2353 ’οὖ
2354 2300 2524 2372 ἀγροῦ
2557 2300 2647 2354 τὸν
2673 2303 2753 2364 είς
2784 2300 2934 2354 οὐδὲν
2959 2302 3248 2373 χρήσιμον,
3280 2294 3340 2355 οὗ
3368 2301 3520 2366 τέλος
3561 2303 3598 2374 ἠ

2020 2388 2107 2442 διὰ
2141 2388 2310 2461 πυρὸς
2346 2388 2541 2459 φθορὰ,
2574 2388 2759 2444 τοῦτον
2797 2391 3071 2461 ἀμφιέσας
3110 2391 3201 2445 τὸν
3232 2392 3453 2465 τρόπον,
3502 2394 3600 2448 καὶ

2023 2477 2152 2548 ὑμῖν
2186 2479 2367 2541 αὐτοῖς
2404 2478 2716 2550 ἐνδυμάτων
2761 2480 3033 2551 αἰσθητῶν
3071 2480 3165 2534 ἐπὶ
3202 2480 3295 2535 τοῦ
3331 2483 3601 2554 παρόντος

2024 2570 2138 2641 βίου
2179 2574 2504 2644 προνοήσει;
2547 2605 2615 2614 -
2658 2573 2843 2637 Οὕτως
2874 2570 2965 2628 οῦν
3006 2575 3260 2629 ἁπάντων
3289 2576 3597 2647 ὀλιγωρεῖν,

2025 2663 2191 2735 μόνης
2227 2664 2284 2717 δὲ
2319 2668 2418 2737 τῆς
2464 2664 2736 2736 βασιλείας
2774 2667 3180 2736 μετατοιεῖσθαι
3222 2668 3554 2738 προσέταττε
3576 2684 3593 2697 ·

2025 2755 2099 2825 μὴ
2130 2755 2238 2827 γὰρ
2266 2756 2486 2828 ζητοῦσι
2509 2757 2607 2826 τὴν
2638 2757 2883 2828 βασιλεία
2951 2760 3074 2831 μηδ’
3111 2760 3311 2832 ἀρετῆς
3340 2760 3601 2832 πρόνοιαν

2023 2846 2365 2916 ποιουμένοις
2406 2848 2559 2902 οὐδὲν
2595 2850 2703 2905 τῶν
2734 2851 3152 2923 ἐπηγκελμένων
3194 2852 3346 2906 ἔσται
3370 2869 3383 2882 ·
3418 2853 3601 2923 μόνοις

2021 2936 2079 2990 δὲ
2115 2936 2265 2991 ταῦτ’
2312 2938 2371 3004 ἐξ
2416 2941 2635 3012 ἑτοίμου
2676 2943 3010 3015 παρέσεσθαι
3037 2947 3148 3010 τοῖς
3189 2946 3491 3016 μεριμνῶσι
3531 2945 3604 2999 τὰ

2022 3027 2115 3081 τοῦ
2148 3028 2304 3095 Θεοῦ,
2327 3031 2474 3096 ὅπως
2512 3031 2578 3086 ἂν
2603 3034 2856 3106 ἁρέσαιεν
2882 3036 3053 3107 αὐτῷ,
3083 3036 3178 3089 καὶ
3203 3040 3316 3101 τοῖς
3352 3038 3479 3109 περὶ
3501 3036 3604 3108 τὴν

2026 3118 2250 3191 ζήτησιν
2292 3121 2401 3177 τῶν
2446 3121 2779 3196 κρειττόνων
2814 3128 3234 3200 ἠσχολημένοις·
3291 3132 3603 3203 μεριμνῶσι

2025 3208 2133 3281 γὰρ
2157 3209 2227 3264 τὰ
2256 3210 2336 3281 τῷ
2365 3210 2485 3283 Θεῷ
2510 3212 2659 3283 φίλα,
2691 3216 3173 3290 ἀντιμεριμνήσειν
3204 3218 3296 3272 τὸν
3335 3220 3489 3274 Θεόν.

2027 3298 2220 3352 Ὅπου
2256 3299 2368 3371 γὰρ
2394 3304 2427 3354 d
2469 3305 2774 3383 θησαρρρς
2809 3305 2999 3383 ᾐμῶν,
3033 3307 3156 3361 ἐκεῖ
3184 3309 3282 3363 καὶ
3322 3310 3361 3378 ἠ
3386 3309 3605 3369 καρδία

2617 3375 2785 3443 ὑμῶν
2804 3375 2998 3434 ἐσται.

2093 3460 2343 3526 Φυσικῶς
2372 3462 2482 3535 γὰρ
2506 3466 2615 3528 πᾶς
2645 3465 2930 3538 ἄνθρωπος
2963 3468 3090 3540 περὶ
3113 3469 3141 3523 ὃ
3161 3471 3445 3536 σπουδάζει
3484 3472 3604 3527 διά-

2026 3566 2235 3619 κειται,
2275 3553 2438 3607 κάκεῖ
2468 3555 2646 3609 πάντα
2685 3557 2775 3611 τὸν
2813 3557 2935 3613 νοῦν
2979 3559 3093 3631 ἔχει
3133 3560 3261 3614 ἔνθα
3302 3562 3607 3634 κεκτῆσθαι

2023 3642 2121 3715 τὴν
2150 3643 2418 3713 ὠφέλειαν
2453 3646 2705 3719 νενόμικε
2729 3667 2743 3679 ·
2786 3649 2875 3704 διὰ
2902 3649 3058 3705 τοῦτο
3089 3653 3186 3708 καὶ
3216 3652 3308 3707 τὸν
3340 3654 3603 3727 λογισμὸν

2025 3737 2221 3805 ἐπάγει
2246 3737 2340 3791 τοῦ
2370 3738 2445 3811 μὴ
2469 3739 2577 3794 δεῖν
2606 3742 2699 3794 ἐπὶ
2723 3743 2826 3813 γῆς
2856 3743 3221 3816 θησαυρίζειν.
3250 3748 3313 3800 Εἰ
3347 3748 3446 3818 μὲν
3489 3749 3607 3819 γάρ

2023 3844 2127 3891 τις,
2155 3828 2339 3897 φησὶν,
2364 3832 2426 3883 ὲν
2449 3830 2527 3902 τῷ
2557 3831 2734 3905 θνητῷ
2771 3834 2872 3905 βίῳ
2904 3836 3004 3900 τὰς
3034 3839 3253 3909 κτήσεις
3290 3841 3384 3893 καὶ
3413 3843 3596 3895 πᾶσαν

2026 3916 2259 3990 ὕπαρξιν
2282 3919 2614 3991 συνείληχεν,
2643 3924 2954 3996 ἀναρτήσας
2989 3926 3153 3980 αὐτοῦ
3180 3927 3277 4000 τὴν
3305 3932 3483 3985 πᾶσαν
3511 3933 3603 3985 έλ-

2026 4009 2152 4062 πίδα
2189 4011 2283 4064 ἐπὶ
2323 4011 2392 4066 τὰ
2424 4014 2666 4085 παρόντα
2707 4014 2804 4068 τοῦ
2845 4015 2961 4093 βίου
2991 4019 3312 4090 πράγματα,
3342 4023 3400 4089 ἐξ
3428 4025 3601 4093 ἀνάγ-

2024 4118 2128 4172 κης
2174 4098 2263 4157 οἷα
2306 4104 2369 4175 δὴ
2411 4105 2630 4176 δεσμοῖς
2668 4108 2941 4175 τοσούτοις
2982 4112 3373 4184 πεπεδημένος,
3423 4117 3605 4170 πάντα

2023 4196 2115 4249 τὸν
2142 4197 2308 4251 αὐτοῦ
2338 4198 2595 4269 λογισμὸν
2626 4201 2720 4253 καὶ
2767 4203 2946 4256 πᾶσαν
2989 4204 3089 4274 τὴν
3127 4203 3362 4258 διάνοιαν
3382 4244 3396 4269 ,
3435 4209 3502 4279 ἣν
3536 4207 3610 4280 δὴ

2025 4288 2253 4358 καρδίαν
2279 4288 2550 4360 ὠνόμασε,
2599 4290 2751 4345 κάτω
2792 4309 2896 4346 που
2938 4294 3074 4365 πρὸς
3105 4297 3169 4366 τῇ
3215 4298 3286 4367 γῇ
3317 4296 3602 4369 κέκτηται,

2027 4380 2191 4432 κάκεῖ
2219 4379 2449 4451 φύρεται
2483 4381 2577 4435 καὶ
2616 4382 2965 4449 καλινδεῖται,
3007 4385 3135 4439 ἔνθα
3173 4387 3472 4458 κεκτῆσθαι
3509 4389 3611 4445 τὸν

1955 4508 2001 4565 D
2027 4473 2191 4525 αὐτοῦ
2220 4471 2492 4545 θησαυρὸν
2520 4476 2802 4547 νενόμικεν
2822 4493 2836 4509 ·
2868 4479 2919 4531 εί
2950 4478 3008 4531 δὲ
3048 4482 3163 4543 τοῖς
3194 4480 3464 4553 οὐρανίοις
3495 4500 3604 4555 μα-

2033 4566 2098 4638 θή
2108 4584 2269 4638 μασιν
2296 4571 2580 4642 ἐντραφεὶς
2610 4572 2786 4625 πάντα
2814 4574 3062 4646 πράττοι,
3089 4575 3183 4629 τὸν
3209 4575 3373 4629 αὐτοῦ
3401 4575 3607 4629 σκοπὸν

2029 4658 2141 4713 ἄνω
2174 4663 2647 4732 προσαναρτήσας,
2683 4664 2779 4716 καὶ
2815 4665 2914 4734 τὴν
2952 4666 3144 4719 ἐλπίδα
3181 4665 3344 4736 ῥίψας
3373 4667 3466 4720 ἐπὶ
3504 4665 3608 4730 τὰς

2028 4750 2312 4821 οὐρανίους
2347 4753 2696 4822 ἐπαγγελίας,
2727 4754 2822 4808 τοῦ
2856 4754 2955 4825 μὲν
2990 4754 3241 4825 συνάγειν
3262 4758 3356 4809 ἐπὶ
3375 4756 3481 4827 γῆς
3513 4757 3607 4811 οὒ-

2029 4842 2220 4913 δεμίαν
2255 4844 2576 4915 ποιούμενος
2615 4848 2903 4918 φροντίδα,
2937 4850 3035 4922 τὴν
3081 4849 3258 4921 ἄκραν
3295 4848 3351 4902 δὲ
3402 4848 3610 4920 μετιὼν

2029 4931 2432 5005 ἀκτημοσύνην,
2460 4935 2552 4988 καὶ
2588 4934 2709 5000 ὅλος
2736 4939 3023 5009 γινόμενος
3047 4938 3182 5009 πρὸς
3213 4942 3327 5002 τοῖς
3361 4940 3609 5011 κρείττο-

2033 5038 2136 5088 σιν,
2174 5025 2233 5076 ὲν
2270 5024 2484 5096 οὐρανῷ
2509 5044 2568 5081 τε
2606 5027 2784 5081 πάντα
2821 5029 3092 5098 συνάγειν,
3128 5030 3290 5083 κάκεῖ
3318 5030 3409 5083 τὸν
3433 5030 3605 5084 αὐτοῦ

2031 5112 2256 5167 πλοῦτον
2305 5117 2689 5187 ταμιεύεσθαι,
2726 5119 2821 5173 καὶ
2855 5122 3037 5174 πᾶσαν
3065 5118 3163 5191 τὴν
3205 5119 3440 5192 ὓπαρξιν
3489 5123 3610 5174 ἐκεῖ

2032 5204 2374 5276 προπέμπειν
2404 5207 2715 5273 σπουδάζων
2735 5225 2749 5240 ο
2777 5209 2998 5273 εἰκότων,
3022 5211 3053 5263 ό
3080 5209 3321 5271 τοιοῦτος
3351 5209 3513 5263 δνοιτ’
3538 5209 3607 5264 ἂν

2028 5293 2277 5351 ἐντεῦθεν
2304 5298 2403 5368 τῆς
2425 5297 2634 5370 ἀγαθῆς
2656 5300 2888 5366 ἐλπίδος,
2916 5302 2992 5374 τῷ
3013 5302 3112 5373 τὴν
3134 5302 3371 5356 διάνοιαν
3395 5303 3492 5356 καὶ
3512 5303 3606 5356 τὸν

2026 5385 2286 5456 λογισμὸν
2325 5390 2555 5444 οἰκειοῦν
2596 5392 2788 5446 ἑαυτοῦ
2828 5396 2940 5457 τοῖς
2984 5393 3290 5465 οὐρανίοις·
3325 5392 3454 5447 ἔνθα
3494 5394 3608 5464 γὰρ

2027 5474 2139 5545 ἔχει
2163 5477 2252 5531 τὸν
2281 5478 2572 5553 θησαυρὸν,
2596 5483 2711 5543 ἐκεῖ
2740 5484 2836 5537 καὶ
2864 5485 2963 5555 τὴν
2985 5486 3225 5539 διάνοιαν
3251 5484 3360 5550 ἕξει
3377 5501 3391 5515 ·
3418 5485 3496 5549 ὡς
3520 5485 3609 5539 δο-

2026 5568 2141 5619 κεῖν
2175 5569 2272 5639 μὲν
2293 5571 2385 5626 ἐπὶ
2411 5574 2515 5644 γῆς
2544 5576 2959 5647 παρεπιδημεῖν,
2989 5578 3083 5631 καί⁵
3115 5578 3194 5649 τῷ
3218 5576 3429 5648 σώματι
3456 5579 3611 5650 μόνῳ

2029 5662 2263 5715 συνεῖναι
2313 5664 2642 5736 ἀνθρώποις,
2690 5670 2757 5741 τῇ
2805 5669 2862 5723 δὲ
2901 5668 3128 5741 δυνάμει
3174 5668 3273 5735 τὰς
3316 5670 3610 5742 οὐρανίους
