3858 6214
1440 333 1939 393 COMMENTARIA
1974 333 2043 393 IN
2079 333 2338 395 LUCAM.

278 437 383 508 ήδη
416 437 698 512 διατριϐὰς
732 444 1004 514 μετιέναι·
1040 447 1180 503 ὥστε
1223 449 1336 505 ἄνω
1376 452 1595 523 βλέπειν
1627 457 1724 520 δεῖ,
1760 457 1842 510 καί

1954 465 2103 513 ctare
2132 471 2385 526 superna,
2438 470 2611 526 eoque
2638 468 2786 525 spem
2842 452 3110 525 dirigere'.
3143 451 3252 511 "ubi
3305 453 3521 511 thesau-

277 530 379 595 τὰς
435 532 653 600 ἐλπίδας
705 536 869 609 ἔχειν,
907 539 1040 594 ὅπου
1099 542 1194 597 καὶ
1232 545 1324 600 τὸν
1370 545 1641 621 θησαυρὸν
1689 550 1851 605 αὐτοῦ

280 626 634 698 συναγήοχεν.

275 716 399 804 Καὶ,
426 719 593 804 ὑμεῖς
624 720 812 802 ὅμοιοι
851 724 1187 804 ἀνθρῴποις
1204 729 1721 804 -.προσδεχομένοις
1747 733 1857 788 τὸν

326 791 536 854 κύριον
566 791 816 858 ἑαυτῶν,
854 791 1001 850 πότε
1022 791 1316 853 ἀναλύσει
1345 800 1415 854 ἐκ
1439 791 1557 855 ab}

363 876 451 928 Ἑν
479 878 687 949 ἑτέροις
724 882 822 954 ήδη
864 883 1072 950 ἐδίδαξε
1112 886 1242 960 περὶ
1278 889 1385 945 τῶν
1422 891 1616 962 γάμων
1650 889 1852 947 εἰπών·

288 967 641 1057 Ὡμοιώθηξή
660 974 950 1037 βασιλεία
983 975 1101 1033 τῶν
1129 979 1400 1049 οὐρανῶν
1426 981 1714 1050 ἀνθρώπῳ
1737 983 1856 1049 ,βα-

274 1063 453 1123 σιλεῖ,
493 1064 561 1132 ὃς
596 1066 845 1136 ἐποίησε
894 1071 1122 1141 γάμους
1156 1072 1235 1139 τῷ
1261 1072 1369 1139 υὶῷ
1405 1075 1609 1130 αὐτοῦ.
1649 1076 1734 1139 Ὡς
1763 1070 1857 1131 οὖν

274 1153 377 1226 ήδη
429 1155 537 1209 τῶν
579 1157 773 1229 γάμων
811 1161 1190 1233 γεγενημένων
1216 1202 1230 1227 ,
1271 1163 1364 1217 καὶ
1408 1164 1503 1217 τοῦ
1554 1165 1854 1236 συμποσίου

272 1244 660 1313 τελεσθέντος,
714 1251 989 1306 ἐπάνεισιν
1046 1254 1075 1305 6
1122 1252 1312 1327 κύριος
1360 1255 1453 1308 ἐπὶ
1506 1257 1632 1319 τοὺς
1690 1258 1856 1329 ἐγρη-

272 1338 506 1406 γορότας
560 1339 811 1407 δούλους,
868 1342 949 1407 οἳ,
1009 1343 1226 1399 ἐπειδὰν
1284 1345 1547 1419 ἀφίκηται
1606 1347 1765 1412 αὐτὸς
1827 1349 1856 1401 6

271 1427 507 1496 νυμφίος
575 1429 675 1502 τὴν
751 1432 1063 1504 παράληψιν
1118 1434 1219 1505 τῆς
1284 1433 1500 1507 νύμφης
1564 1436 1857 1510 ποιησόμε-

271 1533 398 1581 νος,
441 1517 736 1588 κρούσαντι
778 1521 925 1593 αὐτῷ
976 1523 1075 1594 τὴν
1125 1525 1222 1595 τῆς
1260 1524 1440 1597 ψυχῆς
1479 1525 1678 1599 θύραν,
1719 1528 1855 1581 ἐτοι-

274 1612 487 1681 μὸτατα
537 1608 929 1669 ύπακούσουσι⁵
972 1618 1067 1671 καὶ
1125 1619 1394 1684 ἀνοίξουσι
1419 1660 1433 1684 ,
1506 1619 1596 1674 διὰ
1654 1622 1853 1686 παντὸς

272 1705 635 1777 ἐγρηγορότες
659 1747 673 1769 ,
731 1710 822 1763 καὶ
891 1709 987 1782 τὴν
1039 1710 1203 1766 αὑτοῦ
1268 1713 1567 1785 παρουσίαν
1633 1713 1851 1784 ἐκδεχό-

1962 563 2078 603 rum
2108 562 2263 603 suum
2291 547 2401 618 jam
2435 546 2729 604 acervtvit.

1954 725 2001 758 "
2031 726 2097 782 Et
2121 712 2220 781 'uos
2253 725 2445 780 similes
2474 725 2770 781 hominibus
2809 724 3222 794 exspectantibus
3251 723 3519 781 dominum

2224 812 2376 849 suum
2406 796 2615 866 quando
2651 805 2939 849 revertatur
2966 811 2999 848 a
3027 795 3239 863 nuptiis.

2024 883 2141 940 1am
2184 885 2309 939 alibi
2345 884 2527 939 docuit
2563 899 2684 938 cum
2718 885 2782 938 de
2816 883 3018 953 nuptiis
3055 884 3302 937 diceret:
3339 879 3519 937 Simile

1955 987 2028 1032 est
2062 993 2276 1044 regnum
2314 973 2561 1028 ccelorum
2611 973 2811 1027 homini
2856 974 2996 1042 regi,
3027 973 3115 1042 qui
3157 973 3276 1041 fecit
3313 972 3520 1039 nuptias

1959 1067 2069 1139 ﬁlio
2107 1083 2202 1121 suo
2224 1066 2292 1119 ⁸⁸.
2328 1064 2606 1136 Tanquam
2640 1065 2803 1136 igitur
2851 1064 3083 1133 peractis
3128 1063 3347 1132 nuptiis,
3388 1077 3520 1117 con-

1956 1160 2205 1230 vivioque
2234 1158 2498 1224 absoluto,
2531 1157 2670 1212 redit
2706 1155 2956 1211 dominus
2989 1157 3054 1209 ad
3088 1169 3275 1209 servos
3306 1153 3518 1225 vigiles,

1955 1252 2047 1322 qui
2089 1265 2286 1319 sponso
2315 1250 2381 1305 ad
2416 1248 2729 1304 sumendam
2761 1247 2861 1302 sibi
2902 1260 3153 1316 sponsam
3184 1246 3518 1312 adventanti,

1954 1351 2008 1398 et
2044 1356 2187 1397 nunc
2228 1340 2341 1410 jam
2378 1340 2573 1395 animae
2622 1338 2768 1394 fores
2802 1335 3066 1407 pulsanti,
3118 1336 3523 1407 promptissime

1955 1434 2430 1505 morigerabuntur
2486 1443 2649 1501 atque
2685 1431 2968 1500 aperient,
3024 1438 3311 1499 propterea
3377 1431 3519 1499 quod

1954 1534 2213 1596 perpetuo
2245 1523 2455 1593 vigiles,
2488 1521 2778 1576 adventum
2809 1520 2924 1591 ejus
2955 1520 3247 1590 praestolati
3283 1519 3518 1575 fuerant.

1952 1621 2041 1673 Ait
2075 1618 2280 1686 igitur:
2316 1614 2470 1668 Beati
2517 1614 2671 1668 servi'
2702 1613 2811 1679 illi,
2857 1598 2993 1679 quos
3028 1613 3234 1665 veniens
3267 1613 3521 1667 invenerit

1951 1710 2224 1781 vigilantes
2247 1708 2313 1762 ".
2346 1706 2543 1775 Quidni
2572 1720 2701 1759 vero
2735 1705 2789 1758 hi
2826 1701 2987 1765 beati,
3014 1704 3105 1771 qui
3142 1712 3355 1758 tantum
3381 1718 3522 1759 mer-

271 1815 443 1867 μενοι.
488 1800 758 1870 Ἐπιλέγει
791 1801 922 1870 γοῦν
941 1821 954 1834 υ
976 1804 1265 1874 Μακάριοι
1303 1809 1358 1859 οἱ
1383 1806 1591 1860 δοῦλοι
1611 1807 1842 1871 ἐκεῖνοι.

1953 1804 2138 1857 cedem
2171 1801 2396 1856 relaturi
2433 1796 2633 1855 erant?
2659 1797 2825 1868 Igitur
2854 1812 2979 1852 cum
3017 1806 3356 1851 sacramento
3390 1810 3521 1850 con-

269 1887 378 1955 οῢς
416 1890 611 1943 ἐλθὼν
641 1891 886 1962 εὑρήσει
919 1896 1376 1965 γρηγοροῦντας.
1428 1900 1537 1952 Καὶ
1586 1900 1703 1964 πῶς
1738 1900 1842 1974 γὰρ

1952 1896 2168 1949 linunt:
2202 1893 2368 1947 Amen
2398 1894 2514 1946 dico
2551 1891 2710 1955 vobis,
2740 1890 3142 1960 prcccincturum
3176 1903 3249 1949 se,
3292 1889 3520 1943 discum-

264 1981 330 2033 οὐ
362 1982 621 2051 μακάριοι
648 1985 695 2037 οἱ
726 1985 995 2056 τοσαύτης
1032 1987 1317 2057 μέλλοντες
1343 1988 1739 2062 ἁξιωθήσεσθαι
1766 2010 1847 2046 τι·-

269 2073 413 2143 μῆς;
460 2075 789 2146 Ἐπὸμνυται
822 2077 951 2146 γοῦν
980 2080 1163 2145 αὐτοῖς
1191 2082 1415 2150 φάσκων
1435 2100 1447 2113 ·
1490 2083 1674 2155 Ἀμὴν
1693 2085 1849 2155 λέγω

266 2164 430 2233 (mir,
461 2165 551 2220 ὅτι
583 2167 960 2237 περιζώσεται
994 2172 1094 2225 καὶ
1124 2173 1440 2227 ἀνακλινεῖ
1463 2175 1686 2242 αὐτοὺς
1706 2215 1721 2239 ,
1747 2177 1848 2230 καὶ

264 2258 584 2326 παρελθὼν
620 2260 969 2328 διακονήσει
1001 2264 1223 2330 αὐτοῖς.
1259 2266 1436 2320 Νυκτὶ
1466 2266 1522 2320 δὲ
1565 2268 1848 2338 παραϐάλ-

186 2386 192 2393 ρ
264 2352 373 2406 λων
405 2354 499 2406 τὸν
547 2352 886 2426 ἀνθρώπινον
924 2355 1055 2425 βίον,
1102 2354 1177 2420 ὼς
1226 2355 1441 2427 ἀληθῶς
1492 2359 1716 2425 σκότους
1754 2361 1848 2415 καὶ

264 2447 489 2517 ἀγνοίας
511 2449 730 2512 οἰκεῖον,
756 2448 1031 2519 διαφόροις
1057 2448 1342 2518 φυλακαῖς,
1373 2450 1649 2505 τουτέστιν
1678 2450 1849 2523 ὥραις

263 2543 360 2595 καὶ
380 2545 592 2613 καιροῖς
610 2541 707 2613 τῆς
733 2541 946 2605 νυκτὸς,
967 2543 1057 2597 τὸν
1076 2542 1171 2613 τῆς
1186 2542 1529 2615 ἀνθρωπίνης
1544 2542 1690 2615 ζωῆς
1711 2561 1850 2616 παρ-

262 2632 475 2696 εικάζει
513 2631 733 2704 χρόνον·
771 2634 827 2685 ἐν
866 2625 910 2701 ᾧ
952 2633 1078 2696 τοὺς
1120 2632 1206 2686 διὰ
1251 2634 1450 2697 παντὸς
1481 2634 1849 2706 ἐγρηγορότας

260 2723 352 2777 διὰ
382 2721 444 2774 τὺ
476 2721 671 2793 ἄδηλον
698 2723 799 2794 τῆς
826 2723 1056 2777 ἑκάστου
1082 2723 1337 2795 τελευτῆς
1375 2725 1678 2797 μακαρίους
1711 2727 1848 2778 ἀπο-

263 2812 481 2881 φαίνει·
530 2812 736 2884 ταύτης
783 2814 841 2866 se
889 2815 988 2885 τῆς
1029 2815 1346 2886 προτροπῆς
1398 2816 1483 2879 τίς
1537 2816 1605 2869 ἂν
1647 2816 1844 2885 γένοιτ’

261 2905 546 2977 ἀνωτέρα,
597 2906 631 2976 ἢ
685 2906 777 2959 τὸν
826 2905 1092 2977 δεσπότην
1146 2907 1482 2976 ἐπήγγελται
1528 2909 1690 2962 αὐτὸν
1733 2911 1847 2975 τοῖς

259 2997 469 3060 δούλοις
483 2998 841 3070 διακονήσειν,
857 2999 983 3063 τοὺς
997 2999 1054 3052 δέ
1072 2998 1294 3063 δούλους
1314 3000 1765 3073 ὰνακλιθήσεσθαι
1788 3003 1845 3055 ἐν

261 3092 331 3162 τῇ
364 3089 604 3162 βασιλείᾳ
628 3090 814 3156 αὐτοῦ,
840 3091 1088 3145 τουτέστι
1109 3091 1567 3147 διαναπαύσεσθαι
1591 3110 1605 3159 ;
1633 3094 1845 3165 Προϊὼν

1950 1985 2186 2039 bentibus
2219 1984 2349 2051 illis,
2381 1992 2430 2037 et
2465 1990 2819 2037 transeuntem
2846 1980 3037 2034 eisdem
3068 1978 3512 2035 ministraturum.

1949 2076 2107 2131 Nocti
2153 2086 2333 2131 autem
2375 2089 2696 2145 comparans
2738 2076 3027 2131 humanam
3063 2077 3260 2143 vitam,
3306 2090 3403 2130 ceu
3438 2089 3524 2129 re-

1949 2184 2079 2239 apse
2109 2169 2344 2227 tenebris
2370 2178 2425 2223 et
2471 2169 2680 2224 inscitia
2723 2167 3134 2243 circumfusam,
3179 2166 3410 2222 diversis
3438 2167 3524 2219 vi-

1948 2262 2125 2332 giliis,
2168 2261 2223 2316 id
2254 2270 2339 2316 est
2382 2259 2535 2316 horis
2579 2260 3017 2329 temporibusque
3064 2259 3368 2324 nocturnis,
3415 2257 3521 2313 hu-

1950 2368 2122 2409 manze
2150 2352 2273 2408 vitae
2314 2350 2545 2422 spatium
2577 2350 2882 2406 assimilat;
2918 2354 2970 2404 in
3022 2364 3129 2421 quo
3174 2349 3218 2403 si
3260 2348 3350 2419 qui
3398 2347 3521 2403 sine

1950 2446 2138 2518 requie
2177 2444 2434 2516 vigilant,
2496 2453 2719 2514 propter
2766 2441 2944 2496 obitus
3002 2440 3268 2495 incertum
3311 2454 3521 2502 casum,

1947 2539 2136 2595 beatos
2163 2552 2258 2593 eos
2288 2535 2549 2607 appellat.
2568 2532 2688 2590 Jam
2720 2534 2823 2590 hac
2865 2535 3243 2590 adhortatione
3271 2547 3518 2602 quaenam

1945 2629 2228 2686 sublimior
2271 2643 2391 2684 esse
2442 2627 2652 2698 potest',
2695 2642 2800 2698 qua
2836 2626 3090 2681 nimirum
3145 2626 3395 2685 dominus
3427 2624 3512 2681 di-

1947 2723 2088 2778 citur
2118 2719 2291 2776 servis
2328 2719 2441 2774 suis
2474 2717 2904 2785 ministraturus,
2939 2718 2990 2772 hi
3041 2728 3222 2771 autem
3275 2716 3327 2770 in
3378 2715 3520 2771 illius

1948 2826 2114 2883 regno
2154 2810 2483 2875 recubituri,
2532 2809 2586 2865 id
2634 2817 2719 2865 est
2771 2809 2957 2878 requie
3009 2807 3270 2879 potituri?
3318 2806 3519 2862 Deinde

1948 2916 2135 2956 rursus
2186 2900 2510 2970 promissum
2558 2900 2699 2955 idem
2743 2898 3012 2966 ﬁrmavit,
3063 2914 3183 2954 cum
3239 2898 3521 2969 discipulis

1947 2994 2126 3050 dixit:
2173 2991 2288 3063 Ego
2339 3003 2514 3047 autem
2545 2993 2600 3046 in
2654 2992 2825 3046 media
2874 2990 3032 3047 vestri
3074 3009 3191 3046 sum
3240 2990 3382 3069 sicut
3425 2991 3519 3060 qui

1946 3088 2230 3142 ministrat.
2273 3083 2375 3139 Vos
2413 3085 2598 3155 quippe
2630 3087 2756 3139 estis
2794 3084 2885 3155 qui
2923 3083 3288 3151 permansistis
3316 3096 3521 3139 mecum

257 3182 308 3237 δ’
338 3178 494 3247 αὖθις
524 3184 625 3256 τὴν
665 3183 833 3256 αὐτὴν
862 3185 1316 3256 ἐπισφραγίςεται
1363 3186 1694 3255 ἐπαγγελίαν
1722 3189 1841 3250 τοῖς

1947 3179 2001 3232 in
2044 3178 2419 3231 tentationibus
2459 3177 2587 3232 meis
2624 3193 2643 3231 :
2678 3187 2726 3231 et
2771 3192 2861 3248 ego
2900 3176 3120 3246 dispono
3169 3174 3344 3240 vobis,
3380 3172 3520 3227 sicut

263 3274 539 3347 μαθηταῖς
560 3275 731 3345 λέγων
751 3292 764 3306 ·
813 3276 954 3346 Ἐγὼ
988 3275 1040 3330 δ’
1082 3277 1153 3331 ἐν
1174 3277 1344 3347 μέσῳ
1373 3277 1540 3349 ὑμῶν
1561 3281 1679 3349 ειμι
1700 3279 1781 3345 ὡς
1809 3281 1843 3333 ό

258 3366 577 3423 διακονῶν.
614 3367 808 3438 Ὑμεῖς
826 3368 894 3423 δέ
921 3370 1062 3425 ἐστε
1102 3372 1157 3425 οἱ
1198 3369 1693 3440 διαμεμενηκότες
1711 3370 1840 3441 μετ’

260 3460 410 3530 ἐμοῦ
426 3460 496 3514 ἐν
510 3459 635 3528 τοῖς
645 3461 996 3531 πειρασμοῖς
1004 3479 1146 3531 μου’
1164 3462 1325 3533 κάγὼ
1336 3462 1661 3533 διατίθεμαι
1678 3463 1839 3533 ὑμῖν,

260 3555 393 3608 καθ’
426 3552 467 3608 d
508 3553 734 3610 διέθετό
769 3572 874 3626 μοι
897 3559 931 3611 ό
951 3555 1155 3624 Πατήρ
1174 3573 1313 3626 μου,
1357 3556 1687 3621 ,βασιλείαν
1705 3572 1719 3587 α
1761 3556 1840 3610 ἵν’

258 3644 505 3711 ἐσθίητε
532 3645 629 3699 καί
669 3645 880 3713 πίνητε
911 3645 1010 3700 ἐπὶ
1042 3645 1153 3714 τῆς
1195 3644 1484 3716 τραπέζης
1502 3664 1622 3716 μου
1648 3647 1720 3702 ἐν
1763 3644 1839 3716 τῇ

252 3737 549 3804 ,βασιλείᾳ
569 3754 709 3810 μου.
744 3737 1009 3809 Τοιαύτης
1039 3737 1318 3805 τεύξονται
1349 3737 1747 3810 μακαριότητος
1789 3740 1838 3792 οἱ

258 3827 459 3894 δοῦλοι,
499 3828 592 3893 οὓς
623 3828 793 3883 ἐλθὼν
832 3830 861 3882 6
904 3830 1107 3903 Κύριος
1133 3831 1354 3902 εὑρήσει
1394 3830 1835 3904 γρηγοροῦντας·

259 3921 406 3978 κατὰ
426 3922 536 3994 γὰρ
558 3921 649 3976 τὸν
678 3922 869 3996 θνητὸν
902 3922 1087 3977 τοῦτον
1121 3923 1253 3994 βίον,
1289 3924 1385 3978 ἆτε
1423 3923 1612 3987 παῖδες
1643 3923 1722 3978 ἔτι
1747 3923 1837 3978 ὅν·-

257 4031 352 4078 τες
379 4016 475 4068 καὶ
515 4017 716 4087 νήπιοι,
747 4016 842 4070 καὶ
871 4018 1037 4087 μήπω
1072 4016 1165 4070 τοῦ
1201 4015 1487 4088 νυμφῶνος
1523 4015 1833 4088 ἠξιωμένοι,

257 4107 347 4159 ἐπ’
377 4106 683 4177 ἀλλοδαπῆς
726 4108 770 4162 δ’
808 4106 1084 4172 οἰκοῦντες
1103 4128 1127 4173 ,’
1145 4108 1240 4163 ἅτε
1269 4107 1408 4173 ξένοι
1441 4107 1550 4161 τῶν
1581 4107 1834 4173 ἐνταῦθα,

258 4197 354 4250 καὶ
386 4196 779 4268 παρεπίδημοι,
811 4198 904 4251 καὶ
935 4198 1039 4252 ὑπὸ
1081 4199 1448 4268 παιδαγωγοῖς
1492 4199 1588 4253 καὶ
1621 4200 1838 4271 ἐπιτρό-

258 4306 383 4354 ποις
422 4290 872 4362 ἀνατρεφόμενοι,
897 4291 998 4344 οὐκ
1029 4285 1441 4362 εἷχονπάντοτε
1478 4290 1569 4345 τὸν
1605 4290 1836 4362 νυμφίον

258 4382 381 4452 μεθ’
420 4383 649 4436 ἑαυτῶν.
698 4384 790 4437 Διδ
834 4382 930 4437 καὶ⁵
970 4384 1287 4455 ἐνήστευον,
1324 4382 1505 4447 καθὼς
1551 4377 1704 4437 εἶπεν
1752 4382 1835 4436 ὅτι

254 4474 555 4546 ἀρθήσεται
600 4474 698 4527 ἀπ’
743 4473 922 4528 αὐτῶν
969 4477 999 4528 6
1033 4473 1283 4546 νυμφίος,
1313 4474 1407 4528 καὶ
1447 4473 1570 4527 τότε
1606 4472 1834 4544 νηστεύ-

258 4581 465 4619 σουσιν.
533 4565 672 4618 Ἀλλ’
731 4566 826 4618 ἐπὶ
871 4565 1018 4619 τέλει
1074 4565 1413 4635 αὐξήσαντας
1479 4565 1676 4628 αὐτοὺς
1740 4564 1836 4619 καὶ

252 4657 642 4722 τελειωθέντας
673 4656 1090 4729 παραλήψεσθαι
1122 4656 1518 4726 ἐπαγγέλλεται
1541 4698 1556 4724 ,
1608 4657 1704 4711 καὶ⁹
1754 4656 1833 4721 είς

248 4751 345 4806 τὸν
376 4749 545 4805 αὑτοῦ
591 4750 926 4817 συνεισάξειν
959 4749 1223 4821 νυμφῶνα
1240 4766 1254 4780 ⁸
1291 4750 1381 4803 ὅτε
1411 4749 1504 4803 καὶ
1540 4746 1832 4812 ἀνακλίνας

1943 3271 2200 3340 disposuit
2242 3271 2368 3323 mihi
2405 3268 2559 3324 Patet
2602 3285 2772 3333 meus,
2806 3285 3056 3339 regnum;
3096 3277 3153 3322 ut
3193 3266 3519 3323 manducetis

1942 3374 2096 3432 atque
2142 3361 2329 3416 bibatis
2377 3360 2440 3414 de
2478 3377 2592 3415 mea
2629 3376 2808 3414 mensa
2848 3361 2904 3413 in
2946 3375 3104 3429 regno
3149 3374 3262 3412 meo
3284 3356 3354 3413 ’°.
3404 3356 3519 3411 Hac

1941 3455 2215 3527 potientur
2261 3454 2520 3509 beatitate
2546 3449 2712 3515 servi,
2759 3466 2896 3521 quos
2929 3449 3192 3504 Dominus
3237 3449 3517 3518 vigilantes

1939 3544 2227 3601 invenerit.
2260 3543 2502 3613 Namque
2540 3542 2593 3596 in
2641 3541 2744 3597 hac
2776 3541 2991 3596 mortali
3041 3540 3180 3606 vita,
3227 3555 3325 3595 ceu
3362 3538 3516 3611 pueri

1938 3636 2115 3693 adhuc
2160 3647 2214 3692 et
2244 3635 2477 3691 infantes
2502 3643 2559 3690 et
2587 3634 2822 3688 nondum
2862 3632 3085 3701 nuptiali
3137 3632 3384 3689 conclavi
3433 3631 3517 3686 di-

1939 3730 2058 3801 gni,
2098 3730 2194 3784 sed
2227 3727 2458 3783 alienam
2493 3726 2656 3780 veluti
2695 3724 2969 3795 regionem
3007 3723 3326 3791 incolentes,
3359 3721 3516 3793 quasi

1938 3820 2206 3891 peregrini
2237 3819 2456 3889 quidam
2482 3829 2537 3872 et
2560 3817 2802 3882 advenat,
2826 3824 2882 3870 et
2910 3814 3009 3870 sub
3044 3815 3309 3869 tutoribus
3334 3815 3516 3870 adhuc

1937 3922 1993 3970 et
2033 3912 2382 3968 curatoribus
2430 3910 2689 3975 enutriti,
2729 3922 3072 3979 nequaquam
3119 3907 3301 3978 sponsi
3350 3906 3510 3978 pleno

1937 4004 2213 4061 consortio
2257 4002 2563 4058 utebantur.
2609 4001 2789 4069 Quare
2832 3999 3169 4070 ieiunabant,
3222 4010 3507 4070 propterea

1936 4098 2080 4170 quod
2131 4098 2264 4169 ipsis
2299 4096 2502 4153 dictum
2553 4104 2730 4160 esset,
2776 4094 2893 4148 fore
2941 4103 3000 4149 ut
3045 4108 3279 4163 sponsus
3329 4091 3398 4148 ab
3445 4092 3511 4146 iis

1934 4190 2262 4254 auferretur,
2300 4200 2357 4245 et
2392 4199 2504 4244 tum
2548 4187 2862 4260 jejunarent
2881 4186 2948 4241 ³⁷.
2995 4187 3379 4243 Verumtamen
3420 4184 3510 4240 ubi

1934 4284 1990 4341 in
2025 4283 2320 4352 perfectam
2362 4291 2578 4338 aetatem
2607 4283 2901 4348 creverint,
2947 4287 3285 4349 recepturum
3330 4292 3388 4334 se
3415 4292 3511 4333 eos

1935 4375 2200 4447 spondet,
2246 4383 2411 4445 atque
2460 4375 2513 4430 in
2560 4390 2720 4431 suum
2764 4375 3020 4431 conclave
3057 4373 3344 4428 ducturum
3392 4388 3408 4425 :
3447 4386 3511 4429 ac

1939 4477 2051 4524 tum
2084 4469 2152 4525 iis
2199 4467 2664 4524 discumbentibus
2701 4468 3131 4523 ministratorum
3175 4482 3191 4519 :
3240 4464 3332 4534 qui
3383 4479 3509 4533 pcr-

1938 4567 2098 4631 petua
2133 4559 2524 4616 consuetudine
2547 4560 2665 4631 ejus
2690 4557 2803 4627 jam
2833 4558 3010 4629 potiti,
3040 4555 3243 4612 diutius
3289 4569 3395 4610 non
3424 4554 3512 4625 je-

1932 4651 2234 4721 junabunt,
2263 4651 2361 4707 sed
2388 4650 2664 4708 laboribus
2686 4649 2936 4718 relaxati,
2963 4647 3277 4705 calestibus
3304 4644 3512 4702 deliciis

1937 4744 2301 4816 perfruentur.

249 4846 469 4909 αὐτοὺς,
501 4844 809 4916 διακονήσει
841 4845 1053 4908 αὐτοῖς’
1076 4845 1124 4897 oi
1155 4844 1232 4910 δὲ,
1265 4843 1512 4907 συνόντες
1543 4841 1690 4913 αὐτῷ
1716 4841 1822 4905 ἀεὶ,
1852 4839 2035 4894 οὐκέτι
2082 4835 2487 4908 νηστεύσουσιν,
2527 4833 2667 4889 ἀλλὰ
2709 4833 3138 4904 διαπαυσάμενοι
3166 4831 3275 4887 τῶν
3334 4832 3516 4903 καμά-

247 4958 380 5004 των,
411 4939 513 5011 τῆς
544 4941 795 5011 οὐρανίου
825 4940 1038 5011 τρυφῆς
1069 4938 1479 4994 ἀπολαύσουσιν.

242 5040 313 5093 Et
344 5038 473 5110 ᾔδει
512 5041 546 5093 ό
578 5037 1008 5105 οἰκοδεσπότης
1038 5039 1180 5106 ποίᾳ
1213 5035 1333 5106 ὥρᾳ
1360 5040 1394 5092 ὁ
1419 5036 1683 5105 κλέπτης
1721 5034 1835 5103 ἔρῃ

1947 5031 1970 5065 ⁸
1993 5029 2052 5087 Si
2081 5031 2234 5085 sciret
2259 5025 2648 5100 paterfamilias
2676 5041 2780 5097 qua
2801 5026 2935 5079 liora
2968 5024 3057 5093 fur
3082 5034 3329 5081 venturus
3354 5033 3511 5098 esset.

943 5125 1124 5177 χετιιι.

319 5201 419 5255 Διά
451 5200 710 5256 πλειόνων
743 5201 931 5272 νήφειν
961 5201 1058 5254 καὶ
1089 5199 1448 5272 ἐγρηγορέναι
1479 5200 1611 5270 ἡμῖν
1647 5210 1826 5268 παρα-

248 5292 561 5359 κελεύεται,
588 5293 651 5347 οὐ
684 5292 842 5365 μόνον
878 5291 967 5346 διὰ
998 5293 1098 5364 τὴν
1130 5291 1332 5363 ἁθρόαν
1361 5293 1455 5346 καὶ
1487 5290 1826 5363 ἀπροσδόκη-

245 5400 342 5437 τον
385 5383 565 5453 ἄφιξιν
604 5384 707 5456 τῆς
751 5384 968 5456 ἡμέρας
1014 5385 1252 5455 Κυρίου,
1298 5382 1436 5437 ἀλλὰ
1467 5385 1563 5438 καὶ
1600 5382 1690 5436 διὰ
1733 5382 1828 5437 τὸν

248 5474 489 5547 κλέπτην
519 5474 610 5530 τὸν
653 5478 769 5540 τοῖς
809 5476 950 5531 κατά
1007 5475 1137 5530 Θεὸν
1184 5473 1455 5539 πλουσίοις
1496 5474 1592 5529 καὶ
1628 5473 1827 5529 οἰκοδε-

249 5567 480 5632 σπόταις
523 5569 899 5642 ἐφεδρεύοντα.
948 5566 1116 5635 Οὗτος
1160 5570 1219 5624 δέ
1262 5572 1411 5626 ἐστιν
1450 5572 1482 5624 6
1511 5568 1699 5642 καιρὸς
1724 5568 1826 5640 τῆς

320 5701 533 5775 ⁹³ᾨΑιι
557 5719 661 5772 xu,
692 5705 780 5762 56.
852 5705 900 5740 ’⁸
940 5705 1129 5763 Matth.
1158 5722 1303 5774 χιιι,
1334 5708 1387 5761 2.
1466 5707 1514 5741 "
1547 5707 1681 5764 Luc.
1708 5716 1904 5773 11:57.
1977 5706 2024 5739 "
2062 5703 2197 5765 Luc.
2225 5719 2366 5774 xm,
2394 5684 2584 5767 27-50.
2652 5705 2696 5739 ’τ
2737 5703 2927 5762 Matth.
2977 5718 3064 5775 Is,
3092 5703 3181 5761 l5.

250 5790 351 5844 In,
384 5774 471 5830 59.

2000 5192 2182 5248 Multis
2221 5192 2287 5248 de
2316 5188 2498 5247 causis
2542 5187 2683 5260 frugi
2729 5188 2885 5244 nobis
2917 5186 3124 5258 agitare
3158 5187 3320 5241 vitam
3358 5185 3499 5257 vigi-

1927 5285 2149 5355 lareque
2194 5286 2435 5347 mandat,
2476 5295 2585 5338 non
2630 5280 2802 5338 solum
2831 5278 2902 5336 ob
2937 5278 3173 5335 subitum
3205 5276 3510 5349 inopinum-

1930 5391 2035 5450 que
2061 5376 2164 5432 diei
2195 5375 2403 5431 Domini
2430 5376 2740 5440 adventum,
2766 5372 2861 5429 sed
2886 5373 3049 5426 etiam
3082 5379 3301 5442 propter
3330 5369 3502 5425 furem

1933 5469 2232 5528 divinorum
2267 5466 2534 5523 bonorum
2576 5464 2836 5521 divitibus
2860 5478 2924 5520 ac
2964 5462 3128 5520 veluti
3176 5459 3504 5533 patribusl'a-

1933 5565 2110 5622 milias
2160 5561 2527 5620 insidiantem.
2574 5559 2627 5617 ls
2690 5566 2871 5615 autem
2930 5566 3014 5618 est
3077 5555 3503 5630 uniuscujusque

3277 5700 3330 5735 ’⁸
3364 5698 3495 5760 ω.
