3858 6214
319 352 424 415 563

985 349 1254 412 EUSEBll
1293 355 1769 415 CAESAl’rlENSlS
1805 356 1958 416 OPP.
2001 356 2178 412 PARS
2216 352 2299 412 Ill.
2341 387 2408 397 -—
2451 348 2860 410 EXEGETICA.

3444 348 3560 409 εῖδει

318 482 514 542 obitus,
553 473 637 532 vel
677 475 838 533 etiam
888 477 1108 547 angelus
1157 479 1246 548 qui
1299 478 1558 548 cujusque
1609 481 1884 535 morientis

2001 481 2215 533 ἑκάστου
2247 477 2521 546 τελευτῆς,
2557 473 2590 544 ἢ
2624 473 2718 526 καὶ
2749 470 2777 524 ὁ
2808 467 3010 542 μέλλων
3053 467 3152 542 τὴν
3196 465 3424 523 ἑκάστου
3450 469 3555 538 ψυ-

319 572 554 626 unimam
589 576 920 638 excepturus
950 579 1052 622 est.
1086 570 1142 623 Si
1179 585 1307 638 ergo
1351 572 1612 626 sciremus
1644 589 1876 642 quonam

318 669 558 730 tempore
595 660 680 716 fur
707 660 796 715 ille
832 669 1090 716 venturus
1119 670 1284 726 esset,
1313 663 1526 716 unicam
1575 662 1717 716 illam
1744 678 1880 732 opus
1907 649 1909 651 1

320 751 458 806 foret
488 750 676 806 horam
706 753 1017 814 observare,
1048 765 1114 804 ne
1148 759 1359 806 nostras
1393 761 1699 821 pateremur
1739 753 1884 810 aedes

318 841 522 909 perfodi
549 857 563 893 :
598 854 740 894 nunc
760 841 883 908 quia
909 839 1023 894 b:ec
1062 839 1221 905 latet,
1253 851 1511 910 perpetuo
1538 853 1884 909 experrectos

319 947 440 986 esse
465 932 732 1001 oportebit
757 949 770 984 ε
805 946 976 1000 neque
1001 933 1146 986 enim
1177 934 1426 988 novimus
1457 950 1562 1004 qua
1587 934 1676 988 ille
1705 933 1885 1004 vigilia

320 1021 686 1078 incursionem
719 1021 902 1077 faciet.
932 1021 1108 1088 Quare
1142 1038 1365 1092 prorsus
1394 1025 1720 1092 vigilandum
1767 1036 1881 1090 est,

318 1111 574 1181 omnique
622 1111 886 1176 custodia,
932 1122 988 1165 ut
1028 1113 1101 1164 ait
1141 1111 1556 1168 Proverbiorum
1601 1123 1791 1168 auctor
1814 1115 1882 1178 θ’,

317 1202 638 1258 servandum
665 1216 790 1262 cor;
819 1201 1170 1272 universaque
1200 1202 1315 1258 haec
1349 1204 1595 1258 mortalis
1627 1205 1748 1259 vitae
1778 1221 1885 1261 nox

319 1294 580 1350 insomnis
628 1293 1004 1362 transigenda,
1049 1310 1116 1348 ne
1163 1294 1302 1350 forte
1353 1295 1742 1366 direptionibus
1792 1313 1886 1366 pa-

323 1395 551 1451 teamus,
601 1399 738 1440 neve
785 1386 976 1439 animm
1019 1395 1216 1440 nostrle
1258 1387 1542 1442 thesauros
1573 1386 1733 1442 effodi
1767 1402 1889 1458 per-

323 1479 616 1533 mittamus.
649 1477 742 1532 Sic
767 1479 908 1532 enim
938 1479 1184 1547 utrinque
1215 1487 1361 1535 recte
1386 1480 1734 1546 habebimus;
1770 1489 1885 1534 tum

318 1571 446 1640 quia
490 1570 730 1639 proprias
755 1584 884 1638 opes
919 1569 1037 1622 tuiti
1085 1569 1374 1635 fuerimus,
1404 1579 1516 1624 tum
1545 1571 1673 1638 quia
1710 1571 1888 1624 Domi-

321 1678 449 1715 num
505 1671 778 1727 nostrum,
823 1676 945 1716 cum
991 1662 1196 1716 venerit
1241 1671 1296 1717 et
1348 1663 1645 1732 pulsaverit
1695 1664 1888 1718 animm

323 1762 523 1807 nostrae
551 1753 711 1817 fores,
741 1763 985 1823 prompte
1011 1753 1362 1820 excipiemus,
1391 1753 1608 1824 copiosa
1638 1753 1884 1824 lampade

323 1845 596 1910 instructi,
623 1841 944 1914 lumbosque
971 1845 1254 1900 succincti.

369 2025 455 2079 Ait
492 2023 782 2080 Dominus:
815 2020 1069 2147 Quium:
1111 2033 1202 2147 est?
1221 2020 1390 2091 ﬁdelis
1437 2021 1642 2079 villicus
1682 2033 1730 2078 et
1763 2039 1889 2094 pru-

1062 2109 1152 2147 em

1062 2109 1152 2148 em

391 2185 555 2241 Petro
588 2185 796 2256 rOganti
829 2185 910 2240 sic
950 2183 1261 2253 respondet,
1295 2192 1356 2239 ut
1389 2185 1585 2240 doceat
1630 2198 1690 2239 se
1737 2183 1892 2238 inde-

325 2277 474 2333 finite
517 2277 794 2331 universos
827 2275 1114 2354 allocutum
1147 2272 1333 2330 fuisse.
1381 2273 1763 2330 Verumtamen
1795 2290 1888 2328 su-

323 2369 535 2438 periora
565 2367 650 2421 illa
680 2367 822 2422 dicta
853 2366 1089 2432 fuerunt,
1116 2375 1172 2420 ut
1201 2375 1514 2420 constanter
1538 2366 1886 2436 vigilaremus

326 2467 544 2527 propter
594 2457 764 2511 furem
812 2457 1107 2512 cavendum
1153 2465 1209 2510 et
1258 2466 1476 2526 propter
1525 2456 1738 2511 Domini
1785 2458 1884 2513 ad-

323 2557 565 2603 ventum.
593 2545 762 2610 Nunc,
789 2561 908 2616 qua:
940 2546 1054 2602 ﬁeri
1087 2546 1227 2599 inter
1265 2546 1590 2613 vigilandum
1619 2555 1889 2616 Oporteat,

327 2638 634 2695 necessario
678 2637 866 2702 addit;
918 2653 1108 2706 nempe
1153 2637 1400 2691 hortatur
1444 2645 1503 2691 ut
1538 2652 1604 2690 ne
1649 2647 1890 2692 nostram

327 2731 721 2793 tantummodo,
752 2743 936 2783 verum
981 2729 1141 2782 etiam
1185 2727 1414 2782 alienam
1455 2743 1708 2783 curemus
1749 2727 1895 2781 salu-

326 2832 459 2880 tem.
488 2820 618 2876 Nam
652 2821 862 2875 lumbos
893 2819 1215 2889 przeciugcre
1250 2828 1304 2872 et
1346 2819 1644 2888 lampadem
1689 2818 1895 2872 inﬂam-

330 2930 521 2979 mare,
574 2914 846 2983 propriam
915 2910 1176 2978 cujusque
1241 2911 1526 2963 utilitatem
1605 2911 1892 2979 significat.

329 3007 581 3062 Scientia:
624 3005 766 3059 enim
797 3003 1085 3057 luminibus
1111 3011 1323 3071 oportet
1354 3015 1566 3071 semper
1598 3002 1890 3066 illustrari;

331 3107 445 3151 tum
474 3098 636 3151 etiam
666 3096 918 3165 pudicitia
944 3093 1196 3162 omnique
1218 3093 1417 3148 virtute
1453 3093 1662 3147 lumbos
1695 3094 1894 3149 mentis

1982 572 2082 640 χὴν
2121 567 2566 640 παραλαμϐάνειν
2599 564 2826 632 ἄγγελος
2860 561 3000 616 κατὰ
3035 560 3224 631 καιρὸν
3258 559 3351 612 τοῦ
3385 559 3553 612 θανά-

1981 678 2072 712 του
2118 661 2249 730 (60).
2301 661 2364 712 Εἰ
2403 658 2502 730 μὲν
2550 652 2641 710 οὖν
2663 655 2883 726 ⁴ᾔδειμεν
2940 653 3031 706 τὸν
3082 651 3270 722 καιρὸν
3313 650 3413 721 τῆς
3457 651 3554 703 τοῦ

1982 751 2213 803 κλέπτου
2255 750 2582 820 παρουσίας,
2622 749 2723 818 τὴν
2759 744 2905 816 ῶραν
2942 744 3107 814 ἐχρῆν
3138 744 3351 813 ἐκείνην
3387 741 3557 812 μόνην

1985 844 2282 913 ἐπιτηρεῖν,
2314 840 2450 911 πρὸς
2476 840 2536 893 τὸ
2569 839 2642 910 μὴ
2679 837 2892 905 ἀφιέναι
2927 835 3234 906 διορυγῆναι
3271 834 3425 904 ἡμῶν
3463 833 3558 886 τὸν

1985 931 2131 988 οἷκον
2151 951 2164 964 ο
2201 935 2322 986 ἐπεὶ
2364 932 2421 985 δέ
2453 931 2643 1003 ἄδηλός
2673 933 2819 983 ἐστιν
2859 921 3032 990 οὗτος,
3068 927 3246 996 δεήσει
3273 927 3358 978 ἀεὶ
3386 928 3555 996 ἐγρη-

1985 1025 2202 1096 γορέναι
2219 1042 2232 1055 ·
2259 1024 2320 1076 οὐ
2357 1023 2465 1094 γάρ
2489 1023 2645 1092 ἴσμεν
2672 1021 2832 1090 ὁποίᾳ
2858 1020 3071 1089 φυλακῇ
3097 1017 3429 1086 ἐπιθήσεται.
3463 1017 3558 1069 Διὸ

1985 1116 2351 1186 γρηγορητέον
2391 1113 2482 1166 διὰ
2529 1113 2750 1176 παντὸς,
2791 1113 2885 1166 καὶ
2933 1111 3082 1181 πάσῃ
3128 1110 3338 1181 φυλακῇ
3387 1126 3562 1181 τηρη-

1984 1209 2102 1260 τέον
2130 1208 2226 1278 τὴν
2258 1206 2484 1278 καρδίαν
2524 1205 2665 1259 κατὰ
2695 1205 2786 1259 τὸν
2815 1202 3233 1277 παροιμιαστὴν,
3266 1203 3360 1255 καὶ
3387 1203 3561 1272 ἀγρυ-

1989 1297 2214 1368 πνητέον
2234 1297 2322 1350 διὰ
2347 1297 2527 1368 πάσης
2552 1298 2652 1365 τῆς
2676 1296 2771 1348 τοῦ
2799 1295 2993 1365 θνητοῦ
3025 1294 3139 1366 βίου
3169 1292 3381 1355 νυκτὸς,
3413 1293 3563 1356 ὅπως

1987 1389 2172 1444 ἄσυλοι
2199 1389 2566 1460 διαμένωμεν,
2603 1389 2676 1459 μὴ
2707 1387 2901 1450 ἐῶντες
2929 1386 3240 1458 διορυγῆναι
3259 1383 3415 1454 ήμῶν
3434 1383 3566 1447 τοὺς

1985 1481 2084 1552 τῆς
2115 1480 2291 1551 ψυχῆς
2325 1479 2630 1551 θησαυρούς
2658 1497 2670 1509 ο
2702 1477 2843 1531 οὕτω
2864 1477 2972 1550 γάρ
3007 1477 3156 1530 ἐσται
3185 1479 3317 1546 ἡμῖν
3351 1471 3408 1528 εὖ
3438 1477 3563 1543 κατ’

1989 1572 2294 1642 ἀμφότερα,
2347 1573 2430 1624 ὃτι
2490 1588 2550 1624 τε
2613 1569 2756 1624 σώαν
2817 1569 3158 1640 ἐφυλάξαμεν
3210 1570 3308 1637 τὴν
3357 1566 3565 1620 ἑαυτῶν

1989 1661 2241 1734 ὓπαρξιν,
2285 1666 2378 1716 καὶ
2424 1665 2505 1716 ὅτι
2543 1664 2633 1716 τὸν
2671 1662 2873 1734 Κύριον
2923 1662 3077 1732 ήμῶν
3124 1661 3418 1713 ἐπιστάντα
3470 1661 3566 1712 καὶ

1993 1753 2296 1826 κρούσαντα
2328 1755 2425 1824 τῆς
2453 1755 2628 1824 ψυχῆς
2655 1754 2809 1824 ἡμῶν
2839 1752 2935 1823 τὴν
2971 1751 3158 1822 θύραν,
3198 1751 3424 1819 ἑτοίμως
3463 1749 3568 1802 ὑπ-

1919 1824 1964 1882 B
1990 1844 2320 1915 ἐδεξάμεθα,
2364 1845 2543 1914 πολλῷ
2595 1844 2671 1914 τῷ
2711 1846 2848 1914 φωτὶ
2903 1843 3435 1916 παρεσκευασμένοι,
3470 1842 3569 1896 καὶ

1989 1936 2088 1998 τὰς
2113 1933 2317 2003 ὀσφύας
2347 1935 2666 2004 ἐζωσμένοι.

1990 2022 2136 2080 Eine
2169 2025 2220 2078 δ’
2251 2029 2283 2080 d
2316 2029 2555 2094 Κύριος·
2613 2027 2703 2091 Τίς
2735 2025 2846 2093 ἆρα
2877 2027 3048 2079 ἐστὶν
3089 2029 3121 2080 ὀ
3153 2025 3368 2091 πιστὸς
3419 2027 3573 2079 οὶκο⁹

2445 2097 2627 2164 νόμος
2660 2096 2757 2148 καὶ
2790 2096 3074 2164 φρόνιμος
3094 2112 3111 2158 ;

2064 2185 2209 2256 Πρὸς
2241 2185 2340 2256 τὴν
2366 2183 2632 2254 ἐρώτησιν
2665 2183 2868 2254 Πέτρου
2909 2185 3260 2254 ἀποκρίνεται
3305 2183 3573 2237 διδάσκων

1996 2274 2262 2344 ἀορίστως
2294 2275 2428 2344 πρὸς
2455 2275 2634 2327 πάντα
2685 2274 2934 2346 εἰρῆσθαι
2979 2274 3047 2326 τὰ
3071 2275 3390 2344 λελεγμένα.
3431 2275 3574 2328 Ἀλλ’

1991 2368 2175 2420 ἐκεῖνα
2211 2368 2308 2438 μὲν
2341 2368 2552 2439 εἴρηται
2574 2366 2702 2437 περὶ
2743 2365 2836 2418 τοῦ
2869 2365 2959 2418 διὰ
2994 2367 3189 2428 παντὸς
3215 2366 3575 2438 ἐγρηγορέναι

1992 2460 2174 2514 ἕνεκεν
2206 2460 2305 2531 τῆς
2329 2459 2422 2512 τοῦ
2446 2459 2673 2513 κλέπτου
2712 2456 2958 2528 φυλακῆς
2983 2458 3076 2511 καὶ
3109 2459 3206 2528 τῆς
3241 2457 3402 2510 αὐτοῦ
3430 2474 3577 2528 παρ-

1992 2553 2174 2616 ουσίας
2192 2570 2204 2582 ·
2234 2552 2286 2605 τί
2318 2552 2374 2606 δέ
2399 2551 2502 2624 χρὴ
2529 2551 2784 2622 πράττειν
2819 2549 3241 2622 γρηγοροῦντας,
3277 2549 3370 2601 νῦν
3399 2551 3576 2617 ἀναγ-

1999 2643 2168 2706 καίως
2222 2642 2563 2714 προστίθησι,
2612 2639 2889 2712 παραινῶν
2939 2641 3013 2711 μὴ
3053 2638 3114 2692 τὸ
3155 2639 3360 2692 ἑαυτῶν
3413 2640 3578 2710 μόνον

1999 2735 2244 2794 σκοπεῖν,
2269 2731 2404 2786 ἀλλὰ
2437 2732 2528 2784 καὶ
2553 2733 2649 2801 τῆς
2693 2732 2895 2802 ἐτέρων
2947 2729 3217 2800 σωτηρίας
3247 2729 3576 2800 φροντίζειν.

1995 2825 2070 2877 Τὸ
2125 2824 2222 2894 μὲν
2269 2825 2377 2893 γάρ
2410 2821 2712 2886 άνεζῶσθαι
2743 2821 2840 2884 τὰς
2891 2821 3114 2890 ὀσφύας,
3147 2822 3239 2874 καὶ
3263 2821 3353 2873 τὸν
3385 2819 3580 2890 λύχνον

1995 2915 2250 2985 άνῆφθαι,
2285 2915 2383 2986 τὴν
2417 2914 2578 2968 αὐτοῦ
2618 2931 2762 2978 τινος
2809 2916 2888 2977 είς
2925 2915 3114 2967 ἑαυτὸν
3154 2914 3416 2983 ὠφέλειαν
3453 2915 3581 2985 ἐδή-

1995 3007 2088 3060 λου
2109 3026 2121 3037 ·
2165 3006 2417 3076 γνώσεώς
2449 3024 2506 3059 τε
2557 3007 2664 3079 γὰρ
2695 3007 2833 3075 φωτὶ
2874 3005 2963 3059 διὰ
3011 3007 3206 3069 παντὸς
3237 3006 3583 3074 καταυγάζε-

2000 3100 2121 3153 σθαι
2154 3101 2466 3168 ἀναγκαῖον,
2506 3098 2823 3171 σωφροσύνῃ
2859 3115 2918 3150 τε
2951 3098 3045 3151 καὶ
3091 3099 3237 3169 πάσῃ
3282 3100 3450 3171 ἀρετῇ
3481 3096 3580 3152 τοῦ

333 3187 700 3259 praecingere;
755 3188 988 3254 itemque
1036 3193 1298 3254 perpetuo
1347 3185 1570 3254 vigilare
1621 3184 1896 3254 furemque

2003 3190 2263 3260 λογισμοῦ
2292 3191 2389 3262 τὴν
2411 3191 2579 3258 ὀσφὺν
2611 3189 2996 3260 περιεζῶσθαι,
3027 3189 3381 3261 ἐγρηγορέναι
3407 3209 3464 3244 τε
3487 3190 3580 3246 διὰ

331 3292 543 3343 cavere,
585 3293 652 3332 ne
691 3276 828 3332 clam
859 3275 1075 3330 effodiat
1109 3275 1303 3328 mentis
1335 3276 1607 3341 zerarium,
1648 3285 1714 3330 ct.
1746 3291 1900 3330 acer-

333 3381 484 3425 vatas
528 3370 602 3424 ibi
647 3384 778 3439 opes
819 3367 1078 3437 diripiat:
1111 3377 1368 3438 praeterea
1416 3367 1704 3420 Dominum
1750 3367 1897 3422 omni

331 3461 458 3516 vitae
508 3469 746 3529 tempore
795 3457 1118 3530 praestolari.
1173 3456 1282 3511 Sed
1333 3456 1579 3510 illatenus
1641 3470 1747 3510 non
1819 3464 1902 3510 est

335 3551 734 3609 subsistendum
764 3570 776 3604 :
816 3566 937 3604 nam
967 3565 1065 3604 ceu
1116 3551 1308 3620 pignus
1344 3549 1635 3616 quoddam,
1679 3562 1902 3602 conser-

335 3661 526 3703 vorum
559 3659 746 3699 curam
794 3658 823 3696 a
871 3641 1099 3696 Domino
1144 3653 1333 3694 nostro
1374 3640 1718 3708 accipientes,
1763 3653 1900 3709 pra:-

336 3749 484 3794 stare
519 3735 676 3791 fidem
703 3743 930 3803 oportet,
953 3741 1008 3786 et
1045 3733 1124 3787 sic
1157 3731 1341 3787 fideles
1365 3745 1429 3785 ac
1459 3733 1751 3800 prudentes
1777 3747 1904 3787 eva-

333 3833 503 3896 dere;
549 3845 617 3883 ne
665 3809 901 3897 unquam
947 3826 1336 3896 intempestive,
1387 3825 1482 3880 sed
1524 3825 1716 3880 idoneo
1764 3835 1903 3879 tem-

336 3941 506 3997 pore,
554 3926 833 3982 conservis
885 3925 1084 3978 nostris
1151 3922 1460 3975 alimoniam
1514 3919 1900 3990 praebeamus:

338 4035 515 4088 neque
550 4022 686 4073 hanc
716 4018 1049 4085 negligenter
1072 4027 1164 4070 aut
1191 4031 1334 4080 sero,
1367 4027 1490 4068 cum
1526 4027 1611 4066 res
1639 4006 1900 4078 postulat;

343 4127 519 4182 neque
555 4126 741 4166 rursus
787 4109 1077 4181 immodice
1120 4109 1208 4163 ubi
1257 4123 1360 4160 non
1409 4112 1490 4159 est
1524 4117 1678 4170 opus.
1725 4099 1817 4154 sed
1852 4107 1906 4152 et

337 4219 436 4258 suo
467 4211 709 4270 tempore
733 4208 788 4254 et
821 4215 925 4253 non
955 4198 1072 4253 sine
1102 4196 1338 4250 modulo.
1367 4191 1424 4247 ιιι
1457 4206 1586 4246 vero
1619 4187 1907 4257 dupliciter

339 4293 642 4350 faciendum
677 4299 786 4355 est,
835 4303 1026 4350 nempe
1069 4297 1125 4341 et
1165 4283 1415 4340 rationali
1453 4281 1748 4350 juvamiue,
1778 4278 1905 4333 dum

339 4400 526 4442 eorum
570 4383 782 4437 animas
821 4380 1083 4436 doctrinae
1129 4376 1321 4448 pabulo
1349 4374 1600 4429 meliores
1641 4371 1904 4436 facimus;

338 4487 397 4533 et
453 4474 714 4531 materiali
760 4473 922 4528 etiam
965 4483 1099 4539 ope,
1141 4483 1269 4536 erga
1333 4481 1427 4521 eos
1491 4465 1582 4533 qui
1644 4462 1904 4530 ejusmodi

340 4569 580 4626 subsidio
615 4573 795 4636 egent.
843 4566 1022 4632 Atque
1070 4560 1205 4626 haec,
1241 4561 1480 4627 inquam,
1509 4557 1703 4610 omnia’
1737 4555 1907 4610 conti-

340 4671 532 4719 nenter
575 4657 810 4715 curanda
843 4663 1003 4720 sunt,
1046 4663 1108 4707 ut
1146 4650 1191 4705 si
1240 4649 1380 4704 forte
1427 4647 1684 4702 Dominus
1723 4655 1907 4701 noster

339 4755 520 4811 subito
564 4754 861 4808 adventans
905 4747 1209 4817 demigrare
1251 4757 1434 4798 secum
1467 4755 1567 4796 nos
1610 4740 1816 4810 iubeat,
1852 4737 1904 4792 in

338 4844 610 4914 prtedictis
660 4851 940 4898 versantes
987 4855 1084 4893 nos
1134 4833 1542 4905 deprehendat,
1599 4840 1907 4899 sortemque

340 4945 487 4992 recte
516 4937 692 5006 agenti
722 4933 922 4988 tribuat
950 4932 1129 5000 priore
1160 4928 1325 4982 multo
1359 4924 1637 4992 majorem.
1665 4921 1908 4990 Namque

339 5031 411 5085 ob
432 5028 644 5098 vigilias
670 5027 860 5095 suique
887 5024 1149 5078 adventus
1173 5017 1624 5087 exspectationem
1654 5012 1900 5082 spondet,

341 5121 450 5178 illis
477 5116 957 5181 discumbentibus,
983 5114 1317 5169 succinctum
1347 5123 1404 5164 se
1435 5107 1898 5161 ministraturum:

339 5216 412 5270 ob
440 5213 648 5270 fidelem
681 5225 808 5265 vero
836 5223 899 5263 ac
930 5206 1248 5278 prudentem
1282 5199 1660 5255 villicationem
1703 5204 1903 5262 tempe-

340 5307 652 5374 stivamque
696 5301 934 5356 demessi
963 5294 1423 5358 distributionem,
1468 5289 1592 5360 quia
1624 5287 1738 5340 vult
1778 5287 1906 5340 bea-

343 5399 581 5453 tissimos
617 5395 916 5457 declarare,
948 5405 1051 5446 non
1083 5388 1240 5443 alicui
1273 5386 1408 5454 parti
1438 5385 1528 5437 sed
1563 5380 1908 5435 facultatibus

342 5483 608 5538 universis
639 5497 697 5536 se
735 5479 1111 5548 prafecturum
1143 5475 1360 5532 felicem
1401 5473 1548 5526 illum
1572 5479 1909 5525 sacramento

339 5598 387 5633 ⁶’
427 5599 586 5655 Prov.
617 5616 690 5667 IV,
715 5599 808 5654 2'5.
883 5599 900 5630 ¹
940 5599 1066 5654 Car.
1096 5614 1197 5660 xu,
1227 5597 1316 5650 42.
1402 5628 1407 5633 -

414 5693 530 5764 (60)
569 5693 836 5764 Notabilis
868 5694 1108 5749 doctrina
1151 5692 1394 5764 Eusebii,
1424 5688 1908 5764 8H!lf||li53_illli_llll-

342 5759 532 5834 eloris,
561 5765 627 5822 de
657 5763 968 5836 angelorum
1000 5778 1149 5836 erga
1196 5762 1439 5819 homines
1475 5759 1627 5818 cura.
1670 5759 1918 5814 Profecto

2000 3282 2198 3345 παντὸς
2217 3283 2308 3335 καὶ
2338 3282 2428 3334 τὸν
2460 3281 2698 3350 κλέπτην
2720 3279 3116 3347 διαφυλάττειν,
3156 3280 3229 3352 μὴ
3276 3279 3454 3336 λαθὼν
3492 3280 3576 3334 δι-

2001 3374 2214 3445 ορύξειε
2243 3375 2304 3427 τὸ
2330 3375 2429 3444 τῆς
2454 3374 2630 3444 ψυχῆς
2657 3377 2897 3445 ταμεῖον,
2937 3374 3293 3445 ἀποσυλήσειέ
3317 3392 3376 3428 τε
3420 3374 3488 3427 τά
3519 3377 3584 3429 ἐν

1999 3457 2146 3535 αὐτῷ
2173 3465 2510 3536 συνηγμέναο
2543 3465 2619 3518 ἐτι
2651 3483 2716 3534 γε
2746 3467 2844 3537 μὲν
2891 3467 2984 3520 καί¹
3011 3467 3102 3519 τὸν
3146 3466 3335 3520 ἐαυτοῦ
3375 3467 3587 3538 Κύριον

2002 3559 2178 3612 πάντα
2216 3558 2306 3611 τὸν
2345 3560 2445 3628 τῆς
2490 3557 2635 3628 ζωῆς
2677 3559 2866 3630 χρόνον
2917 3559 3249 3630 ἐκδέχεσθαι.
3293 3558 3451 3612 Ἀλλὰ
3503 3559 3584 3630 μὴ

2011 3649 2170 3720 μέχρι
2205 3648 2408 3702 τούτων
2440 3649 2658 3703 ἑστάναι
2679 3669 2693 3682 ·
2728 3649 3057 3722 παραθήκην
3087 3650 3132 3703 δ’
3172 3650 3358 3722 ὥσπερ
3393 3650 3583 3704 ὑποδεο

2003 3739 2268 3810 ξαμένους
2302 3739 2454 3812 παρὰ
2484 3739 2578 3792 τοῦ
2614 3740 2819 3794 ἑαυτῶν
2852 3741 3122 3794 Δεσπότου
3171 3741 3270 3813 τὴν
3315 3742 3423 3794 τῶν
3457 3759 3585 3795 συν-

2001 3829 2200 3884 δούλων
2229 3830 2384 3901 ήμίὑν
2411 3830 2754 3901 κηδεμονίαν,
2782 3831 3070 3900 φυλάττειν
3099 3833 3196 3904 τὴν
3216 3833 3396 3888 πίστιν
3414 3850 3583 3904 προσ-

2004 3925 2149 3994 ήκει,
2193 3923 2335 3976 οὕτω
2377 3940 2438 3976 τε
2478 3926 2704 3988 πιστοὺς
2752 3924 3003 3992 γενέσθαι
3036 3927 3130 3978 καὶ
3186 3924 3476 3996 φρονίμους
3505 3925 3586 3990 ὡς

2009 4018 2218 4086 μήποτε
2250 4016 2513 4087 ἀκαίρως,
2538 4017 2623 4068 ἀεὶ
2643 4016 2699 4070 δὲ
2729 4018 2807 4089 τῷ
2860 4019 3187 4090 προσήκοντι
3245 4017 3442 4088 καιρῷ,
3469 4021 3586 4080 τοῖς

2006 4106 2296 4176 ἡμετέροις
2320 4107 2620 4170 συνδούλοις
2664 4109 2724 4162 τὸ
2758 4111 3062 4181 σιτηρέσιον
3117 4108 3411 4178 διανέμειν,
3447 4111 3586 4179 μήτε

2005 4196 2362 4267 παρορῶντας
2405 4197 2498 4250 καὶ
2547 4198 3020 4269 ὑπερτιθεμένους,
3055 4200 3143 4251 ὅτε
3191 4199 3290 4262 δεῖ,
3335 4199 3462 4269 μήτ’
3518 4199 3584 4251 οὐ

2007 4288 2277 4358 δεομένοις
2303 4289 2636 4359 παρέχοντας
2668 4290 2931 4360 ἀκαίρως,
2961 4289 3098 4343 ἀλλὰ
3145 4290 3237 4342 καὶ
3259 4322 3261 4324 -
3285 4288 3462 4361 καιρῷ
3503 4288 3588 4359 τῷ

2009 4381 2359 4450 προσήκοντι,
2396 4381 2491 4433 καὶ
2518 4380 2590 4451 μὴ
2617 4381 2870 4453 ἀμέτρως
2892 4381 3050 4434 τοῦτο
3079 4385 3280 4435 ποιεῖν’
3327 4379 3480 4434 τοῦτο
3520 4381 3587 4434 δὲ

2011 4470 2266 4540 πράττειν
2293 4469 2431 4522 κατὰ
2461 4469 2554 4522 δύο
2581 4469 2833 4540 τρόπους,
2863 4470 2951 4524 διά
2984 4487 3042 4522 τε
3084 4471 3181 4540 τῆς
3217 4469 3588 4541 λογικωτέρας

2011 4561 2277 4630 ὠφελείας
2301 4561 2398 4624 τὰς
2421 4560 2598 4630 ψυχὰς
2623 4561 2803 4614 αὐτῶν
2823 4561 3162 4632 βελτιοῦντας
3193 4566 3310 4627 ταῖς
3348 4563 3437 4616 διὰ
3475 4561 3588 4614 τῶν

2021 4652 2356 4723 μαθημάτων
2381 4654 2625 4723 τροφαῖς,
2652 4649 2739 4705 διά
2771 4669 2831 4704 τε
2854 4653 2955 4722 τῆς
2973 4653 3079 4706 τῶν
3109 4651 3379 4722 αίσθητῶν
3417 4653 3592 4724 ὑπαρ-

2012 4741 2214 4809 χόντων
2244 4739 2379 4809 πρὸς
2406 4741 2530 4802 τοὺς
2563 4738 2758 4800 ἐνδεεῖς
2797 4740 3143 4809 ἐπικουρίας⁸
3177 4737 3348 4792 ταῦτα
3392 4739 3448 4790 δέ
3497 4738 3590 4791 διὰ

2013 4830 2210 4891 παντὸς
2240 4830 2502 4898 ἐνεργεῖν,
2539 4829 2644 4892 ἴνα,
2677 4828 2878 4882 εἴποτε
2911 4828 3119 4898 ἁθρόως
3148 4826 3372 4890 ἐπιστὰς
3412 4828 3441 4879 ὁ
3475 4828 3593 4880 Κύ-

2018 4939 2130 4991 ριος
2155 4921 2309 4991 ήμῶν
2335 4920 2432 4991 τὴν
2458 4921 2770 4992 παράληψιν
2799 4920 2953 4990 ἡμῶν
2971 4923 3192 4982 ποιοῖτο,
3217 4920 3396 4989 εὑρεῖν
3413 4918 3590 4971 ταῦτα

2012 5011 2344 5080 πράττοντας
2378 5012 2544 5080 ἡμᾶς,
2573 5010 2900 5079 ἐπαγγελίαν
2924 5027 2982 5062 τε
3008 5009 3085 5079 τῷ
3110 5010 3202 5063 καὶ
3232 5007 3406 5062 ταῦτα
3438 5025 3582 5062 κατ-

2010 5099 2252 5169 ορθοῦντι
2293 5099 2385 5151 τοῦ
2433 5101 2694 5172 προτέρου
2733 5099 3161 5152 πολλαπλασίονα
3193 5098 3422 5151 δίδωσιν.
3468 5099 3603 5155 Ἐπὶ

2016 5194 2113 5260 μὲν
2145 5193 2252 5261 γὰρ
2274 5190 2351 5261 τῷ
2386 5191 2766 5262 ἐγρηγορέναι,
2815 5193 2908 5243 καὶ
2933 5190 3029 5261 τὴν
3062 5189 3227 5244 αὐτοῦ
3263 5189 3352 5243 διὰ
3389 5195 3601 5259 παντὸς

2016 5283 2330 5354 περιμένειν
2390 5283 2711 5354 παρουσίαν,
2765 5282 3070 5334 ἀνακλίνειν
3120 5283 3460 5353 ἐπήγγελται
3502 5289 3601 5339 καὶ

2013 5375 2329 5443 διακονῆσαι
2363 5375 2523 5438 αὐτὸς
2547 5373 2989 5445 περιζωσάμενος
3013 5390 3026 5404 ο
3072 5375 3165 5426 ἐπὶ
3205 5374 3266 5430 δέ
3313 5380 3378 5448 τῇ
3423 5382 3595 5450 πιστῇ

2015 5469 2107 5522 καὶ
2135 5468 2360 5539 ἔμφρονι
2384 5466 2662 5537 οἰκονομίᾳ
2684 5467 2773 5519 καὶ
2789 5469 2853 5536 τῇ
2889 5465 3028 5519 κατὰ
3057 5466 3251 5540 καιρὸν
3279 5469 3599 5541 διανεμήσει

2018 5685 2214 5755 ubique
2243 5683 2536 5755 cernimus.
2567 5681 2820 5736 Ecclesiae
2865 5680 3139 5755 hodierna
3181 5683 3459 5743 catholica:
3507 5682 3579 5739 do

2025 5754 2257 5812 ctrluaui
2287 5755 2477 5825 priscis
2507 5754 2758 5811 Palrihus
2786 5754 3046 5812 innixam.
