3858 6214
284 285 396 343 565
1449 288 1834 347 COMMENTA

1941 306 1956 346 ι
1988 289 2056 344 ΙΝ
2096 289 2352 344 LUiZAM.
3414 282 3520 340 566

280 402 384 472 τῆς
409 403 637 474 τροφῆς,
671 405 1102 477 τρισμακαρίους
1132 407 1345 477 άληθῶς
1373 408 1710 476 ἀποφαίνων,
1765 409 1838 464 ob:

1969 410 2270 463 conﬁrmat.
2325 407 2458 463 Hinc
2505 409 2667 462 etiam
2719 407 2960 462 eruditus
3008 395 3166 460 divus
3205 401 3516 471 Apostolus,

281 493 375 546 ἐπί
403 511 454 546 τι
490 494 673 566 μέρος,
698 495 811 549 ἀλλ’
844 497 936 548 ἐπὶ
962 497 1178 551 πάντων
1210 499 1318 552 τῶν
1371 501 1724 572 ὑπαρχόντων
1755 518 1838 554 κα·

1961 499 2229 570 perfectos
2256 499 2551 554 secundum
2592 498 2781 562 Deum,
2812 497 3041 552 hwredes
3074 494 3192 560 Dei,
3225 494 3521 562 Christique

277 585 575 656 ταστήσειν
607 587 699 639 τὸν
743 588 1179 660 μακαριζόμενον
1227 592 1364 662 μετὰ
1405 593 1720 665 προσθήκης
1762 593 1838 646 τοὶ

1958 592 2279 656 cohwredes,
2333 591 2561 646 vocabat
2586 593 2642 657 ',
2688 589 2975 657 aiebatque
3015 605 3032 644 :
3064 587 3182 643 Sive
3221 588 3363 650 vita,
3411 587 3519 640 sive

277 675 428 747 ἀμὴν
484 677 840 733 ἐπιστώσατο.
875 680 1067 733 Ἔνθεν
1121 683 1214 736 καὶ
1260 686 1288 736 ὁ
1345 685 1487 757 ἱερὸς
1529 685 1838 748 Ἀπόστολος

1958 699 2128 747 mors,
2174 684 2281 736 sive
2331 681 2644 752 praesentia,
2689 680 2792 734 sive
2842 679 3056 748 futura,
3102 677 3284 731 omnia
3333 684 3518 730 nostra

275 767 648 840 ὠφελημένος,
689 773 813 835 τοὺς
847 774 984 827 κατὰ
1016 774 1147 827 Θεὸν
1170 775 1405 840 τελείους
1439 780 1838 846 κληρονόμους

1957 789 2079 829 esse
2114 774 2154 828 ³.
2211 771 2355 843 Opes
2402 784 2580 827 autem
2627 771 2772 826 illius
2819 768 3159 840 intelligenda
3194 775 3319 823 sunt
3368 764 3517 836 regni

278 860 429 914 Θεοῦ
457 861 554 914 καὶ
587 866 1112 934 γυγνιληρονόμους
1137 868 1392 936 Χριστοῦ
1411 869 1611 932 ἐκάλει,
1630 871 1722 922 καὶ
1738 868 1838 921 ἑλε-

1954 865 2115 932 bona,
2147 877 2266 934 qua:
2292 862 2483 918 oculus
2513 878 2618 917 non
2648 861 2804 916 vidit.

274 969 392 1019 γεν·
421 955 557 1008 Ette
594 951 727 1022 ζωὴ,
761 956 880 1010 εἴτε
924 956 1196 1024 θάνατος,
1240 959 1344 1012 εἴτ’
1375 959 1691 1024 ἐνεστῶτα,
1739 960 1858 1012 εἴτε
1902 957 2227 1028 μέλλοντα,
2301 954 2478 1010 πάντα
2523 953 2680 1026 ἡμῶν
2744 948 2918 1014 εἶναι.)
2949 952 3288 1023 ’Υπάρχοντα
3327 951 3374 1004 δ’
3421 949 3516 1002 αὑ-

274 1044 371 1098 τοῦ
405 1059 474 1099 τοι
510 1049 568 1099 ὲν
622 1050 688 1119 τῇ
735 1047 982 1121 βασιλείᾳ
1023 1052 1241 1121 νοητέον
1288 1052 1485 1120 ἀγαθά,
1515 1053 1550 1107 ἂ
1574 1053 1847 1124 ὀφθαλμὸς
1873 1051 1972 1104 οὐκ
2000 1046 2158 1103 εἶδεν.

468 1143 602 1195 Ἐὰν
633 1143 684 1196 6⁸
710 1145 851 1214 εἴπῃ
874 1149 906 1200 ό
933 1146 1152 1213 δοῦλος
1177 1148 1424 1214 ἐκεῖνος,
1461 1167 1514 1202 κ.
1540 1167 1590 1202 τ.
1626 1150 1674 1204 λ.

361 1233 423 1285 "0
455 1233 552 1303 μὲν
580 1236 768 1299 πιστὸς
798 1237 893 1290 καὶ
928 1239 1188 1309 φρόνιμος
1213 1239 1468 1294 τοιούτων
1492 1240 1766 1306 τεύξεται·
1821 1242 1849 1294 ὀ

277 1325 323 1378 δ’
370 1326 608 1389 ἐναντίος
640 1328 812 1398 τούτῳ
838 1329 1009 1398 ὀργῆς
1040 1332 1308 1384 Δεσπότου
1341 1333 1745 1404 πειραθήσεται,
1774 1333 1849 1386 δι-

276 1416 600 1487 χοτομηθεὶς
631 1419 723 1470 καὶ
745 1419 1182 1490 ἀποτεμνόμενος
1209 1422 1300 1475 τοῦ
1330 1423 1577 1494 σώματος
1590 1424 1697 1476 τῶν
1719 1425 1849 1492 ἀγα-

277 1504 388 1560 ίνῶν
419 1507 638 1573 δούλων,
674 1510 874 1593 κλῆρόν
922 1529 980 1565 τε
1025 1515 1118 1567 καὶ
1158 1515 1351 1586 μερίδα
1388 1516 1675 1587 λαμϐάνων
1707 1517 1846 1589 μετὰ

276 1593 388 1645 τῶν
421 1594 728 1666 ὑποκριτῶν
761 1599 792 1668 ἢ
824 1598 931 1652 τῶν
964 1601 1235 1654 άπίστων’
1272 1596 1345 1657 ὧν
1399 1605 1461 1658 τὸ
1504 1605 1655 1670 τέλος
1682 1607 1845 1660 κλαυ-

2277 1143 2430 1210 Quod
2457 1142 2503 1196 si
2537 1141 2727 1194 dixerit
2762 1155 2935 1197 servus
2977 1137 3090 1204 ille,
3113 1147 3220 1194 etc.

2018 1236 2214 1291 Fidelis
2251 1235 2466 1305 quidem
2507 1241 2562 1287 et
2595 1231 2831 1302 prudens
2877 1230 2990 1285 haec
3033 1231 3171 1286 bona
3212 1244 3509 1301 conseque—

1949 1337 2074 1382 tur:
2118 1328 2243 1382 huic
2286 1325 2564 1381 dissimilis
2606 1325 2742 1378 iram
2779 1322 2990 1377 Domini
3039 1322 3379 1392 experietur;
3423 1323 3506 1377 di-

1944 1420 2158 1472 videtur
2199 1416 2426 1482 scilicet,
2476 1430 2537 1470 ac
2572 1413 2914 1484 separabitur
2943 1428 2973 1466 a
3009 1411 3270 1467 bonorum
3322 1427 3511 1468 servo-

1951 1525 2068 1564 rum
2097 1523 2341 1578 corpore,
2368 1517 2695 1578 sortemque
2731 1521 2883 1560 suam
2928 1515 2982 1562 et
3011 1513 3219 1574 partem
3247 1519 3370 1559 cum
3406 1504 3511 1574 hy-

1950 1601 2170 1669 pocritis
2205 1601 2320 1656 sive
2361 1597 2666 1653 inﬁdelibus
2705 1597 2950 1666 recipiet,
2990 1611 3218 1666 quorum
3272 1595 3396 1652 ﬁnis
3426 1596 3507 1650 lu-

276 1682 414 1752 θμὸς
446 1684 539 1735 καὶ
565 1684 804 1755 βρυγμὸς
826 1686 932 1740 τῶν
965 1688 1208 1743 ὀδόντων.
1233 1691 1370 1746 Ὅσα
1402 1695 1508 1765 γάρ
1531 1697 1642 1759 τοῖς
1667 1695 1838 1749 ὀδοῦσι

1948 1701 2066 1745 ctus
2108 1700 2164 1746 et
2207 1691 2404 1747 stridor
2445 1690 2702 1744 dentium.
2760 1687 2894 1742 Nam
2951 1697 3210 1757 quantum
3263 1686 3512 1742 dentibus

274 1773 558 1844 κατήσθιε,
591 1777 682 1828 καὶ
706 1777 806 1829 ὃσα
837 1779 1236 1851 μεθυσκόμενος
1287 1759 1643 1856 ἐπλημμέλει,
1674 1788 1838 1842 ταῦτα

1945 1783 2221 1838 devoravit
2260 1792 2315 1837 et
2343 1781 2603 1836 ebrietate
2649 1781 2913 1849 peccavit,
2961 1781 3296 1836 tantumdem
3333 1779 3512 1848 plora.

274 1865 677 1920 ἀποκλαύσεται
700 1886 713 1898 ·
745 1869 902 1940 δίκην
929 1873 1028 1942 τὴν
1060 1876 1438 1946 προσήκουσαν
1465 1876 1640 1942 διδοὺς
1667 1880 1766 1949 τῆς
1785 1897 1844 1933 τε

272 1959 415 2011 κατὰ
435 1959 543 2013 τῶν
573 1955 872 2015 συνδούλων
898 1965 1258 2036 παρανομίας,
1283 1969 1376 2020 καὶ
1403 1969 1504 2038 τῆς
1547 1971 1844 2026 ἀκολάστου

272 2053 504 2122 τρυφῆς,
529 2055 978 2126 καταφρονήσεώς
1012 2074 1070 2109 τε
1099 2059 1197 2130 τῆς
1238 2061 1320 2123 είς
1359 2061 1448 2114 τὸν
1468 2064 1761 2136 Δεσπότην,
1788 2065 1845 2118 ὃν

272 2139 539 2210 ὡμολόγει
575 2142 672 2212 μὲν
719 2143 793 2214 μὴ
821 2145 1056 2211 ἀγνοεῖν,
1095 2148 1188 2200 καί¹
1236 2149 1352 2220 ᾔδει
1393 2151 1467 2215 ὡς
1508 2153 1614 2224 ἄρα
1643 2155 1846 2226 Κύριον

271 2231 407 2301 ἔχει,
436 2231 828 2288 ἀναϐάλλεσθαι
853 2236 910 2288 δὲ
942 2239 1102 2291 αὑτὸν
1137 2240 1236 2310 τὴν
1275 2243 1454 2311 κρίσιν
1493 2246 1572 2307 είς
1604 2247 1846 2317 μακροὺς

270 2325 498 2398 χρόνους
517 2327 934 2400 ὑπολαμϐάνων,
964 2333 1155 2386 ἑαυτὸν
1181 2337 1384 2406 ἠπάτα.

276 2415 400 2470 Τίνι
452 2417 718 2486 ὁμοιώσω
760 2419 889 2499 τὴν.
914 2421 1244 2499 ,βασιλείαν
1292 2427 1398 2499 τοῦ
1444 2428 1628 2493 Θεοῦ;
1673 2431 1846 2499 ὁμοία

761 2490 894 2543 ἐστὶ
920 2489 1089 2561 ζύμῃ,
1123 2512 1177 2547 κ.
1211 2513 1262 2548 τ.
1291 2495 1339 2549 λ.

341 2575 532 2648 Ζύμην
553 2578 651 2650 τὴν
676 2579 785 2632 ἀπὸ
813 2579 908 2633 τοῦ
938 2582 1138 2653 σπόρου
1173 2585 1709 2658 τελεσιουργηθείσαν
1731 2590 1845 2644 ’δύ-

266 2684 436 2737 ναμιν
464 2671 493 2721 ὀ
517 2671 708 2741 Σωτὴρ
731 2672 1006 2742 ὀνομάζει,
1038 2676 1100 2728 τὺ
1129 2677 1352 2747 Πνεῦμα
1381 2679 1440 2732 τὺ
1472 2679 1626 2748 ἅγιον
1657 2682 1844 2735 τοῦτον

268 2758 616 2830 αἰνιξάμενος
643 2762 734 2816 τὸν
761 2765 985 2834 τρόπον.
1029 2767 1088 2820 '0
1107 2767 1237 2836 γοῦν
1269 2769 1369 2838 τῆς
1413 2771 1663 2841 οὐρανίου
1693 2772 1844 2841 βασι-

266 2851 420 2915 λείας
444 2853 632 2920 Λόγος,
668 2855 805 2924 μετὰ
855 2858 954 2926 τὴν
1001 2859 1222 2932 πρώτην
1275 2863 1332 2918 ἐν
1365 2863 1610 2933 οὐρανοῖς
1640 2866 1844 2937 σποράν

263 2943 548 3012 αὐξηθεὶς,
603 2947 696 2999 καὶ
758 2949 970 3019 καρπὸν
1023 2952 1256 3017 ἀποδοὺς
1305 2951 1514 3025 ἐντελῆ,
1545 2957 1638 3008 τοῦ
1688 2958 1841 3026 ἁγίου

267 3033 587 3104 Πνεύματος
639 3036 738 3107 τὴν
775 3038 1130 3124 ὲπιχορηγίαν
1174 3046 1285 3106 τοῖς
1340 3043 1426 3098 διὰ
1469 3045 1577 3099 τῶν
1611 3046 1842 3119 πρώτων

263 3126 638 3198 ὠφελημένοις
691 3130 940 3201 παρέχει,
985 3132 1162 3204 ζύμης
1188 3134 1341 3206 δίκην
1381 3136 1608 3208 φύραμα
1641 3137 1841 3210 ζυμοῦ-

268 3233 390 3287 σης.
425 3218 566 3290 Γυνὴ
597 3219 654 3273 δὲ
688 3221 915 3292 ταύτην,
946 3225 979 3294 ἡ
1011 3225 1172 3294 σοφία
1196 3227 1288 3279 τοῦ
1318 3227 1472 3292 Θεοῦ,
1501 3231 1582 3293 είς
1611 3230 1838 3302 ἀλεύρου

268 3309 411 3362 σάτα
463 3311 588 3382 τρία
629 3313 948 3384 ὲγκρύπτει.
1005 3317 1128 3381 Τοῖς
1156 3317 1286 3386 γοῦν
1333 3321 1714 3392 πορισαμένοις
1775 3326 1839 3378 ἐκ

267 3398 470 3469 πολλῆς
517 3401 832 3470 ἐπιμελείας
885 3405 980 3458 καὶ
1023 3406 1123 3476 τῆς
1171 3407 1264 3459 τοῦ
1321 3409 1519 3481 σπόρου
1566 3411 1838 3482 γεωργίας

263 3489 499 3561 ἀλεύρου
529 3492 668 3546 σάτα
713 3495 862 3565 τρία,
909 3495 1154 3567 δόγματα
1205 3498 1322 3552 θεῖα
1362 3501 1456 3553 καὶ
1493 3503 1691 3570 γνῶσιν
1740 3504 1836 3575 τὴν

267 3582 401 3652 περὶ
435 3583 647 3655 Πατρὸς
677 3586 770 3638 καὶ
800 3586 928 3638 Υἱοῦ
955 3589 1048 3641 καὶ
1077 3589 1232 3657 ἁγίου
1272 3591 1604 3661 Πνεύματος,
1660 3595 1692 3665 ἡ
1738 3596 1834 3650 τοῦ

264 3672 404 3726 Θεοῦ
452 3675 615 3743 σοφία
654 3675 715 3728 τὸ
751 3677 904 3745 ἆγιον
959 3679 1186 3751 Πνεῦμα
1232 3686 1484 3753 χορηγεῖ·
1541 3677 1651 3755 ἡδ’
1700 3686 1835 3758 αὐτὴ

265 3764 391 3818 καθ’
439 3767 632 3838 ἑτέραν
661 3767 897 3823 διάνοιαν
927 3771 1105 3826 πάντα
1142 3773 1232 3826 τὸν
1269 3773 1360 3826 τοῦ
1393 3775 1525 3828 Θεοῦ
1553 3775 1835 3849 ἄνθρωπον

263 3859 332 3910 ἐκ
355 3858 600 3929 σώματος
626 3862 720 3914 καὶ
742 3861 918 3934 ψυχῆς
938 3864 1033 3916 καὶ
1064 3865 1370 3936 πνεύματος
1402 3858 1728 3936 συνεστῶτα,
1765 3875 1832 3946 τῇ

262 3950 525 4020 ὲπιχορηγ
538 3951 593 4022 is}
612 3952 710 4022 τῆς
725 3952 876 4017 θείας
891 3955 1236 4026 έμπνεύσεως
1253 3958 1432 4029 ζυμοῖ,
1457 3961 1835 4031 ἐγκρύπτουσα

260 4040 364 4110 τὴν
389 4041 448 4106 ὲξ
475 4042 646 4112 αὐτῆς
683 4043 948 4112 ὠφέλειαν
978 4049 1056 4111 είς
1085 4048 1312 4120 ἀλεύρου
1346 4051 1481 4105 σάτα
1508 4052 1633 4123 τρία
1657 4053 1726 4106 τὰ
1751 4071 1836 4107 ve.

260 4131 525 4202 νοημένα,
553 4133 656 4198 ἕως
687 4128 748 4188 οὗ
776 4133 998 4209 ζυμωθῇ
1023 4139 1162 4194 ὅλονο
1187 4140 1340 4194 Οὕτω
1375 4143 1504 4210 γοῦν
1535 4146 1600 4215 τῇ
1635 4147 1830 4218 μετοχῇ

258 4221 365 4291 τῆς
390 4223 640 4294 οὐρανίου
665 4223 842 4296 ζύμης
867 4227 1109 4299 ποιηθεὶς
1142 4232 1236 4283 καί¹
1267 4231 1556 4304 ζυμωθεὶς,
1587 4235 1834 4307 οὐράνιος

261 4314 362 4367 καὶ
389 4317 760 4385 πνευματικὸς
786 4320 1112 4390 χρηματίσει
1138 4320 1440 4392 ἄνθρωπος,
1469 4326 1564 4378 καὶ
1591 4327 1709 4380 νέον
1734 4326 1834 4396 φύ-

210 4399 220 4408 ’
265 4421 438 4476 ραμα,
464 4406 541 4468 ὼς
566 4407 631 4460 ἂν
661 4411 862 4480 μικρᾶς
903 4411 1150 4482 κράσεως
1187 4415 1502 4485 γενομένης,
1526 4416 1634 4471 τῶν
1665 4418 1831 4488 τριῶν

259 4495 510 4565 ἀλεύρων
546 4498 969 4570 ἀποδεδομένων,
1016 4503 1110 4556 καὶ
1152 4503 1251 4574 τῆς
1283 4506 1341 4557 ὲν
1376 4506 1559 4570 αὑτοῖς
1599 4509 1833 4578 ἐμπνεύ-

262 4604 418 4650 σεως.
458 4590 566 4642 Καὶ
587 4591 652 4662 δὴ
678 4591 795 4656 νέος
829 4594 991 4665 ἄρτος
1019 4595 1112 4649 καὶ
1140 4598 1502 4667 πνευματικὸς
1532 4600 1830 4672 γενόμενοι,

259 4679 403 4731 κατὰ
435 4680 527 4733 τὸν
558 4681 894 4749 ’Δπόστολον,
939 4685 998 4749 ὃς
1045 4705 1231 4759 φησιν,
1267 4687 1373 4755 Εἷς
1412 4689 1590 4758 ἄρτος
1629 4693 1726 4746 καί
1765 4692 1835 4748 ἓν

256 4766 432 4836 σῶμά
454 4769 643 4839 ἐσμεν
671 4774 726 4825 οἱ
753 4775 992 4840 πολλοὶ,
1017 4778 1200 4832 είκόνα
1232 4781 1324 4833 καὶ
1347 4779 1601 4850 ὁμοίωσιν
1637 4782 1835 4854 ἀναλη-

253 4859 472 4930 ψόμεθα
494 4861 587 4914 τοῦ
616 4861 878 4926 ζωοποιοῦ
902 4867 1008 4922 τῶν
1037 4869 1172 4923 ὃλων
1215 4871 1401 4940 ἄρτου,
1431 4872 1490 4935 ὃς
1525 4875 1590 4926 ὲκ
1621 4873 1714 4926 τοῦ
1745 4875 1832 4926 οὑ-

258 4950 426 5020 ρανοῦ
457 4953 847 5024 καταϐέϐηκεν,
876 4959 1050 5030 ἐαυτῷ
1093 4962 1502 5032 παραπλησίους
1558 4966 1654 5016 καὶ
1682 4966 1830 5036 ἡμᾶς

257 5039 738 5110 ἀπεργασάμενος.
777 5040 851 5098 Εὖ
891 5046 948 5098 δὲ
985 5051 1204 5114 γυναικὶ
1236 5051 1702 5124 ἀφωμοίωσείτὴν
1745 5072 1832 5108 σο-

258 5129 386 5198 φίαν
413 5130 508 5184 τοῦ
544 5131 677 5186 Θεοῦ
712 5135 771 5188 ἐν
809 5136 1016 5202 τούτοις
1039 5153 1054 5170 ·
1093 5141 1326 5211 Χριστὸς
1379 5143 1435 5196 δέ
1480 5145 1626 5197 ἐστιν
1655 5146 1688 5216 ή
1735 5144 1829 5199 τοῦ

254 5217 392 5271 Θεοῦ
425 5219 653 5290 δύναμις
696 5224 789 5276 καὶ
826 5223 960 5278 Θεοῦ
1004 5227 1164 5296 σοφία
1204 5228 1546 5300 καταλλήλως
1595 5228 1671 5300 τῷ
1730 5231 1830 5302 τῆς

257 5308 437 5379 ζύμης
461 5310 839 5384 ὑποδείγματι.
873 5316 1080 5388 Ὥσπερ
1110 5317 1217 5389 γάρ
1260 5320 1351 5372 ἐπὶ
1377 5321 1475 5391 τῆς
1513 5321 1830 5393 παραϐολῆς

257 5400 354 5455 τοῦ
396 5403 598 5474 σπόρου
637 5406 909 5476 γεωργίου
953 5409 1242 5478 πρόσωπον
1289 5411 1382 5481 καὶ
1424 5413 1670 5484 σπορέως
1729 5415 1830 5466 εἰσ-

256 5491 411 5561 ῆγεν,
439 5492 538 5545 οὑκ
558 5493 622 5547 ἂν
640 5495 874 5564 εὐλόγως
901 5499 958 5567 έν
983 5500 1209 5564 ἐκείνοις
1233 5502 1697 5575 μνημονευθείσης
1730 5521 1828 5572 γυ-

1942 1871 2052 1938 bit;
2083 1871 2255 1941 justas
2299 1872 2434 1926 dans
2491 1886 2676 1939 pcenas
2740 1869 3040 1940 iniquitatis
3095 1886 3204 1927 sua:
3249 1871 3510 1928 adversus

1943 1977 2260 2027 conservos,
2323 1963 2840 2031 intemperantisque
2912 1963 3173 2027 lumriae,
3223 1972 3278 2019 et
3330 1965 3503 2034 spreti

1943 2050 2177 2116 Domini,
2213 2065 2374 2120 quem
2417 2052 2517 2106 sibi
2569 2066 2674 2106 non
2724 2051 3052 2120 incognitum
3099 2051 3390 2108 fatebatur.
3431 2055 3500 2109 Et

1943 2155 2074 2196 sane
2131 2142 2295 2212 probe
2341 2151 2566 2198 noverat
2613 2157 2672 2197 se
2722 2141 2950 2198 Domino
2992 2157 3097 2196 non
3143 2158 3365 2210 carere,
3409 2151 3502 2202 sed

1941 2231 2066 2284 dum
2091 2231 2352 2301 judicium
2384 2233 2451 2286 ab
2481 2246 2547 2286 eo
2577 2229 2880 2286 diutissime
2912 2232 3138 2287 dilatum
3167 2232 3234 2288 iri
3264 2235 3505 2291 arbitra-

1945 2331 2053 2388 tur,
2083 2332 2256 2379 semet
2288 2323 2401 2392 ipse
2436 2323 2646 2379 fefellit.

1943 2415 1962 2446 ⁸
1991 2413 2088 2468 Cui
2115 2413 2288 2469 simile
2313 2416 2580 2470 wstimabo
2615 2430 2829 2484 regnum
2865 2413 3002 2469 Dei?
3040 2413 3245 2471 Simile.
3271 2427 3346 2472 est
3396 2417 3504 2478 fer-

2561 2496 2756 2549 mento,
2783 2495 2888 2539 etc.

2011 2573 2283 2630 Fermenti
2338 2575 2556 2630 nomine
2630 2575 2861 2646 appellat
2917 2576 3173 2638 Servator
3229 2575 3518 2642 efficacem

1943 2666 2166 2723 seminis
2222 2667 2364 2736 vim,
2415 2675 2662 2722 sanctum
2719 2667 2976 2738 Spiritum
3033 2671 3105 2723 ita
3171 2671 3516 2742 signiﬁcans,

1941 2758 2106 2830 Igitur
2133 2758 2371 2814 caelestis
2401 2760 2551 2830 regni
2582 2759 2812 2820 Verbum
2844 2769 2963 2830 post
3006 2763 3232 2830 primam
3269 2764 3323 2818 in
3350 2764 3504 2821 caelis
3556 2779 3558 2781 ’

1942 2854 2207 2906 sationem
2256 2861 2496 2916 auctum,
2538 2851 2874 2922 fructumque
2915 2854 3204 2922 perfectum
3253 2858 3502 2926 reddens,

1944 2943 2116 2998 sancti
2152 2943 2384 3013 Spiritus
2417 2943 2872 2999 ministrationem
2910 2945 2975 3000 iis
3020 2946 3110 3016 qui
3141 2961 3170 3000 a
3205 2948 3393 3016 primis
3423 2949 3506 3003 in-

1942 3037 2290 3092 stitutoribus
2347 3037 2538 3093 imbuti
2587 3036 2804 3091 fuerunt
2851 3039 3085 3107 praebet,
3134 3038 3384 3095 fermenti
3421 3038 3505 3093 in-

1867 3106 1908 3164 c
1942 3140 2058 3184 star
2111 3145 2345 3186 massam
2423 3129 2817 3186 fermentanlis.
2878 3130 3069 3186 Mulier
3141 3141 3356 3198 autem,
3408 3131 3504 3189 Dei

1939 3236 2134 3290 nempe
2163 3222 2451 3293 sapientia,
2493 3222 2547 3276 in
2598 3221 2787 3276 farina:
2820 3224 2953 3278 satis
2997 3223 3170 3278 tribus
3202 3222 3502 3279 abscondit.

1938 3312 2046 3369 Illis
2091 3316 2274 3384 itaque
2301 3316 2391 3384 qui
2425 3314 2591 3369 multa
2628 3330 2757 3369 cura
2802 3324 2858 3370 et
2889 3315 3113 3369 seminis
3143 3315 3352 3370 cultura
3385 3323 3504 3370 sata

1939 3404 2127 3462 farina:
2155 3410 2255 3460 tria
2281 3406 2600 3470 obtulerint,
2625 3406 2806 3460 divina
2832 3421 3028 3476 nempe
3045 3408 3288 3475 dogmata
3304 3405 3501 3472 Patris,

1936 3495 2058 3550 Filii
2087 3497 2368 3566 sanctique
2397 3497 2628 3566 Spiritus
2657 3498 2931 3563 notitiam,
2962 3498 3228 3568 sapientia
3262 3498 3351 3553 Dei
3388 3497 3504 3569 Spi-

1938 3588 2100 3642 ritum
2140 3600 2387 3645 sanctum
2435 3589 2743 3659 suppeditat
2779 3606 2795 3644 :
2838 3592 3154 3659 eademque,
3202 3591 3501 3647 secundum

1935 3679 2098 3734 alium
2144 3696 2392 3746 sensum,
2436 3680 2727 3751 quemlibet
2778 3682 2871 3738 Dei
2905 3683 3214 3750 hominem,
3249 3698 3499 3752 corpore,

1936 3771 2115 3828 anima
2153 3774 2452 3844 Spirituque
2503 3781 2880 3838 constantem,
2922 3773 3100 3829 divina
3150 3774 3501 3844 inspiratione

1933 3865 2241 3932 fermentat,
2283 3867 2617 3922 abscondens
2660 3865 2944 3920 utilitatem
2985 3881 3136 3920 suam
3185 3867 3238 3920 in
3289 3865 3498 3937 intelle-

1937 3959 2208 4016 ctualibus
2245 3959 2432 4014 farinae
2463 3959 2598 4014 satis
2633 3957 2804 4012 tribus
2851 3959 3019 4013 donec
3061 3966 3228 4012 totum
3262 3956 3500 4012 fermen-

1937 4060 2098 4106 tetnr.
2151 4049 2241 4106 Sic
2291 4064 2420 4119 ergo
2468 4049 2705 4104 ctelestis
2757 4046 3004 4102 fermenti
3057 4049 3499 4118 participatione,

1933 4137 2170 4193 caelestis
2215 4138 2306 4192 ﬁet
2347 4137 2712 4208 spiritalisque
2760 4137 2956 4203 homo,
2990 4153 3235 4208 novaque
3282 4153 3456 4194 massa
3482 4179 3499 4204 ,

1934 4243 2096 4297 parva
2127 4229 2289 4283 veluti
2335 4229 2476 4284 facta
2506 4230 2644 4283 crasi
2688 4244 2751 4284 ex
2793 4229 2983 4284 farinis
3022 4230 3216 4295 tribus,
3247 4240 3302 4285 et
3337 4231 3500 4287 insita

1935 4321 2038 4375 illis
2072 4321 2447 4390 inspiratione.
2489 4320 2674 4377 Novus
2711 4322 2966 4376 nimirum
3019 4337 3116 4377 nos
3163 4322 3289 4376 facti
3338 4323 3502 4391 spiris.

1935 4411 2056 4466 talis
2083 4413 2256 4480 panis,
2281 4412 2434 4483 juxta
2459 4411 2769 4483 Apostolum
2800 4413 3063 4468 dicentem
3088 4414 3131 4478 ⁸,
3163 4411 3308 4470 Unus
3342 4415 3503 4482 panis,

1937 4518 2196 4571 unumque
2225 4518 2413 4564 corpus
2455 4519 2632 4555 sumus
2661 4502 2836 4567 multi,
2877 4503 3160 4570 imaginem
3191 4503 3496 4566 similitudi-

1936 4606 2168 4661 nemque
2200 4593 2581 4646 contrahemus
2615 4591 2935 4646 viviﬁcantis
2978 4595 3156 4647 omnia
3187 4593 3362 4662 panis,
3406 4594 3503 4663 qui

1933 4685 2000 4739 de
2025 4684 2164 4739 ctelo
2191 4684 2487 4746 descendit,
2518 4698 2724 4753 nosque
2747 4684 2848 4738 sibi
2881 4683 3082 4743 similes
3106 4682 3303 4740 eﬁ‘ecit.
3333 4685 3500 4738 Recte

1932 4790 2060 4831 vero
2108 4775 2316 4830 mulieri
2360 4775 2694 4844 comparavit
2729 4775 2830 4834 hoc
2864 4775 2980 4834 loco
3019 4775 3335 4842 sapientiam
3371 4775 3496 4840 Dei;

1931 4876 2013 4923 est
2037 4867 2180 4922 enim
2209 4865 2456 4922 Christus
2489 4875 2598 4918 tum
2631 4865 2722 4920 Dei
2755 4866 2947 4930 virtus,
2998 4875 3107 4920 tum
3151 4865 3244 4922 Dei
3281 4866 3498 4935 sapien-

1931 4958 2025 5021 tia,
2054 4956 2302 5012 iermenti
2345 4957 2590 5027 exemplo
2627 4968 3061 5026 repraesentatus.
3097 4955 3229 5011 Nam
3258 4959 3398 5012 sicut
3445 4955 3498 5009 in

1930 5047 2151 5104 seminis
2202 5047 2486 5118 parabola,
2534 5047 2784 5116 agricola:
2838 5063 3120 5116 personam
3188 5046 3496 5115 satorisque

1930 5139 2161 5206 induxit,
2192 5155 2368 5210 neque
2399 5140 2540 5200 enim
2573 5139 2680 5196 illic
2709 5141 2992 5195 commode
3023 5137 3262 5194 mulieris
3293 5137 3496 5197 mentio

1931 5231 2070 5286 facta
2104 5229 2329 5296 fuisset,
2372 5231 2444 5284 ita
2477 5232 2576 5285 hoc
2618 5230 2734 5284 loco
2769 5230 2862 5285 ubi
2907 5231 2972 5285 de
3014 5229 3276 5284 fermento
3319 5241 3496 5282 sermo

1929 5333 2012 5377 est
2040 5322 2094 5377 in
2132 5324 2322 5376 farinae
2355 5330 2470 5376 sata
2507 5321 2607 5376 tria
2633 5321 2897 5390 conjecto,
2933 5321 3211 5392 aptissime
3236 5319 3491 5389 parabola

1931 5415 1982 5468 in
2036 5415 2259 5469 muliere
2297 5415 2523 5482 paniﬁca
2569 5429 2690 5470 eum
2727 5416 2819 5486 qni
2861 5414 2970 5470 illic
3005 5414 3178 5470 dictus
3206 5421 3290 5470 est
3323 5425 3491 5468 semis

1932 5513 2088 5564 nator
2117 5513 2438 5574 repraesentat
2448 5504 2538 5558 vit.
2843 5501 2847 5504 λ

365 5669 386 5700 ³
422 5666 578 5724 Rom.
623 5685 732 5735 vm,
758 5673 838 5727 l7.
919 5675 938 5707 ³
975 5675 990 5730 l
1025 5677 1145 5733 Cor.
1175 5695 1254 5746 ιιι,
1283 5678 1366 5734 22.
1447 5679 1466 5711 ⁸
1507 5680 1630 5736 CAP.
1662 5696 1756 5750 xu,
1785 5680 1870 5736 i5.
1949 5681 1968 5714 '
2009 5682 2131 5739 CAP.
2165 5697 2280 5749 xui,
2307 5682 2395 5740 ‘20.
2475 5681 2548 5757 “pl
2583 5677 2706 5743 Cor.
2740 5697 2790 5751 ιι,
2828 5683 2908 5736 l7.
