3858 6214
391 279 495 340 867

1097 287 1374 346 EUSEBII
1409 288 1886 350 CESARIENSIS
1922 290 2073 350 OPP.
2109 295 2288 352 PARS
2325 295 2413 352 Ill.
2451 324 2522 338 —-
2558 294 2969 355 EXEGETICA.

3522 296 3625 353 568

389 403 595 467 ναικὸς,
646 401 788 458 οὑτω
832 406 1112 461 κάνταῦθα
1156 407 1248 461 ἐπὶ
1291 407 1469 480 ζύμης
1511 410 1826 482 φυρομένης
1874 412 1956 476 εἰς
2000 411 2228 484 ἀλεύρου
2265 413 2401 466 σάτα
2437 412 2563 483 τρία
2631 413 2935 468 οἰκειότατα
2994 415 3027 486 ὴ
3080 412 3359 486 παραϐολὴ
3411 420 3629 480 γυναικὶ

387 496 819 575 ἀρτοποιουμένῃ
847 500 938 556 τὸν
966 505 1024 557 έν
1055 502 1283 568 ἐκείνοις
1313 502 1697 577 ὠνομασμένον
1729 507 1936 579 σπορέα
1960 508 2281 562 ἀπείκασεν.

454 591 568 662 Age
592 607 718 649 vero
754 597 894 663 apud
937 596 1247 652 Matthteum
1279 602 1347 664 ν,
1390 609 1669 670 postquam
1690 604 1934 657 cmlorun

2127 602 2284 657 Κατά
2322 602 2504 674 μέντοι
2534 618 2626 653 τον
2653 596 2929 653 Ματθαῖον
2966 595 3080 667 (6|)
3115 597 3504 671 κεκρυμμένην
3534 600 3630 666 ζύ-

385 698 610 751 regnttm
670 686 723 740 in
785 686 1055 744 fermento
1084 702 1587 760 repraesentaverat,
1635 709 1743 763 quo
1787 695 1956 750 sancti

2061 711 2170 766 μην
2205 693 2302 766 τὴν
2347 692 2621 765 βασιλείαν
2672 689 2781 743 τῶν
2826 687 3068 759 οὐρανῶν
3101 686 3398 760 προειπὼν,
3444 689 3512 743 δι’
3558 685 3629 763 ἧς

384 773 620 844 Spiritus
647 779 844 835 donum
881 781 1202 845 denotavit,
1246 792 1304 838 et
1339 785 1669 853 evangelica;
1698 787 1934 842 doctrina

2057 786 2246 858 ἐδήλου
2291 786 2390 857 τὴν
2422 782 2779 855 ἐπιχορηγίαν
2825 778 2917 833 τοῦ
2963 779 3120 848 ἁγίου
3166 778 3498 850 Πνεῦματος,
3531 782 3629 834 καὶ

382 868 691 939 utilitatem,
729 872 780 926 in
812 874 1096 941 subiuncta
1132 876 1242 932 illic
1273 878 1528 946 parabola
1560 877 1704 933 idem
1730 894 1954 952 regnum

2054 875 2151 947 τὴν
2192 875 2461 945 ὠφέλειαν
2484 875 2582 947 τὴν
2607 872 2713 927 ἀπὸ
2735 871 2830 925 τοῦ
2859 870 3210 940 εὑαγγελικοῦ
3229 869 3409 938 λόγου,
3424 870 3510 924 διὰ
3527 870 3631 942 τῆς

382 955 639 1014 thesauro
669 961 844 1017 simile
874 963 1034 1019 dixit.
1083 965 1180 1020 Est
1228 976 1408 1022 autem
1462 984 1687 1039 magnus
1717 969 1807 1024 hic
1836 971 1934 1026 the

2056 966 2186 1038 ἑξῆς
2213 966 2531 1041 παραϐολῆς
2572 967 2671 1037 τὴν
2704 964 2870 1036 αὑτὴν
2901 963 3173 1035 βασιλείαν
3206 963 3443 1017 ἐοικέναι
3491 964 3630 1033 φησὶ

380 1063 575 1103 saurus
596 1052 891 1106 secundum
922 1055 1163 1110 coelestia
1198 1056 1359 1112 effata
1387 1058 1408 1090 "
1440 1059 1619 1130 dignis
1644 1061 1952 1131 (repositus,

379 1153 539 1208 quem
572 1141 762 1197 oculus
810 1158 914 1199 non
960 1146 1113 1213 vidit,
1165 1149 1368 1218 quique
1414 1150 1616 1207 multos
1644 1151 1791 1207 latet.
1850 1153 1951 1221 Qui

2055 1058 2334 1130 θησαυρῷ.
2373 1057 2471 1129 Εῖη
2508 1057 2553 1110 δ’
2594 1056 2660 1112 ἂν
2694 1054 2963 1128 θησαυρὸς
2990 1054 3161 1126 μέγας
3191 1053 3220 1105 ὁ
3244 1053 3383 1107 κατὰ
3408 1053 3508 1117 τὰς
3533 1055 3630 1106 οὺ-

2054 1150 2274 1221 ρανίους
2318 1147 2651 1217 ἐπαγγελίας
2675 1149 2790 1212 τοῖς
2842 1146 3011 1211 ἀξίοις
3046 1144 3482 1216 τεταμιευμένος,
3512 1146 3572 1197 ὃν
3598 1148 3630 1199 ό

380 1243 512 1286 vero
560 1231 705 1287 hunc
753 1237 920 1298 novit,
963 1248 1149 1306 utpote
1180 1240 1271 1310 qui
1315 1240 1407 1296 Dei
1450 1242 1738 1313 imaginem
1785 1246 1838 1299 in
1893 1260 1934 1300 st

2051 1241 2328 1312 ὀφθαλμὸς
2359 1241 2460 1295 οὑκ
2488 1236 2648 1305 εἶδεν,
2678 1240 2738 1304 ὃς
2767 1240 2893 1303 τοὺς
2921 1237 3148 1301 πολλοὺς
3174 1236 3442 1290 λανθάνει.
3482 1238 3542 1291 '0
3566 1236 3631 1291 δὲ

379 1324 743 1391 conservavit,
775 1327 972 1395 gaudio
999 1328 1308 1398 elatus,ceu
1338 1332 1430 1402 qui
1463 1348 1732 1388 summum
1750 1335 1950 1392 bonum

380 1410 664 1480 invenerit,
720 1418 931 1489 reliqua
982 1421 1164 1475 omnia
1200 1424 1569 1492 postltahenda
1596 1425 1831 1497 judicat,
1893 1436 1951 1484 ut

379 1501 523 1557 hunc
562 1505 854 1583 possideat.
892 1508 1061 1563 Porro
1091 1511 1347 1567 thesauro
1373 1513 1531 1568 simul
1558 1530 1796 1588 agroque
1826 1521 1951 1573 ‘me-

376 1606 623 1664 morato,
684 1598 956 1655 hominem
1016 1602 1353 1660 inventorem
1406 1609 1695 1676 apposuit,
1752 1619 1811 1664 ut
1855 1609 1947 1665 Dei

373 1685 672 1742 studiosam
726 1690 961 1747 hominis
1019 1704 1248 1749 mentem
1302 1697 1590 1767 signiticet.
1640 1701 1806 1771 lgitur
1854 1718 1947 1757 su-

372 1780 672 1848 prascripta
718 1784 973 1850 parabola
1004 1788 1103 1843 sub
1129 1788 1380 1844 absconsi
1431 1791 1673 1846 thesauri
1725 1795 1947 1850 nomine

371 1869 625 1925 ctelestes
648 1882 811 1941 atque
833 1878 1063 1934 eximias
1089 1880 1311 1933 denotat
1341 1884 1765 1949 promissiones;
1808 1886 1946 1940 mul-

2048 1332 2239 1387 τοῦτον
2267 1333 2486 1403 νοήσας,
2522 1332 2598 1395 ὡς
2620 1330 2682 1384 τὸ
2712 1332 2831 1385 κατ’
2861 1330 3045 1384 εἰκόνα
3073 1328 3168 1381 τοῦ
3195 1327 3330 1381 Θεοῦ
3357 1328 3541 1393 σώζων
3563 1330 3631 1381 ὲν

2051 1423 2251 1495 ἑαυτῷ,
2280 1425 2458 1495 χαρᾶς
2506 1421 2760 1493 ἔμπλεως
2790 1419 3051 1490 γεγονὼς,
3095 1419 3170 1483 ώς
3209 1420 3275 1474 ἂν
3316 1420 3375 1474 τὸ
3420 1419 3631 1473 τέλειον

2050 1513 2158 1567 τῶν
2189 1513 2407 1583 ἀγαθῶν
2433 1511 2704 1586 εὑρηκὼς,
2729 1511 2801 1565 τὰ
2821 1511 2984 1566 λοιπὰ
3016 1511 3192 1565 πάντα
3223 1511 3448 1583 δεύτερα
3476 1511 3632 1564 τίθε-

2048 1622 2159 1671 ται,
2185 1605 2280 1660 καὶ
2311 1603 2500 1659 τοῦτον
2529 1604 2935 1674 ἀντιλαμϐάνει.
2963 1603 3395 1675 Καταλλήλωςδὲ
3429 1603 3634 1675 θησαυ-

2050 1697 2142 1769 ρὸν
2171 1697 2266 1751 καὶ
2319 1697 2491 1767 ἀγρὸν
2543 1694 2735 1759 εἰπὼν,
2788 1694 3073 1766 ἄνθρωπον
3101 1695 3250 1766 αὑτῷ
3291 1694 3495 1767 συνῆψε
3530 1695 3633 1748 τὸν

2046 1789 2315 1861 εὑρηκότα
2335 1807 2347 1820 ·
2383 1789 2526 1843 οῦτω
2571 1788 2818 1860 δηλώσας
2859 1788 2950 1841 τὸν
2995 1790 3051 1842 ὲν
3104 1788 3372 1861 ἀνθρώπῳ
3400 1788 3629 1859 θεοφιλῆ

2045 1879 2189 1933 νοῦν.
2232 1880 2299 1934 Ἡ
2353 1881 2450 1950 μὲν
2498 1876 2591 1933 οὖν
2646 1879 2875 1952 ρηθεῖσα
2912 1877 3052 1949 αῦτη
3083 1878 3367 1950 παραϐολὴ
3396 1876 3484 1932 διά
3525 1876 3630 1931 τοῦ

372 1972 440 2018 tae
465 1965 607 2019 enim
644 1969 952 2025 mansiones
997 1973 1134 2042 apud
1167 1972 1378 2029 Patrem
1406 1986 1566 2041 sunt;
1625 1976 1934 2047 divitiasque

2049 1970 2319 2043 θησαυροῦ
2342 1971 2434 2024 τοῦ
2467 1971 2849 2042 κεκρυμμένου
2879 1970 2977 2034 τὰς
3000 1969 3255 2041 οὐρανίας
3291 1967 3632 2037 ἐπαγγελίας

367 2051 485 2121 Dei,
515 2068 634 2125 qua:
658 2066 785 2113 sunt
823 2061 1001 2117 omnis
1049 2062 1178 2118 boni
1219 2064 1541 2135 thesaurus,
1584 2068 1941 2128 demonstrat.

436 2325 566 2392 Quae
599 2342 729 2385 vero
751 2331 999 2401 sequitur
1027 2334 1051 2366 ⁸
1081 2337 1387 2406 margaritae
1411 2338 1691 2407 parabola,
1717 2351 1782 2393 ea
1810 2337 1940 2394 mihi

363 2416 674 2485 significare
696 2421 908 2476 videtur
940 2426 1315 2494 pretiosiorem
1357 2430 1736 2498 praedictarum
1774 2446 1937 2501 opum

360 2519 589 2576 partem.
648 2510 744 2566 Est
793 2523 969 2569 autem
1026 2517 1139 2571 haec
1167 2518 1425 2574 divinitas
1457 2518 1763 2589 Unigeniti,
1817 2538 1939 2593 qua:

359 2600 572 2656 cunctis
624 2601 678 2657 in
715 2606 972 2673 prazdicto
1021 2610 1275 2664 thesauro
1311 2612 1585 2667 contentis
1617 2614 1939 2683 exquisitior

356 2698 475 2754 est;
505 2705 665 2760 quam
692 2695 784 2762 qui
815 2697 1183 2766 acquislverit,
1208 2715 1440 2771 superna
1462 2702 1721 2757 beatitate
1741 2705 1937 2775 dignus

356 2790 438 2832 ut.
486 2778 774 2853 Margarita
803 2794 980 2840 autem
1015 2787 1209 2843 merito
1237 2790 1548 2845 nominatur
1588 2792 1930 2850 incarnatum

356 2871 451 2926 Dei
483 2870 715 2928 Verbum
743 2892 757 2941 ;
790 2876 918 2946 quia
944 2877 1059 2933 haec
1090 2881 1405 2948 margarita,
1439 2880 1495 2935 in
1529 2896 1695 2938 carne
1730 2884 1857 2939 licet
1879 2894 1935 2942 et

356 2966 593 3019 ostracio
619 2977 781 3035 atque
811 2969 1039 3023 humore
1069 2971 1247 3040 genita
1272 3013 1286 3037 ,
1336 2973 1633 3043 pretiosum
1661 2976 1790 3045 quid
1823 2986 1931 3042 est,

353 3062 410 3107 et
437 3068 547 3124 prae
583 3058 834 3113 omnibus
862 3074 928 3114 ex
960 3060 1184 3115 humore
1214 3063 1352 3116 natis
1398 3065 1717 3133 corporibus
1762 3067 1931 3123 hono-

354 3145 563 3200 rabilis.
615 3146 779 3204 Certe
815 3151 1108 3220 margarita
1139 3152 1352 3206 videtur
1389 3154 1668 3209 humidum
1711 3172 1925 3228 corpus,

355 3233 719 3303 splendidum,
762 3238 1077 3293 caelestibus
1116 3240 1313 3305 simile,
1350 3241 1470 3297 luce
1499 3258 1565 3298 ac
1589 3244 1783 3314 Spiritu
1811 3247 1927 3315 ple-

2049 2064 2232 2135 ἐδήλου
2276 2063 2375 2127 τὰς
2408 2061 2866 2135 ὑπερὸεὸηκυίας,
2897 2062 3088 2116 πολλαὶ
3114 2062 3222 2133 γὰρ
3272 2061 3429 2132 μοναὶ
3472 2059 3634 2132 παρά

2048 2157 2126 2227 τῷ
2155 2156 2347 2228 Πατρὶ,
2379 2156 2589 2209 καὶτὸν
2635 2157 2693 2209 ὲν
2736 2155 2855 2227 Θεῷ
2887 2155 3140 2218 πλοῦτον,
3178 2153 3449 2226 θησαυρὸν
3492 2153 3633 2208 ὄντα

2048 2248 2247 2312 παντὸς
2274 2248 2501 2318 ἀγαθοῦ.

2129 2340 2192 2394 Ἡ
2237 2340 2293 2393 δὲ
2329 2339 2467 2410 μετὰ
2499 2338 2703 2411 ταύτην
2735 2339 2823 2393 διὰ
2867 2339 2961 2393 τοῦ
3015 2338 3352 2411 μαργαρίτου
3394 2336 3634 2391 αἰνίττε-

2046 2432 2170 2486 σθαί
2200 2449 2290 2503 μοι
2321 2432 2470 2485 δοκεῖ
2501 2431 2564 2485 τὸ
2607 2434 2932 2501 τιμιώτερον
2981 2430 3074 2483 τοῦ
3108 2429 3436 2502 δηλωθέντος
3462 2426 3634 2481 πλού-

2043 2541 2157 2577 του.
2215 2523 2315 2595 Εῐη
2358 2522 2402 2576 δ’
2438 2521 2504 2576 ἂν
2552 2521 2808 2593 ήθεότης
2856 2521 2994 2593 αὑτὴ
3050 2521 3143 2575 τοῦ
3184 2518 3538 2588 Μονογενοῦς,
3594 2520 3630 2589 ἡ

2044 2617 2261 2670 πάντων
2283 2615 2393 2669 τῶν
2422 2618 2479 2669 έν
2511 2613 2590 2685 τῷ
2616 2614 2933 2669 ἀποδοθέντι
2967 2613 3225 2685 θησαυρῷ
3264 2611 3632 2682 τεταμιευμέ-

2040 2726 2146 2762 νων
2174 2708 2497 2780 τιμιωτέρα,
2527 2708 2594 2779 ἦν
2631 2710 2662 2761 ό
2700 2708 3042 2780 κτησάμενος
3082 2707 3183 2776 τῆς
3225 2706 3486 2759 ἀνωτάτω
3516 2720 3632 2774 μα-

2040 2800 2365 2872 καριότητος
2392 2799 2640 2868 ἠξίωται.
2692 2800 3057 2872 Μαργαρίτης
3103 2800 3161 2875 δὲ
3204 2797 3628 2869 ὼνόμασταιει·

2040 2891 2211 2954 κότως
2238 2892 2267 2944 ὁ
2300 2890 2605 2960 σαρκωθεὶς
2655 2891 2788 2955 θεὸς
2826 2891 3027 2960 Λόγος·
3057 2891 3179 2944 ἐπεὶ
3205 2890 3297 2943 καὶ
3328 2890 3358 2941 ὁ
3405 2904 3631 2959 μαργα-

2040 2986 2194 3058 ρίτης
2221 2984 2478 3049 τοιοῦτος,
2518 2985 2574 3037 ὲν
2600 2986 2763 3057 σαρκὶ
2799 2984 2899 3056 μὲν
2931 2984 3026 3038 καὶ
3069 2985 3126 3037 ὲν
3158 2983 3368 3054 ὀστρέῳ
3416 2982 3511 3034 καὶ¹
3562 2983 3629 3035 ὲν

2037 3079 2227 3149 ὑγροῖς
2253 3076 2613 3148 γεννώμενος,
2647 3077 2829 3148 τίμιον
2851 3076 2909 3131 δέ
2952 3094 3004 3130 τι
3039 3076 3249 3147 χρῆμα,
3279 3075 3373 3127 καὶ¹
3399 3075 3628 3145 πάντων

2034 3169 2141 3222 τῶν
2171 3171 2228 3221 ἐν
2255 3170 2440 3239 ὑγροῖς
2473 3168 2740 3239 σωμάτων
2767 3167 3194 3239 τιμαλφέστερον
3219 3183 3232 3195 -
3288 3165 3434 3217 ἔοικε
3486 3162 3625 3230 γοῦν

2034 3256 2173 3314 εἶναι
2201 3263 2264 3331 τῇ
2300 3259 2458 3329 φύσει
2489 3259 2648 3330 σῶμα
2671 3259 2856 3331 ὑγρὸν,
2879 3258 3120 3327 διαυγὲς,
3155 3256 3410 3318 θεοειδὲς,
3439 3256 3628 3324 φωτὸς

354 3342 508 3382 num.
559 3328 652 3383 Sic
682 3331 845 3384 etiam
877 3332 1216 3387 incarnatum
1253 3334 1488 3389 Verbum
1514 3335 1694 3390 lumen
1725 3338 1933 3395 intelle-

2041 3355 2131 3407 καὶ
2158 3328 2469 3423 πνεύματος
2493 3328 2682 3422 γέμον.
2736 3328 2837 3422 litt}
2873 3351 2918 3404 δ’
2951 3350 3017 3405 ἂν
3041 3350 3135 3403 καὶ
3167 3347 3472 3421 σαρκωθεὶς
3514 3348 3627 3400 Δό-

352 3419 533 3473 ctuale
564 3430 671 3486 est,
703 3422 768 3476 de
804 3423 1017 3477 mortali
1053 3424 1382 3495 humidoque
1411 3442 1641 3499 corpore
1663 3432 1926 3489 emicans.

351 3508 471 3565 Jam
497 3525 619 3567 cum
656 3514 775 3569 alia:
810 3516 992 3571 multae
1024 3519 1337 3574 exstiterint
1384 3523 1692 3591 margaritae
1728 3535 1929 3581 sancite

353 3600 572 3671 Deoque
623 3616 811 3673 graue,
852 3608 1133 3679 propheta:
1169 3610 1419 3667 videlicet
1459 3612 1700 3684 justiqne
1747 3618 1926 3672 homi-

359 3704 477 3758 nes,
506 3697 600 3763 qui
624 3705 679 3749 et
703 3696 803 3764 ipsi
837 3712 1001 3754 carne
1028 3701 1313 3771 constipati
1367 3714 1527 3760 erant
1556 3717 1778 3776 propter
1805 3723 1928 3764 car-

346 3796 507 3838 neant
546 3786 823 3842 hominum
881 3790 1069 3859 vitam,
1103 3807 1261 3848 nemo
1288 3793 1429 3851 alius
1455 3836 1471 3861 ,
1533 3811 1730 3868 praeter
1779 3801 1927 3857 hunc

347 3874 545 3941 solum,
586 3892 714 3932 vere
749 3881 1082 3951 unigenitus,
1119 3883 1590 3953 splendidissimus
1619 3905 1685 3944 ac
1724 3892 1927 3960 pretio-

347 3967 596 4023 sissimus
631 3969 881 4028 inventus
902 3983 1004 4029 est.
1040 3975 1194 4031 Adeo
1228 3984 1286 4030 ut
1330 3976 1499 4034 Isaias
1526 3997 1742 4051 quoque
1766 3985 1834 4040 de
1858 3998 1923 4041 eo

343 4061 674 4117 vaticinatus
707 4061 873 4119 fuerit
917 4064 1104 4122 dicens
1135 4083 1150 4121 :
1182 4065 1317 4122 Ecce
1363 4088 1499 4137 pono
1534 4074 1588 4127 in
1628 4073 1761 4128 Sion
1793 4076 1927 4144 lapi-

343 4152 463 4205 dcttt
483 4154 792 4222 pretiosum,
823 4156 1064 4225 electum,
1099 4161 1426 4230 angularem,
1454 4164 1848 4234 honor-nbilam;
1872 4177 1923 4224 et

343 4244 436 4313 qui
481 4248 760 4302 crediderit
816 4249 873 4303 in
925 4268 1081 4316 eum,
1154 4269 1259 4307 non
1313 4258 1662 4326 confundetur
1711 4259 1751 4314 ’.
1817 4260 1921 4328 Qui

345 4350 477 4407 ergo
523 4353 691 4407 regno
735 4340 998 4397 caelorum
1032 4343 1229 4414 dignus
1274 4345 1488 4402 futurus
1515 4358 1630 4413 est,
1661 4351 1923 4418 praeclare

2030 3463 2125 3514 γος
2150 3445 2406 3511 τοιοῦτος,
2432 3443 2547 3512 φῶς
2579 3443 2763 3513 νοερὸν
2805 3442 2894 3496 διὰ
2928 3441 3121 3512 θνητοῦ
3169 3440 3264 3495 καὶ
3296 3438 3472 3511 ὑγροῦ
3505 3438 3622 3492 σὼ-

2032 3554 2200 3609 ματος
2230 3535 2537 3607 ὲκλάμψαν.
2574 3535 2795 3589 Πολλῶν
2836 3551 2900 3603 γε
2938 3536 3045 3606 μὴν
3074 3534 3172 3587 καὶ
3202 3532 3378 3588 ἄλλων
3401 3549 3624 3603 μαργα-

2030 3629 2191 3701 ριτῶν
2228 3628 2397 3683 ὄντων
2428 3628 2599 3696 ἀγίων
2632 3627 2728 3681 καὶ¹
2766 3627 3048 3697 θεοφιλῶν,
3085 3625 3381 3697 προφητῶν
3425 3641 3487 3678 τε
3522 3626 3623 3678 καὶ

2023 3720 2248 3773 δικαίων
2281 3719 2512 3792 ἀνδρῶν,
2549 3720 2644 3773 καὶ
2674 3718 2853 3773 αὐτῶν
2903 3719 2963 3771 ὲν
3013 3718 3179 3790 σαρκὶ
3221 3716 3620 3787 πεπιλημένων

2023 3812 2110 3866 διὰ
2133 3813 2224 3865 τὸν
2250 3811 2512 3884 ἑνσαρκον
2538 3811 2649 3865 τῶν
2670 3809 2973 3883 ἀνθρώπων
3012 3810 3145 3879 βίον,
3172 3810 3347 3872 οὐδεὶς
3368 3810 3558 3880 ἕτερος
3577 3810 3615 3880 ἢ

2029 3905 2189 3976 μόνος
2213 3902 2296 3969 εἷς
2320 3898 2477 3969 οὗτος
2515 3903 2733 3976 ἀληθῶς
2774 3903 3066 3975 μονογενὴς
3112 3902 3210 3957 καὶ
3257 3901 3618 3972 πολυφεγγὴς

2022 3998 2116 4050 καὶ
2161 3996 2457 4068 πολύτιμος
2485 3996 2717 4068 εὓρηται
2739 4012 2753 4026 ·
2821 3994 2898 4058 ὡς
2952 3994 3048 4049 καὶ
3084 3994 3310 4048 Ἡσαΐαν
3352 3993 3617 4048 θεσπίσαι

2026 4087 2156 4158 περὶ
2185 4085 2349 4140 αὑτοῦ
2381 4087 2474 4140 καὶ
2495 4088 2671 4140 εἰπεῖν
2692 4101 2708 4120 ο
2753 4084 2900 4139 Ἰδοὺ
2927 4086 3127 4154 τίθημι
3150 4084 3222 4137 ἐν
3249 4083 3405 4138 Σιὼν
3430 4086 3619 4139 λίθον

2021 4176 2352 4246 πολυτελῆ,
2385 4176 2699 4240 ἐκλεκτόν,
2729 4174 3172 4245 ἀκρογωνιαῖον,
3199 4174 3442 4246 ἔντιμον
3462 4192 3477 4205 ·
3508 4175 3617 4229 καὶ

2023 4269 2057 4320 ό
2090 4267 2392 4320 πιστεύων
2436 4269 2525 4333 εἰς
2564 4267 2754 4321 αὐτὸν
2777 4267 2852 4320 οὐ
2887 4265 3497 4334 καταισχυνθήσεται.
3547 4266 3615 4320 '0

2019 4358 2085 4430 δὴ
2116 4355 2210 4413 οὖν
2256 4359 2463 4430 μέλλων
2485 4360 2585 4431 τῆς
2609 4359 2889 4430 βασιλείας
2920 4358 3029 4412 τῶν
3049 4358 3293 4426 οὐρανῶν
3312 4358 3614 4423 καταξιοίἱ-

343 4444 691 4502 comparatur
723 4436 1011 4489 mercatori
1062 4438 1215 4506 viro,
1274 4441 1353 4495 rei
1382 4439 1539 4496 bona:
1577 4447 1823 4503 studioso
1864 4456 1920 4504 et

2041 4449 2148 4504 ςθαι
2182 4451 2478 4522 προσφυῶς
2510 4451 2923 4526 παραϐέϐληται
2967 4452 3196 4523 ἐμπόρῳ
3248 4452 3405 4524 ἀνδρὶ
3450 4453 3612 4522 φιλο-

342 4524 538 4593 perito,
571 4537 626 4581 et
673 4526 966 4582 multarum
1011 4530 1382 4587 doctrinarum
1431 4535 1787 4606 exploratori,
1822 4543 1916 4611 qui

2041 4542 2170 4613 ιάλῳ
2196 4543 2302 4596 τινὶ
2324 4543 2420 4597 καὶ
2452 4524 2743 4615 φιλομαθεῖ
2772 4546 2867 4598 καὶ
2892 4545 3153 4599 ποικίλων
3181 4546 3486 4616 δοκιμαστῇ
3517 4547 3614 4601 λό-

341 4615 673 4673 circumiens
703 4618 901 4675 multas
933 4623 1135 4691 reperit
1185 4625 1530 4693 margaritas,
1574 4633 1915 4690 omnimodas

2041 4649 2152 4699 των,
2197 4634 2256 4699 ὃς
2282 4635 2508 4706 περιιὼν
2537 4634 2769 4698 πολλοὺς
2826 4636 2927 4707 μὲν
2977 4637 3175 4709 ἀνεῦρε
3234 4615 3606 4709 μαργαρίτας,

339 4718 536 4777 nempe
580 4717 896 4765 sanctorum
944 4711 1223 4767 hominum
1256 4714 1479 4770 classes.
1528 4719 1636 4773 Sed
1675 4723 1912 4790 pretiosa

2041 4689 2303 4790 ταντοίους
2332 4689 2389 4779 ἐν
2412 4726 2722 4799 ἀνθρώποις
2747 4689 2946 4797 -ἀγιίους
2961 4689 3161 4794 ’τέλος
3184 4689 3246 4783 δέ
3260 4689 3608 4784 voveat;th

344 4799 433 4855 illa
482 4817 695 4874 gemma
741 4807 980 4873 inventa,
1030 4823 1189 4874 quam
1221 4808 1455 4865 Verbum
1505 4813 1720 4877 obtulit,
1771 4815 1911 4871 hanc

2041 4836 2121 4871 ιον
2149 4818 2345 4889 εὑρὼν,
2376 4820 2436 4873 δν
2476 4822 2505 4873 ὁ
2531 4822 2704 4890 Λόγος
2762 4824 3166 4893 παρεστήσατο,
3220 4823 3441 4876 πάντων
3490 4824 3606 4877 τῶν

337 4907 461 4946 cum
488 4896 739 4950 omnibus
755 4899 855 4951 sibi
874 4910 1031 4953 antea
1060 4902 1350 4968 compertis
1373 4906 1742 4970 commutavit,
1767 4906 1908 4960 idem

2041 4910 2282 4982 πρότερον
2327 4912 2476 4981 αὑτῷ
2524 4914 2945 4985 πεπορισμένων
2975 4914 3165 4969 τοῦτον
3201 4916 3602 4988 ἀντικατηλλά-

337 4982 544 5040 faciens
574 4976 717 5055 quod
758 4988 906 5056 prior
944 4989 1031 5044 ille
1059 4990 1170 5058 (qui
1199 5006 1384 5062 agrum
1415 4993 1504 5047 ubi
1543 4994 1740 5050 latebat
1790 4997 1908 5052 the-

2041 4976 2162 5064 ξατο,
2185 4976 2379 5055 ταυτὸν
2402 4976 2481 5073 τῶ
2512 4976 3002 5077 προτέρῳ-πράξας
3053 5008 3119 5076 (ό
3145 5009 3324 5062 πάντα
3355 4976 3466 5064 ὅσα¹
3483 5007 3600 5083 εἶχε

335 5091 531 5133 saurus
560 5080 793 5135 venditis
818 5083 1027 5135 cunctis
1054 5085 1439 5156 comparavit).
1467 5087 1642 5154 Atque
1669 5088 1782 5144 haec
1805 5090 1911 5143 erit

2041 5092 2294 5165 πωλήσας,
2351 5096 2446 5148 καὶ
2491 5096 2769 5168 ἀγοράσας
2818 5098 2911 5151 τὸν
2959 5100 3130 5171 ἀγρὸν
3181 5103 3431 5173 ἐκεῖνον).
3486 5080 3602 5158 Kc!

335 5182 561 5224 summa:
583 5171 858 5227 beatitatis
883 5175 1132 5241 coronis,
1162 5189 1354 5245 nempe
1392 5178 1435 5231 si
1475 5179 1711 5246 pretiosa
1756 5195 1905 5234 mar-

2041 5184 2156 5238 οὔτ’
2198 5185 2266 5240 ἂν
2293 5188 2378 5259 εἴη
2404 5188 2557 5252 τέλος
2594 5190 2696 5260 τῆς
2739 5189 2917 5261 ἄκρας
2952 5193 3376 5264 μακαριότητος,
3405 5196 3470 5249 τὺ
3498 5213 3602 5251 κα-

335 5260 507 5327 garita
546 5263 887 5330 ornahimur,
940 5265 993 5319 id
1040 5276 1122 5321 est
1164 5268 1369 5323 lumine
1401 5270 1707 5325 divinitatis
1741 5270 1902 5327 Verbi

2041 5276 2417 5349 ακοσμηθῆναι
2444 5278 2522 5349 τῷ
2551 5260 2901 5352 πολυτιμήτω
2930 5260 3263 5356 μαργαρίτῃ,
3291 5286 3491 5358 δηλαδὴ
3516 5287 3598 5360 τῷ

333 5350 617 5418 uuigeniti.
648 5352 867 5435 Initium
900 5355 1101 5427 quippe
1129 5357 1230 5413 fuit
1253 5375 1472 5426 semen;
1505 5361 1697 5417 deinde
1723 5361 1906 5418 fructi-

2041 5366 2151 5419 ;ωτὶ
2183 5368 2283 5438 τῆς
2321 5368 2573 5440 θεότητος
2602 5369 2698 5423 τοῦ
3085 5350 3288 5445 Kays-L-
3315 5350 3460 5449 ἀρχὴ

332 5437 545 5496 ﬁcanti:
591 5428 852 5500 frumenti
900 5449 1259 5517 germinatio;
1313 5452 1529 5507 tertium
1586 5453 1845 5511 discretio
1873 5472 1904 5510 a

2041 5460 2122 5533 ’ἀρ
2308 5428 2507 5533 σπόρος
2528 5428 2567 5495 ο-
2603 5458 2700 5517 εἶτ⁹
2738 5428 2979 5532 έπίδόσις
3018 5428 3118 5538 τῆς

401 5548 445 5580 ⁸·
471 5547 664 5609 Matth.
695 5569 830 5622 xm,
862 5555 951 5611 '55.
1028 5559 1047 5589 "
1090 5559 1221 5615 ibid.
1251 5560 1343 5615 Η.
1417 5562 1439 5594 ⁸
1483 5562 1612 5618 ibid.
1644 5565 1735 5619 45.
1812 5568 1834 5599 ⁸
1872 5566 1934 5624 Is:

2041 5586 2219 5637 txvm,
2259 5572 2348 5628 i6.

406 5639 536 5723 (6i_)_
561 5642 660 5699 Hic
688 5660 906 5723 quoque
950 5666 980 5705 a
1022 5652 1168 5708 Luca
1196 5666 1455 5723 provocat
1492 5660 1558 5713 ad
1588 5659 1899 5717 Mattltteum

525 5667 660 5752 intre
688 5667 928 5752 quoque
950 5667 980 5705 a
1024 5667 1168 5752 tiu‘ca
1194 5667 1455 5752 provocat
1480 5667 1561 5752 Iad'
1588 5667 1899 5752 Ila-lllta-llm
2013 5667 2323 5752 rectissime
2352 5668 2470 5725 ﬁeri
2497 5674 2672 5752 potuit
2698 5676 2768 5727 ah
2799 5691 2865 5733 eo
2897 5676 2990 5748 qui
3022 5677 3077 5735 in
3105 5679 3589 5752 tetraevangelitmt

341 5708 608 5768 Eusebius
694 5708 839 5785 quod
864 5734 986 5775 cum
1045 5738 1141 5792 per
1194 5708 1902 5800 Ee’uoii'oét'te'éé't'T'tiiE

2011 5735 2241 5797 fortasse
2274 5735 2765 5801 commentabatur.
