  <div class='ocr_page' id='page_1' title='image "/cluster/home/n/w/nwhite01/storage/ocr_20150623/24/nnc1.0046978259/312.png"; bbox 0 0 3858 6214; ppageno 0'>
   <div class='ocr_carea' id='block_1_1' title="bbox 125 305 228 361">
    <p class='ocr_par' dir='ltr' id='par_1_1' title="bbox 125 305 228 361">
     <span class='ocr_line' id='line_1_1' title="bbox 125 305 228 361; baseline 0.029 -3"><span class='ocrx_word' id='word_1_1' title='bbox 125 305 228 361; x_wconf 69' lang='grc' dir='ltr'><strong>ὃίῖθ</strong></span> 
     </span>
    </p>
   </div>
   <div class='ocr_carea' id='block_1_2' title="bbox 1269 303 2178 364">
    <p class='ocr_par' dir='ltr' id='par_1_2' title="bbox 1269 303 2178 364">
     <span class='ocr_line' id='line_1_2' title="bbox 1269 303 2178 364; baseline 0 -4"><span class='ocrx_word' id='word_1_2' title='bbox 1269 303 1774 361; x_wconf 61' lang='grc' dir='ltr'><strong>εθΜΜΕΝΤΑΜΑ</strong></span> <span class='ocrx_word' id='word_1_3' title='bbox 1814 304 1882 360; x_wconf 83' lang='lat' dir='ltr'><strong>IN</strong></span> <span class='ocrx_word' id='word_1_4' title='bbox 1919 305 2178 364; x_wconf 79' lang='lat' dir='ltr'><strong>LUCA—M.</strong></span> 
     </span>
    </p>
   </div>
   <div class='ocr_carea' id='block_1_3' title="bbox 3267 312 3374 369">
    <p class='ocr_par' dir='ltr' id='par_1_3' title="bbox 3267 312 3374 369">
     <span class='ocr_line' id='line_1_3' title="bbox 3267 312 3374 369; baseline 0 -1"><span class='ocrx_word' id='word_1_5' title='bbox 3267 312 3374 369; x_wconf 77' lang='lat'><strong>570</strong></span> 
     </span>
    </p>
   </div>
   <div class='ocr_carea' id='block_1_4' title="bbox 123 422 1708 499">
    <p class='ocr_par' dir='ltr' id='par_1_4' title="bbox 123 422 1702 499">
     <span class='ocr_line' id='line_1_4' title="bbox 123 422 1702 499; baseline 0.001 -21"><span class='ocrx_word' id='word_1_6' title='bbox 123 422 399 494; x_wconf 68' lang='grc' dir='ltr'>ποερορίας</span> <span class='ocrx_word' id='word_1_7' title='bbox 418 439 432 452; x_wconf 90' lang='grc'>·</span> <span class='ocrx_word' id='word_1_8' title='bbox 464 424 560 478; x_wconf 77' lang='grc' dir='ltr'>καὶ</span> <span class='ocrx_word' id='word_1_9' title='bbox 590 424 772 495; x_wconf 83' lang='grc' dir='ltr'>τρίτον</span> <span class='ocrx_word' id='word_1_10' title='bbox 805 426 838 496; x_wconf 82' lang='grc' dir='ltr'><strong>ή</strong></span> <span class='ocrx_word' id='word_1_11' title='bbox 867 424 976 479; x_wconf 75' lang='grc' dir='ltr'><strong>ἀπὸ</strong></span> <span class='ocrx_word' id='word_1_12' title='bbox 993 425 1101 480; x_wconf 87' lang='grc' dir='ltr'><strong>τῶν</strong></span> <span class='ocrx_word' id='word_1_13' title='bbox 1125 424 1382 491; x_wconf 80' lang='grc' dir='ltr'><strong>ζιζανίων</strong></span> <span class='ocrx_word' id='word_1_14' title='bbox 1402 427 1671 499; x_wconf 74' lang='grc' dir='ltr'>διάκρισις</span> <span class='ocrx_word' id='word_1_15' title='bbox 1688 443 1702 457; x_wconf 77' lang='grc' dir='ltr'><strong><em>ο</em></strong></span> 
     </span>
    </p>
   </div>
   <div class='ocr_carea' id='block_1_5' title="bbox 1811 422 3371 499">
    <p class='ocr_par' dir='ltr' id='par_1_5' title="bbox 1811 426 3371 498">
     <span class='ocr_line' id='line_1_5' title="bbox 1811 426 3371 498; baseline 0.003 -16"><span class='ocrx_word' id='word_1_16' title='bbox 1811 427 2067 493; x_wconf 84' lang='lat' dir='ltr'><strong>zizaniis;</strong></span> <span class='ocrx_word' id='word_1_17' title='bbox 2127 436 2380 497; x_wconf 86' lang='lat' dir='ltr'><strong>quartum</strong></span> <span class='ocrx_word' id='word_1_18' title='bbox 2436 426 2660 482; x_wconf 82' lang='lat' dir='ltr'><strong>seminis</strong></span> <span class='ocrx_word' id='word_1_19' title='bbox 2708 427 2762 482; x_wconf 88' lang='lat' dir='ltr'><strong>in</strong></span> <span class='ocrx_word' id='word_1_20' title='bbox 2815 443 3066 498; x_wconf 84' lang='lat' dir='ltr'><strong>magnam</strong></span> <span class='ocrx_word' id='word_1_21' title='bbox 3121 429 3371 486; x_wconf 75' lang='lat' dir='ltr'><strong>arborem</strong></span> 
     </span>
    </p>
   </div>
   <div class='ocr_carea' id='block_1_6' title="bbox 120 517 1710 591">
    <p class='ocr_par' dir='ltr' id='par_1_6' title="bbox 120 517 1710 591">
     <span class='ocr_line' id='line_1_6' title="bbox 120 517 1710 591; baseline 0.001 -22"><span class='ocrx_word' id='word_1_22' title='bbox 120 518 440 588; x_wconf 82' lang='grc' dir='ltr'>τέταρτονή</span> <span class='ocrx_word' id='word_1_23' title='bbox 470 518 564 571; x_wconf 75' lang='grc' dir='ltr'><strong>ἐπὶ</strong></span> <span class='ocrx_word' id='word_1_24' title='bbox 595 517 735 585; x_wconf 84' lang='grc' dir='ltr'><strong>μέγα</strong></span> <span class='ocrx_word' id='word_1_25' title='bbox 783 517 997 589; x_wconf 79' lang='grc' dir='ltr'><strong>δένδρον</strong></span> <span class='ocrx_word' id='word_1_26' title='bbox 1021 517 1113 571; x_wconf 87' lang='grc' dir='ltr'>τοῦ</span> <span class='ocrx_word' id='word_1_27' title='bbox 1150 518 1350 590; x_wconf 81' lang='grc' dir='ltr'><strong>σπόρου</strong></span> <span class='ocrx_word' id='word_1_28' title='bbox 1383 520 1519 591; x_wconf 75' lang='grc' dir='ltr'>φυήο</span> <span class='ocrx_word' id='word_1_29' title='bbox 1570 518 1710 590; x_wconf 87' lang='grc' dir='ltr'>πέμ-</span> 
     </span>
    </p>
   </div>
   <div class='ocr_carea' id='block_1_7' title="bbox 123 606 1707 679">
    <p class='ocr_par' dir='ltr' id='par_1_7' title="bbox 123 606 1707 679">
     <span class='ocr_line' id='line_1_7' title="bbox 123 606 1707 679; baseline 0.003 -20"><span class='ocrx_word' id='word_1_30' title='bbox 123 624 260 660; x_wconf 86' lang='grc' dir='ltr'>πτον</span> <span class='ocrx_word' id='word_1_31' title='bbox 288 610 321 677; x_wconf 81' lang='grc' dir='ltr'><strong>ἡ</strong></span> <span class='ocrx_word' id='word_1_32' title='bbox 348 607 438 660; x_wconf 84' lang='grc' dir='ltr'>διὰ</span> <span class='ocrx_word' id='word_1_33' title='bbox 465 606 561 660; x_wconf 82' lang='grc' dir='ltr'>τοῦ</span> <span class='ocrx_word' id='word_1_34' title='bbox 594 607 750 675; x_wconf 88' lang='grc' dir='ltr'>άγίου</span> <span class='ocrx_word' id='word_1_35' title='bbox 800 607 1118 678; x_wconf 88' lang='grc' dir='ltr'>Πνεύματος</span> <span class='ocrx_word' id='word_1_36' title='bbox 1149 607 1424 679; x_wconf 49' lang='grc' dir='ltr'>ζύμωσις</span> <span class='ocrx_word' id='word_1_37' title='bbox 1477 609 1634 662; x_wconf 76' lang='grc' dir='ltr'>ἕκτον</span> <span class='ocrx_word' id='word_1_38' title='bbox 1678 611 1707 664; x_wconf 87' lang='grc' dir='ltr'><strong>ό</strong></span> 
     </span>
    </p>
   </div>
   <div class='ocr_carea' id='block_1_8' title="bbox 123 698 1708 771">
    <p class='ocr_par' dir='ltr' id='par_1_8' title="bbox 123 698 1708 771">
     <span class='ocr_line' id='line_1_8' title="bbox 123 698 1708 771; baseline 0.002 -21"><span class='ocrx_word' id='word_1_39' title='bbox 123 698 404 769; x_wconf 83' lang='grc' dir='ltr'>θησαυρὸς</span> <span class='ocrx_word' id='word_1_40' title='bbox 434 698 542 751; x_wconf 87' lang='grc' dir='ltr'><strong>τῶν</strong></span> <span class='ocrx_word' id='word_1_41' title='bbox 574 698 840 769; x_wconf 80' lang='grc' dir='ltr'><strong>οὐρανίων</strong></span> <span class='ocrx_word' id='word_1_42' title='bbox 872 699 1211 767; x_wconf 75' lang='grc' dir='ltr'><strong>ἐπαγγελιῶν</strong></span> <span class='ocrx_word' id='word_1_43' title='bbox 1237 716 1251 729; x_wconf 73' lang='grc'><strong>⁸</strong></span> <span class='ocrx_word' id='word_1_44' title='bbox 1302 699 1526 771; x_wconf 73' lang='grc' dir='ltr'>ἕϐδομον</span> <span class='ocrx_word' id='word_1_45' title='bbox 1553 703 1584 771; x_wconf 81' lang='grc' dir='ltr'>ἠ</span> <span class='ocrx_word' id='word_1_46' title='bbox 1612 700 1708 753; x_wconf 82' lang='grc' dir='ltr'>αύ-</span> 
     </span>
    </p>
   </div>
   <div class='ocr_carea' id='block_1_9' title="bbox 120 784 1706 862">
    <p class='ocr_par' dir='ltr' id='par_1_9' title="bbox 120 784 1706 862">
     <span class='ocr_line' id='line_1_9' title="bbox 120 784 1706 862; baseline 0.001 -20"><span class='ocrx_word' id='word_1_47' title='bbox 120 790 220 843; x_wconf 81' lang='grc' dir='ltr'><strong>τοῦ</strong></span> <span class='ocrx_word' id='word_1_48' title='bbox 250 791 445 861; x_wconf 81' lang='grc' dir='ltr'>κτῆσις</span> <span class='ocrx_word' id='word_1_49' title='bbox 480 790 576 844; x_wconf 82' lang='grc' dir='ltr'><strong>τοῦ</strong></span> <span class='ocrx_word' id='word_1_50' title='bbox 597 790 731 844; x_wconf 82' lang='grc' dir='ltr'>Θεοῦ</span> <span class='ocrx_word' id='word_1_51' title='bbox 760 792 957 859; x_wconf 84' lang='grc' dir='ltr'><strong>Λόγου,</strong></span> <span class='ocrx_word' id='word_1_52' title='bbox 982 793 1040 843; x_wconf 84' lang='grc' dir='ltr'>ὲν</span> <span class='ocrx_word' id='word_1_53' title='bbox 1140 792 1248 855; x_wconf 82' lang='grc' dir='ltr'><strong>πᾶς</strong></span> <span class='ocrx_word' id='word_1_54' title='bbox 1280 795 1706 862; x_wconf 84' lang='grc' dir='ltr'>κατακοσμεῖται</span> 
     </span>
    </p>
   </div>
   <div class='ocr_carea' id='block_1_10' title="bbox 122 881 1190 954">
    <p class='ocr_par' dir='ltr' id='par_1_10' title="bbox 122 881 1190 954">
     <span class='ocr_line' id='line_1_10' title="bbox 122 881 1190 954; baseline 0.002 -21"><span class='ocrx_word' id='word_1_55' title='bbox 122 883 151 933; x_wconf 89' lang='grc' dir='ltr'>ὁ</span> <span class='ocrx_word' id='word_1_56' title='bbox 183 882 288 952; x_wconf 81' lang='grc' dir='ltr'>τῆς</span> <span class='ocrx_word' id='word_1_57' title='bbox 316 881 591 951; x_wconf 82' lang='grc' dir='ltr'>βασιλείας</span> <span class='ocrx_word' id='word_1_58' title='bbox 620 881 727 935; x_wconf 86' lang='grc' dir='ltr'><strong>τῶν</strong></span> <span class='ocrx_word' id='word_1_59' title='bbox 750 882 993 954; x_wconf 80' lang='grc' dir='ltr'>οὐρανῶν</span> <span class='ocrx_word' id='word_1_60' title='bbox 1022 881 1190 948; x_wconf 75' lang='grc' dir='ltr'>ἄξιος.</span> 
     </span>
    </p>
   </div>
   <div class='ocr_carea' id='block_1_11' title="bbox 195 992 1707 1064">
    <p class='ocr_par' dir='ltr' id='par_1_11' title="bbox 195 992 1707 1064">
     <span class='ocr_line' id='line_1_11' title="bbox 195 992 1707 1064; baseline -0.001 -17"><span class='ocrx_word' id='word_1_61' title='bbox 195 993 384 1047; x_wconf 82' lang='grc' dir='ltr'>Ταῦτα</span> <span class='ocrx_word' id='word_1_62' title='bbox 403 993 461 1047; x_wconf 78' lang='grc' dir='ltr'>δὲ</span> <span class='ocrx_word' id='word_1_63' title='bbox 494 994 600 1064; x_wconf 87' lang='grc' dir='ltr'>πρὸ</span> <span class='ocrx_word' id='word_1_64' title='bbox 628 992 732 1045; x_wconf 87' lang='grc' dir='ltr'><strong>τῶν</strong></span> <span class='ocrx_word' id='word_1_65' title='bbox 765 992 941 1063; x_wconf 76' lang='grc' dir='ltr'>ἔργων</span> <span class='ocrx_word' id='word_1_66' title='bbox 968 995 1291 1062; x_wconf 81' lang='grc' dir='ltr'>ἁνεφωνεῖτο</span> <span class='ocrx_word' id='word_1_67' title='bbox 1308 1009 1321 1022; x_wconf 87' lang='grc'><strong>·</strong></span> <span class='ocrx_word' id='word_1_68' title='bbox 1355 992 1707 1064; x_wconf 83' lang='grc' dir='ltr'>προλέγοντος</span> 
     </span>
    </p>
   </div>
   <div class='ocr_carea' id='block_1_12' title="bbox 122 1083 1708 1156">
    <p class='ocr_par' dir='ltr' id='par_1_12' title="bbox 122 1083 1708 1156">
     <span class='ocr_line' id='line_1_12' title="bbox 122 1083 1708 1156; baseline -0.002 -17"><span class='ocrx_word' id='word_1_69' title='bbox 122 1088 193 1140; x_wconf 72' lang='grc' dir='ltr'>τὰ</span> <span class='ocrx_word' id='word_1_70' title='bbox 230 1086 493 1156; x_wconf 81' lang='grc' dir='ltr'>μέλλοντα</span> <span class='ocrx_word' id='word_1_71' title='bbox 523 1084 739 1137; x_wconf 76' lang='grc' dir='ltr'>ἔσεσθαι</span> <span class='ocrx_word' id='word_1_72' title='bbox 765 1084 859 1137; x_wconf 81' lang='grc' dir='ltr'>τοῦ</span> <span class='ocrx_word' id='word_1_73' title='bbox 912 1085 1182 1155; x_wconf 82' lang='grc' dir='ltr'><strong>Σωτῆρος,</strong></span> <span class='ocrx_word' id='word_1_74' title='bbox 1221 1083 1257 1137; x_wconf 77' lang='grc' dir='ltr'>ἃ</span> <span class='ocrx_word' id='word_1_75' title='bbox 1306 1083 1368 1155; x_wconf 87' lang='grc' dir='ltr'>δὴ</span> <span class='ocrx_word' id='word_1_76' title='bbox 1403 1084 1496 1136; x_wconf 81' lang='grc' dir='ltr'>καὶ</span> <span class='ocrx_word' id='word_1_77' title='bbox 1520 1083 1708 1146; x_wconf 81' lang='grc' dir='ltr'><strong>τέλους</strong></span> 
     </span>
    </p>
   </div>
   <div class='ocr_carea' id='block_1_13' title="bbox 122 1174 1706 1248">
    <p class='ocr_par' dir='ltr' id='par_1_13' title="bbox 122 1174 1706 1248">
     <span class='ocr_line' id='line_1_13' title="bbox 122 1174 1706 1248; baseline -0.003 -17"><span class='ocrx_word' id='word_1_78' title='bbox 122 1180 228 1231; x_wconf 75' lang='grc' dir='ltr'>οὐκ</span> <span class='ocrx_word' id='word_1_79' title='bbox 256 1179 339 1240; x_wconf 82' lang='grc' dir='ltr'><strong>εἰς</strong></span> <span class='ocrx_word' id='word_1_80' title='bbox 371 1175 581 1248; x_wconf 76' lang='grc' dir='ltr'>μακρὸν</span> <span class='ocrx_word' id='word_1_81' title='bbox 608 1175 887 1246; x_wconf 79' lang='grc' dir='ltr'>ἐτύγχανε,</span> <span class='ocrx_word' id='word_1_82' title='bbox 912 1175 1051 1228; x_wconf 85' lang='grc' dir='ltr'>ὥστε</span> <span class='ocrx_word' id='word_1_83' title='bbox 1094 1175 1209 1246; x_wconf 83' lang='grc' dir='ltr'>μετ’</span> <span class='ocrx_word' id='word_1_84' title='bbox 1237 1175 1298 1227; x_wconf 82' lang='grc' dir='ltr'><strong>ού</strong></span> <span class='ocrx_word' id='word_1_85' title='bbox 1330 1174 1495 1228; x_wconf 80' lang='grc' dir='ltr'>πολὺν</span> <span class='ocrx_word' id='word_1_86' title='bbox 1520 1175 1706 1246; x_wconf 87' lang='grc' dir='ltr'>χρόνον</span> 
     </span>
    </p>
   </div>
   <div class='ocr_carea' id='block_1_14' title="bbox 122 1263 1703 1337">
    <p class='ocr_par' dir='ltr' id='par_1_14' title="bbox 122 1263 1703 1337">
     <span class='ocr_line' id='line_1_14' title="bbox 122 1263 1703 1337; baseline -0.003 -17"><span class='ocrx_word' id='word_1_87' title='bbox 122 1267 427 1337; x_wconf 60' lang='grc' dir='ltr'>ὀφθαλμοῖς</span> <span class='ocrx_word' id='word_1_88' title='bbox 471 1265 700 1337; x_wconf 71' lang='grc' dir='ltr'>ὁρᾶσθαι</span> <span class='ocrx_word' id='word_1_89' title='bbox 751 1264 858 1318; x_wconf 87' lang='grc' dir='ltr'><strong>τῶν</strong></span> <span class='ocrx_word' id='word_1_90' title='bbox 915 1264 1092 1334; x_wconf 80' lang='grc' dir='ltr'>ἔργῶν</span> <span class='ocrx_word' id='word_1_91' title='bbox 1140 1264 1208 1317; x_wconf 83' lang='grc' dir='ltr'><strong>τὰ</strong></span> <span class='ocrx_word' id='word_1_92' title='bbox 1270 1263 1703 1334; x_wconf 85' lang='grc' dir='ltr'>ἀποτελέσματα.</span> 
     </span>
    </p>
   </div>
   <div class='ocr_carea' id='block_1_15' title="bbox 126 1353 1707 1427">
    <p class='ocr_par' dir='ltr' id='par_1_15' title="bbox 126 1353 1707 1427">
     <span class='ocr_line' id='line_1_15' title="bbox 126 1353 1707 1427; baseline -0.002 -16"><span class='ocrx_word' id='word_1_93' title='bbox 126 1358 264 1411; x_wconf 76' lang='grc' dir='ltr'>Καθ’</span> <span class='ocrx_word' id='word_1_94' title='bbox 297 1357 426 1427; x_wconf 82' lang='grc' dir='ltr'>ὅλης</span> <span class='ocrx_word' id='word_1_95' title='bbox 453 1353 546 1410; x_wconf 72' lang='grc' dir='ltr'><strong>οὖν</strong></span> <span class='ocrx_word' id='word_1_96' title='bbox 577 1357 635 1421; x_wconf 75' lang='grc' dir='ltr'><strong>ἐξ</strong></span> <span class='ocrx_word' id='word_1_97' title='bbox 665 1356 874 1410; x_wconf 74' lang='grc' dir='ltr'>ἐκείνου</span> <span class='ocrx_word' id='word_1_98' title='bbox 903 1357 1002 1426; x_wconf 82' lang='grc' dir='ltr'>τῆς</span> <span class='ocrx_word' id='word_1_99' title='bbox 1047 1355 1154 1408; x_wconf 88' lang='grc' dir='ltr'><strong>τῶν</strong></span> <span class='ocrx_word' id='word_1_100' title='bbox 1193 1354 1493 1427; x_wconf 82' lang='grc' dir='ltr'>ἀνθρώπων</span> <span class='ocrx_word' id='word_1_101' title='bbox 1531 1358 1707 1408; x_wconf 82' lang='grc' dir='ltr'>οἰκου-</span> 
     </span>
    </p>
   </div>
   <div class='ocr_carea' id='block_1_16' title="bbox 129 1445 1705 1520">
    <p class='ocr_par' dir='ltr' id='par_1_16' title="bbox 129 1445 1705 1520">
     <span class='ocr_line' id='line_1_16' title="bbox 129 1445 1705 1520; baseline -0.001 -19"><span class='ocrx_word' id='word_1_102' title='bbox 129 1451 303 1520; x_wconf 86' lang='grc' dir='ltr'>μένης</span> <span class='ocrx_word' id='word_1_103' title='bbox 326 1451 391 1501; x_wconf 81' lang='grc' dir='ltr'>ὲκ</span> <span class='ocrx_word' id='word_1_104' title='bbox 426 1448 526 1520; x_wconf 86' lang='grc' dir='ltr'>μὲν</span> <span class='ocrx_word' id='word_1_105' title='bbox 560 1449 810 1502; x_wconf 74' lang='grc' dir='ltr'>ἁπάντων</span> <span class='ocrx_word' id='word_1_106' title='bbox 847 1447 954 1501; x_wconf 86' lang='grc' dir='ltr'><strong>τῶν</strong></span> <span class='ocrx_word' id='word_1_107' title='bbox 982 1447 1148 1499; x_wconf 76' lang='grc' dir='ltr'>ἐθνῶν</span> <span class='ocrx_word' id='word_1_108' title='bbox 1177 1446 1246 1499; x_wconf 85' lang='grc' dir='ltr'><strong>τὰ</strong></span> <span class='ocrx_word' id='word_1_109' title='bbox 1303 1447 1402 1516; x_wconf 79' lang='grc' dir='ltr'>τῆς</span> <span class='ocrx_word' id='word_1_110' title='bbox 1442 1446 1537 1499; x_wconf 73' lang='grc' dir='ltr'>τοῦ</span> <span class='ocrx_word' id='word_1_111' title='bbox 1569 1445 1705 1499; x_wconf 82' lang='grc' dir='ltr'>Θεοῦ</span> 
     </span>
    </p>
   </div>
   <div class='ocr_carea' id='block_1_17' title="bbox 128 1537 1707 1613">
    <p class='ocr_par' dir='ltr' id='par_1_17' title="bbox 128 1537 1707 1613">
     <span class='ocr_line' id='line_1_17' title="bbox 128 1537 1707 1613; baseline -0.002 -18"><span class='ocrx_word' id='word_1_112' title='bbox 128 1542 407 1613; x_wconf 75' lang='grc' dir='ltr'>βασιλείας</span> <span class='ocrx_word' id='word_1_113' title='bbox 425 1541 663 1612; x_wconf 85' lang='grc' dir='ltr'>σύμϐολα</span> <span class='ocrx_word' id='word_1_114' title='bbox 683 1541 791 1610; x_wconf 54' lang='grc' dir='ltr'><strong>(ϐξ)</strong></span> <span class='ocrx_word' id='word_1_115' title='bbox 810 1540 897 1593; x_wconf 79' lang='grc' dir='ltr'>διὰ</span> <span class='ocrx_word' id='word_1_116' title='bbox 909 1540 1015 1593; x_wconf 88' lang='grc' dir='ltr'><strong>τῶν</strong></span> <span class='ocrx_word' id='word_1_117' title='bbox 1031 1538 1364 1608; x_wconf 84' lang='grc' dir='ltr'>Ἑκκλησιῶν</span> <span class='ocrx_word' id='word_1_118' title='bbox 1377 1537 1539 1592; x_wconf 77' lang='grc' dir='ltr'>αὐτοῦ</span> <span class='ocrx_word' id='word_1_119' title='bbox 1553 1537 1707 1592; x_wconf 83' lang='grc' dir='ltr'>ὲθεω-</span> 
     </span>
    </p>
   </div>
   <div class='ocr_carea' id='block_1_18' title="bbox 131 1629 1705 1708">
    <p class='ocr_par' dir='ltr' id='par_1_18' title="bbox 131 1629 1705 1708">
     <span class='ocr_line' id='line_1_18' title="bbox 131 1629 1705 1708; baseline -0.004 -19"><span class='ocrx_word' id='word_1_120' title='bbox 131 1640 296 1707; x_wconf 84' lang='grc' dir='ltr'>ρεῖτο,</span> <span class='ocrx_word' id='word_1_121' title='bbox 324 1636 534 1708; x_wconf 79' lang='grc' dir='ltr'>μυρίων</span> <span class='ocrx_word' id='word_1_122' title='bbox 569 1637 625 1689; x_wconf 84' lang='grc' dir='ltr'>ὲν</span> <span class='ocrx_word' id='word_1_123' title='bbox 666 1635 859 1696; x_wconf 82' lang='grc' dir='ltr'>αὐταῖς</span> <span class='ocrx_word' id='word_1_124' title='bbox 890 1632 1032 1686; x_wconf 82' lang='grc' dir='ltr'>κατὰ</span> <span class='ocrx_word' id='word_1_125' title='bbox 1071 1631 1132 1684; x_wconf 81' lang='grc' dir='ltr'>τὸ</span> <span class='ocrx_word' id='word_1_126' title='bbox 1163 1633 1429 1702; x_wconf 85' lang='grc' dir='ltr'>σωτήριον</span> <span class='ocrx_word' id='word_1_127' title='bbox 1458 1629 1705 1699; x_wconf 84' lang='grc' dir='ltr'>Εὐαγγέ-</span> 
     </span>
    </p>
   </div>
   <div class='ocr_carea' id='block_1_19' title="bbox 124 1720 1705 1798">
    <p class='ocr_par' dir='ltr' id='par_1_19' title="bbox 124 1720 1705 1798">
     <span class='ocr_line' id='line_1_19' title="bbox 124 1720 1705 1798; baseline -0.004 -18"><span class='ocrx_word' id='word_1_128' title='bbox 124 1727 242 1781; x_wconf 89' lang='grc' dir='ltr'>λιον</span> <span class='ocrx_word' id='word_1_129' title='bbox 266 1728 549 1798; x_wconf 81' lang='grc' dir='ltr'>βιούντων,</span> <span class='ocrx_word' id='word_1_130' title='bbox 592 1729 704 1789; x_wconf 84' lang='grc' dir='ltr'>τοῖς</span> <span class='ocrx_word' id='word_1_131' title='bbox 740 1743 799 1778; x_wconf 87' lang='grc' dir='ltr'><strong>τε</strong></span> <span class='ocrx_word' id='word_1_132' title='bbox 827 1724 1076 1788; x_wconf 83' lang='grc' dir='ltr'>παλαιοῖς</span> <span class='ocrx_word' id='word_1_133' title='bbox 1104 1723 1409 1795; x_wconf 80' lang='grc' dir='ltr'>προφήταις</span> <span class='ocrx_word' id='word_1_134' title='bbox 1435 1722 1530 1776; x_wconf 63' lang='grc' dir='ltr'><strong>καὶ⁹</strong></span> <span class='ocrx_word' id='word_1_135' title='bbox 1558 1720 1705 1791; x_wconf 79' lang='grc' dir='ltr'>αὐτῷ</span> 
     </span>
    </p>
   </div>
   <div class='ocr_carea' id='block_1_20' title="bbox 124 1798 1706 1890">
    <p class='ocr_par' dir='ltr' id='par_1_20' title="bbox 124 1798 1706 1890">
     <span class='ocr_line' id='line_1_20' title="bbox 124 1798 1706 1890; baseline -0.005 -18"><span class='ocrx_word' id='word_1_136' title='bbox 124 1818 290 1890; x_wconf 86' lang='grc' dir='ltr'>γετῷ</span> <span class='ocrx_word' id='word_1_137' title='bbox 330 1817 580 1889; x_wconf 72' lang='grc' dir='ltr'>Ἀϐραὰμ</span> <span class='ocrx_word' id='word_1_138' title='bbox 628 1818 721 1871; x_wconf 71' lang='grc' dir='ltr'>καὶ</span> <span class='ocrx_word' id='word_1_139' title='bbox 772 1815 954 1870; x_wconf 78' lang='grc' dir='ltr'>Ἰσαὰκ</span> <span class='ocrx_word' id='word_1_140' title='bbox 1004 1798 1098 1867; x_wconf 74' lang='grc' dir='ltr'>καὶ</span> <span class='ocrx_word' id='word_1_141' title='bbox 1140 1813 1217 1885; x_wconf 83' lang='grc' dir='ltr'>τῷ</span> <span class='ocrx_word' id='word_1_142' title='bbox 1257 1813 1449 1868; x_wconf 85' lang='grc' dir='ltr'>Ἰακὼϐ</span> <span class='ocrx_word' id='word_1_143' title='bbox 1504 1812 1706 1883; x_wconf 85' lang='grc' dir='ltr'>ὁμοίως</span> 
     </span>
    </p>
   </div>
   <div class='ocr_carea' id='block_1_21' title="bbox 126 1902 1704 1979">
    <p class='ocr_par' dir='ltr' id='par_1_21' title="bbox 126 1902 1704 1979">
     <span class='ocr_line' id='line_1_21' title="bbox 126 1902 1704 1979; baseline -0.006 -15"><span class='ocrx_word' id='word_1_144' title='bbox 126 1910 403 1965; x_wconf 85' lang='grc' dir='ltr'>θεοσεϐεῖν</span> <span class='ocrx_word' id='word_1_145' title='bbox 424 1908 887 1979; x_wconf 79' lang='grc' dir='ltr'>φιλοτιμουμένων</span> <span class='ocrx_word' id='word_1_146' title='bbox 906 1925 920 1937; x_wconf 65' lang='grc' dir='ltr'><strong><em>ν</em></strong></span> <span class='ocrx_word' id='word_1_147' title='bbox 952 1907 1076 1960; x_wconf 76' lang='grc' dir='ltr'>ἐπεὶ</span> <span class='ocrx_word' id='word_1_148' title='bbox 1118 1907 1376 1969; x_wconf 86' lang='grc' dir='ltr'>κάκεῖνοι,</span> <span class='ocrx_word' id='word_1_149' title='bbox 1406 1902 1704 1974; x_wconf 86' lang='grc' dir='ltr'>προλαϐόν-</span> 
     </span>
    </p>
   </div>
   <div class='ocr_carea' id='block_1_22' title="bbox 124 1993 1705 2073">
    <p class='ocr_par' dir='ltr' id='par_1_22' title="bbox 124 1993 1705 2073">
     <span class='ocr_line' id='line_1_22' title="bbox 124 1993 1705 2073; baseline -0.005 -19"><span class='ocrx_word' id='word_1_150' title='bbox 124 2020 218 2065; x_wconf 82' lang='grc' dir='ltr'><strong>τες</strong></span> <span class='ocrx_word' id='word_1_151' title='bbox 247 2004 364 2065; x_wconf 85' lang='grc' dir='ltr'>τοῖς</span> <span class='ocrx_word' id='word_1_152' title='bbox 404 2002 614 2073; x_wconf 76' lang='grc' dir='ltr'>χρόνοις</span> <span class='ocrx_word' id='word_1_153' title='bbox 655 2000 781 2061; x_wconf 82' lang='grc' dir='ltr'>τοὺς</span> <span class='ocrx_word' id='word_1_154' title='bbox 811 1999 1088 2060; x_wconf 87' lang='grc' dir='ltr'>Μωῡσέως</span> <span class='ocrx_word' id='word_1_155' title='bbox 1113 1996 1328 2067; x_wconf 89' lang='grc' dir='ltr'>νόμους,</span> <span class='ocrx_word' id='word_1_156' title='bbox 1363 1994 1441 2066; x_wconf 82' lang='grc' dir='ltr'><strong>τῷ</strong></span> <span class='ocrx_word' id='word_1_157' title='bbox 1473 1995 1613 2049; x_wconf 85' lang='grc' dir='ltr'>κατὰ</span> <span class='ocrx_word' id='word_1_158' title='bbox 1643 1993 1705 2046; x_wconf 83' lang='grc' dir='ltr'>τὸ</span> 
     </span>
    </p>
   </div>
   <div class='ocr_carea' id='block_1_23' title="bbox 126 2083 1705 2159">
    <p class='ocr_par' dir='ltr' id='par_1_23' title="bbox 126 2083 1705 2159">
     <span class='ocr_line' id='line_1_23' title="bbox 126 2083 1705 2159; baseline -0.006 -15"><span class='ocrx_word' id='word_1_159' title='bbox 126 2090 465 2158; x_wconf 68' lang='grc' dir='ltr'>Εὐαγγέλιω</span> <span class='ocrx_word' id='word_1_160' title='bbox 500 2087 598 2159; x_wconf 84' lang='grc' dir='ltr'><strong>βίῳ</strong></span> <span class='ocrx_word' id='word_1_161' title='bbox 618 2104 677 2140; x_wconf 84' lang='grc' dir='ltr'><strong>τε</strong></span> <span class='ocrx_word' id='word_1_162' title='bbox 699 2088 792 2141; x_wconf 72' lang='grc' dir='ltr'><strong>καὶ</strong></span> <span class='ocrx_word' id='word_1_163' title='bbox 822 2087 1008 2157; x_wconf 85' lang='grc' dir='ltr'>τρόπῳ</span> <span class='ocrx_word' id='word_1_164' title='bbox 1032 2085 1349 2154; x_wconf 67' lang='grc' dir='ltr'>διέλαμψαν,</span> <span class='ocrx_word' id='word_1_165' title='bbox 1382 2086 1482 2154; x_wconf 87' lang='grc' dir='ltr'>τῆς</span> <span class='ocrx_word' id='word_1_166' title='bbox 1512 2083 1610 2153; x_wconf 88' lang='grc' dir='ltr'>μὲν</span> <span class='ocrx_word' id='word_1_167' title='bbox 1640 2085 1705 2136; x_wconf 79' lang='grc' dir='ltr'>ἐκ</span> 
     </span>
    </p>
   </div>
   <div class='ocr_carea' id='block_1_24' title="bbox 127 2173 1705 2251">
    <p class='ocr_par' dir='ltr' id='par_1_24' title="bbox 127 2173 1705 2251">
     <span class='ocr_line' id='line_1_24' title="bbox 127 2173 1705 2251; baseline -0.005 -18"><span class='ocrx_word' id='word_1_168' title='bbox 127 2180 386 2251; x_wconf 75' lang='grc' dir='ltr'>πατέριον</span> <span class='ocrx_word' id='word_1_169' title='bbox 413 2177 655 2249; x_wconf 76' lang='grc' dir='ltr'><strong>ἡκούσης</strong></span> <span class='ocrx_word' id='word_1_170' title='bbox 684 2179 763 2239; x_wconf 81' lang='grc' dir='ltr'><strong>είς</strong></span> <span class='ocrx_word' id='word_1_171' title='bbox 792 2176 987 2240; x_wconf 82' lang='grc' dir='ltr'>αὐτοὺς</span> <span class='ocrx_word' id='word_1_172' title='bbox 1027 2175 1287 2228; x_wconf 83' lang='grc' dir='ltr'>πολυθέου</span> <span class='ocrx_word' id='word_1_173' title='bbox 1320 2173 1529 2243; x_wconf 83' lang='grc' dir='ltr'>πλάνης</span> <span class='ocrx_word' id='word_1_174' title='bbox 1574 2189 1705 2225; x_wconf 86' lang='grc' dir='ltr'>κατ-</span> 
     </span>
    </p>
   </div>
   <div class='ocr_carea' id='block_1_25' title="bbox 128 2266 1706 2340">
    <p class='ocr_par' dir='ltr' id='par_1_25' title="bbox 128 2266 1706 2340">
     <span class='ocr_line' id='line_1_25' title="bbox 128 2266 1706 2340; baseline -0.004 -15"><span class='ocrx_word' id='word_1_175' title='bbox 128 2270 455 2340; x_wconf 87' lang='grc' dir='ltr'>εγνωκότες,</span> <span class='ocrx_word' id='word_1_176' title='bbox 490 2266 583 2322; x_wconf 79' lang='grc' dir='ltr'><strong>τοῦ</strong></span> <span class='ocrx_word' id='word_1_177' title='bbox 612 2269 656 2321; x_wconf 73' lang='grc' dir='ltr'>δ’</span> <span class='ocrx_word' id='word_1_178' title='bbox 682 2270 777 2323; x_wconf 69' lang='grc' dir='ltr'><strong>ἐπὶ</strong></span> <span class='ocrx_word' id='word_1_179' title='bbox 804 2270 1020 2323; x_wconf 88' lang='grc' dir='ltr'>πάντων</span> <span class='ocrx_word' id='word_1_180' title='bbox 1043 2268 1178 2322; x_wconf 78' lang='grc' dir='ltr'>Θεοῦ</span> <span class='ocrx_word' id='word_1_181' title='bbox 1202 2267 1301 2337; x_wconf 84' lang='grc' dir='ltr'>τὴν</span> <span class='ocrx_word' id='word_1_182' title='bbox 1326 2266 1527 2335; x_wconf 87' lang='grc' dir='ltr'>γνῶσιν</span> <span class='ocrx_word' id='word_1_183' title='bbox 1558 2267 1706 2320; x_wconf 88' lang='grc' dir='ltr'>ἀνει-</span> 
     </span>
    </p>
   </div>
   <div class='ocr_carea' id='block_1_26' title="bbox 126 2356 1705 2431">
    <p class='ocr_par' dir='ltr' id='par_1_26' title="bbox 126 2356 1705 2431">
     <span class='ocr_line' id='line_1_26' title="bbox 126 2356 1705 2431; baseline -0.002 -18"><span class='ocrx_word' id='word_1_184' title='bbox 126 2360 382 2431; x_wconf 69' lang='grc' dir='ltr'>ληφότες.</span> <span class='ocrx_word' id='word_1_185' title='bbox 428 2360 517 2413; x_wconf 84' lang='grc' dir='ltr'><strong>Διὸ</strong></span> <span class='ocrx_word' id='word_1_186' title='bbox 548 2360 613 2430; x_wconf 83' lang='grc' dir='ltr'>δὴ</span> <span class='ocrx_word' id='word_1_187' title='bbox 641 2359 749 2412; x_wconf 88' lang='grc' dir='ltr'><strong>τῶν</strong></span> <span class='ocrx_word' id='word_1_188' title='bbox 779 2358 947 2412; x_wconf 78' lang='grc' dir='ltr'>ἐθνῶν</span> <span class='ocrx_word' id='word_1_189' title='bbox 988 2361 1036 2412; x_wconf 77' lang='grc' dir='ltr'>οἱ</span> <span class='ocrx_word' id='word_1_190' title='bbox 1095 2358 1276 2411; x_wconf 80' lang='grc' dir='ltr'>πολλοὶ</span> <span class='ocrx_word' id='word_1_191' title='bbox 1308 2358 1401 2411; x_wconf 86' lang='grc' dir='ltr'><strong>ἀπ’</strong></span> <span class='ocrx_word' id='word_1_192' title='bbox 1434 2356 1705 2411; x_wconf 83' lang='grc' dir='ltr'>ἀνατολῶν</span> 
     </span>
    </p>
   </div>
   <div class='ocr_carea' id='block_1_27' title="bbox 129 2448 1704 2522">
    <p class='ocr_par' dir='ltr' id='par_1_27' title="bbox 129 2448 1704 2522">
     <span class='ocr_line' id='line_1_27' title="bbox 129 2448 1704 2522; baseline -0.003 -16"><span class='ocrx_word' id='word_1_193' title='bbox 129 2454 223 2506; x_wconf 75' lang='grc' dir='ltr'>καὶ</span> <span class='ocrx_word' id='word_1_194' title='bbox 249 2450 471 2522; x_wconf 83' lang='grc' dir='ltr'>δυσμῶν</span> <span class='ocrx_word' id='word_1_195' title='bbox 497 2450 647 2520; x_wconf 75' lang='grc' dir='ltr'>ἥξειν</span> <span class='ocrx_word' id='word_1_196' title='bbox 677 2450 941 2522; x_wconf 75' lang='grc' dir='ltr'>εἴρηνται,</span> <span class='ocrx_word' id='word_1_197' title='bbox 985 2450 1081 2503; x_wconf 78' lang='grc' dir='ltr'>καὶ</span> <span class='ocrx_word' id='word_1_198' title='bbox 1112 2450 1339 2519; x_wconf 86' lang='grc' dir='ltr'>ίσότιμοι</span> <span class='ocrx_word' id='word_1_199' title='bbox 1384 2448 1704 2520; x_wconf 86' lang='grc' dir='ltr'>γενήσεσθαι</span> 
     </span>
    </p>
   </div>
   <div class='ocr_carea' id='block_1_28' title="bbox 129 2539 1705 2613">
    <p class='ocr_par' dir='ltr' id='par_1_28' title="bbox 129 2539 1705 2613">
     <span class='ocr_line' id='line_1_28' title="bbox 129 2539 1705 2613; baseline -0.003 -17"><span class='ocrx_word' id='word_1_200' title='bbox 129 2547 241 2608; x_wconf 85' lang='grc' dir='ltr'>τοῖς</span> <span class='ocrx_word' id='word_1_201' title='bbox 276 2545 423 2613; x_wconf 76' lang='grc' dir='ltr'>ἀμφὶ</span> <span class='ocrx_word' id='word_1_202' title='bbox 452 2542 546 2595; x_wconf 81' lang='grc' dir='ltr'>τὸν</span> <span class='ocrx_word' id='word_1_203' title='bbox 590 2542 842 2613; x_wconf 76' lang='grc' dir='ltr'>’Δϐραὰμ</span> <span class='ocrx_word' id='word_1_204' title='bbox 890 2540 1179 2613; x_wconf 79' lang='grc' dir='ltr'>μακαρίοις</span> <span class='ocrx_word' id='word_1_205' title='bbox 1221 2540 1443 2613; x_wconf 83' lang='grc' dir='ltr'>ἀνδράσι</span> <span class='ocrx_word' id='word_1_206' title='bbox 1487 2539 1575 2593; x_wconf 82' lang='grc' dir='ltr'>διὰ</span> <span class='ocrx_word' id='word_1_207' title='bbox 1609 2540 1705 2611; x_wconf 84' lang='grc' dir='ltr'>τὴν</span> 
     </span>
    </p>
   </div>
   <div class='ocr_carea' id='block_1_29' title="bbox 133 2627 1707 2701">
    <p class='ocr_par' dir='ltr' id='par_1_29' title="bbox 133 2627 1707 2701">
     <span class='ocr_line' id='line_1_29' title="bbox 133 2627 1707 2701; baseline -0.001 -19"><span class='ocrx_word' id='word_1_208' title='bbox 133 2632 254 2701; x_wconf 76' lang='grc' dir='ltr'>ἴσην</span> <span class='ocrx_word' id='word_1_209' title='bbox 275 2632 511 2694; x_wconf 78' lang='grc' dir='ltr'>ἐκείνοις</span> <span class='ocrx_word' id='word_1_210' title='bbox 536 2631 682 2701; x_wconf 85' lang='grc' dir='ltr'>ζωήν</span> <span class='ocrx_word' id='word_1_211' title='bbox 708 2646 720 2659; x_wconf 88' lang='grc'><strong>·</strong></span> <span class='ocrx_word' id='word_1_212' title='bbox 749 2631 799 2683; x_wconf 83' lang='grc' dir='ltr'>οἱ</span> <span class='ocrx_word' id='word_1_213' title='bbox 831 2630 875 2682; x_wconf 83' lang='grc' dir='ltr'>δ’</span> <span class='ocrx_word' id='word_1_214' title='bbox 906 2628 1086 2682; x_wconf 81' lang='grc' dir='ltr'>αὐτῶν</span> <span class='ocrx_word' id='word_1_215' title='bbox 1116 2628 1335 2681; x_wconf 78' lang='grc' dir='ltr'>ἐκείνων</span> <span class='ocrx_word' id='word_1_216' title='bbox 1368 2627 1620 2696; x_wconf 85' lang='grc' dir='ltr'>ἁπόγονοί</span> <span class='ocrx_word' id='word_1_217' title='bbox 1645 2643 1707 2681; x_wconf 85' lang='grc' dir='ltr'><strong>τε</strong></span> 
     </span>
    </p>
   </div>
   <div class='ocr_carea' id='block_1_30' title="bbox 130 2719 1705 2792">
    <p class='ocr_par' dir='ltr' id='par_1_30' title="bbox 130 2719 1705 2792">
     <span class='ocr_line' id='line_1_30' title="bbox 130 2719 1705 2792; baseline -0.002 -18"><span class='ocrx_word' id='word_1_218' title='bbox 130 2724 224 2775; x_wconf 74' lang='grc' dir='ltr'>καὶ</span> <span class='ocrx_word' id='word_1_219' title='bbox 255 2722 513 2792; x_wconf 84' lang='grc' dir='ltr'>διάδοχοι,</span> <span class='ocrx_word' id='word_1_220' title='bbox 542 2722 650 2775; x_wconf 78' lang='grc' dir='ltr'>υίοὶ</span> <span class='ocrx_word' id='word_1_221' title='bbox 698 2722 798 2792; x_wconf 82' lang='grc' dir='ltr'><strong>τῆς</strong></span> <span class='ocrx_word' id='word_1_222' title='bbox 852 2719 1128 2790; x_wconf 84' lang='grc' dir='ltr'>βασιλείας</span> <span class='ocrx_word' id='word_1_223' title='bbox 1151 2719 1237 2772; x_wconf 82' lang='grc' dir='ltr'><strong>διὰ</strong></span> <span class='ocrx_word' id='word_1_224' title='bbox 1274 2719 1400 2782; x_wconf 77' lang='grc' dir='ltr'>τοὺς</span> <span class='ocrx_word' id='word_1_225' title='bbox 1430 2719 1705 2791; x_wconf 86' lang='grc' dir='ltr'>προπάτο-</span> 
     </span>
    </p>
   </div>
   <div class='ocr_carea' id='block_1_31' title="bbox 132 2810 1707 2883">
    <p class='ocr_par' dir='ltr' id='par_1_31' title="bbox 132 2810 1707 2883">
     <span class='ocr_line' id='line_1_31' title="bbox 132 2810 1707 2883; baseline -0.001 -17"><span class='ocrx_word' id='word_1_226' title='bbox 132 2832 231 2883; x_wconf 86' lang='grc' dir='ltr'><strong>ρας</strong></span> <span class='ocrx_word' id='word_1_227' title='bbox 260 2812 643 2883; x_wconf 85' lang='grc' dir='ltr'>ὠνομασμένοι</span> <span class='ocrx_word' id='word_1_228' title='bbox 665 2830 680 2843; x_wconf 76' lang='grc'><em>’</em></span> <span class='ocrx_word' id='word_1_229' title='bbox 714 2812 940 2882; x_wconf 86' lang='grc' dir='ltr'>δυνάμει</span> <span class='ocrx_word' id='word_1_230' title='bbox 972 2810 1082 2882; x_wconf 85' lang='grc' dir='ltr'>γὰρ</span> <span class='ocrx_word' id='word_1_231' title='bbox 1112 2811 1205 2863; x_wconf 73' lang='grc' dir='ltr'>καὶ</span> <span class='ocrx_word' id='word_1_232' title='bbox 1234 2812 1416 2872; x_wconf 77' lang='grc' dir='ltr'>αὐτοῖς</span> <span class='ocrx_word' id='word_1_233' title='bbox 1450 2811 1707 2881; x_wconf 85' lang='grc' dir='ltr'>μετουσία</span> 
     </span>
    </p>
   </div>
   <div class='ocr_carea' id='block_1_32' title="bbox 126 2897 1705 2973">
    <p class='ocr_par' dir='ltr' id='par_1_32' title="bbox 126 2897 1705 2973">
     <span class='ocr_line' id='line_1_32' title="bbox 126 2897 1705 2973; baseline -0.002 -17"><span class='ocrx_word' id='word_1_234' title='bbox 126 2897 195 2973; x_wconf 80' lang='grc' dir='ltr'>ἧν</span> <span class='ocrx_word' id='word_1_235' title='bbox 218 2901 425 2973; x_wconf 80' lang='grc' dir='ltr'>ὁμοίως</span> <span class='ocrx_word' id='word_1_236' title='bbox 448 2905 560 2966; x_wconf 83' lang='grc' dir='ltr'>τοῖς</span> <span class='ocrx_word' id='word_1_237' title='bbox 589 2902 928 2972; x_wconf 85' lang='grc' dir='ltr'>προπάτορσι</span> <span class='ocrx_word' id='word_1_238' title='bbox 962 2902 1064 2973; x_wconf 88' lang='grc' dir='ltr'>τῆς</span> <span class='ocrx_word' id='word_1_239' title='bbox 1107 2901 1359 2973; x_wconf 78' lang='grc' dir='ltr'>οὐρανίου</span> <span class='ocrx_word' id='word_1_240' title='bbox 1391 2900 1666 2971; x_wconf 86' lang='grc' dir='ltr'>βασιλείας</span> <span class='ocrx_word' id='word_1_241' title='bbox 1689 2916 1705 2932; x_wconf 75' lang='grc'><strong><em>⁸</em></strong></span> 
     </span>
    </p>
   </div>
   <div class='ocr_carea' id='block_1_33' title="bbox 1808 518 3371 592">
    <p class='ocr_par' dir='ltr' id='par_1_33' title="bbox 1808 518 3371 592">
     <span class='ocr_line' id='line_1_33' title="bbox 1808 518 3371 592; baseline 0.004 -19"><span class='ocrx_word' id='word_1_242' title='bbox 1808 518 2247 586; x_wconf 83' lang='lat' dir='ltr'><strong>incrementum;</strong></span> <span class='ocrx_word' id='word_1_243' title='bbox 2279 518 2524 587; x_wconf 90' lang='lat' dir='ltr'><strong>quintum</strong></span> <span class='ocrx_word' id='word_1_244' title='bbox 2559 534 2658 589; x_wconf 85' lang='lat' dir='ltr'><strong>per</strong></span> <span class='ocrx_word' id='word_1_245' title='bbox 2678 531 2923 575; x_wconf 82' lang='lat' dir='ltr'><strong>sanetum</strong></span> <span class='ocrx_word' id='word_1_246' title='bbox 2968 520 3229 592; x_wconf 77' lang='lat' dir='ltr'><strong>Spiritum</strong></span> <span class='ocrx_word' id='word_1_247' title='bbox 3262 523 3371 579; x_wconf 85' lang='lat' dir='ltr'><strong>l‘er-</strong></span> 
     </span>
    </p>
   </div>
   <div class='ocr_carea' id='block_1_34' title="bbox 1808 609 3375 681">
    <p class='ocr_par' dir='ltr' id='par_1_34' title="bbox 1808 609 3375 681">
     <span class='ocr_line' id='line_1_34' title="bbox 1808 609 3375 681; baseline 0.004 -17"><span class='ocrx_word' id='word_1_248' title='bbox 1808 609 2109 673; x_wconf 74' lang='lat' dir='ltr'><strong>mentatio;</strong></span> <span class='ocrx_word' id='word_1_249' title='bbox 2144 618 2354 665; x_wconf 76' lang='lat' dir='ltr'><strong>sextum</strong></span> <span class='ocrx_word' id='word_1_250' title='bbox 2388 610 2689 665; x_wconf 90' lang='lat' dir='ltr'><strong>divinorum</strong></span> <span class='ocrx_word' id='word_1_251' title='bbox 2723 613 3109 681; x_wconf 84' lang='lat' dir='ltr'><strong>promissorum</strong></span> <span class='ocrx_word' id='word_1_252' title='bbox 3155 616 3375 671; x_wconf 82' lang='lat' dir='ltr'><strong>thesau-</strong></span> 
     </span>
    </p>
   </div>
   <div class='ocr_carea' id='block_1_35' title="bbox 1809 699 3374 775">
    <p class='ocr_par' dir='ltr' id='par_1_35' title="bbox 1809 699 3374 775">
     <span class='ocr_line' id='line_1_35' title="bbox 1809 699 3374 775; baseline 0.005 -22"><span class='ocrx_word' id='word_1_253' title='bbox 1809 716 1941 761; x_wconf 88' lang='lat' dir='ltr'><strong>rus:</strong></span> <span class='ocrx_word' id='word_1_254' title='bbox 2007 702 2297 771; x_wconf 84' lang='lat' dir='ltr'><strong>septimum</strong></span> <span class='ocrx_word' id='word_1_255' title='bbox 2355 701 2467 770; x_wconf 88' lang='lat' dir='ltr'><strong>ipsa</strong></span> <span class='ocrx_word' id='word_1_256' title='bbox 2515 703 2607 756; x_wconf 93' lang='lat' dir='ltr'><strong>Dei</strong></span> <span class='ocrx_word' id='word_1_257' title='bbox 2668 699 2831 757; x_wconf 78' lang='lat' dir='ltr'><strong>Verbi</strong></span> <span class='ocrx_word' id='word_1_258' title='bbox 2892 706 3210 773; x_wconf 87' lang='lat' dir='ltr'><strong>acquisitio.</strong></span> <span class='ocrx_word' id='word_1_259' title='bbox 3265 722 3374 775; x_wconf 89' lang='lat' dir='ltr'><strong>quo</strong></span> 
     </span>
    </p>
   </div>
   <div class='ocr_carea' id='block_1_36' title="bbox 1809 791 3373 870">
    <p class='ocr_par' dir='ltr' id='par_1_36' title="bbox 1809 791 3373 870">
     <span class='ocr_line' id='line_1_36' title="bbox 1809 791 3373 870; baseline 0.007 -25"><span class='ocrx_word' id='word_1_260' title='bbox 1809 791 2178 863; x_wconf 85' lang='lat' dir='ltr'><strong>unusquisque</strong></span> <span class='ocrx_word' id='word_1_261' title='bbox 2210 803 2528 859; x_wconf 89' lang='lat' dir='ltr'><strong>exornatur,</strong></span> <span class='ocrx_word' id='word_1_262' title='bbox 2553 794 2645 864; x_wconf 89' lang='lat' dir='ltr'><strong>qui</strong></span> <span class='ocrx_word' id='word_1_263' title='bbox 2681 810 2851 867; x_wconf 86' lang='lat' dir='ltr'><strong>regno</strong></span> <span class='ocrx_word' id='word_1_264' title='bbox 2882 796 3143 852; x_wconf 65' lang='lat' dir='ltr'><strong>caelorum</strong></span> <span class='ocrx_word' id='word_1_265' title='bbox 3178 800 3373 870; x_wconf 90' lang='lat' dir='ltr'><strong>dignus</strong></span> 
     </span>
    </p>
   </div>
   <div class='ocr_carea' id='block_1_37' title="bbox 1807 892 1912 937">
    <p class='ocr_par' dir='ltr' id='par_1_37' title="bbox 1807 892 1912 937">
     <span class='ocr_line' id='line_1_37' title="bbox 1807 892 1912 937; baseline -0.01 -1"><span class='ocrx_word' id='word_1_266' title='bbox 1807 892 1912 937; x_wconf 88' lang='lat' dir='ltr'><strong>est.</strong></span> 
     </span>
    </p>
   </div>
   <div class='ocr_carea' id='block_1_38' title="bbox 1877 971 3372 1042">
    <p class='ocr_par' dir='ltr' id='par_1_38' title="bbox 1877 971 3372 1042">
     <span class='ocr_line' id='line_1_38' title="bbox 1877 971 3372 1042; baseline 0.001 -15"><span class='ocrx_word' id='word_1_267' title='bbox 1877 972 2003 1028; x_wconf 80' lang='lat' dir='ltr'><strong>llaec</strong></span> <span class='ocrx_word' id='word_1_268' title='bbox 2055 982 2180 1027; x_wconf 88' lang='lat' dir='ltr'><strong>ante</strong></span> <span class='ocrx_word' id='word_1_269' title='bbox 2226 987 2390 1041; x_wconf 80' lang='lat' dir='ltr'><strong>opera</strong></span> <span class='ocrx_word' id='word_1_270' title='bbox 2436 973 2758 1042; x_wconf 77' lang='lat' dir='ltr'><strong>loquebatur</strong></span> <span class='ocrx_word' id='word_1_271' title='bbox 2789 971 3066 1039; x_wconf 88' lang='lat' dir='ltr'><strong>Servator,</strong></span> <span class='ocrx_word' id='word_1_272' title='bbox 3120 974 3372 1029; x_wconf 89' lang='lat' dir='ltr'><strong>nimirum</strong></span> 
     </span>
    </p>
   </div>
   <div class='ocr_carea' id='block_1_39' title="bbox 1807 1064 3376 1136">
    <p class='ocr_par' dir='ltr' id='par_1_39' title="bbox 1807 1064 3376 1136">
     <span class='ocr_line' id='line_1_39' title="bbox 1807 1064 3376 1136; baseline 0 -17"><span class='ocrx_word' id='word_1_273' title='bbox 1807 1080 1896 1120; x_wconf 87' lang='lat' dir='ltr'><strong>res</strong></span> <span class='ocrx_word' id='word_1_274' title='bbox 1946 1064 2156 1119; x_wconf 78' lang='lat' dir='ltr'><strong>futuras</strong></span> <span class='ocrx_word' id='word_1_275' title='bbox 2189 1066 2478 1128; x_wconf 87' lang='lat' dir='ltr'><strong>nuntians,</strong></span> <span class='ocrx_word' id='word_1_276' title='bbox 2530 1080 2649 1131; x_wconf 62' lang='lat' dir='ltr'><strong>quae</strong></span> <span class='ocrx_word' id='word_1_277' title='bbox 2709 1080 2898 1136; x_wconf 86' lang='lat' dir='ltr'><strong>reapse</strong></span> <span class='ocrx_word' id='word_1_278' title='bbox 2949 1067 3155 1121; x_wconf 89' lang='lat' dir='ltr'><strong>exitum</strong></span> <span class='ocrx_word' id='word_1_279' title='bbox 3214 1065 3376 1133; x_wconf 87' lang='lat' dir='ltr'><strong>paulu</strong></span> 
     </span>
    </p>
   </div>
   <div class='ocr_carea' id='block_1_40' title="bbox 1807 1157 3373 1228">
    <p class='ocr_par' dir='ltr' id='par_1_40' title="bbox 1807 1157 3373 1228">
     <span class='ocr_line' id='line_1_40' title="bbox 1807 1157 3373 1228; baseline 0.001 -17"><span class='ocrx_word' id='word_1_280' title='bbox 1807 1165 1922 1227; x_wconf 87' lang='lat' dir='ltr'><strong>post</strong></span> <span class='ocrx_word' id='word_1_281' title='bbox 1955 1167 2124 1211; x_wconf 70' lang='lat' dir='ltr'><strong>nacta:</strong></span> <span class='ocrx_word' id='word_1_282' title='bbox 2144 1157 2384 1222; x_wconf 89' lang='lat' dir='ltr'><strong>sunt,ita</strong></span> <span class='ocrx_word' id='word_1_283' title='bbox 2413 1165 2471 1211; x_wconf 91' lang='lat' dir='ltr'><strong>ut</strong></span> <span class='ocrx_word' id='word_1_284' title='bbox 2502 1157 2642 1210; x_wconf 85' lang='lat' dir='ltr'><strong>haud</strong></span> <span class='ocrx_word' id='word_1_285' title='bbox 2673 1157 2829 1228; x_wconf 85' lang='lat' dir='ltr'><strong>longa</strong></span> <span class='ocrx_word' id='word_1_286' title='bbox 2870 1173 3016 1211; x_wconf 92' lang='lat' dir='ltr'><strong>mora</strong></span> <span class='ocrx_word' id='word_1_287' title='bbox 3054 1158 3373 1227; x_wconf 87' lang='lat' dir='ltr'><strong>interposita</strong></span> 
     </span>
    </p>
   </div>
   <div class='ocr_carea' id='block_1_41' title="bbox 1807 1248 3373 1320">
    <p class='ocr_par' dir='ltr' id='par_1_41' title="bbox 1807 1248 3373 1320">
     <span class='ocr_line' id='line_1_41' title="bbox 1807 1248 3373 1320; baseline -0.002 -15"><span class='ocrx_word' id='word_1_288' title='bbox 1807 1259 2051 1319; x_wconf 84' lang='lat' dir='ltr'><strong>spectare</strong></span> <span class='ocrx_word' id='word_1_289' title='bbox 2086 1250 2257 1303; x_wconf 90' lang='lat' dir='ltr'><strong>oculis</strong></span> <span class='ocrx_word' id='word_1_290' title='bbox 2285 1264 2368 1305; x_wconf 90' lang='lat' dir='ltr'><strong>res</strong></span> <span class='ocrx_word' id='word_1_291' title='bbox 2385 1257 2567 1319; x_wconf 80' lang='lat' dir='ltr'><strong>gestas</strong></span> <span class='ocrx_word' id='word_1_292' title='bbox 2599 1248 2833 1304; x_wconf 89' lang='lat' dir='ltr'><strong>licuerit.</strong></span> <span class='ocrx_word' id='word_1_293' title='bbox 2870 1248 2973 1304; x_wconf 90' lang='lat' dir='ltr'><strong>Per</strong></span> <span class='ocrx_word' id='word_1_294' title='bbox 3002 1258 3171 1303; x_wconf 91' lang='lat' dir='ltr'><strong>totum</strong></span> <span class='ocrx_word' id='word_1_295' title='bbox 3207 1250 3373 1320; x_wconf 82' lang='lat' dir='ltr'><strong>igitur</strong></span> 
     </span>
    </p>
   </div>
   <div class='ocr_carea' id='block_1_42' title="bbox 1806 1337 3374 1410">
    <p class='ocr_par' dir='ltr' id='par_1_42' title="bbox 1806 1337 3374 1410">
     <span class='ocr_line' id='line_1_42' title="bbox 1806 1337 3374 1410; baseline -0.001 -14"><span class='ocrx_word' id='word_1_296' title='bbox 1806 1357 1868 1396; x_wconf 83' lang='lat' dir='ltr'><strong>ex</strong></span> <span class='ocrx_word' id='word_1_297' title='bbox 1895 1357 1960 1397; x_wconf 91' lang='lat' dir='ltr'><strong>eo</strong></span> <span class='ocrx_word' id='word_1_298' title='bbox 1988 1350 2227 1409; x_wconf 90' lang='lat' dir='ltr'><strong>tempore</strong></span> <span class='ocrx_word' id='word_1_299' title='bbox 2275 1341 2568 1400; x_wconf 80' lang='lat' dir='ltr'><strong>mundum,</strong></span> <span class='ocrx_word' id='word_1_300' title='bbox 2606 1341 2754 1408; x_wconf 78' lang='lat' dir='ltr'><strong>regni</strong></span> <span class='ocrx_word' id='word_1_301' title='bbox 2800 1339 2891 1394; x_wconf 88' lang='lat' dir='ltr'><strong>Dei</strong></span> <span class='ocrx_word' id='word_1_302' title='bbox 2940 1337 3184 1410; x_wconf 71' lang='lat' dir='ltr'><strong>symbols</strong></span> <span class='ocrx_word' id='word_1_303' title='bbox 3233 1338 3374 1407; x_wconf 89' lang='lat' dir='ltr'><strong>apud</strong></span> 
     </span>
    </p>
   </div>
   <div class='ocr_carea' id='block_1_43' title="bbox 1807 1430 3375 1502">
    <p class='ocr_par' dir='ltr' id='par_1_43' title="bbox 1807 1430 3375 1502">
     <span class='ocr_line' id='line_1_43' title="bbox 1807 1430 3375 1502; baseline -0.004 -14"><span class='ocrx_word' id='word_1_304' title='bbox 1807 1448 1995 1488; x_wconf 89' lang='lat' dir='ltr'><strong>omnes</strong></span> <span class='ocrx_word' id='word_1_305' title='bbox 2035 1431 2259 1502; x_wconf 86' lang='lat' dir='ltr'><strong>populos</strong></span> <span class='ocrx_word' id='word_1_306' title='bbox 2308 1433 2361 1484; x_wconf 92' lang='lat' dir='ltr'><strong>in</strong></span> <span class='ocrx_word' id='word_1_307' title='bbox 2415 1431 2614 1485; x_wconf 86' lang='lat' dir='ltr'><strong>Christi</strong></span> <span class='ocrx_word' id='word_1_308' title='bbox 2672 1430 2934 1486; x_wconf 70' lang='lat' dir='ltr'><strong>Ecclesiis</strong></span> <span class='ocrx_word' id='word_1_309' title='bbox 2991 1432 3375 1495; x_wconf 72' lang='lat' dir='ltr'><strong>cernebantur,</strong></span> 
     </span>
    </p>
   </div>
   <div class='ocr_carea' id='block_1_44' title="bbox 1805 1521 3379 1596">
    <p class='ocr_par' dir='ltr' id='par_1_44' title="bbox 1805 1521 3379 1596">
     <span class='ocr_line' id='line_1_44' title="bbox 1805 1521 3379 1596; baseline -0.001 -18"><span class='ocrx_word' id='word_1_310' title='bbox 1805 1526 2051 1596; x_wconf 88' lang='lat' dir='ltr'><strong>plurimis</strong></span> <span class='ocrx_word' id='word_1_311' title='bbox 2074 1526 2182 1591; x_wconf 88' lang='lat' dir='ltr'><strong>jam</strong></span> <span class='ocrx_word' id='word_1_312' title='bbox 2213 1524 2520 1578; x_wconf 88' lang='lat' dir='ltr'><strong>hominibus</strong></span> <span class='ocrx_word' id='word_1_313' title='bbox 2544 1524 2610 1577; x_wconf 88' lang='lat' dir='ltr'><strong>ad</strong></span> <span class='ocrx_word' id='word_1_314' title='bbox 2644 1523 2898 1578; x_wconf 84' lang='lat' dir='ltr'><strong>salutaris</strong></span> <span class='ocrx_word' id='word_1_315' title='bbox 2941 1521 3213 1592; x_wconf 71' lang='lat' dir='ltr'><strong>Evangelii</strong></span> <span class='ocrx_word' id='word_1_316' title='bbox 3250 1536 3379 1576; x_wconf 80' lang='lat' dir='ltr'><strong>nor-</strong></span> 
     </span>
    </p>
   </div>
   <div class='ocr_carea' id='block_1_45' title="bbox 1807 1616 3373 1687">
    <p class='ocr_par' dir='ltr' id='par_1_45' title="bbox 1807 1616 3373 1687">
     <span class='ocr_line' id='line_1_45' title="bbox 1807 1616 3373 1687; baseline 0.001 -17"><span class='ocrx_word' id='word_1_317' title='bbox 1807 1634 1947 1672; x_wconf 85' lang='lat' dir='ltr'><strong>mam</strong></span> <span class='ocrx_word' id='word_1_318' title='bbox 1994 1617 2298 1671; x_wconf 80' lang='lat' dir='ltr'><strong>viventibus</strong></span> <span class='ocrx_word' id='word_1_319' title='bbox 2326 1657 2342 1680; x_wconf 90' lang='lat'><strong>,</strong></span> <span class='ocrx_word' id='word_1_320' title='bbox 2406 1625 2462 1672; x_wconf 88' lang='lat' dir='ltr'><strong>et</strong></span> <span class='ocrx_word' id='word_1_321' title='bbox 2510 1618 2800 1687; x_wconf 84' lang='lat' dir='ltr'><strong>prophetas</strong></span> <span class='ocrx_word' id='word_1_322' title='bbox 2848 1625 3057 1671; x_wconf 83' lang='lat' dir='ltr'><strong>veteres</strong></span> <span class='ocrx_word' id='word_1_323' title='bbox 3123 1616 3373 1686; x_wconf 90' lang='lat' dir='ltr'><strong>ipsosque</strong></span> 
     </span>
    </p>
   </div>
   <div class='ocr_carea' id='block_1_46' title="bbox 1805 1706 3371 1776">
    <p class='ocr_par' dir='ltr' id='par_1_46' title="bbox 1805 1706 3371 1776">
     <span class='ocr_line' id='line_1_46' title="bbox 1805 1706 3371 1776; baseline -0.001 -14"><span class='ocrx_word' id='word_1_324' title='bbox 1805 1707 2198 1772; x_wconf 84' lang='lat' dir='ltr'><strong>Abrahamum,</strong></span> <span class='ocrx_word' id='word_1_325' title='bbox 2233 1707 2469 1762; x_wconf 89' lang='lat' dir='ltr'><strong>lsaacum</strong></span> <span class='ocrx_word' id='word_1_326' title='bbox 2504 1717 2663 1775; x_wconf 84' lang='lat' dir='ltr'><strong>atque</strong></span> <span class='ocrx_word' id='word_1_327' title='bbox 2683 1706 2940 1762; x_wconf 84' lang='lat' dir='ltr'><strong>.lacobum</strong></span> <span class='ocrx_word' id='word_1_328' title='bbox 2984 1706 3230 1776; x_wconf 86' lang='lat' dir='ltr'><strong>religiosa</strong></span> <span class='ocrx_word' id='word_1_329' title='bbox 3262 1707 3371 1775; x_wconf 88' lang='lat' dir='ltr'><strong>pie-</strong></span> 
     </span>
    </p>
   </div>
   <div class='ocr_carea' id='block_1_47' title="bbox 1737 1777 3373 1868">
    <p class='ocr_par' dir='ltr' id='par_1_47' title="bbox 1737 1777 3373 1868">
     <span class='ocr_line' id='line_1_47' title="bbox 1737 1777 3373 1868; baseline -0.002 -15"><span class='ocrx_word' id='word_1_330' title='bbox 1737 1777 1777 1831; x_wconf 72' lang='grc' dir='ltr'><strong>Β</strong></span> <span class='ocrx_word' id='word_1_331' title='bbox 1809 1808 1914 1853; x_wconf 88' lang='lat' dir='ltr'><strong>tate</strong></span> <span class='ocrx_word' id='word_1_332' title='bbox 1939 1800 2316 1854; x_wconf 76' lang='lat' dir='ltr'><strong>:eumlautibus</strong></span> <span class='ocrx_word' id='word_1_333' title='bbox 2343 1818 2357 1853; x_wconf 88' lang='lat'><strong>:</strong></span> <span class='ocrx_word' id='word_1_334' title='bbox 2390 1800 2658 1868; x_wconf 84' lang='lat' dir='ltr'><strong>siquidem</strong></span> <span class='ocrx_word' id='word_1_335' title='bbox 2687 1809 2741 1853; x_wconf 91' lang='lat' dir='ltr'><strong>et</strong></span> <span class='ocrx_word' id='word_1_336' title='bbox 2766 1800 2843 1862; x_wconf 91' lang='lat' dir='ltr'><strong>hi,</strong></span> <span class='ocrx_word' id='word_1_337' title='bbox 2867 1807 3111 1867; x_wconf 89' lang='lat' dir='ltr'><strong>tempore</strong></span> <span class='ocrx_word' id='word_1_338' title='bbox 3135 1812 3373 1868; x_wconf 67' lang='lat' dir='ltr'><strong>praever-</strong></span> 
     </span>
    </p>
   </div>
   <div class='ocr_carea' id='block_1_48' title="bbox 1806 1889 3377 1958">
    <p class='ocr_par' dir='ltr' id='par_1_48' title="bbox 1806 1889 3377 1958">
     <span class='ocr_line' id='line_1_48' title="bbox 1806 1889 3377 1958; baseline -0.003 -13"><span class='ocrx_word' id='word_1_339' title='bbox 1806 1900 1978 1945; x_wconf 89' lang='lat' dir='ltr'><strong>tentes</strong></span> <span class='ocrx_word' id='word_1_340' title='bbox 2030 1889 2196 1944; x_wconf 81' lang='lat' dir='ltr'><strong>Musis</strong></span> <span class='ocrx_word' id='word_1_341' title='bbox 2243 1890 2424 1958; x_wconf 80' lang='lat' dir='ltr'><strong>leges,</strong></span> <span class='ocrx_word' id='word_1_342' title='bbox 2490 1893 2597 1943; x_wconf 87' lang='lat' dir='ltr'><strong>vita</strong></span> <span class='ocrx_word' id='word_1_343' title='bbox 2661 1889 2973 1955; x_wconf 82' lang='lat' dir='ltr'><strong>evangelica</strong></span> <span class='ocrx_word' id='word_1_344' title='bbox 3016 1904 3082 1943; x_wconf 83' lang='lat' dir='ltr'><strong>ac</strong></span> <span class='ocrx_word' id='word_1_345' title='bbox 3133 1890 3377 1946; x_wconf 81' lang='lat' dir='ltr'><strong>moribus</strong></span> 
     </span>
    </p>
   </div>
   <div class='ocr_carea' id='block_1_49' title="bbox 1804 1980 3375 2059">
    <p class='ocr_par' dir='ltr' id='par_1_49' title="bbox 1804 1980 3375 2059">
     <span class='ocr_line' id='line_1_49' title="bbox 1804 1980 3375 2059; baseline -0.002 -24"><span class='ocrx_word' id='word_1_346' title='bbox 1804 1982 2172 2036; x_wconf 84' lang='lat' dir='ltr'><strong>inclaruerunt</strong></span> <span class='ocrx_word' id='word_1_347' title='bbox 2200 1999 2215 2048; x_wconf 91' lang='lat'><strong>;</strong></span> <span class='ocrx_word' id='word_1_348' title='bbox 2255 1982 2379 2052; x_wconf 88' lang='lat' dir='ltr'><strong>quia</strong></span> <span class='ocrx_word' id='word_1_349' title='bbox 2410 1983 2667 2035; x_wconf 87' lang='lat' dir='ltr'><strong>traditum</strong></span> <span class='ocrx_word' id='word_1_350' title='bbox 2699 1981 2801 2035; x_wconf 88' lang='lat' dir='ltr'><strong>sibi</strong></span> <span class='ocrx_word' id='word_1_351' title='bbox 2838 1996 2866 2034; x_wconf 89' lang='lat' dir='ltr'><strong>a</strong></span> <span class='ocrx_word' id='word_1_352' title='bbox 2894 1981 3194 2050; x_wconf 83' lang='lat' dir='ltr'><strong>majoribus</strong></span> <span class='ocrx_word' id='word_1_353' title='bbox 3221 1980 3375 2059; x_wconf 72' lang='lat' dir='ltr'><strong>poly-</strong></span> 
     </span>
    </p>
   </div>
   <div class='ocr_carea' id='block_1_50' title="bbox 1808 2069 3376 2139">
    <p class='ocr_par' dir='ltr' id='par_1_50' title="bbox 1808 2069 3376 2139">
     <span class='ocr_line' id='line_1_50' title="bbox 1808 2069 3376 2139; baseline -0.003 -13"><span class='ocrx_word' id='word_1_354' title='bbox 1808 2075 2020 2128; x_wconf 84' lang='lat' dir='ltr'><strong>theismt</strong></span> <span class='ocrx_word' id='word_1_355' title='bbox 2051 2088 2297 2129; x_wconf 87' lang='lat' dir='ltr'><strong>errorem</strong></span> <span class='ocrx_word' id='word_1_356' title='bbox 2326 2074 2664 2136; x_wconf 82' lang='lat' dir='ltr'><strong>damnantes,</strong></span> <span class='ocrx_word' id='word_1_357' title='bbox 2696 2071 3018 2126; x_wconf 87' lang='lat' dir='ltr'><strong>universalis</strong></span> <span class='ocrx_word' id='word_1_358' title='bbox 3065 2069 3158 2124; x_wconf 86' lang='lat' dir='ltr'><strong>Dei</strong></span> <span class='ocrx_word' id='word_1_359' title='bbox 3186 2069 3376 2139; x_wconf 85' lang='lat' dir='ltr'><strong>cogni-</strong></span> 
     </span>
    </p>
   </div>
   <div class='ocr_carea' id='block_1_51' title="bbox 1805 2164 3377 2234">
    <p class='ocr_par' dir='ltr' id='par_1_51' title="bbox 1805 2164 3377 2234">
     <span class='ocr_line' id='line_1_51' title="bbox 1805 2164 3377 2234; baseline -0.002 -14"><span class='ocrx_word' id='word_1_360' title='bbox 1805 2166 2005 2220; x_wconf 86' lang='lat' dir='ltr'><strong>tionem</strong></span> <span class='ocrx_word' id='word_1_361' title='bbox 2067 2165 2413 2234; x_wconf 87' lang='lat' dir='ltr'><strong>adoptarnnt.</strong></span> <span class='ocrx_word' id='word_1_362' title='bbox 2469 2166 2811 2233; x_wconf 81' lang='lat' dir='ltr'><strong>Quapropter</strong></span> <span class='ocrx_word' id='word_1_363' title='bbox 2855 2164 3007 2218; x_wconf 89' lang='lat' dir='ltr'><strong>multi</strong></span> <span class='ocrx_word' id='word_1_364' title='bbox 3056 2164 3258 2219; x_wconf 87' lang='lat' dir='ltr'><strong>ethnici</strong></span> <span class='ocrx_word' id='word_1_365' title='bbox 3308 2178 3377 2218; x_wconf 84' lang='lat' dir='ltr'><strong>ex</strong></span> 
     </span>
    </p>
   </div>
   <div class='ocr_carea' id='block_1_52' title="bbox 1804 2255 3377 2326">
    <p class='ocr_par' dir='ltr' id='par_1_52' title="bbox 1804 2255 3377 2326">
     <span class='ocr_line' id='line_1_52' title="bbox 1804 2255 3377 2326; baseline -0.001 -14"><span class='ocrx_word' id='word_1_366' title='bbox 1804 2259 2014 2314; x_wconf 86' lang='lat' dir='ltr'><strong>oriente</strong></span> <span class='ocrx_word' id='word_1_367' title='bbox 2074 2269 2238 2326; x_wconf 88' lang='lat' dir='ltr'><strong>atque</strong></span> <span class='ocrx_word' id='word_1_368' title='bbox 2297 2272 2491 2312; x_wconf 86' lang='lat' dir='ltr'><strong>occasu</strong></span> <span class='ocrx_word' id='word_1_369' title='bbox 2538 2256 2752 2310; x_wconf 88' lang='lat' dir='ltr'><strong>venturi</strong></span> <span class='ocrx_word' id='word_1_370' title='bbox 2815 2255 3090 2320; x_wconf 90' lang='lat' dir='ltr'><strong>dicuntur,</strong></span> <span class='ocrx_word' id='word_1_371' title='bbox 3150 2256 3377 2325; x_wconf 88' lang='lat' dir='ltr'><strong>parique</strong></span> 
     </span>
    </p>
   </div>
   <div class='ocr_carea' id='block_1_53' title="bbox 1806 2348 3378 2417">
    <p class='ocr_par' dir='ltr' id='par_1_53' title="bbox 1806 2348 3378 2417">
     <span class='ocr_line' id='line_1_53' title="bbox 1806 2348 3378 2417; baseline -0.001 -13"><span class='ocrx_word' id='word_1_372' title='bbox 1806 2349 2016 2404; x_wconf 88' lang='lat' dir='ltr'><strong>honore</strong></span> <span class='ocrx_word' id='word_1_373' title='bbox 2049 2349 2213 2403; x_wconf 79' lang='lat' dir='ltr'><strong>futuri</strong></span> <span class='ocrx_word' id='word_1_374' title='bbox 2243 2357 2405 2416; x_wconf 85' lang='lat' dir='ltr'><strong>atque</strong></span> <span class='ocrx_word' id='word_1_375' title='bbox 2427 2348 2787 2414; x_wconf 80' lang='lat' dir='ltr'><strong>Abrahamus,</strong></span> <span class='ocrx_word' id='word_1_376' title='bbox 2814 2349 2900 2402; x_wconf 87' lang='lat' dir='ltr'><strong>vir</strong></span> <span class='ocrx_word' id='word_1_377' title='bbox 2924 2348 3136 2413; x_wconf 90' lang='lat' dir='ltr'><strong>beatus,</strong></span> <span class='ocrx_word' id='word_1_378' title='bbox 3160 2359 3378 2417; x_wconf 84' lang='lat' dir='ltr'><strong>propter</strong></span> 
     </span>
    </p>
   </div>
   <div class='ocr_carea' id='block_1_54' title="bbox 1805 2438 3373 2510">
    <p class='ocr_par' dir='ltr' id='par_1_54' title="bbox 1805 2438 3373 2510">
     <span class='ocr_line' id='line_1_54' title="bbox 1805 2438 3373 2510; baseline 0.001 -15"><span class='ocrx_word' id='word_1_379' title='bbox 1805 2441 1980 2495; x_wconf 85' lang='lat' dir='ltr'><strong>simile</strong></span> <span class='ocrx_word' id='word_1_380' title='bbox 2016 2441 2139 2493; x_wconf 63' lang='lat' dir='ltr'><strong>vitm</strong></span> <span class='ocrx_word' id='word_1_381' title='bbox 2163 2454 2352 2510; x_wconf 87' lang='lat' dir='ltr'><strong>genus.</strong></span> <span class='ocrx_word' id='word_1_382' title='bbox 2401 2438 2601 2493; x_wconf 83' lang='lat' dir='ltr'><strong>Horum</strong></span> <span class='ocrx_word' id='word_1_383' title='bbox 2634 2453 2760 2493; x_wconf 89' lang='lat' dir='ltr'><strong>vero</strong></span> <span class='ocrx_word' id='word_1_384' title='bbox 2805 2439 3010 2508; x_wconf 84' lang='lat' dir='ltr'><strong>posteri</strong></span> <span class='ocrx_word' id='word_1_385' title='bbox 3052 2454 3117 2495; x_wconf 90' lang='lat' dir='ltr'><strong>ac</strong></span> <span class='ocrx_word' id='word_1_386' title='bbox 3156 2454 3373 2496; x_wconf 87' lang='lat' dir='ltr'><strong>succes-</strong></span> 
     </span>
    </p>
   </div>
   <div class='ocr_carea' id='block_1_55' title="bbox 1805 2528 3373 2599">
    <p class='ocr_par' dir='ltr' id='par_1_55' title="bbox 1805 2528 3373 2599">
     <span class='ocr_line' id='line_1_55' title="bbox 1805 2528 3373 2599; baseline -0.001 -14"><span class='ocrx_word' id='word_1_387' title='bbox 1805 2545 1976 2594; x_wconf 80' lang='lat' dir='ltr'><strong>Seres,</strong></span> <span class='ocrx_word' id='word_1_388' title='bbox 2030 2528 2123 2582; x_wconf 81' lang='lat' dir='ltr'><strong>lilii</strong></span> <span class='ocrx_word' id='word_1_389' title='bbox 2171 2528 2321 2598; x_wconf 84' lang='lat' dir='ltr'><strong>regni</strong></span> <span class='ocrx_word' id='word_1_390' title='bbox 2377 2529 2445 2582; x_wconf 93' lang='lat' dir='ltr'><strong>ob</strong></span> <span class='ocrx_word' id='word_1_391' title='bbox 2497 2543 2626 2583; x_wconf 90' lang='lat' dir='ltr'><strong>suos</strong></span> <span class='ocrx_word' id='word_1_392' title='bbox 2676 2530 3054 2599; x_wconf 86' lang='lat' dir='ltr'><strong>progenitores</strong></span> <span class='ocrx_word' id='word_1_393' title='bbox 3106 2528 3373 2583; x_wconf 86' lang='lat' dir='ltr'><strong>nominati</strong></span> 
     </span>
    </p>
   </div>
   <div class='ocr_carea' id='block_1_56' title="bbox 1806 2619 3377 2689">
    <p class='ocr_par' dir='ltr' id='par_1_56' title="bbox 1806 2619 3377 2689">
     <span class='ocr_line' id='line_1_56' title="bbox 1806 2619 3377 2689; baseline 0.001 -14"><span class='ocrx_word' id='word_1_394' title='bbox 1806 2632 1950 2675; x_wconf 89' lang='lat' dir='ltr'><strong>sunt.</strong></span> <span class='ocrx_word' id='word_1_395' title='bbox 1988 2619 2237 2689; x_wconf 84' lang='lat' dir='ltr'><strong>Namque</strong></span> <span class='ocrx_word' id='word_1_396' title='bbox 2263 2620 2448 2674; x_wconf 90' lang='lat' dir='ltr'><strong>intima</strong></span> <span class='ocrx_word' id='word_1_397' title='bbox 2483 2620 2530 2673; x_wconf 94' lang='lat' dir='ltr'><strong>vi</strong></span> <span class='ocrx_word' id='word_1_398' title='bbox 2569 2620 2700 2689; x_wconf 90' lang='lat' dir='ltr'><strong>ipsis</strong></span> <span class='ocrx_word' id='word_1_399' title='bbox 2723 2634 2939 2689; x_wconf 87' lang='lat' dir='ltr'><strong>quoque</strong></span> <span class='ocrx_word' id='word_1_400' title='bbox 2979 2621 3190 2685; x_wconf 82' lang='lat' dir='ltr'><strong>inerat,</strong></span> <span class='ocrx_word' id='word_1_401' title='bbox 3223 2636 3377 2688; x_wconf 63' lang='lat' dir='ltr'><strong>aque</strong></span> 
     </span>
    </p>
   </div>
   <div class='ocr_carea' id='block_1_57' title="bbox 1807 2712 3377 2784">
    <p class='ocr_par' dir='ltr' id='par_1_57' title="bbox 1807 2712 3377 2784">
     <span class='ocr_line' id='line_1_57' title="bbox 1807 2712 3377 2784; baseline 0.001 -17"><span class='ocrx_word' id='word_1_402' title='bbox 1807 2729 1871 2767; x_wconf 88' lang='lat' dir='ltr'><strong>ac</strong></span> <span class='ocrx_word' id='word_1_403' title='bbox 1899 2712 2354 2783; x_wconf 80' lang='lat' dir='ltr'><strong>progenitoribus,</strong></span> <span class='ocrx_word' id='word_1_404' title='bbox 2380 2712 2621 2768; x_wconf 72' lang='lat' dir='ltr'><strong>cmlestis</strong></span> <span class='ocrx_word' id='word_1_405' title='bbox 2664 2715 2814 2784; x_wconf 88' lang='lat' dir='ltr'><strong>regni</strong></span> <span class='ocrx_word' id='word_1_406' title='bbox 2857 2714 3223 2783; x_wconf 88' lang='lat' dir='ltr'><strong>participatio.</strong></span> <span class='ocrx_word' id='word_1_407' title='bbox 3270 2712 3377 2770; x_wconf 86' lang='lat' dir='ltr'><strong>Sed</strong></span> 
     </span>
    </p>
   </div>
   <div class='ocr_carea' id='block_1_58' title="bbox 1806 2804 3377 2874">
    <p class='ocr_par' dir='ltr' id='par_1_58' title="bbox 1806 2804 3377 2874">
     <span class='ocr_line' id='line_1_58' title="bbox 1806 2804 3377 2874; baseline 0.001 -14"><span class='ocrx_word' id='word_1_408' title='bbox 1806 2806 1950 2860; x_wconf 91' lang='lat' dir='ltr'><strong>enim</strong></span> <span class='ocrx_word' id='word_1_409' title='bbox 1980 2807 2123 2874; x_wconf 90' lang='lat' dir='ltr'><strong>quod</strong></span> <span class='ocrx_word' id='word_1_410' title='bbox 2151 2821 2181 2858; x_wconf 89' lang='lat' dir='ltr'><strong>a</strong></span> <span class='ocrx_word' id='word_1_411' title='bbox 2212 2821 2271 2860; x_wconf 91' lang='lat' dir='ltr'><strong>re</strong></span> <span class='ocrx_word' id='word_1_412' title='bbox 2310 2807 2576 2874; x_wconf 87' lang='lat' dir='ltr'><strong>promissa</strong></span> <span class='ocrx_word' id='word_1_413' title='bbox 2607 2806 2929 2872; x_wconf 84' lang='lat' dir='ltr'><strong>exciderint,</strong></span> <span class='ocrx_word' id='word_1_414' title='bbox 2971 2806 3196 2861; x_wconf 87' lang='lat' dir='ltr'><strong>evidens</strong></span> <span class='ocrx_word' id='word_1_415' title='bbox 3234 2804 3377 2874; x_wconf 80' lang='lat' dir='ltr'><strong>judi-</strong></span> 
     </span>
    </p>
   </div>
   <div class='ocr_carea' id='block_1_59' title="bbox 1807 2894 3377 2966">
    <p class='ocr_par' dir='ltr' id='par_1_59' title="bbox 1807 2894 3377 2966">
     <span class='ocr_line' id='line_1_59' title="bbox 1807 2894 3377 2966; baseline 0 -16"><span class='ocrx_word' id='word_1_416' title='bbox 1807 2896 1947 2950; x_wconf 89' lang='lat' dir='ltr'><strong>cium</strong></span> <span class='ocrx_word' id='word_1_417' title='bbox 1971 2905 2054 2950; x_wconf 89' lang='lat' dir='ltr'><strong>est</strong></span> <span class='ocrx_word' id='word_1_418' title='bbox 2079 2896 2226 2949; x_wconf 87' lang='lat' dir='ltr'><strong>urbis</strong></span> <span class='ocrx_word' id='word_1_419' title='bbox 2254 2896 2496 2961; x_wconf 82' lang='lat' dir='ltr'><strong>vastitas,</strong></span> <span class='ocrx_word' id='word_1_420' title='bbox 2536 2896 2716 2966; x_wconf 89' lang='lat' dir='ltr'><strong>templi</strong></span> <span class='ocrx_word' id='word_1_421' title='bbox 2750 2894 3023 2960; x_wconf 87' lang='lat' dir='ltr'><strong>obsessio,</strong></span> <span class='ocrx_word' id='word_1_422' title='bbox 3051 2906 3107 2950; x_wconf 88' lang='lat' dir='ltr'><strong>et</strong></span> <span class='ocrx_word' id='word_1_423' title='bbox 3141 2896 3377 2966; x_wconf 89' lang='lat' dir='ltr'><strong>ipsorum</strong></span> 
     </span>
    </p>
   </div>
   <div class='ocr_carea' id='block_1_60' title="bbox 126 2988 1708 3062">
    <p class='ocr_par' dir='ltr' id='par_1_60' title="bbox 126 2990 1708 3062">
     <span class='ocr_line' id='line_1_60' title="bbox 126 2990 1708 3062; baseline -0.001 -16"><span class='ocrx_word' id='word_1_424' title='bbox 126 2992 278 3056; x_wconf 71' lang='grc' dir='ltr'>ὅπως</span> <span class='ocrx_word' id='word_1_425' title='bbox 328 2992 623 3062; x_wconf 80' lang='grc' dir='ltr'>ἀπόϐλητοι</span> <span class='ocrx_word' id='word_1_426' title='bbox 670 2993 776 3046; x_wconf 89' lang='grc' dir='ltr'><strong>τῶν</strong></span> <span class='ocrx_word' id='word_1_427' title='bbox 819 2991 1157 3061; x_wconf 76' lang='grc' dir='ltr'>ἐπαγγελιῶν</span> <span class='ocrx_word' id='word_1_428' title='bbox 1211 2990 1483 3061; x_wconf 85' lang='grc' dir='ltr'>γεγόνασι,</span> <span class='ocrx_word' id='word_1_429' title='bbox 1512 2991 1708 3061; x_wconf 87' lang='grc' dir='ltr'>δεῖγμα</span> 
     </span>
    </p>
   </div>
   <div class='ocr_carea' id='block_1_61' title="bbox 1811 2988 3366 3062">
    <p class='ocr_par' dir='ltr' id='par_1_61' title="bbox 1811 2988 3366 3059">
     <span class='ocr_line' id='line_1_61' title="bbox 1811 2988 3366 3059; baseline 0.001 -17"><span class='ocrx_word' id='word_1_430' title='bbox 1811 3005 1904 3059; x_wconf 88' lang='lat' dir='ltr'><strong>per</strong></span> <span class='ocrx_word' id='word_1_431' title='bbox 1934 3002 2122 3042; x_wconf 90' lang='lat' dir='ltr'><strong>omnes</strong></span> <span class='ocrx_word' id='word_1_432' title='bbox 2155 2997 2339 3056; x_wconf 86' lang='lat' dir='ltr'><strong>gentes</strong></span> <span class='ocrx_word' id='word_1_433' title='bbox 2369 2989 2667 3057; x_wconf 84' lang='lat' dir='ltr'><strong>dispersio,</strong></span> <span class='ocrx_word' id='word_1_434' title='bbox 2719 2989 2950 3043; x_wconf 85' lang='lat' dir='ltr'><strong>servitus</strong></span> <span class='ocrx_word' id='word_1_435' title='bbox 2989 2988 3127 3057; x_wconf 89' lang='lat' dir='ltr'><strong>apud</strong></span> <span class='ocrx_word' id='word_1_436' title='bbox 3164 2988 3366 3051; x_wconf 85' lang='lat' dir='ltr'><strong>hostes,</strong></span> 
     </span>
    </p>
   </div>
   <div class='ocr_carea' id='block_1_62' title="bbox 127 3077 1708 3156">
    <p class='ocr_par' dir='ltr' id='par_1_62' title="bbox 127 3080 1704 3156">
     <span class='ocr_line' id='line_1_62' title="bbox 127 3080 1704 3156; baseline -0.003 -18"><span class='ocrx_word' id='word_1_437' title='bbox 127 3084 361 3156; x_wconf 70' lang='grc' dir='ltr'>ιναργὲς</span> <span class='ocrx_word' id='word_1_438' title='bbox 384 3084 486 3154; x_wconf 79' lang='grc' dir='ltr'>τῆς</span> <span class='ocrx_word' id='word_1_439' title='bbox 514 3084 720 3146; x_wconf 88' lang='grc' dir='ltr'>πόλεως</span> <span class='ocrx_word' id='word_1_440' title='bbox 742 3085 775 3154; x_wconf 79' lang='grc' dir='ltr'><strong>ἡ</strong></span> <span class='ocrx_word' id='word_1_441' title='bbox 801 3082 1023 3155; x_wconf 78' lang='grc' dir='ltr'>ἐρημία,</span> <span class='ocrx_word' id='word_1_442' title='bbox 1040 3081 1133 3136; x_wconf 80' lang='grc' dir='ltr'>τοῦ</span> <span class='ocrx_word' id='word_1_443' title='bbox 1162 3081 1305 3154; x_wconf 83' lang='grc' dir='ltr'>ἱεροῦ</span> <span class='ocrx_word' id='word_1_444' title='bbox 1335 3082 1368 3152; x_wconf 87' lang='grc' dir='ltr'>ή</span> <span class='ocrx_word' id='word_1_445' title='bbox 1404 3080 1704 3152; x_wconf 88' lang='grc' dir='ltr'>πολιορκία,</span> 
     </span>
    </p>
   </div>
   <div class='ocr_carea' id='block_1_63' title="bbox 1811 3077 3377 3156">
    <p class='ocr_par' dir='ltr' id='par_1_63' title="bbox 1811 3077 3377 3149">
     <span class='ocr_line' id='line_1_63' title="bbox 1811 3077 3377 3149; baseline 0.001 -16"><span class='ocrx_word' id='word_1_446' title='bbox 1811 3080 2137 3149; x_wconf 86' lang='lat' dir='ltr'><strong>insuperque</strong></span> <span class='ocrx_word' id='word_1_447' title='bbox 2171 3077 2397 3148; x_wconf 88' lang='lat' dir='ltr'><strong>legitimi</strong></span> <span class='ocrx_word' id='word_1_448' title='bbox 2427 3079 2643 3133; x_wconf 87' lang='lat' dir='ltr'><strong>illorum</strong></span> <span class='ocrx_word' id='word_1_449' title='bbox 2670 3080 2849 3134; x_wconf 89' lang='lat' dir='ltr'><strong>cultus</strong></span> <span class='ocrx_word' id='word_1_450' title='bbox 2872 3081 3102 3134; x_wconf 88' lang='lat' dir='ltr'><strong>cessatio</strong></span> <span class='ocrx_word' id='word_1_451' title='bbox 3125 3118 3142 3140; x_wconf 82' lang='lat'><strong>.</strong></span> <span class='ocrx_word' id='word_1_452' title='bbox 3173 3079 3377 3135; x_wconf 74' lang='lat' dir='ltr'><strong>CltriSti</strong></span> 
     </span>
    </p>
   </div>
   <div class='ocr_carea' id='block_1_64' title="bbox 128 3169 1708 3243">
    <p class='ocr_par' dir='ltr' id='par_1_64' title="bbox 128 3169 1707 3242">
     <span class='ocr_line' id='line_1_64' title="bbox 128 3169 1707 3242; baseline -0.001 -17"><span class='ocrx_word' id='word_1_453' title='bbox 128 3173 224 3225; x_wconf 79' lang='grc' dir='ltr'>καὶ</span> <span class='ocrx_word' id='word_1_454' title='bbox 256 3170 492 3242; x_wconf 81' lang='grc' dir='ltr'>αὑτῶνή</span> <span class='ocrx_word' id='word_1_455' title='bbox 532 3175 611 3234; x_wconf 82' lang='grc' dir='ltr'><strong>είς</strong></span> <span class='ocrx_word' id='word_1_456' title='bbox 654 3171 832 3225; x_wconf 83' lang='grc' dir='ltr'>πάντα</span> <span class='ocrx_word' id='word_1_457' title='bbox 851 3170 920 3223; x_wconf 88' lang='grc' dir='ltr'>τὰ</span> <span class='ocrx_word' id='word_1_458' title='bbox 950 3170 1077 3240; x_wconf 75' lang='grc' dir='ltr'>ἔθνη</span> <span class='ocrx_word' id='word_1_459' title='bbox 1102 3169 1387 3241; x_wconf 74' lang='grc' dir='ltr'>διασπορὰ,</span> <span class='ocrx_word' id='word_1_460' title='bbox 1419 3170 1513 3223; x_wconf 76' lang='grc' dir='ltr'>καὶ</span> <span class='ocrx_word' id='word_1_461' title='bbox 1543 3173 1575 3241; x_wconf 77' lang='grc' dir='ltr'>ἡ</span> <span class='ocrx_word' id='word_1_462' title='bbox 1603 3170 1707 3223; x_wconf 86' lang='grc' dir='ltr'><strong>ὑπὸ</strong></span> 
     </span>
    </p>
   </div>
   <div class='ocr_carea' id='block_1_65' title="bbox 1811 3169 3380 3243">
    <p class='ocr_par' dir='ltr' id='par_1_65' title="bbox 1813 3171 3380 3243">
     <span class='ocr_line' id='line_1_65' title="bbox 1813 3171 3380 3243; baseline 0.001 -17"><span class='ocrx_word' id='word_1_463' title='bbox 1813 3172 2096 3242; x_wconf 87' lang='lat' dir='ltr'><strong>ignoratio,</strong></span> <span class='ocrx_word' id='word_1_464' title='bbox 2129 3182 2181 3227; x_wconf 91' lang='lat' dir='ltr'><strong>et</strong></span> <span class='ocrx_word' id='word_1_465' title='bbox 2205 3173 2272 3227; x_wconf 88' lang='lat' dir='ltr'><strong>ab</strong></span> <span class='ocrx_word' id='word_1_466' title='bbox 2304 3172 2614 3243; x_wconf 89' lang='lat' dir='ltr'><strong>evangelica</strong></span> <span class='ocrx_word' id='word_1_467' title='bbox 2643 3173 2889 3228; x_wconf 78' lang='lat' dir='ltr'><strong>doctrina</strong></span> <span class='ocrx_word' id='word_1_468' title='bbox 2922 3172 3201 3227; x_wconf 84' lang='lat' dir='ltr'><strong>alienatio.</strong></span> <span class='ocrx_word' id='word_1_469' title='bbox 3254 3171 3380 3228; x_wconf 66' lang='lat' dir='ltr'><strong>llaec</strong></span> 
     </span>
    </p>
   </div>
   <div class='ocr_carea' id='block_1_66' title="bbox 128 3260 1708 3333">
    <p class='ocr_par' dir='ltr' id='par_1_66' title="bbox 128 3260 1708 3333">
     <span class='ocr_line' id='line_1_66' title="bbox 128 3260 1708 3333; baseline 0.011 -24"><span class='ocrx_word' id='word_1_470' title='bbox 128 3266 241 3325; x_wconf 69' lang='grc' dir='ltr'>τοῖς</span> <span class='ocrx_word' id='word_1_471' title='bbox 269 3262 485 3333; x_wconf 70' lang='grc' dir='ltr'>ἐχθροῖς</span> <span class='ocrx_word' id='word_1_472' title='bbox 513 3261 744 3321; x_wconf 86' lang='grc' dir='ltr'>δουλεία,</span> <span class='ocrx_word' id='word_1_473' title='bbox 780 3261 871 3314; x_wconf 76' lang='grc' dir='ltr'>καὶ</span> <span class='ocrx_word' id='word_1_474' title='bbox 893 3262 984 3314; x_wconf 76' lang='grc' dir='ltr'><strong>ἐπὶ</strong></span> <span class='ocrx_word' id='word_1_475' title='bbox 1005 3261 1211 3324; x_wconf 82' lang='grc' dir='ltr'>τούτοις</span> <span class='ocrx_word' id='word_1_476' title='bbox 1247 3263 1280 3332; x_wconf 84' lang='grc' dir='ltr'><strong>ἡ</strong></span> <span class='ocrx_word' id='word_1_477' title='bbox 1313 3260 1567 3333; x_wconf 78' lang='grc' dir='ltr'>στέρησις</span> <span class='ocrx_word' id='word_1_478' title='bbox 1609 3261 1708 3331; x_wconf 75' lang='grc' dir='ltr'><strong>τῆς</strong></span> 
     </span>
    </p>
   </div>
   <div class='ocr_carea' id='block_1_67' title="bbox 1811 3260 3380 3333">
    <p class='ocr_par' dir='ltr' id='par_1_67' title="bbox 1816 3262 3380 3333">
     <span class='ocr_line' id='line_1_67' title="bbox 1816 3262 3380 3333; baseline 0 -15"><span class='ocrx_word' id='word_1_479' title='bbox 1816 3262 2017 3327; x_wconf 86' lang='lat' dir='ltr'><strong>omnia,</strong></span> <span class='ocrx_word' id='word_1_480' title='bbox 2081 3263 2322 3333; x_wconf 89' lang='lat' dir='ltr'><strong>inquam,</strong></span> <span class='ocrx_word' id='word_1_481' title='bbox 2375 3264 2526 3332; x_wconf 87' lang='lat' dir='ltr'><strong>signa</strong></span> <span class='ocrx_word' id='word_1_482' title='bbox 2577 3266 2865 3333; x_wconf 87' lang='lat' dir='ltr'><strong>perspicua</strong></span> <span class='ocrx_word' id='word_1_483' title='bbox 2912 3272 3040 3319; x_wconf 92' lang='lat' dir='ltr'><strong>sunt</strong></span> <span class='ocrx_word' id='word_1_484' title='bbox 3086 3278 3273 3319; x_wconf 86' lang='lat' dir='ltr'><strong>earum</strong></span> <span class='ocrx_word' id='word_1_485' title='bbox 3326 3265 3380 3318; x_wconf 91' lang='lat' dir='ltr'><strong>in</strong></span> 
     </span>
    </p>
   </div>
   <div class='ocr_carea' id='block_1_68' title="bbox 126 3348 1708 3424">
    <p class='ocr_par' dir='ltr' id='par_1_68' title="bbox 126 3348 1708 3423">
     <span class='ocr_line' id='line_1_68' title="bbox 126 3348 1708 3423; baseline -0.003 -16"><span class='ocrx_word' id='word_1_486' title='bbox 126 3352 272 3407; x_wconf 70' lang='grc' dir='ltr'>κατὰ</span> <span class='ocrx_word' id='word_1_487' title='bbox 300 3355 371 3406; x_wconf 82' lang='grc' dir='ltr'>τὰ</span> <span class='ocrx_word' id='word_1_488' title='bbox 400 3351 608 3423; x_wconf 89' lang='grc' dir='ltr'>νόμιμα</span> <span class='ocrx_word' id='word_1_489' title='bbox 634 3350 812 3405; x_wconf 78' lang='grc' dir='ltr'>αὐτῶν</span> <span class='ocrx_word' id='word_1_490' title='bbox 844 3349 1157 3422; x_wconf 84' lang='grc' dir='ltr'>θρησκείας,</span> <span class='ocrx_word' id='word_1_491' title='bbox 1189 3350 1282 3403; x_wconf 79' lang='grc' dir='ltr'><strong>τοῦ</strong></span> <span class='ocrx_word' id='word_1_492' title='bbox 1324 3367 1383 3403; x_wconf 88' lang='grc' dir='ltr'><strong>τε</strong></span> <span class='ocrx_word' id='word_1_493' title='bbox 1409 3348 1644 3422; x_wconf 82' lang='grc' dir='ltr'>Χριστοῦ</span> <span class='ocrx_word' id='word_1_494' title='bbox 1678 3350 1708 3421; x_wconf 82' lang='grc' dir='ltr'><strong>ἡ</strong></span> 
     </span>
    </p>
   </div>
   <div class='ocr_carea' id='block_1_69' title="bbox 1811 3348 3379 3424">
    <p class='ocr_par' dir='ltr' id='par_1_69' title="bbox 1817 3350 3379 3424">
     <span class='ocr_line' id='line_1_69' title="bbox 1817 3350 3379 3424; baseline 0.004 -21"><span class='ocrx_word' id='word_1_495' title='bbox 1817 3350 2010 3419; x_wconf 90' lang='lat' dir='ltr'><strong>quibus</strong></span> <span class='ocrx_word' id='word_1_496' title='bbox 2034 3362 2321 3407; x_wconf 86' lang='lat' dir='ltr'><strong>versantur</strong></span> <span class='ocrx_word' id='word_1_497' title='bbox 2350 3352 2715 3419; x_wconf 88' lang='lat' dir='ltr'><strong>tenebrarum,</strong></span> <span class='ocrx_word' id='word_1_498' title='bbox 2742 3363 3029 3424; x_wconf 89' lang='lat' dir='ltr'><strong>propterea</strong></span> <span class='ocrx_word' id='word_1_499' title='bbox 3054 3354 3201 3423; x_wconf 87' lang='lat' dir='ltr'><strong>quod</strong></span> <span class='ocrx_word' id='word_1_500' title='bbox 3234 3352 3379 3409; x_wconf 86' lang='lat' dir='ltr'><strong>salu-</strong></span> 
     </span>
    </p>
   </div>
   <div class='ocr_carea' id='block_1_70' title="bbox 126 3440 1713 3513">
    <p class='ocr_par' dir='ltr' id='par_1_70' title="bbox 126 3440 1713 3513">
     <span class='ocr_line' id='line_1_70' title="bbox 126 3440 1713 3513; baseline -0.003 -16"><span class='ocrx_word' id='word_1_501' title='bbox 126 3443 397 3513; x_wconf 80' lang='grc' dir='ltr'>ἀγνωσία,</span> <span class='ocrx_word' id='word_1_502' title='bbox 428 3444 523 3498; x_wconf 75' lang='grc' dir='ltr'>καὶ</span> <span class='ocrx_word' id='word_1_503' title='bbox 550 3442 658 3497; x_wconf 89' lang='grc' dir='ltr'><strong>τῶν</strong></span> <span class='ocrx_word' id='word_1_504' title='bbox 688 3440 1060 3511; x_wconf 83' lang='grc' dir='ltr'>εὐαγγελικῶν</span> <span class='ocrx_word' id='word_1_505' title='bbox 1094 3441 1426 3512; x_wconf 82' lang='grc' dir='ltr'>μαθημάτων</span> <span class='ocrx_word' id='word_1_506' title='bbox 1467 3443 1502 3512; x_wconf 80' lang='grc' dir='ltr'><strong>η</strong></span> <span class='ocrx_word' id='word_1_507' title='bbox 1539 3440 1713 3495; x_wconf 85' lang='grc' dir='ltr'>ἀπαλ-</span> 
     </span>
    </p>
   </div>
   <div class='ocr_carea' id='block_1_71' title="bbox 1819 3441 2610 3499">
    <p class='ocr_par' dir='ltr' id='par_1_71' title="bbox 1819 3441 2610 3499">
     <span class='ocr_line' id='line_1_71' title="bbox 1819 3441 2610 3499; baseline 0.004 -4"><span class='ocrx_word' id='word_1_508' title='bbox 1819 3442 1918 3496; x_wconf 87' lang='lat' dir='ltr'><strong>tari</strong></span> <span class='ocrx_word' id='word_1_509' title='bbox 1947 3441 2137 3496; x_wconf 92' lang='lat' dir='ltr'><strong>lumini</strong></span> <span class='ocrx_word' id='word_1_510' title='bbox 2173 3444 2439 3498; x_wconf 85' lang='lat' dir='ltr'><strong>adversati</strong></span> <span class='ocrx_word' id='word_1_511' title='bbox 2465 3453 2610 3499; x_wconf 90' lang='lat' dir='ltr'><strong>sunt.</strong></span> 
     </span>
    </p>
   </div>
   <div class='ocr_carea' id='block_1_72' title="bbox 126 3530 3384 3609">
    <p class='ocr_par' dir='ltr' id='par_1_72' title="bbox 126 3530 3384 3609">
     <span class='ocr_line' id='line_1_72' title="bbox 126 3530 3384 3609; baseline 0 -21"><span class='ocrx_word' id='word_1_512' title='bbox 126 3536 445 3607; x_wconf 75' lang='grc' dir='ltr'>λοτρίωσιςο</span> <span class='ocrx_word' id='word_1_513' title='bbox 477 3536 648 3590; x_wconf 86' lang='grc' dir='ltr'>ταῦτα</span> <span class='ocrx_word' id='word_1_514' title='bbox 679 3535 789 3607; x_wconf 85' lang='grc' dir='ltr'>γὰρ</span> <span class='ocrx_word' id='word_1_515' title='bbox 818 3534 1031 3588; x_wconf 74' lang='grc' dir='ltr'>ἅπαντα</span> <span class='ocrx_word' id='word_1_516' title='bbox 1078 3536 1279 3603; x_wconf 86' lang='grc' dir='ltr'>σημεῖα</span> <span class='ocrx_word' id='word_1_517' title='bbox 1310 3536 1526 3606; x_wconf 73' lang='grc' dir='ltr'>ἐμφανῆ</span> <span class='ocrx_word' id='word_1_518' title='bbox 1569 3532 1655 3606; x_wconf 76' lang='grc' dir='ltr'><strong>εἴη</strong></span> <span class='ocrx_word' id='word_1_519' title='bbox 1712 3530 1780 3587; x_wconf 80' lang='grc' dir='ltr'>ἂν</span> <span class='ocrx_word' id='word_1_520' title='bbox 1820 3533 1914 3587; x_wconf 84' lang='grc' dir='ltr'>τοῦ</span> <span class='ocrx_word' id='word_1_521' title='bbox 1958 3533 2297 3599; x_wconf 83' lang='grc' dir='ltr'>διαλαϐόντος</span> <span class='ocrx_word' id='word_1_522' title='bbox 2340 3536 2538 3600; x_wconf 81' lang='grc' dir='ltr'>αὐτοὺς</span> <span class='ocrx_word' id='word_1_523' title='bbox 2591 3535 2834 3601; x_wconf 88' lang='grc' dir='ltr'>σκότους,</span> <span class='ocrx_word' id='word_1_524' title='bbox 2865 3554 2911 3605; x_wconf 86' lang='grc' dir='ltr'>ῳ</span> <span class='ocrx_word' id='word_1_525' title='bbox 2940 3535 3384 3609; x_wconf 71' lang='grc' dir='ltr'>ττεριπετπὼκασι</span> 
     </span>
    </p>
   </div>
   <div class='ocr_carea' id='block_1_73' title="bbox 129 3627 1324 3701">
    <p class='ocr_par' dir='ltr' id='par_1_73' title="bbox 129 3627 1324 3701">
     <span class='ocr_line' id='line_1_73' title="bbox 129 3627 1324 3701; baseline -0.002 -19"><span class='ocrx_word' id='word_1_526' title='bbox 129 3629 220 3683; x_wconf 79' lang='grc' dir='ltr'><strong>διὰ</strong></span> <span class='ocrx_word' id='word_1_527' title='bbox 244 3630 346 3701; x_wconf 78' lang='grc' dir='ltr'>τὴν</span> <span class='ocrx_word' id='word_1_528' title='bbox 366 3628 463 3683; x_wconf 81' lang='grc' dir='ltr'>τοῦ</span> <span class='ocrx_word' id='word_1_529' title='bbox 492 3629 759 3700; x_wconf 85' lang='grc' dir='ltr'>σωτηρίου</span> <span class='ocrx_word' id='word_1_530' title='bbox 789 3628 966 3698; x_wconf 82' lang='grc' dir='ltr'>φωτὸς</span> <span class='ocrx_word' id='word_1_531' title='bbox 986 3627 1324 3682; x_wconf 76' lang='grc' dir='ltr'>ἐναντίωσιν.</span> 
     </span>
    </p>
   </div>
   <div class='ocr_carea' id='block_1_74' title="bbox 202 3739 1710 3817">
    <p class='ocr_par' dir='ltr' id='par_1_74' title="bbox 202 3739 1710 3817">
     <span class='ocr_line' id='line_1_74' title="bbox 202 3739 1710 3817; baseline -0.003 -16"><span class='ocrx_word' id='word_1_532' title='bbox 202 3748 282 3801; x_wconf 81' lang='grc' dir='ltr'><strong>Δι’</strong></span> <span class='ocrx_word' id='word_1_533' title='bbox 311 3739 372 3800; x_wconf 78' lang='grc' dir='ltr'><strong>οὗ</strong></span> <span class='ocrx_word' id='word_1_534' title='bbox 398 3747 545 3800; x_wconf 83' lang='grc' dir='ltr'>δοκεῖ</span> <span class='ocrx_word' id='word_1_535' title='bbox 579 3763 667 3817; x_wconf 91' lang='grc' dir='ltr'><strong>μοι</strong></span> <span class='ocrx_word' id='word_1_536' title='bbox 687 3745 797 3817; x_wconf 78' lang='grc'><strong>(6⁸5)</strong></span> <span class='ocrx_word' id='word_1_537' title='bbox 814 3745 874 3798; x_wconf 78' lang='grc' dir='ltr'>τὸ</span> <span class='ocrx_word' id='word_1_538' title='bbox 896 3742 1181 3815; x_wconf 85' lang='grc' dir='ltr'>γνώρισμα</span> <span class='ocrx_word' id='word_1_539' title='bbox 1200 3744 1300 3813; x_wconf 83' lang='grc' dir='ltr'>τῆς</span> <span class='ocrx_word' id='word_1_540' title='bbox 1322 3742 1595 3815; x_wconf 83' lang='grc' dir='ltr'>βασιλείας</span> <span class='ocrx_word' id='word_1_541' title='bbox 1610 3743 1710 3798; x_wconf 77' lang='grc' dir='ltr'><strong>αὒ-</strong></span> 
     </span>
    </p>
   </div>
   <div class='ocr_carea' id='block_1_75' title="bbox 129 3835 1709 3911">
    <p class='ocr_par' dir='ltr' id='par_1_75' title="bbox 129 3835 1709 3911">
     <span class='ocr_line' id='line_1_75' title="bbox 129 3835 1709 3911; baseline -0.001 -20"><span class='ocrx_word' id='word_1_542' title='bbox 129 3841 233 3911; x_wconf 80' lang='grc' dir='ltr'>τῆς</span> <span class='ocrx_word' id='word_1_543' title='bbox 287 3839 641 3907; x_wconf 66' lang='grc' dir='ltr'>ὑποφαίνειν,</span> <span class='ocrx_word' id='word_1_544' title='bbox 698 3838 779 3891; x_wconf 83' lang='grc' dir='ltr'>ὅτι</span> <span class='ocrx_word' id='word_1_545' title='bbox 835 3836 897 3908; x_wconf 82' lang='grc' dir='ltr'>δὴ</span> <span class='ocrx_word' id='word_1_546' title='bbox 944 3835 1204 3904; x_wconf 88' lang='grc' dir='ltr'>βασιλέως</span> <span class='ocrx_word' id='word_1_547' title='bbox 1260 3837 1709 3909; x_wconf 81' lang='grc' dir='ltr'>ὲντετυπωμένην</span> 
     </span>
    </p>
   </div>
   <div class='ocr_carea' id='block_1_76' title="bbox 132 3925 1708 3999">
    <p class='ocr_par' dir='ltr' id='par_1_76' title="bbox 132 3925 1708 3999">
     <span class='ocr_line' id='line_1_76' title="bbox 132 3925 1708 3999; baseline -0.003 -17"><span class='ocrx_word' id='word_1_548' title='bbox 132 3930 319 3982; x_wconf 84' lang='grc' dir='ltr'>εἰκόνα</span> <span class='ocrx_word' id='word_1_549' title='bbox 356 3927 451 3981; x_wconf 80' lang='grc' dir='ltr'>τοῦ</span> <span class='ocrx_word' id='word_1_550' title='bbox 484 3927 737 3999; x_wconf 89' lang='grc' dir='ltr'>δηναρίου</span> <span class='ocrx_word' id='word_1_551' title='bbox 776 3925 837 3979; x_wconf 75' lang='grc' dir='ltr'>τὸ</span> <span class='ocrx_word' id='word_1_552' title='bbox 878 3926 1138 3997; x_wconf 82' lang='grc' dir='ltr'>χάραγμα</span> <span class='ocrx_word' id='word_1_553' title='bbox 1182 3926 1454 3997; x_wconf 84' lang='grc' dir='ltr'>σημαίνει.</span> <span class='ocrx_word' id='word_1_554' title='bbox 1495 3926 1708 3998; x_wconf 82' lang='grc' dir='ltr'>Ἐπειδὴ</span> 
     </span>
    </p>
   </div>
   <div class='ocr_carea' id='block_1_77' title="bbox 131 4019 1707 4090">
    <p class='ocr_par' dir='ltr' id='par_1_77' title="bbox 131 4019 1707 4090">
     <span class='ocr_line' id='line_1_77' title="bbox 131 4019 1707 4090; baseline -0.003 -14"><span class='ocrx_word' id='word_1_555' title='bbox 131 4025 313 4076; x_wconf 84' lang='grc' dir='ltr'>τοίνυν</span> <span class='ocrx_word' id='word_1_556' title='bbox 352 4022 561 4084; x_wconf 81' lang='grc' dir='ltr'>πάντας</span> <span class='ocrx_word' id='word_1_557' title='bbox 601 4021 728 4083; x_wconf 80' lang='grc' dir='ltr'>τοὺς</span> <span class='ocrx_word' id='word_1_558' title='bbox 762 4020 854 4072; x_wconf 78' lang='grc' dir='ltr'>ἐπὶ</span> <span class='ocrx_word' id='word_1_559' title='bbox 905 4020 994 4072; x_wconf 83' lang='grc' dir='ltr'>τὸν</span> <span class='ocrx_word' id='word_1_560' title='bbox 1031 4019 1329 4089; x_wconf 85' lang='grc' dir='ltr'>ἀμπελῶνα</span> <span class='ocrx_word' id='word_1_561' title='bbox 1367 4021 1461 4074; x_wconf 74' lang='grc' dir='ltr'>καὶ</span> <span class='ocrx_word' id='word_1_562' title='bbox 1505 4020 1565 4072; x_wconf 83' lang='grc' dir='ltr'>τὸ</span> <span class='ocrx_word' id='word_1_563' title='bbox 1609 4019 1707 4090; x_wconf 82' lang='grc' dir='ltr'>τῆς</span> 
     </span>
    </p>
   </div>
   <div class='ocr_carea' id='block_1_78' title="bbox 131 4110 1705 4182">
    <p class='ocr_par' dir='ltr' id='par_1_78' title="bbox 131 4110 1705 4182">
     <span class='ocr_line' id='line_1_78' title="bbox 131 4110 1705 4182; baseline -0.003 -14"><span class='ocrx_word' id='word_1_564' title='bbox 131 4113 446 4176; x_wconf 86' lang='grc' dir='ltr'>θεοσεϐείας</span> <span class='ocrx_word' id='word_1_565' title='bbox 479 4113 780 4182; x_wconf 87' lang='grc' dir='ltr'>πολίτευμα</span> <span class='ocrx_word' id='word_1_566' title='bbox 818 4110 1203 4181; x_wconf 83' lang='grc' dir='ltr'>παρελθόντας,</span> <span class='ocrx_word' id='word_1_567' title='bbox 1237 4113 1364 4181; x_wconf 82' lang='grc' dir='ltr'>μιᾶς</span> <span class='ocrx_word' id='word_1_568' title='bbox 1391 4128 1450 4164; x_wconf 88' lang='grc' dir='ltr'><strong>τε</strong></span> <span class='ocrx_word' id='word_1_569' title='bbox 1483 4112 1577 4164; x_wconf 72' lang='grc' dir='ltr'>καὶ</span> <span class='ocrx_word' id='word_1_570' title='bbox 1609 4111 1705 4181; x_wconf 81' lang='grc' dir='ltr'>τῆς</span> 
     </span>
    </p>
   </div>
   <div class='ocr_carea' id='block_1_79' title="bbox 131 4199 1711 4270">
    <p class='ocr_par' dir='ltr' id='par_1_79' title="bbox 131 4199 1711 4270">
     <span class='ocr_line' id='line_1_79' title="bbox 131 4199 1711 4270; baseline -0.003 -16"><span class='ocrx_word' id='word_1_571' title='bbox 131 4200 307 4270; x_wconf 72' lang='grc' dir='ltr'>αὐτῆς</span> <span class='ocrx_word' id='word_1_572' title='bbox 367 4200 630 4270; x_wconf 84' lang='grc' dir='ltr'>ἐργασίας</span> <span class='ocrx_word' id='word_1_573' title='bbox 679 4199 1020 4269; x_wconf 77' lang='grc' dir='ltr'>ἁψαμένους,</span> <span class='ocrx_word' id='word_1_574' title='bbox 1058 4199 1157 4269; x_wconf 81' lang='grc' dir='ltr'>τῆς</span> <span class='ocrx_word' id='word_1_575' title='bbox 1209 4200 1380 4269; x_wconf 76' lang='grc' dir='ltr'>αὐτῆς</span> <span class='ocrx_word' id='word_1_576' title='bbox 1436 4199 1711 4270; x_wconf 86' lang='grc' dir='ltr'>βασιλείας</span> 
     </span>
    </p>
   </div>
   <div class='ocr_carea' id='block_1_80' title="bbox 134 4282 1712 4359">
    <p class='ocr_par' dir='ltr' id='par_1_80' title="bbox 134 4282 1712 4359">
     <span class='ocr_line' id='line_1_80' title="bbox 134 4282 1712 4359; baseline 0.003 -20"><span class='ocrx_word' id='word_1_577' title='bbox 134 4289 427 4358; x_wconf 80' lang='grc' dir='ltr'>μετασχεῖν</span> <span class='ocrx_word' id='word_1_578' title='bbox 446 4282 516 4357; x_wconf 80' lang='grc' dir='ltr'>ἦν</span> <span class='ocrx_word' id='word_1_579' title='bbox 540 4286 763 4349; x_wconf 88' lang='grc' dir='ltr'>δίκαιον,</span> <span class='ocrx_word' id='word_1_580' title='bbox 790 4286 979 4351; x_wconf 61' lang='grc' dir='ltr'>τούτου</span> <span class='ocrx_word' id='word_1_581' title='bbox 1008 4288 1165 4359; x_wconf 86' lang='grc' dir='ltr'>χάριν</span> <span class='ocrx_word' id='word_1_582' title='bbox 1196 4288 1421 4352; x_wconf 86' lang='grc' dir='ltr'>είκότως</span> <span class='ocrx_word' id='word_1_583' title='bbox 1448 4292 1559 4351; x_wconf 83' lang='grc' dir='ltr'>τοῖς</span> <span class='ocrx_word' id='word_1_584' title='bbox 1578 4291 1712 4343; x_wconf 82' lang='grc' dir='ltr'>πᾶσι</span> 
     </span>
    </p>
   </div>
   <div class='ocr_carea' id='block_1_81' title="bbox 131 4376 1710 4450">
    <p class='ocr_par' dir='ltr' id='par_1_81' title="bbox 131 4376 1710 4450">
     <span class='ocr_line' id='line_1_81' title="bbox 131 4376 1710 4450; baseline 0.003 -20"><span class='ocrx_word' id='word_1_585' title='bbox 131 4379 233 4450; x_wconf 85' lang='grc' dir='ltr'>τῆς</span> <span class='ocrx_word' id='word_1_586' title='bbox 267 4377 544 4447; x_wconf 83' lang='grc' dir='ltr'>βασιλείας</span> <span class='ocrx_word' id='word_1_587' title='bbox 576 4376 639 4430; x_wconf 80' lang='grc' dir='ltr'>τὸ</span> <span class='ocrx_word' id='word_1_588' title='bbox 672 4377 936 4449; x_wconf 84' lang='grc' dir='ltr'>σύμϐολον</span> <span class='ocrx_word' id='word_1_589' title='bbox 967 4378 1027 4431; x_wconf 85' lang='grc' dir='ltr'>τὸ</span> <span class='ocrx_word' id='word_1_590' title='bbox 1062 4378 1315 4450; x_wconf 83' lang='grc' dir='ltr'>δηνάριον</span> <span class='ocrx_word' id='word_1_591' title='bbox 1349 4379 1671 4434; x_wconf 86' lang='grc' dir='ltr'>ἀποδίδωσιν</span> <span class='ocrx_word' id='word_1_592' title='bbox 1695 4423 1710 4449; x_wconf 91' lang='grc'><strong>,</strong></span> 
     </span>
    </p>
   </div>
   <div class='ocr_carea' id='block_1_82' title="bbox 130 4463 1714 4544">
    <p class='ocr_par' dir='ltr' id='par_1_82' title="bbox 130 4463 1714 4544">
     <span class='ocr_line' id='line_1_82' title="bbox 130 4463 1714 4544; baseline 0.002 -21"><span class='ocrx_word' id='word_1_593' title='bbox 130 4463 211 4523; x_wconf 83' lang='grc' dir='ltr'>ὧν</span> <span class='ocrx_word' id='word_1_594' title='bbox 235 4471 285 4523; x_wconf 83' lang='grc' dir='ltr'>οἱ</span> <span class='ocrx_word' id='word_1_595' title='bbox 323 4470 419 4539; x_wconf 86' lang='grc' dir='ltr'>μὲν</span> <span class='ocrx_word' id='word_1_596' title='bbox 446 4471 506 4523; x_wconf 81' lang='grc' dir='ltr'>ἐν</span> <span class='ocrx_word' id='word_1_597' title='bbox 537 4469 748 4540; x_wconf 87' lang='grc' dir='ltr'>νεότητι</span> <span class='ocrx_word' id='word_1_598' title='bbox 779 4468 1106 4540; x_wconf 77' lang='grc' dir='ltr'>ἐκλήθησαν,</span> <span class='ocrx_word' id='word_1_599' title='bbox 1133 4474 1182 4523; x_wconf 88' lang='grc' dir='ltr'>οἱ</span> <span class='ocrx_word' id='word_1_600' title='bbox 1200 4470 1256 4525; x_wconf 79' lang='grc' dir='ltr'>δὲ</span> <span class='ocrx_word' id='word_1_601' title='bbox 1282 4472 1407 4543; x_wconf 74' lang='grc' dir='ltr'>περὶ</span> <span class='ocrx_word' id='word_1_602' title='bbox 1433 4472 1524 4525; x_wconf 78' lang='grc' dir='ltr'>τὸν</span> <span class='ocrx_word' id='word_1_603' title='bbox 1553 4474 1714 4544; x_wconf 89' lang='grc' dir='ltr'>μέσον</span> 
     </span>
    </p>
   </div>
   <div class='ocr_carea' id='block_1_83' title="bbox 1876 3738 3379 3811">
    <p class='ocr_par' dir='ltr' id='par_1_83' title="bbox 1876 3738 3379 3811">
     <span class='ocr_line' id='line_1_83' title="bbox 1876 3738 3379 3811; baseline 0 -14"><span class='ocrx_word' id='word_1_604' title='bbox 1876 3741 1980 3797; x_wconf 90' lang='lat' dir='ltr'><strong>Per</strong></span> <span class='ocrx_word' id='word_1_605' title='bbox 2014 3740 2119 3796; x_wconf 85' lang='lat' dir='ltr'><strong>hoc</strong></span> <span class='ocrx_word' id='word_1_606' title='bbox 2153 3738 2370 3794; x_wconf 89' lang='lat' dir='ltr'><strong>videtur</strong></span> <span class='ocrx_word' id='word_1_607' title='bbox 2397 3738 2532 3794; x_wconf 88' lang='lat' dir='ltr'><strong>mihi</strong></span> <span class='ocrx_word' id='word_1_608' title='bbox 2579 3740 2730 3811; x_wconf 87' lang='lat' dir='ltr'><strong>regni</strong></span> <span class='ocrx_word' id='word_1_609' title='bbox 2761 3739 2930 3810; x_wconf 83' lang='lat' dir='ltr'><strong>ipsius</strong></span> <span class='ocrx_word' id='word_1_610' title='bbox 2963 3742 3237 3797; x_wconf 88' lang='lat' dir='ltr'><strong>notionem</strong></span> <span class='ocrx_word' id='word_1_611' title='bbox 3262 3750 3379 3797; x_wconf 80' lang='lat' dir='ltr'><strong>tra-</strong></span> 
     </span>
    </p>
   </div>
   <div class='ocr_carea' id='block_1_84' title="bbox 1802 3832 3382 3904">
    <p class='ocr_par' dir='ltr' id='par_1_84' title="bbox 1802 3832 3382 3904">
     <span class='ocr_line' id='line_1_84' title="bbox 1802 3832 3382 3904; baseline 0 -13"><span class='ocrx_word' id='word_1_612' title='bbox 1802 3834 1954 3900; x_wconf 88' lang='lat' dir='ltr'><strong>dere,</strong></span> <span class='ocrx_word' id='word_1_613' title='bbox 1983 3834 2107 3904; x_wconf 89' lang='lat' dir='ltr'><strong>quia</strong></span> <span class='ocrx_word' id='word_1_614' title='bbox 2140 3833 2281 3901; x_wconf 75' lang='lat' dir='ltr'><strong>regis</strong></span> <span class='ocrx_word' id='word_1_615' title='bbox 2312 3832 2962 3904; x_wconf 82' lang='lat' dir='ltr'><strong>impressamimaginem,</strong></span> <span class='ocrx_word' id='word_1_616' title='bbox 2985 3834 3192 3889; x_wconf 83' lang='lat' dir='ltr'><strong>denarii</strong></span> <span class='ocrx_word' id='word_1_617' title='bbox 3220 3849 3382 3891; x_wconf 89' lang='lat' dir='ltr'><strong>cusus</strong></span> 
     </span>
    </p>
   </div>
   <div class='ocr_carea' id='block_1_85' title="bbox 1805 3923 3380 3996">
    <p class='ocr_par' dir='ltr' id='par_1_85' title="bbox 1805 3923 3380 3996">
     <span class='ocr_line' id='line_1_85' title="bbox 1805 3923 3380 3996; baseline 0.001 -17"><span class='ocrx_word' id='word_1_618' title='bbox 1805 3934 1963 3996; x_wconf 83' lang='lat' dir='ltr'><strong>typus</strong></span> <span class='ocrx_word' id='word_1_619' title='bbox 1996 3925 2239 3979; x_wconf 84' lang='lat' dir='ltr'><strong>exhibet.</strong></span> <span class='ocrx_word' id='word_1_620' title='bbox 2270 3923 2407 3991; x_wconf 83' lang='lat' dir='ltr'><strong>Quia</strong></span> <span class='ocrx_word' id='word_1_621' title='bbox 2450 3924 2614 3994; x_wconf 89' lang='lat' dir='ltr'><strong>igitur</strong></span> <span class='ocrx_word' id='word_1_622' title='bbox 2657 3935 2888 3980; x_wconf 90' lang='lat' dir='ltr'><strong>cunctos</strong></span> <span class='ocrx_word' id='word_1_623' title='bbox 2919 3925 2971 3979; x_wconf 90' lang='lat' dir='ltr'><strong>in</strong></span> <span class='ocrx_word' id='word_1_624' title='bbox 3010 3926 3218 3980; x_wconf 87' lang='lat' dir='ltr'><strong>vineam</strong></span> <span class='ocrx_word' id='word_1_625' title='bbox 3252 3941 3380 3995; x_wconf 90' lang='lat' dir='ltr'><strong>pro-</strong></span> 
     </span>
    </p>
   </div>
   <div class='ocr_carea' id='block_1_86' title="bbox 1804 4016 3384 4089">
    <p class='ocr_par' dir='ltr' id='par_1_86' title="bbox 1804 4016 3384 4089">
     <span class='ocr_line' id='line_1_86' title="bbox 1804 4016 3384 4089; baseline 0.002 -18"><span class='ocrx_word' id='word_1_626' title='bbox 1804 4017 1973 4073; x_wconf 85' lang='lat' dir='ltr'><strong>fectos</strong></span> <span class='ocrx_word' id='word_1_627' title='bbox 2018 4026 2073 4072; x_wconf 92' lang='lat' dir='ltr'><strong>et</strong></span> <span class='ocrx_word' id='word_1_628' title='bbox 2122 4016 2423 4089; x_wconf 84' lang='lat' dir='ltr'><strong>religiosam</strong></span> <span class='ocrx_word' id='word_1_629' title='bbox 2453 4018 2707 4085; x_wconf 88' lang='lat' dir='ltr'><strong>pietatem</strong></span> <span class='ocrx_word' id='word_1_630' title='bbox 2738 4017 3013 4086; x_wconf 81' lang='lat' dir='ltr'><strong>amplexos</strong></span> <span class='ocrx_word' id='word_1_631' title='bbox 3037 4058 3052 4081; x_wconf 93' lang='lat'><strong>,</strong></span> <span class='ocrx_word' id='word_1_632' title='bbox 3089 4033 3302 4089; x_wconf 83' lang='lat' dir='ltr'><strong>unaque</strong></span> <span class='ocrx_word' id='word_1_633' title='bbox 3329 4029 3384 4074; x_wconf 90' lang='lat' dir='ltr'><strong>et</strong></span> 
     </span>
    </p>
   </div>
   <div class='ocr_carea' id='block_1_87' title="bbox 1810 4108 3378 4180">
    <p class='ocr_par' dir='ltr' id='par_1_87' title="bbox 1810 4108 3378 4180">
     <span class='ocr_line' id='line_1_87' title="bbox 1810 4108 3378 4180; baseline 0.001 -17"><span class='ocrx_word' id='word_1_634' title='bbox 1810 4109 1998 4163; x_wconf 90' lang='lat' dir='ltr'><strong>eadem</strong></span> <span class='ocrx_word' id='word_1_635' title='bbox 2065 4124 2230 4177; x_wconf 87' lang='lat' dir='ltr'><strong>opera</strong></span> <span class='ocrx_word' id='word_1_636' title='bbox 2287 4108 2598 4177; x_wconf 78' lang='lat' dir='ltr'><strong>perfunctos</strong></span> <span class='ocrx_word' id='word_1_637' title='bbox 2636 4147 2652 4173; x_wconf 91' lang='lat'><strong>,</strong></span> <span class='ocrx_word' id='word_1_638' title='bbox 2733 4109 2919 4164; x_wconf 89' lang='lat' dir='ltr'><strong>eodem</strong></span> <span class='ocrx_word' id='word_1_639' title='bbox 2982 4125 3150 4180; x_wconf 88' lang='lat' dir='ltr'><strong>regno</strong></span> <span class='ocrx_word' id='word_1_640' title='bbox 3218 4111 3378 4179; x_wconf 86' lang='lat' dir='ltr'><strong>potiri</strong></span> 
     </span>
    </p>
   </div>
   <div class='ocr_carea' id='block_1_88' title="bbox 1808 4201 3385 4273">
    <p class='ocr_par' dir='ltr' id='par_1_88' title="bbox 1808 4201 3385 4273">
     <span class='ocr_line' id='line_1_88' title="bbox 1808 4201 3385 4273; baseline 0.004 -19"><span class='ocrx_word' id='word_1_641' title='bbox 1808 4214 2020 4268; x_wconf 61' lang='lat' dir='ltr'><strong>equum</strong></span> <span class='ocrx_word' id='word_1_642' title='bbox 2046 4212 2186 4265; x_wconf 90' lang='lat' dir='ltr'><strong>erat,</strong></span> <span class='ocrx_word' id='word_1_643' title='bbox 2209 4201 2328 4255; x_wconf 86' lang='lat' dir='ltr'><strong>ideo</strong></span> <span class='ocrx_word' id='word_1_644' title='bbox 2355 4202 2565 4256; x_wconf 90' lang='lat' dir='ltr'><strong>cunctis</strong></span> <span class='ocrx_word' id='word_1_645' title='bbox 2588 4201 2737 4271; x_wconf 87' lang='lat' dir='ltr'><strong>regni</strong></span> <span class='ocrx_word' id='word_1_646' title='bbox 2772 4203 3098 4273; x_wconf 88' lang='lat' dir='ltr'><strong>symbolum,</strong></span> <span class='ocrx_word' id='word_1_647' title='bbox 3129 4205 3385 4261; x_wconf 86' lang='lat' dir='ltr'><strong>denarius</strong></span> 
     </span>
    </p>
   </div>
   <div class='ocr_carea' id='block_1_89' title="bbox 1811 4292 3385 4367">
    <p class='ocr_par' dir='ltr' id='par_1_89' title="bbox 1811 4292 3385 4367">
     <span class='ocr_line' id='line_1_89' title="bbox 1811 4292 3385 4367; baseline 0.003 -21"><span class='ocrx_word' id='word_1_648' title='bbox 1811 4292 2078 4367; x_wconf 80' lang='lat' dir='ltr'><strong>videlicet,</strong></span> <span class='ocrx_word' id='word_1_649' title='bbox 2103 4292 2227 4360; x_wconf 89' lang='lat' dir='ltr'><strong>jure</strong></span> <span class='ocrx_word' id='word_1_650' title='bbox 2261 4292 2457 4361; x_wconf 89' lang='lat' dir='ltr'><strong>datur;</strong></span> <span class='ocrx_word' id='word_1_651' title='bbox 2489 4307 2717 4362; x_wconf 90' lang='lat' dir='ltr'><strong>quorum</strong></span> <span class='ocrx_word' id='word_1_652' title='bbox 2760 4294 2848 4347; x_wconf 92' lang='lat' dir='ltr'><strong>alii</strong></span> <span class='ocrx_word' id='word_1_653' title='bbox 2902 4294 3121 4363; x_wconf 91' lang='lat' dir='ltr'><strong>quidem</strong></span> <span class='ocrx_word' id='word_1_654' title='bbox 3157 4296 3223 4349; x_wconf 91' lang='lat' dir='ltr'><strong>ab</strong></span> <span class='ocrx_word' id='word_1_655' title='bbox 3250 4297 3385 4350; x_wconf 61' lang='lat' dir='ltr'><strong>ador</strong></span> 
     </span>
    </p>
   </div>
   <div class='ocr_carea' id='block_1_90' title="bbox 1812 4383 3385 4450">
    <p class='ocr_par' dir='ltr' id='par_1_90' title="bbox 1812 4383 3385 4450">
     <span class='ocr_line' id='line_1_90' title="bbox 1812 4383 3385 4450; baseline 0.003 -12"><span class='ocrx_word' id='word_1_656' title='bbox 1812 4383 2071 4440; x_wconf 88' lang='lat' dir='ltr'><strong>lescentia</strong></span> <span class='ocrx_word' id='word_1_657' title='bbox 2102 4384 2321 4438; x_wconf 81' lang='lat' dir='ltr'><strong>fuerunt</strong></span> <span class='ocrx_word' id='word_1_658' title='bbox 2349 4385 2544 4450; x_wconf 84' lang='lat' dir='ltr'><strong>vocati,</strong></span> <span class='ocrx_word' id='word_1_659' title='bbox 2579 4385 2671 4439; x_wconf 91' lang='lat' dir='ltr'><strong>alii</strong></span> <span class='ocrx_word' id='word_1_660' title='bbox 2699 4384 2843 4440; x_wconf 90' lang='lat' dir='ltr'><strong>circa</strong></span> <span class='ocrx_word' id='word_1_661' title='bbox 2877 4387 3110 4439; x_wconf 87' lang='lat' dir='ltr'><strong>medium</strong></span> <span class='ocrx_word' id='word_1_662' title='bbox 3140 4386 3385 4442; x_wconf 71' lang='lat' dir='ltr'><strong>humana:</strong></span> 
     </span>
    </p>
   </div>
   <div class='ocr_carea' id='block_1_91' title="bbox 1814 4474 3387 4547">
    <p class='ocr_par' dir='ltr' id='par_1_91' title="bbox 1814 4474 3387 4547">
     <span class='ocr_line' id='line_1_91' title="bbox 1814 4474 3387 4547; baseline 0.001 -18"><span class='ocrx_word' id='word_1_663' title='bbox 1814 4477 1939 4530; x_wconf 60' lang='lat' dir='ltr'><strong>vitae</strong></span> <span class='ocrx_word' id='word_1_664' title='bbox 1968 4484 2203 4544; x_wconf 90' lang='lat' dir='ltr'><strong>tempus,</strong></span> <span class='ocrx_word' id='word_1_665' title='bbox 2247 4475 2336 4528; x_wconf 92' lang='lat' dir='ltr'><strong>alii</strong></span> <span class='ocrx_word' id='word_1_666' title='bbox 2371 4474 2424 4529; x_wconf 91' lang='lat' dir='ltr'><strong>in</strong></span> <span class='ocrx_word' id='word_1_667' title='bbox 2472 4486 2689 4531; x_wconf 66' lang='lat' dir='ltr'><strong>aetatem</strong></span> <span class='ocrx_word' id='word_1_668' title='bbox 2735 4476 2846 4545; x_wconf 86' lang='lat' dir='ltr'><strong>jam</strong></span> <span class='ocrx_word' id='word_1_669' title='bbox 2896 4476 3105 4531; x_wconf 84' lang='lat' dir='ltr'><strong>virilem</strong></span> <span class='ocrx_word' id='word_1_670' title='bbox 3162 4486 3217 4532; x_wconf 89' lang='lat' dir='ltr'><strong>et</strong></span> <span class='ocrx_word' id='word_1_671' title='bbox 3265 4493 3387 4547; x_wconf 83' lang='lat' dir='ltr'><strong>per-</strong></span> 
     </span>
    </p>
   </div>
   <div class='ocr_carea' id='block_1_92' title="bbox 130 4550 1708 4636">
    <p class='ocr_par' dir='ltr' id='par_1_92' title="bbox 130 4558 1708 4632">
     <span class='ocr_line' id='line_1_92' title="bbox 130 4558 1708 4632; baseline 0.002 -20"><span class='ocrx_word' id='word_1_672' title='bbox 130 4561 235 4631; x_wconf 80' lang='grc' dir='ltr'>τῆς</span> <span class='ocrx_word' id='word_1_673' title='bbox 261 4559 553 4632; x_wconf 82' lang='grc' dir='ltr'>ἀνθρώπου</span> <span class='ocrx_word' id='word_1_674' title='bbox 588 4559 733 4630; x_wconf 82' lang='grc' dir='ltr'>ζωῆς</span> <span class='ocrx_word' id='word_1_675' title='bbox 760 4559 972 4630; x_wconf 87' lang='grc' dir='ltr'>χρόνον,</span> <span class='ocrx_word' id='word_1_676' title='bbox 1019 4561 1072 4612; x_wconf 87' lang='grc' dir='ltr'>οἱ</span> <span class='ocrx_word' id='word_1_677' title='bbox 1103 4560 1161 4612; x_wconf 84' lang='grc' dir='ltr'>δὲ</span> <span class='ocrx_word' id='word_1_678' title='bbox 1196 4558 1288 4613; x_wconf 78' lang='grc' dir='ltr'>τὸν</span> <span class='ocrx_word' id='word_1_679' title='bbox 1318 4559 1487 4631; x_wconf 77' lang='grc' dir='ltr'>ἄνδρα</span> <span class='ocrx_word' id='word_1_680' title='bbox 1508 4560 1708 4615; x_wconf 86' lang='grc' dir='ltr'>τέλειον</span> 
     </span>
    </p>
   </div>
   <div class='ocr_carea' id='block_1_93' title="bbox 1811 4550 3388 4636">
    <p class='ocr_par' dir='ltr' id='par_1_93' title="bbox 1813 4563 3388 4636">
     <span class='ocr_line' id='line_1_93' title="bbox 1813 4563 3388 4636; baseline 0.003 -19"><span class='ocrx_word' id='word_1_681' title='bbox 1813 4564 2009 4619; x_wconf 73' lang='lat' dir='ltr'><strong>lectam</strong></span> <span class='ocrx_word' id='word_1_682' title='bbox 2042 4564 2301 4632; x_wconf 76' lang='lat' dir='ltr'><strong>provecti,</strong></span> <span class='ocrx_word' id='word_1_683' title='bbox 2332 4564 2421 4618; x_wconf 85' lang='lat' dir='ltr'><strong>alii</strong></span> <span class='ocrx_word' id='word_1_684' title='bbox 2455 4563 2689 4634; x_wconf 88' lang='lat' dir='ltr'><strong>denique</strong></span> <span class='ocrx_word' id='word_1_685' title='bbox 2722 4564 2832 4636; x_wconf 88' lang='lat' dir='ltr'><strong>jam</strong></span> <span class='ocrx_word' id='word_1_686' title='bbox 2872 4581 3033 4621; x_wconf 85' lang='lat' dir='ltr'><strong>senes</strong></span> <span class='ocrx_word' id='word_1_687' title='bbox 3082 4576 3136 4621; x_wconf 92' lang='lat' dir='ltr'><strong>et</strong></span> <span class='ocrx_word' id='word_1_688' title='bbox 3180 4566 3232 4621; x_wconf 91' lang='lat' dir='ltr'><strong>in</strong></span> <span class='ocrx_word' id='word_1_689' title='bbox 3264 4567 3388 4622; x_wconf 71' lang='lat' dir='ltr'><strong>vita:</strong></span> 
     </span>
    </p>
   </div>
   <div class='ocr_carea' id='block_1_94' title="bbox 133 4650 1711 4723">
    <p class='ocr_par' dir='ltr' id='par_1_94' title="bbox 133 4650 1711 4723">
     <span class='ocr_line' id='line_1_94' title="bbox 133 4650 1711 4723; baseline 0.001 -19"><span class='ocrx_word' id='word_1_690' title='bbox 133 4652 241 4723; x_wconf 69' lang='grc' dir='ltr'>ἤδη</span> <span class='ocrx_word' id='word_1_691' title='bbox 281 4655 375 4705; x_wconf 78' lang='grc' dir='ltr'>καὶ</span> <span class='ocrx_word' id='word_1_692' title='bbox 413 4650 830 4722; x_wconf 73' lang='grc' dir='ltr'>ὑπερϐεϐηκότα</span> <span class='ocrx_word' id='word_1_693' title='bbox 863 4650 1209 4721; x_wconf 84' lang='grc' dir='ltr'>ἀνειληφότες</span> <span class='ocrx_word' id='word_1_694' title='bbox 1229 4690 1244 4714; x_wconf 89' lang='grc'><strong>,</strong></span> <span class='ocrx_word' id='word_1_695' title='bbox 1277 4654 1325 4705; x_wconf 81' lang='grc' dir='ltr'>οἱ</span> <span class='ocrx_word' id='word_1_696' title='bbox 1356 4651 1415 4705; x_wconf 85' lang='grc' dir='ltr'>δὲ</span> <span class='ocrx_word' id='word_1_697' title='bbox 1450 4651 1591 4706; x_wconf 82' lang='grc' dir='ltr'>κατὰ</span> <span class='ocrx_word' id='word_1_698' title='bbox 1619 4653 1711 4707; x_wconf 83' lang='grc' dir='ltr'>τὸν</span> 
     </span>
    </p>
   </div>
   <div class='ocr_carea' id='block_1_95' title="bbox 133 4739 1712 4813">
    <p class='ocr_par' dir='ltr' id='par_1_95' title="bbox 133 4739 1712 4813">
     <span class='ocr_line' id='line_1_95' title="bbox 133 4739 1712 4813; baseline 0 -20"><span class='ocrx_word' id='word_1_699' title='bbox 133 4739 454 4813; x_wconf 83' lang='grc' dir='ltr'>πρεσϐύτην</span> <span class='ocrx_word' id='word_1_700' title='bbox 491 4741 655 4794; x_wconf 82' lang='grc' dir='ltr'>αὐτὸν</span> <span class='ocrx_word' id='word_1_701' title='bbox 688 4740 948 4812; x_wconf 85' lang='grc' dir='ltr'>γηραλέοι</span> <span class='ocrx_word' id='word_1_702' title='bbox 990 4740 1174 4794; x_wconf 79' lang='grc' dir='ltr'>λοιπὸν</span> <span class='ocrx_word' id='word_1_703' title='bbox 1221 4741 1317 4795; x_wconf 75' lang='grc' dir='ltr'>καὶ</span> <span class='ocrx_word' id='word_1_704' title='bbox 1346 4741 1474 4812; x_wconf 75' lang='grc' dir='ltr'>περὶ</span> <span class='ocrx_word' id='word_1_705' title='bbox 1504 4741 1712 4813; x_wconf 83' lang='grc' dir='ltr'>δυσμὰς</span> 
     </span>
    </p>
   </div>
   <div class='ocr_carea' id='block_1_96' title="bbox 134 4830 1714 4904">
    <p class='ocr_par' dir='ltr' id='par_1_96' title="bbox 134 4830 1714 4904">
     <span class='ocr_line' id='line_1_96' title="bbox 134 4830 1714 4904; baseline 0 -19"><span class='ocrx_word' id='word_1_706' title='bbox 134 4834 356 4904; x_wconf 79' lang='grc' dir='ltr'>ἔχοντες</span> <span class='ocrx_word' id='word_1_707' title='bbox 383 4832 479 4885; x_wconf 73' lang='grc' dir='ltr'>τοῦ</span> <span class='ocrx_word' id='word_1_708' title='bbox 502 4832 638 4903; x_wconf 89' lang='grc' dir='ltr'>βίου.</span> <span class='ocrx_word' id='word_1_709' title='bbox 673 4833 830 4886; x_wconf 73' lang='grc' dir='ltr'>Εἴποι</span> <span class='ocrx_word' id='word_1_710' title='bbox 854 4832 898 4885; x_wconf 81' lang='grc' dir='ltr'>δ’</span> <span class='ocrx_word' id='word_1_711' title='bbox 927 4831 993 4885; x_wconf 78' lang='grc' dir='ltr'>ἄν</span> <span class='ocrx_word' id='word_1_712' title='bbox 1019 4849 1105 4896; x_wconf 88' lang='grc' dir='ltr'><strong>τις</strong></span> <span class='ocrx_word' id='word_1_713' title='bbox 1137 4835 1232 4887; x_wconf 81' lang='grc' dir='ltr'>καὶ</span> <span class='ocrx_word' id='word_1_714' title='bbox 1263 4832 1465 4904; x_wconf 77' lang='grc' dir='ltr'>ἑτέρως</span> <span class='ocrx_word' id='word_1_715' title='bbox 1484 4830 1714 4904; x_wconf 78' lang='grc' dir='ltr'>ἐξηγού-</span> 
     </span>
    </p>
   </div>
   <div class='ocr_carea' id='block_1_97' title="bbox 138 4924 1715 4997">
    <p class='ocr_par' dir='ltr' id='par_1_97' title="bbox 138 4924 1715 4997">
     <span class='ocr_line' id='line_1_97' title="bbox 138 4924 1715 4997; baseline 0.001 -20"><span class='ocrx_word' id='word_1_716' title='bbox 138 4942 303 4996; x_wconf 83' lang='grc' dir='ltr'>μενος</span> <span class='ocrx_word' id='word_1_717' title='bbox 331 4925 692 4995; x_wconf 76' lang='grc' dir='ltr'>ἐφαρμόττειν</span> <span class='ocrx_word' id='word_1_718' title='bbox 719 4924 790 4978; x_wconf 84' lang='grc' dir='ltr'>τὰ</span> <span class='ocrx_word' id='word_1_719' title='bbox 815 4924 902 4978; x_wconf 84' lang='grc' dir='ltr'><strong>διά</strong></span> <span class='ocrx_word' id='word_1_720' title='bbox 931 4925 1028 4995; x_wconf 83' lang='grc' dir='ltr'>τῆς</span> <span class='ocrx_word' id='word_1_721' title='bbox 1060 4924 1372 4997; x_wconf 83' lang='grc' dir='ltr'>παραϐολῆς</span> <span class='ocrx_word' id='word_1_722' title='bbox 1411 4924 1715 4996; x_wconf 87' lang='grc' dir='ltr'>δηλούμενα</span> 
     </span>
    </p>
   </div>
   <div class='ocr_carea' id='block_1_98' title="bbox 130 5014 1713 5089">
    <p class='ocr_par' dir='ltr' id='par_1_98' title="bbox 130 5014 1713 5089">
     <span class='ocr_line' id='line_1_98' title="bbox 130 5014 1713 5089; baseline 0.001 -22"><span class='ocrx_word' id='word_1_723' title='bbox 130 5017 250 5078; x_wconf 79' lang='grc' dir='ltr'>τοῖς</span> <span class='ocrx_word' id='word_1_724' title='bbox 288 5015 558 5069; x_wconf 85' lang='grc' dir='ltr'>ἀνέκαθεν</span> <span class='ocrx_word' id='word_1_725' title='bbox 596 5017 661 5068; x_wconf 81' lang='grc' dir='ltr'>ὲκ</span> <span class='ocrx_word' id='word_1_726' title='bbox 698 5014 923 5086; x_wconf 78' lang='grc' dir='ltr'>πρώτης</span> <span class='ocrx_word' id='word_1_727' title='bbox 974 5014 1067 5068; x_wconf 81' lang='grc' dir='ltr'><strong>τοῦ</strong></span> <span class='ocrx_word' id='word_1_728' title='bbox 1109 5015 1225 5085; x_wconf 87' lang='grc' dir='ltr'>βίου</span> <span class='ocrx_word' id='word_1_729' title='bbox 1267 5016 1511 5079; x_wconf 79' lang='grc' dir='ltr'>στάσεως</span> <span class='ocrx_word' id='word_1_730' title='bbox 1552 5016 1713 5089; x_wconf 83' lang='grc' dir='ltr'>μέχρι</span> 
     </span>
    </p>
   </div>
   <div class='ocr_carea' id='block_1_99' title="bbox 140 5107 1713 5182">
    <p class='ocr_par' dir='ltr' id='par_1_99' title="bbox 140 5107 1713 5182">
     <span class='ocr_line' id='line_1_99' title="bbox 140 5107 1713 5182; baseline 0.001 -22"><span class='ocrx_word' id='word_1_731' title='bbox 140 5108 452 5171; x_wconf 84' lang='grc' dir='ltr'>συντελείας</span> <span class='ocrx_word' id='word_1_732' title='bbox 468 5107 725 5173; x_wconf 77' lang='grc' dir='ltr'>καταξιου</span> <span class='ocrx_word' id='word_1_733' title='bbox 733 5108 911 5179; x_wconf 85' lang='grc' dir='ltr'>μένοις</span> <span class='ocrx_word' id='word_1_734' title='bbox 925 5110 1023 5177; x_wconf 87' lang='grc' dir='ltr'><strong>τῆς</strong></span> <span class='ocrx_word' id='word_1_735' title='bbox 1042 5109 1224 5162; x_wconf 76' lang='grc' dir='ltr'>ἐνθέου</span> <span class='ocrx_word' id='word_1_736' title='bbox 1246 5109 1507 5182; x_wconf 88' lang='grc' dir='ltr'>κλήσεως·</span> <span class='ocrx_word' id='word_1_737' title='bbox 1527 5109 1713 5180; x_wconf 84' lang='grc' dir='ltr'>ὥσπερ</span> 
     </span>
    </p>
   </div>
   <div class='ocr_carea' id='block_1_100' title="bbox 135 5195 1715 5274">
    <p class='ocr_par' dir='ltr' id='par_1_100' title="bbox 135 5195 1715 5274">
     <span class='ocr_line' id='line_1_100' title="bbox 135 5195 1715 5274; baseline 0.001 -21"><span class='ocrx_word' id='word_1_738' title='bbox 135 5195 257 5267; x_wconf 74' lang='grc' dir='ltr'>ἅμα</span> <span class='ocrx_word' id='word_1_739' title='bbox 286 5197 432 5269; x_wconf 79' lang='grc' dir='ltr'>πρωῒ</span> <span class='ocrx_word' id='word_1_740' title='bbox 452 5198 750 5268; x_wconf 84' lang='grc' dir='ltr'>κεκλῆσθαι</span> <span class='ocrx_word' id='word_1_741' title='bbox 776 5199 953 5264; x_wconf 88' lang='grc' dir='ltr'>λέγειν</span> <span class='ocrx_word' id='word_1_742' title='bbox 983 5199 1075 5253; x_wconf 73' lang='grc' dir='ltr'><strong>ἐπὶ</strong></span> <span class='ocrx_word' id='word_1_743' title='bbox 1096 5199 1191 5271; x_wconf 84' lang='grc' dir='ltr'>τὴν</span> <span class='ocrx_word' id='word_1_744' title='bbox 1215 5199 1521 5264; x_wconf 87' lang='grc' dir='ltr'>θεοσεϐείας</span> <span class='ocrx_word' id='word_1_745' title='bbox 1550 5203 1715 5274; x_wconf 78' lang='grc' dir='ltr'>ἐργα-</span> 
     </span>
    </p>
   </div>
   <div class='ocr_carea' id='block_1_101' title="bbox 139 5289 1712 5365">
    <p class='ocr_par' dir='ltr' id='par_1_101' title="bbox 139 5289 1712 5365">
     <span class='ocr_line' id='line_1_101' title="bbox 139 5289 1712 5365; baseline 0.004 -24"><span class='ocrx_word' id='word_1_746' title='bbox 139 5289 263 5342; x_wconf 85' lang='grc' dir='ltr'>σίαν</span> <span class='ocrx_word' id='word_1_747' title='bbox 288 5291 415 5353; x_wconf 84' lang='grc' dir='ltr'>τοὺς</span> <span class='ocrx_word' id='word_1_748' title='bbox 447 5289 588 5343; x_wconf 80' lang='grc' dir='ltr'>κατὰ</span> <span class='ocrx_word' id='word_1_749' title='bbox 608 5290 706 5361; x_wconf 83' lang='grc' dir='ltr'>τὴν</span> <span class='ocrx_word' id='word_1_750' title='bbox 730 5292 904 5362; x_wconf 80' lang='grc' dir='ltr'>ἀρχὴν</span> <span class='ocrx_word' id='word_1_751' title='bbox 934 5290 1027 5344; x_wconf 83' lang='grc' dir='ltr'>τοῦ</span> <span class='ocrx_word' id='word_1_752' title='bbox 1057 5291 1171 5362; x_wconf 86' lang='grc' dir='ltr'>βίου</span> <span class='ocrx_word' id='word_1_753' title='bbox 1211 5291 1458 5365; x_wconf 80' lang='grc' dir='ltr'>πρώτους</span> <span class='ocrx_word' id='word_1_754' title='bbox 1490 5293 1712 5347; x_wconf 86' lang='grc' dir='ltr'>δικαιω-</span> 
     </span>
    </p>
   </div>
   <div class='ocr_carea' id='block_1_102' title="bbox 140 5378 1709 5455">
    <p class='ocr_par' dir='ltr' id='par_1_102' title="bbox 140 5378 1709 5455">
     <span class='ocr_line' id='line_1_102' title="bbox 140 5378 1709 5455; baseline 0.004 -23"><span class='ocrx_word' id='word_1_755' title='bbox 140 5378 366 5441; x_wconf 64' lang='grc' dir='ltr'>θένταςο</span> <span class='ocrx_word' id='word_1_756' title='bbox 398 5381 682 5454; x_wconf 84' lang='grc' dir='ltr'>δευτέρους</span> <span class='ocrx_word' id='word_1_757' title='bbox 706 5382 763 5435; x_wconf 82' lang='grc' dir='ltr'>δὲ</span> <span class='ocrx_word' id='word_1_758' title='bbox 782 5385 909 5447; x_wconf 84' lang='grc' dir='ltr'>τοὺς</span> <span class='ocrx_word' id='word_1_759' title='bbox 937 5383 1082 5454; x_wconf 77' lang='grc' dir='ltr'><strong>ἀμφὶ</strong></span> <span class='ocrx_word' id='word_1_760' title='bbox 1108 5383 1200 5438; x_wconf 79' lang='grc' dir='ltr'>τὸν</span> <span class='ocrx_word' id='word_1_761' title='bbox 1235 5382 1405 5455; x_wconf 84' lang='grc' dir='ltr'>Ἑνὼχ</span> <span class='ocrx_word' id='word_1_762' title='bbox 1437 5384 1533 5439; x_wconf 63' lang='grc' dir='ltr'><strong>καὶ⁹</strong></span> <span class='ocrx_word' id='word_1_763' title='bbox 1563 5384 1709 5438; x_wconf 83' lang='grc' dir='ltr'>Νῶε·</span> 
     </span>
    </p>
   </div>
   <div class='ocr_carea' id='block_1_103' title="bbox 210 5576 1715 5662">
    <p class='ocr_par' dir='ltr' id='par_1_103' title="bbox 210 5576 1715 5662">
     <span class='ocr_line' id='line_1_103' title="bbox 210 5576 1715 5662; baseline 0.003 -20"><span class='ocrx_word' id='word_1_764' title='bbox 210 5585 326 5660; x_wconf 74' lang='grc'><strong>(62)</strong></span> <span class='ocrx_word' id='word_1_765' title='bbox 365 5576 1022 5662; x_wconf 24' lang='grc' dir='ltr'>εγωιιυιεὶηιεᾼηὶκῖιηιυτ</span> <span class='ocrx_word' id='word_1_766' title='bbox 1053 5591 1352 5660; x_wconf 74' lang='lat' dir='ltr'><strong>przesertim</strong></span> <span class='ocrx_word' id='word_1_767' title='bbox 1391 5606 1617 5657; x_wconf 86' lang='lat' dir='ltr'><strong>cruces,</strong></span> <span class='ocrx_word' id='word_1_768' title='bbox 1653 5600 1715 5662; x_wconf 84' lang='lat' dir='ltr'><strong>ut</strong></span> 
     </span>
    </p>
   </div>
   <div class='ocr_carea' id='block_1_104' title="bbox 139 5660 1780 5754">
    <p class='ocr_par' dir='ltr' id='par_1_104' title="bbox 139 5660 1780 5754">
     <span class='ocr_line' id='line_1_104' title="bbox 139 5660 1780 5754; baseline 0.002 -41"><span class='ocrx_word' id='word_1_769' title='bbox 139 5660 522 5754; x_wconf 47' lang='grc' dir='ltr'>ρὲἷιὲηλσηιιί</span> <span class='ocrx_word' id='word_1_770' title='bbox 569 5660 710 5718; x_wconf 87' lang='lat' dir='ltr'><strong>solet</strong></span> <span class='ocrx_word' id='word_1_771' title='bbox 750 5660 1089 5735; x_wconf 80' lang='lat' dir='ltr'><strong>Nicephorus</strong></span> <span class='ocrx_word' id='word_1_772' title='bbox 1124 5663 1188 5736; x_wconf 77' lang='lat' dir='ltr'><strong>in</strong></span> <span class='ocrx_word' id='word_1_773' title='bbox 1224 5677 1389 5734; x_wconf 85' lang='lat' dir='ltr'><strong>opere</strong></span> <span class='ocrx_word' id='word_1_774' title='bbox 1439 5662 1547 5718; x_wconf 81' lang='lat' dir='ltr'><strong>Pro</strong></span> <span class='ocrx_word' id='word_1_775' title='bbox 1598 5661 1780 5754; x_wconf 19' lang='lat' dir='ltr'><strong>SS.”</strong></span> 
     </span>
    </p>
   </div>
   <div class='ocr_carea' id='block_1_105' title="bbox 141 5729 481 5800">
    <p class='ocr_par' dir='ltr' id='par_1_105' title="bbox 141 5729 481 5800">
     <span class='ocr_line' id='line_1_105' title="bbox 141 5729 481 5800; baseline 0.009 -18"><span class='ocrx_word' id='word_1_776' title='bbox 141 5729 481 5800; x_wconf 71' lang='lat' dir='ltr'><strong>imaginibus.</strong></span> 
     </span>
    </p>
   </div>
   <div class='ocr_carea' id='block_1_106' title="bbox 1812 4653 3385 4725">
    <p class='ocr_par' dir='ltr' id='par_1_106' title="bbox 1812 4653 3385 4725">
     <span class='ocr_line' id='line_1_106' title="bbox 1812 4653 3385 4725; baseline 0 -14"><span class='ocrx_word' id='word_1_777' title='bbox 1812 4670 2063 4711; x_wconf 83' lang='lat' dir='ltr'><strong>occasum</strong></span> <span class='ocrx_word' id='word_1_778' title='bbox 2099 4654 2335 4708; x_wconf 86' lang='lat' dir='ltr'><strong>decidui.</strong></span> <span class='ocrx_word' id='word_1_779' title='bbox 2374 4653 2629 4709; x_wconf 87' lang='lat' dir='ltr'><strong>Fortasse</strong></span> <span class='ocrx_word' id='word_1_780' title='bbox 2663 4655 2858 4724; x_wconf 85' lang='lat' dir='ltr'><strong>aliquis</strong></span> <span class='ocrx_word' id='word_1_781' title='bbox 2903 4656 3063 4710; x_wconf 87' lang='lat' dir='ltr'><strong>aliter</strong></span> <span class='ocrx_word' id='word_1_782' title='bbox 3086 4656 3385 4725; x_wconf 83' lang='lat' dir='ltr'><strong>explanans</strong></span> 
     </span>
    </p>
   </div>
   <div class='ocr_carea' id='block_1_107' title="bbox 1816 4746 3386 4817">
    <p class='ocr_par' dir='ltr' id='par_1_107' title="bbox 1816 4746 3386 4817">
     <span class='ocr_line' id='line_1_107' title="bbox 1816 4746 3386 4817; baseline 0.001 -14"><span class='ocrx_word' id='word_1_783' title='bbox 1816 4749 1979 4811; x_wconf 92' lang='lat' dir='ltr'><strong>dicet,</strong></span> <span class='ocrx_word' id='word_1_784' title='bbox 2035 4762 2337 4817; x_wconf 86' lang='lat' dir='ltr'><strong>congruere</strong></span> <span class='ocrx_word' id='word_1_785' title='bbox 2363 4746 2634 4817; x_wconf 67' lang='lat' dir='ltr'><strong>parabolas</strong></span> <span class='ocrx_word' id='word_1_786' title='bbox 2684 4748 3047 4817; x_wconf 82' lang='lat' dir='ltr'><strong>signiﬁcatum</strong></span> <span class='ocrx_word' id='word_1_787' title='bbox 3085 4749 3278 4817; x_wconf 78' lang='lat' dir='ltr'><strong>priscis</strong></span> <span class='ocrx_word' id='word_1_788' title='bbox 3317 4749 3386 4804; x_wconf 89' lang='lat' dir='ltr'><strong>ab</strong></span> 
     </span>
    </p>
   </div>
   <div class='ocr_carea' id='block_1_108' title="bbox 1814 4841 3384 4912">
    <p class='ocr_par' dir='ltr' id='par_1_108' title="bbox 1814 4841 3384 4912">
     <span class='ocr_line' id='line_1_108' title="bbox 1814 4841 3384 4912; baseline -0.001 -15"><span class='ocrx_word' id='word_1_789' title='bbox 1814 4841 2135 4897; x_wconf 83' lang='lat' dir='ltr'><strong>exordiente</strong></span> <span class='ocrx_word' id='word_1_790' title='bbox 2172 4844 2368 4896; x_wconf 88' lang='lat' dir='ltr'><strong>mundo</strong></span> <span class='ocrx_word' id='word_1_791' title='bbox 2409 4856 2578 4911; x_wconf 86' lang='lat' dir='ltr'><strong>usque</strong></span> <span class='ocrx_word' id='word_1_792' title='bbox 2605 4842 2670 4896; x_wconf 90' lang='lat' dir='ltr'><strong>ad</strong></span> <span class='ocrx_word' id='word_1_793' title='bbox 2697 4842 2815 4912; x_wconf 86' lang='lat' dir='ltr'><strong>ejus</strong></span> <span class='ocrx_word' id='word_1_794' title='bbox 2863 4843 3384 4898; x_wconf 83' lang='lat' dir='ltr'><strong>consummationem</strong></span> 
     </span>
    </p>
   </div>
   <div class='ocr_carea' id='block_1_109' title="bbox 1818 4934 3386 5003">
    <p class='ocr_par' dir='ltr' id='par_1_109' title="bbox 1818 4934 3386 5003">
     <span class='ocr_line' id='line_1_109' title="bbox 1818 4934 3386 5003; baseline 0.003 -16"><span class='ocrx_word' id='word_1_795' title='bbox 1818 4934 1999 4988; x_wconf 89' lang='lat' dir='ltr'><strong>divina</strong></span> <span class='ocrx_word' id='word_1_796' title='bbox 2035 4934 2314 4989; x_wconf 88' lang='lat' dir='ltr'><strong>vocatione</strong></span> <span class='ocrx_word' id='word_1_797' title='bbox 2349 4935 2582 5003; x_wconf 83' lang='lat' dir='ltr'><strong>dignatis</strong></span> <span class='ocrx_word' id='word_1_798' title='bbox 2612 4935 2960 4999; x_wconf 89' lang='lat' dir='ltr'><strong>hominibus;</strong></span> <span class='ocrx_word' id='word_1_799' title='bbox 3008 4935 3081 4989; x_wconf 91' lang='lat' dir='ltr'><strong>ita</strong></span> <span class='ocrx_word' id='word_1_800' title='bbox 3130 4947 3189 4989; x_wconf 88' lang='lat' dir='ltr'><strong>ut</strong></span> <span class='ocrx_word' id='word_1_801' title='bbox 3227 4952 3386 4992; x_wconf 89' lang='lat' dir='ltr'><strong>mane</strong></span> 
     </span>
    </p>
   </div>
   <div class='ocr_carea' id='block_1_110' title="bbox 1823 5024 3389 5095">
    <p class='ocr_par' dir='ltr' id='par_1_110' title="bbox 1823 5024 3389 5095">
     <span class='ocr_line' id='line_1_110' title="bbox 1823 5024 3389 5095; baseline 0.003 -17"><span class='ocrx_word' id='word_1_802' title='bbox 1823 5025 1996 5078; x_wconf 87' lang='lat' dir='ltr'><strong>vocati</strong></span> <span class='ocrx_word' id='word_1_803' title='bbox 2059 5024 2313 5079; x_wconf 89' lang='lat' dir='ltr'><strong>dicantur</strong></span> <span class='ocrx_word' id='word_1_804' title='bbox 2369 5026 2436 5079; x_wconf 87' lang='lat' dir='ltr'><strong>ad</strong></span> <span class='ocrx_word' id='word_1_805' title='bbox 2500 5025 2780 5093; x_wconf 90' lang='lat' dir='ltr'><strong>religionis</strong></span> <span class='ocrx_word' id='word_1_806' title='bbox 2830 5039 2966 5095; x_wconf 87' lang='lat' dir='ltr'><strong>opus</strong></span> <span class='ocrx_word' id='word_1_807' title='bbox 3001 5024 3077 5078; x_wconf 93' lang='lat' dir='ltr'><strong>illi</strong></span> <span class='ocrx_word' id='word_1_808' title='bbox 3106 5026 3195 5095; x_wconf 92' lang='lat' dir='ltr'><strong>qui</strong></span> <span class='ocrx_word' id='word_1_809' title='bbox 3232 5026 3389 5082; x_wconf 87' lang='lat' dir='ltr'><strong>initio</strong></span> 
     </span>
    </p>
   </div>
   <div class='ocr_carea' id='block_1_111' title="bbox 1818 5113 3391 5185">
    <p class='ocr_par' dir='ltr' id='par_1_111' title="bbox 1818 5113 3391 5185">
     <span class='ocr_line' id='line_1_111' title="bbox 1818 5113 3391 5185; baseline 0.002 -19"><span class='ocrx_word' id='word_1_810' title='bbox 1818 5116 1999 5168; x_wconf 87' lang='lat' dir='ltr'><strong>mundi</strong></span> <span class='ocrx_word' id='word_1_811' title='bbox 2038 5115 2182 5185; x_wconf 84' lang='lat' dir='ltr'><strong>jusle</strong></span> <span class='ocrx_word' id='word_1_812' title='bbox 2234 5115 2534 5170; x_wconf 83' lang='lat' dir='ltr'><strong>vixerunt:</strong></span> <span class='ocrx_word' id='word_1_813' title='bbox 2571 5115 2806 5169; x_wconf 84' lang='lat' dir='ltr'><strong>secundo</strong></span> <span class='ocrx_word' id='word_1_814' title='bbox 2877 5113 2996 5169; x_wconf 91' lang='lat' dir='ltr'><strong>loco</strong></span> <span class='ocrx_word' id='word_1_815' title='bbox 3062 5114 3250 5170; x_wconf 85' lang='lat' dir='ltr'><strong>Enoclt</strong></span> <span class='ocrx_word' id='word_1_816' title='bbox 3325 5130 3391 5169; x_wconf 87' lang='lat' dir='ltr'><strong>ac</strong></span> 
     </span>
    </p>
   </div>
   <div class='ocr_carea' id='block_1_112' title="bbox 1815 5204 3388 5262">
    <p class='ocr_par' dir='ltr' id='par_1_112' title="bbox 1815 5204 3388 5262">
     <span class='ocr_line' id='line_1_112' title="bbox 1815 5204 3388 5262; baseline 0.001 -4"><span class='ocrx_word' id='word_1_817' title='bbox 1815 5204 1970 5260; x_wconf 83' lang='lat' dir='ltr'><strong>Noe:</strong></span> <span class='ocrx_word' id='word_1_818' title='bbox 2002 5209 2158 5262; x_wconf 86' lang='lat' dir='ltr'><strong>tertia</strong></span> <span class='ocrx_word' id='word_1_819' title='bbox 2216 5206 2347 5260; x_wconf 90' lang='lat' dir='ltr'><strong>hora</strong></span> <span class='ocrx_word' id='word_1_820' title='bbox 2395 5206 2738 5261; x_wconf 85' lang='lat' dir='ltr'><strong>Abrahamus</strong></span> <span class='ocrx_word' id='word_1_821' title='bbox 2768 5225 2784 5261; x_wconf 89' lang='lat'><strong>:</strong></span> <span class='ocrx_word' id='word_1_822' title='bbox 2820 5217 2972 5261; x_wconf 82' lang='lat' dir='ltr'><strong>sexta</strong></span> <span class='ocrx_word' id='word_1_823' title='bbox 3032 5208 3159 5262; x_wconf 89' lang='lat' dir='ltr'><strong>hora</strong></span> <span class='ocrx_word' id='word_1_824' title='bbox 3214 5206 3388 5260; x_wconf 82' lang='lat' dir='ltr'><strong>Moses</strong></span> 
     </span>
    </p>
   </div>
   <div class='ocr_carea' id='block_1_113' title="bbox 1813 5296 3388 5367">
    <p class='ocr_par' dir='ltr' id='par_1_113' title="bbox 1813 5296 3388 5367">
     <span class='ocr_line' id='line_1_113' title="bbox 1813 5296 3388 5367; baseline 0.002 -15"><span class='ocrx_word' id='word_1_825' title='bbox 1813 5305 1866 5352; x_wconf 90' lang='lat' dir='ltr'><strong>et</strong></span> <span class='ocrx_word' id='word_1_826' title='bbox 1920 5296 2085 5352; x_wconf 85' lang='lat' dir='ltr'><strong>Josue</strong></span> <span class='ocrx_word' id='word_1_827' title='bbox 2132 5314 2197 5352; x_wconf 88' lang='lat' dir='ltr'><strong>ac</strong></span> <span class='ocrx_word' id='word_1_828' title='bbox 2246 5299 2456 5367; x_wconf 89' lang='lat' dir='ltr'><strong>judices</strong></span> <span class='ocrx_word' id='word_1_829' title='bbox 2494 5313 2510 5352; x_wconf 90' lang='lat'><strong>:</strong></span> <span class='ocrx_word' id='word_1_830' title='bbox 2552 5315 2693 5354; x_wconf 89' lang='lat' dir='ltr'><strong>nona</strong></span> <span class='ocrx_word' id='word_1_831' title='bbox 2749 5300 2878 5353; x_wconf 89' lang='lat' dir='ltr'><strong>hora</strong></span> <span class='ocrx_word' id='word_1_832' title='bbox 2936 5300 3182 5354; x_wconf 87' lang='lat' dir='ltr'><strong>homines</strong></span> <span class='ocrx_word' id='word_1_833' title='bbox 3230 5310 3388 5355; x_wconf 60' lang='lat' dir='ltr'><strong>astate</strong></span> 
     </span>
    </p>
   </div>
   <div class='ocr_carea' id='block_1_114' title="bbox 1811 5391 3387 5462">
    <p class='ocr_par' dir='ltr' id='par_1_114' title="bbox 1811 5391 3387 5462">
     <span class='ocr_line' id='line_1_114' title="bbox 1811 5391 3387 5462; baseline 0.004 -21"><span class='ocrx_word' id='word_1_834' title='bbox 1811 5391 2192 5459; x_wconf 81' lang='lat' dir='ltr'><strong>prophetarum</strong></span> <span class='ocrx_word' id='word_1_835' title='bbox 2227 5407 2241 5444; x_wconf 90' lang='lat'><strong>:</strong></span> <span class='ocrx_word' id='word_1_836' title='bbox 2284 5391 2517 5460; x_wconf 79' lang='lat' dir='ltr'><strong>denique</strong></span> <span class='ocrx_word' id='word_1_837' title='bbox 2569 5393 2853 5447; x_wconf 86' lang='lat' dir='ltr'><strong>undecima</strong></span> <span class='ocrx_word' id='word_1_838' title='bbox 2881 5391 3015 5445; x_wconf 83' lang='lat' dir='ltr'><strong>hora</strong></span> <span class='ocrx_word' id='word_1_839' title='bbox 3043 5391 3121 5445; x_wconf 91' lang='lat' dir='ltr'><strong>illi</strong></span> <span class='ocrx_word' id='word_1_840' title='bbox 3143 5392 3236 5462; x_wconf 92' lang='lat' dir='ltr'><strong>qui</strong></span> <span class='ocrx_word' id='word_1_841' title='bbox 3263 5401 3387 5462; x_wconf 88' lang='lat' dir='ltr'><strong>post</strong></span> 
     </span>
    </p>
   </div>
   <div class='ocr_carea' id='block_1_115' title="bbox 1812 5593 3383 5673">
    <p class='ocr_par' dir='ltr' id='par_1_115' title="bbox 1812 5593 3383 5673">
     <span class='ocr_line' id='line_1_115' title="bbox 1812 5593 3383 5673; baseline 0.006 -28"><span class='ocrx_word' id='word_1_842' title='bbox 1812 5593 1849 5645; x_wconf 55' lang='grc' dir='ltr'><strong>θ’</strong></span> <span class='ocrx_word' id='word_1_843' title='bbox 1886 5594 1997 5673; x_wconf 68' lang='grc'><strong>(65)</strong></span> <span class='ocrx_word' id='word_1_844' title='bbox 2035 5594 2276 5673; x_wconf 63' lang='lat' dir='ltr'><strong>Sequens</strong></span> <span class='ocrx_word' id='word_1_845' title='bbox 2315 5594 2679 5673; x_wconf 69' lang='lat' dir='ltr'><strong>[ragmentum</strong></span> <span class='ocrx_word' id='word_1_846' title='bbox 2703 5598 2972 5673; x_wconf 71' lang='lat' dir='ltr'><strong>usquead</strong></span> <span class='ocrx_word' id='word_1_847' title='bbox 3006 5597 3304 5673; x_wconf 71' lang='grc' dir='ltr'>ἀνεφέρετο</span> <span class='ocrx_word' id='word_1_848' title='bbox 3330 5598 3383 5656; x_wconf 90' lang='lat' dir='ltr'><strong>iu</strong></span> 
     </span>
    </p>
   </div>
   <div class='ocr_carea' id='block_1_116' title="bbox 1813 5667 3098 5742">
    <p class='ocr_par' dir='ltr' id='par_1_116' title="bbox 1813 5667 3098 5742">
     <span class='ocr_line' id='line_1_116' title="bbox 1813 5667 3098 5742; baseline 0.005 -19"><span class='ocrx_word' id='word_1_849' title='bbox 1813 5668 1999 5724; x_wconf 85' lang='lat' dir='ltr'><strong>codice</strong></span> <span class='ocrx_word' id='word_1_850' title='bbox 2022 5668 2067 5722; x_wconf 85' lang='grc' dir='ltr'><strong>Δ</strong></span> <span class='ocrx_word' id='word_1_851' title='bbox 2095 5668 2289 5725; x_wconf 88' lang='lat' dir='ltr'><strong>dicitur</strong></span> <span class='ocrx_word' id='word_1_852' title='bbox 2312 5667 2527 5726; x_wconf 86' lang='lat' dir='ltr'><strong>Eusebii</strong></span> <span class='ocrx_word' id='word_1_853' title='bbox 2556 5668 2718 5725; x_wconf 88' lang='lat' dir='ltr'><strong>simul</strong></span> <span class='ocrx_word' id='word_1_854' title='bbox 2742 5667 3098 5742; x_wconf 31' lang='lat' dir='ltr'><strong>et’Origenis.</strong></span> 
     </span>
    </p>
   </div>
  </div>
